3934 6318
256 270 358 327 281

1088 264 1641 329 COMMENTARIUS
1681 264 1750 321 ιΝ
1787 265 2195 325 MALACHIAM
2234 264 2681 325 PROPHBTAM.

3415 268 3522 327 182

258 401 363 440 σοι.
398 403 418 436 ι
443 382 603 436 Ἔστι
646 380 777 453 γὰρ,
812 381 957 435 εστιν
992 382 1255 437 ἀκούοντά
1296 399 1418 436 τινα
1453 384 1587 454 μηδὲ
1618 384 1847 437 ἀκοῦσαι

1959 388 2185 442 tlientem
2206 394 2393 456 putare
2437 401 2543 439 non
2601 381 3014 446 audivisse,nisi
3058 389 3290 437 mentem
3352 384 3515 437 verba

254 478 455 540 δοκεῖν,
485 476 537 529 εἰ
584 475 661 546 μὴ
694 475 949 531 ἀπτοιντο
999 478 1097 547 μὲν
1138 478 1374 541 διανοίας
1423 481 1473 532 oi
1518 479 1685 548 λόγοι,
1714 480 1848 533 ἀπο-

256 569 491 632 πτάντες
519 568 577 621 δὲ
620 568 809 639 ὥσπερ
851 570 952 639 τῆς
991 570 1084 623 τοῦ
1122 571 1370 639 λέγοντος
1414 573 1680 645 γλώττης,
1729 570 1847 629 εἶτα

260 660 432 731 μόνην
460 660 944 731 πῳσαρῤἀξαντες
981 662 1079 734 τὴν
1104 664 1196 716 τοῦ
1225 664 1515 728 ἀκούοντος
1547 666 1737 735 ἀκοὴν,
1765 666 1848 717 εί-

260 753 437 814 καίοις
470 752 529 811 ὲν
564 752 667 823 ἴσῳ
695 753 1138 821 καταλογισθεϊεν
1167 756 1260 808 καὶ
1294 759 1578 825 κρυπτοῖς.
1603 755 1847 809 Τοιοῦτοί

257 861 407 908 τινες
437 840 580 914 ἦσαν
612 846 739 915 περὶ
781 841 855 898 ὧν
887 844 989 914 ἔφη
1021 863 1106 909 τις
1152 846 1261 898 τῶν
1313 847 1483 915 ἀγίων
1516 849 1807 918 προφητῶν
1829 867 1843 883 ·

255 951 274 983 ι
306 932 441 986 Ἰδοὺ
485 932 612 996 λαὸς
643 933 843 1002 μωρὸς,
882 934 976 986 καὶ
1025 934 1303 1005 ἀκάρδιος,
1334 935 1600 1005 ὀφθαλμοὶ
1643 937 1845 1005 αὐτοῖς,

261 1025 356 1079 καὶ
393 1024 457 1079 οὐ
500 1024 820 1094 βλέπουσιν·
851 1018 965 1078 ῶτα
992 1026 1197 1089 αὐτοῖς,
1230 1027 1324 1079 καὶ
1368 1026 1469 1080 οὐκ
1516 1028 1793 1084 ἀκούουσι.
1824 1050 1842 1084 ι

261 1116 562 1187 Παρεγγυᾷ
594 1115 885 1187 τοιγαροῦν
912 1116 1227 1183 ἀναγκαίως
1252 1119 1279 1170 ὀ
1306 1120 1619 1189 προφήτης,
1652 1121 1843 1188 λέγων·

269 1226 288 1265 ι
317 1206 491 1260 Θέσθε
517 1207 581 1278 δὴ
610 1209 702 1261 ἐπὶ
748 1207 848 1271 τὰς
896 1210 1122 1280 καρδίας
1156 1208 1331 1274 ὑμῶν·
1366 1228 1384 1259 ι
1418 1214 1733 1277 τουτέστιν,
1769 1214 1849 1276 είς

262 1296 390 1353 νοῦν
442 1298 551 1352 ἔσω
594 1300 689 1353 καὶ
734 1300 959 1371 καρδίαν
1006 1302 1132 1365 τοὺς
1185 1301 1362 1365 θείους
1408 1304 1848 1375 ἐναποτιθέμενοι

264 1388 479 1457 λόγους,
518 1392 611 1444 καὶ
660 1390 768 1445 τῶν
816 1391 1022 1450 ἀνωθεν
1069 1393 1561 1464 χρησμῳδημάτων
1602 1395 1850 1459 συνέντες

264 1482 365 1551 τὴν
412 1481 662 1552 δύναμιν,
718 1484 1064 1537 συναινέσατε
1112 1484 1367 1548 πάντως·
1407 1486 1537 1548 «Ὧς
1589 1487 1849 1556 ἠγάπησα

270 1573 370 1641 μὲν
404 1573 584 1643 ὑμᾶς,
615 1572 762 1641 λέγει
807 1573 1011 1644 Κύριος
1034 1615 1048 1637 ,
1080 1594 1098 1627 ›
1135 1575 1346 1643 ἠξίωσά
1372 1592 1431 1627 τε
1467 1575 1685 1646 ἀπάσης
1712 1580 1849 1647 ἡμεο

271 1665 515 1733 ρότητος,
564 1664 658 1717 καὶ
703 1664 950 1733 φειδοῦς,
1006 1666 1099 1719 καὶ
1146 1666 1245 1735 τῆς
1294 1669 1408 1729 τοῖς
1464 1667 1849 1737 ἀγαπωμένοις

1956 480 2541 548 tetigerintzalingua
2601 478 2743 531 enim
2801 474 3070 544 loquentis
3123 474 3416 539 avolantia,
3467 484 3523 535 et

1954 570 2097 624 solas
2120 570 2574 625 audientesaures
2608 568 2950 623 verberantia
3007 568 3159 621 vanis
3217 567 3412 621 merito
3459 581 3523 621 ac

1954 678 2060 717 non
2115 662 2337 731 prolatis
2359 662 2553 716 similia
2568 661 2897 728 iudicentur.
2929 658 3098 725 Hujus
3130 658 3342 725 generis
3368 667 3523 710 erant

1955 754 2288 817 nonnulli,de
2309 755 2502 822 quibus
2523 753 2737 821 quidam
2771 761 3080 805 sanctorum
3102 750 3520 819 prophetarum:

1960 865 1978 897 ι
2022 846 2159 900 Ecce
2195 847 2421 915 p0pulus
2448 845 2663 908 stultus,
2698 853 2753 897 et
2783 842 2898 897 sine
2958 841 3161 895 corde:
3232 841 3372 895 oeuli
3419 841 3521 907 eis,

1952 946 2125 991 etnon
2154 937 2358 999 vident,
2387 950 2549 989 aures
2571 935 2669 1000 eis,
2691 942 2745 986 et
2770 948 2875 987 non
2906 931 3130 985 audiunt
3158 930 3229 984 ‘5.
3256 950 3274 982 ι
3305 930 3521 984 Hortari

1954 1029 2137 1097 itaque
2169 1028 2484 1096 prophetam
2539 1038 2764 1080 necesse
2846 1022 2986 1078 fuit:
3041 1041 3058 1073 ι
3096 1021 3285 1075 Ponite
3362 1036 3526 1088 super

1954 1123 2116 1175 corda
2148 1126 2347 1181 vestra,
2393 1136 2411 1170 ι
2452 1118 2551 1172 hoc
2578 1125 2684 1180 est,
2716 1116 2855 1169 intra
2916 1114 3155 1168 animum
3210 1122 3263 1166 et
3288 1128 3383 1165 cor
3440 1113 3524 1165 di-

1956 1212 2076 1266 vina
2110 1212 2269 1264 verba
2304 1219 2647 1278 reponentes,
2672 1219 3142 1278 supernorumque
3172 1204 3524 1259 oraculorum

1953 1306 2062 1358 vim
2112 1300 2882 1372 intelligentes,assentiamini
2933 1300 3128 1368 plane:
3177 1315 3195 1348 ι
3255 1295 3522 1361 Quoniam

1955 1398 2116 1453 dilexi
2150 1412 2267 1459 vos,
2300 1397 2429 1450 dicit
2458 1396 2737 1456 Dominus,
2773 1412 2793 1445 ι
2819 1391 3075 1459 omnique
3114 1386 3524 1442 mansuetudine

1954 1498 2009 1542 et
2038 1486 2383 1557 indulgentia,
2410 1495 2465 1539 et
2511 1500 2638 1540 cura
2671 1483 2873 1547 sedula,
2911 1496 3030 1551 quae
3057 1478 3269 1535 dilectis
3299 1477 3524 1529 adhibe-

1956 1582 1999 1635 ri
2031 1581 2187 1647 solet,
2212 1580 2462 1649 dignatus
2490 1591 2627 1631 sum.
2669 1575 2782 1630 Hoc
2812 1584 2990 1628 autem
3044 1586 3259 1626 rursum
3293 1568 3527 1623 meritis-

1956 1672 2093 1727 simo
2149 1671 2254 1724 illis
2278 1670 2591 1739 exprobrat,
2616 1666 2757 1736 quod
2799 1666 2899 1719 sibi
2947 1680 3044 1733 pro
3072 1663 3229 1716 bonis
3269 1660 3402 1712 mala
3436 1673 3526 1711 re-

269 1754 588 1823 πρεπούσης
631 1754 959 1824 φιλοτιμίας.
992 1756 1163 1809 Τοῦτο
1208 1757 1265 1809 δὲ
1317 1752 1382 1811 αὖ
1420 1753 1479 1810 εὖ
1532 1759 1678 1828 μάλα
1723 1777 1855 1812 κατ-

1959 1763 2264 1826 tribuerint,
2283 1777 2424 1823 cum,
2459 1769 2515 1812 ut
2541 1760 2805 1812 charitate
2851 1754 3076 1823 dignati,
3129 1752 3368 1807 vicissim
3401 1764 3523 1803 eum

271 1845 621 1909 ονειδίζοντος
648 1848 744 1916 μὲν
765 1887 779 1909 ,
822 1847 897 1911 ὡς
926 1847 1138 1918 πονηρὰ
1185 1849 1306 1901 ἀντὶ
1336 1848 1559 1917 ἀγαθῶν
1582 1850 1850 1903 ἀπέδοσαν

270 1936 417 2005 αὐτῷ
441 1977 457 2001 ,
511 1938 685 1990 καίτοι
733 1937 870 2001 δέον,
903 1940 977 2001 ὡς
1022 1939 1243 2009 ἀγάπης
1273 1940 1627 2009 ἠξιωμένους,
1665 1943 1852 1994 ἀντευ-

268 2026 518 2093 φραίνειν
542 2030 662 2091 ταῖς
688 2029 1005 2091 ἐπιεικείαις
1046 2031 1137 2082 κα)⁸
1165 2033 1285 2094 ταῖς
1307 2033 1385 2093 είς
1409 2034 1518 2085 πᾶν
1543 2033 1719 2085 ὁτιοῦν
1744 2032 1852 2087 τῶν

271 2118 606 2171 ἀνδανόντων
634 2118 781 2189 αὑτῷ
804 2120 1058 2184 σπουδαῖς
1084 2138 1141 2174 τε
1170 2122 1265 2174 καὶ
1291 2121 1639 2191 προθυμίαις.
1656 2124 1718 2174 Εἰ
1744 2124 1851 2191 γάρ

270 2208 384 2271 ἐστι
418 2204 531 2257 τῶν
561 2206 797 2270 ἀτόπων,
832 2209 891 2260 τὸ
937 2209 1012 2279 μὴ
1068 2209 1350 2278 βούλεσθαι
1394 2214 1505 2273 τοῖς
1554 2211 1676 2264 καθ’
1706 2213 1853 2282 ἡμᾶς

272 2297 582 2354 ἀποδιδόναι
610 2298 706 2361 τὰς
730 2298 1068 2373 ὀφειλάς,τίς
1100 2300 1165 2354 ἂν
1192 2302 1401 2368 γένοιτο
1430 2302 1585 2370 λόγος
1607 2303 1699 2355 ἐπὶ
1718 2301 1851 2355 Θεοῦ

271 2389 362 2441 τοῦ
392 2390 571 2443 πάντα
597 2391 727 2460 ἡμῖν
754 2392 1023 2455 πλουσίως
1064 2394 1407 2463 διανέμοντος
1438 2397 1504 2447 τά
1536 2394 1669 2463 πρὸς
1695 2393 1855 2449 εὐθυφ

278 2481 426 2549 μίαν,
459 2482 507 2532 εί
544 2482 618 2551 μὴ
650 2482 887 2551 βούλοιτό
913 2501 1015 2547 τις
1055 2486 1344 2538 ἀντιτίνειν
1373 2486 1521 2555 αὑτῷ
1553 2486 1660 2539 τῶν
1692 2486 1854 2538 δεδω-

276 2574 530 2640 ρημένων
554 2574 653 2637 τὰς
678 2575 939 2644 ἀμοιόἀς;
972 2578 1023 2628 εί.
1054 2578 1147 2629 και¹
1174 2578 1255 2629 ὅτι
1298 2577 1529 2646 μάλιστα
1558 2578 1756 2648 πρέποι
1787 2576 1853 2630 ἂν

1956 1856 2242 1926 probitate,
2272 1863 2319 1908 et
2352 1852 2548 1917 studio,
2609 1851 3000 1917 alacritateque
3065 1846 3130 1900 ad
3186 1844 3363 1898 omnia
3424 1841 3524 1908 ipsi

1956 1957 2172 2015 accepta
2213 1946 2481 1999 delectare
2513 1944 2790 1997 deberent.
2819 1940 2873 1994 Si
2923 1939 3065 1994 enim
3117 1935 3407 1990 absurdum
3442 1942 3528 1987 est

1957 2047 2162 2093 natura:
2193 2046 2389 2092 nostrae
2413 2035 2754 2090 consortibus
2792 2041 3049 2103 praestare
3095 2028 3236 2083 nolle
3270 2026 3409 2095 quod
3435 2024 3528 2077 de-

1957 2127 2106 2189 beas,
2140 2125 2265 2193 quid
2291 2139 2453 2193 super
2478 2123 2585 2177 Deo
2617 2118 3082 2188 respondebimus,
3116 2116 3206 2184 qui
3233 2112 3385 2167 nobis
3410 2126 3527 2164 om-

1959 2216 2047 2269 nia
2076 2214 2142 2268 ad
2169 2214 2563 2284 jucunditatem
2598 2210 2921 2280 pertinentia
2960 2206 3294 2259 abundanter
3326 2200 3528 2255 submi-

1959 2304 2174 2368 nistrat,
2209 2304 2416 2359 sidona
2446 2302 2602 2357 donis
2644 2316 2755 2355 non
2788 2294 3229 2369 rependerimus?
3260 2290 3528 2359 siquidem

1960 2410 2089 2450 sana
2116 2405 2295 2451 mente
2314 2409 2497 2448 revera
2529 2394 2780 2463 praeditos
2812 2391 3050 2444 maxime
3098 2388 3252 2442 decet
3286 2384 3413 2437 illud
3444 2380 3527 2433 di-

1958 2500 2122 2541 cere:
2160 2504 2177 2536 ι
2213 2485 2349 2551 Quid
2386 2485 2677 2538 retribuam
2714 2481 2966 2545 Domino,
3007 2493 3103 2548 pro
3131 2475 3383 2531 omnibus
3406 2486 3528 2540 quae

1962 2576 2209 2630 retribuit
2226 2575 2357 2629 mihi
2393 2574 2476 2627 "?
2506 2592 2525 2625 ι

275 2668 448 2717 ἐκεῖνο
501 2666 678 2734 λέγειν
742 2670 854 2730 τοῖς
888 2684 952 2735 γε
1022 2668 1233 2738 ἀληθῶς
1301 2669 1623 2740 ἀρτίφρων
1678 2688 1697 2722 ι
1729 2668 1793 2722 Τί
1853 2667 2216 2723 ἀνταποδώσω
2265 2667 2343 2739 τῷ
2389 2667 2576 2738 Κυρίῳ
2620 2664 2748 2737 περὶ
2797 2663 3013 2717 πάντων
3057 2656 3132 2716 ὧν
3180 2652 3527 2712 ἀνταπέδωκέ

279 2775 456 2827 μοις»

344 2850 458 2901 Καὶ
503 2850 741 2901 εἴπατε·
802 2851 898 2903 Ἐν
948 2854 1063 2905 τίνι
1116 2853 1438 2921 ἠγάπησας
1487 2854 1681 2922 ἡμᾶς
1732 2855 1854 2907 Οὐκ

276 2938 534 3005 ἀδελφὸς
560 2935 636 3007 ἦν
673 2937 855 2992 Ἡσαῦ
890 2940 994 2992 τοῦ
1039 2940 1261 3004 Ἰακὼϐ,
1286 2941 1447 3009 λέγει
1489 2943 1724 3008 Κύριος,
1754 2939 1853 2993 καὶ

276 3030 562 3095 ἠγάπησα
614 3029 722 3082 τὸν
765 3030 998 3094 Ἰακὼϐ,
1048 3031 1156 3084 τὸν
1198 3032 1267 3083 δὲ
1316 3031 1505 3087 Ἠσαῦ
1554 3033 1853 3101 ἐμίσησαξ
1881 3009 1922 3066 C

278 3122 374 3171 καὶ
410 3119 595 3182 ἔταξα
626 3119 696 3173 τὰ
733 3119 864 3187 ὅρια
896 3120 1082 3173 αὐτοῦ
1120 3124 1206 3187 εὶς
1236 3123 1600 3191 ἀφανισμὸν,
1621 3122 1717 3175 καὶ
1742 3124 1856 3189 τὴν

277 3215 683 3280 κληρονομίαν
710 3214 896 3267 αὐτοῦ
924 3216 1008 3278 εἰς
1032 3214 1267 3282 δώματα
1292 3216 1536 3283 ἐρήμου.

346 3304 419 3358 Δ’.
475 3304 829 3374 Ἐπλήττοντο
875 3306 973 3373 μὲν
1017 3304 1258 3359 Ἰουδαῖοι
1305 3307 1445 3359 κατά
1489 3306 1713 3377 καιροὺς
1740 3308 1854 3369 τοῖς

277 3397 340 3449 ἐκ
371 3396 518 3458 θείας
548 3397 715 3467 ὀργῆς
748 3398 1122 3465 συμϐαίνουσι,
1151 3400 1499 3469 πολυτρόπως
1530 3400 1853 3468 δεδυσσεόη-

278 3486 774 3549 κότες.⁶Απώθοντο
801 3488 909 3558 γὰρ
952 3491 1031 3552 είς
1063 3490 1457 3560 αἰχμαλωσίας,
1491 3488 1854 3561 καταδηωθεί-

278 3594 377 3647 aq;
421 3578 602 3640 αὐτοῖς
647 3581 745 3646 τῆς
793 3578 995 3650 χώρας,
1028 3581 1192 3633 οἴκων
1239 3598 1296 3633 τε
1328 3580 1730 3650 ἡρημωμένων,
1763 3578 1854 3629 καὶ

277 3670 410 3739 ὁμοῦ
440 3669 545 3723 τῶν
572 3671 729 3723 θείων
754 3672 897 3725 ναῶν
925 3672 1458 3743 κατεμπρησθέντων
1484 3672 1590 3723 τῶν
1622 3671 1852 3739 Ἰεροσο-

276 3760 483 3828 λύμων.
514 3762 789 3831 Προφάσει
819 3763 874 3815 δὲ
905 3763 996 3815 τοῦ
1031 3766 1097 3817 τὰ
1121 3765 1300 3816 τοιάδε
1334 3764 1524 3816 παθεῖν
1559 3764 1772 3825 αὐτοὺς,
1796 3764 1855 3816 τὸ

280 3855 575 3924 ἁποφοιτᾷν
610 3855 826 3907 ἑλέσθαι
857 3855 1037 3925 [φησὶ]
1069 3857 1163 3924 τῆς
1201 3855 1553 3924 γνησιότητος
1582 3858 1682 3925 τῆς
1719 3854 1856 3924 πρὸς

278 3946 432 4007 Θεὸν,
456 3948 550 3997 καὶ
570 3945 749 4013 ὀλίγου
776 3946 1052 4007 παντελῶς
1068 3946 1198 4009 ἀξιῶ
1208 3963 1290 3997 σαι
1310 3947 1469 4012 λόγου
1486 3946 1581 4016 τὴν
1603 3948 1681 4008 εἰς
1693 3946 1855 4015 νόμον

281 4036 429 4089 αἰδώ.
450 4037 666 4107 Ἐπειδὴ
712 4036 891 4089 τοίνυν
941 4038 1223 4105 ἀγαπῆσαι
1253 4038 1503 4104 λέγοντος
1532 4039 1733 4100 αὐτοὺς
1759 4038 1853 4090 τοῦ

279 4127 437 4190 Θεοῦ,
465 4129 558 4180 καὶ
589 4128 791 4199 σφόδρα
825 4145 890 4195 γε
932 4124 998 4199 ἦν
1034 4129 1177 4191 εἰκὸς
1209 4130 1315 4181 τῶν
1342 4130 1439 4198 τῆς
1478 4129 1856 4199 αἰχμαλωσίας

279 4218 680 4288 διαμεμνῆσθαι
715 4219 920 4281 κακῶν,
960 4219 1121 4286 φάναι
1156 4237 1211 4270 τε
1246 4220 1386 4272 οῦτω
1415 4221 1573 4289 τυχὸν
1604 4221 1685 4285 τὸ,
1726 4239 1743 4271 ι
1768 4222 1855 4273 Ἐν

2032 2846 2195 2903 Vsus.
2222 2848 2275 2902 5.
2309 2848 2374 2901 Et
2393 2849 2599 2902 dixistis
2630 2862 2649 2899 :
2704 2845 2771 2899 In
2801 2861 2902 2914 quo
2925 2841 3158 2896 dilexisti
3187 2856 3279 2895 nos
3302 2842 3327 2893 .9
3375 2838 3528 2894 Non-

1961 2959 2023 2996 ne
2053 2942 2194 2996 Esau
2218 2952 2328 2996 erat
2365 2942 2528 3010 frater
2549 2939 2715 2994 Iacob
2739 2941 2764 2995 .’
2785 2938 2912 2990 dicit
2943 2935 3219 2998 Dominus,
3286 2944 3334 2987 et
3358 2933 3527 2986 dilexi

1959 3034 2212 3099 Jacob,et
2234 3032 2378 3088 Esau
2406 3035 2523 3087 odio
2554 3033 2755 3086 habui?
2786 3030 2851 3084 Et
2886 3032 3035 3100 posui
3079 3029 3324 3082 terminos
3342 3027 3455 3095 ejus
3475 3027 3529 3077 in

1955 3127 2350 3192 desolationem,
2378 3135 2424 3181 et
2448 3125 2804 3179 Itwreditatem
2841 3124 2952 3190 ejus
2986 3121 3043 3174 in
3075 3120 3256 3173 domos
3288 3117 3528 3172 solitudi-

1956 3221 2056 3272 nis.
2654 3217 2659 3222 ’

2026 3310 2112 3364 IV.
2152 3309 2601 3365 Perculiebantur
2642 3306 2931 3376 aliquando
2993 3302 3161 3357 Judaei
3217 3300 3284 3355 ab
3318 3299 3528 3354 infenso

1956 3403 2086 3466 Deo,
2112 3419 2230 3457 cum
2260 3404 2444 3457 multis
2462 3416 2519 3456 se
2552 3400 2918 3469 impietatibus
2954 3397 3395 3451 obstrinxissent.
3424 3392 3529 3445 Va-

1955 3504 2092 3549 stata
2117 3494 2259 3548 enim
2298 3508 2484 3548 eorum
2516 3500 2683 3553 terra,
2725 3490 2919 3560 captivi
2946 3489 3321 3557 abigebantur,
3357 3486 3529 3536 domi-

1956 3586 2055 3639 bus
2074 3586 2386 3648 cxiuanitis,
2406 3594 2457 3638 et
2489 3583 2871 3651 Hierusolymis
2901 3596 3004 3633 una
3030 3594 3152 3633 cum
3184 3579 3362 3631 divino
3396 3586 3528 3628 tem-

1957 3675 2042 3743 plo
2067 3674 2323 3729 crematis
2350 3675 2415 3725 ⁸³.
2463 3673 2629 3742 820
2667 3672 2816 3736 Quod
2885 3681 3065 3721 autem
3122 3670 3221 3719 ista
3284 3664 3525 3733 perpessi

1956 3762 2203 3827 fuissent,
2239 3762 2361 3815 inde
2380 3762 2611 3830 legitima
2635 3774 2759 3826 erga
2796 3760 2958 3811 Deum
3003 3756 3308 3816 deserendi,
3363 3764 3414 3806 et
3444 3770 3529 3805 re-

1957 3855 2251 3907 verentiam
2283 3854 2420 3921 legis
2444 3852 2593 3920 parvi
2628 3850 2848 3905 omnino
2871 3847 3135 3917 pendendi
3180 3846 3523 3900 occasionem

1957 3946 2305 4015 arripiebant.
2337 3944 2471 4010 Quia
2502 3943 2664 4011 igitur
2690 3942 2897 3995 dicente
2920 3939 3051 4004 Deo,
3070 3952 3127 3994 se
3157 3938 3274 3993 illos
3304 3938 3526 3992 dilexis-

1956 4054 2037 4102 se,
2083 4044 2135 4090 ct
2166 4037 2317 4090 valde
2358 4035 2570 4104 quidem
2602 4032 2860 4087 credibile
2902 4042 3019 4085 erat
3043 4047 3135 4085 eos
3184 4031 3520 4083 miseriarum

1957 4128 2289 4199 captivitatis
2319 4127 2495 4181 denuo
2527 4140 2816 4188 memores,
2857 4125 2929 4177 ita
2981 4123 3211 4177 fortasse
3258 4122 3521 4186 dicturos,

1962 4241 1981 4274 ι
2020 4222 2075 4276 In
2101 4236 2206 4289 quo
2236 4218 2467 4273 dilexisti
2494 4218 2634 4271 nos?
2672 4235 2689 4267 ι
2720 4215 3138 4284 prudentissimo
3161 4213 3384 4267 consilio
3408 4214 3526 4265 uni—

278 4308 384 4359 τίνι
428 4309 717 4378 ἠγάπησας
746 4310 928 4377 ήμᾶςς
960 4327 977 4359 ι
1017 4309 1503 4379 οἰκονομικώτατος
1541 4311 1661 4363 λίαν
1690 4313 1717 4362 ὁ
1746 4310 1854 4363 τῶν

1964 4327 2237 4367 versurum
2272 4312 2412 4365 Deus
2444 4325 2563 4379 qua:
2586 4308 2895 4361 acciderant
2922 4306 3529 4374 prtetermittit,eorutn-

252 4440 253 4443 η
279 4399 413 4453 ὅλων
432 4398 584 4461 Θεὸς,
616 4398 948 4466 παριππεύει
981 4398 1078 4467 μὲν
1108 4399 1174 4450 τὰ
1205 4399 1291 4450 διὰ
1314 4399 1477 4466 μέσου
1506 4400 1855 4469 συμὸήματα,

280 4490 374 4543 καὶ
409 4489 509 4558 τὴν
549 4487 635 4538 ἐπ’
663 4489 844 4551 αὐτοῖς
872 4489 1206 4559 παρατρέχει
1233 4490 1503 4559 διήγησιν,
1537 4490 1858 4558 ἀνακομίζει

278 4598 340 4648 γε
380 4579 486 4650 μὴν
510 4578 605 4649 τὴν
638 4581 733 4648 τῆς
765 4580 986 4648 ἀγάπης
1013 4580 1283 4646 ἀπόδειξιν
1304 4581 1396 4632 ἐπὶ
1428 4579 1523 4650 τὴν
1552 4580 1645 4633 τοῦ
1669 4582 1859 4649 γένους

279 4673 475 4741 ἀρχὴν,
505 4673 646 4740 φημὶ
691 4672 754 4740 δὴ
788 4672 877 4725 τὸν
923 4671 1136 4734 Ἰακὼϐ,
1173 4672 1231 4724 ὃν
1261 4672 1543 4741 ἀγαπῆσαι
1576 4673 1671 4742 μὲν
1714 4674 1860 4742 ἰσχυ-

281 4764 506 4830 ρίζεται,
547 4763 1019 4832 κατεστυγημένον
1068 4763 1125 4814 δὲ
1160 4762 1485 4830 πεποιῆσθαι
1531 4763 1623 4814 τὸν
1662 4762 1853 4827 Ἠσαῦ,

280 4855 456 4905 καίτοι
501 4855 612 4915 τοῖς
669 4853 881 4920 φύσεως
913 4854 1099 4922 νόμοις
1130 4855 1208 4914 είς
1240 4854 1577 4923 ἀδελφότητα
1609 4854 1684 4923 τῷ
1708 4871 1853 4906 τετι-

285 4941 509 5009 μημένῳ
562 4940 1042 5010 συνδούμενον.Ὠ;
1092 4941 1201 5014 γὰρ
1251 4944 1279 4995 ὁ
1326 4942 1607 5005 θεσπέσιος
1655 4945 1854 5014 γράφει

282 5032 513 5094 Παῦλος,
554 5052 571 5082 ι
598 5034 778 5102 Μήπω
808 5034 1173 5103 γεννηθέντων
1199 5075 1212 5096 ,
1275 5034 1411 5105 μηδὲ
1454 5034 1776 5104 πραξάντων
1804 5054 1855 5088 τι

281 5124 505 5190 ἀγαθὸν,
534 5124 566 5193 ἦ
592 5122 825 5193 φαῦλον,
862 5147 879 5175 ι
912 5126 1206 5179 ἀπόλεκτον
1234 5129 1468 5179 ἐποιεῖτο
1517 5128 1608 5182 τὸν
1661 5127 1877 5187 Ἰακὼϐ,

283 5216 338 5279 ἐξ
372 5210 431 5269 οῦ
476 5216 537 5267 τὺ
568 5215 679 5268 τῶν
717 5217 983 5270 Ἰουδαίων
1014 5218 1221 5289 ἀνεφύη
1249 5219 1437 5286 γένος’
1473 5220 1770 5291 ἐκϐέϐληκε
1802 5221 1859 5274 δὲ

280 5306 369 5355 τὸν
406 5304 599 5367 Ἡσαῦ,
653 5306 741 5357 καὶ
774 5307 832 5358 οὐ
866 5307 1035 5375 δήπου
1067 5309 1247 5376 φαμὲν
1272 5309 1412 5360 κατὰ
1438 5308 1737 5377 πρόκλησιν
1775 5310 1857 5377 (οὐ

282 5396 387 5465 γὰρ
429 5395 613 5456 ἄδικος
662 5398 690 5448 ὁ
736 5396 887 5459 Θεὸς,
919 5398 1040 5450 οὔτε
1078 5400 1183 5468 μὴν
1209 5400 1389 5452 ἄνισον
1424 5400 1454 5469 ἦ
1484 5400 1773 5470 ἑτεραλκὲς
1801 5400 1859 5451 τὸ

281 5486 362 5553 'tq)’
392 5487 607 5555 ἑκάστῳ
652 5487 757 5538 τῶν
805 5489 896 5539 ἐπὶ
942 5488 1039 5557 τῆς
1080 5489 1181 5557 γῆς
1206 5489 1438 5557 διεξάγει
1470 5493 1639 5560 κρῖμα
1657 5492 1694 5560 )'
1728 5507 1859 5560 προ-

354 5655 396 5708 ὲί
424 5658 624 5713 Jerem.
652 5675 701 5724 ι’,
733 5661 818 5724 9.1.

900 5661 941 5692 δ’
973 5659 1109 5714 Psal.
1137 5678 1255 5725 cxv,
1294 5662 1369 5715 l2.
1447 5662 1490 5694 ⁸³
1524 5662 1582 5713 |\'
1618 5663 1745 5732 Reg.
1780 5681 1902 5729 xxv,
1932 5667 1962 5719 9
1995 5681 2144 5734 seqq.

1959 4421 2063 4475 que
2094 4404 2453 4459 narrationem
2486 4398 3177 4468 relinquit,di|ectionisque
3192 4396 3532 4451 demonstra.

1957 4498 2154 4551 tionem
2181 4493 2484 4561 adgeueris
2510 4505 2697 4545 eorum
2752 4489 3091 4556 principium,
3158 4486 3323 4540 Jacob
3374 4487 3531 4540 nimi-

1956 4602 2097 4649 rum,
2138 4594 2371 4650 revocat,
2397 4598 2554 4652 quem
2616 4598 2673 4635 se
2704 4581 2952 4635 dilexisse
2987 4578 3289 4643 confirmat,
3331 4579 3518 4633 odisse

1957 4688 2133 4729 autem
2174 4676 2344 4740 Esau,
2371 4674 2719 4742 quantumvis
2752 4672 2802 4726 ei
2842 4671 2933 4739 qui
2971 4670 3291 4739 diligebatur
3324 4677 3533 4724 natura

1961 4766 2183 4834 legibus,
2215 4775 2272 4817 ut
2295 4764 2478 4826 frater,
2493 4747 2779 4816 devinctus
2802 4768 2962 4815 esset.
2990 4758 3201 4811 Etenim
3231 4767 3289 4811 ut
3318 4759 3533 4810 divinus

1963 4838 2158 4910 Paulus
2184 4856 2369 4909 scribit
2400 4870 2414 4905 :
2456 4873 2473 4905 ι
2513 4854 2643 4907 Cum
2668 4852 2902 4905 nondum
2933 4851 3045 4904 nati
3078 4848 3324 4914 fuissent,
3356 4864 3531 4916 neque

1962 4947 2161 5015 aliquid
2209 4945 2331 4999 boui
2363 4945 2617 5011 egissent,
2642 4952 2735 4996 aut
2764 4942 2886 4995 mali
2914 4940 2981 5004 “,
3014 4959 3033 4992 ι
3072 4939 3237 4993 Jacob
3259 4938 3441 5004 elegit,
3494 4955 3525 4991 a

1961 5054 2068 5107 quo
2099 5036 2401 5091 Judazorum
2429 5050 2559 5105 gens
2579 5035 2842 5103 originem
2870 5032 3024 5087 duxit
3063 5049 3077 5084 :
3110 5030 3311 5100 abjeeit
3344 5041 3527 5084 autem

1955 5128 2114 5191 Esau,
2148 5141 2253 5180 non
2290 5128 2429 5195 quod
2488 5128 2554 5181 ab
2596 5140 2661 5181 eo
2711 5132 3031 5194 provocatus
3075 5132 3219 5178 esset
3259 5121 3387 5192 (non
3452 5133 3535 5176 est

1954 5221 2095 5273 enim
2129 5218 2363 5288 injustas
2407 5217 2570 5284 Dens,
2608 5230 2707 5270 nec
2743 5215 3009 5283 iniquam,
3063 5219 3156 5267 aut
3209 5212 3529 5281 ancipitem,

1954 5325 2049 5365 seu
2086 5310 2397 5363 variabilem
2445 5309 2551 5363 fert
2603 5306 2925 5361 sententiam
2974 5305 3028 5359 in
3090 5318 3533 5374 unumquemque

1957 5400 2292 5469 mortalem);
2340 5400 2432 5453 sed
2460 5413 2579 5450 cum
2614 5404 2862 5464 tanquam
2900 5394 3040 5450 Deus
3062 5396 3340 5451 amborum
3383 5393 3529 5447 futu-

1960 5504 2045 5543 ras
2080 5490 2317 5545 actiones
2348 5497 2400 5543 et
2439 5487 2715 5556 utriusque
2739 5499 2917 5542 mores
2969 5494 3291 5558 praenosset,
3344 5482 3531 5543 melio-

2225 5665 2268 5697 “
2301 5665 2454 5719 Rom.
2486 5680 2560 5721 ix.
2599 5664 2679 5719 ll.
