3934 6318
413 287 522 345 285

1407 285 1464 343 8.
1507 283 1780 341 CYBILLI
1821 281 2289 339 ALEXANDRINI
2331 281 2650 338 ARCIIIEP.

3570 281 3675 336 2536

417 423 532 462 rem
551 413 604 460 et
641 405 964 460 sanctiorem
989 404 1298 473 cmttplcxus
1323 413 1436 466 est;
1475 414 1554 468 ut,
1604 406 1833 474 exempli
1860 422 1985 459 cau-

2088 401 2341 470 εγνωκὼς
2367 401 2422 454 δέ
2449 400 2523 464 ὼς
2544 400 2676 464 Θεὸς
2702 401 2768 455 τὰ
2802 399 2932 472 παρ’
2963 396 3164 472 ἀμφοῖν
3187 397 3418 470 ἐσόμενα
3462 402 3557 452 καὶ
3583 403 3673 452 τίν

416 512 499 563 sa,
534 496 694 550 etiam
729 496 940 550 beatum
967 494 1256 548 Jeremiam
1287 497 1598 564 priusquam
1629 513 1750 551 eum
1783 499 1982 553 forma-

418 595 500 641 ret
530 586 582 638 in
623 594 802 645 utero,
836 583 1050 636 novisse
1086 597 1143 634 se
1207 582 1430 646 dicit,et
1465 585 1860 652 sanctiﬁcasse,
1889 601 1983 639 an-

416 685 629 743 tequam
656 672 723 725 de
757 670 912 723 vulva
935 671 1109 724 exiret
1135 671 1201 725 “.
1277 673 1494 727 Sciebat
1527 673 1731 740 utique,
1781 677 1988 728 sciebat

415 777 534 815 eum
575 761 891 828 prophetam
920 759 1182 822 futurum,
1211 770 1258 815 et
1291 763 1356 814 ad
1405 762 1581 815 futura
1619 766 1985 831 pronuntian-

413 854 477 902 da
509 851 738 917 legatum
765 849 1038 904 idoneum.
1068 851 1156 904 Sic
1189 862 1240 904 et
1274 867 1370 905 nos
1406 853 1549 919 ipsos
1574 854 1625 906 in
1656 854 1760 908 ﬁde
1784 855 1985 921 justiﬁ-

413 951 563 995 (τεῖος
609 941 934 994 sanctilicari
982 941 1196 995 divinus
1247 942 1439 998 Paulus
1494 949 1690 1000 asserit
1730 965 1743 1000 :
1783 966 1801 998 ι
1840 945 1988 1012 Quos

415 1034 557 1085 enim
593 1033 878 1100 prmscivit,
916 1031 1033 1085 illos
1060 1044 1112 1086 et
1141 1034 1543 1100 praedestinavit
1567 1037 1704 1090 Deus
1731 1045 1784 1090 et
1829 1036 1988 1090 Pater

414 1122 719 1174 conformes
744 1120 855 1172 lieri
882 1120 1100 1189 imagini
1132 1121 1249 1174 Filii
1278 1123 1358 1174 sui
1380 1121 1446 1175 ⁸⁵.
1477 1141 1495 1172 ι
1524 1122 1748 1177 Eosdem
1769 1136 1988 1176 vocasse

414 1212 856 1266 etszmcuﬁcasse
902 1210 1097 1264 ibidem
1155 1210 1373 1265 dicitur.
1455 1211 1644 1280 Itaque
1691 1210 1984 1265 secundum

415 1303 810 1374 przescientiam
839 1302 1035 1372 dignus
1069 1301 1359 1358 dilectione
1407 1303 1639 1358 habetur
1695 1300 1884 1365 Iacob,
1931 1309 1986 1358 et

416 1403 654 1446 meretur
686 1393 868 1446 odium
893 1393 1054 1446 Esau.
1083 1393 1262 1460 lnquit
1308 1393 1493 1462 igitur,
1521 1408 1554 1448 ο
1583 1391 1770 1455 Israel,
1827 1409 1849 1444 ι
1894 1392 1984 1446 Di-

414 1483 516 1536 iexi
551 1497 663 1536 vos.
702 1500 721 1533 ι
756 1481 861 1536 Nec
892 1483 1123 1536 mentiar
1145 1481 1252 1536 ulio
1295 1482 1454 1538 modo
1474 1522 1490 1547 ,
1520 1482 1564 1536 si
1624 1482 1698 1535 ita
1725 1483 1876 1537 vobis
1899 1483 1981 1537 di-

415 1586 533 1625 cam
568 1588 582 1625 :
618 1586 740 1624 nam
773 1581 832 1624 ut
869 1586 953 1624 me
994 1581 1139 1625 recta
1169 1581 1222 1625 et
1253 1585 1382 1626 vera
1437 1571 1582 1640 loqui
1619 1573 1982 1641 cognoscatis,

415 1662 480 1715 ad
511 1661 834 1730 principium
854 1661 1069 1729 generis
1111 1661 1326 1714 modum
1387 1661 1695 1716 dilectionis
1721 1664 1978 1718 reducite.

2085 495 2315 548 ἑκάστου
2363 493 2581 562 τρόπον,
2617 493 2836 562 ἀγάπης
2882 492 3030 561 ἠξίου
3078 492 3170 545 τὸν
3214 491 3423 561 ἀμείνω
3471 509 3528 544 τε
3580 506 3668 543 κχι

2087 583 2394 654 ἱερώτερονο
2425 581 2675 650 καθάπερ
2719 582 2909 651 ἀμέλει
2956 582 3048 634 καὶ
3075 581 3167 633 τὸν
3200 580 3469 650 μακάριον
3505 579 3666 648 Ἱερεο

2090 675 2219 744 μίαν
2273 673 2400 742 πρὶν
2452 674 2508 724 ἐν
2563 671 2741 739 κοιλίᾳ
2789 669 3082 725 διαπλάσαι
3130 671 3294 740 φησὶν
3345 669 3667 736 ἐγνωκέναι,

2086 765 2312 832 ἁγιάσαι
2350 781 2407 816 τε
2448 763 2576 834 πρὶν
2603 761 2837 825 ἐξελθεῖν
2867 764 2929 814 ὲκ
2966 761 3357 833 μήτραςβῌδει
3386 759 3516 830 γὰρ,
3553 759 3644 829 ᾖδε

2086 857 2372 926 προφήτην
2430 855 2707 924 ἐσόμενον,
2757 856 2850 907 καὶ
2920 853 3238 920 ἐπιτηδείως
3287 853 3478 922 ἔχοντα
3534 851 3674 921 πρὸς

2087 946 2410 1016 ἀποστολὴν,
2441 944 2539 1015 τὴν
2569 945 2661 997 ἐπὶ
2699 945 2754 996 τὸ
2797 945 2906 997 δεῖν
2949 943 3057 995 τῶν
3084 942 3355 1011 ἐσομένων
3390 939 3660 993 ποιεῖσθαι

2087 1037 2186 1108 τὴν
2216 1036 2631 1108 προαγόρευσιν.
2662 1036 2816 1088 Οὕτω
2845 1035 2902 1088 δὲ
2934 1035 3030 1087 καὶ
3053 1035 3199 1104 ἡμᾶς
3225 1033 3420 1094 αὐτοὺς
3451 1031 3578 1091 τοὺς
3607 1032 3662 1081 ἐν

2089 1129 2267 1180 πίστει
2315 1127 2768 1196 δεδικαιωμένους
2811 1125 3068 1196 ἡγιᾶσθαί
3110 1141 3273 1193 φησιν
3311 1125 3338 1176 6
3379 1123 3664 1184 θεσπέσιος

2085 1219 2317 1281 Παῦλος.
2371 1237 2389 1269 ι
2415 1217 2521 1280 Oi);
2557 1218 2666 1286 γὰρ
2693 1216 2852 1284 ἔγνω,
2884 1217 2975 1270 καὶ
3005 1215 3329 1289 προώρισεν,
3358 1215 3385 1266 6
3413 1213 3545 1274 Θεὸς
3575 1213 3666 1264 καὶ

2087 1313 2296 1383 Πατὴρ,
2327 1312 2681 1382 συμμόρφους
2725 1311 2828 1379 τῆς
2879 1310 3087 1372 είκόνος
3127 1308 3220 1361 τοῦ
3251 1307 3382 1360 Υἱοῦ
3413 1306 3600 1360 αὑτοῦ.
3645 1325 3662 1356 ι

2085 1403 2318 1464 Τούτους
2357 1400 2583 1460 καλέσαι
2635 1416 2695 1452 τε
2745 1400 2838 1453 καὶ
2890 1399 3113 1466 ἁγιάσαι
3165 1398 3403 1464 λέγεται.
3458 1394 3666 1448 Οὐκοῦν

2084 1493 2228 1546 κατά
2259 1493 2567 1563 πρόγνωσιν
2601 1490 2825 1560 ἠξίωται
2858 1491 2956 1561 μὲν
2989 1491 3206 1559 ἀγάπης
3235 1491 3262 1541 6
3314 1486 3529 1548 Ἰακὼϐ,
3572 1504 3664 1556 με·

2088 1583 2308 1653 μίσηται
2333 1582 2390 1634 δὲ
2415 1581 2639 1643 δικαίως
2668 1583 2696 1634 6
2738 1577 3006 1649 Ἡσαῦ.Ὦ
3031 1580 3228 1640 τοίνυν,
3255 1579 3407 1646 φησὶ,
3426 1577 3663 1648 Ἰσραὴλ,

2089 1692 2109 1724 ι
2154 1674 2450 1744 Ἠγάπησα
2491 1673 2590 1741 μὲν
2635 1673 2799 1742 ὑμᾶς.
2850 1690 2867 1720 ι
2905 1670 3394 1739 Ψευδομυθήσαιμι
3443 1670 3551 1737 γὰρ
3603 1669 3665 1722 ἂν

413 1752 586 1805 Ambo
611 1751 752 1804 enim
791 1759 908 1803 satu
949 1749 1118 1804 lsaaci
1183 1759 1344 1804 erant
1379 1751 1548 1808 editi:
1591 1767 1776 1810 verum
1821 1752 1986 1808 Jacob

2089 1761 2361 1831 οὐδαμῶς,
2394 1765 2441 1814 εί
2491 1761 2648 1814 τοῦτο
2697 1760 2908 1830 λέγοιμι
2951 1760 3080 1830 πρὸς
3129 1762 3273 1830 ὑμᾶς
3300 1775 3313 1790 ·
3346 1758 3560 1811 εἴσεσθε
3609 1757 3665 1808 δὲ

412 1845 521 1896 vita
553 1843 746 1906 bonus,
786 1851 842 1896 et
875 1857 1062 1896 amans
1101 1842 1232 1907 Dei;
1268 1843 1407 1898 alter
1444 1845 1786 1914 praefractus,
1815 1854 1870 1900 et
1901 1847 1984 1900 in-

417 1931 734 1996 tractabilis,
767 1939 823 1985 et
845 1931 910 1985 ad
933 1931 1142 1998 piacula
1176 1947 1280 1986 non
1306 1933 1620 2002 imparatus.
1644 1934 1989 2004 Quapropter

417 2022 668 2075 inclinavi
723 2022 778 2074 in
805 2017 994 2083 Jacob.
1025 2031 1079 2075 et
1107 2021 1470 2083 [nereditatem
1500 2023 1639 2085 Esau
1671 2026 1985 2081 attributam

417 2111 1027 2180 vastavi,ipsamquein
1051 2112 1440 2169 desolationem
1488 2114 1632 2170 dedi.
1685 2114 1984 2170 Hzcredita-

417 2210 526 2254 tem
557 2214 686 2255 vero
711 2197 881 2256 Jacob
914 2201 1109 2272 collegi
1150 2203 1485 2272 indulgentia
1534 2218 1671 2270 mea,
1735 2206 1837 2259 hoc
1903 2215 1989 2261 est

415 2306 532 2356 vos,
561 2290 675 2344 sive
704 2289 986 2360 regionem
1009 2305 1167 2360 quam
1199 2293 1454 2348 incolitis.
1508 2294 1797 2349 Sciendum
1825 2311 1987 2364 porro

415 2381 555 2433 Esau
581 2379 897 2433 vocabulum
931 2380 1124 2448 expedi
1168 2379 1356 2434 Latine
1378 2397 1598 2451 quercus
1624 2399 1643 2436 :
1699 2382 1860 2456 821
1888 2381 1987 2436 fuit

409 2484 554 2520 enim
584 2469 772 2530 durus.
800 2479 857 2524 et
883 2467 1186 2536 inﬂexibilis
1211 2471 1382 2526 instar
1402 2470 1553 2528 durae
1574 2487 1830 2542 quercus.
1850 2472 1985 2541 Quia

416 2570 594 2615 autem
625 2571 844 2632 propter
886 2578 1049 2618 unam
1080 2579 1262 2620 escam
1291 2565 1536 2622 vendidit
1567 2567 1838 2637 primitiva
1865 2583 1982 2633 sua,

413 2651 708 2720 appellatus
740 2663 824 2708 est
845 2654 976 2708 item
999 2653 1198 2723 Edam,
1232 2661 1377 2726 quod
1401 2667 1557 2712 sonat
1581 2665 1837 2712 terrenus.
1880 2659 1988 2713 Un-

414 2743 483 2798 de
508 2753 561 2798 et
583 2744 857 2814 regionem
889 2754 1224 2812 posterorum
1271 2745 1410 2801 Esau
1432 2745 1717 2801 ldumzeam
1742 2748 1986 2802 nomina-

417 2841 524 2886 tam
557 2847 714 2888 sacra
737 2832 1017 2902 Scriptura
1045 2842 1278 2889 testatur
1301 2834 1366 2900 ιτ,
1453 2849 1618 2904 quam
1705 2836 1985 2891 subactam

415 2925 702 2992 aliquando
758 2923 926 2979 Judaei
977 2925 1272 2980 desolatam
1335 2936 1389 2981 et
1429 2927 1703 2985 desertam
1769 2929 1986 2997 penitus

417 3014 788 3067 reddiderunt.
824 3014 963 3080 Quid
992 3024 1171 3069 autem
1205 3017 1485 3083 prophetia
1524 3015 1782 3071 lsraelitis
1840 3019 1984 3072 indi-

416 3107 535 3160 cat?
563 3105 716 3172 lllud,
738 3105 932 3173 opinor
960 3121 974 3158 :
1007 3103 1178 3161 Jacob
1207 3121 1267 3160 se
1306 3106 1564 3161 dilexisse
1591 3108 1685 3171 ait,
1735 3123 1836 3165 nec
1879 3109 1986 3166 alia
2013 3093 2055 3151 ο

417 3198 482 3250 de
507 3212 690 3262 causa,
726 3196 832 3250 nisi
865 3196 991 3264 quia
1023 3196 1238 3250 eratvir
1271 3213 1292 3248 ι
1323 3196 1576 3264 simplex,
1599 3198 1855 3253 habitans
1891 3201 1991 3256 dce

417 3303 562 3340 mum
596 3287 687 3341 ης
727 3306 746 3338 ι
785 3287 966 3341 odisse
1013 3295 1193 3341 autem
1232 3285 1395 3350 Esau,
1450 3297 1569 3341 erat
1617 3289 1786 3357 enim,
1833 3289 1988 3357 juxta

417 3377 630 3434 beatum
661 3377 881 3432 Paulum
912 3376 997 3441 δ’,
1048 3385 1291 3432 terrenus
1341 3391 1395 3431 et
1448 3377 1727 3446 profanus.
1780 3379 1984 3446 Quam-

419 3473 606 3527 obrem
634 3469 846 3526 Judaeos
877 3470 1176 3540 intelligere
1205 3472 1488 3539 oportebat
1530 3487 1633 3527 non
1666 3471 1833 3528 fuisse
1856 3489 1982 3542 pas-

416 3577 575 3618 suros
608 3561 1019 3627 desolationem,
1052 3577 1152 3616 nec
1175 3576 1205 3617 ο
1237 3562 1410 3632 patria
1434 3564 1500 3617 ad
1521 3562 1853 3632 alienigenas
1885 3565 1986 3619 mi-

412 3655 736 3726 grationem,
773 3656 816 3708 si
847 3653 1014 3710 Jacob
1061 3656 1378 3711 imitandum
1407 3658 1507 3712 sibi
1556 3660 1984 3725 proposuissent.

417 3748 678 3813 Quoniam
711 3756 892 3802 autem
920 3747 1061 3803 Esau
1091 3763 1270 3805 mores
1297 3750 1623 3820 exprimere,
1655 3761 1709 3805 et
1765 3765 1862 3820 per
1894 3766 1988 3806 ve-

416 3839 574 3908 Sligia
612 3838 852 3893 stultitia:
877 3837 1024 3894 illius
1053 3838 1304 3895 incedere
1360 3839 1687 3904 maluerunt,
1746 3840 1990 3894 hostibus

415 3941 599 3999 postea
625 3928 805 3983 traditi
837 3938 985 3984 sunt.

2091 1854 2315 1923 μᾶλλον,
2340 1854 2415 1915 ὡς
2437 1852 2582 1906 ἔστιν
2607 1852 2765 1922 ὀρθός
2790 1869 2844 1903 τε
2875 1853 2966 1904 καὶ
2988 1851 3192 1920 ἀληθὴς
3220 1851 3247 1903 6
3271 1850 3449 1917 λόγος,
3475 1850 3552 1910 είς
3568 1849 3664 1917 τὴν

2086 1941 2180 1996 τοῦ
2209 1943 2398 2010 γένους
2431 1943 2604 2013 ἀρχὴν
2649 1943 3011 2012 ἀναφέροντες
3040 1943 3135 2012 τῆς
3172 1941 3392 2010 ἀγάπης
3421 1940 3513 1991 τὸν
3538 1939 3663 2009 τρό-

2087 2035 2418 2103 πον.¹Ἀμφω
2453 2034 2550 2103 μὲν
2577 2033 2684 2104 γὰρ
2711 2034 2879 2103 ἤστην
2913 2033 2968 2098 ἐξ
2983 2033 3170 2085 Ἰσαάκ
3193 2048 3206 2062 ·
3238 2031 3351 2084 ἀλλ’
3370 2028 3437 2102 ἦν
3464 2031 3665 2098 ἀγαθὸς

2087 2123 2209 2187 τοὺς
2239 2125 2474 2193 τρόπους
2503 2125 2596 2176 καὶ
2622 2123 2866 2191 φιλόθεος
2891 2123 2920 2174 6
2947 2120 3139 2175 Ἰακὼϐ
3161 2164 3173 2180 .
3205 2123 3232 2174 ὅ
3259 2138 3322 2189 γε
3356 2121 3461 2191 μὴν
3479 2120 3665 2188 ἔτερος

2089 2215 2346 2285 σκληρὸς,
2371 2216 2464 2269 καὶ
2495 2216 2844 2285 δυσάντητος,
2881 2215 2974 2267 καὶ
2997 2213 3213 2285 ἕτοιμος
3242 2215 3320 2276 είς
3346 2212 3662 2282 βεϐήλωσιν.

2088 2306 2357 2379 Ταύτῃτοι
2387 2307 2756 2376 προσνένευκα
2785 2306 2863 2375 τῷ
2901 2305 3115 2368 Ἰακὼϐ,
3149 2307 3240 2360 καὶ
3269 2305 3358 2358 τὸν
3388 2306 3487 2374 μὲν
3513 2307 3666 2357 ἐκνε-

2089 2392 2334 2464 μηθέντα
2385 2394 2462 2464 τῷ
2498 2394 2671 2446 Ἡσαῦ
2730 2393 3075 2462 κατηφάνισα
3127 2393 3350 2464 κλῆρον,
3387 2393 3560 2446 ἔδωκά
3608 2409 3664 2447 τε

2086 2484 2247 2536 αὐτὸν
2274 2486 2350 2547 είς
2384 2486 2659 2554 ἐρήμωσιν
2678 2500 2692 2516 ·
2722 2485 3136 2554 συγκεκρότηκα
3162 2484 3219 2537 δὲ
3246 2487 3310 2555 τῇ
3351 2486 3479 2554 παρ’
3501 2484 3667 2553 ἐμαυ-

2086 2573 2179 2626 τοῦ
2234 2572 2406 2640 φειδοῖ
2445 2575 2536 2626 τὸν
2588 2573 2682 2626 τοῦ
2727 2574 2942 2638 Ἰακὼϐ,
2985 2572 3259 2628 τουτέστιν
3301 2576 3466 2644 ὑμᾶς,
3499 2576 3666 2644 ἤγουν

2085 2662 2186 2732 τὴν
2215 2660 2416 2731 χώραν,
2442 2664 2506 2729 ἦν
2536 2664 2914 2732 κατῳκήκατε.
2935 2664 3128 2716 Ἰστέον
3158 2664 3236 2726 δὲ,
3263 2665 3344 2717 ὅτι
3371 2661 3670 2733 ἑρμηνεύε-

2087 2771 2176 2806 ται
2217 2754 2315 2823 μὲν
2348 2753 2512 2822 δρῦς,
2555 2753 2790 2824 σκληρὸς
2821 2754 2875 2807 δὲ
2903 2754 2998 2807 καὶ
3029 2753 3310 2824 ἀκαμπὴς,
3344 2753 3435 2807 καὶ
3461 2755 3574 2816 τοίς
3606 2754 3667 2806 ἐκ

2085 2844 2242 2914 δρυὸς
2275 2844 2450 2910 ξύλοις
2486 2844 2664 2912 ὀλίγον
2694 2844 3040 2914 παραχωρῶν
3078 2847 3105 2897 6
3138 2843 3328 2898 Ἡσαῦ.
3370 2845 3666 2912 Ἀπεμπω-

2086 2932 2258 3004 λήσας
2301 2934 2358 2986 δὲ
2389 2934 2485 2986 καὶ
2519 2934 2587 2986 τὰ
2636 2934 2980 3004 πρωτοτόκια
3011 2934 3263 3005 βρώσεως
3300 2934 3484 2986 ἕνεκεν
3514 2933 3665 3002 μιᾶς,

2087 3025 2400 3095 ὠνόμασται
2443 3022 2506 3094 δὴ
2539 3025 2634 3077 καὶ
2680 3023 2878 3094 Ἐδὼμ,
2911 3026 2938 3077 ὅ
2980 3025 3095 3076 ἐστι
3142 3023 3366 3092 γήϊνος.
3399 3023 3668 3093 Ταύτῃτοι

2087 3115 2184 3169 καὶ
2225 3113 2524 3184 Ἰδουμαίαν
2550 3114 2850 3184 κεκλῆσθαί
2882 3131 3014 3184 φησι
3042 3115 3102 3166 τὸ
3138 3115 3178 3165 Γ
3182 3115 3375 3185 ράμμα
3407 3114 3467 3166 τὸ
3501 3114 3665 3182 ἱερὸν,

2085 3204 2194 3259 τῶν
2223 3202 2285 3269 ἐξ
2325 3203 2496 3257 Ἡσαῦ
2522 3204 2821 3273 γεγονότων
2850 3203 2949 3274 τὴν
2979 3202 3180 3275 χώραν,
3215 3204 3279 3269 ἥν
3305 3202 3666 3274 ἐχειρώσαντο

2085 3292 2227 3345 κατὰ
2255 3293 2484 3361 καιροὺς
2527 3293 2796 3355 Ἰουδαῖοι,
2831 3292 3029 3345 ἄϐατόν
3061 3309 3119 3344 τε
3156 3289 3246 3347 καὶ
3278 3293 3530 3363 ἀοίκητον
3563 3294 3668 3346 ἀπ-

2083 3382 2289 3452 έφηναν
2327 3383 2623 3446 παντελῶς.
2654 3383 2762 3436 Καὶ
2790 3383 2842 3435 τί
2877 3383 2942 3436 ἂν
2971 3382 3211 3452 βούλοιτο
3237 3383 3428 3455 δηλοῦν
3463 3386 3577 3447 τοῖς
3607 3384 3666 3448 ἐξ

2095 3472 2310 3542 Ἰσραὴλ
2331 3473 2429 3541 τῆς
2463 3473 2802 3544 προφητείας
2831 3475 2857 3526 ὁ
2884 3472 3007 3535 νοῦς
3031 3490 3044 3538 ;
3083 3474 3312 3538 Ἐκεῖνο,
3341 3469 3492 3541 οἶμαί
3515 3490 3618 3526 που
3649 3490 3662 3504 ·

2086 3565 2176 3618 τὸν
2215 3565 2314 3635 μὲν
2348 3564 2457 3634 γὰρ
2499 3564 2692 3618 Ἰακὼϐ
2730 3565 3016 3636 ἀγαπῆσαί
3045 3582 3198 3635 φησι,
3235 3565 3326 3617 καὶ
3353 3565 3450 3634 οὐχ
3474 3565 3662 3635 ἐτέρου

2085 3655 2317 3727 χάριν,ἢ
2343 3657 2426 3710 ὅτι
2453 3655 2674 3726 γέγονεν
2707 3657 2846 3728 ἀνὴρ
2881 3676 2898 3708 ι
2924 3656 3216 3722 ἄπλαστος,
3236 3655 3398 3708 οἰκῶν
3419 3655 3594 3709 οὶκίαν
3614 3672 3626 3684 ·
3643 3675 3660 3705 ι

2091 3747 2455 3816 μεμισηκέναι
2486 3746 2544 3799 δὲ
2575 3746 2667 3801 τὸν
2696 3745 2892 3800 Ἡσαῦ·
2927 3745 3117 3814 γέγονε
3141 3745 3258 3821 γὰρ.
3283 3745 3468 3815 γήῖνός
3493 3762 3552 3797 τε
3575 3745 3666 3798 καὶ

2092 3836 2336 3905 βέϐηλος,
2370 3836 2510 3890 κατὰ
2538 3837 2638 3906 τὴν
2670 3835 2763 3889 τοῦ
2804 3835 3074 3907 μακαρίου
3109 3835 3323 3888 Παύλου
3354 3827 3664 3903 φωνήνῙΗν

2090 3925 2184 3981 οὗν
2230 3929 2526 3995 ἀναγκαῖον
2578 3929 2777 3983 εἰδέναι
2826 3928 2952 3990 τοὺς
2994 3925 3298 3989 Ἰουδαίους,
3334 3927 3410 3988 ὼς
3455 3925 3555 3978 οὐκ
3603 3922 3667 3978 ἂν

418 4022 617 4095 συνέϐη
647 4022 840 4077 παθεῖν
872 4023 1070 4088 αὐτοὺς
1095 4021 1197 4093 τὴν
1226 4023 1527 4095 ἐρήμωσιν,
1550 4025 1645 4078 καὶ
1672 4021 1772 4094 τὴν
1827 4021 1896 4076 ἐκ
1958 4021 2059 4091 τῆς
2093 4017 2425 4088 ἐνεγκούσης
2473 4020 2607 4091 πρὸς
2667 4021 2791 4082 τοὺς
2843 4016 3175 4087 ἀλλοφύλους
3225 4015 3568 4087 ἀποδρομὴν,
3621 4016 3667 4069 εί

414 4116 756 4187 ἐμεμίμηντο
811 4115 902 4172 τὸν
955 4115 1167 4171 Ἰακώϐ.
1227 4117 1444 4188 Ἐπειδὴ
1493 4117 1552 4171 δὲ
1604 4115 1841 4186 ζηλωταὶ
1900 4116 1992 4168 καὶ
2028 4115 2320 4186 ὁμότροποι
2349 4114 2607 4183 γεγόνασι
2637 4114 2714 4184 τῷ
2742 4112 2934 4177 Ἡσαῦ,
2963 4113 3056 4165 καὶ
3110 4111 3212 4182 τῆς
3256 4109 3466 4164 ἐκείνου
3491 4110 3670 4163 σκαιό-

413 4229 571 4282 τητος
597 4210 764 4274 ἰόντες
792 4211 909 4264 κατ’
935 4211 1078 4282 ἴχνος
1100 4211 1518 4281 κατεφωρῶντο,
1539 4210 1724 4264 λοιπὸν
1747 4209 1987 4263 δέδονται
2023 4212 2136 4274 τοῖς
2161 4209 2394 4280 ἐχθροῖς.

484 4305 696 4371 Quodsi
721 4305 842 4374 quis
869 4307 1013 4361 dicta
1042 4305 1400 4373 spiritualiter
1446 4303 1796 4359 considerare
1842 4303 1975 4366 vult,

2158 4304 2220 4355 Εί
2249 4302 2305 4354 δὲ
2339 4301 2400 4373 δή
2448 4319 2533 4365 τις
2563 4300 2805 4371 βούλοιτο
2851 4299 2944 4353 καὶ
2975 4300 3343 4368 πνευματικὴν
3375 4299 3488 4361 τοῖς
3517 4299 3666 4369 είρηι

414 4407 566 4452 eerto
598 4398 734 4450 sciat
764 4395 931 4452 Jacob
984 4398 1132 4452 reddi
1190 4395 1582 4465 supplantator,
1639 4407 1704 4447 ac
1762 4393 1989 4462 proinde

414 4485 706 4554 cujuslibet
747 4497 1023 4554 peccatum
1051 4486 1616 4555 supplantantistypus
1643 4498 1764 4538 esse
1793 4483 1985 4552 possit.

417 4578 554 4633 Esau
589 4588 764 4632 autem
789 4595 1032 4648 quercus,
1063 4587 1122 4632 ut
1147 4578 1282 4642 dixi,
1311 4586 1364 4631 et
1391 4575 1557 4630 Edoni
1606 4585 1866 4642 terrenus,
1895 4575 1985 4644 qui

413 4678 467 4724 et
519 4668 632 4737 ipse
663 4667 897 4736 cujusvis
943 4668 1056 4724 sola
1123 4677 1337 4722 terrena
1388 4666 1677 4736 cogitantis
1725 4678 1905 4739 typum
1938 4676 1992 4722 et

415 4761 704 4827 imaginem
735 4761 894 4830 gerit.
923 4759 1251 4829 Diligitergo
1282 4758 1742 4828 supplantatorem
1799 4758 1988 4822 Jacob,

416 4853 558 4906 Esau
615 4861 789 4905 autem
827 4851 1156 4920 pertinacem
1206 4859 1259 4904 et
1316 4863 1589 4917 asperum,
1645 4849 1759 4904 sive
1793 4848 1985 4912 Edoni,

417 4942 518 4994 hoc
545 4947 648 5006 est,
675 4937 1229 5001 terrenisamxum,et
1257 4939 1347 5008 qui
1380 4948 1725 5006 temporanea
1761 4952 1825 4991 ac
1861 4951 1986 5004 per-

416 5032 596 5086 euntia
650 5028 1018 5100 spiritualibus
1063 5029 1218 5084 bonis
1269 5029 1431 5084 stulte
1473 5032 1802 5097 anteposuit,
1867 5030 1991 5083 odio

417 5126 782 5193 prosequitur.
807 5126 879 5177 ita
904 5121 1184 5177 solitorum
1231 5123 1415 5177 vivere
1467 5122 1837 5177 lmreditatem
1887 5121 1995 5175 dis~

417 5214 614 5280 sipabit
653 5214 790 5268 Deus
829 5220 1037 5274 noster,
1070 5211 1160 5281 qui
1184 5213 1435 5267 virtutem
1467 5212 1659 5281 diligit.
1683 5209 1805 5264 Non
1848 5211 1992 5264 enim

419 5302 730 5358 firmitatem
758 5316 857 5356 nec
885 5309 1083 5356 statum
1108 5303 1490 5357 inconcussum
1519 5303 1713 5356 habent
1746 5316 1832 5354 res
1882 5311 1982 5353 ter-

421 5392 840 5449 reme.C'-lsuras
883 5401 1059 5446 autem
1113 5393 1348 5462 penitus,
1401 5400 1654 5460 tanquam
1709 5391 1762 5444 in
1823 5391 1992 5458 ﬁgura

423 5483 776 5546 ldumarorum
805 5484 1088 5539 limi-editas
1139 5485 1375 5540 desolata
1423 5498 1642 5555 prorsus
1677 5483 1992 5538 declarabit.

500 5655 544 5685 "’
575 5653 770 5712 Jcrcm.
799 5677 834 5726 ι,
873 5661 925 5716 5.
1007 5661 1047 5691 ιθ
1081 5659 1234 5714 Rom.
1271 5675 1388 5723 vm,
1423 5661 1511 5715 ‘29.

1595 5661 1636 5691 ν’
1670 5659 1804 5714 Gen.
1844 5672 2027 5718 xxxvi,
2058 5655 2145 5709 43.

2096 4391 2277 4462 μένοις
2311 4392 2622 4462 ἐφαρμόσαι
2665 4391 2765 4460 τὴν
2813 4388 3064 4457 θεωρίαν,
3104 4387 3418 4441 διανοείσθω
3459 4389 3664 4458 σαφῶς,

2092 4483 2167 4546 ὡς
2189 4485 2217 4536 6
2245 4483 2342 4553 μὲν
2376 4481 2570 4536 Ἰακὼϐ
2603 4479 2963 4550 ἑρμηνεύεται
2994 4478 3357 4548 πτερνιστής
3376 4493 3389 4507 ·
3419 4477 3587 4541 τύπος
3615 4479 3670 4530 δ’

2096 4575 2162 4629 ἂν
2205 4575 2289 4644 εἴη
2321 4573 2519 4636 παντὸς
2546 4571 2640 4625 τοῦ
2672 4573 3047 4642 πτερνίζοντος
3079 4568 3560 4641 ἁμαρτίας.Ἦσαῦ
3591 4568 3666 4633 δὲ,

2091 4665 2168 4729 ὡς
2193 4666 2348 4735 ἔφην,
2378 4665 2545 4733 δρῦς,
2603 4665 2696 4717 καὶ
2728 4664 2909 4734 μέντοι
2935 4662 3141 4732 γήῑθνος
3170 4663 3198 4713 ὁ
3248 4660 3426 4731 Ἐδώμ
3451 4679 3464 4692 ο
3504 4660 3670 4722 τύπος

2087 4755 2131 4808 δ’
2169 4754 2235 4809 ἂν
2267 4757 2352 4823 εἴη
2403 4754 2496 4808 καὶ
2543 4748 2695 4815 οὗτος
2733 4752 2930 4816 παντὸς
2960 4752 3053 4804 τοῦ
3081 4753 3217 4821 μόνα
3255 4749 3579 4822 φρονοῦντος
3615 4769 3665 4800 τι

2088 4846 2181 4899 ἐπὶ
2212 4846 2310 4915 τῆς
2351 4845 2471 4912 γῆς.
2492 4844 2709 4912 ’Λγαπᾷ
2759 4842 2940 4894 τοίνυν
2987 4843 3014 4894 6
3063 4841 3194 4904 Θεὸς
3226 4840 3318 4893 τὸν
3346 4839 3662 4910 πτερνιστῆι

2100 4933 2315 4996 Ἰακὼϐ,
2375 4934 2647 5004 μεμίσηκε
2697 4931 2754 4984 δὲ
2803 4931 2896 4984 τὸν
2937 4931 3103 4984 Ἡσαῦ
3155 4931 3246 4984 τὸν
3299 4929 3533 5000 ἀκαμπῆ
3590 4929 3676 4980 κει-ἱ

2091 5023 2345 5092 σκληρὸν,
2376 5023 2496 5091 ἦτοι
2537 5021 2630 5073 τὸν
2674 5020 2871 5090 Ἐδὼμ,
2907 5020 3176 5081 τουτέστι,
3207 5019 3298 5071 τὸν
3323 5020 3435 5080 τοῖς
3468 5017 3676 5086 γηῖνοις

2094 5115 2547 5186 προσνενευκὸτα,
2599 5114 2692 5166 καὶ
2742 5112 2853 5165 τῶν
2901 5111 3286 5181 πνευματικῶν
3333 5110 3554 5178 ἀγαθῶν
3611 5107 3677 5158 τὰ

2094 5205 2404 5275 πρόσκαιρὰ
2431 5221 2492 5255 τε
2522 5204 2617 5256 καὶ
2647 5202 2994 5273 ἀπολλύμενα
3029 5203 3320 5272 φληνάφως
3361 5199 3671 5270 ἁνθῃρημέ-

2095 5313 2205 5348 νον.
2237 5294 2358 5346 Τῶν
2406 5293 2548 5346 οὕτω
2595 5293 2694 5362 ζῇν
2743 5294 3012 5347 είωθότων
3053 5295 3272 5362 ἁφανιεῖ
3299 5293 3393 5345 τὸν
3421 5291 3623 5360 κλῆρον
3647 5285 3705 5342 δ’

2097 5385 2385 5456 φιλάρετος
2419 5385 2577 5456 ἡμῶν
2605 5387 2756 5446 Θεός.
2790 5386 2865 5439 Οὐ
2900 5387 3008 5454 γάρ
3038 5405 3118 5439 τοι
3147 5386 3339 5455 βέϐαια
3372 5385 3440 5438 τὰ
3465 5386 3559 5437 ἐπὶ
3577 5383 3672 5449 τῆς

2098 5476 2218 5544 γῆς,
2255 5475 2376 5528 οὔτε
2419 5475 2522 5545 μὴν
2571 5474 2864 5543 ἀκλόνητον
2919 5475 3031 5544 ἔχει
3091 5475 3195 5545 τὴν
3236 5474 3577 5528 στάσιν.”οτι
3619 5469 3673 5522 δὲ

2227 5654 2270 5685 ⁸⁸
2306 5653 2439 5707 Gen.
2475 5669 2602 5719 xw,
2636 5654 2725 5708 97.
2807 5654 2848 5684 ⁵9
2884 5652 3043 5707 Ιίώτ.
3073 5665 3168 5718 xtl,
3201 5650 3280 5703 l6.
