3934 6318
196 318 338 377 285

1040 321 1590 380 COMMENTARIUS
1629 324 1691 379 IN
1735 321 2140 383 MALACIHAM
2182 321 2626 380 ΡΗωΒΕ-Τω.

3382 327 3494 388 986

201 433 480 486 πεσεῖται
516 432 758 498 πάντως,
790 434 861 497 ὡς
913 435 972 486 ὲν
1022 434 1175 505 τύπῳ
1223 439 1476 505 σαφηνιεῖ
1503 436 1609 489 τῶν
1651 437 1806 489 Ἰδου-

1918 438 2010 490 Ast
2039 438 2130 507 qui
2165 439 2268 490 Deo
2299 437 2551 502 adhaeret,
2592 452 2685 507 spe
2726 446 2872 493 certa
2903 447 2954 496 et
2977 439 3128 494 ﬁrma
3158 439 3489 497 sustentabi-

209 526 412 591 μαίων
440 527 469 578 ό
499 524 704 596 κλῆρος
732 525 960 580 είσάπαν
989 526 1366 601 ἡρημωμένος.
1405 527 1543 580 Ἀλλ’
1576 529 1668 596 ὅγε
1694 526 1810 598 Θεῷ

208 617 658 687 προσκείμενος,
721 615 935 685 ἀσφαλῆ
969 617 1060 670 καὶ
1111 618 1507 688 ἐρηρεισμένην
1555 619 1664 683 ’έξει
1711 618 1809 686 τὴν

207 705 447 775 ἐλπίδα,
470 709 567 761 καὶ
590 707 668 778 τῷ
691 707 799 760 τῶν
828 707 1048 778 ἀγαθῶν
1073 707 1255 779 δοτῆρι
1282 708 1398 777 Θεῷ
1428 709 1808 780 προσφωνήσει

206 797 408 867 λέγων
430 817 442 830 ·
487 819 507 852 ι
529 800 618 853 Ἐν
651 802 771 863 ταῖς
803 799 957 869 χερσί
989 817 1082 852 σου
1109 801 1158 852 oi
1185 800 1370 872 κλήροί
1403 818 1524 871 μου.
1562 819 1580 850 ι

301 889 463 944 Διότι
489 889 627 958 ἐρεῖ·
665 891 726 944 Ἠ
757 890 1055 958 Ἰδουμαία
1085 889 1536 958 κατέστραπται,
1561 889 1659 944 καί
1686 890 1811 943 ἐπι-

215 979 606 1050 στρέψωμεν,
647 980 748 1034 καὶ
784 979 1350 1050 ἁνοικοδομήσωμεν
1390 982 1494 1046 τὰς
1530 981 1806 1049 ἐρήμους.

224 1069 388 1123 Τάδε
425 1070 587 1139 λέγει
622 1072 833 1139 Κύριος
864 1070 1316 1140 παντοκράτωρ·
1354 1070 1535 1125 Αὐτοὶ
1583 1069 1808 1124 οἰκοδο-

213 1163 528 1231 μήσουσι,
560 1163 658 1219 καί
697 1164 810 1235 ἐγὼ
836 1164 1226 1233 καταστρέφω
1250 1180 1264 1194 ο
1292 1165 1388 1218 καὶ
1413 1164 1812 1232 ἐπικληθήσε-

222 1271 326 1326 ται
368 1257 575 1323 αὐτοῖς
616 1257 746 1326 ὅρια
782 1257 1053 1326 ἀνομίας,
1089 1256 1188 1310 καί
1232 1256 1379 1324 λαός
1407 1256 1498 1326 ἐφ’
1523 1256 1595 1311 ὃν
1623 1270 1809 1326 παρα-

221 1349 511 1400 τέτακται
538 1347 752 1415 Κύριος
784 1346 893 1412 ἓως
921 1345 1154 1412 αἰῶνος.

306 1434 384 1488 E'.
428 1435 706 1507 Δυσχερὴς
759 1437 858 1506 μὲν
895 1436 1014 1491 λίαν
1058 1441 1090 1508 ή
1147 1439 1250 1508 τῆς
1297 1438 1497 1506 λέξεως
1545 1437 1806 1508 συνθήκη,

227 1527 374 1598 πλὴν
420 1529 520 1580 οὐκ
558 1529 759 1593 ἄτοπος
790 1529 898 1582 τῶν
930 1530 1302 1599 προκειμένων
1345 1533 1374 1584 ὁ
1413 1529 1558 1593 νοῦς.
1594 1530 1812 1583 Δέδωκα

234 1619 334 1688 μὲν
384 1619 494 1688 γὰρ
546 1617 676 1686 ἐγὼ,
728 1619 924 1688 φησὶν,
971 1618 1065 1672 τοῦ
1105 1619 1277 1672 Ἡσαῦ
1326 1619 1683 1690 κληρονομίαν
1733 1620 1810 1682 είς

231 1707 541 1779 ἀφανισμὸν
576 1711 668 1763 καὶ
723 1711 802 1773 είς
847 1711 1144 1782 ἐρήμωσιν,
1182 1711 1334 1783 ὑμῶν
1373 1712 1481 1765 τῶν
1517 1712 1576 1779 ἐξ
1619 1710 1810 1764 Ἰακὼϐ

1919 537 2022 590 tur,
2049 537 2100 580 et
2133 529 2392 582 bonorum
2422 529 2658 598 largitori
2681 530 3003 586 acclamabit
3037 549 3048 586 :
3084 547 3102 582 ι
3141 531 3197 585 In
3216 546 3372 584 manu
3402 538 3490 597 tua

1915 629 2090 674 sortes
2126 632 2254 673 mea:
2284 619 2349 675 '°.
2383 638 2401 670 ι

1989 907 2148 963 Vens.
2175 908 2226 960 4.
2253 907 2392 972 Quia
2423 908 2581 970 dicet,
2612 907 2851 973 ldumwa
2886 909 3130 961 subversa
3161 918 3260 972 est,
3326 918 3372 960 et
3409 922 3488 960 re-

1916 1011 2194 1063 vertamur,
2218 1009 2265 1052 et
2305 1000 2673 1066 rewdiﬁcemus
2704 983 2931 1053 deserta.
2961 999 3089 1054 Ilwc
3113 999 3239 1052 dicit
3299 997 3486 1052 Domi-

1917 1109 2011 1145 nus
2037 1092 2353 1158 omnipotens
2385 1107 2404 1145 :
2441 1090 2551 1159 Ipsi
2577 1092 2936 1159 (ediﬁcabuut,
2976 1100 3024 1146 et
3049 1108 3143 1162 ego
3187 1091 3485 1154 destruant;

1915 1191 1961 1235 et
2012 1183 2328 1236 vocabuntur
2371 1182 2444 1236 eis
2490 1183 2696 1236 termini
2739 1183 3056 1251 iniquitatis,
3133 1190 3184 1234 et
3258 1181 3481 1250 populus

1914 1288 2070 1342 super
2115 1287 2264 1341 quem
2309 1282 2550 1326 extensus
2582 1280 2661 1327 est
2711 1272 2968 1328 Dominus
3018 1287 3177 1343 usque
3221 1272 3276 1326 in
3339 1281 3487 1326 ater-

1917 1379 2060 1418 num.

1992 1452 2052 1508 V.
2088 1453 2420 1510 PerdilIicilis
2451 1462 2535 1509 est
2561 1454 2847 1509 verborum
2872 1463 3178 1520 contextus,
3215 1453 3332 1509 sive
3355 1468 3488 1508 con-

1917 1545 2075 1601 nexio
2101 1563 2114 1598 :
2145 1555 2511 1599 verumtamen
2540 1544 2808 1600 sententia
2836 1545 3079 1614 subiecta
3139 1558 3246 1598 non
3301 1545 3488 1599 incon-

1917 1636 2155 1690 veniens.
2188 1636 2368 1704 Inquit
2391 1635 2559 1700 enim,
2589 1634 2720 1690 Dedi
2758 1635 2977 1704 quidem
3001 1635 3166 1704 822
3191 1649 3290 1705 ego
3317 1639 3487 1690 haere-

1917 1728 2136 1783 ditatem
2171 1727 2307 1781 Eszm
2333 1729 2383 1781 in
2407 1726 2813 1791 desolationem,
2851 1727 2903 1780 in
2942 1725 3304 1788 solitudinem,
3330 1739 3360 1778 a
3391 1738 3487 1778 vo-

234 1798 748 1879 ξκπεπορθηκότων.
767 1799 910 1870 Ἐρεῖ
935 1800 990 1853 δὲ
1027 1801 1158 1864 ἴσως
1197 1804 1225 1855 ὁ
1264 1803 1553 1873 Ἰδουμαῖος
1573 1819 1587 1834 ο
1620 1804 1684 1856 Εἰ
1713 1803 1806 1855 καὶ

1918 1819 1986 1873 bis
2012 1833 2076 1871 ex
2105 1816 2270 1872 Jacob
2301 1817 2608 1887 propagatis
2633 1819 2996 1871 devastatam.
3029 1814 3134 1870 Sed
3155 1815 3374 1870 Μυηιεί
3399 1814 3486 1868 di-

236 1889 647 1960 κατέστραπται
679 1890 978 1956 παντελῶς,
1013 1891 1107 1944 καὶ
1141 1893 1220 1954 εἰς
1270 1891 1422 1961 λῆξιν
1469 1893 1592 1963 ἥκει
1629 1891 1814 1946 κακῶν

230 1975 300 2040 ἣν
353 1979 763 2048 κατῳκήκαμεν
817 1979 1020 2052 χώραν,
1077 1979 1192 2035 ἀλλ’
1237 1976 1327 2033 οὖν
1385 1981 1814 2053 ἐπιστρέψαντες

234 2066 536 2138 ὲγεροῦμεν
566 2069 664 2138 μὲν
697 2071 793 2136 τὰς
823 2071 1196 2144 ἠρημωμένας
1245 2074 1430 2138 πόλεις
1477 2090 1536 2126 τε
1584 2076 1678 2128 καὶ
1706 2073 1816 2128 κὼο

235 2175 362 2242 μας,
395 2160 800 2242 κατοικήσομεν
853 2161 909 2214 δὲ
962 2162 1129 2226 αὐτὰς
1173 2165 1222 2216 οἱ
1269 2164 1718 2234 διασεσωσμένοι.
1749 2161 1814 2219 Τί

231 2247 355 2318 οὗν;
385 2251 532 2322 Πρὸς
561 2251 752 2320 ταῦτα,
785 2255 938 2324 φησι,
967 2256 1091 2309 τάδε
1125 2255 1272 2322 λέγει
1299 2256 1503 2328 Κύριος
1526 2273 1540 2287 ’
1595 2276 1612 2308 ι
1647 2247 1812 2309 Αὐτοὶ

234 2342 667 2413 οἰκοδομήσουσι,
702 2344 796 2398 καὶ
829 2343 939 2412 ἐγὼ
978 2347 1358 2419 καταστρέφω.
1395 2367 1412 2398 ι
1471 2348 1812 2418 Κεκλήσεται

232 2434 287 2490 δὲ
337 2433 558 2497 πάντως
606 2436 640 2505 ή
680 2435 971 2507 Ἰδουμαία,
1013 2438 1208 2509 ("Opta
1253 2439 1501 2509 ἀνομίας,
1533 2459 1552 2491 ›
1601 2440 1676 2501 ὡς
1725 2439 1814 2491 δια

235 2519 496 2592 πλείστην
526 2523 659 2594 ὅσην
687 2523 963 2596 ἁμαρτίαν
997 2530 1478 2599 κατεστραμμένη,
1514 2548 1532 2580 ‹
1564 2529 1657 2580 καὶ
1685 2527 1812 2590 λαὸς

235 2614 320 2680 ἐφ’
355 2611 415 2664 δν
454 2615 864 2684 παρατέτακται
890 2616 1094 2694 ίςύριος
1117 2618 1220 2681 ἕως
1244 2617 1454 2681 αἰῶνος.
1483 2636 1500 2666 ι
1521 2619 1579 2668 ’0
1602 2618 1700 2686 μὲν
1719 2613 1811 2670 οῦν

235 2702 330 2757 τοῦ
389 2704 718 2774 γράμματος
768 2707 892 2770 νοῦς
940 2710 1037 2778 οὐχ
1083 2709 1290 2780 ἕτερος,
1330 2705 1501 2780 οἶμαι,
1529 2711 1613 2772 τὶς
1660 2709 1811 2779 παρά

236 2791 427 2846 τοῦτόν
472 2795 609 2847 ἐστι.
641 2796 941 2865 Προσθείην
969 2798 1013 2850 δ’
1050 2798 1136 2874 ἀν,
1168 2800 1248 2852 ὅτι
1278 2798 1386 2851 τῶν
1439 2798 1500 2850 τὸ
1551 2799 1809 2868 σαρκικὸν

238 2884 332 2935 καὶ
347 2885 533 2952 γήϊνον
561 2885 792 2954 ἑχόντων
822 2887 1073 2958 φρόνημα
1107 2888 1492 2961 (γήϊνοςιγάρ,
1509 2889 1582 2952 ὡς
1607 2888 1760 2959 ἔφην,
1782 2892 1810 2942 ὁ

249 2974 547 3044 Ἰδουμαῖος
578 2975 961 3048 ἑρμηνεύεται)
989 2978 1164 3047 πάντη
1190 2996 1249 3034 τε
1279 2979 1371 3031 καὶ⁵
1400 2980 1611 3044 πάντως
1631 2981 1659 3033 ό
1678 2978 1810 3050 κλῆ-

238 3081 332 3130 ρος
378 3067 644 3127 πεσεῖται,
691 3066 825 3120 Θεοῦ
855 3070 1337 3140 καταστρέφοντος.
1366 3069 1442 3138 Οὐ
1473 3073 1580 3139 γὰρ
1601 3070 1720 3139 ¹ἔχει
1747 3069 1809 3125 τὸ

238 3154 455 3220 βέϐαιον
493 3154 562 3208 τὰ
610 3158 666 3209 ἐν
696 3155 830 3226 τῷδε
876 3157 953 3228 τῷ
995 3160 1184 3228 κόσμῳ
1218 3141 1486 3230 πρακτέα,
1514 3161 1658 3216 οὕτω
1701 3161 1807 3232 μὴν

236 3245 460 3316 διηνεκῆ
487 3245 585 3316 τὴν
616 3247 862 3318 μέθεξιν’
901 3249 1236 3321 παριππεύει
1281 3249 1388 3320 γὰρ
1415 3251 1538 3312 τοὺς
1589 3248 1809 3319 ἔχοντας

239 3336 574 3408 πρόσκαιρος
601 3337 852 3408 εὐθυμία,
880 3341 974 3394 καὶ
1008 3343 1064 3393 ἐν
1088 3341 1185 3410 ἴσῳ
1208 3342 1367 3402 σκιᾶς
1397 3331 1806 3416 μετατάττεται,

243 3423 277 3490 ἢ
302 3423 521 3496 θανάτῳ
551 3425 866 3490 σϐεσθέντος
894 3428 1054 3494 τινὸς,
1089 3431 1255 3500 ἧγουν
1301 3429 1560 3501 ἀδοκήτου
1602 3448 1809 3504 συμφο-

248 3515 346 3582 ρᾶς
380 3517 844 3587 ἐπενηνεγμένης.

319 3604 469 3658 Ἀλλ’
488 3607 536 3658 εί
566 3607 658 3659 καί
689 3624 773 3670 τις
808 3607 981 3661 ’ἐλοιτο
1021 3610 1128 3661 τῶν
1157 3610 1465 3682 Ἰδουμαίων
1493 3614 1584 3666 τὸν
1614 3613 1807 3666 ἑαυτοῦ

239 3697 440 3766 κλῆρον
476 3698 799 3768 οἰκοδομεῖν,
836 3699 868 3770 ἤ
906 3699 1131 3754 πλοῦτον
1178 3703 1447 3772 συλλέγων
1489 3705 1582 3757 τὸν
1613 3705 1670 3771 ἐξ
1697 3704 1809 3758 ἀδι-

240 3789 383 3853 κίας,
414 3789 448 3860 ἢ
487 3791 600 3853 τοῖς
637 3789 904 3854 διακένοις
939 3790 1203 3860 δοξαρίοις
1249 3795 1550 3865 ἐντρυφῶν,
1592 3795 1624 3867 ἢ
1654 3795 1809 3848 δυναο

241 3881 447 3942 στείαις
472 3883 594 3944 ταῖς
613 3881 752 3934 κατὰ
772 3882 862 3935 τὸν
892 3881 1002 3951 βίον
1027 3884 1416 3955 ὲναὸρύνεσθαι
1437 3887 1623 3951 θέλων,
1648 3886 1808 3940 αὐτὸν

238 3971 459 4041 εὑρήσει
501 3970 592 4025 τὸν
619 3970 724 4025 τῶν
753 3971 888 4026 ὅλων
915 3972 1046 4027 Θεὸν
1083 3977 1363 4047 μονονουχὶ
1410 3980 1502 4030 καὶ
1546 3978 1807 4049 ἀνθεστη-

237 4062 370 4116 κότα
398 4061 492 4115 καὶ
527 4063 850 4132 μαχόμενον.
892 4065 980 4129 Ὠς
1024 4065 1132 4136 γὰρ
1172 4069 1199 4120 ὁ
1233 4068 1514 4133 θεσπέσιος
1566 4071 1806 4141 γέγραφε

241 4151 505 4222 μαθητὴς,
563 4169 580 4202 ι
610 4151 680 4206 Et
720 4170 805 4216 τις
858 4154 999 4208 θέλει
1055 4153 1192 4211 εἶναι
1232 4159 1382 4227 φίλος
1433 4160 1527 4212 τοῦ
1578 4163 1804 4230 κόσμου,

237 4240 426 4312 ἐχθρὸς
463 4240 557 4294 τοῦ
586 4240 720 4294 Θεοῦ
751 4242 1089 4302 καθίσταται.
1126 4267 1143 4298 ι
1177 4247 1342 4303 Οὔπω
1383 4250 1644 4304 παύσεται
1679 4252 1805 4321 γὰρ,

239 4331 310 4393 ὡς
335 4330 495 4400 ἔφην,
525 4331 633 4386 τῶν
669 4332 738 4386 τὰ
768 4334 927 4403 γήϊνα
955 4340 1168 4408 φρονεῖν
1195 4341 1505 4410 ᾑρημένων,
1543 4341 1658 4394 ἀλλ’
1688 4342 1808 4394 οὐδὲ

1917 1917 2040 1962 cent
2072 1906 2300 1962 fortasse
2331 1923 2344 1958 :
2381 1906 2492 1960 Etsi
2541 1906 2689 1976 regio
2721 1920 2882 1975 quam
2918 1905 3278 1959 habitavimus
3325 1919 3483 1973 pror-

1877 2044 1880 2047 .
1915 2015 2006 2055 sus
2030 1999 2080 2053 in
2106 1999 2484 2053 vastitudinem
2524 1997 2765 2062 redacta,
2815 2005 2868 2051 et
2912 1996 3173 2052 extremis
3230 1991 3500 2060 alﬁictuta,

1914 2097 1996 2143 est
2023 2087 2191 2155 malis,
2219 2085 2566 2140 nihilominus
2622 2085 2825 2140 reversi
2859 2084 3130 2140 desolatas
3194 2084 3352 2138 urbes
3401 2083 3482 2136 vi-

1913 2193 2113 2248 cosque
2143 2177 2584 2241 instaurabimus,
2649 2184 2702 2229 et
2733 2176 2820 2244 qui
2861 2176 3086 2230 salutem
3137 2175 3480 2238 retinuimus,

1911 2282 2004 2323 eas
2032 2266 2342 2322 iucolcmus.
2368 2264 2504 2332 Quid
2530 2262 2824 2334 igitur?Ad
2865 2263 2997 2328 haec,
3025 2263 3214 2331 inquit,
3247 2263 3348 2317 ista
3396 2262 3480 2316 di-

1913 2355 2261 2411 citDominus
2291 2373 2305 2409 :
2345 2373 2361 2403 ι
2398 2353 2501 2424 Ipsi
2527 2353 2891 2419 tediiicabunt,
2921 2363 2971 2407 et
2999 2367 3098 2422 ego
3127 2352 3418 2406 destruam.
3455 2369 3472 2402 ›

1912 2447 1975 2501 Ει
2005 2446 2236 2500 ldunuea
2266 2444 2484 2498 omnino
2538 2442 2818 2495 vocabitur
2879 2459 2898 2492 ι
2946 2439 3184 2494 Termini
3235 2440 3481 2508 impieta-

1912 2537 2003 2602 tis,
2043 2555 2062 2588 ι
2091 2543 2272 2602 utpote
2308 2531 2544 2600 peccatis
2593 2531 2839 2599 plurimis
2868 2531 3187 2598 depravata,
3227 2549 3245 2581 ι
3283 2538 3338 2583 et
3389 2543 3480 2598 po-

1911 2629 2065 2695 pulus
2089 2639 2251 2693 super
2283 2637 2440 2691 quem
2473 2631 2733 2675 extensus
2787 2629 2869 2676 est
2904 2622 3164 2677 Dominus
3195 2615 3365 2688 usque
3426 2619 3476 2672 in

1909 2729 2187 2770 mternum.
2231 2733 2250 2766 ι
2292 2713 2506 2765 Litterae
2542 2711 2705 2779 igitur
2733 2726 2945 2777 sensus,
2970 2711 3303 2777 utarbitror,
3346 2725 3478 2778 prm-

1909 2814 1993 2859 ter
2021 2807 2159 2860 hunc
2199 2804 2373 2859 nullus
2412 2809 2511 2858 est.
2566 2800 2720 2855 Libet
2781 2817 3074 2872 apponere,
3132 2804 3367 2857 carnalia
3423 2811 3478 2856 et

1911 2905 2121 2950 terrena
2152 2894 2499 2965 COgitantium
2525 2891 2803 2964 (terrenus
2835 2893 3003 2958 enim,
3033 2901 3091 2946 ut
3142 2893 3274 2954 dixi,
3322 2899 3480 2946 sonat

1910 3002 2103 3041 nomen
2135 2986 2422 3056 Idumaeus)
2464 2987 2770 3054 ttzercditas,
2804 2985 2912 3041 Deo
2939 2988 3306 3050 subvertente,
3326 2986 3480 3039 cadet

1911 3078 2143 3147 penitus.
2177 3075 2311 3132 Nam
2339 3093 2458 3147 quae
2491 3078 2542 3132 in
2573 3079 2677 3133 hoc
2717 3079 2916 3132 mundo
2963 3076 3279 3142 actitantur,
3307 3076 3474 3130 firmi-

1910 3167 2093 3223 tudine
2121 3175 2326 3234 carent,
2360 3181 2533 3237 neque
2560 3185 2716 3225 usum
2739 3169 2822 3224 sui
2852 3176 3170 3238 perpetuum
3215 3167 3477 3236 praebent,

1908 3261 2160 3327 quoniam
2188 3268 2532 3330 temporanea
2569 3261 2752 3317 laetitia
2779 3262 3040 3331 praeterit,
3099 3259 3305 3315 umbrae
3329 3259 3479 3313 simi-

1909 3350 2299 3406 lis.autmorte
2342 3367 2373 3408 e
2401 3354 2576 3409 medio
2603 3355 2824 3411 tollente
2879 3362 2974 3407 aut
3017 3351 3306 3420 improvisa
3337 3350 3480 3405 cala-

1909 3438 2530 3503 mitateintcrveniente.

1980 3612 2084 3668 Sed
2112 3611 2362 3681 etsiquis
2390 3611 2748 3666 Idumaeorum
2790 3612 2890 3664 sub
2933 3609 3340 3678 intelligentiam
3390 3619 3478 3660 ca-

1909 3705 2145 3758 dentium
2201 3703 2566 3757 hazreditatem
2589 3718 2739 3758 suam
2767 3702 3035 3756 aedificare
3059 3701 3289 3755 voluerit
3315 3741 3328 3764 ,
3385 3709 3478 3752 aut

1909 3793 2123 3848 divitias
2150 3807 2216 3846 ex
2235 3792 2514 3860 iniquitate
2542 3805 2876 3861 congregans
2903 3831 2920 3856 ,
2982 3800 3076 3843 aut
3133 3791 3185 3843 in
3241 3789 3477 3858 gloriolis

1908 3882 2158 3939 inanibus
2185 3882 2407 3937 delicias
2441 3882 2542 3936 sibi
2579 3883 2938 3948 constituens,
2985 3889 3078 3933 aut
3121 3878 3359 3949 potentia
3421 3879 3474 3932 in

1907 3975 2006 4029 bac
2035 3974 2140 4027 vita
2169 3971 2346 4027 εποιτί
2380 3971 2584 4039 volens,
2635 3971 3010 4026 universorum
3085 3970 3252 4023 Deum
3303 3969 3477 4036 ipsum

1910 4072 2112 4118 tantum
2142 4078 2243 4116 non
2271 4059 2622 4114 obsistentetn
2648 4068 2944 4127 contraque
2967 4066 3292 4127 pugnantem
3325 4057 3483 4117 inve-_

1909 4155 2036 4208 niet.
2067 4152 2199 4206 Nam
2226 4161 2282 4205 ut
2313 4150 2526 4204 divinus
2583 4149 2876 4220 discipulus
2918 4149 3178 4216 scriptum
3235 4145 3477 4214 reliquit,

1916 4267 1933 4298 ι
1965 4244 2065 4312 Qui
2097 4242 2327 4298 voluerit
2353 4255 2474 4296 esse
2517 4241 2724 4294 amicus
2747 4239 2926 4294 saeculi
2980 4239 3164 4310 hujus,
3223 4237 3482 4293 inimicus

1911 4335 2000 4389 Dei
2027 4335 2379 4390 constituitur
2402 4334 2502 4387 ⁸⁸.»
2535 4331 2781 4386 Nondum
2814 4330 2958 4384 enim
2990 4330 3308 4398 quiescet,ut
3342 4327 3478 4396 dixi,
3556 4370 3561 4376 .

237 4425 332 4492 τῆς
354 4423 491 4494 προς
511 4424 705 4486 αὐτοὺς
733 4425 1025 4495 καταλήξει
1057 4430 1256 4500 μάχης.
1286 4433 1452 4485 Μισεῖ
1479 4433 1584 4503 γὰρ
1612 4435 1698 4486 ἀεὶ
1717 4435 1806 4488 τὸν

1918 4428 1976 4481 ab
1996 4427 2080 4481 his
2114 4425 2204 4495 qui
2236 4434 2443 4480 terrena
2472 4423 2706 4490 sapiunt,
2745 4435 2844 4474 nec
2903 4420 2968 4474 iis
3001 4419 3276 4476 adversari
3332 4417 3480 4471 (ἰδεῖν,

237 4512 533 4584 ἀλιτήριον,
566 4513 659 4566 καὶ
697 4513 1053 4584 ἀπόπεμπτον
1089 4522 1319 4573 ποιεῖται
1347 4521 1436 4574 τὸν
1469 4523 1808 4595 φιλαμαρτήο

280 4617 394 4655 ονα.

280 4620 394 4655 ονα.

242 4620 280 4670 μ
307 4693 417 4745 Καὶ
465 4693 517 4745 οί
566 4694 858 4764 ὀφθαλμοὶ
906 4695 1071 4766 ὑμῶν
1132 4697 1382 4765 ὄψονται
1415 4739 1430 4762 ,
1485 4699 1583 4753 καὶ
1641 4701 1808 4769 ὑμεῖς

237 4783 421 4853 ἐρεῖτε
444 4800 458 4813 ·
514 4785 911 4857 Ἐμεγαλύνθη
944 4791 1158 4857 Κύριος
1181 4790 1457 4859 ὑπεράνω
1484 4791 1603 4846 τῶν⁵
1635 4794 1809 4862 ὁρίων

237 4874 341 4928 τοῦ
383 4874 650 4944 Ἰσραήλ.
1151 4919 1154 4922 .

306 4964 397 5030 (τ’.
442 4966 631 5025 Ὅταν.
665 4968 817 5037 φησι,
854 4970 950 5038 τὴν
994 4969 1103 5022 τῶν
1136 4973 1472 5042 πραγμάτων
1510 4974 1823 5044 κατωρθώ-.

241 5071 367 5126 σητε
402 5057 580 5124 φύσιν,
605 5060 884 5130 μονονουχὶ
910 5061 964 5113 δὲ
993 5063 1083 5114 καὶ
1100 5062 1395 5134 ἀναμῦοντι
1423 5063 1530 5136 τῷ¹
1554 5066 1802 5135 κατίδητε

241 5147 425 5216 σαφῶς
477 5147 621 5217 ἆπερ
674 5148 809 5220 ἔφην
859 5151 1082 5221 ἀρτίως,
1122 5141 1242 5206 τότέ
1277 5155 1340 5225 δή
1372 5154 1586 5220 πάντως
1631 5157 1802 5226 ἐρεῖτε

242 5239 764 5307 συγκατανεῦοντες,
805 5242 885 5293 δτι
934 5242 1242 5308 δεδόξασται
1315 5246 1408 5298 καὶ
1463 5246 1800 5316 ὲμεγαλύνθη

241 5331 366 5395 Θεὸς
407 5333 465 5384 ἐν
497 5334 608 5395 τοῖς
638 5332 804 5403 ὁρίοις
835 5333 930 5385 τοῦ
971 5335 1204 5406 Ἰσραήλ.
1240 5337 1301 5388 Oi
1349 5337 1445 5404 μὲν
1472 5337 1579 5409 γὰρ
1611 5337 1670 5401 ἐξ
1710 5338 1806 5389 Ἰα-

241 5421 350 5474 κὼ6
397 5423 706 5489 γεγονότες,
756 5424 1030 5478 τουτέστιν
1069 5426 1328 5490 Ἰουδαῖοι,
1363 5427 1803 5498 προσκεκρουκό-

241 5528 345 5579 τες,
376 5514 451 5577 ὡς
487 5513 643 5583 ἔφην,
680 5511 767 5566 διὰ
801 5514 1056 5583 πλείστην
1109 5516 1358 5568 ἀσέϐειαν
1403 5517 1595 5581 ἕξοικοί
1629 5535 1684 5568 τε
1717 5534 1806 5584 γε-

309 5689 353 5720 ”
378 5686 523 5743 Psal.
553 5703 680 5752 xxx,
713 5687 794 5742 16.
874 5689 914 5720 "
950 5687 1062 5750 Jac.
1097 5704 1169 5754 tv,
1207 5689 1258 5748 4.

1857 4509 1882 4531 "
1907 4528 2032 4575 stet.
2059 4518 2285 4586 Semper
2313 4515 2456 4569 enim
2484 4513 2805 4584 ﬂagitiosum
2823 4511 2959 4573 odit,
2992 4518 3045 4564 et
3080 4509 3325 4578 cupidius
3352 4523 3481 4575 pec-t

1907 4618 2117 4662 cantem
2159 4602 2355 4671 reiicit.

1976 4697 2142 4750 Vens.
2198 4693 2250 4748 5.
2333 4691 2398 4744 Et
2454 4691 2592 4744 oculi
2663 4691 2816 4744 vestri
2854 4687 3119 4751 videbunt,
3171 4694 3220 4740 et
3253 4700 3338 4738 vos
3392 4684 3478 4736 di~r

1906 4787 2028 4840 cetis
2059 4800 2076 4837 :
2109 4781 2480 4853 Maguiﬁcatus
2504 4791 2576 4834 est
2606 4778 2859 4833 Dominus
2912 4793 3068 4846 super
3113 4775 3359 4830 terminos
3390 4765 3480 4819 18-

1908 4876 2038 4931 ruel.

1992 4968 2071 5024 Vl.
2113 4965 2356 5034 Quando,
2403 4963 2596 5033 inquit,
2661 4976 2772 5017 rem
2832 4975 2929 5031 pro
2975 4971 3165 5013 natura
3201 4971 3294 5010 sua
3331 4962 3480 5008 recte

1911 5058 2291 5129 prmstiteritis,
2311 5065 2364 5110 et
2394 5064 2601 5110 tantum
2625 5070 2729 5110 non
2767 5052 2967 5123 apertis
3020 5049 3182 5103 animi
3207 5046 3372 5100 oculis
3399 5045 3477 5097 νίς.

1913 5150 2098 5205 deritis
2132 5148 2548 5218 perspicuequaa
2581 5144 2739 5200 modo
2761 5145 2892 5208 dixi,
2944 5150 3069 5194 tunc
3119 5137 3340 5192 omnino
3381 5151 3476 5186 an-

1913 5249 2138 5295 nuentes
2162 5281 2175 5302 ,
2207 5238 2559 5309 glorilicatum
2584 5245 2636 5289 et
2668 5233 3068 5302 magniﬁcatum
3086 5242 3203 5282 esse
3235 5227 3398 5279 Deum
3422 5228 3479 5279 in

1913 5329 2294 5384 ﬁnibuslsrael
2364 5326 2681 5380 fatebimini.
2726 5323 2800 5376 Ex
2833 5321 2998 5374 Jacob
3031 5319 3173 5373 enim
3212 5315 3476 5386 prosemi-

1914 5423 2045 5484 nati,
2075 5418 2238 5473 ,Ιιιιίωἱ
2271 5428 2622 5483 nempc,cum
2652 5412 2816 5466 Deum
2851 5408 3221 5469 oliendissent,
3252 5414 3310 5459 ut
3336 5401 3476 5469 dixi,

1913 5521 2174 5577 extorres,
2195 5517 2247 5564 et
2270 5505 2486 5577 captivi,
2505 5514 2557 5558 ct
2591 5501 2824 5558 inimicis
2851 5496 3232 5571 expugnabiles
3259 5501 3480 5566 propter
