3934 6318
438 344 544 402 28⁸1

1471 342 1526 396 5.
1571 339 1843 398 CYRILLI
1883 337 2353 395 ALEXANDRINI
2393 337 2710 395 ARCHIEP.

3603 337 3730 394 188

439 472 706 515 summam
732 457 1063 528 impietatem
1084 453 1212 509 facti
1252 463 1401 509 sunt.
1434 457 1532 512 Ubi
1598 473 1727 512 vero
1777 457 2010 511 miseriis

2130 455 2354 522 (ὄνασιν,
2389 457 2483 509 καὶ
2512 453 2868 526 αίχμάλωτοι,
2899 451 2993 516 καὶ
3023 452 3288 524 ἀλώσιμοι
3325 451 3435 517 τοῖς
3465 434 3727 523 ἔχθροῖς.

437 544 1222 618 mrcitos;etpm_dignitate
1261 547 1478 616 punitus
1533 551 1671 603 Deus
1727 549 2014 603 miseratus

437 650 542 706 est,
575 641 872 703 redierunt,
906 647 960 694 et
1006 654 1092 693 res
1147 654 1334 693 eorum
1386 640 1446 693 irr
1493 640 1708 702 melius,
1750 650 1913 710 atque
1961 640 2013 694 in

437 735 719 800 antiquum
746 739 944 786 statum
985 730 1252 785 restituta:
1269 740 1412 784 sunt.
1453 731 1617 801 823
1681 731 1746 784 Et
1792 732 2015 786 benefa-

437 828 583 872 ctum
609 818 864 886 deinceps
889 818 1291 887 regioni,urbes
1323 819 1386 872 de
1417 819 1625 887 integro
1649 819 2013 884 incoluerunt,

439 907 698 980 templum
769 911 1147 976 condiderunt,
1233 909 1664 981 Hierosolymam
1748 913 2018 968 mamilius

437 1005 892 1068 communierunt,
923 1011 976 1057 et
1001 1018 1121 1072 quae
1146 1004 1317 1073 magis
1344 1005 1796 1074 optabant,qnam
1829 1020 2018 1074 spera-

439 1094 591 1156 hant,
621 1095 686 1148 iis
717 1094 891 1148 denuo
924 1102 1050 1147 sunt
1076 1092 1593 1160 perfruitinumaea
1625 1103 1804 1148 autem
1837 1106 1895 1148 ut
1924 1110 2019 1148 va-

440 1195 580 1239 stata
645 1193 756 1249 est,
802 1185 874 1238 ita
919 1185 1239 1253 permansit,
1277 1199 1378 1238 nec
1417 1185 1481 1238 ad
1501 1185 1864 1240 conditionem
1899 1185 2018 1241 feli-

439 1275 640 1330 ciorem
675 1284 853 1329 erecta
887 1273 1196 1344 est.ltaque
1249 1273 1585 1345 gloriﬁcatus
1631 1283 1714 1329 est
1767 1275 1906 1331 Deus
1959 1277 2012 1330 in

441 1367 690 1420 terminis
718 1365 906 1421 Israel.

501 1455 790 1510 Sciendum
811 1471 992 1525 porro,
1014 1457 1173 1511 etiam
1200 1455 1493 1511 secundum
1529 1456 2015 1511 reconditissimum

440 1559 684 1612 sensum,
711 1547 957 1615 quamvis
988 1548 1206 1616 quidam
1235 1547 1403 1600 Deum
1443 1556 1794 1616 agnoscentes
1842 1548 2016 1616 ipsum

439 1635 781 1700 offenderint,
810 1651 875 1690 ac
918 1647 1138 1706 propter
1182 1648 1466 1706 peccatum
1511 1653 1699 1707 pcenas
1750 1639 2018 1706 dederint,

442 1735 624 1782 tamen
650 1744 754 1783 non
773 1727 1013 1783 funditus
1037 1729 1340 1797 perituros;
1376 1746 1498 1784 nam
1532 1730 1694 1796 Deus,
1732 1730 1818 1785 uhi
1845 1747 2019 1800 quan-

443 1825 554 1871 tum
584 1819 716 1874 satis
736 1828 819 1874 est
851 1821 902 1873 in
922 1835 1016 1874 eos
1038 1795 1512 1881 animadverterit,
1548 1795 1929 1885 miseiretnr,’et
1949 1824 2015 1875 ad
2047 1795 2090 1850 Β

439 1925 756 1982 prosperum
794 1921 990 1966 statum
1031 1927 1124 1968 eos
1189 1913 1416 1967 reducit.
1485 1911 1779 1973 Terrenum
1837 1924 2013 1968 autem

444 2000 700 2056 an‘ectum
745 2002 1118 2072 diligentibus,
1170 2012 1224 2059 et
1267 2003 1332 2056 ad
1382 2003 1494 2058 sola
1544 2019 1664 2074 quae
1691 2007 1867 2059 carnis
1893 2014 2018 2064 sunt

444 2091 879 2159 respicientibus,
907 2092 1227 2147 adversatur
1251 2107 1484 2161 semper,
1520 2100 1573 2147 et
1604 2094 1697 2146 ira:
1727 2110 1838 2148 sua:
1859 2109 2019 2163 super

443 2181 564 2236 illos
601 2191 810 2249 tempus
833 2183 1123 2251 producit:
1165 2200 1183 2233 ι
1219 2180 1570 2237 Vocabuntur
1621 2184 1791 2250 enim,
1819 2185 2014 2254 inquit,

442 2271 548 2327 illis
577 2273 790 2327 termini
817 2274 1130 2342 impietatis,
1168 2283 1222 2327 et
1261 2273 1492 2344 populus
1530 2289 1692 2342 super
1730 2289 1888 2344 quem
1919 2292 2017 2330 ex-

445 2373 628 2419 tensus
657 2372 738 2418 est
769 2364 1031 2419 Dominus
1060 2365 1110 2418 in
1138 2376 1424 2419 mternnm.
1466 2383 1485 2416 ι

515 2453 680 2510 Vatis.
711 2455 764 2508 6.
787 2452 962 2509 Filius
985 2456 1252 2526 glori/ica:
1280 2465 1504 2523 patrem,
1548 2467 1595 2509 et
1622 2473 1800 2510 servus
1851 2457 2020 2511 domi-

439 2563 564 2604 num
601 2564 772 2601 suum.
805 2546 871 2601 Et
902 2549 948 2602 si
977 2556 1125 2616 pater
1158 2562 1272 2598 sum
1298 2561 1410 2614 ego,
1434 2544 1519 2597 ubi
1555 2555 1628 2599 est
1671 2547 1840 2616 gloria
1867 2551 2020 2602 mea?

441 2648 491 2692 et
527 2640 571 2691 si
593 2639 836 2704 dominus
875 2655 990 2692 sum
1029 2654 1142 2707 ego,
1180 2634 1266 2689 ubi
1290 2643 1366 2688 est
1443 2636 1599 2689 timor
1654 2638 1840 2690 meus?
1894 2638 2017 2690 dicit

442 2726 699 2781 Dominus
718 2729 1063 2795 omnipotens.

511 2818 623 2872 Vll.
649 2817 900 2873 Limitem
931 2818 1156 2872 rationis
1187 2833 1439 2888 egressos
1478 2820 1870 2887 contempsisse
1903 2836 2021 2889 ane

445 2908 667 2962 minime
693 2909 996 2978 oportebat,
1022 2910 1261 2963 ostendit
1284 2911 1502 2979 ubique.
1535 2910 1698 2979 Frugi
1723 2911 1865 2964 enim
1899 2913 2022 2965 [iliis

444 3000 822 3066 conveniebat,
859 3009 914 3055 et
945 3001 1160 3070 quidem
1183 3003 1308 3071 jure
1338 3003 1626 3056 admodum
1652 3020 1715 3057 ac
1740 3005 2023 3070 merito,ut

445 3091 611 3160 patris
633 3093 713 3145 sui
733 3091 956 3160 gloriam
974 3094 1365 3160 procurandum
1384 3096 1526 3148 serio
1546 3097 1901 3165 Susciperent,
1919 3114 2020 3164 quo

446 3185 519 3234 ila
549 3182 730 3252 inclyti
760 3183 926 3252 patris
956 3181 1048 3236 lilii
1071 3193 1418 3238 vocarentur.
1449 3183 1563 3238 Jam
1597 3187 1638 3238 si
1667 3187 1787 3255 quis
1821 3190 2013 3255 ﬁdelis,

447 3287 540 3324 seu
573 3288 860 3339 germanus
890 3273 961 3327 sit
996 3273 1262 3340 minister,
1296 3277 1460 3329 etiam
1518 3278 1792 3331 dominum
1861 3296 2016 3336 suum

446 3363 867 3428 celcbremﬁeri,
902 3374 956 3418 et
994 3380 1100 3420 non
1131 3366 1443 3432 obscurum,
1485 3377 1539 3421 et
1599 3369 1743 3423 velut
1798 3374 2019 3440 pedibus

446 3454 734 3522 protritum
771 3469 1012 3520 manere,
1044 3470 1368 3525 magnopere
1389 3458 1614 3526 Optabit.
1647 3457 1778 3512 Nam
1811 3462 2020 3530 sicipse

447 3560 663 3616 quoque
687 3555 890 3615 partem
914 3545 1206 3614 felicitatis,
1231 3562 1350 3615 (piae
1385 3549 1434 3602 in
1493 3550 1578 3604 his
1629 3561 1731 3614 est,
1767 3554 1921 3620 feret,
1967 3563 2021 3608 et

449 3640 590 3704 quod
641 3639 740 3692 sibi
796 3651 1117 3694 ornamento
1149 3641 1220 3694 sit
1254 3639 1434 3704 faciet,
1467 3652 1520 3696 et
1542 3659 1659 3697 eam
1682 3660 1906 3699 summae
1929 3662 2022 3700 vo—

449 3729 669 3798 luptatis
693 3732 1034 3786 occasionem
1086 3733 1186 3786 sibi
1222 3733 1401 3787 ducet.
1465 3734 1568 3788 Vos
1595 3748 1797 3799 autem,
1829 3737 2018 3805 inquit,

449 3836 569 3874 cum
596 3837 677 3874 me
702 3833 759 3876 ut
813 3832 1020 3891 patrem
1079 3823 1372 3889 honorare,
1427 3836 1588 3894 atque
1637 3836 1694 3880 ut
1741 3829 2019 3882 dominum

452 3909 642 3962 limere
673 3911 962 3976 deberetis,
992 3910 1043 3963 in
1075 3911 1337 3966 ambobus
1354 3927 1457 3963 non
1488 3929 1675 3981 parum
1732 3915 1799 3967 ab
1832 3914 1917 3967 om
1933 3915 2022 3968 cio

451 4001 854 4065 descivistis,et
886 4002 1232 4056 im'eniemini
1289 4019 1387 4058 nec
1447 4014 1504 4057 ut
1544 4007 1678 4074 patri
1737 4007 2018 4074 honorem,

449 4107 552 4146 nec
590 4102 646 4145 ut
675 4093 892 4146 domino
929 4095 1173 4149 timorem
1208 4093 1600 4162 impertientes.
1639 4093 1737 4148 Ubi
1773 4098 1916 4150 enim
1941 4107 2025 4150 est

451 4183 625 4235 honor
657 4183 850 4236 meus?
880 4184 964 4239 ubi
999 4185 1180 4250 timor,
1215 4185 1258 4238 si
1294 4184 1422 4236 nihil
1448 4186 1513 4235 ad
1572 4185 1799 4253 gloriam
1848 4202 2021 4239 meam

451 4275 728 4340 pertinens
750 4273 928 4328 facere
961 4276 1261 4337 sustinetis,
1287 4288 1461 4340 neque
1486 4289 1700 4341 pcenam
1737 4294 1762 4328 a
1804 4277 2022 4336 domino

454 4373 780 4428 metuentes,
811 4363 1099 4434 ejusjussa
1128 4370 1445 4438 capessitis?
1508 4367 1814 4422 Istiusmodi
1865 4369 2022 4437 quip-

453 4456 596 4522 piam
631 4470 727 4523 per
759 4455 952 4512 Isaiam
993 4474 1207 4529 quoque
1250 4461 1380 4516 dicit
1411 4479 1421 4513 :
1468 4478 1485 4510 ι
1547 4459 1707 4520 Audi,
1729 4457 1946 4523 omium,
1971 4469 2026 4513 et
2058 4486 2102 4540 ι)

453 4546 674 4599 auribus
697 4549 926 4616 percipe,
980 4561 1140 4615 terra,
1179 4552 1304 4620 quia
1349 4551 1606 4604 Dominus
1661 4549 1870 4604 locutus
1898 4560 2024 4616 est;

450 4633 617 4690 Filios
670 4640 826 4707 genui
879 4648 933 4694 et
1002 4641 1255 4704 exdtavi,
1313 4641 1412 4709 ipsi
1468 4651 1647 4694 autem
1704 4651 2026 4710 spreverunt

453 4726 622 4780 me".
654 4746 671 4779 ›
707 4727 1006 4793 Quaerenda
1034 4728 1197 4796 igitur
1217 4744 1244 4780 a
1272 4730 1443 4791 nobis,
1474 4744 1590 4797 qua:
1615 4729 1726 4784 Deo
1775 4742 1901 4785 sunt
1931 4731 2026 4786 ho-

452 4817 698 4883 noriﬁca,
761 4830 815 4872 et
861 4821 924 4872 ad
996 4835 1158 4888 opera
1213 4821 1868 4886 sanctaincumbentium,
1902 4838 2023 4878 cum

449 4911 691 4965 sciamus
727 4913 987 4980 scriptum
1021 4926 1173 4965 esse:
1215 4931 1232 4963 ι
1274 4912 1408 4966 Vivo
1437 4929 1556 4983 ego,
1583 4914 1715 4968 dicit
1743 4915 2021 4982 Dominus,

453 5000 573 5066 ’μήθ
609 5001 971 5070 gloriﬁcantes
1000 5017 1084 5055 me
1110 5003 1441 5071 glorificabo,
1473 5003 1639 5074 824
1661 5013 1713 5056 et
1738 5006 1824 5072 qui
1891 5021 2022 5060 con-

453 5094 772 5158 n-mnitme,
799 5101 1174 5149 contemnelnr
1208 5094 1273 5147 ⁸³.
1308 5113 1325 5145 ι
1370 5094 1769 5149 Gluriiicahitnr
1793 5109 2022 5151 autem:

450 5179 611 5234 nobis
660 5180 820 5234 Pater
849 5179 1220 5235 universorum
1254 5183 1415 5247 Deus,
1449 5184 1494 5237 si
1538 5200 1640 5236 non
1674 5185 1813 5253 quod
1874 5187 2027 5240 nobis

445 5267 745 5332 jucundum
769 5279 824 5323 et
853 5269 1084 5324 amicum
1127 5282 1229 5338 est,
1259 5289 1418 5343 agere
1476 5277 1845 5329 studuerimus
1866 5317 1881 5341 ,
1935 5277 2027 5330 sed

459 5363 533 5416 iiIi
558 5364 734 5432 potius
762 5370 994 5416 mentem
1018 5375 1254 5418 nostram
1302 5367 1734 5421 dedicaverimus
1758 5369 1887 5421 etin
1913 5385 2030 5422 om-

459 5455 618 5509 nibus
644 5453 711 5509 ad
735 5454 854 5524 ejus
888 5463 1071 5508 nulum
1100 5473 1196 5512 nos
1228 5458 1764 5514 conformarerimns.
1804 5459 2032 5513 Timebi-

458 5562 579 5602 mus
601 5561 730 5602 vero
751 5557 808 5600 ut
838 5548 1145 5611 Dominum,
1172 5551 1214 5604 si
1245 5552 1657 5619 propensionem
1679 5551 1742 5606 ad
1774 5551 2031 5620 improbi-

530 5716 574 5746 "
601 5723 704 5780 lsa.
739 5741 775 5788 ι,
811 5727 864 5780 2.
947 5727 990 5758 "
1022 5724 1038 5779 Ι
1067 5723 1196 5796 Reg.
1225 5726 1397 5794 11,50.

2129 549 2344 616 Ἐπειδὴ
2373 550 2428 603 δὲ
2458 549 2810 618 πεπραχότας
2839 547 3058 612 ἀθλίως,
3089 550 3184 602 καὶ
3220 547 3594 626 ἀποχρώντως
3624 565 3733 601 κε-

2117 640 2506 711 κολασμένους,
2543 641 2879 711 κατηλέησεν
2909 641 2936 692 ὁ
2965 640 3118 705 Θεὸς,
3161 639 3605 711 ἀνεκομίσθησαν
3635 644 3724 703 είς

2117 731 2178 784 τὸ
2225 730 2318 784 ἀπ’
2351 730 2546 800 ἀρχῆς,
2581 729 2979 796 ἀνενεγκόντων
3035 731 3218 792 αὐτοῖς
3257 730 3348 782 ἐπὶ
3394 731 3456 782 τὸ
3490 731 3714 798 ἄμεινον

2116 820 2225 874 τῶν
2261 821 2624 898 πραγμάτων.
2654 821 2763 874 Καὶ
2801 820 2989 888 γέγονε
3031 822 3127 890 μὲν
3152 824 3208 875 ἐν
3239 821 3506 898 εὐπαθείᾳ
3539 825 3571 893 ὴ
3605 820 3691 891 χὼ

2119 929 2209 983 pa,
2234 913 2590 982 κατῳκήκασι
2623 911 2680 964 δὲ
2710 910 2808 972 τὰς
2842 912 3045 976 πόλεις,
3071 913 3423 988 ἀνεδείμαντο
3446 913 3538 966 τὸν
3565 914 3694 966 ναὸν
3717 956 3731 981 ,

2117 1003 2460 1073 ἀνετείχισαν
2488 1004 2585 1074 τὴν
2625 1003 3001 1075 Ἰερουσαλὴμ,
3045 1005 3140 1058 καὶ
3170 1009 3424 1072 γεγόνασι
3463 1008 3624 1061 πάλιν
3653 1009 3723 1058 ὲ)

2117 1097 2229 1158 τοῖς
2257 1097 2386 1165 παρ’
2419 1095 2612 1148 ἐλπίδα
2663 1097 2755 1147 καὶ
2790 1095 2911 1148 κατ’
2951 1096 3138 1166 εὐχήν.
3159 1095 3222 1148 Ἢ
3248 1097 3303 1150 δέ
3333 1115 3396 1165 γε
3421 1097 3532 1150 τῶν
3548 1098 3671 1150 Ίδοι
3694 1125 3720 1137 -

2121 1187 2296 1258 μαίων
2339 1188 2626 1258 ἠρήμωται
2679 1185 2851 1258 χώρα,
2887 1187 2977 1240 καὶ
3036 1187 3342 1257 μεμένηκεν
3390 1190 3447 1240 ἐν
3493 1190 3713 1250 κακοῖς,

2117 1281 2218 1332 οὐκ
2243 1279 2603 1348 ἀνασφήλασα
2637 1279 2767 1348 περὶ
2787 1277 2848 1330 τὸ
2872 1276 3125 1347 ’ἀμεινον.
3152 1277 3362 1338 Οὐκοῦν
3390 1278 3715 1352 δεδόξασται

2119 1371 2252 1434 Θεὸς
2275 1373 2332 1423 ὲν
2357 1374 2471 1432 τοῖς
2499 1371 2669 1440 ὁρίοις
2712 1367 2955 1439 Ἰσραήλ.

2203 1463 2398 1516 ’ἰστέον
2431 1461 2508 1529 δὲ,
2547 1461 2628 1514 ὅτι
2660 1463 2755 1513 καὶ
2799 1459 2939 1512 κατὰ
2989 1460 3079 1512 τὸν
3125 1459 3392 1514 ὲσώτατον
3423 1461 3568 1525 νοῦν,
3603 1463 3712 1518 κᾶν

2122 1555 2171 1606 εί
2222 1555 2280 1606 ὲν
2320 1553 2684 1625 προσκρούσει
2725 1551 2959 1619 γένοιντό
2991 1569 3138 1614 τινες
3168 1551 3273 1604 τῶν
3304 1552 3522 1607 εἰδότων
3547 1553 3705 1620 Θεὸν,

2123 1645 2226 1698 κᾶν
2259 1647 2305 1697 εί
2336 1645 2673 1698 παιδεῦοιντο
2719 1643 2786 1696 δι’
2820 1645 3116 1713 ἁμαρτίαν,
3160 1643 3272 1697 ἀλλ’
3307 1639 3400 1697 οὖν
3444 1645 3544 1697 οὐκ
3597 1647 3710 1698 εἰσ-

2125 1736 2270 1790 ἀπαν
2305 1737 2499 1798 αὐτοὺς
2530 1734 2825 1788 ἀπολέσθαι
2873 1735 3160 1804 συμϐαίνει
3186 1751 3199 1764 ’
3249 1735 3618 1805 κατοικτείρει
3646 1735 3702 1788 δὲ

2118 1825 2248 1888 Θεὸς
2286 1824 2578 1886 παιδεύσας
2606 1823 2938 1894 ἀρκοῦντως,
2967 1825 3060 1877 καὶ
3088 1823 3411 1894 ἀνακομίζει
3441 1824 3602 1877 πάλιν
3627 1826 3705 1887 εἰς

2119 1916 2400 1986 εὐθυμίαν.
2435 1916 2559 1978 Τοῖς
2606 1914 2659 1967 δέ
2699 1932 2762 1982 γε
2807 1915 2867 1968 τὸ
2907 1917 3090 1986 γήϊνον
3129 1915 3386 1983 ἀγαπῶσι
3430 1916 3702 1986 φρόνημα,

2119 2007 2212 2059 καὶ
2237 2008 2315 2068 είς
2349 2005 2484 2076 μόνα
2527 2005 2781 2074 βλέπουσι
2807 2004 2873 2058 τὰ
2905 2006 3124 2076 σαρκὸς,
3157 2006 3391 2079 μάχεται
3420 2005 3702 2075 διηνεκῶς,

2118 2095 2213 2149 καὶ
2262 2095 2358 2166 τῆς
2403 2095 2489 2147 ἐπ’
2519 2095 2702 2156 αὐτοῖς
2740 2094 2909 2170 ὀργῆς
2958 2097 3256 2170 παρατενεῖ
3300 2095 3426 2158 τοὺς
3456 2095 3704 2165 χρόνους.

2126 2204 2144 2234 ι
2179 2184 2524 2255 κληθήσεται
2564 2185 2694 2255 γὰρ,
2725 2185 2913 2255 φησὶν,
2944 2185 3126 2256 αὐτοῖς
3159 2185 3284 2256 ὅρια
3333 2185 3584 2254 ἀνομίας,
3616 2188 3707 2240 καὶ

2119 2278 2247 2342 λαὸς
2276 2280 2362 2347 ἐφ’
2400 2279 2457 2330 ὃν
2491 2278 2866 2348 παρατέταται
2888 2276 3090 2349 Κύριος
3119 2276 3225 2340 ἕως
3251 2275 3466 2342 αἰῶνος.
3515 2294 3534 2327 ι

2199 2450 2331 2516 Υἱὸς
2376 2448 2606 2513 δοξάζει
2643 2448 2886 2516 πατέρα,
2927 2449 3027 2502 καὶ
3076 2447 3301 2514 δοῦλος
3354 2448 3462 2502 τὸν
3502 2451 3708 2518 κύριον

2120 2541 2325 2594 αὐτοῦ.
2360 2541 2466 2592 Καὶ
2500 2544 2548 2593 εί
2575 2539 2770 2607 πατήρ
2808 2542 2926 2609 ειμι
2956 2539 3095 2609 ἐγὼ,
3129 2540 3250 2594 ποῦ
3289 2541 3463 2595 ἐστιν
3489 2542 3526 2610 ἠ
3560 2543 3705 2608 δόξα

2117 2650 2274 2702 μους
2311 2631 2408 2686 καὶ
2442 2633 2493 2684 εὶ
2523 2633 2728 2698 κύριός
2769 2616 2884 2700 ειμι
2926 2631 3061 2700 ἐγὼ,
3099 2632 3215 2686 ποῦ
3261 2631 3434 2686 ἐστιν
3462 2637 3495 2688 ὁ
3525 2636 3709 2704 φόϐος

2122 2740 2240 2791 μου
2266 2738 2284 2785 ;
2313 2721 2476 2791 λέγει
2510 2724 2722 2788 Κύριος
2758 2721 3204 2790 παντοκράτωρ.

2193 2812 2265 2864 Ζ’.
2312 2812 2456 2877 Ἔξω
2503 2811 2596 2864 τοῦ
2643 2809 2971 2879 καθήκοντος
3030 2812 3207 2875 ἰόντας
3251 2812 3435 2880 λόγου,
3484 2817 3578 2868 καὶ
3633 2809 3709 2870 ὧν

2122 2904 2320 2972 ἥκιστα
2342 2902 2480 2972 χρῆν
2501 2900 2738 2970 ἀφειδεῖν
2759 2901 3090 2971 ᾑρημένους,
3119 2903 3408 2970 ἀποφαίνει
3434 2905 3708 2976 πανταχῆ.

2124 2994 2246 3056 Τοῖς
2283 2993 2381 3063 μὲν
2419 2997 2528 3063 γὰρ
2573 2994 2840 3044 ἐπιεικέσι
2895 2991 3003 3044 τῶν
3058 2991 3190 3044 υίῶν
3241 2994 3440 3063 πρέποι
3491 2996 3579 3060 ἂν,
3617 2998 3709 3049 καὶ

2129 3082 2272 3153 μάλα
2304 3083 2548 3145 εἰκότως,
2583 3081 2645 3134 τὸ
2673 3082 3083 3152 μεταποιεῖσθαι
3118 3083 3323 3154 σφόδρα
3351 3085 3453 3155 τῆς
3483 3087 3576 3140 τοῦ
3613 3088 3711 3157 φύς

2126 3191 2318 3237 σαντος
2356 3173 2534 3243 δόξης,
2574 3173 2660 3225 ἵνα
2707 3173 2800 3224 καὶ
2845 3172 3232 3227 εὐκλεεστάτου
3273 3174 3474 3246 πατρὸς
3513 3177 3710 3249 ὀνομά-

2127 3266 2323 3330 ζωνται
2367 3265 2552 3317 τέκνα.
2587 3266 2647 3317 El
2689 3264 2742 3316 δὲ
2775 3264 2838 3336 δὴ
2868 3281 2951 3326 τις
2980 3264 3063 3334 εἴη
3100 3264 3196 3317 καὶ
3224 3265 3440 3335 οὲκέτης
3466 3269 3708 3341 γνήσιος,

2127 3356 2399 3429 περιφανῆ
2428 3374 2529 3409 που
2583 3357 2798 3419 πάντως
2833 3357 2925 3408 καὶ
2968 3355 3250 3425 διαϐόητον
3277 3357 3367 3410 τὸν
3393 3361 3592 3415 οἰκεῖον
3621 3362 3710 3415 ei).

2128 3455 2275 3521 ξεται
2301 3455 2550 3523 γενέσθαι
2584 3455 2868 3525 δεσπότην,
2904 3455 3003 3507 οὐκ
3053 3454 3265 3525 ἄσημον
3316 3451 3456 3509 εἶναι
3491 3457 3582 3510 καὶ
3615 3474 3711 3510 πε-

2129 3547 2458 3617 πατημένον.
2493 3545 2721 3611 Μεθέξει
2763 3547 2867 3616 γὰρ
2898 3546 3038 3599 οὓτω
3090 3548 3183 3598 καὶ
3223 3547 3386 3609 αὐτὸς
3419 3548 3520 3618 τῆς
3554 3548 3611 3602 ἐν
3650 3565 3723 3616 γε,

2128 3637 2334 3701 τούτοις
2360 3639 2456 3708 εὑη
2468 3637 2680 3707 μερίας,
2706 3639 2800 3689 καὶ
2823 3636 3083 3706 καύχημα
3107 3637 3166 3689 τὸ
3189 3638 3378 3708 χρῆμα
3402 3640 3708 3707 ποιήσεται,

2129 3730 2224 3783 καὶ⁹
2284 3729 2551 3800 θυμηδίας
2608 3731 2708 3799 τῆς
2767 3729 3049 3798 ἀνωτάτης
3105 3728 3367 3796 λογιεῖται
3417 3730 3708 3800 πρόφασιν.

2141 3816 2328 3884 Ὑμεῖς
2355 3816 2431 3875 δὲ,
2465 3817 2647 3885 φησὶν,
2673 3816 2749 3878 ὡς
2779 3815 2994 3886 πατέρα
3023 3832 3090 3885 με
3112 3816 3352 3880 δοξάζειν
3385 3818 3709 3887 ὀφείλοντες,

2130 3907 2356 3972 δεδιέναι
2406 3907 2463 3960 δὲ
2514 3910 2607 3961 καὶ
2660 3907 2734 3970 ὼς
2777 3908 3066 3976 δεσπότην,
3103 3908 3223 3961 κατ’
3253 3908 3422 3987 ἄμιρω
3450 3909 3546 3962 τοῦ
3578 3914 3709 3982 πρέ-

2131 4012 2322 4058 ποντος
2354 3996 2414 4047 οὐ
2445 3997 2678 4066 μετρίως
2702 3995 3114 4066 διημαρτήκατε
3138 4013 3150 4025 ’
3183 3996 3458 4050 ἁλώσεσθε
3485 3998 3539 4050 δὲ
3575 4003 3711 4068 μήτε

2131 4087 2206 4150 ὡς
2231 4087 2400 4156 πατρὶ
2427 4087 2522 4158 τὴν
2553 4088 2732 4153 δόξαν,
2769 4089 2904 4157 μήτε
2931 4088 3037 4158 μὴν
3062 4088 3136 4151 ὡς
3164 4087 3395 4169 δεσπότῃ
3423 4091 3514 4143 τὸν
3551 4091 3711 4159 φόϐον

2130 4177 2480 4238 ἀνάπτοντες.
2514 4177 2622 4229 Πυῦ
2651 4177 2760 4246 γὰρ
2794 4178 2826 4245 ἡ
2853 4176 2979 4239 δόξα
3011 4193 3115 4245 μου
3139 4193 3152 4240 ;
3182 4177 3283 4230 ποῦ
3313 4178 3368 4231 δὲ
3399 4181 3425 4231 ό
3454 4179 3639 4246 φόϐος,
3665 4181 3712 4232 εί

2135 4265 2299 4334 μηδὲν
2348 4265 2455 4317 τῶν
2499 4267 2578 4328 εἰς
2633 4265 2786 4329 δόξαν
2832 4264 3080 4335 δρώντων
3129 4266 3226 4334 τὴν
3277 4267 3411 4337 ἐμὴν
3453 4268 3713 4338 ἀνέχεσθε

2130 4356 2285 4427 δρᾷν,
2312 4357 2449 4428 μήτε
2481 4359 2587 4428 μὴν
2615 4357 2677 4409 τὸ
2696 4355 3018 4420 κολάζεσθαι
3045 4356 3299 4421 δεδιότες,
3318 4362 3426 4421 τοῖς
3451 4359 3709 4414 δεσπότου

2132 4449 2306 4501 εἴκετε
2365 4448 2586 4518 νόμοις;
2643 4448 2785 4516 Ἔφη
2847 4466 2898 4500 τι
2956 4447 3195 4501 τοιοῦτον
3244 4450 3336 4502 καὶ
3391 4450 3478 4502 διὰ
3531 4453 3712 4520 φωνῆς

2144 4540 2399 4592 Ἡσαΐου·
2439 4540 2692 4602 ιἈκουε,
2725 4539 2940 4606 οὐρανέ,
2978 4538 3072 4591 καὶ
3109 4537 3439 4609 ἑνωτίζου,ἠ
3490 4540 3581 4608 γῆ,
3633 4541 3710 4592 ὅτι

2132 4629 2335 4698 Κύριος
2357 4629 2646 4698 ἐλάλησεν·
2670 4629 2833 4692 Υἰοὺς
2859 4630 3143 4697 ἐγέννησα,
3177 4629 3272 4682 καὶ
3302 4628 3492 4698 ὕψωσα
3511 4647 3524 4659 ·
3559 4631 3712 4682 αὐτοὶ

2131 4721 2187 4774 δέ
2216 4739 2282 4790 με
2312 4722 2608 4790 ἠθέτησαν.
2632 4740 2648 4772 ι
2678 4722 2800 4792 Χρὴ
2826 4721 3004 4782 τοίνυν
3039 4721 3186 4789 ἡμᾶς
3209 4719 3274 4772 τὰ
3299 4721 3379 4782 είς
3404 4717 3710 4788 δόξαν-Θεοῦ

2133 4813 2334 4882 ζητεῖν,
2370 4813 2462 4865 καὶ
2515 4811 2622 4881 μὴν
2668 4813 2763 4864 καὶ
2810 4810 3124 4877 ἐπείγεσθαι
3173 4808 3493 4878 κατορθοῦν,
3526 4807 3585 4861 τὸ
3621 4825 3711 4878 γε-

2132 4903 2451 4974 γραμμένον
2481 4903 2720 4966 εἰδόταςο
2758 4921 2775 4952 ι
2801 4901 2887 4954 Ζῶ
2917 4900 3045 4968 ἐγὼ,
3072 4902 3220 4969 λέγει
3245 4901 3466 4972 Κύριος,
3485 4901 3567 4954 ὅτι
3592 4903 3715 4965 τοὺς

2129 4989 2450 5064 δοξάζοντας
2476 5013 2543 5065 με
2569 4995 2798 5059 δοξάσω,
2828 4994 2921 5048 καὶ
2947 4996 2974 5047 ὁ
2998 4993 3296 5059 ἑξουθενῶν
3327 5011 3416 5064 με,
3439 4993 3707 5062 ἀτιμωθή-

2134 5108 2306 5144 σεται.
2338 5109 2354 5140 ι
2394 5089 2687 5152 Δοξάσεται
2715 5087 2771 5138 δὲ
2797 5085 2932 5154 πρὸς
2957 5085 3115 5156 ἡμῶν
3145 5089 3172 5139 ό
3199 5086 3386 5156 Πατὴρ
3407 5087 3435 5138 ὁ
3456 5084 3563 5137 τῶν
3582 5085 3710 5136 ὅλων

2131 5183 2280 5247 Θεὸς,
2318 5182 2439 5251 οὐχὶ
2480 5181 2540 5234 τὸ
2570 5180 2752 5242 αὐτοῖς
2782 5180 2913 5249 ἡμῖν
2939 5177 3038 5250 ἡδύ
3089 5195 3149 5230 τε
3194 5179 3287 5230 καὶ
3318 5177 3471 5246 φίλον
3504 5178 3712 5229 ἀποπε-

2134 5275 2336 5344 ραίνειν
2390 5271 2834 5335 ἐσπουδακότων,
2894 5269 3322 5323 ἀνατεθεικότων
3392 5268 3450 5320 δὲ
3517 5267 3712 5337 μᾶλλον

2129 5366 2278 5435 αὖτῷ
2326 5365 2416 5418 τὸν
2461 5362 2608 5428 νοῦν,
2642 5363 2878 5425 καὶτοῖς
2928 5360 3094 5415 αὑτοῦ
3142 5359 3405 5427 νεύμασιν
3435 5358 3711 5428 ἑπομένων

2132 5455 2426 5527 πανταχοῦ.
2459 5455 2884 5527 Φοϐηθησόμεοα
2920 5453 2974 5505 δὲ
3016 5452 3107 5505 καὶ
3145 5452 3221 5514 ὡς
3253 5449 3477 5520 Κύριον,
3506 5449 3603 5519 τὴν
3635 5450 3709 5512 είς

2131 5548 2437 5619 φαυλότητα
2469 5547 2639 5618 ῥοπὴν
2661 5545 3057 5606 ἀνακόπτοντες
3080 5542 3215 5597 αἰδοῖ
3239 5542 3330 5595 τοῦ
3356 5542 3710 5612 προσκρούειν
