3934 6318
467 290 565 343 ιιῑξι

471 290 565 343 3:21
1527 279 1585 336 s.
1627 262 1900 336 citati.“
1943 265 2408 335 ALEXANDRINI
2449 262 2765 338 Attentrzii.

3649 267 3746 351 ias

467 414 713 459 canorum
751 398 818 452 “.
853 415 872 448 ι
910 395 1064 450 Purae
1106 397 1268 466 igitur
1296 406 1350 450 et
1391 395 1744 450 sanctiﬁcata?
1782 405 1836 450 et
1866 410 2069 466 azyma:

2177 394 2397 465 παλαιᾷ,
2434 396 2565 466 μηδὲ
2595 400 2653 451 ὲν
2688 399 2834 469 ζύμῃ
2867 399 3064 464 κακίας
3101 403 3196 455 καὶ
3232 402 3517 472 πονηρίας,
3552 404 3662 460 ἀλλ’
3694 411 3747 462 ἐν

469 494 593 545 vita:
626 494 726 546 hoc
747 505 913 560 genus
942 488 1093 556 panis
1123 495 1206 540 est
1228 485 1870 557 symbolumﬂfferebaut
1897 487 2062 556 igitur

472 601 570 653 pro
599 597 676 649 se,
714 580 847 636 utin
879 579 1018 649 typis
1045 579 1222 632 adhuc
1261 586 1315 632 et
1373 578 1607 641 mubris,
1635 579 1726 646 qui
1761 579 2057 634 secundum

472 677 643 743 legem
682 688 848 742 panes
868 669 1087 742 az’ymos
1104 681 1157 724 et
1178 683 1366 741 azyma
1395 659 1714 725 oﬂ'erebant.

2168 485 2397 554 ἀζύμοις
2455 485 2806 558 εἰλικρινείας
2851 492 2944 543 καὶ
2990 491 3267 563 ἀληθείας.
3303 513 3319 546 ι
3376 497 3484 548 Καὶ
3548 498 3743 551 πάλιν·

2173 594 2191 625 ι
2214 573 2589 646 Ἐκκαθάρατε
2616 573 2710 630 οὖν
2737 579 2838 649 τὴν
2868 581 3107 635 παλαιὰν
3133 581 3196 646 ξύ
3206 601 3335 654 μην,
3374 585 3461 638 ἵνα
3504 581 3603 656 ἦτε
3642 593 3746 641 νέον

2167 667 2418 737 φύραμα,
2445 667 2629 731 καθώς
2666 671 2790 723 ἐστε
2827 671 3047 742 ἄζυμοι.
3072 692 3091 724 ι
3123 675 3422 747 Παρεγγυᾷ
3441 677 3499 730 δὲ
3521 679 3749 746 Χριστὶς

470 772 584 834 τοῖς
635 769 813 838 ἁγίοις
849 766 1214 831 εάποστὸλοις,
1261 764 1404 820 οὕτω
1454 764 1667 833 λέγων’
1707 783 1726 816 ι
1757 763 2062 835 Προσέχετε
2099 761 2208 816 ἀπὸ
2273 761 2373 830 τῆς
2413 760 2592 833 ζύμης
2665 761 2774 814 τῶν
2802 765 3110 834 Φαρισαίων
3166 767 3259 819 καὶ
3304 767 3697 822 Σαδδουκαίων.
3729 788 3778 838 »ε

472 865 681 920 Οὐκοῦν
725 863 976 932 καθαρᾶς
1010 863 1103 915 καὶ
1135 855 1482 933 ἠγιασμένης
1529 861 1621 915 καὶ
1668 860 1878 931 ἀζύμου
1919 858 2064 929 ζωῆς
2103 858 2328 927 σημεῖον
2374 855 2404 908 ὁ
2447 857 2630 927 ἄρτος.
2702 859 3112 929 Προσεκόμιζον
3175 860 3356 914 τοίνυν
3401 861 3517 915 ἀνθ’
3551 847 3780 915 ἑαυτῶν

471 960 547 1024 ὡς
585 962 641 1013 ὲν
671 959 862 1022 τύποις
887 958 966 1010 ἔτι
997 958 1092 1010 καὶ
1144 958 1322 1018 σκιαῖς
1348 957 1398 1007 oi
1466 955 1836 1026 προσάγοντες
1872 953 2072 1024 ἄρτους
2107 968 2166 1004 τε
2199 949 2444 1020 ἀζύμους
2467 951 2562 1003 καὶ
2588 949 2776 1022 ἄζυμα
2801 953 2942 1006 κατά
2971 953 3062 1006 τὸν
3091 953 3276 1023 νόμον.
3770 934 3781 950 ³

547 1054 818 1119 Quoniam
851 1060 1030 1104 autem
1059 1050 1514 1114 catechumenos,
1540 1058 1593 1103 et
1621 1049 1690 1103 ita
1723 1065 1819 1118 per
1847 1061 2066 1102 sacrum

473 1146 746 1214 baptisma
771 1142 1008 1196 nondum
1034 1159 1063 1196 a
1098 1149 1322 1212 peccato
1363 1149 1621 1210 purgatos
1673 1129 1928 1195 Ecclesiis
1962 1143 2068 1193 non

475 1235 723 1304 ejicimus
756 1250 878 1288 cum
909 1214 1480 1304 Deum'glorilicamus
1515 1249 1528 1286 :
1569 1231 1700 1300 quin
1758 1245 1854 1286 eos
1889 1230 2070 1298 potius

476 1327 531 1382 in
558 1324 980 1379 consummando
1002 1323 1272 1378 sacriﬁcio
1299 1320 1473 1376 laudis
1493 1321 1670 1376 socios
1695 1320 2068 1383 adsciscimus,

478 1419 601 1473 ideo
636 1417 716 1470 lex
752 1416 804 1468 in
843 1415 1167 1469 fermentato
1199 1413 1372 1478 illam,
1429 1411 1879 1482 gloriﬁcationem
1907 1418 2057 1480 puta,

477 1509 778 1564 faciendam
815 1508 1014 1578 inquit,
1046 1507 1185 1562 sicut
1219 1508 1326 1561 dixi
1365 1521 1379 1559 :
1415 1505 1613 1562 veteris
1644 1505 1900 1575 nequitiae
1931 1505 2058 1560 reli-

479 1603 657 1670 quias,
684 1601 836 1669 quasi
867 1599 1134 1668 quoddam
1193 1598 1519 1652 fermentum
1562 1597 1616 1650 in
1675 1601 1734 1651 Se
1773 1593 2060 1650 habentem

479 1691 811 1761 significans,
829 1705 1020 1758 panem
1049 1689 1430 1744 fermentatum
1451 1703 1547 1757 per
1567 1685 1797 1757 aenigma
1821 1685 2058 1740 nondum

2247 1042 2468 1114 Ἐπειδὴ
2496 1044 2553 1096 δὲ
2593 1045 2687 1099 καὶ
2717 1045 2844 1109 τοὺς
2869 1045 2950 1099 ἔτι
2984 1045 3444 1117 κατηχουμένους,
3480 1045 3576 1099 καὶ
3608 1044 3753 1100 οὔπω

2163 1137 2261 1208 τὴν
2311 1136 2587 1207 ἁμαρτίαν
2639 1137 3062 1207 ὲκνενιμμένους
3112 1136 3200 1190 διὰ
3241 1135 3335 1190 τοῦ
3371 1137 3529 1205 ἁγίου
3565 1137 3751 1208 βαπτί-

2167 1243 2392 1297 σματος,
2419 1227 2518 1281 οὐκ
2545 1227 2904 1297 ἐκπέμπομεν
2924 1227 3034 1280 τῶν
3065 1227 3403 1299 Ἐκκλησιῶν
3418 1229 3752 1298 δοξολογοῦν-

2165 1336 2257 1382 τες
2289 1317 2441 1382 Θεὸν,
2473 1317 2778 1383 ποιούμεθα
2823 1319 2882 1372 δὲ
2937 1319 3138 1390 μᾶλλον
3173 1321 3484 1386 κοινωνοὺς,
3518 1322 3617 1393 τὴν
3661 1324 3753 1392 τῆς

2167 1409 2428 1474 αἰνέσεως
2472 1408 2812 1480 πληροῦντες
2860 1410 3053 1466 θυσίαν
3080 1427 3094 1442 ·
3130 1412 3388 1486 ταύτῃτοί
3412 1431 3546 1485 φησι
3595 1417 3689 1468 καὶ
3729 1419 3754 1469 ti

2168 1504 2352 1576 νόμος,
2385 1505 2473 1558 ἐπ’
2504 1503 2692 1576 ἄρτοις
2725 1504 2979 1576 ζυμίταις
3011 1507 3206 1577 χρῆναι
3227 1506 3360 1578 δρᾷν
3379 1507 3568 1577 αὐτὴν,
3594 1507 3756 1577 ἄρτον

2169 1597 2403 1668 ζυμίτην
2453 1595 2628 1665 λέγων
2665 1596 3084 1666 αἰνιγματωδῶς
3106 1585 3198 1651 τὸν
3225 1595 3378 1651 οὔπω
3421 1597 3758 1668 κεκαθαρμέ-

2168 1703 2277 1751 νον,
2309 1687 2384 1750 ὠς
2416 1685 2572 1756 ἔφην,
2601 1686 2690 1740 διὰ
2725 1685 2821 1740 τοῦ
2861 1686 3016 1755 ἁγίου
3051 1687 3448 1758 βαπτίσματος,
3479 1687 3674 1758 ἔχοντα
3704 1687 3756 1740 δὲ

479 1783 806 1852 baptismate
837 1791 1142 1852 purgatum.
1185 1795 1203 1833 ι
1235 1779 1338 1835 Vos
1372 1780 1537 1851 igitur
1573 1778 1888 1834 sacerdotes
1907 1776 2064 1842 estis,

2177 1777 2358 1849 ὥσπερ
2391 1778 2516 1831 τινὰ
2567 1770 2746 1850 ζύμην
2775 1781 2833 1831 ὲν
2862 1778 3042 1850 ἐαυτῷ
3068 1779 3134 1832 τά
3167 1780 3264 1851 τῆς
3298 1779 3529 1849 ἀρχαίας
3558 1779 3755 1848 φαυλό-

483 1873 679 1941 inquit,
703 1872 795 1940 qui
831 1871 1112 1941 despicitis
1143 1886 1338 1926 nomen
1368 1885 1568 1935 meum,
1601 1888 1619 1920 ›
1656 1869 1782 1922 dum
1810 1868 1876 1921 ad
1897 1866 2067 1921 altare

483 1979 664 2019 meum
688 1976 858 2032 panes
880 1963 1113 2032 pollutos
1135 1962 1364 2018 oﬁ‘ertis.
1388 1961 1698 2016 Curandum
1725 1974 1854 2029 ergo
1884 1972 2068 2013 sacer-

485 2053 634 2108 dotio
666 2052 898 2118 ornatis,
923 2066 992 2107 ne
1019 2051 1150 2121 quid
1175 2051 1281 2105 tale
1318 2049 1371 2104 in
1401 2048 1646 2104 Ecclesia
1676 2047 2064 2110 committatur,

485 2157 540 2203 et
573 2145 863 2200 tenendum
892 2153 1202 2198 accuratam
1229 2142 1664 2198 observationem
1704 2141 1812 2195 Deo
1855 2146 2066 2209 gratam

483 2236 855 2308 etjucundam
891 2235 1139 2290 accidere
1166 2250 1181 2300 ;
1207 2242 1414 2299 contra,
1453 2231 1759 2288 socordiam
1815 2231 1866 2284 iu
1909 2229 2068 2284 rebus

484 2337 596 2384 tam
622 2326 949 2382 venerandis
977 2340 1226 2394 magnam
1258 2323 1334 2378 illi
1368 2338 1556 2378 creare
1591 2321 1890 2376 molestiam
1917 2336 1934 2379 ;
1970 2334 2070 2374 nec

487 2419 541 2474 id
571 2419 764 2489 supine
799 2417 1131 2488 negligentes
1173 2416 1392 2485 impune
1446 2414 1638 2470 ferent.
1671 2413 1737 2467 Et
1799 2412 2070 2482 quomodo

486 2523 594 2567 non
630 2510 940 2566 miserabile
966 2517 1050 2564 est
1081 2508 1227 2563 istud
1271 2506 1501 2562 videre?
1529 2521 1652 2560 cum
1693 2505 1769 2560 illi
1802 2506 2065 2559 audiant:

491 2617 512 2655 ι
557 2600 668 2656 Vos
697 2600 1010 2656 saCerdotes
1038 2598 1304 2668 estis,qui
1335 2597 1612 2666 despicitis
1650 2611 1844 2650 nomen
1904 2595 2071 2666 823

485 2706 688 2748 meum.
721 2707 740 2742 ι
784 2689 877 2744 Est
915 2689 1059 2744 enim
1104 2689 1321 2758 quidam
1353 2694 1700 2753 contemptus
1746 2683 1842 2738 Dei
1888 2699 2071 2738 sacer-

486 2783 672 2838 dotum
705 2765 983 2851 segnities,
1019 2787 1074 2833 et
1097 2790 1378 2848 peccatum
1412 2777 1538 2833 iilud
1593 2777 1774 2847 gloriae
1825 2777 1925 2846 ipsi
1971 2776 2069 2830 tria

485 2873 715 2928 buenda:
749 2888 813 2926 ac
835 2872 1030 2926 debita:
1063 2871 1407 2924 adversatur.

564 3045 727 3100 Vens.
765 3041 818 3096 8.
848 3041 987 3107 Quia
1015 3044 1060 3095 si
1098 3025 1334 3112 offeratis
1368 3057 1563 3095 cwcum
1597 3041 1649 3094 in
1698 3040 2019 3109 sacriﬁcium
2049 3076 2065 3103 ,

2167 1887 2328 1942 τητος
2356 1871 2610 1941 λείψανα.
2647 1889 2666 1921 ι
2687 1869 2878 1941 Ὑμεῖς
2907 1866 3023 1935 οῦν,
3049 1871 3231 1942 φησιν,
3262 1872 3310 1922 οἱ
3339 1871 3524 1940 ἱερεῖς,
3549 1869 3600 1920 oi
3629 1886 3758 1936 φαυ-

2168 1961 2406 2027 λίξοντες
2438 1963 2498 2014 τὸ
2532 1962 2705 2034 ὄνομα
2759 1979 2884 2033 μου,
2919 1981 2935 2014 ι
2973 1962 3062 2015 διὰ
3094 1961 3153 2014 τδ
3188 1962 3516 2032 προσφέρειν
3566 1962 3651 2024 είς
3702 1962 3760 2014 τ’)

2170 2052 2554 2124 θυσιαστήριόν
2591 2071 2691 2124 μου
2728 2054 2924 2124 ἄρτους
2944 2053 3364 2122 ὴλισγημένους.
3391 2053 3510 2124 Χρὴ
3541 2052 3762 2124 τοιγαρο

2169 2143 2262 2196 οῦν
2291 2141 2546 2214 φροντίδα
2587 2142 2858 2195 ποιεῖσθαι
2886 2143 3013 2206 τοὺς
3044 2141 3141 2212 τὴν
3171 2142 3321 2194 θείαν
3348 2143 3567 2211 ἔχοντας
3598 2145 3760 2214 ίερω-

2175 2234 2362 2304 σύνην,
2403 2232 2477 2303 μὴ
2507 2233 2614 2304 ἄρα
2644 2251 2693 2285 τι
2723 2232 2896 2302 δρῷτο
2923 2231 3160 2285 τοιοῦτον
3195 2234 3252 2285 ἐν
3303 2233 3602 2304 Ἐκκλησία
3622 2249 3636 2262 ·
3686 2234 3730 2286 εί
3753 2261 3764 2272 -

2169 2323 2316 2376 δέναι
2362 2339 2442 2388 τε,
2487 2322 2568 2375 ὅτι
2618 2324 2651 2392 ἡ
2705 2322 2804 2392 μὲν
2848 2323 3081 2395 ἀκριϐὴς
3127 2325 3451 2394 ὲπιτήρησις
3501 2326 3766 2395 εὐφρανεῖ

2170 2413 2322 2478 Θεὸν,
2357 2413 2735 2483 καταλυπήσει
2761 2413 2818 2465 δὲ
2845 2413 2964 2466 λίαν
3011 2413 3071 2466 τὸ
3109 2414 3373 2485 ῥᾳθυμεῖν
3409 2415 3627 2469 ἑλέσθαι
3655 2416 3763 2469 τῶν

2171 2503 2314 2557 οὕτω
2349 2504 2583 2556 σεπτῶν.
2621 2504 2746 2557 Ὅτι
2781 2506 2884 2558 οὐκ
2921 2505 3155 2577 ἀζήμιον
3184 2507 3244 2560 τὸ
3277 2510 3465 2578 χρῆμα
3508 2511 3620 2569 τοῖς
3656 2509 3764 2562 '51:-

2170 2595 2475 2665 τιουμένοις
2526 2611 2675 2661 πως,
2735 2596 2795 2648 ού
2851 2597 3196 2669 ταλαίπωρον
3253 2599 3398 2662 ἰδεῖν,
3457 2601 3763 2654 ἀκουόντων

2173 2686 2392 2739 ἐκείνων
2415 2702 2428 2714 ·
2467 2697 2484 2737 ι
2509 2687 2696 2757 Ὑμεῖς
2725 2689 2773 2740 οί
2802 2689 2986 2756 ἱερεῖς,
3017 2689 3068 2740 οί
3098 2689 3446 2757 φαυλίζοντες
3487 2689 3550 2744 τὸ
3589 2689 3766 2761 δνομά

2175 2790 2298 2846 μου.
2333 2796 2351 2828 ι
2385 2777 2670 2847 Φαύλισμα
2701 2778 2808 2849 γὰρ
2839 2777 3028 2849 ὥσπερ
3059 2781 3138 2844 είς
3171 2780 3304 2833 Θεὸν
3341 2781 3451 2834 τῶν
3480 2781 3671 2852 ἱερέων
3702 2783 3768 2835 ab

2175 2867 2439 2940 ῥᾴθυμον,
2466 2869 2560 2920 καὶ
2589 2871 2670 2932 εἰς
2701 2870 2798 2939 τὴν
2829 2869 2977 2937 αὐτῷ
3006 2872 3322 2942 πρέπουσάν
3347 2889 3405 2925 τε
3434 2872 3529 2926 καὶ
3554 2873 3766 2942 ὀφειλοέ

2175 2960 2343 3030 μένην
2371 2958 2528 3024 δόξαν
2555 2961 2888 3031 ἀναφέρεται
2917 2964 2977 3015 τὸ
3011 2963 3117 3034 πλη
3128 2965 3409 3034 μμέλημα.

2244 3054 2397 3106 Διότι
2428 3051 2537 3104 ἐὰν
2567 3054 2992 3124 προσαγάπηῖτε
3024 3055 3256 3124 τυφλὸν
3296 3059 3381 3122 εἰς
3422 3059 3660 3125 θυσίας,
3690 3061 3766 3112 οὐ

489 3143 659 3194 nonne
692 3135 936 3190 malum?
979 3132 1051 3188 Et
1087 3141 1134 3187 si
1178 3135 1417 3203 oﬂ'eratis
1489 3135 1758 3196 claudum,
1799 3141 1893 3185 aut
1954 3131 2069 3183 lan-

2177 3143 2402 3205 xaxdr;
2434 3142 2532 3196 καὶ
2557 3115 2667 3197 ἐδίν-
2689 3115 3114 3214 προο-ίιγζάγητε.
3131 3147 3331 3214 χωλὸν
3361 3115 3408 3216 ’ἢ
3433 3115 3768 3217 apathiae.

486 3231 737 3303 'guidum,
785 3243 956 3282 nonne
998 3227 1196 3280 malum
1229 3227 1254 3279 Ρ
1301 3225 1448 3294 Offer
1496 3225 1632 3278 illud
1676 3225 1797 3278 duci
1855 3236 1981 3288 tuo,
2025 3224 2073 3278 ai

487 3322 734 3389 suscipiet
773 3329 840 3383 te,
886 3321 930 3372 si
972 3318 1190 3387 accipiet
1225 3317 1415 3387 [aciem
1448 3328 1617 3380 tuam,
1649 3316 1772 3369 dicit
1821 3315 2074 3369 Dominus

488 3414 834 3481 Omnipotens.

559 3501 654 3557 1X.
695 3501 829 3556 Cum
871 3501 954 3556 lex
1017 3500 1297 3555 mandaret
1320 3501 1360 3534 "
1390 3499 1731 3554 victimarum
1764 3499 1892 3554 vitia
1943 3512 2074 3553 con-

485 3597 750 3659 siderare,
787 3603 844 3649 et
868 3592 1087 3648 mutilas
1119 3608 1214 3648 seu
1244 3593 1505 3646 membris
1533 3602 1720 3662 captas
1759 3590 2074 3661 repudiare,

485 3703 554 3743 ex
587 3687 734 3741 omni
767 3695 920 3754 parte
959 3685 1202 3755 integras
1240 3683 1575 3750 sacriﬁcare,
1621 3683 1696 3738 illi
1729 3699 1795 3737 eo
1831 3693 2074 3752 tempore

487 3781 626 3834 citra
670 3777 970 3842 delectum,
997 3785 1054 3830 et
1078 3776 1222 3829 nullo
1248 3775 1584 3841 discrimine,
1631 3784 1829 3830 cuncta
1881 3773 2076 3830 oil'ere.‘

489 3869 642 3932 baut,
668 3879 723 3922 et
753 3867 934 3938 gloriae
959 3866 1067 3921 Deo
1101 3867 1276 3938 digna:
1317 3868 1456 3921 ratio
1479 3866 1705 3921 omnino
1749 3867 1944 3937 exigua
1977 3867 2075 3919 du-

489 3963 752 4017 cebatur:
788 3968 1050 4012 utautem
1080 3959 1524 4029 quamplurimas
1557 3959 1806 4013 victimas
1842 3973 2076 4025 congre-

490 4062 703 4124 garent,
733 4061 788 4106 ct
813 4051 1024 4120 copiam
1053 4051 1283 4105 arietum
1311 4051 1478 4115 domi,
1511 4065 1575 4104 ac
1609 4049 1843 4103 fortasse
1878 4050 1933 4102 in
1959 4049 2075 4117 ipso

491 4146 842 4202 tabernaculo
879 4144 1161 4208 haberent,
1202 4144 1254 4196 in
1314 4157 1378 4197 eo
1429 4142 1716 4211 plurimum
1780 4155 1958 4210 operae
2012 4151 2076 4193 ac

491 4239 657 4294 studii
693 4237 1135 4292 consumebatur.
1171 4237 1253 4290 An
1285 4235 1469 4304 igitur,
1521 4247 1552 4286 ο
1602 4232 1851 4300 praeclari
1898 4234 2073 4301 legum

491 4329 764 4393 custodes,
800 4330 845 4382 si
881 4328 1004 4398 quis
1037 4342 1240 4382 caecum
1295 4326 1362 4380 ad
1421 4323 1748 4378 sacriﬁcium
1795 4323 2072 4389 obtulerit,

2176 3234 2248 3287 οὐ
2277 3233 2500 3298 κακόνξ
2535 3234 2886 3305 Προσάγαγε
2911 3235 2986 3305 δὴ
3017 3238 3163 3291 αὐτὸ
3189 3238 3268 3304 τῷ
3290 3241 3600 3308 ἡγουμένῳ
3623 3258 3770 3306 σου,

2175 3326 2227 3375 εὶ
2273 3323 2672 3392 προσδέξεται
2719 3343 2812 3390 σε,
2846 3331 2896 3381 εὶ
2939 3330 3198 3397 λήψεται
3244 3334 3571 3397 πρόσωπόν
3622 3349 3767 3398 σου,

2176 3412 2337 3482 λέγει
2370 3416 2584 3484 Κύριος
2609 3415 3054 3485 παντοκράτωρ.

2245 3504 2319 3556 0'.
2363 3507 2763 3575 Μωμοσκοπεῖν
2810 3508 2904 3562 τοῦ
2952 3510 3116 3579 νόμου
3167 3511 3234 3563 τὰ
3279 3514 3452 3582 ἱερεῖα
3487 3514 3768 3584 προστάτὲ

2175 3593 2377 3660 τοντος,
2427 3597 2524 3650 καὶ
2577 3598 2882 3669 ἀπόϐλητον
2938 3600 3037 3670 μὲν
3085 3603 3354 3655 ποιεῖσθαι
3398 3605 3466 3657 τὰ
3510 3604 3766 3676 ἔμπηρα,

2177 3686 2466 3759 καθιεροῦν
2495 3689 2552 3742 δὲ
2591 3689 2660 3742 τὰ
2681 3689 2909 3761 ἄμωμα,
2939 3695 3337 3764 προσεκόμιζον
3363 3696 3442 3766 τῷ
3472 3697 3770 3767 Θυσιαστην

2177 3780 2278 3851 ρίῳ
2309 3779 2430 3834 κατ’
2465 3782 2640 3834 ἐκεῖνο
2689 3781 2783 3836 τοῦ
2827 3785 3022 3856 καιροῦ
3070 3787 3246 3840 πάντα
3281 3788 3456 3860 χύδην
3486 3791 3575 3843 καί
3611 3790 3768 3843 ἀδια-

2177 3870 2398 3940 κρίτως,
2431 3873 2645 3943 καὶτῆς
2681 3875 2778 3943 μὲν
2811 3875 3128 3948 πρεπούσης
3155 3877 3316 3948 δόξης
3339 3880 3416 3948 τῷ
3440 3881 3558 3950 Θεῷ
3579 3880 3768 3949 ὀλίγος

2173 3955 2243 4028 ἦν
2275 3961 2554 4025 παντελῶς
2573 3963 2601 4014 ὁ
2629 3962 2816 4030 λόγος’
2851 3968 3068 4036 φροντὶς
3100 3969 3155 4020 δὲ
3178 3967 3297 4020 λίαν
3323 3970 3761 4040 ὲσπουδασμένη.

2176 4051 2236 4103 τὺ
2271 4053 2497 4105 πλεῖστα
2516 4056 2616 4108 ὅσα
2645 4056 2986 4126 συναγείρειν
3017 4059 3253 4128 θύματα,
3276 4061 3371 4114 καὶ
3404 4062 3571 4133 κριῶν
3595 4063 3769 4130 ergo!»

2176 4137 2296 4193 νίαν
2329 4141 2466 4194 οἴκοι
2507 4161 2566 4197 τε
2614 4146 2781 4216 ἔχειν,
2820 4146 2915 4201 καὶ
2943 4150 2999 4201 ὲν
3026 4151 3163 4220 αὐτῇ
3212 4169 3312 4203 που
3356 4154 3496 4221 τάχα
3527 4155 3595 4222 τῇ
3632 4154 3769 4224 ἁγίᾳ

2181 4229 2507 4305 σκηνῇ.⁷Αρ’
2536 4230 2647 4299 οῦν,
2685 4231 2729 4290 ὧ
2759 4239 2852 4292 τοῦ
2883 4241 3051 4308 νόμου
3087 4241 3342 4309 φύλακες,
3390 4244 3438 4294 εί
3488 4245 3764 4313 προσάγει

2175 4325 2259 4384 τις
2288 4323 2486 4390 τυφλὸν
2532 4327 2613 4389 είς
2647 4327 2863 4393 θυσίαν,
2889 4331 2948 4382 ού
2981 4331 3149 4383 κακὸν
3181 4331 3240 4384 τὸ
3284 4331 3461 4401 θῦμα;
3508 4333 3557 4384 εί
3600 4333 3657 4387 δὲ
3698 4335 3765 4404 δὴ

494 4425 596 4478 hoc
653 4421 978 4476 sacrificium
1027 4421 1283 4474 vitiosum
1322 4433 1425 4472 non
1482 4416 1610 4471 est?
1638 4417 1790 4482 Quod
1837 4417 1881 4471 si
1927 4417 2069 4470 clau-

2180 4414 2274 4506 καὶ
2327 4415 2497 4484 χωλὸν
2557 4417 2589 4488 ἢ
2621 4417 2923 4489 ἄρρωστον,
2957 4421 3046 4475 τὸν
3081 4423 3180 4494 τῆς
3209 4421 3485 4493 ἐμπηρίας
3536 4423 3766 4490 διαφεύ-

492 4514 641 4578 dum,
668 4522 760 4566 aut
787 4511 1119 4582 languidum,
1153 4525 1280 4562 num
1328 4521 1388 4561 se
1440 4522 1469 4559 a
1515 4506 1745 4560 crimine
1814 4505 2074 4560 mutilata:

493 4608 725 4660 victimre
766 4607 902 4661 tueri
939 4603 1192 4674 poterit?
1221 4603 1300 4655 An
1337 4615 1443 4654 non
1504 4599 1802 4653 istiusmodi
1842 4600 1981 4652 mala
2021 4609 2076 4652 et

493 4698 560 4752 ad
591 4696 921 4751 sacriﬁcium
953 4697 1132 4762 inepta
1179 4689 1513 4745 censebitis?
1565 4689 1659 4743 Sin
1720 4689 1879 4745 aliter
1934 4691 2073 4760 apud

493 4789 702 4844 animos
734 4799 944 4843 vestros
994 4783 1258 4846 statuitis,
1296 4795 1394 4852 age
1424 4783 1690 4852 quispiam
1737 4798 1834 4853 pro
1865 4782 2023 4837 xenio
2056 4822 2073 4848 ,

493 4891 548 4937 ct
573 4881 626 4936 in
669 4881 788 4936 loco
817 4879 1056 4934 muneris
1091 4875 1182 4929 uni
1231 4889 1450 4929 suorum
1492 4875 1911 4944 gubernatorum
1943 4873 2074 4929 oﬂ'eé

495 4985 599 5028 rat.
642 4974 802 5044 Atqui
858 4987 963 5025 non
997 4967 1276 5036 suscipiet,
1317 4966 1510 5035 inquit,
1561 4981 1658 5022 nec
1692 4965 1966 5020 offerentis
1999 4968 2075 5021 fa-

495 5069 634 5122 ciem
665 5065 928 5120 reveritus
957 5060 1084 5115 illud
1107 5059 1442 5114 oﬁ‘erendum
1475 5057 1640 5114 fuisse
1660 5058 1950 5128 judicabit,
1985 5074 2076 5112 ve-

499 5161 906 5223 hementerque,
943 5159 1002 5204 ut
1043 5149 1238 5218 injuria
1285 5149 1586 5209 lacessitus,
1642 5149 1926 5203 irascetur.
1975 5147 2074 5202 Est

497 5249 678 5316 itaque
716 5263 746 5300 a
783 5244 988 5297 ratione
1014 5256 1236 5312 prorsus
1267 5241 1687 5305 alienissimum,
1737 5241 1845 5296 Deo
1879 5243 2077 5295 audere

496 5338 691 5393 oﬂ'erre
719 5349 838 5404 qua:
860 5348 958 5387 nec
985 5342 1228 5387 nostrum
1252 5332 1448 5403 aliquis
1465 5331 1780 5400 dignaretur
1808 5333 2075 5402 aecipcre.

499 5429 749 5498 Magnum
786 5428 888 5481 hoc
923 5425 1078 5481 nobis
1113 5435 1391 5496 peccatum
1428 5435 1509 5480 est
1540 5465 1556 5490 ,
1593 5425 1637 5479 si
1677 5425 1908 5480 oblaturi
1945 5425 2072 5490 Deo,

495 5534 804 5591 qtmratuns
839 5517 1024 5574 miseri
1057 5518 1198 5588 quod
1235 5517 1451 5584 fwdius,
1488 5527 1580 5571 aut
1624 5519 1784 5572 vilius
1809 5529 1889 5572 cst
1919 5536 1930 5570 :
1964 5533 2070 5570 non

571 5682 616 5714 °°
653 5703 843 5763 Matth.
878 5717 990 5768 xvi,
1023 5700 1075 5758 6.
1154 5699 1198 5777 ’ἦ
1228 5698 1402 5761 Lerit.
1434 5715 1568 5768 xxii,
1595 5696 1660 5762 ει
1689 5714 1839 5768 seqq.

2177 4504 2325 4569 ξεται
2378 4506 2596 4578 μῶμον;
2645 4511 2718 4562 Οὐ
2770 4511 2879 4582 γὰρ
2926 4513 2989 4583 δὴ
3030 4515 3124 4566 καὶ
3157 4513 3226 4566 τά
3269 4513 3445 4567 τοιάδε
3488 4513 3766 4582 λογιεῖσθε

2175 4598 2338 4661 κακὰ,
2387 4599 2481 4650 καὶ
2529 4601 2665 4670 πρὸς
2695 4601 2885 4656 Θυσίαν
2926 4605 3028 4656 ούκ
3075 4605 3388 4675 έπιτήδεια;
3432 4603 3569 4656 Ἀλλ’
3598 4606 3767 4676 εἴπερ

2173 4693 2350 4746 οἴεσθε
2380 4694 2520 4749 κατά
2549 4698 2688 4764 σφᾶς
2715 4699 2815 4769 οὐχ
2841 4693 2942 4752 ὧδε
2973 4699 3137 4770 ἔχειν,
3169 4699 3490 4771 ἀποφερέτω
3510 4715 3591 4760 τις
3617 4699 3764 4751 αύτᾶ

2177 4785 2366 4850 ξένιον,
2392 4787 2486 4841 καὶ
2513 4790 2568 4841 ἐν
2592 4788 2764 4860 δώρου
2793 4791 2942 4857 τάξει
2972 4792 3081 4843 τῶν
3115 4789 3443 4860 καθηγητῶν
3477 4787 3555 4840 ἑνί
3573 4828 3588 4841 .
3608 4786 3768 4838 Ἀλλ’

2177 4877 2276 4930 ούκ
2316 4877 2381 4932 ἂν
2420 4880 2796 4949 προσδέξαιτο,
2831 4881 2984 4952 φησὶ,
3018 4881 3126 4934 οὐδ’
3152 4880 3217 4933 ἂν
3249 4880 3310 4933 τὸ
3333 4878 3426 4933 τοῦ
3459 4877 3766 4949 προσκομί-

2181 4966 2364 5030 ζοντος
2413 4967 2701 5038 πρόσωπον
2756 4970 3045 5035 αἰδεσθεὶς,
3074 4967 3253 5023 οίστὸν
3284 4969 3344 5022 τὸ
3385 4969 3572 5039 χρῆμα
3604 4967 3773 5035 ποιή-

2182 5074 2352 5124 σαιτο,
2385 5059 2676 5130 χαλεπανεῖ
2706 5062 2762 5114 δὲ
2793 5062 2911 5114 λίαν
2942 5062 3016 5126 ὡς
3043 5061 3555 5133 ὑϐρισμένος.⁹Εστι
3579 5060 3768 5111 τοίνυν

2176 5151 2285 5204 τῶν
2309 5149 2448 5220 ἄγαν
2487 5152 2900 5218 ὲκτοπωτάτων,
2927 5153 3046 5224 Θεῷ
3068 5154 3394 5226 προσφέρειν
3425 5150 3768 5220 ἀποτολμᾷν,

2175 5244 2211 5298 ἃ
2267 5245 2388 5316 μηδ’
2419 5245 2485 5299 ἂν
2535 5240 2613 5309 εἷς
2661 5247 2765 5298 τῶν
2821 5247 3109 5318 καθ’ἠμοῖς
3148 5247 3320 5300 ἕλοιτο
3369 5245 3569 5298 λαϐεῖν.
3621 5243 3770 5296 Πολὺ

2177 5334 2332 5388 τοῦτο
2351 5338 2478 5409 παρ’
2507 5339 2637 5408 ἡμῖν
2662 5338 2720 5390 τὸ
2745 5338 3123 5409 πλημμέλημα
3144 5355 3156 5367 ·
3183 5339 3232 5391 εί
3263 5337 3369 5408 γάρ
3396 5353 3446 5387 τι
3475 5333 3772 5406 μέλλοιμεν

2179 5429 2566 5498 προσκομίζειν
2588 5428 2726 5498 Θεῷ,
2752 5429 2825 5493 ὡς
2860 5432 2924 5483 Ξιν
2954 5432 3170 5502 ἔχοιμεν
3199 5427 3267 5482 τὰ
3290 5427 3503 5496 αἰσχίω,
3533 5424 3628 5481 καὶ
3648 5424 3782 5479 δεύ-

2176 5536 2307 5589 τερα
2345 5519 2600 5588 ζητοῖμεν
2654 5521 2702 5571 οἱ
2757 5521 3004 5586 τάλανες,
3046 5522 3145 5573 οὐκ
3189 5516 3514 5581 ἐννοοῦντες,
3548 5515 3635 5570 δτι
3672 5515 3783 5570 καὶ
