3934 6318
375 262 484 318 sas
1297 265 1300 267 Α
1375 245 1434 300 s.
1476 221 1750 298 eratut
1795 209 2270 290 A’LEXAaot-JM
2313 208 2632 286 Αιιωιιίτρ.
3324 300 3327 302 _
3552 200 3656 272 τοι

374 382 457 433 ὅτι
495 353 690 446 ἔσομαί
722 388 804 424 σοι
833 370 1036 439 ὅμοιος.
1055 358 1290 429 Ἐλέγξω
1316 361 1407 416 ..αἱ
1435 357 1772 427 παραστήσω
1804 353 1948 407 κατὰ
1977 348 2268 420 πρόσωπόν
2297 364 2387 400 σου
2410 347 2508 407 τὰς
2532 341 2806 413 ἁμαρτίας
2824 353 2940 390 σου.
2961 355 2978 389 ι
3005 335 3079 390 Οὐ
3102 335 3209 405 γὰρ
3233 329 3340 388 οἶδε
3371 332 3661 403 πρόσωπον

375 474 402 524 ὁ
435 469 650 541 κριτὴς,
681 461 796 518 ἀλλ’
823 461 974 513 ἐστιν
997 456 1157 517 εὐθὺς
1188 453 1283 508 καὶ
1312 451 1610 511 ἀδέκαστος
1637 450 1712 510 ὡς
1736 447 1889 507 Θεός.

457 538 621 638 \lans.
655 579 741 633 10.
807 575 946 641 Quia
989 580 1040 626 et
1091 572 1144 623 in
1222 567 1361 622 vobis
1422 564 1738 618 claudentur
1798 561 1974 624 ostia,

2152 556 2304 610 Διότι
2332 553 2428 606 καὶ
2455 552 2524 603 ἐν
2547 548 2692 618 ὑμῖν
2727 543 3319 614 συγκλεισθήσονται
3349 538 3546 606 θύραι,
3575 541 3674 590 καὶ

385 685 432 726 et
491 687 592 725 non
642 663 932 720 accendatis
985 661 1153 713 altare
1185 671 1355 709 meum
1406 653 1590 722 gratis.

459 805 628 876 828
662 798 756 854 Xl.
783 793 1274 866 Opportunissime,
1301 797 1360 844 ut
1394 789 1448 844 in
1489 785 1862 858 praedictiOne,
1885 775 1982 835 de-

390 870 646 952 cusvvit—ae
671 887 995 945 Christianae
1019 881 1233 937 interim
1269 882 1652 950 praemonstrat
1682 915 1696 940 ,
1739 882 1798 928 ut
1845 870 1980 939 legis

393 986 608 1048 umbra,
632 992 686 1036 et
713 979 880 1034 veteri
931 976 1021 1030 illo
1056 971 1361 1029 sacerdotio
1393 967 1544 1022 brevi
1601 962 1892 1026 desituris,
1924 970 1979 1015 et

397 1094 496 1136 Suo
524 1088 767 1143 tempore
787 1068 1034 1126 veritatis
1072 1059 1450 1120 sacerdotibus
1477 1057 1774 1128 Spiritualis
1802 1055 1979 1109 cultus

403 1167 740 1225 administris
774 1159 1134 1232 apparituris,
1170 1155 1374 1223 Deique
1406 1151 1631 1222 gloriam
1690 1145 1983 1218 promptis-

401 1262 538 1316 sime
568 1255 895 1326 qnwsituris.
921 1251 1174 1305 Clausum
1217 1259 1382 1316 porro
1409 1243 1475 1297 iri
1509 1254 1670 1311 super
1691 1239 1822 1309 ipsis
1843 1237 1983 1292 ostia

404 1351 566 1404 dicit:
599 1343 838 1414 autquia
879 1340 1189 1395 sacerdotes
1239 1335 1369 1405 legis
1405 1349 1512 1388 non
1573 1330 1861 1385 adolebunt
1903 1327 1985 1382 in-

405 1452 627 1491 censum
655 1453 705 1488 ει
735 1433 789 1486 Si
812 1433 954 1486 enim
971 1427 1229 1484 clauserit
1257 1432 1441 1478 cutura
1466 1421 1766 1484 hominem,
1787 1417 1980 1488 inquit,

405 1532 526 1593 quis
549 1527 754 1596 aperiet
773 1525 818 1555 7°
841 1525 864 1576 ?
891 1541 909 1574 ι
942 1531 1036 1576 aut
1061 1528 1206 1574 certe
1223 1532 1345 1572 cum
1369 1517 1548 1568 verius
1573 1512 1981 1567 tabernaculum

406 1620 701 1676 exhibitura
742 1616 922 1679 fuerit,
978 1613 1082 1668 hoc
1110 1618 1196 1665 est
1231 1607 1466 1662 Ecclesia
1491 1647 1504 1672 ,
1537 1605 1752 1674 quidam
1813 1601 1984 1671 legale

407 1709 766 1763 sacerdotium
807 1705 982 1759 adhuc
1023 1705 1303 1761 obeuntes,
1361 1711 1465 1775 non
1509 1695 1803 1749 intrabunt.
1846 1691 1984 1744 Pro-

407 1813 525 1869 pter
555 1798 980 1855 incredulitatem
1016 1810 1143 1848 vero
1179 1793 1331 1862 quasi
1363 1789 1604 1854 exclusi,
1640 1786 1772 1841 l‘oris
1801 1799 1986 1838 mane-

408 1894 562 1957 bunt,
603 1900 657 1944 et
681 1899 866 1942 sancta
887 1903 993 1941 non
1044 1885 1330 1950 attingant.
1369 1879 1492 1934 Illos
1533 1877 1676 1932 enim
1740 1875 1990 1930 sacerdo-

413 1984 544 2036 tium
568 1981 816 2034 amisisse
841 1993 909 2032 ex
964 1976 1147 2029 verbis
1193 1974 1282 2026 Dei
1339 1986 1434 2040 per
1469 1985 1529 2024 os
1591 1967 1745 2022 Oscae
1774 1967 1942 2036 liquet
1976 1971 1989 2017 Ξ

419 2092 438 2124 ι
478 2073 611 2138 Quia
652 2071 842 2124 diebus
873 2067 1053 2121 multis
1088 2066 1352 2119 sedebunt
1392 2064 1486 2116 lilii
1515 2059 1678 2114 Israel
1736 2074 1840 2112 non
1895 2072 1993 2110 ex-

413 2166 638 2218 sistente
685 2176 831 2231 rege,
887 2172 1062 2228 neque
1122 2157 1420 2212 exsistente
1470 2153 1762 2217 sacriﬁcio,
1823 2163 1996 2217 neque

415 2258 705 2310 exsistente
740 2254 898 2307 altari
927 2292 942 2317 ,
976 2241 1146 2320 neqné
1170 2249 1492 2310 sacerdotio,
1541 2260 1712 2314 neque
1774 2242 1996 2296 manife-

416 2349 648 2402 statione
680 2346 776 2398 τί.)
817 2343 1081 2409 Quocirca
1109 2341 1282 2396 cultus
1308 2339 1494 2408 legalis
1521 2337 1674 2405 quasi
1708 2335 1997 2388 terminum

415 2451 469 2495 ct
496 2439 780 2494 sacerdotii
825 2437 1121 2490 secundum
1174 2434 1339 2502 legem
1371 2430 1660 2498 quamdam
1702 2427 2000 2482 com-lusio.

419 2547 539 2586 nem
578 2530 797 2595 indicat,
827 2536 884 2580 ut
907 2525 1122 2595 quidem
1171 2525 1402 2584 videtur,
1453 2521 1577 2573 dum
1612 2519 1778 2582 dicit,
1841 2531 2002 2586 super

421 2620 550 2688 ipsis
576 2619 713 2672 ostia
739 2615 1033 2671 claudenda
1067 2627 1208 2676 esse,
1238 2610 1477 2664 Ecclesia
1512 2623 1606 2662 eos
1645 2623 1747 2662 non
1803 2609 1999 2660 admit-

422 2717 566 2764 tente
595 2726 608 2760 :
640 2723 743 2762 non
767 2707 914 2760 eitim
945 2704 1176 2774 amplius
1203 2711 1509 2755 mactantur
1540 2713 1698 2767 oves,
1734 2715 1852 2754 cum
1890 2699 2003 2768 jam

424 2813 600 2855 rerum
649 2799 898 2868 princeps
958 2805 1014 2849 et
1053 2805 1241 2848 auctor
1287 2793 1424 2845 Deus
1460 2792 1754 2846 incruentis
1796 2792 2006 2845 sacrill-

423 2894 523 2947 ciis
543 2892 856 2944 honoretur.
881 2887 1141 2954 Quoniam
1170 2899 1293 2938 vero
1316 2883 1492 2938 addit:
1516 2902 1534 2934 ι
1567 2881 1681 2937 Non
1699 2885 2006 2938 accendetis

426 2984 596 3037 altare
626 2996 798 3035 meum
824 2980 1012 3049 gratis,
1041 2997 1058 3029 ι
1086 2974 1318 3031 dicimus
1339 2976 1440 3029 hoc
1469 2985 1678 3029 morate
1707 2975 2000 3044 prolatum.

427 3073 552 3127 Vult
577 3073 717 3128 enim
765 3073 850 3126 his
888 3071 1102 3132 docere,
1133 3066 1198 3122 ad
1235 3068 1593 3121 sacerdotium
1626 3076 1681 3121 et
1709 3068 1773 3122 ad
1831 3069 2006 3138 ignem

2082 651 2195 703 οὐκ
2221 646 2484 712 (inid-ste
2512 641 2579 695 τὸ
2609 635 3044 703 θυσιαστήριόν
3071 650 3194 703 μου
3222 631 3471 698 δωρεάν.

2154 803 2258 854 1Δ’.
2305 796 2645 866 Εύαφὸρμως
2689 791 2894 862 σφόδρα
2920 790 3019 860 τῆς
3045 788 3102 841 ὲν
3138 783 3360 856 Χριστῷ
3391 781 3671 839 πολιτείας

2079 892 2156 956 ὡς
2194 892 2252 944 ὲν
2283 886 2678 961 προαγορεύσει
2721 883 2858 945 τέως
2904 872 3300 950 προαναφαίνει
3337 873 3400 928 τὸ
3439 874 3668 934 κάλλοςο

2079 979 2154 1043 ὡς
2182 978 2290 1049 γὰρ
2317 978 2416 1047 τῆς
2449 979 2504 1028 ὲν
2536 975 2688 1044 νόμῳ
2725 962 2884 1032 σκιᾶς
2914 962 3037 1022 ὅσον
3063 967 3272 1019 οὐδέπω
3319 961 3673 1030 πεπαυσομέ-

2085 1087 2202 1141 νης,
2233 1069 2327 1122 καί
2357 1069 2454 1138 τῆς
2484 1064 2717 1136 ἀρχαίας
2756 1061 2970 1131 ἐκείνης
3008 1057 3326 1130 ἱερωσύνης,
3366 1051 3669 1126 μελλόντων

2083 1181 2145 1216 τε
2195 1158 2606 1216 ἀναδείκνυσθαι
2652 1152 2790 1208 κατὰ
2837 1152 3062 1222 καιροὺς
3109 1150 3216 1202 τῶν
3262 1149 3360 1218 τῆς
3409 1147 3672 1216 ἀληθείας

2089 1246 2408 1327 ἱερουργῶν,
2439 1252 2486 1305 οἳ
2517 1251 2610 1303 καὶ
2641 1249 2742 1317 τῆς
2773 1248 2830 1300 ὲν
2861 1240 3130 1314 πνεύματι
3159 1241 3415 1312 λατρείας
3457 1234 3674 1292 ἔσονται

2085 1344 2416 1413 λειτουργοὶ,
2452 1337 2747 1408 ζητήσουσί
2787 1353 2846 1387 τε
2880 1334 2974 1388 καὶ
3017 1333 3160 1404 μάλα
3191 1330 3406 1401 γὸργῶς
3439 1329 3536 1398 τὴν
3575 1330 3672 1380 τοῦ

2087 1433 2222 1488 Θεοῦ
2269 1432 2447 1496 δόξαν.
2480 1424 3010 1497 Συγκλεισθήσεσθαι
3057 1415 3113 1474 δὲ
3158 1420 3327 1491 θύρας
3366 1419 3530 1489 φησιν
3573 1417 3676 1469 ἐπ’

2090 1522 2307 1586 αὖτοὺς,
2335 1524 2369 1593 ἢ
2408 1520 2633 1582 εὐωδίας
2664 1519 2764 1571 οὐκ
2797 1515 3063 1587 ἐσομένης
3088 1511 3198 1576 τοῖς
3231 1511 3369 1565 κατά
3403 1511 3568 1581 νόμον
3602 1510 3676 1562 ἱε-

2093 1610 2444 1688 ρατεύουσινέ
2477 1631 2496 1663 ι
2525 1611 2649 1664 Ἐὰν
2675 1609 2784 1679 γὰρ
2819 1607 3008 1678 κλείσῃ
3057 1603 3198 1657 κατὰ
3229 1599 3541 1672 ἀνθρώπου,
3568 1596 3675 1670 ᾧηο

2094 1710 2196 1771 σὶν,
2247 1706 2331 1769 τίς
2377 1701 2615 1766 ἀνοίξει;
2649 1720 2665 1750 ι
2702 1702 2868 1768 ἤγουν
2919 1699 3018 1766 τῆς
3052 1693 3422 1765 ἀληθεστέρας
3461 1689 3674 1744 ἀναδει-

2092 1796 2312 1868 χθείσης
2351 1793 2574 1864 σκηνῆς,
2607 1790 2852 1843 τουτέστι
2879 1788 2976 1864 τῆς
3019 1783 3367 1854 Ἐκκλησίας,
3420 1783 3520 1832 οὐκ
3559 1779 3674 1832 είσ-

2093 1889 2375 1942 ελὰσουσιν
2411 1887 2467 1938 ὲν
2493 1884 2631 1953 αὐτῇ
2662 1898 2804 1943 τινες
2851 1879 2950 1950 τὴν
2998 1876 3140 1930 κατὰ
3183 1870 3344 1944 νόμον
3375 1864 3676 1943 ἱερωσύνην

2094 1976 2426 2046 πληροῦντες
2457 1973 2556 2026 ἔτι.
2577 1971 2975 2039 ’ῐίκκλειόμενοι
3004 1968 3060 2020 δὲ
3086 1966 3273 2033 ὥσπερ
3298 1965 3362 2016 δι’
3395 1962 3674 2022 ἀπιστίας,

2095 2071 2199 2134 ἔξω
2218 2087 2276 2121 τε
2307 2067 2549 2138 μενοῦσι,
2581 2065 2673 2116 καὶ
2702 2062 2812 2115 τῶν
2840 2061 3007 2129 ἁγίων
3037 2059 3136 2126 οὺχ
3165 2055 3541 2125 ἆῴονταιῖυτι
3566 2054 3675 2122 γὰρ

2097 2158 2483 2214 ὲκπεπτώκασι
2523 2157 2619 2225 τῆς
2661 2151 2990 2225 ἱερουργίας,
3024 2149 3192 2218 σαφὲς
3239 2147 3303 2201 ἂν
3346 2147 3553 2213 γένοιτο
3584 2143 3676 2196 τοῦ

2098 2250 2230 2304 Θεοῦ
2260 2251 2505 2316 λέγοντος
2537 2247 2623 2299 διὰ
2664 2247 2847 2312 φωνῆς
2876 2241 3062 2309 Ὠσηὲ⁶
3100 2261 3116 2288 ι
3150 2237 3296 2290 Διότι
3323 2237 3534 2306 ἡμέρας
3557 2233 3679 2286 πολ-

2099 2343 2196 2406 λὰς
2232 2341 2541 2394 καθίσονται
2573 2340 2620 2390 οἱ
2657 2337 2762 2389 υἱοὶ
2807 2332 3044 2402 Ἰσραὴλ,
3071 2331 3172 2383 οὐκ
3208 2330 3359 2389 ὄντος
3391 2326 3675 2396 βασιλέως,

2100 2435 2220 2487 οὐδὲ
2270 2433 2546 2503 ἄρχοντος,
2593 2430 2692 2481 οὐκ
2732 2425 2896 2495 οῦσης
2951 2423 3162 2486 θυσίας,
3205 2421 3328 2473 οὗτε
3384 2419 3677 2489 ἱερατείας,

2103 2525 2224 2579 οὔτε
2272 2525 2465 2594 δήλων.
2495 2541 2512 2572 ι
2572 2519 2779 2573 Οὐκοῦν
2831 2517 2930 2586 τῆς
2976 2517 3032 2568 ὲν
3085 2515 3233 2584 νόμῳ
3276 2512 3532 2582 λατρείας
3582 2510 3680 2579 τὴν

2103 2617 2261 2669 οἱονεὶ
2307 2611 2619 2682 κατάληξιν,
2647 2611 2739 2664 καὶ⁸
2771 2609 2867 2678 τῆς
2891 2601 3016 2659 ’κατ’
3048 2599 3210 2658 αὐτὸν
3253 2601 3552 2672 ἱερωσύνης
3591 2599 3682 2651 τὸν

2106 2705 2491 2776 συγκλεισμὸν,
2525 2702 2959 2771 κατασημηνειεν
2997 2696 3082 2761 ἂν,
3111 2689 3186 2758 ὥς
3218 2694 3282 2762 γέ
3314 2710 3403 2762 μοι
3435 2693 3600 2753 δοκεῖ,
3623 2689 3683 2742 τὸ

2104 2800 2213 2852 δεῖν
2239 2799 2323 2850 ἐπ’
2347 2799 2530 2858 αὐτοῖς
2556 2790 2964 2862 κλεισθήσεσθαι
2989 2789 3159 2858 θύρας
3191 2787 3388 2848 εἰπεῖν,
3419 2785 3479 2836 ού
3513 2799 3683 2854 προσ-

2111 2891 2328 2962 ιεμένης
2362 2889 2557 2949 αὐτοὺς
2610 2886 2707 2954 τῆς
2749 2881 3073 2953 Ἐκκλησίας
3097 2897 3111 2911 ⁶
3149 2880 3208 2932 ού
3250 2878 3356 2948 γὰρ
3407 2875 3690 2947 μηλοσφα-

2107 2987 2224 3052 γεῖν
2266 2982 2343 3034 ἔτι
2394 2980 2602 3048 καιρὸς,
2635 2977 2744 3029 ἀλλ’
2776 2975 2876 3046 ήδη
2907 2977 3027 3036 ταῖς
3074 2972 3432 3040 ἀναιμάκτοις
3457 2954 3690 3036 τιμᾶται

2111 3078 2323 3139 θυσίαις
2370 3077 2396 3128 ὁ
2443 3073 2550 3126 τῶν
2599 3073 2735 3126 ὅλων
2784 3071 2937 3134 Θεός.
2975 3069 3192 3140 Ἐπειδὴ
3237 3068 3294 3121 δὲ
3348 3065 3693 3137 προσεπάγει

427 3166 583 3220 altari
635 3164 1016 3234 imponendum
1054 3173 1266 3217 vocatos
1312 3177 1433 3218 esse
1473 3176 1577 3214 non
1616 3169 1672 3214 ut
1701 3160 1818 3226 ejus
1845 3176 1873 3212 a
1901 3174 1999 3228 quo

2109 3168 2316 3230 τούτοις
2367 3166 2464 3230 τὸ,
2532 3183 2550 3215 ι
2583 3164 2696 3218 Οὑκ
2751 3162 2987 3231 ὰνάψετε
3033 3160 3094 3212 τὸ
3141 3155 3524 3226 θυσιαστήριον
3586 3169 3692 3224 μου

429 3255 603 3308 vocati
641 3263 766 3307 sunt
794 3253 1016 3323 gloriam
1043 3256 1325 3308 minuant:
1381 3253 1474 3308 sed
1514 3261 1571 3306 ut
1626 3266 1746 3306 eam
1807 3250 2004 3320 quibus

429 3348 585 3400 decet
621 3346 796 3400 modis
852 3345 1112 3410 colentes,
1171 3345 1454 3401 sacerdotii
1511 3359 1722 3414 quoque
1788 3341 2006 3410 praemia

434 3436 746 3504 percipiant.
782 3427 968 3490 Astilli
1003 3447 1106 3490 tam
1145 3436 1472 3492 venerabilia
1510 3435 1685 3490 studia
1716 3450 1810 3503 pro
1835 3433 2006 3486 nihilo

437 3538 709 3595 putantes,
741 3541 915 3596 neque
949 3529 1247 3582 reverentia
1291 3527 1542 3601 sacriﬁcii
1598 3526 1865 3588 deterriti,
1903 3541 2008 3592 quo

435 3621 613 3674 minus
648 3617 816 3673 Deum
839 3619 1112 3685 laederent,
1132 3618 1250 3687 jure
1273 3619 1338 3674 de
1369 3620 1574 3688 reliquo
1607 3632 1792 3687 pcnnas
1812 3631 2010 3684 expen-

434 3711 582 3764 dent.
617 3708 964 3764 Meritissimo
995 3724 1231 3779 namque
1283 3725 1389 3764 non
1439 3711 1490 3763 in
1559 3723 1723 3778 parvo
1784 3707 2011 3760 crimine

436 3801 739 3867 ponendum
765 3811 871 3864 est,
896 3800 1336 3854 communionem
1376 3814 1406 3853 a
1432 3799 1890 3852 Deo’donatornm
1920 3811 2012 3849 as-

435 3891 674 3957 pernari,
704 3891 1040 3960 honoresque
1061 3893 1128 3945 ah
1160 3891 1277 3960 ipso
1299 3891 1520 3944 collatos
1557 3887 2012 3943 inconsultissiine

438 3995 711 4050 respuere.
757 3981 941 4050 Itaque
965 3992 1210 4038 terrenus
1253 3991 1308 4038 et
1336 3981 1591 4052 profanus
1616 3981 1908 4049 appellatus
1931 3987 2015 4032 est

437 4071 602 4140 Esau,
633 4073 887 4142 quoniam
918 4083 1135 4143 propter
1174 4089 1354 4128 escam
1384 4074 1655 4142 primitiva
1684 4087 1782 4125 sua
1832 4069 2014 4124 vendio

440 4161 520 4217 dit.
532 4165 598 4217 ".
617 4163 793 4230 Quare
808 4178 928 4218 cum
950 4163 1112 4218 dicit:
1143 4184 1162 4216 ι
1184 4164 1300 4218 Non
1319 4165 1628 4218 accendetis
1651 4163 1818 4216 altare
1839 4175 2012 4214 meum

443 4259 607 4325 gratis
629 4295 645 4322 ,
681 4275 699 4308 ι
735 4263 916 4309 monet
937 4255 1296 4310 sacerdotium
1343 4270 1442 4309 suo
1499 4253 1718 4324 praemio
1744 4268 1851 4307 non
1901 4251 2016 4304 fru-

443 4347 604 4405 strari
639 4363 653 4400 :
688 4359 787 4400 nec
819 4355 997 4401 tamen
1028 4363 1125 4402 suo
1165 4362 1376 4417 quoque
1399 4361 1583 4399 carere
1613 4343 1894 4414 supplicio,
1916 4343 2015 4397 nisi

444 4440 567 4508 quis
601 4437 726 4492 illud
767 4454 873 4504 quo
907 4454 1004 4508 par
1038 4449 1122 4493 est
1149 4439 1307 4493 modo
1332 4445 1386 4493 et
1410 4438 1616 4491 ratione
1657 4437 2014 4503 usurpaverit.

2103 3260 2334 3330 δωρεὰν,
2365 3277 2383 3307 ι
2417 3259 2475 3309 ἐν
2513 3257 2630 3327 ἤθει
2663 3254 2844 3324 φαμὲν
2868 3250 3198 3322 γεγενῆσθαι
3233 3249 3325 3302 τὸν
3351 3248 3529 3316 λόγον.
3555 3246 3694 3298 Βού-

2105 3353 2254 3403 λεται
2282 3350 2389 3419 γὰρ
2408 3348 2505 3418 ἤδη
2539 3345 2751 3416 δηλοῦν,
2771 3347 2854 3399 ὅτι
2891 3345 3184 3414 κέκληνται
3216 3341 3352 3412 πρὸς
3380 3339 3695 3412 ἱερουργίαν

2107 3443 2201 3496 καὶ
2237 3443 2315 3503 εἰς
2349 3441 2409 3492 τὸ
2441 3439 2551 3510 πῦρ
2584 3439 2782 3491 ἐνιέναι
2814 3437 2892 3507 τῷ
2923 3435 3319 3506 θυσιαστηρίῳ,
3346 3433 3446 3503 οὐχ
3473 3433 3562 3485 ἵνα
3591 3431 3696 3499 τὴν

2106 3531 2201 3585 τοῦ
2238 3529 2568 3600 κεκληκότος
2612 3528 2811 3590 αὐτοὺς
2859 3526 3220 3597 παραλύσωσι
3249 3525 3426 3589 δόξαν,
3456 3521 3571 3575 ἀλλ’
3603 3521 3694 3573 ἵνα

2107 3623 2375 3694 τιμῶντες
2399 3627 2509 3685 τοῖς
2535 3621 2836 3691 καθήκουσι
2869 3621 3094 3690 τρόποις
3118 3619 3214 3672 καὶ
3241 3617 3309 3672 τὰ
3335 3617 3434 3686 τῆς
3462 3613 3697 3686 ἱερωσύ-

2111 3733 2205 3785 νης
2234 3715 2408 3785 ἔχοιεν
2432 3714 2588 3787 γέρα.
2607 3717 2670 3766 υἱ
2691 3713 2748 3765 δὲ
2770 3711 2834 3783 δὴ
2854 3710 2964 3764 τῶν
2989 3713 3133 3766 οὕτω
3153 3707 3365 3762 σεπτῶν
3383 3707 3444 3760 οὐ
3467 3723 3696 3776 πεφρονο

2109 3804 2324 3867 τικότες
2341 3803 2797 3872 σπουδασμάτων,
2818 3803 2954 3872 μήτε
2981 3802 3092 3870 μὴν
3109 3799 3246 3853 αἰδοῖ
3265 3799 3362 3868 τῆς
3385 3795 3694 3867 ἱερουργίας

2113 3895 2472 3963 προσκρούειν
2517 3894 2636 3964 Θεῷ
2684 3891 3143 3963 παραιτούμενοι,
3195 3889 3416 3952 δικαίως
3475 3887 3540 3941 ἂν
3593 3886 3695 3957 ήδη

2113 3985 2760 4055 κολάζοιντο.Ἔγκλημα
2813 3985 2921 4054 γὰρ
2968 3984 3029 4036 οὐ
3081 3982 3273 4054 μικρὸν
3325 3981 3409 4052 εἴη
3459 3979 3547 4042 ἂν,
3600 3981 3696 4032 καὶ

2118 4076 2263 4147 μάλα
2307 4079 2550 4143 εἰκότως,
2587 4078 2648 4130 τὸ
2699 4075 2969 4130 ποιεῖσθαι
3022 4079 3153 4147 παρ’
3182 4075 3333 4128 οὐδὲν
3380 4074 3487 4126 τῶν
3540 4070 3695 4140 παρὰ

2115 4167 2250 4220 Θεοῦ
2279 4168 2667 4240 δεδωρημένων
2707 4170 2806 4241 τὴν
2845 4168 3082 4240 μέθεξινς
3113 4165 3460 4220 ἀποσείεσθαί
3497 4181 3558 4216 τε
3601 4165 3696 4216 καὶ

2117 4259 2235 4314 λίαν
2281 4261 2522 4322 ἀϐούλως
2561 4260 2660 4323 τὰς
2689 4262 2819 4332 παρ’
2850 4260 3014 4314 αὐτοῦ
3048 4260 3232 4330 τιμάς.
3267 4257 3372 4312 Καὶ
3398 4255 3524 4325 γοῦν
3550 4255 3694 4308 ὠνό-

2121 4350 2321 4420 μασταί
2371 4367 2430 4403 τε
2491 4351 2689 4422 γήῖνόςς
2723 4368 2783 4404 τε
2849 4352 2942 4404 καὶ
3007 4350 3232 4421 βέϐηλος
3285 4351 3314 4403 ὁ
3354 4346 3554 4410 Ἡσαῦ,
3612 4347 3695 4399 ὅτι

2123 4442 2377 4513 βρώσεως
2459 4445 2586 4513 μιᾶς
2649 4444 2879 4497 ἀπέδοτο
2937 4445 3005 4497 τὰ
3071 4442 3414 4513 πρωτοτόκια
3477 4441 3696 4494 ἐαυτοῦε

447 4531 736 4586 Sciendum
757 4528 1104 4584 Hebraeorum
1133 4529 1424 4583 editionem
1453 4528 1616 4582 alium
1643 4541 1862 4582 sensum
1889 4527 1999 4581 red-

2115 4534 2324 4588 Οὐκοῦν
2356 4537 2482 4588 ὅταν
2512 4535 2693 4604 λέγει,
2736 4557 2752 4586 ι
2785 4538 2898 4591 Οὐκ
2927 4537 3160 4604 ἀνάψει-ε
3201 4535 3261 4588 τὸ
3309 4534 3696 4603 θυσιαστήριον

445 4625 593 4686 dere,
633 4623 737 4677 alio
776 4624 1062 4677 verborum
1090 4629 1369 4676 contextu.
1412 4617 1588 4690 lnquit
1614 4620 1759 4674 etiim
1787 4638 1802 4676 :
1835 4620 1941 4674 Vos
1962 4625 2018 4674 et

442 4712 610 4783 829
639 4712 831 4768 Levita:
859 4723 912 4768 et
949 4714 1262 4768 sacerdotes
1286 4712 1376 4782 qui
1409 4720 1708 4767 extremum
1734 4712 1788 4768 in
1822 4710 2022 4780 templo

447 4807 620 4860 locum
648 4806 918 4870 obtinent,
945 4821 976 4859 a
1011 4806 1162 4862 vobis
1181 4805 1483 4870 constituti,
1509 4815 1563 4858 ut
1588 4804 1726 4861 oStia
1750 4804 2020 4870 claudant,

446 4912 552 4950 non
580 4897 891 4952 accendetis
915 4896 1087 4950 altare
1149 4911 1324 4950 meum
1378 4896 1568 4964 gratis,
1622 4896 1727 4950 hoc
1751 4908 1855 4960 est,
1908 4896 2028 4951 sine

447 4987 695 5042 mercede
728 5004 832 5042 non
878 4986 1119 5049 servitis,
1153 4986 1266 5040 sive
1297 4986 1597 5042 sacerdotio
1629 5003 1734 5042 non
1772 4986 2023 5058 fungimi-

449 5081 526 5141 ni,
561 5093 681 5132 cum
719 5078 947 5148 populus
967 5077 1228 5140 decimas,
1251 5085 1306 5132 et
1338 5079 1623 5146 primitias,
1649 5085 1705 5132 et
1725 5077 1864 5131 dona
1895 5092 2023 5146 gra-

447 5171 644 5224 tiarum
676 5168 878 5223 actoria
911 5169 1063 5222 vobis
1085 5157 1292 5223 oﬂerat.
1321 5158 1581 5236 Quoniam
1609 5185 1738 5238 ergo
1764 5170 1938 5223 divina
1968 5171 2020 5224 in

444 5261 684 5314 minimis
718 5261 1058 5323 numerastis,
1089 5271 1141 5315 et
1167 5263 1372 5331 potiora
1406 5277 1467 5316 ac
1522 5263 1891 5330 praevertenda
1919 5279 2022 5317 non

447 5353 701 5417 curastis,

602 5443 613 5460 ἱ

2118 4642 2218 4697 μου
2263 4625 2492 4707 δωρεὰν,
2528 4647 2546 4679 ι
2595 4627 2842 4697 βούλεται
2891 4628 3102 4697 δηλοῦν,
3133 4626 3208 4690 ὼς
3254 4627 3354 4679 οὐκ
3399 4626 3700 4696 ἀγέραστον

2121 4717 2222 4788 μὲν
2254 4719 2287 4786 ἡ
2320 4717 2589 4789 ἱερωσύνη
2613 4735 2626 4747 ·
2673 4720 2811 4789 πλὴν
2849 4720 2970 4773 οὐδὲ
2997 4718 3101 4781 ἔξω
3129 4719 3304 4789 δίκης,
3329 4718 3380 4770 ει
3414 4716 3488 4787 μὴ
3533 4730 3701 4787 προσ-

2122 4809 2345 4882 φέροιτό
2381 4827 2464 4874 τις
2493 4812 2651 4882 αὐτῇ,
2686 4811 2807 4866 καθ’
2834 4811 2892 4864 ὃν
2917 4811 2983 4864 ἂν
3011 4810 3279 4881 προσήκοι
3306 4809 3509 4880 τρόπον
3526 4821 3585 4860 τε
3611 4809 3706 4860 καὶ

2123 4901 2301 4970 λόγον.
2320 4903 2514 4956 Ἰστέον
2546 4902 2604 4956 δὲ
2630 4905 2712 4957 ὅτι
2751 4904 2784 4972 ἡ
2813 4903 2921 4955 τῶν
2959 4902 3224 4974 Ἑϐραίων
3253 4901 3464 4964 ἔκδοσις
3509 4900 3709 4971 ἑτέραν

2125 4992 2239 5063 ἔχει
2273 4994 2371 5064 τὴν
2414 4995 2524 5048 τῶν
2555 4994 2846 5066 νοημάτων
2889 4993 3169 5054 ἀπόδοσιν,
3200 4993 3295 5046 καὶ
3321 4992 3491 5064 αὐτὴν
3523 4991 3580 5043 δὲ
3608 4992 3710 5057 τὴν

2124 5087 2224 5162 τῆς
2269 5084 2467 5149 λέξεως
2515 5085 2962 5156 συνθήκην.’Έφη
3009 5082 3138 5153 γὰρ,
3195 5085 3278 5136 ὅτι
3319 5083 3505 5152 Ὑμεῖς
3550 5081 3608 5132 τε
3659 5082 3710 5131 οἱ

2126 5176 2373 5237 Λευῖται,
2411 5176 2505 5230 καὶ
2541 5177 2646 5247 μὴν
2674 5177 2769 5228 καλ⁵
2795 5177 2844 5228 οἱ
2874 5177 3057 5244 ἱερεῖς,
3083 5176 3130 5227 οἱ
3161 5176 3258 5244 τὴν
3290 5175 3525 5243 ἐσχάτην
3551 5175 3610 5223 ὲν
3635 5171 3711 5239 τῷ

2126 5267 2237 5336 ναῷ
2275 5266 2424 5330 τάξιν
2455 5265 2685 5334 ἔχοντες,
2713 5265 3035 5333 τεταγμένοι
3067 5281 3126 5315 τε
3158 5264 3293 5334 πρὸς
3323 5263 3476 5333 ὑμῶν
3522 5262 3600 5322 είς
3649 5262 3711 5311 τδ

2128 5357 2329 5410 κλείειν
2357 5359 2456 5419 τὰς
2497 5357 2688 5427 θύρας,
2722 5358 2822 5409 οὐκ
2846 5357 3080 5424 ἀνάῷετε
3113 5356 3174 5408 τὸ
3193 5353 3578 5424 θυσιαστήριόν
3608 5367 3709 5422 μου

446 5441 584 5512 δωρε
593 5443 678 5503 ἀν,
690 5440 986 5509 τουτέστιν,
1006 5444 1102 5496 οὐκ
1119 5445 1309 5516 ἀμισθὶ
1323 5445 1560 5499 ποιεῖσθε
1577 5447 1675 5516 τὴν
1693 5447 1958 5511 δουλείαν,
1974 5449 2141 5518 ἤγουν
2158 5451 2257 5516 τὴν
2275 5449 2596 5520 ἱερωσύνην,
2622 5449 3008 5521 προσαγόντων
3028 5451 3157 5518 ἡμῖν
3176 5447 3284 5499 τῶν
3297 5447 3440 5501 λαῶν
3453 5445 3586 5499 δεκά
3599 5461 3708 5504 .σ.ς.

448 5551 561 5589 απα
571 5536 722 5607 ρχὰς,
743 5536 1154 5611 εὐχαριστήρια.
1173 5541 1313 5595 Ἀνθ“
1327 5543 1449 5596 ὅτου
1465 5543 1528 5613 δὴ
1540 5539 1631 5595 οῦν
1645 5543 2023 5614 κατημέληται
2043 5545 2110 5598 τὰ
2126 5543 2219 5596 τσῦ
2235 5545 2367 5596 Θεευῗ
2381 5584 2396 5605 ,
2412 5546 2502 5598 καὶ
2520 5545 2618 5597 οὐκ
2633 5547 2686 5598 ὲν
2706 5545 2945 5615 φροντίδι
2961 5546 3148 5615 γέγονε
3165 5547 3229 5615 τῇ
3247 5543 3704 5614 προύργιαιτάτῃ,

515 5690 563 5724 ’⁸
591 5691 690 5748 lsa.
727 5709 857 5762 un,
882 5694 982 5763 22;
1015 5695 1115 5755 Job
1140 5714 1236 5765 xu,
1265 5698 1354 5754 Η.
1432 5701 1474 5731 ⁷¹
1511 5699 1647 5754 Osce
1681 5715 1760 5762 tn,
1807 5699 1856 5752 ι.
1932 5701 1976 5730 τ’

2106 5699 2179 5754 br.
2217 5718 2313 5769 ιιι,
2345 5703 2431 5758 ίθι
