3934 6318
410 336 515 392 899

1401 332 1460 386 8.
1501 331 1772 386 ειίιιιιι
1817 329 2278 387 ΑιΕΧΑΝοιιιΝι
2319 329 2636 385 ARCHIEP.

3570 343 3673 400 δυο

409 445 552 516 quod
605 445 777 500 dicitis
831 463 916 500 uos
959 460 976 498 :
1025 444 1207 498 Mensa
1273 443 1480 497 Domini
1531 445 1735 513 pallula
1798 455 1892 510 est,
1948 463 1970 498 e

2105 442 2359 512 Τράπεζα
2387 443 2607 510 Κυρίου
2637 443 3016 513 ήλισγημένη
3051 445 3203 511 ἐστὶ,
3235 445 3334 502 καί
3379 447 3448 502 τὰ
3494 449 3677 508 ἐπιτι-

409 540 499 610 qui
522 549 947 606 superponuntur
967 537 1191 604 despecti
1215 545 1335 588 sunt
1363 535 1463 588 cibi
1486 536 1621 604 ejus.

491 628 902 684 Xlll.Meliores
939 637 994 682 et
1040 627 1212 698 magis
1265 625 1405 696 frugi
1454 626 1571 681 fore
1630 642 1697 681 ex
1743 628 1990 695 gentibus

411 731 654 783 vocatos,
703 734 864 788 quam
912 717 1199 784 lsraelitas,
1258 718 1384 772 hinc
1443 733 1658 788 quoque
1715 718 1986 788 patefacit.

407 813 560 880 Apud
605 809 723 865 illos
770 809 917 864 enint
981 810 1246 863 sacriﬁcia
1311 808 1509 864 munda
1538 849 1554 875 ,
1589 819 1645 864 et
1697 810 1988 870 beneolens

407 902 725 972 thymiama,
754 911 810 956 et
851 915 1101 969 magnum
1134 916 1326 955 nomen
1351 901 1558 956 Domini
1590 919 1609 953 ι
1635 901 1701 956 ab
1749 911 1869 957 ortu
1895 917 1983 957 so-

407 993 472 1048 lis
502 1008 674 1063 usque
690 996 755 1048 ad
788 1007 1042 1047 occasum
1071 992 1138 1046 ".
1166 1010 1186 1044 s
1228 991 1382 1060 Apud
1431 1007 1525 1048 vos
1557 1001 1737 1048 autem
1777 993 1948 1048 altare
1969 1033 1985 1058 ,

405 1087 604 1156 inquit,
626 1101 730 1140 non
757 1093 840 1139 est
877 1085 934 1139 in
972 1099 1164 1154 magna
1194 1091 1251 1138 et
1284 1099 1404 1153 qua:
1424 1083 1595 1138 Deum
1645 1085 1836 1139 deceat
1870 1085 1988 1154 glo-

405 1183 508 1237 ria.
542 1180 934 1236 Coutamiuatis
968 1179 1112 1233 enim
1139 1178 1299 1242 illud,
1325 1177 1593 1233 dicentes:
1629 1197 1648 1230 ι
1673 1178 1854 1233 Mensa
1877 1180 1986 1234 [ιο-

403 1272 535 1328 mini
565 1272 763 1343 polluta
781 1279 888 1337 est,
911 1281 964 1326 et
993 1272 1240 1340 despecta
1267 1285 1387 1339 qua:
1420 1279 1548 1324 sunt
1572 1284 1733 1339 super
1769 1285 1883 1325 ea.»
1919 1271 1984 1326 Et

403 1380 502 1436 par
571 1364 787 1434 quidem
843 1373 991 1430 erat,
1042 1362 1352 1418 sacerdotes
1397 1361 1766 1428 hujuscemodi
1807 1362 1984 1416 verbis

403 1455 698 1520 abstinere,
723 1469 844 1509 cum
872 1453 998 1522 ipsis
1031 1452 1186 1507 factis
1206 1452 1680 1514 clamarent,sicut
1702 1453 1999 1530 nimirum,_

408 1563 427 1598 ι
465 1546 530 1600 Et
555 1545 816 1614 iuSipiens
839 1544 969 1600 dicit
993 1545 1046 1599 iu
1065 1545 1227 1599 corde
1264 1558 1393 1598 suos:
1431 1542 1544 1596 Non
1565 1554 1649 1597 est
1677 1544 1820 1598 Deus
1856 1544 1922 1598 '°.
1956 1564 1974 1597 s

401 1637 505 1693 Per
534 1652 651 1707 quae
672 1637 815 1692 enim
841 1637 962 1707 quis
987 1643 1335 1691 contemnere
1354 1634 1618 1702 cernitur,
1649 1637 1862 1691 tametsi
1890 1651 1980 1689 vo-

399 1746 516 1786 cem
550 1747 654 1787 nou
679 1731 824 1793 edat,
851 1729 1106 1800 operibus
1133 1739 1314 1782 tamen
1343 1727 1474 1798 ipsis
1507 1739 1562 1783 et
1597 1731 1980 1797 vitaspravita-

2100 535 2314 604 θέμενα
2338 533 2730 599 ἐξουδένωται
2753 535 3037 605 βρώματα
3059 541 3164 592 αὐτ
3174 537 3266 593 οῦ.
3667 599 3672 602 _

2170 629 2266 682 ll".
2309 628 2430 680 Ὅτι
2465 627 2560 681 καὶ¹
2596 627 2851 697 ἀμείνους
2882 629 3115 696 ἔσονται,
3151 635 3247 684 καὶ
3283 635 3675 701 ἐπιεικέστεροι

2095 720 2204 774 τῶν
2233 719 2293 786 ἐξ
2334 719 2573 791 Ἰσραὴλ,
2604 721 2651 772 οἱ
2679 719 2740 784 ἐξ
2770 720 2938 773 ἐθνῶν
2959 724 3305 794 κεκλημένοι,
3335 727 3426 779 καὶ
3448 727 3536 781 διὰ
3555 730 3675 783 τού-

2095 829 2204 864 των
2229 813 2361 882 ἡμῖν
2395 809 2715 880 καθίστησιν
2742 812 2989 884 ἐναργές.
3023 814 3160 883 Παρ’
3189 815 3418 880 ἐκείνοις
3443 818 3545 886 μὲν
3568 821 3674 890 γὰρ

2095 903 2152 955 αἱ
2181 901 2362 956 θυσίαι
2389 901 2648 972 καθαραὶ,
2673 902 2847 956 καὶτὸ
2871 903 3070 968 εὑῶδες
3093 904 3365 976 θυμίαμα,
3400 912 3493 961 καὶ
3531 911 3674 980 μέγα

2093 992 2152 1045 τὸ
2205 991 2376 1062 ὄνομα
2431 1010 2450 1043 ι
2479 991 2586 1045 ἀπὸ
2627 992 2900 1046 ἀνατολῶν
2931 993 3081 1064 ἡλίου
3113 997 3206 1050 καὶ
3233 997 3339 1062 ἕως
3373 1001 3615 1070 δυσμῶν.
3649 1024 3667 1054 s

2094 1081 2228 1154 Παρ’
2253 1083 2379 1151 ὑμῖν
2417 1081 2495 1147 δὲ,
2523 1082 2678 1154 φησι,
2708 1084 2808 1137 οὐκ
2840 1085 2895 1136 ἐν
2924 1084 3050 1157 δόξῃ
3080 1087 3294 1161 μεγάλῃ
3320 1092 3414 1142 καὶ
3445 1095 3512 1162 τῇ
3545 1111 3675 1165 πρε.

2093 1171 2269 1242 πούσῃ
2303 1171 2421 1243 Θεῷ
2471 1171 2532 1224 τὸ
2579 1171 2981 1245 θυσιαστήριον.
3032 1177 3330 1248 Βεϐηλοῦτε
3376 1183 3485 1252 γὰρ
3520 1185 3670 1251 αὐτὸ,

2091 1259 2368 1330 λέγοντεςο
2406 1281 2424 1314 t
2457 1263 2718 1334 Τράπεζα
2761 1265 2966 1336 Κυρίου
3001 1266 3334 1342 ὴλισγημένη
3387 1273 3556 1340 ἐστὶν,
3586 1277 3671 1342 ἐξ·

2089 1351 2427 1423 ουδενωμένα
2456 1353 2513 1405 δὲ
2545 1355 2638 1407 καὶ
2671 1353 2740 1408 τά
2763 1357 2851 1408 ἐπ’
2883 1356 3071 1427 αὐτῆς.
3099 1378 3117 1410 s
3159 1360 3268 1412 Kal.
3297 1364 3443 1426 είκδς
3475 1365 3575 1434 μὲν
3599 1369 3669 1436 μὴ

2087 1443 2348 1507 τοιούτοις
2399 1447 2608 1516 ῥήμασι
2657 1446 2955 1517 κεχρῆσθαι
3002 1449 3129 1513 τοὺς
3178 1451 3374 1524 ἱερέας,
3401 1456 3584 1519 αὐτοῖς
3609 1474 3670 1524 γε

2091 1534 2199 1606 μὴν
2246 1537 2534 1608 πράγμασι
2578 1536 2736 1590 τοῦτο
2790 1537 2938 1609 βοᾷν,
2967 1539 3216 1614 καθάπερ
3254 1545 3445 1613 ἀμέλει
3477 1565 3495 1596 ι
3528 1549 3620 1598 καὶ
3643 1549 3672 1600 ό

2087 1627 2277 1698 ἄφρων
2311 1628 2474 1696 φησιν
2509 1631 2566 1682 ἐν
2597 1628 2791 1700 καρδίᾳ
2824 1629 2988 1683 αὐτοῦ
3011 1645 3023 1658 ·
3055 1632 3168 1684 Οὐκ
3199 1632 3312 1686 ἐστι
3347 1634 3497 1698 Θεός.
3535 1655 3554 1688 s
3583 1634 3674 1689 Δι’

2088 1712 2164 1772 ὧν
2195 1720 2304 1790 γὰρ
2331 1721 2524 1791 ὁρᾶται
2555 1720 2932 1792 καταφρονῶν,
2964 1723 3067 1777 κᾶν
3096 1726 3143 1776 εί
3177 1726 3250 1796 μὴ
3284 1726 3417 1800 λέγῃ
3443 1732 3668 1796 φωναῖς,

401 1833 452 1877 te
491 1833 698 1878 tantum
756 1837 865 1888 non
898 1821 1115 1888 clamat,
1148 1839 1166 1872 ι
1199 1821 1312 1874 Νοιι
1343 1830 1426 1875 εει
1464 1821 1624 1876 Deus.
1656 1838 1675 1873 ι
1711 1823 1810 1888 Qui
1837 1823 1970 1877 enim

2083 1808 2314 1865 ἀλλὀὖν
2350 1812 2530 1883 ἔργοις
2565 1814 2766 1876 αὐτοῖς,
2799 1814 2895 1867 καὶ
2948 1818 3012 1885 τῇ
3067 1814 3160 1868 τοῦ
3213 1817 3327 1885 βίου
3383 1821 3670 1891 σκαιότητι

401 1917 482 1972 sic
513 1917 698 1972 vivere
731 1923 1152 1982 consueverunt,
1183 1913 1337 1984 quasi
1367 1913 1478 1968 Deo
1511 1929 1614 1968 non
1647 1913 1982 1985 inspectante

397 2009 696 2078 omniaque
742 2007 919 2061 soluto
960 2006 1146 2060 animo
1186 2015 1237 2059 et
1271 2003 1569 2060 insolenter
1601 2014 1767 2075 atque
1822 2004 1983 2075 tmpie

397 2098 660 2170 agere,lii
697 2097 857 2152 rebus
893 2106 949 2151 et
1001 2094 1162 2150 faelis
1211 2095 1347 2166 ipsis
1406 2096 1574 2151 Deum
1628 2105 1846 2166 negant.
1895 2097 1979 2152 Ad

397 2191 543 2246 hunc
574 2189 758 2258 itaque
800 2186 1037 2254 modum,
1091 2188 1182 2256 qui
1219 2198 1410 2243 sancto
1477 2187 1634 2242 altari
1680 2191 1982 2244 veneratio-

397 2301 518 2338 nem
567 2284 644 2338 illi
693 2282 962 2353 imprimis
1010 2297 1306 2355 congruam
1357 2281 1704 2353 debitamque
1763 2297 1982 2340 servare

399 2391 504 2430 non
529 2377 872 2450 studuerunt,
923 2375 1084 2446 831
1135 2390 1230 2444 per
1268 2376 1384 2445 ipsa
1436 2390 1554 2445 qua:
1602 2386 1982 2432 consectantur

397 2468 602 2533 dicunt,
633 2487 652 2520 ‹
695 2467 875 2523 Mensa
911 2467 1120 2522 Domini
1149 2467 1350 2536 polluta
1373 2477 1477 2522 est.
1511 2486 1532 2520 ι
1573 2466 1852 2538 Fugienda
1895 2480 1979 2526 est

342 2582 350 2587 ·
395 2576 525 2631 ergo
548 2561 604 2628 iu
641 2560 1109 2641 Ιιὶεἰιιειιιῆιῃίιιιὶ
1156 2573 1316 2614 secus
1370 2557 1526 2624 faxit,
1561 2561 1751 2616 audire
1808 2561 1976 2617 Deum

396 2653 609 2707 debebit
644 2653 953 2708 dicentem:
990 2671 1008 2704 ι
1030 2650 1148 2706 Non
1178 2661 1260 2706 est
1288 2651 1420 2706 mihi
1444 2651 1688 2707 voluntas
1713 2652 1767 2706 iu
1801 2653 1975 2721 vobis,

393 2752 448 2798 et
473 2743 801 2799 sacriﬁcium
829 2758 942 2797 anon
970 2742 1264 2813 suspiciam
1293 2757 1361 2798 ex
1407 2743 1659 2799 manibus
1707 2746 1919 2800 vestris.
1951 2763 1970 2797 s

395 2832 534 2900 Quin
569 2843 751 2887 autem
787 2833 1157 2888 miserrimum
1197 2831 1269 2884 sit
1303 2829 1470 2886 Deum
1521 2831 1824 2902 oﬂenderef,
1857 2835 1978 2902 quis

393 2923 481 2980 cui
556 2924 625 2977 ab
695 2922 877 2980 animo
959 2932 1012 2978 et
1073 2932 1255 2978 mente
1315 2919 1456 2978 bene
1511 2931 1637 2990 est,
1695 2924 1974 2981 dubitave-

395 3015 465 3070 rit
503 3016 527 3071 τ

2087 1902 2370 1971 μονονουχὶ
2399 1902 2728 1981 διακέκραγε
2766 1903 2843 1968 τὸ,
2887 1923 2904 1955 ι
2937 1906 3050 1958 Οὐκ
3075 1906 3188 1958 ἔστι
3220 1907 3369 1970 Θεός.
3403 1929 3422 1959 s
3460 1911 3523 1962 Οί
3558 1912 3667 1984 γὰρ

2083 1991 2226 2046 οὕτω
2249 1990 2346 2064 ζῇν
2380 1994 2651 2059 εἰωθότες,
2675 1995 2748 2058 ὡς
2779 1994 2856 2066 μὴ
2885 1997 3190 2067 ἐφορῶντος
3219 1997 3375 2065 Θεοῦ,
3406 2001 3583 2055 πάντα
3605 2020 3664 2056 τε

2081 2084 2214 2158 δρᾷν
2239 2087 2710 2158 ἀπεριμερίμνως,
2749 2089 2840 2140 καὶ
2871 2089 3117 2153 ἐκτόπως
3146 2091 3539 2164 ἀνοσιουργεῖν,
3575 2096 3666 2166 ἐρ-

2081 2195 2199 2247 γοις
2249 2179 2431 2242 αὐτοῖς
2479 2179 2574 2232 καὶ
2621 2180 2943 2250 πράγμασιν
3005 2181 3296 2252 ἀρνοῦνται
3362 2185 3456 2238 τὸν
3504 2187 3661 2244 Θεό-ι.

2081 2272 2238 2326 Κατά
2285 2273 2474 2326 τοῦτον
2516 2271 2579 2344 δὴ
2613 2267 2706 2326 οὖν
2755 2273 2846 2326 τὸν
2897 2273 3113 2344 τρόπον,
3148 2277 3198 2327 οἱ
3241 2279 3313 2347 μὴ
3355 2278 3663 2344 ἀποσώζειν

2080 2365 2470 2428 ἐσπουδακότες
2513 2365 2594 2436 τῷ
2625 2365 2764 2437 ἁγίῳ
2791 2366 3163 2440 θυσιαστηρίῳ
3193 2369 3253 2422 τὸ
3301 2370 3380 2440 ότι
3429 2370 3662 2441 μάλιστα
3713 2415 3716 2418 .

2081 2457 2291 2528 πρέπον
2326 2473 2387 2510 τε
2431 2456 2597 2527 αύτῷ,
2633 2457 2729 2510 καὶ
2771 2458 3120 2528 ὀφειλόμενον
3168 2459 3351 2526 σέϐας,
3380 2462 3456 2514 ’δι’
3479 2462 3661 2515 αὐτῶν

2080 2541 2153 2600 ὧν
2182 2547 2437 2601 διώκουσι
2471 2549 2723 2617 λέγουσι·
2761 2569 2779 2600 t
2805 2548 3064 2620 Τράπεζα
3091 2551 3296 2621 Κυρίου
3319 2552 3661 2622 ὴλισγημὲνη

2078 2639 2213 2694 ἐστί.
2247 2658 2265 2691 s
2304 2641 2671 2711 Παραινητέον
2697 2639 2761 2712 δὴ
2789 2637 2880 2694 οὖν
2909 2640 2970 2694 τὸ
3011 2642 3256 2713 ῥᾴθυμον
3305 2645 3362 2696 ἐν
3405 2646 3617 2708 τούτοις
3649 2667 3663 2681 ο

2077 2731 2173 2784 καὶ
2217 2732 2264 2784 εί
2311 2733 2384 2803 μή
2428 2749 2510 2796 τις
2543 2732 2718 2785 ἕλοιτο
2749 2731 2907 2786 τοῦτο
2931 2733 3086 2804 δρᾷν,
3123 2734 3413 2788 ἀκούσεται
3440 2736 3661 2801 πάντως

2076 2822 2209 2876 Θεοῦ
2243 2823 2520 2890 λέγοντος·
2557 2843 2576 2874 t
2610 2825 2724 2877 Ούκ
2767 2823 2879 2877 ἔστι
2907 2841 3010 2895 μου
3049 2823 3261 2894 θέλημα
3293 2827 3350 2878 ἐν
3385 2827 3532 2896 ὑμῖν,
3565 2829 3658 2882 και.

2076 2913 2266 2968 θυσίαν
2298 2916 2359 2970 ού
2392 2914 2755 2986 προσδέξομαι
2793 2917 2858 2969 ἐκ
2883 2917 2993 2970 τῶν
3026 2918 3226 2989 χειρῶν
3259 2919 3432 2988 ὑμῶν.
3461 2940 3482 2972 s
3509 2921 3657 2975 Πάν-

2072 3007 2242 3062 δεινον
2273 3007 2331 3060 δὲ
2363 3007 2442 3060 ὅτι
2469 3007 2527 3061 τὸ
2562 3008 2924 3078 προσκρούειν
2956 3008 3094 3078 Θεῷ,
3122 3010 3239 3073 πῶς
3270 3010 3335 3063 ἂν
3368 3011 3656 3066 ἐνδοιάσειέ

2073 3115 2177 3164 τις,
2213 3100 2369 3167 εἴπερ
2397 3099 2544 3152 ἐστὶν
2574 3100 2631 3152 ἐν
2662 3099 2812 3170 καλῷ
2841 3099 2936 3153 καὶ
2966 3098 3056 3152 νοῦ
3091 3101 3186 3153 καὶ
3222 3101 3452 3172 φρενόςς

473 3193 632 3248 Vens.
675 3195 760 3251 l3.
805 3194 870 3248 Et
901 3193 1110 3248 dixistis
1139 3211 1156 3251 :
1191 3193 1321 3250 Ηαό
1341 3211 1404 3248 ex
1432 3195 1873 3266 afﬂictione-sunt,
1919 3206 1969 3251 et

2145 3189 2258 3242 Καὶ
2295 3190 2526 3242 εἵπατευ
2576 3185 2768 3244 Ταῦτα
2805 3188 2874 3243 ἐκ
2925 3193 3329 3257 κακοπαθείας
3357 3192 3511 3258 ἐστὶ,
3553 3196 3651 3248 καὶ

391 3289 660 3360 ετιιιῆιαυί
705 3305 788 3354 ea,
815 3289 942 3341 dicit
978 3287 1234 3344 Dominus
1277 3291 1621 3359 omnipotens.
1657 3292 1722 3345 Et
1777 3293 1971 3361 infere-

392 3381 530 3432 batis
572 3387 744 3444 rapta,
784 3392 832 3432 et
855 3379 1071 3446 clauda,
1097 3390 1142 3434 et
1170 3379 1460 3449 inﬁrmata.
1489 3379 1557 3434 Et
1588 3383 1633 3436 si
1667 3383 1965 3438 ablutas-itis

387 3469 736 3539 sacriﬁcium,
767 3473 812 3524 si
838 3471 1121 3540 suscipiam
1145 3487 1206 3527 ea
1241 3473 1305 3527 de
1328 3476 1570 3530 manibus
1601 3479 1811 3543 vestris,
1838 3477 1967 3531 dicit

392 3560 651 3616 Dominus
677 3564 1017 3636 omnipotens.

462 3739 600 3797 XIV.
637 3741 854 3796 Acriter
871 3751 1091 3797 accusat
1113 3745 1451 3809 sacerdotes,
1478 3753 1536 3798 ut
1557 3745 1649 3816 qui
1679 3743 1957 3816 offerenda

390 3833 443 3886 lu
489 3831 758 3886 sacriﬁcio
802 3831 1057 3898 lustrare,
1098 3847 1165 3886 an
1205 3832 1398 3888 vitiosa
1441 3815 1583 3900 sint,
1621 3815 1967 3892 minimevve-

388 3923 511 3988 lint,
540 3931 618 3990 et,
641 3922 758 3978 sine
787 3939 915 3978 cura
951 3933 1114 3993 atque
1144 3925 1536 3995 exploratione,
1567 3927 1778 3995 clauda,
1799 3944 1961 3994 circa,

385 4011 635 4068 morbida
679 4013 985 4078 admittant,
1022 4027 1328 4082 quanquam
1366 4014 1448 4068 lex
1491 4015 1668 4084 aliqua
1719 4017 1966 4085 corporis

386 4115 541 4174 parte
591 4121 696 4160 non
741 4120 870 4160 sana
921 4112 975 4160 et
1008 4107 1216 4176 integra
1284 4106 1433 4176 rejici
1481 4118 1668 4175 aperte
1717 4106 1959 4174 jusserit.

387 4194 545 4266 Quod
573 4198 618 4253 si
639 4195 780 4252 forte
815 4199 1157 4254 sacerdotum
1197 4199 1468 4268 quispiam
1488 4197 1678 4252 inutile
1707 4214 1871 4268 pecus
1894 4201 1962 4253 ad

387 4289 723 4344 sacriﬁcium
760 4287 1051 4345 oil‘erentes
1084 4289 1263 4344 studio
1303 4289 1582 4344 servandae
1620 4289 1754 4360 legis
1783 4291 1962 4360 repel-

397 4379 555 4448 leret,
620 4397 726 4436 non
779 4380 1154 4444 discedebant,
1209 4379 1578 4449 captivitatem
1636 4379 1962 4436 omnimodis

387 4473 806 4541 praetendentes,
828 4481 884 4528 et
904 4474 1163 4527 audacter
1189 4469 1476 4524 admodum
1495 4468 1823 4526 aﬁirmantes
1851 4487 1959 4527 non

383 4577 503 4617 esse
530 4561 703 4616 malas
726 4563 996 4623 victimas,
1027 4559 1120 4614 sed
1138 4573 1204 4613 ex
1236 4559 1430 4614 itinere
1457 4559 1526 4611 ita
1563 4557 1811 4624 aﬁlictas,
1833 4576 1957 4617 cum

382 4654 709 4725 eliabylone
750 4653 806 4708 in
862 4651 1104 4708 Judzram
1168 4658 1592 4728 reverterentur.
1647 4650 1959 4707 Oli'erebant

381 4762 545 4817 porro
570 4755 625 4801 et
661 4755 836 4817 rapta,
869 4751 926 4799 et
941 4741 1153 4810 clauda,
1185 4750 1240 4796 et
1261 4741 1483 4795 debilia.
1514 4741 1667 4796 Ferae
1688 4743 1958 4812 siquidem

380 4839 746 4904 incursantes,
793 4834 1064 4890 interdum
1099 4832 1354 4903 gregibus
1397 4843 1597 4888 nocent
1627 4850 1643 4889 :
1679 4849 1774 4890 seu
1820 4834 1960 4890 forte

378 4926 507 4996 quid
533 4925 838 4994 rapueriut,
860 4921 1055 4978 deinde
1080 4937 1245 4976 cursu
1276 4931 1466 4992 pastor
1495 4924 1795 4991 insecutus,
1840 4925 1958 4979 fau-

378 5017 532 5071 cibus
554 5030 742 5070 earum
762 5011 1064 5083 eripuerit:
1095 5017 1150 5066 et
1172 5027 1366 5066 canum
1420 5010 1710 5069 latratibus
1748 5023 1956 5085 perter-

378 5106 657 5174 refecerit,
692 5115 783 5158 aut
813 5105 1010 5174 pedum
1045 5102 1099 5156 in
1139 5115 1232 5156 eas
1283 5101 1594 5172 proiecerit.
1646 5101 1773 5160 Haec
1805 5112 1952 5171 sunt,

373 5199 591 5268 opinor,
633 5204 812 5267 rapta,
837 5205 892 5250 et
915 5194 1031 5249 haec
1051 5193 1213 5248 simul
1245 5210 1369 5249 cum
1410 5195 1638 5262 claudis,
1669 5211 1789 5266 quae
1830 5213 1951 5253 cum

375 5290 588 5347 caeteris
613 5289 760 5358 pasci
790 5286 1023 5355 amplius
1040 5302 1144 5341 non
1169 5295 1408 5357 possent,
1429 5284 1746 5344 oﬂ'erebant.
1773 5287 1950 5344 Etiam

375 5381 646 5434 inﬁrmata
696 5375 973 5440 dicabant,
1024 5377 1126 5432 boc
1148 5388 1255 5442 est,
1296 5377 1409 5447 jam
1437 5379 1774 5444 moribunda,
1829 5379 1950 5432 uni-

373 5485 658 5525 versorum
703 5469 868 5522 Deum
919 5469 1308 5525 dedecorautes
1353 5470 1534 5540 potius
1573 5487 1736 5540 quam
1783 5470 1952 5525 bono-

373 5572 578 5620 rantes.
612 5557 809 5616 Verum
853 5579 870 5613 t
910 5560 1190 5617 cxsulllavi
1228 5577 1312 5626 ea,
1364 5564 1496 5618 dicit
1537 5563 1800 5620 Dominus
1829 5580 1946 5618 out-

441 5735 490 5772 7’
519 5737 658 5797 Psal.
693 5756 838 5808 xm,
871 5743 918 5799 1.
997 5741 1040 5772 ⁵ο
1067 5740 1206 5794 Psal.
1243 5754 1357 5802 stu,
1393 5738 1440 5793 l.

2069 3279 2425 3348 ὲξεφύσησα
2479 3279 2661 3347 αὐτὰ,
2713 3279 2874 3349 λέγει
2912 3281 3129 3348 Κύριος
3203 3283 3648 3353 παντοκράτωρ.

2069 3373 2178 3426 Καὶ
2202 3369 2541 3442 εἰσεφέρετε
2563 3369 2937 3440 ἁρπάγματα,
2979 3372 3077 3425 καὶ
3121 3371 3192 3424 τὰ
3227 3373 3411 3441 χωλὰ,
3449 3375 3652 3430 καὶτὰ

2067 3464 2501 3533 ἐνοχλοῦμεν-α.
2559 3462 2670 3517 Καὶ
2719 3463 2828 3516 ἐὰν
2868 3463 3095 3531 ,φέρητε
3137 3463 3250 3533 τὴν
3296 3467 3551 3531 θυσίαν,
3597 3471 3651 3521 ει

2067 3551 2472 3622 προσδέξομαι
2526 3552 2685 3607 αὐτὰ
2716 3553 2785 3606 ἐκ
2828 3553 2945 3608 τῶν
2995 3552 3207 3623 χειρῶν
3256 3554 3444 3624 ὑμῶν,
3487 3556 3650 3627 λέγει

2067 3647 2281 3714 Κύριος
2318 3645 2763 3714 παντοκράτωρ.

2138 3740 2234 3792 ΙΔ’.
2276 3739 2590 3811 Κατῃτιᾶτο
2633 3738 2753 3792 λίαν
2798 3740 2925 3804 τοὺς
2977 3740 3315 3810 ίερουργοὺς,
3344 3740 3418 3805 ὡς
3447 3743 3649 3812 ἥκιστα

2069 3827 2166 3896 μὲν
2207 3829 2589 3899 μωμοσκοπεῖν
2639 3827 2925 3898 ἑλομένους
2974 3828 3043 3883 τά
3099 3831 3485 3901 προσαγόμενα
3539 3832 3648 3886 τῶν

2067 3916 2342 3987 θυμάτων,
2371 3917 2834 3990 προσδεχομένους
2861 3919 2917 3972 δὲ
2943 3919 3142 3989 μᾶλλον
3174 3921 3437 3991 ῥᾳθύμως
3469 3940 3527 3976 τε
3556 3925 3648 3976 καὶ

2064 4006 2440 4074 ἀϐασανίστως
2469 4010 2636 4080 χωλά,
2668 4010 2759 4063 καὶ
2780 4009 2975 4078 τυφλὰ,
3031 4013 3124 4065 καὶ
3157 4013 3437 4084 ἀρρωστα,
3471 4016 3649 4068 καίτοι

2063 4098 2157 4151 τοῦ
2186 4099 2350 4165 νόμου
2393 4101 2578 4170 σαφῶς
2603 4101 2670 4154 τά
2691 4101 2917 4172 ἔμπηρα
2955 4102 3062 4155 τῶν
3091 4103 3345 4173 θυμάτων
3365 4106 3647 4177 ἀπόϐλητα

2063 4189 2172 4242 δεῖν
2209 4190 2477 4244 ποιεῖσθαι
2513 4194 2963 4263 προστεταχότος.
3009 4195 3070 4247 Εἰ
3099 4193 3154 4247 δὲ
3187 4193 3248 4263 δή
3292 4195 3392 4248 πού
3418 4214 3500 4261 τις
3538 4198 3648 4253 τῶν

2067 4281 2256 4352 ἱερέων
2316 4282 2599 4346 ἀπεσόϐει,
2650 4284 2744 4338 τοῦ
2795 4285 2960 4354 νόμου
3016 4286 3390 4356 ἀντεχόμενος,
3435 4288 3527 4342 τὸν
3567 4291 3648 4354 είς

2065 4373 2256 4428 θυσίαν
2307 4375 2656 4446 προσάγοντα
2695 4375 2755 4428 τὸ
2783 4377 3029 4446 ἀχρεῖον,
3075 4377 3336 4446 ἐπέμενον
3380 4378 3443 4440 οἱ,
3473 4395 3647 4448 προσ-

2064 4467 2309 4534 άγοντες,
2324 4468 2434 4522 ἄνω
2459 4485 2518 4520 τε
2538 4468 2636 4521 καὶ
2657 4467 2803 4522 κάτω
2820 4467 2915 4536 τὴν
2935 4467 3307 4538 αἰχμαλωσίαν
3328 4470 3646 4538 προτείνον-

2050 4574 2176 4620 -τες,
2214 4557 2669 4629 διῖσχυριζόμενοί
2701 4574 2763 4610 τε
2821 4560 2916 4611 καὶ
2953 4558 3099 4629 μάλα
3134 4559 3421 4624 νεανικῶς,
3464 4561 3646 4629 φαῦλα

2069 4649 2167 4719 μὲν
2194 4650 2293 4702 οὐκ
2347 4643 2510 4712 εἶναι,
2570 4649 2954 4720 κακοπαθῆσαι
3001 4651 3059 4702 δὲ
3103 4649 3302 4721 μᾶλλον
3353 4651 3496 4705 κατά
3547 4652 3645 4723 τὴν

2063 4739 2201 4804 ὁδὸν,
2235 4737 2670 4794 ὑπονοστούντων
2725 4739 2905 4794 αὐτῶν
2954 4740 3018 4793 ἐκ
3073 4740 3172 4810 τῆς
3211 4739 3530 4803 Βαϐυλῶνος
3565 4743 3645 4804 είς

2063 4830 2164 4902 τὴν
2215 4830 2496 4886 Ἰουδαίαν.
2536 4830 2943 4902 Προσεκόμιζον
2971 4831 3026 4884 δὲ
3057 4830 3153 4884 καὶ
3178 4831 3247 4883 τὰ
3271 4832 3638 4902 ἁρπάγματα,

2064 4925 2158 4979 καὶ
2178 4925 2246 4980 τά
2273 4925 2442 4996 χωλά,
2500 4926 2595 4979 καὶ
2641 4925 2708 4978 τά
2764 4923 3148 4996 ἐνοχλούμενα.
3181 4924 3357 4996 Θῆρες
3395 4925 3494 4994 μὲν
3531 4924 3641 4995 γάρ

2063 5015 2304 5078 ἐπιόντες
2334 5015 2445 5070 ἔσθ’
2466 5017 2556 5069 ὅτε
2611 5014 2991 5070 κατασίνονται
3025 5017 3142 5080 ταῖς
3171 5015 3424 5084 ἀγέλαις,
3460 5015 3564 5069 κᾶν
3593 5015 3647 5069 ετ

2061 5124 2113 5161 τι
2143 5107 2303 5178 τυχὸν
2332 5106 2658 5177 άρπάσειαν,
2698 5100 2818 5158 εἶτα
2855 5103 3079 5176 δραμὼν
3107 5107 3136 5158 ό
3169 5105 3375 5176 ποιμὴν
3430 5106 3643 5159 ἐκσπά-

2062 5216 2174 5252 σειε
2201 5197 2308 5251 τῶν
2339 5197 2567 5252 ὀδόντων
2619 5196 2678 5250 τὸ
2731 5197 3123 5269 ήρπασμένον,
3173 5195 3208 5268 ἦ
3258 5199 3644 5269 καταπτοήσας

2058 5293 2235 5346 κυνῶν
2261 5291 2509 5355 ὑλακαῖς,
2553 5289 2587 5360 ἢ
2626 5287 2943 5361 καλαύροπα
2995 5287 3193 5360 βαλών.
3227 5287 3419 5352 Τοῦτο,
3447 5285 3642 5360 οἶμαι,

2055 5383 2117 5436 τὸ
2151 5383 2443 5454 ἅρπαγμα,
2465 5379 2650 5435 ταῦπα
2685 5379 2963 5451 προσῆγον
2995 5376 3131 5450 ὁμοῦ
3159 5379 3277 5442 τοῖς
3317 5379 3446 5441 τοὺς
3473 5379 3640 5442 πόδας

2055 5471 2470 5543 λελωϐημένοις,
2515 5471 2610 5524 καὶ⁴
2635 5471 2734 5524 οὐκ
2765 5471 2847 5523 ἔτι
2871 5473 2983 5534 τοῖς
3012 5469 3190 5534 ἄλλοις
3230 5471 3641 5542 συγκατανέμε-

2055 5565 2180 5618 σθαι
2207 5563 2544 5635 δυναμένοις.
2578 5561 2859 5637 Προσῆγον
2887 5563 2942 5617 δὲ
2989 5563 3082 5617 καὶ
3114 5561 3186 5617 τὰ
3231 5560 3629 5636 ἐνοχλούμενα,
