3934 6318
275 411 287 418 .
333 365 431 422 501

1150 369 1703 426 COMMENTARIUS
1744 371 1805 426 IN
1848 369 2256 428 MALACIHAM
2302 366 2741 424 PROPHETAM‘.

3477 367 3584 425 50?.

333 480 599 546 τουτέστι,
634 481 701 533 τὰ
729 480 1047 534 θανατῶντα
1076 481 1283 546 λοιπον,
1327 482 1638 554 ὑϐρίζοντες
1691 483 1908 553 μᾶλλον,

2039 484 2286 551 ιίροιοηε.
2343 501 2360 533 ι
2427 483 2490 536 Et
2539 483 2792 553 quoniam
2844 481 3108 552 sacrilege
3159 481 3327 535 sacris
3370 485 3582 550 operari

331 574 364 643 ἢ
391 571 660 642 τιμῶντες
711 573 802 625 τὸν
830 571 937 624 τῶν
977 573 1114 626 ὅλων
1144 573 1296 627 Θεόν.
1357 574 1493 627 Ἀλλ’
1525 596 1541 626 ι
1576 574 1904 644 ὲξεφύσησα,

331 663 517 734 φησὶν,
577 663 733 727 αὐτὰ,
801 663 946 731 λέγει
1007 663 1209 733 Κύριος
1269 667 1683 736 παντοκράτωρ.
1727 685 1745 717 ι
1803 665 1911 719 Καὶ

333 759 521 827 ἐπειδὴ
554 758 700 811 θύειν
727 757 956 822 ἀνοσίως
1000 757 1294 826 ἐγνώκατε,
1333 759 1515 830 φησὶν,
1550 759 1649 811 οὑκ
1679 757 1744 810 ἂν
1778 756 1914 820 ὅλως

2016 575 2395 636 constituistis.
2441 576 2574 628 adeo
2597 574 2904 644 illegitimas
2943 583 2996 627 ct
3025 573 3330 627 immundus
3357 573 3587 627 oblatio-

2020 681 2116 720 nes
2146 668 2458 735 neutiquam
2493 684 2520 720 a
2563 667 2714 720 vobis
2741 666 3094 734 susceperim,
3131 679 3228 719 nec
3273 666 3325 718 in
3366 667 3587 720 odorem

2022 761 2308 813 suavitatis
2339 761 2726 830 reputaverim.

332 850 746 922 παραδεξαίμην
787 850 856 904 τά
909 849 970 916 ἐξ
1000 851 1172 922 ὑμῶν,
1212 852 1318 905 οὐδ’
1360 852 1424 904 ἂν
1481 850 1807 923 λογισαίμην
1867 855 1946 916 εἰς
1983 854 2158 925 ὀσμὴν
2178 857 2402 919 εὐωδίας
2449 857 2548 917 τὰς
2609 853 2781 943 οὕτως
2814 853 3098 924 ὲκνόμους,
3129 855 3223 908 καὶ
3251 853 3593 922 ἀκαθάρτους

333 944 723 1018 προσαγωγὰς.

403 1039 526 1108 Χρὴ
563 1039 626 1108 δὴ
659 1035 753 1091 οὖν
782 1038 892 1110 ἄρα
924 1037 1072 1091 θύειν
1106 1041 1250 1110 ἡμᾶς
1299 1043 1391 1094 καὶ
1421 1043 1564 1113 μάλα
1619 1044 1877 1109 ἐπιεικῶς
1900 1088 1915 1109 ,

332 1130 429 1184 καὶ
459 1129 932 1198 ἐσπουδασμένως,
955 1129 1051 1184 καὶ
1073 1133 1402 1202 προσκομίζε
1414 1151 1458 1185 ιν
1486 1135 1604 1206 Θεῷ
1635 1137 1708 1206 μὴ
1730 1137 1918 1199 ἁπλῶς

330 1224 400 1276 τὰ
431 1221 864 1293 κατερριμμένα,
903 1223 1000 1275 καὶ
1038 1223 1359 1293 ἀτιμότατα,
1399 1227 1492 1279 καὶ
1542 1228 1758 1292 οὐδενὸς
1791 1229 1917 1293 ἀξια

331 1315 513 1382 λόγου·
542 1313 677 1368 ἀλλά
723 1313 1046 1383 προῦχοντα,
1097 1316 1192 1368 καὶ
1228 1315 1501 1387 ἐξαίρετα.
1560 1319 1622 1370 Et
1654 1318 1711 1371 δὲ
1742 1320 1805 1390 δή
1835 1337 1918 1384 τις

331 1406 524 1461 ἑαυτὸν
566 1407 871 1477 ίερουργοέη
921 1405 1061 1476 Θεῷ,
1101 1408 1398 1479 μεμνήσθω
1436 1410 1544 1480 γὰρ
1597 1410 1692 1463 τοῦ
1739 1429 1918 1482 μακα-

335 1499 452 1569 ρίου
488 1497 699 1551 Παύλου
732 1499 1036 1568 γράφοντος
1064 1499 1179 1551 ὡδί⁶
1232 1518 1249 1549 ι
1289 1500 1682 1570 Παραστήσατε
1713 1502 1780 1555 τὰ
1813 1503 1918 1556 σώ-

339 1607 484 1660 ματα
515 1589 668 1659 ὑμῶν
696 1589 887 1642 Θυσίαν
910 1588 1110 1653 ζῶσαν,
1137 1591 1319 1658 ἁγίαν,
1355 1592 1646 1663 εὐάρεστον
1676 1594 1753 1665 τῷ
1776 1595 1914 1663 Θεῷ,

334 1677 436 1746 τὴν
468 1677 690 1747 λογικὴν
719 1677 972 1748 λατρείαν
1030 1678 1214 1748 ὑμῶν’
1247 1700 1264 1731 ι
1301 1681 1825 1754 πολυπραγμονείτω
1853 1686 1920 1738 τὰ

334 1769 462 1822 καθ’
489 1770 703 1835 ἑαυτὸν,
741 1772 833 1822 καὶ
863 1770 1024 1822 οἱονεί
1053 1789 1138 1834 τις
1171 1772 1403 1844 ἀκριϐὴς
1431 1776 1793 1846 μωμοσκόπος
1823 1777 1921 1844 τῆς

2079 1043 2261 1109 Quare
2280 1049 2437 1096 noset
2457 1041 2970 1096 convenientissime
2992 1050 3045 1094 et
3068 1042 3306 1096 studiose
3325 1041 3595 1098 sacriﬁcia

2025 1137 2202 1188 facere
2234 1142 2470 1203 oportet,
2499 1142 2552 1186 et
2597 1149 2699 1186 non
2745 1133 2816 1186 ita
2862 1133 3185 1201 simpliciter
3218 1134 3509 1202 rcjectitia,
3542 1145 3598 1188 et

2021 1225 2509 1294 contemptissima,
2558 1239 2621 1278 ac
2659 1224 2856 1278 nullius
2910 1223 3250 1286 mstimanda,
3291 1227 3383 1278 sed
3418 1225 3600 1280 excel-

2022 1317 2184 1371 lentia
2216 1328 2271 1371 et
2301 1315 2498 1371 selecta
2523 1316 2632 1370 Deo
2651 1328 2994 1370 consecrare.
3029 1315 3192 1385 832
3214 1314 3364 1381 Quod
3401 1316 3445 1369 si
3479 1318 3599 1386 quis

2019 1410 2373 1478 semetipsum
2435 1409 2542 1464 Deo
2591 1409 2822 1462 hostiam
2879 1409 3197 1474 sacraverit,
3250 1409 3391 1462 beati
3445 1409 3598 1464 Pauli

2021 1501 2328 1555 meminerit
2347 1501 2490 1555 hunc
2511 1501 2565 1554 in
2591 1500 2806 1554 modum
2827 1499 3146 1555 scribentis:
3172 1519 3188 1550 ι
3205 1501 3464 1557 Exhibete
3479 1518 3600 1558 cor-

2019 1609 2149 1662 pora
2175 1603 2350 1647 vestra
2376 1592 2602 1647 hostiam
2628 1592 2920 1658 viventem,
2950 1606 3217 1655 sanctam,
3251 1594 3357 1648 Deo
3379 1596 3598 1664 placen-

2020 1694 2160 1748 tem,
2198 1683 2520 1738 rationabile
2562 1684 2883 1752 obsequium
2922 1684 3331 1740 vestrum“-".
3367 1705 3385 1737 ι
3413 1685 3600 1756 Inqui-

2032 1788 2116 1830 rat
2139 1777 2428 1847 diligenter
2465 1777 2517 1830 in
2549 1791 2636 1831 res
2665 1792 2813 1841 suas,
2833 1787 2886 1830 et
2915 1777 3060 1832 velut
3091 1779 3310 1834 sedulus
3339 1780 3598 1834 vitiorum

330 1861 530 1916 ἑαυτοῦ
579 1862 820 1930 γενέσθω
856 1863 1053 1933 ψυχῆς.
1099 1865 1312 1935 Ὀράτω
1371 1868 1444 1936 μὴ
1482 1868 1590 1938 ἄρα
1643 1867 1758 1932 πώς
1805 1870 1922 1922 ἐστι

2032 1869 2220 1922 anima:
2246 1869 2778 1936 suae-inspectorliat.
2805 1867 2996 1922 Videat
3021 1884 3088 1923 ne
3124 1867 3265 1924 forte
3297 1885 3476 1925 camus
3506 1873 3597 1932 sit.

331 1953 550 2022 τυφλὸς,
582 1954 849 2016 τουτέστι,
885 1954 985 2024 τῆς
1010 1953 1263 2023 ἀληθείας
1303 1955 1366 2008 τὸ
1395 1956 1510 2026 φῶς
1539 1958 1640 2011 οὐκ
1680 1958 1820 2027 ἔχων
1845 1961 1924 2023 είς

335 2046 493 2099 νοῦν·
525 2047 602 2117 μὴ
638 2047 814 2118 σκάζῃ
859 2046 949 2100 τὸν
1000 2047 1157 2111 πόδα,
1212 2048 1272 2100 τὺ
1315 2048 1629 2116 ὀρθοποδεϊν
1666 2049 1924 2104 δύνασθαι

335 2137 476 2210 πρὸς
506 2139 613 2190 πᾶν
639 2137 817 2190 ὁτιοῦν
840 2137 948 2191 τῶν
973 2138 1192 2206 ἀγαθῶν
1217 2140 1319 2192 οὑκ
1341 2139 1478 2210 ἔχων
1498 2154 1513 2169 °
1551 2141 1625 2212 μὴ
1656 2141 1926 2213 ἅρπαγμά

330 2245 395 2282 τε
436 2229 530 2282 καὶ
562 2228 866 2299 ἄρρωστον.
908 2230 1028 2300 Χρὴ
1063 2231 1169 2302 γὰρ
1215 2231 1358 2302 ὑμᾶς
1413 2233 1662 2295 ἀῦπνείν,
1699 2251 1716 2284 ι
1749 2235 1926 2287 ’ὐτιὸ

331 2321 606 2384 ἀντίδικος
629 2321 808 2392 ἡμῶν,
829 2321 1069 2385 διάϐολος
1088 2322 1163 2386 ὡς
1191 2323 1326 2376 λέων
1353 2323 1725 2397 περιέρχεται,
1747 2325 1925 2396 ζητῶν

330 2416 456 2470 τίνα
482 2415 749 2486 καταπίῃ.
790 2433 810 2466 ι
847 2415 1013 2468 Ὅταν
1035 2417 1213 2469 τοίνυν
1236 2417 1431 2470 ἄϋπνοι
1463 2435 1521 2470 τε
1563 2418 1659 2470 καὶ
1691 2420 1925 2488 ἐγρηγο-

334 2507 492 2579 ρότες
516 2505 922 2578 εύρισκὼμεθα,
950 2507 1187 2578 παραθεί
1212 2509 1271 2560 τὸ
1303 2507 1512 2578 θηρίον.
1547 2509 1608 2560 El
1635 2508 1692 2561 δὲ
1732 2508 1925 2562 νυστά-

333 2598 529 2664 ζοντας
569 2598 677 2668 ἴδῃ,
713 2598 807 2650 καὶ
845 2597 1315 2669 κατημεληκότας,
1357 2598 1628 2668 ἅρπαγμα
1667 2602 1920 2661 ποιεῖται,

333 2693 431 2746 καὶ
454 2690 772 2764 ἀρρώστους
794 2691 1068 2756 ἀποτελεῖ,
1096 2691 1365 2757 τουτέστι,
1411 2691 1804 2762 ἠσθενηκότας,
1832 2693 1925 2746 καὶ

332 2782 582 2853 ἀδρανῶς
606 2781 827 2851 ἔχοντας
857 2781 1052 2851 κομιδῇ
1089 2781 1217 2851 περὶ
1252 2782 1311 2834 τὸ
1341 2780 1599 2834 δύνασθαι
1622 2780 1925 2852 κατορθοῦν

333 2877 557 2946 ἀρετήν.
596 2875 777 2927 Ἔστω
815 2873 870 2926 δὲ
903 2873 965 2943 δὴ
1005 2873 1100 2926 καὶ
1128 2871 1222 2925 τοῦ
1251 2871 1642 2942 διενοχλεῖσθαι
1679 2873 1921 2943 μακρὰν,

332 2970 606 3032 τουτέστι,
642 2965 1004 3037 μικροψυχίας
1057 2965 1318 3034 ἀμείνων,
1372 2967 1466 3018 καὶ
1508 2965 1816 3018 διαπίπτων
1868 2969 1925 3019 ὲν

334 3061 607 3129 ὑπομονῇ.
635 3058 846 3127 ’Ὠσπερ
879 3056 986 3126 γὰρ
1013 3057 1276 3126 ἀποςέρει
1310 3057 1446 3128 πρὸς
1477 3055 1623 3128 ζωὴν
1648 3059 1760 3128 -τῆς
1788 3059 1924 3111 ὑπο-

339 3152 512 3221 μονῆς
542 3151 570 3201 ό
591 3149 812 3219 τρόπος,
841 3148 982 3200 οὕτω
1013 3148 1108 3200 καὶ
1151 3149 1228 3210 είς
1283 3149 1510 3202 θάνατον
1571 3149 1919 3219 μικροψυχία.

333 3241 450 3296 δοῦ
486 3241 591 3312 γὰρ
625 3239 942 3300 ἀσθένειαν,
982 3239 1077 3290 καὶ
1127 3238 1352 3307 καρδίας
1399 3240 1628 3308 πάρεσιν
1653 3239 1712 3291 τὸ
1739 3241 1926 3310 χρῆμά

335 3350 543 3403 φαμεν.
581 3332 867 3401 Τοιγάρτοι
897 3331 989 3383 καὶ
1016 3332 1044 3382 ὁ
1075 3330 1350 3400 μακάριος
1377 3331 1663 3400 προφήτης
1698 3331 1926 3394 Ἡσαΐας

333 3425 448 3478 τῶν
477 3424 736 3477 τοιούτων
776 3424 925 3493 ἡμᾶς
978 3421 1414 3474 ἀπαλλάττεσθαι
1465 3420 1652 3474 παθῶν
1689 3423 1925 3493 συμϐου-
1962 3420 1965 3421 ⁷

334 3517 490 3570 λεύει
513 3517 707 3585 λέγων·
773 3534 791 3567 ι
839 3515 1136 3585 Ἰσχύσατε,
1169 3518 1350 3586 χεῖρες
1379 3516 1681 3585 ἀνειμέναι,
1713 3516 1810 3569 καὶ
1838 3516 1928 3584 γό-

334 3626 476 3663 νατα
519 3608 962 3679 παραλελυμένα.
1021 3607 1507 3679 Παρακαλέσασθε,
1541 3610 1589 3661 οἱ
1617 3608 1925 3678 ὀλιγόψυχοι

335 3703 408 3772 τῇ
461 3701 693 3771 διανοίᾳ·
755 3699 1032 3770 ἰσχύσατε,
1087 3698 1176 3778 ,μὴ
1241 3699 1510 3766 φοϐεῖσθε.
1579 3700 1707 3752 Ἰδοὺ
1739 3699 1928 3763 όΘεὸς

339 3792 522 3864 ἡμῶν,
554 3792 661 3846 [Bob
692 3791 898 3860 Κύριος
933 3779 1090 3861 μετά
1123 3790 1305 3862 ἰσχύος
1338 3791 1580 3862 ἔρχεται,
1610 3789 1706 3843 καὶ
1736 3793 1764 3844 ό
1795 3790 1928 3861 βρα-

339 3887 477 3956 χίων
511 3884 650 3950 μετὰ
684 3885 899 3956 κυρίας.
928 3903 947 3935 ι

418 3980 527 4034 Kal
553 3976 996 4046 έπικατάρατος,
1032 3976 1099 4042 ὃς
1127 3972 1205 4046 ἦν
1227 3975 1502 4040 δυνατὸς,
1529 3977 1625 4028 καὶ
1658 3974 1930 4043 ὑπῆρχεν

337 4071 412 4124 ἐν
440 4069 522 4134 τῷ
552 4070 805 4138 ποιμνίῳ
851 4068 1032 4122 αὑτοῦ
1065 4068 1270 4138 ἄρσεν,
1333 4070 1431 4122 καὶ
1470 4069 1509 4135 ἠ
1560 4068 1711 4137 εὐχὴ
1745 4067 1929 4122 αὐτοῦ

336 4159 438 4214 ἐπ’
469 4158 653 4223 αὐτῷ,
688 4159 787 4212 καὶ
821 4159 948 4211 θύει
975 4156 1406 4226 διεφθαρμένον
1429 4157 1508 4222 τῷ
1539 4160 1752 4226 Κυρίῳ.
1778 4160 1931 4210 Διότι

343 4249 650 4314 Βασιλεὺς
673 4248 860 4318 μέγας
891 4246 1005 4318 ἐγώ
1053 4249 1188 4316 ειμι,
1245 4245 1406 4316 λέγει
1461 4248 1667 4315 Κύριος
1711 4263 1930 4300 παντο-

342 4342 603 4408 κράτωρ,
677 4339 776 4392 καί
827 4337 894 4392 τὸ
952 4335 1157 4406 ὄνομά·
1179 4354 1301 4405 μου
1349 4335 1640 4405 ἐπιφανὲς
1683 4339 1754 4390 ἐν
1808 4337 1934 4402 τοῖς

340 4430 574 4484 ἔθνεσι.

2027 1958 2284 2028 perfectae
2309 1959 2556 2013 veritatis
2577 1959 2759 2013 lumen
2793 1959 2845 2013 in
2882 1959 3198 2030 prtecordiis
3221 1977 3328 2015 non
3357 1961 3597 2024 habens;

2036 2063 2104 2103 ne
2132 2049 2267 2118 pede
2298 2048 2590 2112 claudicet,
2640 2049 2706 2102 ad
2749 2063 2910 2104 omne
2939 2051 3137 2105 bonum
3193 2060 3342 2106 recta
3394 2053 3599 2123 ingredi

2029 2141 2168 2194 haud
2193 2142 2370 2211 potis;
2397 2155 2462 2194 ne
2484 2150 2692 2209 raptum
2723 2142 2872 2210 quid,
2897 2151 2990 2197 aut
3022 2143 3350 2198 morbidum.
3380 2142 3602 2214 Oportet

2026 2233 2167 2287 enim
2197 2247 2296 2287 nos
2360 2232 2706 2302 pervigilare,
2737 2249 2759 2284 ι
2805 2234 3067 2300 Quoniam
3118 2235 3462 2292 adversarius
3510 2253 3605 2292 no-

2027 2331 2138 2376 ster
2159 2321 2406 2375 diabolus
2425 2331 2680 2390 tanquam
2713 2321 2796 2376 leo
2813 2323 3028 2391 rugiens
3053 2324 3332 2389 circumit,
3357 2339 3604 2394 quaerens

2026 2424 2185 2480 quem
2207 2411 2424 2465 devoret
2454 2411 2520 2464 ⁸³.
2565 2429 2584 2462 ι
2620 2410 2678 2464 Si
2723 2411 2890 2478 igitur
2938 2413 3125 2482 vigiles
3190 2417 3603 2486 experrectique

2029 2501 2386 2566 inveniamur,
2434 2504 2804 2569 pra-tercnrrit
2854 2502 3050 2557 bellua.
3099 2504 3194 2558 Sin
3248 2506 3605 2564 dormitantes

2029 2595 2468 2663 negligentesque
2499 2595 2868 2662 conspexerit,
2923 2596 3166 2664 rapinam
3213 2597 3280 2652 de
3311 2597 3466 2652 nobis
3497 2600 3600 2653 sibi

2028 2686 2235 2754 facit,et
2253 2695 2503 2755 aegrotos,
2519 2686 2620 2739 hoc
2635 2687 3027 2757 cst,languidos
3043 2696 3094 2742 et
3109 2688 3402 2744 imbecilles
3418 2691 3606 2746 admo-

2029 2779 2152 2832 dum
2183 2779 2248 2832 ad
2279 2777 2454 2834 ollicia
2475 2779 2943 2848 virtutislcgitime
2971 2780 3221 2834 obeunda
3251 2782 3446 2840 reddit.
3480 2783 3607 2838 Pro-

2028 2871 2113 2926 cul
2139 2872 2267 2926 item
2295 2872 2438 2927 absit
2465 2889 2494 2926 a
2520 2873 2818 2938 debilitate,
2842 2873 2943 2927 hoc
2971 2885 3148 2938 est,ne
3166 2889 3224 2928 se
3248 2890 3277 2929 a
3306 2877 3606 2943 dejectione

2025 2964 2270 3019 animiet
2303 2965 2641 3034 impatientia
2674 2966 2813 3020 vinci
2855 2966 3108 3035 patiatur.
3143 2967 3604 3035 Quemadmodum

2025 3055 2170 3107 enim
2208 3070 2415 3109 morum
2448 3056 2708 3126 patientia
2760 3057 2823 3109 ad
2864 3057 3071 3119 vitam,
3119 3058 3191 3113 ita
3248 3060 3606 3129 pusillanimi-

2032 3157 2114 3200 tas
2148 3148 2214 3201 ad
2245 3159 2471 3202 mortem
2499 3149 2766 3216 perducit.
2808 3150 2900 3203 Est
2939 3152 3083 3204 enim
3114 3153 3312 3206 mentis
3340 3162 3392 3206 et
3426 3156 3606 3208 cordis

2033 3240 2306 3308 inlractio,
2337 3255 2431 3296 seu
2465 3241 2832 3296 imbecillitas.
2863 3241 3099 3298 Proinde
3145 3245 3338 3299 beatus
3391 3261 3607 3316 quoque

2030 3332 2196 3388 Isaias
2223 3344 2281 3389 ut
2327 3349 2427 3390 nos
2484 3335 2550 3389 ab
2605 3335 2912 3403 hujusmodi
2963 3337 3175 3391 vitiosis
3231 3335 3606 3394 affectionibus

2027 3424 2377 3477 exsolvamus
2401 3424 2628 3479 suadet:
2659 3443 2678 3476 ι
2697 3424 3312 3490 Confortamini,manus
3339 3428 3601 3492 remissas,

2029 3524 2082 3569 et
2115 3529 2288 3588 genua
2314 3515 2594 3570 dissoluta.
2624 3516 3015 3582 Consolamini,
3050 3517 3421 3582 pusillanimes
3447 3534 3606 3573 men-

2033 3619 2082 3663 te
2103 3653 2118 3676 ,
2152 3609 2558 3674 confortamini,
2592 3609 2757 3664 nolite
2784 3611 2996 3666 timere.
3031 3609 3171 3665 Ecce
3202 3609 3344 3664 Deus
3369 3620 3558 3665 noster
3592 3632 3603 3665 :

2029 3717 2156 3758 ecce
2181 3701 2442 3758 Dominus
2462 3717 2584 3758 cum
2621 3701 2942 3756 fortitudine
2993 3703 3192 3766 veniet,
3226 3712 3281 3756 et
3321 3704 3606 3758 brachium

2029 3793 2147 3862 ejus
2173 3807 2294 3846 cum
2330 3792 2701 3848 dominatione
2739 3792 2807 3846 “.
2837 3810 2856 3843 ι

2107 3883 2270 3940 Vens.
2302 3884 2390 3938 M.
2433 3883 2502 3938 Et
2532 3883 2844 3940 maledictus
2873 3883 3027 3937 homo
3056 3885 3147 3952 qui
3179 3893 3295 3940 erat
3326 3896 3528 3956 potens,
3558 3897 3608 3941 et

1983 4031 1987 4042 η
2031 3987 2142 4029 erat
2179 3977 2232 4028 in
2265 3992 2416 4045 grege
2450 3976 2613 4043 ipsius
2649 3977 2960 4041 masculum,
3011 3986 3060 4029 et
3105 3985 3278 4030 votum
3309 3979 3423 4046 ejus
3451 3995 3611 4044 super

2032 4085 2112 4133 eo,
2139 4079 2183 4121 et
2215 4067 2447 4120 immolat
2474 4079 2774 4138 corruptum
2806 4069 3044 4121 Domino.
3075 4068 3210 4133 Quia
3241 4065 3352 4122 Rea:
3388 4086 3607 4139 magnus

2032 4174 2124 4227 ego
2149 4161 2434 4225 sum,dicit
2467 4158 2719 4212 Dominus
2754 4161 3102 4228 omnipotens,
3124 4169 3173 4212 et
3213 4176 3398 4214 nomen
3436 4178 3607 4217 meum

2035 4248 2235 4301 illustre
2259 4257 2330 4301 est
2363 4251 2416 4301 in
2445 4248 2702 4319 gentibus.

323 4483 523 4576 LiirlE'r.
583 4509 880 4594 Καθορίζει
942 4519 1127 4573 λοιπον
1162 4519 1256 4574 τοῦ
1310 4520 1531 4584 Θύοντος
1575 4483 1804 4584 ἀνοσίως
1832 4521 1930 4592 τὴν

2107 4510 2502 4566 XV.i)ecernit
2532 4525 2677 4565 nunc
2724 4511 3158 4566 maledictionem
3203 4513 3256 4566 in
3296 4513 3609 4568 sacriﬁcan-

341 4615 510 4686 ἀρὰν,
561 4614 657 4667 καὶ
701 4613 848 4683 μάλα
902 4613 1148 4675 εἰκότως.
1184 4614 1246 4666 EE
1293 4613 1404 4683 γὰρ
1442 4613 1506 4683 δή
1560 4630 1645 4676 τις
1678 4612 1932 4680 εὖξαιτο,

342 4705 504 4777 φησι,
535 4706 632 4758 καὶ
662 4705 720 4760 ἐν
761 4703 1036 4772 ποιμνίοις
1066 4701 1178 4772 ἔχοι
1212 4704 1324 4764 τοῖς
1354 4700 1550 4755 ἑαυτοῦ
1581 4701 1642 4753 τὸ
1673 4700 1840 4771 ἄρσεν
1875 4717 1933 4752 τε

342 4799 447 4855 καὶ
481 4798 736 4867 ἄμωμον,
767 4795 883 4849 ἀνθ’
905 4796 1030 4849 ὅτου
1077 4795 1152 4866 μὴ
1197 4795 1355 4847 τοῦτο
1379 4778 1734 4864 προσκομίζει
1773 4793 1892 4861 Θεῷ
1915 4833 1930 4857 ,

344 4893 602 4961 συλλέγει
627 4891 684 4944 δὲ
707 4889 906 4961 μᾶλλον
933 4889 970 4943 ὃ,
1001 4888 1224 4959 μηδενὸς
1254 4888 1380 4952 ἄξια
1404 4887 1630 4957 φαίνοιτ’
1653 4885 1720 4938 ἂν
1753 4885 1933 4954 λόγου,

343 4985 508 5054 ῦερις
529 4984 591 5037 τὸ
614 4983 804 5054 χρῆμα
831 4981 926 5036 καὶ
981 4983 1167 5051 ἕτερον
1210 4979 1385 5033 οὺδὲνι
1438 4979 1512 5031 Οὐ
1557 4977 1667 5048 γὰρ
1701 4976 1765 5047 δὴ
1793 4977 1935 5029 κατά

339 5093 502 5139 ⁴τινας
532 5076 643 5128 τῶν
671 5077 728 5128 ὲν
761 5075 961 5146 σκότῳ,
1011 5076 1105 5126 καὶ
1143 5072 1394 5134 πλάναις,
1435 5069 1529 5124 καὶ
1573 5067 1822 5139 βεϐήλοις
1853 5069 1935 5119 εἰ·

338 5163 788 5234 δωλολατρείαις,
815 5163 1262 5234 προσκαθήμενοι
1287 5160 1452 5224 λίθοις
1479 5158 1825 5228 ἀναισθήτοις
1851 5158 1936 5210 δε-

339 5256 738 5326 δουλεύκαμιψ
765 5254 844 5326 τῷ
884 5254 1002 5325 Θεῷ
1026 5254 1083 5307 δὲ
1131 5254 1332 5324 μᾶλλον
1370 5251 1450 5322 τῷ
1498 5250 1930 5323 παντοκράτορι,

344 5346 450 5400 καί
492 5347 572 5417 τῷ
591 5345 702 5401 τῶν
728 5345 866 5399 ὅλων
887 5343 1258 5414 γενεσιουργῷ
1275 5383 1288 5407 ,
1327 5343 1386 5396 ὃν
1409 5342 1674 5414 τρέμουσι
1722 5341 1819 5411 μὲν
1850 5340 1941 5391 οὺ-

343 5439 530 5509 ρανοὶ,
558 5437 938 5507 καταπέφρικε
969 5437 1025 5490 δὲ
1074 5438 1168 5490 καὶ
1215 5438 1249 5506 ἡ
1289 5438 1382 5506 γῆ,
1421 5436 1514 5488 καὶ⁵
1565 5435 1766 5496 πάντες
1802 5435 1850 5485 οἱ
1883 5433 1942 5482 ὲν

339 5530 510 5602 αὐτῇ.
549 5531 945 5602 Ἑπιμαρτυρεῖ
978 5529 1034 5582 δὲ
1059 5529 1220 5582 πάλιν
1253 5531 1366 5591 τοῖς
1409 5527 1468 5594 ἐξ
1516 5525 1684 5579 ἐθνῶν
1711 5525 1769 5576 τὸ
1823 5523 1942 5575 λίαν

338 5625 614 5688 huius;
673 5621 933 5691 ἐπιφανὲς
987 5616 1126 5676 εἶναι
1179 5621 1352 5690 λέγων
1398 5621 1460 5675 τὸ
1521 5620 1620 5688 τῆς
1689 5616 1942 5686 θεότητος

460 5803 572 5839 ⁶¹⁴¹
603 5806 761 5862 Rom.
801 5820 896 5871 xu,
935 5807 980 5860 l.

2043 4615 2150 4658 tem
2179 4604 2364 4672 impie,
2391 4603 2552 4673 idque
2585 4617 2683 4672 pro
2717 4618 2781 4659 eo
2806 4604 2963 4673 plane
2990 4619 3054 4657 ac
3102 4605 3350 4658 decebat.
3395 4605 3449 4658 Si
3488 4607 3612 4674 quis

2039 4695 2182 4746 enim
2210 4702 2396 4746 votum
2435 4693 2726 4762 concipiat,
2779 4693 2975 4761 inquit,
3027 4695 3168 4748 etin
3209 4694 3460 4763 gregibus
3497 4695 3614 4748 suis

2039 4785 2235 4839 habeat
2269 4785 2595 4850 masculum,
2625 4795 2680 4839 et
2702 4786 2769 4840 ab
2803 4786 2948 4841 omni
2981 4786 3101 4841 labe
3137 4800 3348 4854 purum,
3396 4788 3521 4856 quia
3549 4787 3615 4841 il-

2038 4881 2124 4934 lud
2147 4879 2255 4934 Deo
2273 4895 2378 4934 non
2400 4879 2578 4946 oﬁ'ert,
2597 4880 2692 4935 scd
2720 4879 2870 4949 eligit
2891 4881 3071 4950 potius
3105 4895 3224 4950 qua:
3243 4880 3439 4934 nullius
3455 4882 3613 4950 pretii

2039 4976 2348 5039 videantur,
2377 4973 2510 5028 nihil
2550 4971 2694 5028 aliud
2723 4989 2884 5042 quam
2909 4971 3020 5027 Deo
3037 4972 3419 5027 contumeliam
3462 4973 3610 5028 facit.

2041 5065 2156 5120 Non
2176 5066 2342 5130 enim,
2369 5074 2427 5118 ut
2450 5065 2668 5134 quidam
2693 5065 2746 5118 in
2777 5065 3035 5129 tenebris,
3064 5063 3363 5126 erroribus,
3387 5063 3615 5131 impuris

2041 5156 2366 5212 idololatriis
2395 5167 2698 5219 versantes,
2757 5157 3028 5224 lapidibus
3071 5170 3266 5210 sensus
3299 5157 3614 5226 expertibus

2039 5249 2281 5302 advoluti
2315 5249 2581 5303 servimus
2611 5265 2625 5302 :
2658 5247 2752 5302 sed
2790 5247 2900 5302 Deo
2930 5248 3284 5317 omnipotenti
3322 5235 3534 5318 potius,
3561 5260 3618 5304 et

2041 5339 2142 5402 illi,
2176 5355 2207 5391 α
2244 5353 2352 5407 quo
2391 5340 2632 5391 omnium
2682 5352 2860 5391 rerum
2903 5337 3053 5392 initia
3101 5338 3447 5410 originesque
3498 5357 3616 5396 ma-

2040 5439 2261 5494 narunt,
2290 5445 2452 5496 quem
2487 5441 2722 5484 tremunt
2745 5430 2889 5496 cceli,
2924 5431 3109 5486 tremit
3157 5441 3320 5500 terra,
3370 5433 3534 5505 833
3561 5445 3615 5485 et

2041 5535 2230 5575 omnes
2283 5535 2420 5589 quos
2462 5519 2548 5572 illa
2581 5521 2834 5575 sustinet.
2871 5519 3104 5576 Rursum
3146 5522 3212 5578 iis
3256 5523 3346 5593 qni
3373 5537 3438 5576 ex
3485 5535 3619 5590 gen-

2042 5615 2184 5668 tibus
2207 5623 2356 5680 sunt,
2388 5628 2597 5684 magna:
2635 5612 2926 5682 probitatis
2952 5617 3316 5671 testimonium
3346 5618 3452 5678 dat,
3487 5613 3614 5664 dum

1062 5805 1106 5837 ”
1137 5804 1154 5858 l
1185 5802 1324 5859 Pear.
1359 5819 1408 5868 v,
1453 5801 1506 5858 8.
1583 5799 1625 5828 δ”
1653 5797 1753 5852 lsa.
1787 5811 1946 5865 xxxv,
1982 5793 2098 5851 3-5.
