3934 6318
354 373 460 428 εοδ

1364 371 1424 425 S.
1469 369 1748 424 CYRILLI
1794 368 2275 426 ALEXANDRINI
2314 369 2633 425 ARCIIIEP.

3520 367 3622 422 ’5οι

355 483 662 542 divinitatis
705 498 903 540 nomen
943 481 1083 552 apud
1114 494 1206 534 eos
1244 495 1520 548 magnum,
1567 478 1927 533 venerandum

2042 480 2212 550 ὄνομα
2254 479 2382 550 παρ’
2414 480 2617 542 αὐτοῖς,
2649 478 2842 532 σεπτὸν
2866 495 2920 530 τε
2972 479 3064 530 καὶ
3123 477 3470 546 ἀξιάγαστον.
3499 484 3622 536 Δια-

355 590 409 632 et
436 574 814 632 admirandum
847 588 971 628 esse
994 570 1306 627 conﬁrmat.
1342 572 1454 626 lloc
1488 571 1629 626 idem
1680 587 1777 626 nos
1802 585 1939 640 quo-

355 683 485 737 que,
511 675 565 721 et
593 682 696 720 non
722 665 866 719 aliud
899 663 1220 720 sentiamus.

426 755 674 824 Suscepit
700 763 878 808 autem
903 761 958 807 et
991 751 1255 806 Dominus
1307 761 1490 808 noster
1510 751 1669 808 Jesus
1691 752 1941 808 Christus

358 847 736 902 centurionem
766 845 1133 908 idololatram,
1159 845 1399 913 dixitque
1419 845 1638 913 insuper
1669 863 1680 898 :
1719 863 1738 896 ι
1767 845 1940 900 Amen

358 940 480 993 dico
516 939 812 1003 vobis,non
843 938 1022 992 inveni
1058 937 1263 990 tautani
1309 938 1468 990 ﬁdem
1512 940 1564 991 in
1609 937 1776 992 Israel
1803 938 1870 989 ⁸⁵.
1915 956 1934 989 ι

354 1031 677 1087 Haledictus
705 1045 838 1100 ergo
884 1030 980 1099 qiti
1033 1030 1141 1086 Deo
1175 1037 1491 1099 corruptum
1537 1043 1632 1084 seu
1683 1030 1936 1084 vitiosum

356 1123 656 1187 sacriﬁcat,
707 1137 825 1176 eum
872 1119 1043 1190 possit
1086 1120 1237 1176 illum
1284 1122 1557 1176 honorare
1592 1121 1936 1187 melioribus,

329 1215 622 1284 ,siquidetn
647 1212 701 1266 in
732 1212 988 1282 gregibus
1018 1213 1157 1278 suis,
1185 1223 1243 1266 ut
1270 1212 1428 1268 modo
1463 1213 1664 1268 dictum
1698 1224 1802 1279 est,
1833 1214 1936 1265 im-

327 1305 684 1373 _.maeu|atum
737 1311 793 1356 et
846 1303 1144 1355 masculum
1203 1301 1386 1355 habet.
1426 1301 1830 1355 Observandum
1869 1299 1937 1353 ad

350 1396 678 1450 sacriﬁcium
719 1394 829 1462 peti
852 1391 1176 1456 masculum,
1209 1391 1337 1447 licet
1383 1392 1466 1446 lex
1507 1392 1615 1445 Deo
1651 1391 1937 1445 immolare

351 1487 513 1541 etiam
553 1485 811 1540 feminam
852 1485 1175 1553 praeceperit
1205 1483 1274 1540 ⁸⁸.
1307 1483 1550 1538 Dicimus
1578 1482 1742 1553 igitur
1770 1483 1936 1537 sacri-

353 1580 474 1639 ﬁcia
507 1593 572 1632 ex
608 1587 749 1641 voto,
789 1579 892 1632 hoc
923 1588 1029 1644 est,
1071 1591 1219 1630 mere
1250 1576 1578 1642 voluntaria,
1619 1561 1936 1630 immacula-

353 1683 461 1726 tam
498 1683 552 1725 et
575 1670 870 1725 masculum
904 1671 1180 1725 victimam
1211 1671 1540 1739 postulasse,
1581 1680 1634 1725 et
1673 1678 1836 1740 typus
1866 1671 1932 1724 ad

349 1764 665 1842 offerentem
699 1764 1032 1832 pertinebat,
1069 1765 1469 1833 quodammodo
1505 1767 1764 1821 hortante
1789 1767 1929 1836 lege,

2048 570 2360 642 κεισώμεθα
2388 571 2495 642 γὰρ
2521 572 2617 640 οὐχ
2651 572 2850 641 ἑτέρως
2873 573 3050 642 ἡμεῖς,
3090 571 3122 641 ἢ
3159 571 3300 624 κατά
3319 570 3507 625 τοῦτον
3535 574 3622 626 τὸν

2043 663 2260 734 τρόπον.

2125 755 2440 825 Ἀπεδέχετο
2463 755 2520 807 δὲ
2549 755 2644 808 καὶ
2667 755 2694 806 ὁ
2730 753 2936 825 Κύριος
2961 752 3120 824 ἡμῶν
3154 751 3363 826 Ἰησοῦς
3390 754 3620 823 Χριστὸς

2041 847 2432 916 εἰδωλολάτρην
2491 847 2624 900 δντα
2672 846 2762 900 τὸν
2825 847 3245 917 ἑκατόνταρχον,
3306 848 3400 900 καὶ
3435 847 3499 916 δὴ
3531 849 3622 900 καὶ

2041 940 2296 1008 ἔφασκεν·
2329 957 2346 989 ι
2396 939 2568 1008 Ἀμὴν
2619 936 2760 1006 λέγω
2791 939 2940 1007 ὑμῖν,
2971 939 3100 1007 παρ’
3131 937 3305 990 οὐδενὶ
3354 937 3622 1009 τοσαύτην

2041 1031 2222 1084 πίστιν
2244 1023 2402 1102 εὗρον
2434 1032 2493 1084 ὲν
2522 1029 2599 1100 τῷ
2649 1029 2884 1101 Ἰσραήλ.
2915 1047 2934 1080 ι
2975 1029 3277 1100 Ἐπάρατος
3309 1023 3402 1081 οὖν
3433 1029 3622 1083 ὁθύων

2037 1122 2158 1193 Θεῷ
2183 1121 2279 1175 καὶ
2300 1121 2769 1193 κατεφθαρμένον,
2813 1121 2990 1174 καίτοι
3025 1122 3112 1173 τὸν
3147 1120 3310 1173 αὐτὸν
3340 1123 3453 1184 τοῖς
3475 1121 3621 1191 ἀμεί-

2037 1229 2154 1266 νοσι
2208 1212 2537 1283 τιμᾷν-(ί),
2592 1213 2750 1281 εἴπερ
2795 1212 2850 1264 ὲν
2883 1211 3156 1281 ποιμνίοις
3188 1211 3320 1281 ἔχει,
3370 1212 3621 1282 καθάπερ

2036 1302 2174 1372 ἔφην
2207 1302 2431 1373 ἀρτίως,
2456 1303 2515 1355 τὸ
2542 1301 2774 1374 ἄμωμον
2811 1319 2870 1354 τε
2910 1303 3004 1355 xai.
3041 1303 3224 1371 ἄρσεν.
3276 1302 3619 1372 Σημειωτέον

2035 1393 2109 1457 δὲ,
2143 1394 2225 1446 ὅτι
2251 1392 2310 1446 τὸ
2349 1392 2514 1461 ἄρσεν
2538 1394 2616 1456 εἰς
2652 1392 2844 1446 Θυσίαν
2897 1395 3071 1456 αἰτεῖ,
3117 1393 3293 1447 καίτοι
3319 1393 3414 1445 τοῦ
3453 1393 3619 1464 νόμον

2037 1484 2466 1554 προστεταχότος
2521 1483 2812 1537 καταθύειν
2864 1483 2983 1554 Θεῷ
3045 1485 3141 1538 καὶ
3191 1473 3381 1556 θήλεα.
3439 1486 3621 1556 Φαμὲν

2034 1571 2148 1639 οὖν,
2178 1575 2259 1628 ὅτι
2285 1577 2341 1627 αί
2372 1574 2492 1628 κατ’
2519 1574 2683 1645 εὐχὴν
2734 1574 2935 1640 θυσίαι,
2979 1574 3249 1640 τουτέστι,
3274 1573 3341 1627 τά
3373 1575 3617 1639 ἑκούσια,

2034 1667 2095 1720 τὸ
2124 1665 2352 1737 ἄμωμόν
2379 1683 2439 1720 τε
2474 1665 2565 1720 καὶ
2604 1666 2771 1735 ἄρσεν
2794 1664 3040 1736 ἐδέχοντο
3060 1665 3230 1734 θῦμα,
3257 1665 3352 1718 καὶ
3374 1661 3442 1736 ἦν
3475 1668 3503 1720 ὁ
3531 1666 3621 1718 τύ-

2037 1778 2134 1824 πος
2165 1762 2246 1823 ὲίς
2304 1758 2395 1812 τὸν
2451 1758 2816 1830 προσάγοντα,
2878 1759 3160 1828 μονονουχὶ
3201 1759 3621 1828 παρεγγυῶντος

349 1859 415 1913 ad
444 1859 609 1912 Deum
636 1858 883 1912 volentes
913 1858 964 1910 in
993 1857 1213 1912 odorem
1266 1859 1556 1914 suavitatis
1607 1859 1926 1925 ascendere,

2036 1850 2128 1904 τοῦ
2152 1849 2338 1920 νόμου,
2364 1849 2445 1901 ὅτι
2466 1849 2571 1918 χρὴ
2593 1850 2718 1911 τοὺς
2745 1850 2824 1911 είς
2845 1847 3022 1919 ὀσμὴν
3049 1848 3278 1910 εὐωδίας
3307 1849 3621 1902 ἀναϐαίνειν

349 1948 535 2002 viriles
583 1957 639 2002 et
668 1947 836 2000 animi
888 1946 1396 2016 perturbationibus
1453 1947 1714 2016 majores,
1765 1955 1930 2016 atque

351 2042 418 2095 ab
449 2041 595 2094 omni
635 2039 1064 2110 reprehensione
1099 2037 1467 2093 alienissimos
1500 2054 1624 2094 esse
1648 2049 1926 2108 oportere.

356 2115 866 2186 Sacriﬁcia-autem
909 2145 1008 2200 pro
1055 2128 1317 2200 peccatis,
1350 2128 1418 2183 de
1450 2129 1605 2199 agnis
1653 2138 1708 2185 et
1759 2129 1930 2184 haedis

346 2221 605 2280 femit‘iam
642 2222 1005 2278 admittebant
1031 2221 1211 2290 plane.
1251 2222 1428 2290 Atque
1467 2220 1584 2274 haec
1632 2221 1796 2275 etiam
1830 2221 1928 2274 im-

348 2317 661 2371 becillitatis
690 2314 1034 2370 offerentium
1077 2312 1372 2368 insinuatio
1394 2313 1641 2382 quaedam
1670 2322 1806 2366 erat.
1844 2312 1928 2366 lu-

345 2411 514 2465 firmte
545 2410 688 2464 enim
735 2417 868 2462 sunt
901 2405 1138 2471 feminae,
1187 2415 1241 2460 et
1269 2405 1508 2459 maribus
1552 2405 1749 2459 robore
1788 2404 1928 2458 infe-

345 2503 538 2556 riores.
568 2500 742 2556 Omne
767 2507 947 2560 autem
974 2508 1280 2567 peccatum,
1315 2505 1494 2552 mente
1519 2496 1792 2551 inﬁrmata
1828 2511 1926 2550 nec

342 2593 572 2663 amplius
605 2590 889 2663 spirituale
921 2591 1085 2647 robur
1115 2599 1475 2646 conservante
1495 2629 1510 2657 ,
1542 2587 1923 2644 consciscitur.

1007 2813 1157 2868 CAP.
1198 2811 1262 2866 ll.

412 2947 578 3005 Vens.
623 2947 674 3013 1,
713 2946 769 3000 2.
808 2947 872 3000 Et
903 2963 1040 3000 nunc
1075 2946 1384 3001 mandatum
1415 2948 1513 3002 hoc
1547 2947 1616 3003 ad
1649 2965 1754 3013 vos,
1777 2963 1807 3001 ο
1840 2964 1927 3002 sa-

344 3041 578 3095 cerdotes
604 3051 624 3091 :
659 3036 718 3094 Si
762 3054 865 3093 non
903 3038 1212 3106 audieritis,
1253 3049 1298 3092 et
1335 3041 1381 3094 si
1415 3055 1516 3092 non
1552 3041 1830 3107 posueritis
1869 3040 1924 3093 in

343 3155 432 3192 cor
460 3149 707 3200 vestrum,
745 3145 800 3190 ut
830 3135 962 3190 detis
999 3136 1222 3203 gloriam
1251 3134 1451 3188 nomini
1482 3151 1615 3198 meo,
1648 3135 1777 3188 dicit
1811 3134 1915 3188 [)0-

2030 1942 2312 2005 ἐθέλοντας
2343 1941 2420 2011 τῷ
2450 1939 2589 2011 Θεῷ,
2637 1940 2916 2012 ἀνδρείους
2973 1958 3032 1994 τε
3085 1937 3260 2006 εἶναι,
3296 1943 3388 1995 καὶ
3431 1941 3621 1994 παθῶν

2028 2036 2304 2106 ἀμείνους,
2329 2036 2423 2089 καὶ
2453 2034 2646 2106 μώμου
2677 2035 2879 2099 παντὸς
2899 2034 3194 2091 ἀπωτάτω.
3215 2037 3282 2088 Ai
3307 2036 3363 2089 δέ
3388 2053 3450 2104 γε
3481 2037 3619 2108 ὑπὲρ

2030 2130 2314 2200 ἁμαρτιῶν
2371 2131 2778 2200 προσαγόμεναι
2837 2129 3037 2194 θυσίαι,
3088 2128 3151 2182 τὸ
3214 2129 3349 2199 θῆλυ
3399 2131 3619 2192 παντως

2029 2219 2272 2288 ἐδέχοντο
2306 2219 2414 2272 ἀπὸ
2440 2218 2548 2272 τῶν
2595 2220 2808 2290 ἀμνῶν,
2845 2221 2938 2274 καὶ
2982 2220 3091 2274 ἀπὸ
3137 2219 3246 2272 τῶν
3271 2220 3495 2291 ἐρίφων.
3527 2222 3618 2273 Ατ-
3716 2217 3736 2232 “

2029 2327 2201 2382 νιγμα
2229 2311 2283 2364 δὲ
2319 2311 2413 2365 καὶ
2454 2311 2612 2365 τοῦτο
2641 2313 2739 2383 τῆς
2769 2312 2878 2368 τῶν
2915 2312 3302 2382 προσαγόντων
3337 2313 3619 2376 ἀσθενείας

2027 2398 2115 2474 ἦν.
2161 2402 2391 2456 Ἀναλκι
2441 2402 2552 2475 γὰρ
2583 2403 2644 2456 τὸ
2699 2403 2832 2471 θῆλυ
2859 2446 2874 2469 ,
2940 2403 3035 2456 καὶ
3081 2402 3190 2456 τῶν
3255 2401 3501 2473 ἀρσένων
3542 2402 3619 2464 ὡς

2029 2497 2087 2547 ὲν
2120 2495 2263 2565 ἰσχύϊ
2299 2495 2570 2565 δεύτερον.
2613 2495 2885 2565 Ἀμαρτία
2910 2495 2964 2548 δὲ
2988 2496 3137 2548 πᾶσα
3163 2494 3337 2566 δρῷτο
3359 2493 3426 2547 ἂν
3454 2493 3618 2564 ἠσθε-

2030 2587 2255 2654 νηκότος
2279 2585 2371 2639 τοῦ
2400 2585 2514 2652 νοῦ,
2545 2587 2639 2639 καὶ
2668 2585 2788 2638 οὕτε
2819 2604 2920 2638 που
2951 2584 3152 2655 μᾶλλον
3189 2585 3287 2655 τὴν
3325 2601 3617 2655 πνευματι-

2029 2677 2130 2746 κὴν
2175 2676 2438 2741 σώζοντος
2469 2677 2793 2746 εὐρωστίαν.

2638 2811 2888 2865 ΚΕΦΛΛ.
2940 2810 3014 2864 B'.

2101 2947 2210 3002 Καὶ
2241 2945 2358 3001 νῦν
2414 2945 2635 3014 ἐντολὴ
2690 2946 2841 3014 αὕτη
2901 2947 3049 3015 πρὸς
3089 2940 3264 3013 ὑμᾶς,
3319 2945 3372 2997 ci
3422 2943 3613 3012 ἱερεῖς⁸

2045 3040 2178 3092 Ἐὰν
2199 3037 2283 3108 μὴ
2314 3039 2639 3104 ἀκούσητε,
2707 3039 2806 3092 καὶ
2849 3039 2958 3092 ἐὰν
3011 3038 3098 3106 μὴ
3153 3035 3341 3105 θῆσθε
3387 3039 3474 3102 είς
3505 3035 3618 3102 τὴν

2031 3131 2284 3201 καρδίαν
2309 3130 2500 3202 ὑμῶν,
2516 3131 2624 3185 τοῦ
2651 3130 2863 3186 δοῦναι
2895 3131 3085 3196 δόξαν
3112 3130 3192 3196 τῷ
3213 3130 3459 3200 ὀνόματί
3475 3146 3615 3198 μου,

342 3231 517 3284 minus
547 3231 900 3296 omnipotens,
934 3228 1142 3280 mittam
1175 3243 1330 3295 super
1365 3242 1449 3280 vos
1478 3225 1919 3291 maledictionem,

2036 3225 2187 3295 λέγει
2245 3225 2462 3292 Κύριος
2495 3223 2938 3293 παντοκράτωρ,
2983 3223 3082 3278 καὶ
3111 3221 3500 3288 ἐξαποστελῶ
3524 3223 3615 3290 ἐφ’

341 3322 717 3378 etmaledicam
767 3320 1174 3374 benedictionem
1223 3330 1471 3385 vestram,
1509 3330 1555 3374 et
1608 3318 1922 3374 maledicam

342 3419 532 3484 ipsam.
596 3413 664 3467 Et
715 3413 982 3482 dissipabo
1017 3413 1423 3467 benedictionem
1465 3421 1712 3480 vestram,
1739 3425 1790 3465 et
1821 3429 1923 3466 non

343 3511 438 3564 erit
470 3509 524 3563 in
571 3508 734 3573 vobis,
780 3509 907 3578 quia
950 3524 1040 3561 vos
1081 3524 1183 3560 non
1231 3507 1424 3578 ponitis
1483 3507 1537 3560 in
1557 3522 1649 3560 cor
1673 3517 1920 3560 vestrum.

415 3777 553 3832 XVI.
596 3774 795 3845 Culpas
822 3777 1085 3830 hactenus
1116 3773 1383 3827 admissas
1417 3791 1483 3827 ex
1515 3773 1761 3828 bonitate
1785 3789 1922 3828 cou-

344 3869 526 3933 donat,
579 3876 632 3921 et
673 3865 1112 3922 misericordiam
1157 3865 1364 3930 tribuit,
1401 3878 1717 3934 peceatores
1769 3865 1922 3934 quasi

344 3963 412 4015 ad
445 3961 755 4028 priuuevam
787 3961 1040 4012 virtutem
1085 3973 1366 4013 revocans.
1405 3957 1520 4013 Hoc
1547 3974 1670 4014 eum
1712 3957 1924 4026 signiﬁ-

343 4069 469 4108 care
492 4067 712 4116 censeo,
749 4051 875 4104 dum
902 4050 1200 4106 clementer
1231 4052 1306 4105 ait
1336 4070 1348 4104 :
1378 4068 1396 4101 ι
1439 4051 1505 4104 Ει
1530 4066 1673 4106 nunc
1704 4049 1926 4103 manda-

341 4152 454 4208 tum
479 4141 580 4196 hoc
607 4141 672 4195 ad
706 4155 820 4204 vos,
841 4155 874 4195 ο
900 4141 1232 4196 sacerdotes.
1269 4160 1286 4194 ι
1322 4141 1560 4195 Minatur
1579 4151 1757 4198 autem
1783 4141 1927 4193 dein-

343 4249 490 4301 ceps,
525 4233 625 4286 nisi
668 4232 850 4288 facere
913 4233 1080 4289 velint
1123 4249 1244 4303 quae
1296 4247 1392 4287 eos
1442 4231 1624 4287 facere
1674 4241 1924 4287 constare

342 4332 577 4394 oportet,
609 4325 1031 4395 divinorumque
1068 4324 1417 4380 oraculorum
1440 4337 1659 4378 sensum
1692 4324 1742 4378 in
1771 4339 1924 4378 men-

347 4428 452 4472 tem
504 4427 558 4470 et
599 4431 695 4471 cor
753 4417 1070 4481 immittere,
1123 4415 1291 4488 834
1331 4427 1386 4470 ει
1427 4416 1621 4483 seipsis
1672 4415 1924 4471 meliores

343 4508 651 4571 evaserint,
680 4515 732 4562 et
771 4507 866 4562 Dei
916 4507 1142 4579 gloriam
1175 4505 1558 4576 quaesiveriut,
1595 4505 1767 4558 altare
1818 4520 1922 4560 non

2026 3312 2179 3383 ὑμᾶς
2210 3313 2325 3381 τὴν
2349 3312 2636 3382 κατάραν,
2675 3314 2774 3366 καί
2807 3311 3321 3382 ἐπικαταράσομαι
3373 3313 3489 3379 τὴν
3514 3314 3613 3366 εὑ-

2022 3409 2238 3476 λογίαν
2267 3405 2454 3476 ὑμῶν,
2509 3409 2608 3461 καὶ
2652 3405 3064 3476 καταράσομαι
3106 3405 3317 3471 αὐτήν.
3352 3405 3459 3459 Καὶ
3488 3404 3613 3460 δια-

2025 3498 2304 3554 σκεὸἁσω
2331 3499 2449 3568 τὴν
2493 3501 2780 3571 εὐλογίαν
2805 3499 2991 3568 ὑμῶν,
3025 3499 3126 3553 καὶ
3181 3501 3292 3552 οὐκ
3327 3499 3500 3553 ἔσται
3549 3500 3620 3552 ἐν

2025 3591 2203 3657 ὑμῖν,
2255 3590 2346 3644 ὅτι
2406 3591 2575 3662 ὑμεῖς
2633 3595 2705 3647 οὐ
2758 3593 2996 3647 τίθεσθε
3065 3594 3153 3660 είς
3201 3592 3317 3659 τὴν
3363 3590 3620 3660 καρδίαν

2026 3681 2214 3752 ὑμῶν.
2775 3683 2784 3688 ’

2096 3776 2213 3842 Iq".
2243 3776 2481 3848 Παρίησι
2515 3775 2832 3846 φιλαγάθως
2862 3776 2959 3839 τὰς
3000 3774 3094 3828 ἐπὶ
3120 3777 3232 3838 τοῖς
3262 3775 3364 3845 ἤδη
3405 3773 3617 3844 φθάσα-

2028 3883 2112 3919 σιν
2139 3867 2339 3932 αἰτίας,
2374 3868 2468 3921 καὶ
2516 3868 2670 3938 νέμει
2721 3868 2810 3921 τὸν
2855 3867 3025 3930 ἔλεον,
3081 3867 3161 3929 είς
3217 3865 3392 3937 ἀρχὰς
3425 3865 3616 3935 ὥσπερ

2024 3960 2327 4024 ἐπιεικείας
2361 3959 2638 4023 ἀνατιθεὶς
2668 3961 2794 4023 τοὺς
2855 3959 3270 4031 ἡμαρτηκότας.
3325 3958 3488 4010 Τουτὶ
3516 3958 3615 4028 μὲν

2023 4047 2177 4121 οἶμαι
2202 4050 2416 4121 δηλοῦν,
2461 4052 2688 4119 λέγοντα
2719 4052 2973 4123 χρηστῶς
3003 4053 3086 4105 τό·
3146 4069 3165 4103 ι
3199 4050 3311 4104 Καὶ
3342 4050 3435 4104 νῦν
3468 4053 3500 4120 ἡ
3531 4052 3618 4104 ἐν·

2025 4143 2153 4215 τολὴ
2185 4143 2323 4215 αὕτη
2347 4143 2480 4213 πρὸς
2505 4145 2670 4215 ὑμᾶς,
2700 4147 2748 4196 οἱ
2781 4147 2963 4215 ἱερεῖς.
2988 4164 3008 4196 s
3047 4142 3301 4196 ’Δπειλεί-
3322 4142 3377 4195 δὲ
3406 4142 3614 4202 λοιπὸν,

2025 4236 2100 4300 ὡς
2132 4237 2181 4289 εἰ
2211 4237 2285 4308 μὴ
2339 4236 2547 4306 ἕχοιντο
2580 4240 2753 4291 ποιεῖν
2801 4238 2837 4292 ἃ.
2890 4237 2996 4308 χρὴ
3029 4236 3317 4299 ποιοῦντας
3348 4234 3575 4304 ὁρᾶσθαι
3596 4275 3613 4299 ,

2027 4327 2120 4380 καὶ
2154 4329 2232 4390 εἰς
2289 4327 2413 4380 νοῦν
2469 4327 2580 4381 ἔσω
2621 4328 2868 4381 τίθεσθαι
2911 4331 3006 4380 καὶ
3055 4326 3284 4398 καρδίαν
3309 4323 3414 4376 τῶν
3449 4323 3613 4375 θείων

2025 4419 2518 4490 χρησμῳδημάτων
2572 4420 2673 4490 τὴν
2729 4421 3002 4488 αἴσθησιν,
3063 4417 3270 4471 ἔσοιντό
3322 4433 3384 4468 τε
3430 4414 3615 4469 αὐτῶν

2025 4511 2285 4580 ἀμείνους
2311 4511 2344 4582 ἢ
2375 4511 2566 4573 πάλαι,
2603 4512 2698 4565 καὶ
2741 4513 2838 4582 τὴν
2870 4511 2965 4564 τοῦ
2997 4511 3132 4564 Θεοῦ
3156 4495 3325 4576 ⁸δόξαν
3352 4507 3615 4578 ἐπιζητή-

351 4599 489 4652 ultra
523 4599 936 4669 vilipendeutes,
987 4613 1163 4666 neque
1195 4607 1400 4652 temere
1427 4605 1482 4651 et
1511 4597 1648 4651 citra
1683 4596 1926 4666 explora-

2036 4619 2203 4670 σειαν,
2249 4603 2323 4674 μὴ
2372 4605 2909 4677 κατασμικρύνοντες
2965 4605 3045 4658 ἐτι
3096 4605 3155 4657 τὺ
3208 4603 3611 4672 θυσιαστήριον,

353 4696 552 4749 tionem
576 4694 781 4764 legibus
801 4693 1006 4748 sancita
1039 4705 1194 4745 sacra
1219 4695 1562 4759 peragentes,
1590 4687 1927 4756 penitissime

348 4785 453 4838 illis
507 4783 923 4838 maledicturum
972 4789 1027 4835 et
1083 4792 1494 4833 succensurum.
1555 4777 1692 4833 Puto
1746 4788 1924 4832 autem

345 4891 467 4947 ego,
509 4874 737 4929 istorum
769 4874 1084 4936 verborum,
1136 4888 1154 4920 ι
1207 4870 1522 4924 Maledicam
1566 4871 1925 4925 benedictioni

346 4979 563 5029 vestrae,
592 4975 646 5023 et
666 4967 941 5035 dissipabo
971 4965 1168 5032 ipsam,
1201 4981 1220 5013 ι
1258 4962 1400 5017 hanc
1430 4963 1656 5018 forsitan
1703 4973 1926 5019 senten-

349 5060 474 5113 tiam
530 5073 658 5114 esse
693 5076 706 5112 :
739 5057 852 5112 Deo
896 5055 1214 5124 quibusdam
1275 5055 1584 5111 felicitatem
1632 5066 1923 5122 annuente,

346 5153 567 5206 uberem
605 5158 933 5220 proventum,
953 5147 1006 5202 in
1037 5149 1182 5217 agris
1211 5148 1346 5212 fore,
1375 5158 1430 5202 et
1452 5149 1634 5203 omnia
1661 5143 1922 5219 prospere

344 5255 683 5305 successum,
707 5249 761 5294 et
799 5253 998 5308 pecora
1034 5239 1429 5295 incredibiliter
1458 5257 1682 5297 numero
1704 5256 1920 5298 auctum

345 5333 431 5398 iri,
465 5333 717 5400 ipsosque
759 5331 812 5385 in
839 5332 1160 5400 corporibus
1191 5331 1324 5387 nihil
1356 5334 1639 5388 adversum
1673 5337 1924 5390 noxium-

343 5435 448 5489 que
479 5433 759 5491 passuros.
788 5419 1083 5476 Auferente
1112 5431 1290 5477 autem
1335 5423 1450 5491 ipso
1484 5423 1920 5485 benedictionem

447 5601 494 5631 ⁸⁵
532 5598 722 5654 Matth.
751 5617 867 5670 \‘lll,
911 5601 994 5657 l0.
1071 5602 1118 5634 ⁸⁸
1147 5603 1320 5659 chit.
1351 5620 1462 5658 xxu
1517 5621 1669 5677 seqq.

414 5807 490 5878 (l)
525 5808 714 5867 Deﬁcit
747 5811 968 5867 verbum
1003 5808 1378 5880 impersonale.

2033 4695 2172 4764 μήτε
2205 4693 2311 4765 μὴν
2342 4694 2529 4758 ἁπλῶς
2557 4695 2590 4766 ἥ
2619 4694 2997 4758 ἀϐασανίστως
3049 4694 3329 4758 τελοῦντες
3353 4695 3420 4747 τὰ
3456 4709 3610 4746 νενο-

2027 4787 2292 4856 μισμένα,
2325 4788 2500 4859 πάντη
2522 4806 2580 4841 τε
2610 4789 2706 4842 καὶ
2753 4791 2970 4852 πάντως
3002 4788 3423 4859 κατηραμένους
3479 4786 3615 4838 ἀπο⁹

2031 4881 2191 4946 φανεῖ
2221 4879 2314 4932 καὶ
2367 4880 2473 4934 ὑπὸ
2515 4883 2665 4936 θείαν
2711 4881 2869 4946 ὄντας
2901 4883 3092 4953 ὀργήν.
3157 4877 3326 4950 Οἶμαι
3355 4879 3410 4932 δὲ
3440 4879 3613 4947 ἔγωγε

2026 4969 2222 5040 δηλοῦν
2245 4972 2326 5039 τὸ,
2357 4992 2376 5024 ι
2417 4974 2924 5046 Ἐπικαταράσομαι
2944 4974 3041 5046 τὴν
3056 4974 3305 5042 εὐλογίαν
3330 4969 3616 5041 ὑμῶν,καὶ

2024 5060 2369 5118 διασκεδάσω
2393 5063 2585 5136 αὐτὴν,
2626 5086 2644 5118 ι
2675 5069 2853 5120 ἐκεῖνο
2879 5068 3020 5137 τάχα
3058 5083 3184 5121 που.
3217 5063 3352 5118 Θεοῦ
3373 5063 3472 5133 μὲν
3505 5062 3617 5132 γὰρ

2033 5154 2425 5220 κατανεύοντος
2457 5157 2554 5228 τὴν
2583 5158 2884 5229 εὐημερίαν
2931 5159 3097 5223 τισὶν,
3129 5156 3425 5226 εὐφορήσει
3457 5153 3526 5206 τά
3557 5153 3618 5203 ὲν

2029 5245 2241 5316 ἀγροῖς,
2270 5248 2568 5318 εὐκαρπίας.
2599 5265 2659 5302 τε
2708 5250 2924 5304 ἔσονται
2962 5251 3058 5304 καὶ
3103 5246 3370 5318 εὐθηνίαι,
3403 5244 3498 5297 καὶ
3537 5245 3619 5305 si;

2031 5334 2242 5406 πληθὺν
2259 5337 2567 5410 ἀμέτρητον
2593 5340 2847 5394 ἐπιδώσει
2869 5340 2939 5394 τά
2960 5339 3274 5412 θρέμματα,
3299 5335 3394 5390 καὶ
3410 5333 3620 5404 φθορᾶς

2029 5426 2241 5484 ἔσονται
2266 5428 2372 5500 τῆς
2395 5430 2503 5486 τῶν
2527 5433 2797 5504 σωμάτων
2818 5433 3076 5506 ἀμείνους
3110 5430 3287 5486 αὐτοί.
3329 5425 3622 5497 ’Δφιστάν-

3307 5680 3326 5708 θ
