3934 6318
375 384 484 440 305

1197 380 1751 438 COMMENTARIUS
1787 380 1853 436 lN
1893 378 2304 435 MALACHIAH
2348 375 2789 433 PROPUETAM.

3512 375 3622 435 506

371 513 463 561 τος
489 494 547 549 δὲ
605 493 703 565 τὴν
743 495 992 565 εὐλογίαν
1043 496 1229 563 αὑτοῦ,
1280 498 1418 569 πρὸς
1474 501 1582 553 πᾶν
1638 499 1947 553 τούναντίον

2063 513 2228 562 suam,
2255 513 2339 553 res
2370 496 2590 550 omnino
2624 510 2837 548 versum
2872 492 2937 546 iri
2983 501 3127 545 retro
3151 500 3204 544 et
3253 500 3450 546 statum
3501 494 3630 547 bea-

372 587 754 658 μεταχωρήσει
787 586 856 641 τὰ
885 589 1208 659 πράγματα,
1235 592 1328 643 καὶ
1348 592 1581 645 ἀπέσται
1605 593 1702 661 μὲν
1733 592 1950 654 πάντως

369 675 430 728 τὸ
454 677 772 747 εὐημερεῖν,
803 681 1206 750 κατακρατήσει
1239 681 1296 734 δὲ
1329 682 1527 752 μᾶλλον
1551 684 1618 735 τὰ
1647 685 1732 751 ἐφ’
1762 677 1843 745 οἷς
1884 681 1950 735 ἂν

371 767 594 829 εἰκότως
629 768 981 836 καταγὲνοιτό
1005 787 1109 834 τις.
1141 773 1249 826 Καὶ
1285 773 1443 826 ταυτὶ
1484 773 1582 843 μὲν
1611 775 1637 824 ὁ
1668 773 1825 842 λόγος
1877 773 1951 836 ὡς

367 858 426 909 ὲν
455 857 734 926 αἰσθητοῖς
760 876 820 911 τε
843 861 936 912 καὶ
964 863 1324 932 προσκαίροις
1357 864 1698 934 πράγμασιν,

439 948 650 1003 Είδέναι
683 949 739 1002 δὲ
765 952 1058 1018 ἀναγκαῖον
1082 953 1179 1017 ὡς,
1195 955 1242 1006 εἰ
1272 958 1345 1025 μή
1374 973 1457 1018 τις
1479 955 1654 1008 ἕλοιτο
1679 955 1777 1018 τὰς
1799 955 1951 1019 θείας

369 1043 449 1104 εἰς
471 1040 594 1094 νοῦν
615 1041 763 1112 ἔχειν
784 1044 1029 1108 ἐντολὰς,
1091 1047 1369 1115 οἰχήσεται
1401 1047 1578 1101 πάντα
1612 1046 1762 1116 αὐτῷ
1815 1047 1950 1116 πρὸς

369 1133 431 1186 τὸ
467 1135 631 1204 μηδὲν
659 1135 728 1188 τὰ
759 1136 838 1198 εἰς
862 1136 986 1188 νοῦν
1039 1136 1241 1204 ἀγαθὰ,
1264 1136 1377 1202 ἔξει
1428 1155 1490 1192 τε
1523 1139 1732 1209 καρπὸν
1761 1138 1951 1192 οὐδένα

371 1224 469 1293 τῆς
503 1223 752 1290 φιλοθέου
798 1224 964 1296 ζωῆςσ
1019 1227 1132 1280 ἀλλ’
1182 1227 1334 1281 ἔσται
1394 1229 1492 1299 μὲν
1546 1229 1796 1298 εὐλογίας
1850 1230 1950 1300 τῆς

368 1314 575 1368 ἄνωθεν
601 1316 694 1368 καὶ
719 1317 869 1386 παρά
919 1317 1054 1371 Θεοῦ
1085 1320 1416 1388 τητώμενος,
1465 1325 1869 1390 παραπεσείται
1891 1323 1950 1374 δὲ

344 1411 486 1492 ,ταῖς
513 1408 674 1479 ἀραῖς
701 1411 797 1462 καὶ
820 1412 942 1472 ταῖς
969 1411 1031 1462 ὲκ
1057 1411 1262 1464 τούτων
1312 1415 1544 1475 ποιναῖς.
1590 1414 1862 1484 Ζητητέον
1885 1413 1950 1484 δὴ

342 1493 459 1572 ξοῦν
485 1498 584 1569 τὴν
611 1498 708 1551 τοῦ
755 1499 890 1553 Θεοῦ
940 1500 1116 1567 δόξαν·
1178 1501 1272 1554 καὶ
1299 1502 1420 1555 τίνα
1452 1501 1518 1572 δὴ
1556 1504 1754 1570 τρόπον
1793 1502 1950 1556 τοῦτο

369 1589 804 1660 κατορθώσομεν,
829 1591 987 1654 αὐτὸς
1022 1593 1168 1662 ἡμᾶς
1193 1594 1221 1645 ὁ
1246 1592 1436 1664 Σωτὴρ
1485 1593 1724 1658 ἐδίδαξεν
1753 1594 1944 1646 εἰπών’

373 1700 391 1731 ι
425 1681 709 1750 Λαμψάτω
728 1683 788 1735 τὸ
826 1683 941 1752 φῶς
969 1683 1122 1754 ὑμῶν
1147 1683 1460 1755 ἔμπροσθεν
1482 1683 1591 1739 τῶν
1622 1685 1948 1757 ἀνθρώπων,

365 1771 513 1833 ὅπως
542 1770 690 1824 ἴδωσι
713 1773 780 1824 τὰ
805 1773 948 1824 καλά
996 1773 1150 1844 ὑμῶν
1204 1773 1360 1844 ἔργα,
1417 1775 1510 1827 καὶ
1562 1775 1830 1840 δοξάσωσι·
1860 1779 1950 1830 τὸν

341 1639 352 1674 ί

2057 589 2246 643 tiorem
2273 588 2459 658 procul
2489 587 2825 649 obfuturum,
2861 583 3149 637 iuvalitura
3204 583 3381 650 potius
3415 581 3482 636 ob
3507 598 3626 652 qua:

2053 682 2174 748 quis
2198 680 2390 734 merito
2418 679 2504 734 hic
2539 693 2645 731 non
2692 685 2951 731 moretur.
2997 674 3060 729 Et
3093 675 3206 729 ltmc
3235 674 3451 744 quidem
3491 685 3547 726 ιιι
3572 674 3624 726 in

2055 772 2212 826 rebus
2265 786 2487 830 sensum
2547 768 2890 840 tangentibus
2952 782 3013 823 ac
3067 768 3429 836 temporancis
3491 767 3631 820 dicta

2053 871 2234 918 SUﬂlO.

2125 952 2411 1008 Sciendum
2448 960 2625 1005 autem
2654 950 2832 1019 plane,
2865 948 2963 1002 nisi
2990 949 3112 1017 quis
3144 949 3322 1003 divina
3365 947 3620 1000 mandata

2053 1046 2235 1100 animo
2265 1045 2542 1098 continere
2577 1042 2832 1105 voluerit,
2859 1041 3040 1096 omnia
3075 1042 3241 1094 animi
3267 1045 3405 1095 bona
3445 1040 3544 1106 ipsi
3573 1039 3622 1092 in

2052 1135 2282 1191 nihilum
2305 1133 2598 1194 abitura.et
2647 1132 2771 1186 vita:
2821 1131 3086 1201 religiosae
3142 1129 3375 1182 fructum
3429 1128 3630 1181 nullum

2057 1227 2358 1281 relaturum
2401 1223 2697 1295 :quinimo-
2771 1223 3074 1290 caelestem,
3117 1230 3279 1289 atque
3313 1236 3342 1272 a
3387 1219 3492 1273 Deo
3531 1220 3633 1272 itu-

2055 1320 2248 1390 pertiri
2283 1317 2501 1372 solitam
2535 1314 2962 1370 benedictionem
2993 1313 3414 1376 amissurum,et
3439 1310 3491 1363 in
3517 1325 3630 1362 ma-

2054 1412 2370 1468 ledictiones
2424 1422 2720 1479 pmnasque
2803 1417 3201 1476 consequentes
3260 1405 3628 1457 incursurnm.

2054 1503 2396 1561 Studendum
2424 1517 2554 1572 ergo
2600 1501 2689 1555 Dei
2724 1500 2950 1568 glorim;
2989 1499 3130 1566 quod
3179 1495 3449 1566 quomodo
3501 1491 3635 1560 legi-

2053 1597 2183 1651 time
2207 1596 2320 1659 ﬁat,
2349 1595 2462 1662 ipse
2489 1591 2740 1646 Salvator
2765 1605 2864 1644 nos
2887 1589 3070 1642 docuit
3103 1587 3210 1642 illis
3237 1584 3454 1639 verbis:
3483 1601 3500 1634 ι
3539 1581 3632 1636 Sic

2054 1689 2228 1742 lueeat
2257 1686 2344 1739 lux
2383 1693 2560 1738 vestra
2590 1697 2774 1739 coram
2807 1678 3144 1742 hominibus,
3181 1684 3242 1730 ut
3273 1676 3490 1729 videant
3515 1688 3637 1744 ope-

2054 1797 2111 1834 ra
2141 1788 2318 1833 vestra
2348 1779 2513 1839 bona,
2551 1784 2607 1830 et
2638 1773 2945 1845 gloriﬁcent
2989 1769 3206 1824 Patrem
3243 1777 3489 1822 vestrum
3539 1765 3632 1835 qui

365 1861 589 1932 Πατέρα
613 1862 768 1931 ὑμῶν
787 1863 878 1916 τὸν
903 1866 960 1917 ὲν
993 1868 1101 1927 τοῖς
1129 1866 1396 1935 οὐρανοῖς.
1429 1885 1448 1918 ι
1481 1867 1615 1920 Τότε
1647 1868 1742 1921 καὶ
1766 1867 1950 1938 πλήρη

2063 1873 2106 1924 in
2138 1870 2293 1925 caelis
2317 1878 2401 1922 est
2427 1869 2494 1920 ⁸⁷.
2523 1886 2540 1918 ι
2577 1866 2728 1920 Tunc
2754 1863 2918 1919 etiam
2954 1862 3170 1931 plenam
3200 1858 3630 1914 benedictionem

363 1956 466 2024 τὴν
501 1956 756 2024 εὐλογίαν
780 1957 1172 2028 ἀποληψόμεθα
1200 1959 1293 2012 καὶ
1315 1959 1647 2031 ἀκράδαντον
1672 1959 1771 2031 τὴν
1801 1959 1954 2012 εὐθυ-

369 2051 517 2118 μίαν,
561 2049 657 2102 καὶ
693 2052 815 2114 ταῖς
869 2053 1264 2122 πνευματικαῖς
1314 2052 1649 2122 εὐκαρπίαις
1680 2051 1951 2124 ἐντρυφή-

367 2156 532 2208 σομεν
555 2180 570 2202 ,
622 2140 849 2210 ἔμπλεοί
897 2159 956 2195 τε
1009 2143 1210 2205 παντὸς
1259 2142 1464 2210 ἀγαθοῦ
1510 2143 1815 2212 γεγονότες,
1859 2143 1954 2197 τὸν

364 2230 583 2301 ἀληθῶς
624 2231 935 2304 ἀξιοπρεπῆ
979 2236 1073 2288 καὶ⁸
1122 2235 1396 2307 ἐξαίρετον
1453 2237 1783 2308 διαζήσομεν
1814 2236 1950 2304 βίον.

447 2323 594 2377 Ἰδοὺ
644 2324 763 2396 ἐγὼ
792 2326 1044 2394 ascople
1081 2326 1220 2396 ὑμῖν
1248 2326 1356 2380 τὸν
1391 2322 1571 2397 ὦμον,
1621 2327 1715 2381 καί
1768 2343 1951 2396 σκορ-

362 2414 477 2469 πιῶ
503 2416 806 2486 ἕνυστρον
831 2417 932 2470 ἐπὶ
979 2418 1051 2472 τὰ
1098 2421 1390 2486 πρόσωπα
1425 2419 1610 2489 ὐμῶν,
1653 2420 1952 2486 ἔνυστρον

361 2508 586 2577 ἑορτῶν
612 2509 800 2580 ὑμῶν,
848 2511 947 2564 καὶ
996 2511 1270 2580 λήψομαι
1323 2511 1480 2580 ὑμᾶς
1513 2515 1602 2576 εἰς
1657 2512 1723 2566 τὸ
1780 2514 1946 2566 αὐτό.

361 2602 473 2656 Καὶ
511 2604 911 2672 ἐπιγνώσεσθε
967 2603 1115 2658 διότι
1162 2605 1275 2674 ἐγὼ
1329 2604 1758 2670 ἐξαπέσταλκα
1797 2605 1950 2672 πρὸς

365 2692 518 2762 ὑμᾶς
560 2693 675 2761 τὴν
723 2695 987 2765 ἐντολὴν
1032 2697 1279 2765 ταύτην,
1328 2697 1434 2751 τοῦ
1459 2693 1615 2750 εἶναι
1661 2697 1777 2765 τὴν
1819 2697 1946 2750 δια-

361 2784 564 2852 θήκην
611 2804 731 2856 μου
777 2786 931 2856 πρὸς
989 2789 1132 2856 τοὺς
1185 2789 1468 2857 Λευίτας,
1513 2788 1675 2858 λέγει
1733 2789 1950 2857 Κύριος

360 2878 808 2947 παντοκράτωρ.

431 2971 532 3024 lZ’.
571 2971 895 3043 Κέκρυπταί
925 2991 978 3027 τι
1006 2972 1166 3028 πάλιν
1214 2975 1270 3027 ἐν
1319 2977 1430 3039 τοῖς
1486 2976 1886 3047 προκειμένοις,
1920 2975 1954 3028 δ’

361 3065 456 3117 καὶ
484 3059 638 3134 οἶμαι
667 3065 776 3118 δεῖν
805 3069 919 3129 τοῖς
953 3065 1349 3138 φιλακροάμοσι
1394 3067 1810 3140 διατρανούσθαι
1847 3083 1946 3120 σα·

363 3155 500 3223 φῶς·
539 3159 748 3209 συνεῖεν
772 3157 882 3228 γὰρ
912 3158 978 3211 ἂν
1000 3158 1142 3210 οὕτω
1192 3155 1251 3212 εὖ
1315 3159 1458 3229 μάλα
1507 3161 1569 3212 τὸ
1595 3159 1944 3230 δηλούμενον.

2051 1971 2106 2017 et
2136 1960 2467 2016 immobilem
2499 1957 2697 2012 mentis
2730 1954 3082 2010 serenitatem
3123 1951 3468 2020 recipiemus,
3503 1947 3628 2002 etin

2053 2050 2420 2123 Spiritualium
2478 2049 2748 2104 fructuum
2785 2044 3031 2100 ubertate
3061 2058 3183 2098 cum
3211 2042 3484 2110 voluptate
3509 2054 3631 2094 ver-

2053 2146 2319 2206 sabimur,
2349 2141 2652 2212 repletique
2679 2139 2840 2194 bonis
2869 2137 3145 2203 onmibus,
3186 2148 3312 2190 vere
3354 2134 3510 2188 nobis
3549 2133 3633 2185 di-

2051 2251 2210 2305 gnam
2233 2244 2287 2289 et
2317 2233 2633 2304 praeclaram
2669 2231 2834 2286 vitam
2863 2229 3232 2290 traduqemus.
3381 2287 3387 2291 _

2132 2328 2288 2383 Vens.
2330 2328 2386 2389 5,
2426 2327 2491 2380 4..
2526 2323 2658 2378 Ecce
2687 2339 2780 2393 ego
2811 2337 2996 2390 separo
3026 2320 3168 2374 vobis
3197 2323 3496 2381 humerum,
3523 2315 3634 2368 dis-

2052 2428 2263 2489 pergant
2291 2416 2638 2472 ventriculum
2661 2428 2820 2482 super
2852 2411 3013 2480 facies
3032 2419 3251 2472 vestras,
3289 2404 3634 2460 uentriculum

2051 2509 2447 2564 solemnitatum
2514 2514 2843 2568 vestrarum,
2900 2512 2949 2555 et
3005 2500 3284 2566 suscipiam
3329 2512 3414 2550 res
3465 2496 3519 2549 in
3578 2494 3633 2546 id

2050 2602 2242 2668 ipsum.
2275 2597 2347 2651 Et
2390 2596 2711 2668 cognoscetis
2746 2596 2868 2664 quia
2899 2594 3020 2647 misi
3053 2593 3122 2646 ad
3179 2606 3265 2645 vos
3323 2587 3633 2641 mandatum

2050 2691 2174 2754 hoc,
2191 2698 2245 2743 ut
2275 2695 2407 2742 esset
2430 2693 2794 2741 testamentum
2817 2697 2984 2736 meum
3011 2681 3078 2734 ad
3110 2677 3338 2746 Levitas,
3367 2675 3494 2731 dicit
3525 2674 3633 2729 Do-

2051 2781 2226 2834 minus
2261 2777 2612 2848 omnipotens.

2130 2955 2296 3010 XVII.
2333 2954 2573 3010 Rursum
2609 2954 2662 3008 in
2693 2952 2878 3008 verbis
2933 2949 3179 3006 adductis
3233 2946 3436 3016 aliquid
3503 2945 3634 2999 latet

2049 3051 2191 3120 quod
2211 3047 2468 3104 studiosis
2496 3044 2746 3101 audiendi
2775 3043 2977 3112 liquido
3005 3040 3390 3097 declarandum
3417 3036 3626 3092 sentio:

2054 3144 2133 3198 sic
2173 3143 2317 3198 enim
2355 3139 2796 3197 commodissime
2827 3136 3136 3191 earumdem
3173 3134 3278 3187 vim
3305 3143 3637 3198 sensumque

374 3245 434 3298 '0
461 3247 628 3316 νόμος
659 3225 836 3300 τοίνυν
851 3225 894 3298 ⁷ὁ
914 3246 1000 3299 διά
1024 3246 1267 3310 Μωσέως
1300 3225 1419 3312 ταῖς
1447 3225 1710 3301 ἀνωτάτω
1761 3225 1948 3318 τιμαῖς

2063 3237 2381 3307 percipient.
2447 3233 2557 3288 Lex
2616 3233 2782 3303 igitur
2838 3229 3073 3284 Mosaica
3141 3228 3314 3282 sacris
3369 3225 3636 3279 altaribus

363 3337 458 3389 τον
472 3337 582 3389 τῶν
617 3336 775 3391 θείων
803 3337 1201 3409 θυσιαστηρίων
1230 3340 1581 3411 παραστάτην
1616 3341 1710 3393 καὶ»⁸
1753 3341 1958 3410 ἱερουρ-

364 3424 457 3491 γὺν
494 3426 798 3494 στεφανῶν,
831 3420 944 3478 οἷον
973 3427 1030 3481 ὲν
1081 3427 1232 3493 τάξει
1283 3426 1416 3480 Θεοῦ
1478 3427 1722 3481 τέθεικεν
1767 3429 1954 3484 αὐτόν.

367 3515 511 3586 Ἔφη
549 3517 658 3586 γάρ
683 3516 766 3569 ὅτι
793 3537 812 3568 ι
851 3518 1148 3588 Κάρπωμα
1181 3520 1388 3590 Κυρίου
1418 3521 1446 3572 ὁ
1469 3519 1668 3591 κλῆρος
1718 3520 1905 3574 αὑτοῦ.
1933 3541 1951 3573 ι

369 3607 590 3676 Ἔφη,δέ
627 3626 727 3661 που
759 3609 851 3662 καὶ
881 3611 909 3663 ὁ
943 3609 1228 3675 θεσπέσιος
1259 3611 1472 3676 Παῦλος
1499 3629 1511 3644 ⁸
1547 3633 1565 3665 ι
1598 3613 1834 3667 Βλέπετε
1865 3614 1956 3668 τὸν

378 3696 597 3768 Ἰσραὴλ
626 3699 768 3752 κατὰ
819 3700 1017 3773 σάρκα.
1053 3703 1164 3772 Οὐχ
1201 3705 1249 3756 οἰ
1302 3704 1613 3772 ἐγγίζοντες
1661 3704 1738 3775 τῷ
1766 3704 1957 3758 θυσια-

371 3793 596 3863 στηρίῳ,
631 3794 880 3847 κοινωνοὶ
911 3793 1006 3848 τοῦ
1067 3794 1454 3866 θυσιαστηρίου
1503 3795 1676 3856 εἰσίν;
1730 3815 1748 3847 ι
1797 3797 1958 3860 Ἔθος

370 3884 477 3956 γὰρ
504 3881 573 3955 ἦν
617 3886 724 3939 ἀπὸ
773 3888 973 3949 παντὸς
1024 3885 1262 3956 θύματος
1318 3885 1668 3957 ἀφαιρεῖσθαι
1719 3886 1794 3957 τῷ
1839 3886 1957 3957 Θεῴ

373 3978 648 4048 βραχίονα,
687 3980 780 4033 καὶ
819 3979 1128 4050 στηθὴνιον,
1166 3980 1260 4034 καὶ
1293 3979 1384 4033 τὸν
1403 3977 1558 4032 λοϐὸν
1584 3978 1678 4032 τοῦ
1718 3978 1953 4049 ἥπατος,

373 4072 463 4123 καὶ
491 4071 619 4134 τοὺς
649 4071 742 4123 δύο
768 4073 1023 4140 νεφροὺς,
1056 4073 1150 4124 καὶ⁹
1180 4071 1276 4142 μέν
1303 4088 1384 4124 τοι
1417 4070 1475 4123 τὸ
1497 4070 1775 4140 ἓνυστρον,
1799 4087 1957 4123 τουτ-

372 4164 508 4224 έστι,
547 4162 645 4232 τὴν
675 4162 903 4224 κοιλίαν,
941 4163 1377 4234 ὑπεμφαίνοντος
1418 4161 1833 4233 αἰνιγματωδῶς
1861 4160 1955 4215 τοῦ

372 4253 596 4323 νομικοῦ
639 4254 965 4324 γράμματος
1019 4255 1100 4308 ὅτι
1155 4255 1333 4310 πάντα
1380 4254 1537 4324 ἡμῶν
1594 4253 1664 4308 τὰ
1711 4254 1958 4308 ὲντόσθια

373 4344 480 4398 τῶν
533 4345 894 4399 ἀνατιθέντων
967 4347 1191 4410 ἑαυτοὺς
1239 4349 1318 4410 εἰς
1366 4345 1542 4418 ὀσμὴν
1601 4346 1830 4410 εὐωδίας
1881 4345 1958 4417 τῷ

374 4435 491 4507 Θεῷ
525 4437 650 4507 ἰερά
686 4455 748 4490 τε
788 4434 927 4493 εἶναι
973 4439 1238 4509 προσήκει
1284 4439 1378 4491 καὶ
1413 4437 1740 4509 ἡγιασμένα.
1781 4439 1958 4508 Προσ-

375 4527 690 4597 εκομίζοντο
719 4529 824 4599 γάρ
853 4528 921 4582 τὰ
947 4529 1216 4594 ὲντόσθια,
1248 4529 1346 4600 τῆς
1367 4529 1592 4600 ἐνούσης
1617 4530 1799 4592 αὐτοῖς
1823 4529 1956 4582 ἀκα-

2060 3338 2325 3385 astantem
2348 3335 2730 3396 etoperantem
2755 3323 3053 3378 honoribus
3081 3317 3349 3390 supremis
3370 3315 3632 3377 alliciens.

2060 3419 2446 3491 propemodum
2482 3418 2590 3472 Deo
2623 3415 2904 3486 mquabat;
2938 3415 3014 3468 ait
3049 3414 3191 3467 enim
3221 3429 3234 3465 :
3273 3429 3290 3460 ι
3318 3408 3630 3464 Oblationes

2059 3513 2272 3569 Domini
2325 3510 2600 3580 possessio
2659 3509 2774 3576 ejus
2804 3507 2871 3561 ⁸⁸.
2912 3524 2930 3557 ι
2992 3505 3056 3558 Et
3107 3503 3320 3559 divimts
3381 3497 3635 3554 Paulus:

2066 3621 2084 3654 ι
2116 3602 2304 3656 Videte
2346 3597 2511 3653 Israel
2562 3597 2858 3652 secundum
2919 3608 3162 3648 carnem.
3211 3588 3376 3661 835
3446 3587 3635 3642 Nonne

2059 3693 2148 3762 qui
2190 3685 3119 3760 appropinquantaltari,participes
3147 3691 3272 3737 sunt
3297 3680 3485 3734 altaris
3501 3679 3588 3731 "Y
3612 3696 3631 3730 ι

2059 3781 2193 3835 Erat
2241 3781 2440 3848 quippe
2484 3779 2726 3834 solemne
2783 3790 2814 3829 a
2861 3773 3104 3842 qualibet
3154 3771 3330 3826 hostia
3393 3768 3634 3837 separari

2060 3876 2168 3928 Deo
2196 3886 2430 3936 armum,
2463 3879 2516 3924 et
2545 3866 2941 3940 pectusculum,
2988 3873 3041 3918 et
3072 3861 3354 3917 reticulum
3409 3860 3635 3928 jecoris,

2059 3975 2115 4020 et
2144 3965 2278 4019 duos
2305 3977 2486 4026 renes,
2537 3972 2591 4016 et
2629 3957 2995 4015 ventriculum
3036 3975 3048 4011 :
3083 3971 3191 4027 quo
3226 3955 3450 4026 quidem
3487 3951 3637 4006 Scri-

2060 4067 2217 4127 ptura
2256 4056 2446 4124 legalis
2477 4070 2574 4124 per
2622 4052 2960 4108 involucrum
2997 4051 3203 4104 indicat
3255 4049 3436 4102 omnia
3496 4046 3638 4099 inte-

2059 4151 2202 4203 riora
2251 4163 2436 4203 eorum
2480 4148 2572 4217 qui
2607 4161 2666 4201 se
2717 4146 3109 4201 dedicaverunt
3163 4142 3271 4195 Deo
3323 4141 3376 4192 in
3419 4139 3639 4193 odorem

2059 4239 2346 4296 suavitatis
2393 4249 2581 4294 sancta
2621 4247 2676 4293 et
2720 4235 3052 4292 sanctiﬁcata
3076 4248 3194 4288 esse
3233 4240 3503 4301 oportere.
3545 4227 3642 4282 Οτι
3705 4263 3710 4270 ι

2065 4335 2381 4390 ferebantur
2415 4333 2558 4386 enim
2617 4331 2808 4386 intima
2861 4344 2888 4382 a
2947 4327 3197 4383 sordibus
3253 4323 3643 4379 inbmrentibus

2061 4435 2312 4498 purgata.
2371 4427 2569 4479 Armus
2613 4437 2778 4492 porro
2821 4419 3035 4475 roboris
3084 4418 3344 4472 indicium
3409 4413 3637 4482 intelligi

2063 4526 2261 4588 poteSt.
2299 4515 2561 4569 Existimo
2578 4522 2759 4566 autem
2793 4525 2890 4563 nos
2921 4507 2985 4560 ad
3035 4519 3196 4560 omne
3246 4516 3383 4572 opus
3435 4503 3634 4556 bonum

377 4591 605 4690 ϐαρ-σίας
645 4591 1058 4691 ἀπήλλαγμένα.
1123 4591 1371 4692 Βραχίων
1397 4638 1454 4674 τε
1509 4591 1615 4691 pip:
1651 4619 1836 4704 ἰσχύος
1888 4621 1954 4674 ἂν

2063 4597 2305 4663 valentes
2334 4614 2497 4671 atque
2521 4603 2792 4657 animosos
2847 4599 2975 4654 illud
3029 4597 3304 4664 sapienter
3371 4591 3639 4646 modulari

2081 4703 2142 4704 η
2417 4695 2583 4704 -,.
2705 4695 2716 4704 .
3087 4684 3608 4704 -..μημιω

379 4712 546 4762 νοοῖτο
605 4712 849 4781 σημεῖον.
899 4711 1112 4782 Χρῆναι
1155 4711 1213 4764 δέ
1269 4729 1411 4782 φημι
1465 4711 1601 4782 πρὸς
1659 4710 1767 4765 πᾶν
1795 4711 1956 4782 ἔργον

379 4800 580 4867 ἀγαθὸν
606 4801 889 4871 ἰσχύοντας
927 4804 1073 4872 ἡμᾶς
1108 4803 1203 4855 καὶ
1251 4802 1666 4873 ἀνδριζομένους
1720 4802 1957 4871 ἀναμελ·

379 4894 532 4964 ωδεῖν
570 4895 745 4948 ἐκεῖνο
778 4895 955 4963 σοφῶς
983 4894 1043 4946 τὸ
1075 4894 1163 4948 διὰ
1187 4894 1282 4964 τῆς
1308 4893 1402 4947 τοῦ
1434 4894 1727 4963 ψάλλοντος
1753 4895 1923 4965 λύρας
1941 4911 1952 4923 ·

387 5005 401 5036 ι
443 4984 688 5054 Εὑλόγει,
724 4984 927 5055 ήψυχή
985 5003 1108 5056 μου,
1154 4987 1246 5039 τὸν
1271 4986 1496 5056 Κύριον,
1548 4987 1640 5039 καὶ
1688 4985 1866 5040 πάντα
1896 4985 1964 5038 τὰ

382 5078 527 5140 ἐντός
563 5095 686 5148 μου,
719 5078 777 5130 τὸ
812 5078 982 5148 ὄνομα
1009 5078 1070 5130 τὸ
1090 5077 1242 5146 ἅγιον
1272 5077 1460 5132 αὐτοῦ.
1508 5097 1526 5128 ι
1571 5078 1680 5130 Καὶ
1707 5078 1834 5147 περὶ
1865 5076 1962 5147 μὲν

382 5166 485 5221 τῶν
511 5170 569 5221 ὲν
581 5169 801 5222 τοσθίων
843 5169 936 5222 καὶ
963 5168 1302 5239 τελουμένων
1326 5169 1527 5222 θυσιῶν
1572 5167 1712 5222 κατὰ
1737 5169 1827 5220 τὸν
1877 5167 1962 5220 νό-

386 5279 479 5330 μον
515 5262 691 5330 ἰσχνδς
715 5264 844 5332 ἡμῖν
874 5261 1012 5329 ἄγαν
1039 5262 1400 5332 ὲκπεποίηται
1433 5261 1591 5329 λόγος
1649 5261 1708 5314 ὲν
1745 5260 1962 5330 ἑτέραις

386 5355 744 5421 συγγραφαῖς.
789 5352 998 5405 Οὐκοῦν
1028 5353 1088 5405 τὸ
1115 5353 1285 5406 ταῦτα
1323 5353 1500 5422 λέγειν
1535 5353 1764 5424 ἀφέντες
1792 5353 1872 5414 εἰς
1903 5350 1962 5404 τὸ

387 5445 576 5514 παρὸν.
611 5444 719 5497 τῶν
774 5445 1154 5515 προκειμένων
1203 5446 1302 5516 τὴν
1356 5446 1705 5516 διασὰφησιν,
1742 5444 1816 5506 ὡς
1860 5442 1958 5506 ἔνι,

388 5537 652 5588 ποιεῖσθαι
703 5536 1112 5607 σπουδάσωμεν.
1167 5537 1604 5608 Προστεταχότος
1643 5536 1823 5590 τοίνυν
1869 5533 1962 5587 τοῦ

389 5627 547 5696 νόμου
572 5627 1053 5698 μωμοσκοπείσθαι
1080 5629 1188 5681 δεῖν
1217 5627 1285 5682 τὰ
1315 5629 1455 5699 ἱερὰ,
1479 5629 1573 5682 καὶ
1605 5627 1965 5681 ἀὸασάνιστον

2064 4703 2262 4755 debere
2288 4699 2430 4766 quod
2465 4695 2675 4749 Psaltes
2705 4695 2816 4763 lyra
2836 4707 2933 4747 sua
2980 4689 3216 4744 cantavit
3257 4701 3272 4740 :
3315 4703 3334 4736 ι
3379 4684 3634 4745 Benedic,

2068 4791 2248 4845 anima
2287 4804 2426 4850 mea.
2486 4787 2792 4849 Dominum,
2849 4795 2903 4839 et
2957 4782 3139 4838 omnia
3193 4793 3310 4848 quae
3363 4777 3502 4831 intra
3557 4790 3644 4829 me

2067 4893 2213 4949 sunt,
2247 4881 2452 4937 nomini
2493 4890 2682 4935 sancto
2724 4877 2842 4947 ejus
2887 4879 2955 4931 9°.
2988 4896 3004 4927 ι
3042 4875 3118 4929 Ac
3145 4870 3500 4928 deiutcstinis
3521 4868 3640 4936 qui“-

2068 4979 2273 5032 demet
2317 4973 2600 5029 sacriﬁciis
2653 4969 2948 5026 secundum
3002 4967 3175 5036 legem
3235 4961 3418 5032 peragi
3458 4958 3634 5013 solitis

2062 5069 2342 5124 enucleate
2368 5065 2520 5120 nobis
2555 5067 2610 5120 in
2641 5065 2762 5119 aliis
2795 5062 2948 5117 libris
2972 5061 3304 5128 disputatum
3336 5061 3436 5108 est.
3465 5053 3642 5119 Quare

2063 5163 2130 5217 de
2175 5162 2259 5216 bis
2309 5161 2461 5229 plura
2505 5159 2684 5212 dicere
2730 5152 3144 5225 supersedentes
3214 5149 3266 5201 iu
3327 5146 3637 5216 pra-sentis,

2063 5254 2465 5325 propositorum
2503 5250 2788 5304 verborum
2843 5242 3278 5314 explanationem
3319 5251 3637 5308 percurrere

2067 5361 2164 5414 pro
2195 5343 2449 5397 facultate
2495 5341 2784 5396 enitamur.
2840 5337 2971 5390 Cum
3010 5332 3352 5404 praecepisset
3391 5347 3519 5399 ergo
3556 5330 3638 5382 lex

2071 5436 2411 5489 victimarum
2460 5433 2611 5486 labes
2661 5429 2989 5499 perspicere,
3027 5437 3081 5481 et
3117 5424 3508 5493 inexploratam
3563 5421 3643 5472 \i-

2071 5527 2288 5582 ctimam
2319 5525 2386 5580 ad
2419 5524 2591 5578 altare
2631 5515 2778 5576 baud
2799 5519 3019 5587 oﬁ’erre,
3049 5527 3103 5573 et
3129 5516 3397 5573 sacriﬁcio
3454 5527 3643 5579 perpe-

2075 5616 2265 5673 trando
2294 5613 2602 5672 constitutis
2638 5613 2983 5669 victimarum
3041 5620 3225 5680 partes
3256 5617 3532 5675 separare,
3568 5599 3642 5654 illi

457 5805 497 5835 "
526 5803 711 5858 Matth.
761 5822 814 5870 γ,
847 5767 957 5858 16.¹
1042 5807 1087 5837 ⁸⁵
1116 5804 1272 5860 Deut.
1309 5820 1464 5871 xvm,
1497 5803 1578 5857 l5.
1689 5806 1732 5835 ⁸⁸
1765 5800 1783 5854 Ι
1815 5803 1969 5860 ίῖττιῑ

2063 5798 2142 5854 18.
2220 5798 2263 5830 ³ο
2296 5796 2438 5854 Psal.
2484 5810 2578 5862 cu,
2615 5794 2662 5848 l.
