3934 6318
300 413 406 472 ’607

1292 416 1348 472 S.
1391 414 1677 471 CYIIILLI'
1705 416 2169 472 ALEXANDRINI
2210 414 2529 473 AIICIIIEP.

3435 410 3536 469 5(‘8

302 532 583 602 t-xplorare
609 532 737 586 vitia
760 548 863 586 non
883 531 1166 594 curabant,
1188 538 1242 584 et
1265 531 1577 584 mandatum
1608 532 1671 583 de
1692 532 1858 598 aphae-

1974 530 2119 599 θυμα
2158 531 2231 601 μὴ
2263 527 2728 601 προσκομίζεσθαι
2767 527 2843 598 τῷ
2872 524 3262 596 θυσιαστηρίῳ,
3300 522 3394 578 καὶ
3426 528 3537 588 τοῖς

300 624 520 676 retnatis
547 638 663 691 qua
695 633 955 676 vocantur
978 621 1190 675 irritum
1230 621 1521 683 faciebant,
1552 632 1604 675 et
1632 636 1734 674 non
1754 621 1862 689 jam

298 715 440 784 quod
467 716 594 781 Deo,
625 717 716 769 sed
748 717 891 783 quod
934 715 1211 784 cupiditati
1260 730 1369 769 sure
1417 715 1682 768 arrideret
1725 729 1866 783 prse-

297 818 522 873 stantes,
562 806 893 861 stabilientes
924 812 977 860 ct
997 817 1310 865 constanter
1334 807 1609 861 observari
1640 806 1865 859 studen-

299 908 397 960 tes,
449 911 585 966 quas
633 896 733 949 sibi
782 896 1175 950 commodiores
1242 895 1506 964 putabant
1568 895 1863 949 hostiarum

244 967 255 997 "
296 979 487 1040 carnes
526 987 814 1056 eligebant.
846 985 989 1041 Istud
1029 987 1080 1039 in
1119 986 1592 1055 reprehensionem
1623 986 1864 1047 adducit,

295 1088 348 1131 et
373 1079 485 1132 ait:
530 1097 548 1130 ι
579 1077 713 1132 Ecce
743 1094 841 1148 ego
866 1094 1059 1148 separo
1085 1079 1235 1132 vobis
1260 1078 1564 1131 humerum.
1606 1096 1623 1128 ›
1666 1078 1864 1143 Separo

296 1171 492 1237 posuit,
523 1186 642 1239 pro,
678 1172 936 1237 separavi,
970 1179 1023 1224 et
1048 1170 1224 1224 denuo
1258 1168 1378 1222 vqu
1405 1168 1610 1221 servari
1637 1180 1863 1221 consue-

298 1263 556 1316 tudinem.
597 1261 947 1331 Superadjeci
988 1262 1165 1331 quasi,
1222 1262 1335 1314 sive
1376 1260 1573 1328 adjicio
1609 1277 1627 1309 ι
1660 1260 1864 1310 ventri—

294 1351 474 1403 culum
502 1365 717 1419 quoque
748 1350 799 1403 in
826 1349 991 1405 facies
1019 1361 1247 1405 vestras.
1272 1370 1289 1401 ι
1312 1351 1574 1416 Quoniam
1595 1350 1735 1402 enim
1765 1349 1863 1416 ipsi

296 1443 620 1500 dedecorant
640 1442 827 1507 altare,
849 1443 968 1496 ideo
993 1441 1134 1496 Deus
1155 1442 1305 1505 dicit,
1337 1441 1726 1508 (disperganm
1757 1439 1865 1489 vel-

295 1541 354 1585 ut
404 1547 500 1599 par
537 1532 652 1601 pari
717 1532 977 1586 referens.
1029 1550 1049 1583 ι
1087 1531 1187 1598 Qui
1239 1533 1381 1584 cnim
1433 1546 1519 1583 me
1568 1529 1865 1583 contemnit

295 1633 671 1678 contemnetur
699 1624 768 1676 ’¹.
824 1642 844 1676 ι
865 1641 973 1673 -ι
1013 1623 1315 1691 Suscipiam
1350 1624 1530 1690 itaque
1561 1636 1654 1674 vos
1685 1620 1736 1673 in
1779 1620 1863 1672 id-

296 1714 470 1782 ipsum
498 1731 512 1767 :
548 1732 567 1765 ›
596 1714 699 1768 hoc
725 1723 827 1780 est,
854 1713 908 1768 in
949 1715 1049 1768 hoc
1070 1715 1189 1782 ipso
1222 1713 1469 1783 superior
1503 1712 1652 1775 (iam,
1685 1720 1738 1765 et
1764 1712 1865 1763 im-

296 1806 414 1869 pios
450 1806 792 1873 redarguam.
823 1803 961 1869 Quia
996 1805 1140 1858 enim
1166 1805 1338 1873 legem
1371 1805 1438 1858 de
1475 1802 1772 1871 seligendis
1798 1800 1863 1854 ad

1965 622 2320 690 τεταγμένοις
2358 624 2436 682 εἰς
2471 619 2777 690 ἱερουργίαν
2809 618 2877 672 τὰ
2903 617 3012 670 τῶν
3056 616 3311 686 θυμάτων
3340 616 3538 685 ἀφορί-

1967 710 2149 774 ζεσθαι
2184 712 2345 782 μέρη,
2370 710 2754 781 κατημέλησαν
2782 709 2881 779 μὲν
2909 708 3000 762 τοῦ
3023 707 3220 779 χρῆναι
3253 722 3539 777 μωμοσκο-

1967 804 2106 865 πεῖν,
2161 801 2459 871 ὴτεθήκασι
2517 800 2572 852 δὲ
2624 799 2721 869 τὴν
2755 799 2974 867 ἐντολὴν
3028 797 3138 851 τῶν
3187 795 3541 864 καλουμένων

1965 890 2379 960 ἀφαιρεμάτων,
2429 889 2490 940 οὐ
2548 887 2641 940 τοῦ
2694 887 2829 941 Θεοῦ
2868 887 3066 958 μᾶλλον
3115 886 3212 955 ἡδὺ
3246 885 3354 936 τῶν
3396 883 3539 936 ίδίων

1966 979 2293 1048 πράττοντες
2319 977 2444 1047 θελη
2455 977 2658 1046 μάτων,
2690 974 3043 1046 κρατύνοντές
3071 992 3129 1026 τε
3151 974 3245 1027 καὶ
3273 971 3538 1040 ἐμπεδοῦν

1967 1068 2375 1132 σπουδάζοντες,
2409 1068 2553 1139 διπερ
2578 1069 2774 1130 αὐτοὺς
2798 1068 3025 1135 ὠφελεῖν
3044 1066 3219 1118 ἐδόκει
3245 1064 3315 1117 τὰ
3343 1066 3407 1116 ἐκ
3429 1064 3537 1115 τῶν

1967 1161 2221 1232 Θυμάτων
2250 1161 2659 1229 συναγείροντες
2704 1159 2860 1230 κρέα.
2886 1157 3056 1209 Τοῦτο
3108 1155 3343 1225 παράγει
3404 1153 3535 1222 πρὸς

1967 1252 2204 1322 ἔλεγχον,
2235 1251 2327 1303 καί
2358 1267 2540 1319 φησιν’
2608 1268 2627 1300 ι
2678 1250 2805 1302 Ἰδοὺ
2840 1248 2950 1317 ἐγὼ
2992 1248 3235 1317 ἀφορίζω
3291 1248 3418 1314 ὑμῖν
3448 1245 3539 1296 τὸν

1964 1338 2131 1413 ὦμον.
2168 1361 2186 1392 ι
2239 1343 2313 1393 Τδ
2358 1339 2433 1403 δὲ,
2466 1339 2739 1408 ἀφορίζει),
2800 1340 2893 1392 νῦν
2947 1338 3192 1391 τέθεικεν
3251 1337 3370 1389 ἀντὶ
3419 1335 3535 1399 τοῦ,

1978 1433 2256 1502 Ἀφώρισά
2276 1448 2335 1485 τε
2364 1434 2483 1503 ἤδη,
2520 1432 2614 1485 καὶ
2650 1434 2727 1494 εἰς
2754 1431 2914 1500 δεῦρο
2967 1430 3226 1500 βούλομαι
3252 1426 3538 1498 τηρεῖσθαι

1964 1522 2024 1574 τὸ
2062 1522 2200 1583 ἔθος.
2236 1521 2584 1592 Προσέρριψα
2623 1521 2680 1572 δὲ
2713 1520 2922 1589 ὥσπερ,
2952 1519 3071 1590 ἦτοι
3095 1519 3417 1589 προσρίπτω
3444 1519 3540 1571 καὶ

1965 1609 2025 1661 τὸ
2071 1627 2087 1659 ι
2126 1608 2381 1680 ένυστρον
2408 1610 2486 1671 είς
2507 1607 2575 1661 τὰ
2606 1607 2873 1677 πρόσωπα
2903 1606 3075 1676 ὑμῶν.
3117 1625 3135 1657 ι
3186 1606 3407 1676 Ἐπειδὴ
3428 1605 3537 1676 γὰρ

1966 1702 2290 1771 ἀτιμάζουσι
2326 1702 2478 1755 αὐτοὶ
2505 1703 2567 1754 τὸ
2602 1700 3003 1771 θυσιαστήριον,
3028 1699 3199 1770 ταύτῃ
3231 1717 3313 1751 τοι
3347 1699 3539 1769 «Σκορο

1967 1794 2093 1857 πιῶ,
2120 1814 2138 1843 ι
2194 1793 2347 1863 φησὶ,
2380 1788 2872 1861 οἷονάνθυόρίζων.
2917 1811 2934 1842 ι
2989 1793 3047 1843 '0
3095 1792 3204 1859 γὰρ
3248 1790 3537 1854 ὲξουδενῶν

296 1912 449 1948 usmn
478 1906 717 1950 vestrum
755 1896 1108 1961 observastis,
1158 1902 1477 1965 partemque
1528 1894 1680 1948 vobis
1729 1908 1858 1947 con-

1963 1901 2054 1955 με,
2080 1887 2236 1953 φησὶ,
2254 1882 2759 1952 ἐξουδενωθήσεται.
2776 1882 3163 1953 ι--ιΛήψομαι
3185 1883 3248 1952 δὴ
3281 1878 3375 1934 οῦν
3396 1883 3541 1951 ὑμᾶς

293 2000 502 2038 cessata
537 1985 848 2053 neutiquam
883 1986 1187 2055 relinquere
1213 1985 1634 2049 sustinuistis,et
1669 1999 1863 2053 super—

292 2088 591 2127 vacaneum
619 2076 771 2129 vobis
804 2075 1020 2129 videtur
1049 2074 1181 2129 vitia
1223 2075 1491 2144 inspicere
1512 2114 1527 2140 ,
1565 2082 1862 2143 propterea

293 2163 632 2232 cognoscetis
670 2164 853 2218 clausa
891 2178 1011 2218 esse
1054 2179 1217 2233 super
1245 2178 1340 2218 vos
1382 2164 1560 2217 ostia:
1610 2165 1711 2216 hoc
1756 2172 1861 2227 est,

294 2252 603 2321 sacerdotio
654 2267 752 2307 vos
789 2252 1039 2307 exclusos
1089 2262 1143 2307 et
1185 2252 1387 2320 eiectos
1424 2266 1565 2306 esse.
1597 2251 1862 2317 Quoniam

292 2358 390 2411 ego
416 2343 532 2397 dedi
573 2344 885 2397 mandatum
935 2343 1055 2408 hoc,
1114 2345 1229 2399 sive
1274 2353 1675 2407 testamentum,
1724 2345 1868 2410 quod

293 2436 533 2504 disposui
562 2436 628 2490 ad
686 2434 919 2492 Levitas.
967 2437 1105 2503 Quid
1158 2438 1326 2506 igitur
1376 2436 1542 2491 inde?
1574 2434 1865 2488 Sciendum

293 2535 375 2577 est
398 2525 761 2579 divininorum
787 2525 1036 2579 altarium
1080 2525 1345 2580 ministris
1386 2523 1690 2587 faciendum
1723 2523 1865 2591 quod

292 2615 405 2667 vult
445 2614 605 2681 Deus,
647 2616 813 2689 836
866 2625 923 2672 et
970 2617 1238 2672 mandatis
1288 2616 1573 2671 dominicis
1640 2614 1863 2685 postha-

292 2707 522 2760 hendum
559 2718 724 2775 atque
773 2709 1229 2762 contemnendum
1276 2722 1387 2776 pra:
1431 2706 1539 2760 illis
1601 2705 1857 2774 quidquid

291 2797 672 2865 alioqui.ipsis
701 2799 1041 2853 commodum
1076 2800 1311 2852 videtur.
1366 2798 1457 2851 Sic
1495 2798 1637 2852 enim
1686 2797 1857 2851 sancti

288 2898 448 2941 erunt
480 2902 760 2943 sacrorum
812 2890 1067 2955 ministri,
1114 2905 1213 2944 nec
1276 2890 1558 2958 pereuntia
1612 2889 1856 2959 diligent,

289 2991 388 3030 nec
409 2991 437 3030 a
468 2978 607 3047 turpi
645 2992 853 3049 quaestu
881 2981 1229 3055 transversim
1254 2992 1500 3050 agentur.

1966 1978 2045 2039 εἰς
2077 1976 2132 2028 τὸ
2156 1976 2307 2040 αὐτὸ,
2372 1995 2390 2026 ι
2445 1976 2712 2037 τουτέστι,
2760 1973 2987 2043 ὲναύτῴ
3043 1974 3107 2043 δὴ
3155 1975 3331 2043 τούτῳ
3381 1990 3538 2042 περιρ

1967 2068 2183 2136 έσομαι,
2217 2068 2309 2119 καὶ
2340 2066 2669 2129 ἀσεϐοῦντας
2714 2065 2936 2133 ἐλέγξω.
2989 2064 3128 2118 Ἀνθ’
3160 2067 3283 2118 ὅτου
3337 2065 3443 2135 γὰρ
3475 2065 3538 2133 δὴ

1964 2158 2057 2210 τὸν
2094 2157 2191 2225 μὲν
2219 2157 2311 2208 ἐπὶ
2343 2159 2455 2219 τοῖς
2485 2156 2824 2226 ἀφαιρέμασι
2877 2158 2990 2218 τοῖς
3014 2155 3167 2225 ὑμῶν
3199 2156 3537 2226 τετηρήκατε

1965 2251 2148 2318 νόμον,
2173 2250 2267 2301 καὶ
2305 2249 2404 2317 τῆς
2436 2248 2681 2316 δοθείσης
2736 2249 2863 2317 ὑμῖν
2912 2249 3126 2318 μερίδος
3176 2249 3297 2300 κατ’
3352 2246 3538 2299 οὐδένα

1963 2338 2162 2409 τρόπον
2216 2336 2475 2407 ἀνέχεσθε
2522 2337 3008 2408 καταρῤᾳθυμείν,
3057 2340 3261 2390 εἰκαῖον
3310 2337 3365 2390 δὲ
3410 2338 3538 2406 ὑμῖν

1964 2432 2110 2485 δοκεί
2170 2432 2231 2484 τὸ
2281 2432 2477 2500 χρῆναι
2530 2432 2955 2500 μωμοσκοπεῖν,
3007 2430 3278 2497 γνώσεσθε
3329 2429 3391 2498 δὴ
3446 2425 3540 2482 οὖν

1965 2522 2361 2590 κεκλεισμένων
2410 2522 2495 2589 ἐφ’
2544 2522 2672 2589 ὑμῖν
2729 2520 2837 2573 τῶν
2892 2518 3091 2589 θυρῶν,
3151 2519 3417 2580 τουτέστι,
3450 2520 3540 2571 ὲκ-

1962 2616 2268 2684 κλειόμενοί
2299 2633 2356 2668 τε
2393 2617 2486 2668 καὶ
2514 2614 2921 2685 ἐκπεμπόμενοι
2958 2617 3057 2683 τῆς
3090 2613 3398 2684 ἱερουργίας
3438 2612 3537 2681 (1).

1967 2708 2088 2760 Ὀτι
2114 2706 2223 2774 ἐγὼ
2256 2706 2465 2759 δέδωκα
2487 2708 2586 2776 τὴν
2615 2706 2832 2775 ἐντολὴν
2871 2707 3096 2775 ταύτην,
3118 2707 3237 2776 ἢτοι
3270 2706 3370 2775 τὴν
3419 2704 3537 2756 διά-

1966 2797 2137 2861 θεσιν,
2166 2797 2232 2867 ἢν
2265 2797 2519 2867 διεθέμην
2555 2797 2692 2866 πρὸς
2754 2798 2880 2860 τοὺς
2925 2797 3176 2859 Λευίτας.
3226 2796 3291 2848 Τί
3334 2791 3426 2848 οὖν
3478 2793 3540 2845 τὸ

1963 2887 2245 2952 ὲντεῦθεν;
2274 2887 2483 2940 Εἰδέναι
2515 2888 2780 2956 προσήκει
2807 2888 2931 2949 τοὺς
2963 2891 3072 2950 τοῖς
3106 2886 3269 2949 θείοις
3295 2886 3537 2951 λειτουρ-

1964 2977 2195 3045 γοῦντας
2215 2976 2638 3046 θυσιαστηρίοις,
2671 2977 2701 3029 ὅ
2720 2995 2771 3029 τι
2800 2976 2859 3029 τὸ
2881 2977 2997 3047 Θεῷ
3050 2977 3239 3030 δοκοῦν
3293 2976 3537 3045 ἐκπράτ-

285 3064 474 3118 τεσθαι
521 3065 661 3137 χρὴ,
716 3068 811 3119 καὶ
862 3067 971 3120 τῶν
1022 3068 1370 3121 Δεσποτικῶν
1455 3066 1893 3139 προσταγμάτων
1955 3065 2262 3137 ῥιπτεῖσθαι
2333 3068 2562 3118 κατόπιν
2625 3068 2770 3128 πᾶν,
2826 3067 2962 3138 ὅπερ
3023 3068 3219 3130 αὐτοὺς
3290 3066 3521 3135 ὠφελεῖν

288 3159 489 3229 ἑτέρως
532 3158 699 3212 δοκεῖ.
766 3160 925 3230 Ἰεροὶ
998 3161 1108 3234 γὰρ
1154 3160 1329 3225 οὕτως
1355 3160 1567 3215 ἔσονται
1597 3157 1921 3229 λειτουργοὶ,
1969 3160 2063 3214 καὶ
2097 3159 2215 3227 οὐχὶ
2242 3158 2349 3211 τῶν
2398 3158 2748 3230 προσκαίρων
2798 3160 3045 3228 ἐρασταὶ,
3091 3160 3184 3214 καὶ
3234 3159 3538 3231 λημμάτων

286 3254 527 3324 αἰσχρῶν
556 3255 877 3327 ἡττώμενοι.

362 3368 521 3424 Vens.
560 3370 614 3426 5.
652 3369 1037 3426 Testamentum
1068 3389 1238 3427 meum
1280 3372 1382 3442 fuit
1417 3389 1533 3427 cum
1560 3389 1618 3427 eo
1653 3374 1765 3427 vita:
1804 3382 1847 3423 et
1879 3361 1920 3417 C

285 3462 454 3527 pacis.

360 3571 547 3630 XVIII.
589 3572 855 3646 Loquitur
889 3577 955 3634 de
1001 3577 1067 3634 iis
1100 3581 1191 3648 qui
1225 3589 1409 3635 sancte
1444 3590 1496 3635 et
1530 3595 1654 3634 cum
1704 3580 1861 3635 laude

288 3669 646 3723 sacerdotium
700 3681 882 3736 erunt,
917 3672 1156 3742 illudque
1197 3689 1309 3728 rem
1366 3689 1485 3729 esse
1522 3687 1649 3727 vere
1690 3674 1860 3727 admi-

289 3760 509 3814 rabilem
538 3764 791 3827 ostendit,
823 3765 965 3833 quod
1006 3765 1221 3833 quidem
1252 3765 1321 3819 ad
1351 3765 1549 3835 legem,
1586 3775 1640 3819 et
1678 3766 1742 3819 ad
1778 3767 1859 3819 di-

286 3851 531 3905 vinarum
568 3854 968 3921 Scripturarum
1012 3854 1241 3909 fructum
1284 3856 1859 3922 confirtnatiouemque

288 3943 539 4009 pertinet.
568 3944 726 4010 Nam,
746 3947 1079 4015 utsapienter
1094 3947 1282 4003 scribit
1302 3949 1496 4004 Paulus
1524 3970 1537 4005 ε
1562 3968 1582 4001 ι
1604 3949 1712 4004 Lex
1730 3966 1857 4005 sau—

284 4044 393 4100 cta,
420 4044 471 4088 et
493 4038 797 4090 mandatum
822 4046 1067 4092 sanctum
1090 4078 1104 4104 ,
1126 4048 1179 4093 et
1202 4038 1427 4107 justum,
1451 4052 1504 4095 et
1526 4045 1724 4096 bonum
1743 4045 1811 4092 θ’.
1833 4062 1850 4093 ι

284 4126 510 4191 Quando
532 4128 695 4197 igitur
724 4129 894 4183 visum
914 4131 1078 4184 estde
1097 4130 1223 4185 Levi
1242 4135 1406 4187 verba
1442 4132 1644 4199 facere,
1664 4149 1856 4189 sensus

284 4223 682 4284 percommode,
717 4222 874 4290 plane
905 4240 1007 4278 non
1042 4226 1106 4279 ad
1138 4226 1287 4278 illum
1320 4226 1407 4295 qui
1444 4224 1693 4279 exJacob
1725 4239 1855 4291 pro~

284 4312 520 4375 genitus,
556 4322 609 4366 et
642 4314 783 4367 inter
813 4316 1092 4371 duodecim
1133 4317 1271 4371 filios
1296 4316 1412 4385 ejus
1438 4316 1852 4379 numerabatur,

282 4404 598 4459 referendus
641 4408 873 4477 est,jam
910 4410 1052 4462 enim
1085 4411 1173 4478 qui
1206 4410 1511 4465 sacerdotio
1563 4408 1854 4477 fungantur

281 4497 347 4549 de
377 4496 579 4552 familia
616 4497 739 4552 Levi
783 4500 913 4554 nulli
951 4511 1077 4555 sunt
1121 4502 1385 4567 omnino;
1446 4501 1850 4569 intelligendum

280 4598 459 4641 autem
506 4590 889 4655 sacerdotium,
924 4605 979 4647 et
1039 4593 1139 4646 hoc
1186 4592 1359 4660 ipsum
1406 4594 1545 4660 quod
1580 4603 1664 4646 est
1698 4608 1850 4647 sacra

282 4680 459 4734 facere
514 4682 565 4735 in
623 4698 849 4751 persona
910 4684 1034 4738 Levi
1087 4684 1485 4752 quodammodo
1536 4685 1844 4754 figuratum.
1880 4699 1925 4752 ι)

282 4791 300 4820 ι
339 4770 460 4825 Fuit
489 4774 668 4841 igitur,
700 4774 897 4844 inquit,
928 4776 993 4829 ad
1028 4776 1200 4843 ipsum
1242 4785 1618 4830 testamentum
1669 4793 1844 4832 meum

283 4864 400 4917 sine
451 4875 505 4917 ct
541 4867 708 4933 pacis.
756 4886 774 4918 ι
814 4866 1097 4935 PrOpOsita
1155 4878 1237 4922 est
1284 4869 1426 4922 enim
1476 4870 1653 4924 verbis
1712 4870 1842 4925 Mosi

278 4958 617 5012 sanctissimo
647 4958 729 5013 lex
755 4960 955 5027 scripta
995 4960 1240 5014 ordinata
1270 4976 1367 5030 per
1408 4963 1625 5031 angelos
1651 4963 1716 5026 ⁸³,
1752 4978 1846 5031 per

274 5044 457 5100 Mosen
498 5060 676 5104 autem
705 5051 875 5118 posita
914 5050 1192 5115 lsraelitis,
1239 5054 1426 5116 vitam,
1464 5064 1517 5107 et
1556 5070 1742 5121 pacem
1783 5055 1847 5109 iis

275 5138 367 5202 qui
402 5140 716 5210 innocenter
747 5142 930 5196 vivere
959 5152 1013 5196 et
1042 5142 1365 5213 legislatoris
1396 5145 1730 5200 voluntatem
1751 5161 1845 5215 pro

278 5228 456 5298 regula
491 5232 591 5285 sibi
618 5247 917 5301 proponere
947 5233 1166 5298 vellent,
1206 5236 1553 5313 annuntians.

398 5567 435 5587 ε.»
470 5564 480 5609 ι
514 5559 640 5627 "pg,
674 5577 731 5623 ιι,
766 5559 855 5617 5t),
962 5561 1007 5594 ν’
1042 5563 1196 5619 Rom.
1220 5581 1313 5631 vit,
1351 5566 1435 5620 12.

344 5746 418 5811 (ll
447 5746 594 5799 Hunc
625 5747 796 5802 locum
822 5749 1054 5804 fortasse
1087 5751 1155 5805 ita
1181 5752 1377 5805 rectius
1408 5753 1548 5813 legas
1574 5772 1584 5805 :
1612 5752 1830 5805 Κεκλεια

275 5817 473 5886 σμένας
520 5818 601 5886 ἐφ’
629 5818 760 5890 ὑμῖν
795 5822 887 5883 τὰς
918 5820 1106 5890 θύρας,
1140 5822 1283 5889 ὑμᾶς
1325 5823 1378 5873 δὲ
1415 5823 1829 5892 ἐκκλεοομένους

2037 3366 2104 3418 Ἠ
2132 3362 2386 3430 διαθήκη
2436 3382 2554 3431 μου
2602 3360 2681 3434 ἦν
2703 3367 2829 3433 μετ’
2874 3365 3057 3418 αὺτοῦ
3092 3366 3202 3433 τῆς
3256 3366 3403 3435 ζωῆς
3438 3370 3533 3422 καί

1962 3456 2071 3525 τῆς
2100 3456 2365 3524 εἰρήνηςο

2034 3571 2142 3622 IH'.
2193 3567 2537 3639 ’Λνακομίζει
2569 3570 2663 3622 τὸν
2685 3570 2841 3637 λόγον
2868 3571 2957 3621 ἐπὶ
2983 3572 3107 3633 τοὺς
3141 3572 3328 3639 ἁγίους
3349 3590 3405 3624 τε
3435 3575 3529 3627 καὶ

1960 3662 2261 3732 εὐδοκίμως
2329 3660 2765 3732 ίερατεύσαντας,
2802 3661 2893 3714 καὶ
2950 3660 3275 3729 ἁξιάγαστον
3318 3663 3533 3733 ἀληθῶς

1959 3752 2249 3821 ἀποφαίνει
2274 3752 2459 3822 χρῆμα
2504 3753 2601 3820 τὴν
2649 3752 2979 3821 ἱερουργίαν,
3043 3752 3100 3804 τό
3151 3768 3212 3818 γε
3266 3746 3398 3824 ἧκον
3454 3756 3534 3817 είς

1959 3844 2121 3912 νόμον
2145 3844 2237 3896 καὶ
2266 3845 2363 3913 τὴν
2397 3845 2459 3895 ἐκ
2485 3844 2593 3896 τῶν
2624 3842 2781 3895 θείων
2810 3843 3109 3912 χρησμῳδη
3120 3844 3303 3912 μάτων
3342 3845 3531 3915 δνησιν

1960 3935 2053 3986 καὶ
2086 3934 2402 4002 ἀσφάλειαν.
2464 3935 2555 3997 Ὠς
2581 3934 2689 4004 γὰρ
2717 3936 2744 3986 ὁ
2795 3935 3102 4002 σοφώτατος
3145 3936 3342 4006 γράφει
3382 3936 3531 3989 Παῦ-

1956 4024 2065 4086 λο;’
2100 4043 2117 4074 ι
2168 4026 2224 4077 ’0
2252 4026 2413 4095 νόμος
2463 4026 2635 4094 ἅγιος,
2694 4026 2787 4079 καὶ
2822 4029 2853 4096 ἠ
2886 4026 3077 4097 ἐντολὴ
3127 4027 3279 4094 ἁγία,
3309 4028 3402 4080 καὶ
3451 4029 3530 4081 διο

1956 4115 2104 4181 καία,
2141 4118 2235 4168 καὶ
2292 4116 2492 4186 ἀγαθή.
2550 4136 2568 4167 ι
2620 4108 2788 4171 Ὅταν
2840 4117 3017 4170 τοίνυν
3078 4118 3224 4171 δοκεῖ
3278 4119 3408 4187 περὶ
3439 4118 3531 4173 τοῦ

1955 4208 2085 4260 Λευὶ
2113 4208 2379 4260 ποιεῖσθαι
2407 4208 2533 4271 τοὺς
2570 4209 2782 4276 λόγους,
2832 4209 3115 4263 ἀναθετέον
3160 4207 3218 4263 εὖ
3248 4212 3389 4279 μάλα
3421 4212 3529 4263 τῶν

1954 4298 2240 4370 νοημάτων
2302 4299 2399 4369 τὴν
2449 4300 2709 4372 δύναμιν,
2769 4302 2888 4371 οὐχὶ
2937 4303 2998 4373 δή
3041 4319 3142 4356 που
3198 4304 3410 4365 πάντως
3441 4305 3528 4355 ἐπ’

1956 4392 2160 4443 ἐκεῖνον
2189 4390 2246 4453 ὃς
2280 4392 2446 4460 ἀνέφυ
2478 4393 2574 4461 μὲν
2606 4393 2663 4456 ἐξ
2709 4394 2920 4458 Ἰακὼϐ,
2956 4397 3267 4466 ἐναρίθμιος
3310 4398 3364 4449 δὲ
3414 4400 3527 4459 τοῖς

1953 4480 2271 4534 δυοκαίδεκα
2294 4483 2511 4550 γέγονεν
2544 4485 2698 4545 υίοῖςο
2732 4485 2790 4537 οὐ
2840 4488 2946 4556 γὰρ
2981 4487 3345 4556 ἱερατεύουσιν
3370 4490 3524 4552 ὅλως·

1956 4573 2256 4642 συνήσομεν
2286 4574 2341 4626 δὲ
2364 4577 2461 4644 τῆς
2484 4574 2781 4645 ἱερωσύνης
2806 4577 2865 4628 τὸ
2887 4578 3092 4647 χρῆμα,
3113 4580 3205 4631 καὶ
3227 4580 3356 4633 αὐτὸ
3372 4581 3527 4633 τοῦτο

1952 4663 2088 4733 ὅπερ
2110 4665 2252 4717 ἐστὶν
2279 4665 2558 4735 ἱερουργία
2595 4669 2869 4737 μονονουχὶ
2919 4670 3012 4721 καὶ
3062 4669 3526 4740 διαμορφοῦμενον

1954 4756 2028 4819 ὼς
2062 4759 2116 4810 ὲν
2150 4758 2422 4829 προσώπῳ
2451 4760 2600 4814 Λευί.
2643 4779 2659 4811 ι
2688 4757 2794 4814 ’Ἦν
2829 4762 3023 4827 τοίνυν,
3080 4765 3231 4833 φησι,
3268 4765 3401 4834 πρὸς
3433 4766 3526 4817 αὑ-

1953 4848 2044 4900 τὸν
2074 4851 2104 4918 ἡ
2130 4848 2367 4911 διάθεσίς
2403 4868 2502 4920 μου
2535 4851 2634 4921 τῆς
2663 4852 2807 4921 ζωῆς
2828 4853 2919 4906 καὶ
2945 4855 3043 4925 τῆς
3073 4857 3312 4925 εἰρήνης.
3356 4875 3373 4906 ι
3425 4856 3523 4909 Λε-

1953 4938 2180 5009 λάληται
2217 4942 2314 5011 μὲν
2343 4944 2448 5014 γὰρ
2476 4943 2549 5007 ὡς
2578 4944 2710 5015 πρὸς
2746 4945 2945 4998 Μωσέο.
2980 4946 3069 4999 τὸν
3102 4947 3389 5015 ἱερώτατον
3422 4950 3449 5001 ὁ
3469 4950 3525 5001 ἐν

1952 5028 2237 5099 γράμμασι
2270 5032 2451 5102 νόμος,
2486 5033 2820 5102 διακονηθεὶς
2877 5035 2942 5088 δι’
2975 5036 3237 5103 ἀγγέλων,
3291 5037 3522 5091 τέθειται

1951 5117 2005 5169 δὲ
2039 5119 2127 5173 διὰ
2154 5121 2377 5192 μεσίτην
2408 5124 2609 5176 Μωσέα
2640 5126 2749 5187 τοῖς
2793 5125 2850 5188 ἐξ
2873 5126 3100 5195 αἵματος
3143 5129 3375 5198 Ἰσραὴλ,
3419 5147 3521 5184 πα-

1956 5211 2245 5276 ραγγελίαν
2306 5211 2443 5281 ἕχων
2500 5213 2644 5284 ζωῆς
2696 5216 2788 5267 καὶ
2845 5217 3067 5288 εἰρήνης
3120 5220 3232 5281 τοῖς
3280 5220 3521 5273 ἐθέλουσι

1952 5302 2099 5371 βιοῦν
2131 5303 2304 5373 ὀρθῶς
2340 5305 2429 5357 καὶ
2456 5307 2652 5359 κανόνα
2696 5308 2962 5362 ποιεῖσθαι
3013 5310 3111 5379 τῆς
3148 5308 3352 5363 ἑαυτῶν
3378 5310 3521 5381 ζωῆς

1946 5393 2006 5446 τὸ
2036 5394 2111 5465 τῷ
2140 5395 2402 5469 νομοθέτῃ
2428 5398 2635 5453 δοκοῦν.

1512 5568 1557 5599 ’³
1582 5568 1754 5622 Galat.
1786 5583 1865 5633 nt,
1899 5568 1979 5622 l9.

1940 5754 2117 5874 ἷῗόκαὶ
2141 5754 2592 5825 ἐκπεμπομένους
2620 5758 2713 5827 τῆς
2744 5760 3072 5832 ἱερουργίας
3100 5772 3150 5817 cl
3172 5765 3237 5818 ita
3268 5781 3364 5820 nos
3398 5766 3512 5822 red‘

1942 5840 1952 5873 t
2038 5839 2190 5874 tutus.

1942 5839 2190 5879 IIIOIIIIUS.
