3934 6318
305 415 413 474 ’50⁵1

1298 419 1353 475 S.
1397 416 1683 474 CYlllLLl'
1711 417 2176 475 ALEXANDRINI
2216 417 2535 476 AltCHlEP.

3441 414 3541 473 5M

308 521 589 604 explorare
615 534 743 588 vitia
765 550 870 588 non
889 533 1172 597 curabant,
1193 539 1248 586 et
1270 533 1582 586 mandatum
1613 535 1677 586 de
1697 534 1863 601 aphae-

1979 533 2126 602 θυμα
2164 534 2237 604 μὴ
2269 530 2734 604 προσκομίζεσθαι
2772 530 2849 602 τῷ
2878 527 3269 601 θυσιαστηρίῳ,
3305 525 3400 582 καὶ
3433 532 3540 592 τοῖς

306 626 525 679 retuatis
552 640 669 694 qua:
701 635 960 679 vocantur
984 623 1196 678 irritum
1235 624 1527 686 faciebant,
1557 635 1609 678 et
1638 638 1740 677 non
1760 623 1868 692 jam

303 717 446 786 quod
472 718 600 783 Deo,
631 719 722 771 sed
754 720 897 786 quod
940 718 1217 787 cupiditati
1266 733 1375 772 sure
1422 718 1687 771 arrideret
1731 733 1872 786 pra:-

303 820 528 875 stantes,
569 809 898 864 stabilieutes
930 815 983 863 ct
1002 819 1315 872 constanter
1340 809 1614 864 observari
1645 810 1870 862 studen-

304 910 403 962 tes,
455 913 591 968 quas
639 898 739 952 sibi
788 899 1182 953 commodiores
1247 898 1512 966 putabant
1574 898 1868 951 hostiarum

249 968 261 1000 ”
301 981 494 1042 carnes
531 988 820 1058 eligebant.
853 988 995 1043 Istud
1035 990 1086 1043 in
1125 989 1598 1057 reprehensionem
1628 989 1869 1051 adducit,

300 1090 354 1133 et
379 1081 490 1134 ait:
535 1099 554 1132 ι
585 1081 720 1135 Ecce
749 1096 846 1150 ego
872 1095 1066 1150 separo
1090 1081 1242 1134 vobis
1266 1080 1570 1134 humerum.
1611 1098 1629 1131 ι
1671 1081 1869 1145 Separo

301 1173 498 1239 posuit,
528 1187 648 1241 pro,
684 1174 941 1240 separavi,
975 1182 1028 1226 et
1054 1173 1230 1227 denuo
1263 1171 1383 1225 volo
1411 1171 1616 1224 servari
1643 1184 1869 1224 consue-

305 1265 563 1318 tudinem.
602 1263 953 1334 Superadjeci
994 1266 1171 1334 quasi,
1227 1265 1340 1317 sive
1382 1263 1580 1331 adjicio
1614 1280 1633 1312 ι
1666 1262 1869 1314 ventri-

300 1353 480 1405 culum
507 1367 724 1421 quoque
753 1353 806 1405 in
833 1351 998 1408 facies
1025 1361 1253 1409 vestras.
1278 1371 1294 1403 ι
1317 1354 1580 1418 Quoniam
1601 1353 1740 1405 enim
1770 1352 1868 1419 ipsi

301 1444 626 1503 dedecorant
645 1445 832 1509 altare,
855 1445 974 1498 ideo
998 1443 1140 1499 Deus
1160 1445 1310 1508 dicit,
1341 1443 1732 1511 «dispergam,»
1762 1442 1870 1492 velo

300 1543 359 1586 ut
409 1548 505 1601 par
542 1534 657 1603 pari
722 1533 982 1588 referens.
1034 1553 1054 1586 ι
1092 1533 1193 1600 Qui
1245 1535 1387 1587 enim
1437 1548 1524 1586 me
1573 1531 1870 1586 contemnit

300 1635 676 1680 contemnelur
704 1626 774 1678 ".
829 1644 849 1678 ι
871 1655 941 1667 --
961 1643 979 1676 ι
1019 1625 1320 1694 Suscipiam
1356 1626 1535 1692 itaque
1565 1638 1660 1676 vos
1689 1624 1742 1675 in
1784 1623 1868 1675 id-

299 1716 475 1783 ipsum
503 1733 517 1770 :
553 1733 572 1767 ι
601 1716 704 1770 hoc
730 1724 832 1782 est,
859 1716 913 1770 in
954 1717 1055 1770 hoc
1076 1718 1194 1784 ipso
1226 1715 1474 1785 superior
1508 1715 1657 1778 ﬁam,
1690 1722 1743 1768 et
1768 1714 1870 1766 im-

301 1807 419 1870 pios
456 1807 797 1875 redarguam.
828 1805 966 1871 Quia
1001 1806 1146 1860 enim
1171 1807 1343 1876 legem
1376 1807 1443 1860 de
1480 1804 1777 1874 seligendis
1803 1803 1868 1856 ad

1971 625 2325 693 τεταγμένοις
2363 626 2442 686 εἰς
2477 623 2783 694 ἱερουργίαν
2815 621 2884 675 τὰ
2909 620 3018 674 τῶν
3062 621 3317 690 θυμάτων
3347 620 3541 690 ἀφορί-

1972 713 2155 777 ζεσθαι
2190 715 2351 786 μέρη,
2375 713 2760 785 κατημέλησαν
2788 713 2887 782 μὲν
2915 711 3006 766 τοῦ
3029 711 3226 782 χρῆναι
3259 727 3544 780 μωμοσκο-

1972 807 2112 869 πεῖν,
2167 804 2466 874 ητεθήκασι
2523 803 2577 856 δὲ
2630 802 2727 872 τὴν
2761 802 2980 871 ἐντολὴν
3034 801 3144 855 τῶν
3192 799 3544 868 καλουμένων

1970 893 2385 964 ἀφαιρεμάτων,
2435 893 2496 944 οὐ
2553 891 2647 943 τοῦ
2699 891 2835 944 Θεοῦ
2874 890 3071 962 μᾶλλον
3121 889 3218 960 ἡδὺ
3251 889 3360 940 τῶν
3400 887 3544 940 ἰδίων

1971 981 2300 1051 πράττοντες
2324 980 2449 1050 θελη
2460 981 2664 1049 μάτων,
2695 978 3049 1050 κρατύνοντές
3077 995 3134 1030 τε
3157 978 3250 1031 καὶ
3278 975 3543 1044 ἐμπεδοῦν

1973 1071 2380 1135 σπουδάζοντες,
2414 1071 2558 1142 ἅπερ
2583 1053 2780 1134 αὖτοὺς
2803 1070 3031 1138 ὠφελεῖν
3049 1069 3225 1122 ἐδόκει
3251 1068 3320 1122 τὰ
3348 1070 3412 1120 ὲκ
3435 1068 3542 1119 τῶν

1971 1165 2227 1234 θυμάτων
2255 1163 2664 1233 συναγείροντες
2709 1161 2865 1234 κρέα.
2892 1160 3062 1213 Τοῦτο
3114 1159 3348 1228 παράγει
3409 1157 3540 1226 πρὸς

1971 1255 2210 1325 ἔλεγχον,
2241 1254 2332 1306 καί
2363 1269 2545 1322 φησιν·
2613 1272 2632 1304 ι
2683 1253 2811 1305 Ἰδοὺ
2845 1251 2956 1320 ἐγὼ
2997 1251 3242 1320 ἀφορίζω
3296 1251 3424 1317 ὑμῖν
3454 1250 3544 1301 τὸν

1970 1341 2137 1415 ὦμον.
2173 1364 2190 1396 ι
2244 1346 2318 1397 Τὸ
2363 1343 2438 1406 δὲ,
2471 1343 2744 1411 ἀρορίζω,
2805 1342 2899 1396 νῦν
2951 1342 3198 1395 τέθεικεν
3255 1341 3375 1393 ἀντὶ
3423 1339 3539 1403 τοῦ,

1983 1436 2261 1505 Ἀφὼρισά
2280 1451 2340 1488 τε
2369 1437 2488 1506 ἥδη,
2525 1436 2619 1488 καὶ
2655 1438 2732 1498 είς
2760 1435 2920 1504 δεῦρο
2972 1433 3231 1503 βούλομαι
3257 1430 3543 1503 τηρεῖσθαι

1969 1525 2028 1577 τὸ
2067 1525 2205 1586 ἔθος.
2241 1525 2590 1596 Προσέρῤιψα
2629 1524 2685 1576 δὲ
2718 1523 2928 1593 ὥσπερ,
2957 1523 3077 1594 ἦτοι
3101 1523 3422 1593 προσρίπτω
3450 1523 3544 1576 καὶ

1969 1612 2030 1664 τὸ
2077 1631 2092 1661 ι
2131 1611 2386 1683 ἐνυστρον
2413 1613 2490 1674 είς
2511 1610 2580 1664 τὰ
2611 1611 2879 1681 πρόσωπα
2908 1609 3081 1680 ὑμῶν.
3122 1629 3140 1662 ι
3192 1609 3412 1680 Ἐπειδὴ
3433 1609 3542 1680 γὰρ

1970 1705 2295 1773 ἀτιμάζουσι
2331 1705 2484 1759 αὐτοὶ
2510 1706 2572 1758 τὸ
2607 1703 3009 1774 θυσιαστήριον,
3034 1703 3204 1774 ταύτῃ
3236 1720 3318 1756 τοι
3352 1704 3543 1772 «Σκορ-

1971 1795 2098 1859 πιῶ,
2125 1817 2143 1846 ι
2199 1797 2352 1866 φησι,
2384 1791 2878 1865 οἶονάνθυδρίζων.
2921 1815 2939 1846 ι
2994 1797 3052 1848 '0
3100 1795 3209 1863 γὰρ
3252 1795 3542 1858 ἐξουδενῶν

301 1913 454 1950 usum
483 1907 722 1952 vestrum
760 1897 1114 1964 observastis,
1163 1904 1483 1967 partemque
1533 1896 1685 1950 vobis
1734 1911 1863 1949 cou-

1968 1904 2059 1958 με,
2085 1890 2241 1956 φησι,
2258 1886 2764 1956 ἐξουδενωθήσεται.
2781 1886 3168 1957 ι--ιΛήψομαι
3190 1887 3253 1956 δὴ
3285 1882 3380 1938 οὖν
3401 1886 3544 1955 ὑμᾶς

298 2001 508 2039 ccssam
542 1987 853 2054 neutiquam
888 1988 1192 2057 relinquere
1217 1987 1640 2052 sustinuistis,et
1674 2001 1868 2056 snper—

297 2089 597 2129 vacaneum
625 2077 776 2131 vobis
809 2077 1024 2132 videtur
1054 2075 1186 2131 vitia
1227 2077 1496 2147 inspicere
1517 2116 1532 2143 ,
1570 2085 1868 2145 propterea

298 2165 637 2233 cognoscetis
674 2165 858 2220 clausa
895 2180 1016 2220 esse
1059 2181 1222 2236 super
1249 2181 1346 2221 vos
1387 2166 1565 2220 ostia:
1614 2167 1716 2218 hoc
1761 2175 1866 2230 est,

298 2253 608 2323 sacerdOtio
658 2268 756 2309 vos
793 2254 1043 2310 exclusos
1094 2264 1147 2309 et
1189 2254 1392 2323 eiectos
1428 2269 1570 2308 esse.
1601 2253 1868 2320 Quoniam

297 2359 396 2413 ego
420 2344 538 2398 dedi
577 2346 889 2400 mandatum
939 2346 1060 2411 hoc,
1118 2348 1233 2402 sive
1277 2355 1680 2410 testamentum,
1728 2347 1873 2413 quod

297 2437 538 2506 disposui
566 2438 633 2492 ad
689 2437 924 2494 Levitas.
971 2439 1109 2506 Quid
1162 2441 1330 2509 igitur
1381 2438 1548 2494 inde?
1579 2437 1870 2492 Sciendum

298 2536 380 2578 est
403 2528 766 2581 diviuinorum
791 2527 1040 2582 altarium
1085 2528 1350 2584 ministris
1389 2526 1695 2591 faciendum
1728 2527 1870 2594 quod

296 2617 410 2670 vult
450 2615 610 2683 Deus,
651 2618 818 2691 836
870 2627 926 2674 et
973 2621 1242 2674 mandatis
1292 2619 1578 2674 dominicis
1644 2617 1868 2688 postha-

296 2709 527 2761 hcndum
564 2719 728 2778 atque
777 2711 1233 2765 contemnendum
1280 2725 1392 2779 prae
1435 2709 1543 2764 illis
1605 2708 1862 2777 quidquid

294 2798 677 2866 alioquijpsis
705 2801 1045 2855 commodum
1079 2802 1315 2855 videtur.
1370 2801 1461 2854 Sic
1499 2801 1641 2856 enim
1689 2800 1862 2854 sancti

292 2900 453 2942 erunt
484 2903 764 2944 sacrorum
815 2892 1071 2957 ministri,
1118 2907 1217 2946 nec
1280 2893 1561 2961 pereuntia
1615 2891 1860 2961 diligent,

293 2993 392 3032 nec
413 2993 442 3032 a
472 2980 612 3048 turpi
649 2993 857 3050 quaestu
885 2984 1232 3057 transversim
1257 2995 1504 3052 agentur.

1971 1980 2050 2041 εἰς
2081 1979 2137 2031 τὸ
2161 1979 2311 2044 αὐτὸ,
2377 1998 2395 2030 ι
2449 1978 2717 2041 τουτέστι,
2765 1979 2822 2029 ὲν
2845 1977 2992 2048 αὑτῷ
3048 1977 3112 2046 δὴ
3160 1978 3336 2048 τούτῳ
3386 1994 3542 2046 περι-

1971 2070 2188 2139 έσομαι,
2222 2071 2314 2122 καὶ
2345 2069 2674 2132 ἀσεϐοῦντας
2718 2068 2940 2138 ἐλέγξω.
2995 2069 3133 2122 Ἀνθ’
3165 2070 3288 2122 ὅτου
3341 2069 3448 2140 γὰρ
3480 2068 3542 2137 δὴ

1968 2161 2062 2212 τὸν
2099 2160 2196 2228 μὲν
2223 2160 2316 2212 ἐπὶ
2347 2163 2459 2222 τοῖς
2489 2159 2829 2230 ἀφαιρέμασι
2881 2161 2994 2222 τοῖς
3019 2159 3172 2228 ὑμῶν
3203 2160 3542 2230 τετηρήκατε

1970 2253 2272 2322 νόμον,κα“ι
2309 2252 2409 2322 τῆς
2440 2251 2686 2320 δοθείσης
2740 2253 2868 2321 ὑμῖν
2917 2251 3132 2322 μερίδος
3180 2251 3302 2304 κατ’
3357 2250 3542 2303 οὐδένα

1968 2341 2167 2412 τρόπον
2221 2339 2480 2410 ἀνέχεσθε
2526 2340 3012 2412 καταρρᾳθυμεῖν,
3061 2343 3266 2394 εἰκαῖον
3315 2341 3370 2394 δὲ
3415 2343 3542 2410 ὑμῖν

1969 2434 2115 2488 δοκεῖ
2175 2434 2236 2487 τὸ
2285 2435 2482 2504 χρῆναι
2535 2436 2960 2504 μωμοσκοπεῖν,
3012 2433 3282 2502 γνώσεσθε
3333 2433 3396 2503 δὴ
3450 2429 3544 2486 οὖν

1970 2524 2365 2594 κεκλεισμένων
2415 2525 2500 2592 ἐφ’
2549 2525 2676 2592 ὑμῖν
2733 2523 2842 2577 τῶν
2895 2522 3096 2593 θυρῶν,
3155 2524 3422 2585 τουτέστι,
3455 2525 3543 2576 ὲκ-

1967 2619 2272 2687 κλειόμενοί
2303 2637 2361 2671 τε
2397 2620 2491 2672 καὶ
2519 2618 2926 2688 ἐκπεμπόμενοι
2962 2621 3061 2687 τῆς
3094 2617 3403 2688 ἱερουργίας
3443 2615 3542 2685 (1).

1972 2711 2093 2763 Ὀτι
2118 2709 2228 2777 ἐγὼ
2261 2710 2470 2762 δέδωκα
2491 2711 2591 2779 τὴν
2619 2709 2837 2779 ἐντολὴν
2875 2710 3101 2779 ταύτην,
3123 2710 3242 2780 ἦτοι
3274 2709 3375 2779 τὴν
3424 2707 3540 2761 διά-

1970 2801 2142 2865 θεσιν,
2170 2800 2236 2870 ἠν
2269 2801 2524 2870 διεθέμην
2559 2800 2696 2870 πρὸς
2732 2801 2885 2863 τοὺς
2928 2801 3180 2864 Λευίτας.
3231 2800 3296 2852 Τί
3339 2795 3430 2852 οῦν
3482 2797 3542 2850 τὸ

1967 2890 2250 2954 ὲντεῦθεν;
2279 2891 2488 2942 Εἱδέναι
2518 2891 2784 2960 προσήκει
2811 2891 2936 2953 τοὺς
2967 2895 3076 2953 τοῖς
3110 2890 3274 2952 θείοις
3300 2889 3541 2956 λειτουρ-

1970 2980 2200 3048 γοῦντας
2219 2979 2643 3049 θυσιαστηρίοις,
2675 2980 2705 3032 ὃ
2723 2999 2775 3033 τι
2803 2980 2863 3032 τὸ
2885 2981 3000 3051 Θεῷ
3054 2981 3244 3034 δοκοῦν
3297 2980 3540 3049 ἐκπράτ-

289 3065 479 3120 τεσθαι
525 3067 666 3138 χρὴ,
719 3069 814 3122 καὶ
866 3069 975 3122 τῶν
1025 3071 1373 3124 Δεσποτικῶν
1459 3068 1898 3142 προσταγμάτων
1959 3068 2267 3139 ῥιπτεῖσθαι
2337 3071 2567 3122 κατόπιν
2629 3071 2773 3132 πᾶν,
2830 3070 2966 3142 ὅπερ
3027 3072 3224 3134 αὐτοὺς
3295 3069 3524 3140 ὠφελεῖν

291 3161 494 3231 ἑτέρως
537 3160 703 3214 δοκεῖ.
769 3161 930 3233 Ἰεροδ⁹
1001 3163 1112 3236 γὰρ
1158 3161 1332 3226 οὕτως
1359 3163 1571 3218 ἔσονται
1601 3159 1926 3231 λειτουργοὶ,
1973 3162 2068 3216 καὶ
2101 3162 2220 3230 οὐχὶ
2247 3161 2354 3214 τῶν
2402 3162 2751 3233 προσκαίρων
2801 3164 3049 3232 ἐρασταὶ,
3095 3163 3188 3218 καὶ
3238 3163 3542 3235 λημμάτων

289 3255 531 3326 αίσχρῶν
561 3256 880 3329 ἡττώμενοι.

365 3369 525 3426 Vsus.
563 3371 619 3428 5.
655 3371 1042 3428 Testamentum
1072 3390 1243 3428 meum
1285 3374 1387 3444 fuit
1421 3391 1538 3428 cum
1565 3390 1623 3428 eo
1658 3374 1770 3428 vita:
1809 3385 1852 3425 et
1883 3362 1925 3419 C

289 3463 458 3528 pacis.

363 3572 550 3631 XVIII.
593 3573 859 3648 Loquitur
893 3578 960 3634 de
1005 3579 1072 3635 iis
1105 3582 1196 3650 qui
1230 3591 1414 3636 sancte
1449 3591 1500 3637 et
1534 3597 1658 3636 cum
1707 3581 1865 3638 laude

291 3669 650 3724 sacerdotium
703 3682 886 3737 erunt,
921 3673 1161 3742 illudque
1201 3689 1314 3729 rem
1371 3690 1490 3730 esse
1525 3689 1653 3728 vere
1694 3677 1864 3729 admi-

291 3761 513 3815 rabilem
541 3765 796 3828 ostendit,
827 3765 968 3834 quod
1011 3765 1226 3834 quidem
1257 3765 1326 3820 ad
1355 3766 1553 3837 legem,
1591 3777 1644 3822 et
1681 3768 1747 3821 ad
1781 3769 1862 3821 di-

289 3853 535 3906 vinarum
571 3855 972 3922 Scripturarum
1016 3854 1245 3910 fructum
1288 3857 1862 3923 confirtnatioucmque

291 3944 544 4010 pertinet.
571 3945 729 4011 Nam,
750 3949 1083 4016 utsapienter
1098 3948 1286 4004 scribit
1305 3950 1500 4006 Paulus
1527 3971 1541 4006 :
1566 3969 1585 4003 ι
1607 3951 1715 4006 Lex
1734 3968 1860 4007 san-

287 4045 395 4100 cta,
423 4045 475 4089 et
496 4039 800 4092 mandatum
825 4047 1071 4093 sanctum
1093 4080 1108 4105 ,
1130 4049 1183 4094 et
1205 4040 1430 4109 justum,
1454 4053 1507 4097 ct
1529 4046 1728 4098 bonum
1746 4046 1815 4094 θ’.
1836 4064 1854 4096 ι

287 4127 513 4192 Quando
535 4129 698 4198 igitur
727 4130 897 4183 visum
917 4142 999 4184 cst
1017 4132 1082 4186 de
1101 4131 1226 4186 Levi
1245 4137 1409 4189 verba
1445 4134 1648 4201 facere,
1667 4151 1860 4192 sensus

286 4224 686 4284 percommode,
719 4223 878 4291 plane
908 4241 1011 4278 non
1045 4227 1109 4279 ad
1142 4227 1290 4279 illum
1323 4227 1411 4294 qui
1447 4225 1697 4280 exJacob
1729 4241 1858 4293 pro—

287 4313 523 4375 genitus,
560 4322 612 4367 et
645 4315 786 4368 inter
815 4316 1096 4372 duodecim
1136 4317 1274 4372 filios
1299 4317 1416 4386 ejus
1440 4318 1856 4382 numerabatur,

285 4405 601 4459 referendus
644 4408 877 4476 est,jam
913 4410 1056 4463 enim
1088 4411 1177 4478 qui
1209 4409 1514 4465 sacerdotio
1565 4408 1858 4478 fungantur

283 4497 350 4549 de
379 4496 582 4552 familia
620 4497 742 4553 Levi
786 4501 916 4556 nulli
953 4511 1080 4556 sunt
1124 4502 1388 4568 omnino;
1449 4501 1854 4571 intelligendum

282 4597 462 4642 autem
509 4591 892 4657 sacerdotium,
927 4605 982 4647 et
1042 4592 1142 4647 hoc
1189 4593 1362 4660 ipsum
1408 4595 1548 4661 quod
1583 4603 1667 4648 est
1700 4609 1853 4648 sacra

284 4680 462 4734 facere
516 4683 568 4735 in
625 4698 852 4752 persona
913 4684 1038 4738 Levi
1091 4684 1488 4753 quodammodo
1538 4686 1847 4756 figuratum.
1884 4700 1928 4754 ι)

285 4791 303 4820 ι
342 4770 463 4825 Fuit
492 4773 671 4842 igitur,
703 4774 900 4844 inqui-1.
931 4775 996 4829 ad
1031 4776 1202 4844 ipsum
1244 4785 1620 4832 testamentum
1671 4794 1847 4834 meum

286 4864 403 4918 sine
454 4875 508 4918 ct
544 4867 710 4933 pacis.
758 4886 777 4918 ι
817 4865 1100 4934 Proposita
1157 4879 1240 4923 est
1286 4870 1428 4924 enim
1479 4871 1655 4926 verbis
1714 4871 1846 4927 Mosi

281 4958 620 5011 sanctissimo
650 4957 732 5013 lex
757 4960 958 5028 scripta
998 4960 1244 5014 ordinata
1272 4977 1369 5032 per
1410 4965 1628 5033 angelos
1653 4965 1718 5027 ”,
1754 4980 1850 5033 per

277 5043 460 5100 Mosen
501 5059 680 5103 autem
708 5050 878 5117 posita
917 5049 1194 5117 lsraelitis,
1242 5054 1428 5117 vitam,
1467 5065 1520 5108 et
1557 5071 1744 5123 pacem
1785 5057 1850 5112 iis

277 5138 369 5201 qui
404 5139 718 5209 innocenter
750 5142 933 5196 vivere
961 5153 1016 5196 et
1044 5142 1368 5213 legislatoris
1398 5146 1732 5202 voluntatem
1753 5163 1848 5218 pro

280 5227 458 5297 regula
493 5229 594 5282 sibi
621 5246 920 5300 proponere
949 5233 1168 5298 vellent,
1207 5237 1556 5315 annuntians.

401 5565 437 5578 “
472 5561 482 5609 l
516 5559 643 5628 licg.
677 5576 734 5623 ιι,
768 5558 858 5616 '50.

346 5745 420 5819 (li
448 5745 598 5819 Hune
627 5747 798 5819 locum
824 5749 1056 5804 fortasse
1089 5751 1158 5804 ila
1183 5754 1378 5807 rectius
1408 5755 1549 5819 legas
1575 5773 1585 5806 :
1613 5754 1832 5808 Κεκλειο

276 5817 475 5885 σμένας
521 5818 602 5886 ἐφ’
630 5818 762 5890 ὑμῖν
797 5821 890 5882 τὰς
920 5820 1109 5890 θύρας,
1143 5822 1284 5890 ὑμᾶς
1327 5824 1378 5875 δὲ
1415 5817 1831 5894 ἐκκλειομένους

2043 3368 2110 3421 ἸΙ
2137 3365 2390 3432 διαθήκη
2439 3384 2558 3434 μου
2606 3363 2684 3436 ἦν
2707 3370 2832 3436 μετ’
2877 3369 3061 3422 αὐτοῦ
3097 3369 3206 3437 τῆς
3259 3370 3406 3439 ζωῆς
3441 3375 3536 3426 και

1966 3459 2076 3527 τῆς
2104 3458 2369 3527 εἰρήνης.

2039 3572 2146 3624 IH'.
2197 3571 2540 3641 ’Λνακομίζει
2573 3572 2666 3624 τὸν
2688 3573 2846 3640 λόγον
2872 3573 2961 3625 ἐπὶ
2987 3576 3111 3637 τοὺς
3145 3575 3333 3642 ἁγίους
3353 3594 3409 3629 τε
3439 3579 3532 3630 καὶ

1963 3665 2266 3734 εὐδοκίμως
2333 3663 2768 3735 ίερατεύσαντας,
2806 3665 2897 3718 καὶ
2953 3664 3279 3733 ἀξιάγαστον
3323 3666 3534 3738 ἀληθῶς

1962 3754 2252 3824 ἀποφαίνει
2277 3754 2464 3824 χρῆμα
2507 3755 2606 3823 τὴν
2653 3755 2982 3825 ἱερουργίαν,
3047 3756 3104 3807 τό
3155 3772 3216 3822 γε
3269 3750 3402 3828 ἧκον
3456 3759 3535 3821 είς

1963 3846 2124 3914 νόμον
2149 3847 2241 3898 καὶ
2270 3847 2366 3916 τὴν
2400 3848 2464 3898 ἐκ
2489 3845 2597 3899 τῶν
2627 3845 2784 3898 θείων
2813 3847 3306 3916 χρησμῳδημάτων
3346 3848 3532 3920 ὄνησιν

1963 3937 2057 3988 καὶ
2089 3936 2406 4004 ἀσφάλειαν.
2468 3938 2559 3999 Ὠς
2584 3937 2693 4008 γὰρ
2721 3939 2748 3990 ὁ
2799 3938 3106 4006 σοφώτατος
3148 3940 3346 4010 γράφει
3385 3940 3533 3993 Παῦ-

1961 4027 2069 4089 λος·
2103 4045 2121 4077 ι
2171 4028 2228 4080 ’0
2256 4028 2417 4098 νόμος
2467 4029 2640 4097 ἆγιος,
2698 4029 2792 4082 καὶ
2825 4017 3081 4100 ήέντολὴ
3130 4031 3282 4098 ἀγία,
3311 4032 3406 4084 καὶ
3454 4032 3531 4085 δι-

1960 4117 2108 4183 καία,
2144 4121 2239 4171 καὶ
2295 4119 2496 4189 ἀγαθή.
2554 4139 2572 4170 ι
2623 4110 2792 4174 Ὅταν
2843 4120 3020 4174 τοίνυν
3081 4121 3226 4175 δοκεῖ
3281 4123 3410 4191 περὶ
3441 4122 3532 4176 τοῦ

1959 4209 2089 4263 Λευὶ
2117 4210 2382 4263 ποιεῖσθαι
2411 4211 2537 4274 τοὺς
2574 4212 2785 4280 λόγους,
2835 4212 3118 4266 ἀναθετέον
3163 4211 3221 4267 εῦ
3251 4215 3392 4283 μάλα
3423 4216 3531 4268 τῶν

1958 4301 2244 4372 νοημάτων
2305 4302 2402 4372 τὴν
2453 4303 2713 4375 δύναμιν,
2773 4305 2891 4375 οὐχὶ
2940 4305 3002 4376 δή
3044 4323 3145 4360 που
3200 4309 3412 4368 πάντως
3443 4309 3530 4359 ἐπ’

1959 4393 2163 4445 ἐκεῖνον
2193 4392 2249 4455 ὃς
2282 4393 2449 4462 ἀνέφυ
2481 4395 2578 4465 μὲν
2609 4396 2667 4459 ἐξ
2712 4397 2923 4462 Ἰακὼϐ,
2959 4400 3269 4469 ἐναρίθμιος
3313 4401 3366 4452 δὲ
3416 4404 3528 4463 τοῖς

1956 4481 2274 4536 δυοκαίδεκα
2297 4486 2514 4554 γέγονεν
2547 4488 2702 4548 υἱοῖς·
2735 4489 2794 4540 οὐ
2842 4491 2949 4559 γάρ
2984 4491 3348 4559 ίερατεύουσιν
3373 4492 3525 4556 ὅλως·

1959 4575 2259 4644 συνήσομεν
2289 4577 2344 4629 δὲ
2366 4579 2464 4647 τῆς
2486 4577 2784 4648 ἱερωσύνης
2809 4580 2868 4632 τὸ
2890 4581 3094 4650 χρῆμα,
3115 4583 3207 4635 καὶ
3229 4583 3359 4636 αὐτὸ
3374 4584 3528 4636 τοῦτο

1955 4665 2255 4736 ὃπερὲστὶν
2282 4668 2562 4738 ίερουργία
2597 4673 2871 4741 μονονουχὶ
2922 4673 3015 4724 καὶ
3064 4672 3528 4745 διαμορφοῦμενον

1957 4758 2031 4822 ὡς
2064 4761 2119 4812 ἐν
2153 4761 2425 4832 προσώπῳ
2453 4763 2604 4817 Λευί.
2646 4782 2661 4814 ι
2691 4760 2796 4816 THV
2831 4765 3026 4830 τοίνυν,
3083 4768 3234 4836 φησὶ,
3271 4768 3403 4838 πρὸς
3435 4770 3528 4821 αὺ-

1956 4850 2046 4902 τὸν
2076 4853 2107 4921 ἡ
2133 4850 2368 4915 διάθεσίς
2405 4871 2504 4923 μου
2537 4854 2636 4924 τῆς
2665 4854 2810 4924 ζωῆς
2830 4857 2922 4909 καὶ
2947 4858 3045 4928 τῆς
3075 4860 3315 4928 εἰρήνης.
3358 4879 3376 4910 ι
3427 4861 3525 4913 Λε-

1956 4940 2183 5011 λάληται
2219 4944 2317 5014 μὲν
2345 4946 2450 5016 γὰρ
2477 4946 2552 5009 ὡς
2579 4947 2712 5018 πρὸς
2747 4948 2947 5001 Μωσέα
2982 4949 3072 5002 τὸν
3104 4950 3392 5019 ἱερώτατον
3425 4954 3451 5005 ὁ
3471 4954 3526 5004 ἐν

1955 5031 2239 5102 γράμμασι
2271 5035 2452 5104 νόμος,
2488 5037 2823 5106 διακονηθεὶς
2879 5037 2944 5090 δι’
2978 5038 3241 5107 ἀγγέλων,
3293 5041 3524 5094 τέθειται

1953 5119 2007 5172 δὲ
2041 5121 2128 5175 διὰ
2157 5123 2379 5194 μεσίτην
2409 5127 2611 5179 Μωσέα
2642 5129 2751 5190 τοῖς
2795 5127 2852 5192 ἐξ
2875 5129 3103 5199 αἵματος
3144 5132 3378 5202 Ἰσραὴλ,
3422 5151 3522 5187 πα-

1957 5212 2247 5279 ραγγελίαν
2307 5214 2444 5284 ἔχων
2502 5216 2645 5287 ζωῆς
2697 5218 2790 5270 καὶ
2846 5220 3069 5291 εἰρήνης
3122 5223 3234 5284 τοῖς
3281 5223 3522 5276 ἐθέλουσι

1954 5304 2101 5373 βιοῦν
2133 5305 2306 5376 ὀρθῶς
2339 5309 2431 5360 καὶ
2457 5309 2653 5362 κανόνα
2697 5311 2964 5365 ποιεῖσθαι
3015 5313 3112 5382 τῆς
3150 5311 3354 5366 ἑαυτῶν
3381 5313 3522 5384 ζωῆς

1948 5395 2008 5448 τὸ
2037 5397 2112 5468 τῷ
2142 5398 2403 5471 νομοθέτῃ
2429 5400 2636 5456 δοκοῦν.

964 5561 1010 5594 ’ί
1044 5563 1198 5619 Rom.
1222 5582 1314 5631 vn,
1352 5567 1436 5622 12.
1513 5569 1558 5601 ’³
1583 5569 1756 5624 Galat.
1788 5585 1867 5636 ιιι,
1901 5571 1980 5625 19.
