3934 6318
347 372 447 456 “an

1367 396 1430 450 S.
1462 391 1742 450 CYRILLI
1779 395 2250 450 ALEXANDRlNl
2292 387 2615 454 ARCHIEP.

3490 396 3618 455 ’58

353 531 434 573 est
463 535 476 570 :
513 535 532 567 ι
561 514 737 569 Nolite
765 522 973 584 putare,
997 513 1194 582 inquit,
1216 514 1341 580 quia
1365 515 1486 568 veni
1516 515 1728 570 solvere
1753 516 1907 586 legen

2029 527 2564 598 κεχρησμῳδημένος
2587 567 2600 589 ,
2633 523 2917 577 ἀναπείσει
2945 522 3121 588 λέγων
3147 523 3176 575 ό
3208 521 3432 592 Σωτήρ·
3474 539 3492 572 ι
3525 519 3614 592 Μὴ

352 619 442 662 ant
470 611 753 677 prophetas
786 625 798 659 :
830 621 932 659 non
959 605 1074 658 veni
1106 606 1336 669 solvere,
1364 607 1456 661 sed
1491 608 1736 675 implere.
1760 609 1930 664 Amen

351 700 473 752 dico
494 698 669 763 vobis,
691 697 858 749 donec
883 703 1123 748 transeat
1147 696 1344 749 crelum
1369 707 1421 751 et
1444 707 1611 762 terra,
1634 698 1738 751 iota
1766 715 1929 752 unum

351 799 443 841 aut
475 803 610 842 unus
643 803 774 856 apex
815 803 917 841 non
950 787 1249 855 prceteribit
1287 803 1316 841 a
1355 787 1503 857 lege,
1538 790 1712 845 donec
1746 792 1929 845 omnia

350 881 482 931 liam
501 878 542 932 ⁷.
577 897 594 928 ι

416 1053 483 1107 1η
535 1069 660 1122 pace
713 1054 947 1122 dirigens
1004 1053 1290 1106 ambulavit
1346 1068 1579 1118 mecum,
1629 1067 1676 1108 et
1736 1059 1927 1113 multos

348 1147 526 1198 avertit
562 1146 624 1197 ab
655 1145 949 1208 iniquitate.

415 1235 556 1290 XXI.
608 1235 802 1290 Pacem
859 1237 1066 1304 agitare
1127 1251 1248 1291 cum
1303 1236 1415 1290 Deo
1464 1239 1725 1306 quidnam
1779 1242 1922 1296 aliud

343 1327 568 1396 intelligi
604 1329 771 1395 possit
801 1343 830 1381 a
864 1329 1017 1383 nobis
1046 1338 1100 1383 et
1128 1330 1196 1384 ab
1228 1327 1378 1394 aliis,
1406 1329 1450 1381 si
1483 1330 1574 1398 qui
1603 1330 1772 1401 838
1797 1343 1922 1387 sunt

346 1421 646 1475 divinarum
697 1421 1094 1492 Scripturarutn
1141 1423 1529 1492 intelligentes,
1569 1438 1732 1492 quam
1783 1425 1918 1480 velle

345 1512 585 1580 rogitare
614 1520 668 1565 et
695 1511 872 1566 facere
895 1527 1014 1580 quae
1043 1513 1133 1568 ille
1159 1514 1289 1580 vult,
1313 1497 1367 1568 et
1397 1515 1536 1568 nulla
1568 1517 1620 1569 in
1652 1530 1711 1570 re
1743 1517 1916 1585 ipsum

345 1603 616 1658 offendere
643 1623 654 1657 :
688 1603 780 1659 sed
809 1605 1135 1659 contendere
1162 1606 1341 1674 potius
1371 1620 1548 1660 mores
1572 1607 1922 1661 commenda-

346 1698 492 1750 tione
550 1706 604 1750 et
656 1697 828 1764 gloria
885 1697 1074 1767 dignos
1129 1699 1342 1764 colere,
1399 1699 1675 1768 vitamque
1727 1699 1922 1768 degere

343 1791 740 1858 suspiciendam
808 1796 863 1843 et
924 1804 1045 1842 cum
1114 1789 1322 1858 legibus
1383 1788 1623 1842 omnium
1688 1789 1922 1844 maxime

2036 617 2292 687 νομίσητε
2317 619 2398 671 ὅτι
2423 614 2584 688 ἦλθον
2613 613 2914 668 καταλῦσαι
2949 615 3040 666 τὸν
3061 614 3224 683 νόμον
3258 614 3290 685 ἢ
3326 615 3454 677 τοὺς
3480 631 3613 683 προ-

2036 709 2238 776 φήτας·
2274 711 2373 762 οὐκ
2399 705 2563 781 ἦλθον
2595 705 2916 770 καταλῦσαι,
2948 707 3081 759 ἀλλά
3113 704 3419 776 πληρῶσαι.
3441 705 3613 775 Ἀμὴν

2032 798 2140 870 γὰρ
2169 799 2312 867 λέγω
2342 801 2490 870 ὑμῖν,
2513 800 2616 862 ἓως
2644 799 2709 852 ἂν
2743 798 2988 870 παρέλθῃ
3015 801 3043 850 ὁ
3081 797 3308 868 οὐρανὸς
3337 796 3431 849 καὶ
3457 798 3489 867 ἡ
3513 797 3607 865 γῆ,

2033 891 2166 943 ἰῶτα
2197 890 2255 943 ἓν
2285 891 2316 961 ἢ
2347 892 2442 962 μία
2473 891 2667 962 κεραία
2698 890 2758 942 οὐ
2793 889 2867 960 μὴ
2901 888 3142 959 παρέλθῃ
3168 886 3276 941 ἀπὸ
3299 886 3391 939 τοῦ
3421 887 3607 957 νόμον,

2030 979 2134 1045 ἓως
2172 983 2238 1036 ἂν
2279 985 2452 1036 πάντα
2487 983 2734 1054 γένηται.

2113 1075 2210 1126 Ἐν
2253 1073 2460 1142 εἰρήνῃ
2508 1074 2896 1127 κατευθύνων
2933 1072 3224 1141 ἐπορεύθη
3261 1072 3390 1140 μετ’
3439 1067 3606 1135 ἐμοῦ,

2030 1164 2130 1218 καὶ
2162 1164 2434 1230 πολλοὺς
2469 1162 2856 1232 ἀπέστρεψεν
2887 1162 3006 1218 ἀπὸ
3033 1162 3288 1227 ἀδικίας.

2099 1256 2228 1309 KA’.
2261 1255 2334 1308 Τὸ
2359 1254 2658 1325 εἰρηνεύειν
2690 1255 2828 1326 πρὸς
2851 1255 2984 1308 Θεὸν
3013 1254 3067 1306 τί
3107 1253 3173 1308 ἀν
3205 1254 3395 1324 ἕτερον
3438 1256 3609 1307 νοοῖτο

2031 1346 2167 1417 πρός
2197 1363 2253 1398 τε
2293 1345 2449 1416 ἡμῶν
2477 1345 2656 1399 αὐτῶν
2699 1347 2791 1399 καὶ
2829 1345 3052 1416 ἐτέρων,
3089 1345 3245 1416 οἵπερ
3275 1344 3339 1398 ἂν
3365 1341 3473 1397 εἷεν
3499 1345 3607 1396 τῶν

2027 1437 2184 1489 θείων
2211 1437 2421 1504 Λογίων
2447 1439 2829 1507 ἐπιστήμονες,
2867 1437 2899 1508 ἢ
2929 1437 2988 1489 τὸ
3012 1439 3224 1508 φρονεῖν
3257 1437 3472 1489 ἑλέσθαι
3511 1436 3604 1489 καὶ

2017 1528 2156 1599 ¹δρᾷν
2202 1528 2237 1582 ἀ
2288 1527 2556 1598 βούλεται,
2605 1529 2698 1581 καὶ
2748 1529 2890 1582 κατά
2941 1529 3148 1600 μηδένα
3194 1529 3391 1598 τρόπον
3437 1544 3602 1598 προσ-

2025 1620 2242 1690 κρούειν
2272 1620 2440 1690 αὐτῷ,
2487 1621 2788 1690 κατορθοῦν
2817 1621 2874 1675 δέ
2910 1621 3111 1691 μᾶλλον
3158 1619 3472 1689 ἐπείγεσθαι
3503 1619 3601 1689 τὴν

2023 1712 2222 1765 εὐκλεᾶ
2240 1711 2530 1774 πολιτείαν,
2555 1713 2648 1765 καὶ
2665 1711 2994 1780 ἀξιάγαστόν
3016 1730 3073 1765 τε
3098 1714 3192 1764 καὶ
3219 1713 3600 1782 ἐννομωτάτην

2025 1802 2202 1872 ζωήνς
2236 1801 2394 1854 Οὕτω
2416 1804 2506 1856 καὶ
2533 1803 2561 1854 ὁ
2591 1802 2731 1866 θεῖος
2753 1806 2883 1873 ἡμῖν
2911 1802 3343 1874 προσπεφώνηκε
3369 1802 3596 1864 Παῦλος

343 1879 800 1935 consentientem?
837 1879 910 1933 Ita
942 1894 1158 1949 quoque
1201 1894 1303 1933 nos
1337 1881 1631 1949 alloquitur
1662 1880 1860 1936 Paulus
1901 1899 1907 1936 :

2029 1913 2045 1945 ι
2072 1894 2462 1958 Δικαιωθέντες
2483 1891 2576 1950 οὖν
2607 1897 2671 1949 ὲκ
2695 1897 2949 1959 πίστεως,
2967 1897 3192 1966 εἰρήνην
3219 1895 3433 1966 ἔχωμεν
3465 1893 3601 1965 πρὸς

349 1995 365 2022 ‹
423 1971 712 2027 Justilicati
773 1985 902 2041 ergo
956 1987 1022 2026 ex
1083 1971 1221 2038 ﬁde,
1272 1985 1456 2039 pacem
1510 1972 1806 2028 habeamus
1853 1973 1918 2026 ad

267 2126 269 2128 η
342 2062 509 2118 Deum
538 2063 580 2120 ⁸.
631 2081 651 2114 ι
703 2062 795 2116 Sic
841 2077 972 2117 sane
1017 2078 1138 2117 eum
1188 2063 1277 2131 qui
1329 2071 1412 2118 est
1454 2072 1644 2118 natura
1693 2073 1749 2119 et
1794 2080 1919 2120 vere

347 2155 604 2209 Dominus
659 2153 899 2223 agnitum
957 2155 1310 2209 honoramus.
1362 2157 1516 2222 Quod
1562 2157 1606 2210 si
1656 2167 1919 2212 creaturae

343 2260 556 2313 quoque
607 2246 816 2301 divinos
867 2246 1100 2301 honores
1154 2247 1543 2317 impendimus,
1595 2251 1806 2318 impuro
1864 2260 1919 2305 et

340 2335 636 2390 detestabili
663 2347 886 2405 peccato
913 2338 1332 2408 cogitationibus
1354 2342 1556 2395 nostris
1575 2343 1913 2405 dominante,

343 2427 572 2481 Domino
607 2429 948 2494 resistimus,
979 2440 1034 2483 et
1066 2431 1214 2484 velut
1242 2433 1412 2486 aciem
1448 2433 1706 2488 adversus
1741 2433 1913 2501 ipsum

339 2519 404 2571 ad
433 2513 664 2589 pugnam
695 2518 1040 2585 instruimus,
1066 2522 1255 2576 duram
1292 2525 1560 2579 cervicem
1594 2536 1783 2580 contra
1811 2540 1908 2579 ex-

341 2612 638 2674 tendentes,
653 2619 706 2666 et
724 2613 1078 2680 pertinaciam
1101 2613 1554 2685 rebellionemque
1573 2625 1909 2673 exercentes.

333 2689 478 2756 idem
526 2705 812 2759 confirmat
853 2705 1152 2760 Salvatoris
1193 2706 1487 2776 discipulus
1537 2708 1622 2763 his
1663 2707 1844 2763 verbis
1893 2725 1909 2762 :

340 2817 358 2844 ε
403 2793 635 2850 Nescitis
675 2799 801 2865 quia
846 2798 1084 2852 amicitia
1135 2798 1292 2868 hujus
1335 2801 1521 2855 mundi
1565 2802 1780 2856 inimica
1828 2809 1914 2855 est

337 2889 479 2942 nco?
503 2888 569 2942 Et
594 2888 684 2958 qui
716 2889 829 2942 vult
851 2889 1058 2944 amicus
1087 2903 1210 2945 esse
1237 2890 1397 2960 hujus
1429 2892 1633 2957 saeculi,
1662 2892 1912 2948 inimicus

337 2977 428 3030 Dei
462 2977 804 3031 constituitur
824 2980 866 3030 ο.
901 2999 920 3030 ι
953 2977 1108 3045 Quod
1137 2979 1181 3035 si
1210 2981 1276 3035 ad
1311 2982 1686 3037 universorum
1729 2983 1913 3038 Domib

338 3082 462 3120 num
488 3082 582 3137 per
611 3067 767 3123 fidem
795 3077 848 3123 et
875 3071 1081 3138 peccati
1113 3069 1431 3139 eiectionem
1465 3089 1562 3128 nos
1589 3076 1914 3130 converteri-

335 3172 474 3219 mus,
503 3156 633 3209 nihil
665 3171 722 3209 se
742 3156 982 3223 objiciet,
1006 3173 1110 3212 nec
1131 3160 1554 3229 quidquam‘nos
1578 3164 1693 3232 ejus
1723 3163 1910 3218 amici-

2021 1987 2174 2039 Θεόν·
2205 1987 2348 2041 οὕτω
2411 1991 2508 2059 μὲν
2561 1989 2655 2043 τὸν
2699 1989 2857 2058 φύσει
2913 1991 3004 2042 καὶ
3057 1989 3273 2058 ἀληθῶς
3322 1988 3599 2058 Δεσπότην

2021 2079 2220 2142 ειδότες
2252 2079 2522 2150 τιμῶμεν.
2563 2082 2923 2144 Ἀνάπτοντες
2968 2081 3025 2134 δὲ
3073 2083 3165 2134 καὶ
3201 2083 3267 2150 τῇ
3315 2080 3490 2134 κτίσει
3541 2080 3600 2133 τδ

2023 2168 2205 2234 σέϐας,
2252 2171 2343 2222 καὶ
2391 2171 2841 2242 κατακρατούσης
2886 2171 2992 2224 τῶν
3043 2172 3329 2242 ἡμετέρων
3379 2171 3599 2226 ἐννοιῶν

2017 2262 2120 2330 τῆς
2147 2260 2374 2332 βεϐήλου
2397 2279 2454 2315 τε
2476 2265 2568 2315 καὶ
2587 2263 2847 2335 βδελυρᾶς
2867 2264 3162 2334 ἁμαρτίας,
3183 2262 3596 2334 ἀνθεστήκαμεν

2017 2351 2095 2422 τῷ
2141 2355 2385 2426 Δεσπότῃ
2412 2394 2426 2418 ,
2462 2355 2556 2408 καὶ
2596 2349 2708 2408 οἷον
2761 2356 3204 2427 ἀντανιστάμεθα
3247 2359 3386 2428 προς
3419 2357 3600 2426 μάχην

2017 2444 2163 2513 αὐτῷ
2183 2485 2195 2507 ,
2228 2446 2460 2516 σκληρὸν
2489 2447 2736 2518 αἴροντες
2761 2447 2851 2501 τὸν
2881 2447 3083 2518 αὐχένα
3103 2491 3117 2512 ,
3158 2451 3252 2502 καὶ
3283 2449 3343 2502 τὸ
3373 2449 3594 2513 ἀπειθὲς

2015 2537 2110 2589 καὶ
2135 2537 2384 2608 δυσήνιον
2417 2539 2746 2609 μελετῶντες
2770 2539 2870 2594 ἔτι.
2904 2541 3014 2593 Καὶ
3046 2540 3378 2595 πιστώσεται
3419 2541 3594 2605 λέγων

2013 2625 2107 2680 τοῦ
2151 2628 2402 2701 Σωτῆρος
2449 2632 2477 2682 ὁ
2525 2630 2805 2701 μαθητής⁹
2838 2651 2855 2682 ι
2890 2632 3002 2684 Οὐκ
3038 2631 3214 2686 οἴδατε
3248 2634 3328 2686 ὃτι
3360 2635 3392 2702 ή
3435 2632 3584 2702 φιλία

2015 2719 2106 2772 τοῦ
2141 2719 2350 2790 κόσμου
2379 2721 2548 2792 ἐχθρά
2591 2723 2687 2776 τοῦ
2718 2723 2853 2779 Θεοῦ
2888 2725 3069 2792 ἐστιν;
3106 2723 3200 2776 καὶ
3241 2723 3434 2791 ὃς,ἐάν
3477 2723 3592 2791 βου-

2013 2809 2154 2881 ληθῇ
2182 2809 2336 2877 φίλος
2373 2809 2512 2866 εἶναι
2559 2813 2652 2866 τοῦ
2687 2814 2914 2884 κόσμου,
2958 2815 3149 2886 exegi;
3180 2814 3271 2867 τοῦ
3301 2814 3435 2868 Θεοῦ
3463 2814 3595 2866 καθ-

2015 2900 2248 2954 ίσταται.
2296 2922 2314 2955 ι
2367 2904 2824 2973 Ἐπιστρέψαντες
2869 2905 2924 2957 δὲ
2973 2906 3108 2976 πρὸς
3154 2906 3246 2959 τὸν
3291 2905 3398 2958 τῶν
3453 2906 3590 2959 ὅλων

2013 2990 2144 3044 θεὸν
2174 2991 2260 3045 διὰ
2283 2993 2379 3064 τῆς
2400 2995 2653 3059 πίστεως,
2673 2996 2765 3048 καὶ
2793 2997 2890 3065 τῆς
2920 2997 3193 3067 ἁμαρτίας
3218 2998 3589 3071 ἀνῃρημένης.

2011 3083 2072 3135 τὸ
2104 3084 2434 3153 μεσολαϐοῦν
2466 3087 2640 3150 οὐδὲν,
2670 3086 2777 3139 οὐδ’
2808 3087 2872 3140 ἂν
2911 3087 3188 3158 ἀπείρξειέ
3219 3106 3304 3152 τις
3333 3090 3430 3160 τῆς
3456 3089 3590 3159 πρὸς

2011 3174 2174 3228 αὐτὸν
2227 3177 2601 3247 οίκειότητος·
2659 3180 2980 3251 κολλώμεθα
3027 3181 3217 3253 ὥσπερ
3281 3183 3430 3252 αὐτῷ
3501 3184 3590 3236 διὰ

335 3245 406 3297 tia
441 3245 777 3314 prohibebit,
804 3248 890 3301 cui
926 3249 1387 3318 agglutinahimnr
1416 3252 1816 3321 quodammodo
1853 3254 1903 3308 in

2016 3269 2194 3338 πάσης
2241 3271 2573 3335 ἐπιεικείας,
2613 3273 2945 3343 βαδιούμεθά
2978 3292 3036 3327 τε
3075 3276 3140 3328 δι’
3179 3275 3396 3339 εὐθείας
3441 3275 3584 3338 ὁδοῦ,

332 3336 480 3388 omni
526 3352 722 3406 genere
763 3339 1049 3404 bonitatis,
1081 3350 1136 3393 et
1172 3351 1318 3396 recta
1363 3344 1444 3397 via
1490 3343 1818 3416 gradiemnr,
1852 3353 1908 3400 et

331 3441 429 3492 per
467 3429 766 3496 speciosam
807 3430 1055 3484 semitam
1093 3432 1523 3500 ‘ambulabimus,
1555 3452 1652 3491 nos
1682 3438 1824 3506 ipsos
1855 3448 1908 3491 et

335 3519 469 3574 alios
521 3522 586 3574 ad
633 3536 751 3574 eam
794 3523 1106 3593 dirigentes.
1140 3522 1200 3578 In
1243 3526 1327 3580 his
1362 3537 1539 3582 autem
1580 3529 1907 3584 contendere

335 3612 583 3681 occupari
611 3627 720 3680 pra:
746 3613 865 3668 aliis
893 3621 1112 3669 sanctos
1138 3617 1449 3671 sacerdotes
1479 3620 1664 3685 decet,
1692 3619 1758 3673 dc
1789 3621 1906 3688 qui-

335 3705 431 3756 hzts
460 3703 742 3758 verissime
769 3703 869 3759 dici
897 3717 1058 3775 queat
1091 3725 1104 3762 :
1142 3727 1161 3759 ι
1197 3707 1249 3761 In
1284 3723 1415 3776 pace
1444 3711 1681 3779 dirigens
1715 3713 1904 3764 ambu—

335 3793 464 3847 lavit
506 3810 745 3861 mecum,
777 3803 834 3851 et
876 3799 1073 3854 multos
1121 3800 1386 3854 convertit
1430 3802 1497 3855 ab
1538 3801 1839 3872 iniquitate.
1881 3823 1898 3854 ι

329 3884 543 3937 Snbditi
603 3887 748 3938 enim
816 3886 1133 3956 plerumque
1199 3891 1610 3960 praepositorum
1682 3908 1901 3947 suorum

329 3979 497 4031 honos
529 3991 706 4031 mores
739 3992 834 4047 per
868 3981 1055 4036 eadem
1086 3983 1307 4052 vestigia
1346 3995 1650 4053 sequuntur
1681 4004 1694 4039 :
1729 3995 1781 4040 et
1810 3988 1899 4054 qui

330 4068 590 4123 incedunt
623 4069 830 4126 directa
861 4074 944 4126 via
984 4075 1198 4129 salvant
1232 4076 1459 4142 multos,
1488 4092 1589 4131 nec
1621 4077 1903 4132 dilliculter

324 4178 389 4213 en
422 4174 757 4230 permovent,
785 4173 841 4218 ιιι
866 4167 970 4220 vita
1003 4168 1277 4236 petulante
1304 4180 1357 4222 et
1382 4169 1702 4223 exsecrabili
1737 4171 1901 4222 mori-

327 4255 532 4322 lmsqne
574 4255 830 4324 improbis
873 4259 1118 4314 nuntium
1164 4262 1537 4323 remittentes,
1579 4260 1801 4313 meliora
1847 4270 1902 4315 et

327 4344 663 4415 suspicienda
713 4363 942 4420 quaeque
991 4351 1130 4421 apud
1181 4353 1348 4407 Deum
1396 4361 1449 4406 et
1493 4352 1736 4405 homines
1783 4350 1901 4406 laus

325 4437 634 4502 comitetur,
661 4441 965 4497 consectari
995 4441 1201 4496 malint.

395 4528 556 4599 Vens,
585 4531 634 4584 7.
663 4530 919 4596 Quoniam
946 4533 1087 4587 labia
1115 4534 1399 4586 sacerdotis
1424 4532 1716 4587 custodiant
1737 4535 1899 4588 scien-

2007 3361 2101 3413 xatl
2125 3362 2222 3430 τὴν
2253 3363 2422 3433 καλὴν
2453 3364 2670 3432 ἀληθῶς
2699 3365 3086 3436 πορευσόμεθα
3106 3367 3312 3436 τρίῦον,
3351 3368 3588 3420 ἀπευθύ-

2005 3468 2187 3515 νοντες
2210 3457 2289 3517 εἰς
2312 3456 2511 3525 ἑαυτὴν
2545 3459 2770 3521 ἑαυτοὺς
2809 3461 2902 3512 καὶ
2924 3460 3165 3530 ἐτέρους.
3189 3461 3398 3530 Πρέποι
3440 3460 3485 3512 δ’
3522 3461 3586 3513 ἂν

2009 3541 2245 3611 μάλιστα
2295 3545 2356 3598 τὸ
2408 3547 2463 3600 ἓν
2511 3565 2572 3616 γε
2621 3549 2832 3613 τούτοις
2871 3548 3008 3604 εἶναι
3043 3551 3226 3622 ζητεῖν
3265 3555 3376 3616 τοῖς
3418 3553 3585 3618 ὁσίοις

2007 3633 2338 3704 ἱερουργοίς,
2381 3640 2507 3708 περὶ
2538 3632 2611 3690 ὧν
2644 3639 2708 3693 ἂν
2737 3639 2968 3709 λέγοιτο,
3021 3642 3116 3696 καὶ
3149 3643 3292 3714 μάλα
3321 3645 3546 3708 εἰκότως
3568 3661 3581 3675 ”

2009 3743 2027 3775 ι
2067 3725 2154 3778 Ἐν
2201 3727 2391 3800 εἰρήνῃ
2439 3730 2787 3784 κατευθύνων
2815 3735 3086 3805 ἐπορεύθη
3139 3738 3255 3807 μετ’
3296 3735 3453 3806 ἐμοῦ,
3489 3736 3584 3790 καὶ

2005 3815 2234 3880 πολλοὺς
2272 3819 2610 3890 ἐπέστρεψεν
2658 3822 2766 3876 ἀπὸ
2821 3813 3052 3887 ἀδικίας.
3092 3844 3110 3876 ι
3154 3825 3450 3896 Ἰχνηλατεί
3476 3826 3582 3896 γάρ

2002 3922 2120 3969 πως
2145 3907 2206 3960 τὸ
2233 3909 2470 3979 ὑπήκοον
2511 3911 2608 3974 τὰς
2641 3913 2750 3965 τῶν
2782 3915 3101 3984 ἡγουμένων
3127 3916 3449 3979 ἐπιεικείας,
3487 3915 3580 3969 καὶ

2001 3996 2159 4067 οἵπερ
2191 3997 2256 4050 ἂν
2286 3998 2530 4069 ἔρχοιντο
2554 4001 2622 4074 δι’
2645 4003 2862 4067 εὐθείας
2891 4004 3035 4069 ὀδοῦ,
3071 4004 3300 4070 σώζουσι
3331 4005 3576 4071 πολλοὺς,

2001 4088 2354 4142 ἀναπείθουσί
2404 4109 2462 4144 τε
2521 4093 2717 4164 ῥᾳδίως
2757 4095 2856 4167 τὴν
2911 4097 3114 4166 ἀσελγῆ
3166 4098 3260 4150 καὶ
3307 4098 3579 4167 ἐπάρατον

2001 4179 2237 4246 ἀφέντας
2277 4181 2422 4251 ζωὴν
2453 4184 2546 4236 καὶ
2574 4187 2702 4248 τοὺς
2731 4187 2829 4256 τῆς
2857 4186 3070 4250 ἀδικίας
3101 4189 3354 4258 τρόπους,
3373 4189 3579 4241 ἀνθελέ-

2003 4267 2126 4320 σθαί
2153 4287 2213 4322 τε
2245 4271 2341 4323 καὶ
2374 4273 2596 4345 ἀγαπᾷν
2622 4275 2690 4328 τὰ
2738 4277 2946 4345 ἀμείνω
2985 4279 3080 4331 καὶ
3126 4279 3444 4347 ἀξιάγαστα,
3476 4279 3572 4333 καὶ

1999 4354 2078 4422 οἷς
2110 4358 2174 4412 ἂν
2204 4359 2386 4414 ἕποιτο
2421 4363 2479 4415 τὸ
2509 4366 2849 4420 ἐπαινεῖσθαι
2892 4367 3004 4421 δεῖν
3045 4369 3198 4441 παρά
3227 4387 3283 4422 τε
3309 4369 3446 4440 Θεῷ,
3481 4372 3576 4425 καὶ

1999 4453 2327 4524 ἀνθρώποις.

2075 4545 2202 4598 Ὀτι
2235 4548 2409 4616 χείλη
2452 4549 2652 4618 ἱερέως
2686 4553 3021 4620 φυλάξεται
3063 4555 3308 4626 γνῶσιν,
3349 4557 3450 4611 καί
3478 4559 3574 4610 rci-

323 4622 484 4683 tium,
509 4631 557 4675 et
602 4623 760 4690 legem
804 4627 1062 4694 requirent
1105 4641 1169 4678 ex
1208 4641 1297 4679 ore
1337 4624 1480 4692 ejus,
1507 4625 1634 4692 quia
1683 4625 1896 4693 angelus

2235 4605 2272 4616 ..
2394 4605 2406 4616 .
2497 4605 2514 4618 .
2628 4605 2644 4618 ,
2686 4605 2706 4620 .,
3069 4605 3111 4626 ,-
3142 4605 3264 4610 η-.
3295 4605 3308 4622 ,
3480 4605 3541 4610 --

2016 4653 2116 4690 νον
2146 4635 2547 4708 ἐκζητήσοιισι
2579 4643 2648 4696 ἐκ
2674 4646 2981 4714 στόματος
3003 4648 3213 4713 αὑτοῦ,
3237 4648 3383 4701 διότι
3405 4648 3558 4720 ἅγγε-

318 4708 531 4763 Ιληηὶηἱ
558 4714 918 4782 outuipotentis
945 4723 1041 4768 est.

388 4799 552 4856 XXII.
591 4802 833 4868 Quonam
884 4805 1043 4858 modo
1092 4803 1288 4858 multos
1342 4807 1695 4871 converterit,
1731 4817 1896 4876 atque

317 4890 674 4945 ambulaverit
719 4893 959 4965 dirigens
1011 4893 1064 4946 in
1116 4907 1249 4960 pace
1293 4908 1413 4946 cum
1463 4892 1602 4961 Deo,
1642 4899 1890 4964 exponit,

317 4981 498 5047 aitque
521 4998 641 5035 eum
671 4995 917 5052 gestasse
942 4984 994 5037 in
1029 4984 1187 5037 labiis
1216 4984 1329 5038 sive
1359 4984 1411 5037 in
1440 4985 1616 5056 lingua
1649 4977 1889 5043 omnium

317 5073 381 5124 ad
415 5073 548 5127 bene
574 5074 857 5128 vivendum
887 5074 1270 5142 requisitorum
1304 5077 1582 5144 notitiam,
1615 5078 1889 5150 fuisseque

316 5159 675 5216 institutorem
708 5163 1074 5232 insipientium
1093 5204 1108 5227 ,
1134 5172 1189 5218 et
1215 5167 1531 5236 magistrum
1561 5168 1844 5222 infantium
1868 5209 1883 5233 ,

313 5261 367 5303 et
399 5252 705 5306 volentibus
743 5253 876 5320 legis
903 5254 1037 5307 scita
1063 5253 1293 5323 discere,
1326 5270 1511 5311 verum
1547 5267 1600 5312 et
1636 5259 1703 5313 ab
1738 5263 1883 5316 omni

296 5327 497 5397 errore
537 5345 960 5398 remotissimum
999 5336 1417 5418 praeceptorem,
1450 5366 1553 5405 non
1599 5352 1706 5407 alio
1747 5355 1884 5409 divi-

313 5449 503 5486 norum
553 5434 895 5489 oraculorum
949 5452 1166 5493 sensum
1221 5441 1664 5511 detorquentem,
1709 5460 1883 5515 neque

315 5527 592 5578 docentem
631 5543 650 5575 ‹
691 5527 993 5595 doctrinas,
1027 5535 1279 5587 mandata
1318 5535 1594 5589 hominum
1621 5537 1702 5591 '°:
1742 5557 1760 5589 ι
1790 5541 1883 5592 sed

318 5625 574 5684 tanquam
605 5619 852 5688 angelum
883 5620 1007 5685 Dei,
1035 5622 1289 5693 subjectis
1322 5627 1420 5681 sibi
1457 5629 1664 5696 populis
1691 5631 1884 5686 obscu-

415 5795 434 5823 τ
461 5794 652 5851 Mulli).
681 5812 733 5866 v,
769 5798 852 5867 ιτ,
897 5801 978 5857 ιδ.

1090 5803 1109 5833 ⁸
1136 5803 1292 5858 Rom.
1322 5820 1370 5870 v,
1398 5805 1443 5856 l.
1555 5807 1574 5835 ’
1600 5804 1717 5856 3.11'.
1742 5821 1810 5872 tv,
1845 5807 1896 5860 ι.

1997 4732 2107 4793 λος
2141 4729 2361 4796 Κυρίου
2395 4733 2884 4805 παντοκράτορός
2912 4739 3063 4811 «ἐστι.

2067 4819 2194 4874 ΚΒ’.
2252 4821 2384 4874 Τίνα
2438 4824 2502 4895 δὴ
2561 4827 2762 4896 τρόπον
2817 4829 3017 4893 πολλὰς
3069 4831 3166 4901 μὲν
3209 4831 3567 4904 ἀπέστρεψεν,

1997 4912 2480 4984 παραπεπόρευται
2513 4915 2568 4968 δὲ
2615 4918 2960 4972 κατευθύνων
2987 4922 3209 4992 εἰρήνην
3240 4925 3381 4977 κατὰ
3414 4923 3567 4989 Θεοῦ,

1984 4994 2304 5071 διατρανοί,
2357 5004 2565 5074 λέγων,
2614 5007 2690 5071 ὼς
2737 5011 3021 5081 πεφόρηκε
3067 5013 3166 5082 μὲν
3208 5016 3266 5066 ἐν
3315 5015 3566 5084 χείλεσιν,

1996 5089 2160 5159 ἤγουν
2185 5094 2277 5144 ἐπὶ
2303 5095 2570 5166 γλώττης,
2591 5099 2792 5170 παντὸς
2815 5101 2908 5153 τοῦ
2941 5103 3077 5173 πρὸς
3107 5103 3250 5174 ζωὴν
3274 5105 3566 5171 ἀναγκαίου

1994 5181 2091 5250 τὴν
2124 5182 2344 5249 γνῶσιν,
2375 5186 2565 5255 γέγονε
2595 5188 2650 5241 δὲ
2683 5190 2976 5260 παιδευτὴς
3017 5193 3287 5263 ἀφρόνων,
3317 5194 3569 5248 διδάσκα-

1991 5269 2082 5334 λός
2119 5290 2178 5326 τε
2208 5276 2438 5346 νηπίων,
2484 5279 2578 5332 καὶ
2617 5283 2730 5343 τοῖς
2762 5283 3007 5337 ἐθέλουσι
3056 5285 3360 5356 ἀναμαθεῖν
3398 5286 3458 5339 τὸ
3491 5285 3569 5358 τῷ

1988 5364 2138 5436 νόμῳ
2164 5367 2354 5420 δοκοῦν
2385 5369 2595 5440 ἀληθής
2623 5388 2680 5423 τε
2706 5374 2801 5425 καὶ
2839 5374 3242 5439 ἀπλανέστατος
3272 5376 3563 5448 ἐξηγητὴς,

1989 5457 2085 5527 οὐχ
2133 5459 2367 5527 ἑτέρωσέ
2401 5477 2491 5514 ποι
2536 5465 2893 5535 μετατρέπων
2923 5466 3030 5519 τῶν
3061 5467 3220 5521 θεῖων
3250 5469 3448 5538 λογίων
3475 5468 3565 5522 τὸν

1988 5546 2132 5606 νοῦν,
2163 5547 2284 5600 οὐτε
2331 5549 2437 5620 μὴν
2481 5551 2749 5606 διδάσκων
2795 5575 2811 5606 ι
2843 5555 3224 5622 διδασκαλίας,
3258 5559 3563 5630 ἐντάλματα

1988 5637 2318 5706 ἀνθρώπωνο
2355 5661 2373 5691 ι
2411 5643 2548 5708 ἀλλ’,
2578 5641 2688 5698 οἷον
2723 5647 2953 5714 ἅγγελος
2983 5649 3142 5718 Θεοῦ,
3171 5650 3563 5705 διαλευκαίνων

2012 5810 2052 5839 ¹⁰
2083 5810 2182 5862 La.
2222 5829 2369 5878 XXIX,
2398 5815 2457 5868 i5
2493 5833 2503 5881 ;
2549 5817 2653 5869 Mat
2683 5819 2730 5872 lt.
2762 5836 2845 5884 XV,
2883 5821 2933 5875 9.
