  <div class='ocr_page' id='page_1' title='image "/cluster/home/n/w/nwhite01/storage/ocr_20150623/72/pst.000005712731/177.png"; bbox 0 0 3934 6318; ppageno 0'>
   <div class='ocr_carea' id='block_1_1' title="bbox 449 5605 465 5650">
    <p class='ocr_par' dir='ltr' id='par_1_1' title="bbox 449 5605 465 5650">
     <span class='ocr_line' id='line_1_1' title="bbox 449 5605 465 5650; baseline 0 0"><span class='ocrx_word' id='word_1_1' title='bbox 449 5605 465 5650; x_wconf 78' lang='grc' dir='ltr'><strong>ι</strong></span> 
     </span>
    </p>
   </div>
   <div class='ocr_carea' id='block_1_2' title="bbox 533 274 3787 347">
    <p class='ocr_par' dir='ltr' id='par_1_2' title="bbox 533 274 3787 347">
     <span class='ocr_line' id='line_1_2' title="bbox 533 274 3787 347; baseline -0.006 0"><span class='ocrx_word' id='word_1_2' title='bbox 533 289 642 347; x_wconf 68' lang='grc' dir='ltr'><strong>3ῑὸ</strong></span> <span class='ocrx_word' id='word_1_3' title='bbox 1555 283 1612 338; x_wconf 85' lang='lat' dir='ltr'><strong>S.</strong></span> <span class='ocrx_word' id='word_1_4' title='bbox 1657 280 1932 337; x_wconf 75' lang='lat' dir='ltr'><strong>CYRlLLl</strong></span> <span class='ocrx_word' id='word_1_5' title='bbox 1973 276 2442 334; x_wconf 72' lang='lat' dir='ltr'><strong>ALEXANDBINI</strong></span> <span class='ocrx_word' id='word_1_6' title='bbox 2483 275 2800 332; x_wconf 76' lang='lat' dir='ltr'><strong>ARCHlEP.</strong></span> <span class='ocrx_word' id='word_1_7' title='bbox 3691 274 3787 331; x_wconf 68' lang='grc'><strong>516</strong></span> 
     </span>
    </p>
   </div>
   <div class='ocr_carea' id='block_1_3' title="bbox 535 377 2120 471">
    <p class='ocr_par' dir='ltr' id='par_1_3' title="bbox 535 393 2110 471">
     <span class='ocr_line' id='line_1_3' title="bbox 535 393 2110 471; baseline -0.006 -17"><span class='ocrx_word' id='word_1_8' title='bbox 535 411 737 471; x_wconf 73' lang='lat' dir='ltr'><strong>gentes,</strong></span> <span class='ocrx_word' id='word_1_9' title='bbox 765 413 858 466; x_wconf 85' lang='lat' dir='ltr'><strong>pro</strong></span> <span class='ocrx_word' id='word_1_10' title='bbox 889 412 948 450; x_wconf 79' lang='lat' dir='ltr'><strong>eo</strong></span> <span class='ocrx_word' id='word_1_11' title='bbox 982 394 1118 464; x_wconf 83' lang='lat' dir='ltr'><strong>quod</strong></span> <span class='ocrx_word' id='word_1_12' title='bbox 1155 409 1239 447; x_wconf 75' lang='lat' dir='ltr'><strong>vos</strong></span> <span class='ocrx_word' id='word_1_13' title='bbox 1275 409 1374 446; x_wconf 86' lang='lat' dir='ltr'><strong>non</strong></span> <span class='ocrx_word' id='word_1_14' title='bbox 1411 394 1762 447; x_wconf 75' lang='lat' dir='ltr'><strong>custodivistis</strong></span> <span class='ocrx_word' id='word_1_15' title='bbox 1796 393 1904 447; x_wconf 76' lang='lat' dir='ltr'><strong>vias</strong></span> <span class='ocrx_word' id='word_1_16' title='bbox 1939 408 2110 457; x_wconf 80' lang='lat' dir='ltr'><strong>meas,</strong></span> 
     </span>
    </p>
   </div>
   <div class='ocr_carea' id='block_1_4' title="bbox 2230 377 3784 471">
    <p class='ocr_par' dir='ltr' id='par_1_4' title="bbox 2230 377 3784 456">
     <span class='ocr_line' id='line_1_4' title="bbox 2230 377 3784 456; baseline 0.001 -14"><span class='ocrx_word' id='word_1_17' title='bbox 2230 389 2411 443; x_wconf 67' lang='grc' dir='ltr'>πάντα</span> <span class='ocrx_word' id='word_1_18' title='bbox 2447 389 2518 443; x_wconf 85' lang='grc' dir='ltr'>τὰ</span> <span class='ocrx_word' id='word_1_19' title='bbox 2549 391 2716 456; x_wconf 73' lang='grc' dir='ltr'>ἔθνη,</span> <span class='ocrx_word' id='word_1_20' title='bbox 2753 387 2880 442; x_wconf 67' lang='grc' dir='ltr'>ἀνθ’</span> <span class='ocrx_word' id='word_1_21' title='bbox 2918 403 3004 439; x_wconf 80' lang='grc' dir='ltr'><strong>ων</strong></span> <span class='ocrx_word' id='word_1_22' title='bbox 3044 385 3209 452; x_wconf 80' lang='grc' dir='ltr'><strong>ὑμεῖς</strong></span> <span class='ocrx_word' id='word_1_23' title='bbox 3247 387 3357 440; x_wconf 76' lang='grc' dir='ltr'><strong>οὐκ</strong></span> <span class='ocrx_word' id='word_1_24' title='bbox 3406 377 3784 455; x_wconf 64' lang='grc' dir='ltr'>ἐφυλὰεάσθε</span> 
     </span>
    </p>
   </div>
   <div class='ocr_carea' id='block_1_5' title="bbox 536 482 1526 557">
    <p class='ocr_par' dir='ltr' id='par_1_5' title="bbox 536 482 1526 557">
     <span class='ocr_line' id='line_1_5' title="bbox 536 482 1526 557; baseline -0.008 -13"><span class='ocrx_word' id='word_1_25' title='bbox 536 491 625 544; x_wconf 71' lang='lat' dir='ltr'><strong>sed</strong></span> <span class='ocrx_word' id='word_1_26' title='bbox 653 486 984 557; x_wconf 72' lang='lat' dir='ltr'><strong>accipiebatis</strong></span> <span class='ocrx_word' id='word_1_27' title='bbox 1008 499 1286 553; x_wconf 76' lang='lat' dir='ltr'><strong>personam</strong></span> <span class='ocrx_word' id='word_1_28' title='bbox 1314 484 1367 537; x_wconf 83' lang='lat' dir='ltr'><strong>in</strong></span> <span class='ocrx_word' id='word_1_29' title='bbox 1396 482 1526 554; x_wconf 78' lang='lat' dir='ltr'><strong>lege.</strong></span> 
     </span>
    </p>
   </div>
   <div class='ocr_carea' id='block_1_6' title="bbox 605 664 2111 734">
    <p class='ocr_par' dir='ltr' id='par_1_6' title="bbox 605 664 2111 734">
     <span class='ocr_line' id='line_1_6' title="bbox 605 664 2111 734; baseline -0.003 -14"><span class='ocrx_word' id='word_1_30' title='bbox 605 664 792 720; x_wconf 77' lang='lat' dir='ltr'><strong>XXIV.</strong></span> <span class='ocrx_word' id='word_1_31' title='bbox 823 665 903 719; x_wconf 85' lang='lat' dir='ltr'><strong>Ad</strong></span> <span class='ocrx_word' id='word_1_32' title='bbox 952 674 1165 734; x_wconf 91' lang='lat' dir='ltr'><strong>patrum</strong></span> <span class='ocrx_word' id='word_1_33' title='bbox 1208 673 1430 732; x_wconf 85' lang='lat' dir='ltr'><strong>peccata</strong></span> <span class='ocrx_word' id='word_1_34' title='bbox 1473 664 1639 728; x_wconf 81' lang='lat' dir='ltr'><strong>redit,</strong></span> <span class='ocrx_word' id='word_1_35' title='bbox 1671 665 1926 734; x_wconf 89' lang='lat' dir='ltr'><strong>ipsosque</strong></span> <span class='ocrx_word' id='word_1_36' title='bbox 1958 671 2111 716; x_wconf 83' lang='lat' dir='ltr'><strong>vetu-</strong></span> 
     </span>
    </p>
   </div>
   <div class='ocr_carea' id='block_1_7' title="bbox 2213 477 3787 550">
    <p class='ocr_par' dir='ltr' id='par_1_7' title="bbox 2213 477 3787 550">
     <span class='ocr_line' id='line_1_7' title="bbox 2213 477 3787 550; baseline -0.001 -16"><span class='ocrx_word' id='word_1_37' title='bbox 2213 481 2321 547; x_wconf 85' lang='grc' dir='ltr'>τὰς</span> <span class='ocrx_word' id='word_1_38' title='bbox 2364 480 2545 546; x_wconf 77' lang='grc' dir='ltr'>ὁδούς</span> <span class='ocrx_word' id='word_1_39' title='bbox 2589 499 2707 550; x_wconf 79' lang='grc' dir='ltr'>μου</span> <span class='ocrx_word' id='word_1_40' title='bbox 2735 521 2749 546; x_wconf 87' lang='grc'><strong>,</strong></span> <span class='ocrx_word' id='word_1_41' title='bbox 2806 479 2942 534; x_wconf 68' lang='grc' dir='ltr'>ἀλλ’</span> <span class='ocrx_word' id='word_1_42' title='bbox 2984 477 3347 547; x_wconf 72' lang='grc' dir='ltr'>ὲλαμϐἁνεεε</span> <span class='ocrx_word' id='word_1_43' title='bbox 3392 478 3688 548; x_wconf 77' lang='grc' dir='ltr'>πρόσωπα</span> <span class='ocrx_word' id='word_1_44' title='bbox 3727 479 3787 533; x_wconf 66' lang='grc' dir='ltr'><strong>ἐν</strong></span> 
     </span>
    </p>
   </div>
   <div class='ocr_carea' id='block_1_8' title="bbox 2214 573 2400 640">
    <p class='ocr_par' dir='ltr' id='par_1_8' title="bbox 2214 573 2400 640">
     <span class='ocr_line' id='line_1_8' title="bbox 2214 573 2400 640; baseline -0.005 -16"><span class='ocrx_word' id='word_1_45' title='bbox 2214 573 2400 640; x_wconf 82' lang='grc' dir='ltr'>νόμῳ.</span> 
     </span>
    </p>
   </div>
   <div class='ocr_carea' id='block_1_9' title="bbox 2286 655 3791 731">
    <p class='ocr_par' dir='ltr' id='par_1_9' title="bbox 2286 655 3791 731">
     <span class='ocr_line' id='line_1_9' title="bbox 2286 655 3791 731; baseline 0.003 -24"><span class='ocrx_word' id='word_1_46' title='bbox 2286 657 2410 708; x_wconf 78' lang='grc' dir='ltr'><strong>ΚΔ¹⁹</strong></span> <span class='ocrx_word' id='word_1_47' title='bbox 2451 656 2576 708; x_wconf 71' lang='grc' dir='ltr'>Ἐπὶ</span> <span class='ocrx_word' id='word_1_48' title='bbox 2623 656 2720 720; x_wconf 86' lang='grc' dir='ltr'>τὰς</span> <span class='ocrx_word' id='word_1_49' title='bbox 2772 655 2877 709; x_wconf 86' lang='grc' dir='ltr'>τῶν</span> <span class='ocrx_word' id='word_1_50' title='bbox 2925 655 3178 726; x_wconf 79' lang='grc' dir='ltr'><strong>πατέρων</strong></span> <span class='ocrx_word' id='word_1_51' title='bbox 3234 655 3439 710; x_wconf 76' lang='grc' dir='ltr'><strong>ἄνεισιν</strong></span> <span class='ocrx_word' id='word_1_52' title='bbox 3498 658 3791 731; x_wconf 70' lang='grc' dir='ltr'>ἁμαρτίας,</span> 
     </span>
    </p>
   </div>
   <div class='ocr_carea' id='block_1_10' title="bbox 535 746 2120 823">
    <p class='ocr_par' dir='ltr' id='par_1_10' title="bbox 535 753 2116 823">
     <span class='ocr_line' id='line_1_10' title="bbox 535 753 2116 823; baseline -0.003 -11"><span class='ocrx_word' id='word_1_53' title='bbox 535 759 761 812; x_wconf 80' lang='lat' dir='ltr'><strong>stiorum</strong></span> <span class='ocrx_word' id='word_1_54' title='bbox 812 755 1101 810; x_wconf 85' lang='lat' dir='ltr'><strong>criminum</strong></span> <span class='ocrx_word' id='word_1_55' title='bbox 1153 755 1428 808; x_wconf 92' lang='lat' dir='ltr'><strong>admonet.</strong></span> <span class='ocrx_word' id='word_1_56' title='bbox 1482 754 1547 808; x_wconf 89' lang='lat' dir='ltr'><strong>Et</strong></span> <span class='ocrx_word' id='word_1_57' title='bbox 1589 753 1844 823; x_wconf 87' lang='lat' dir='ltr'><strong>quoniam</strong></span> <span class='ocrx_word' id='word_1_58' title='bbox 1895 754 1950 808; x_wconf 88' lang='lat' dir='ltr'><strong>in</strong></span> <span class='ocrx_word' id='word_1_59' title='bbox 1999 753 2116 822; x_wconf 77' lang='lat' dir='ltr'><strong>lege</strong></span> 
     </span>
    </p>
   </div>
   <div class='ocr_carea' id='block_1_11' title="bbox 2230 746 3798 823">
    <p class='ocr_par' dir='ltr' id='par_1_11' title="bbox 2230 746 3798 821">
     <span class='ocr_line' id='line_1_11' title="bbox 2230 746 3798 821; baseline 0.003 -22"><span class='ocrx_word' id='word_1_60' title='bbox 2230 746 2628 817; x_wconf 64' lang='grc' dir='ltr'>ὅπομιμνήσκει</span> <span class='ocrx_word' id='word_1_61' title='bbox 2656 747 2710 800; x_wconf 79' lang='grc' dir='ltr'>δὲ</span> <span class='ocrx_word' id='word_1_62' title='bbox 2738 749 2831 800; x_wconf 77' lang='grc' dir='ltr'><strong>καὶ</strong></span> <span class='ocrx_word' id='word_1_63' title='bbox 2863 747 3058 811; x_wconf 73' lang='grc' dir='ltr'>αὐτοὺς</span> <span class='ocrx_word' id='word_1_64' title='bbox 3086 748 3195 800; x_wconf 83' lang='grc' dir='ltr'><strong>τῶν</strong></span> <span class='ocrx_word' id='word_1_65' title='bbox 3220 748 3600 821; x_wconf 78' lang='grc' dir='ltr'><strong>ἀρχαιοτέρων</strong></span> <span class='ocrx_word' id='word_1_66' title='bbox 3629 752 3798 804; x_wconf 72' lang='lat' dir='ltr'><strong>alnu-</strong></span> 
     </span>
    </p>
   </div>
   <div class='ocr_carea' id='block_1_12' title="bbox 536 847 2115 910">
    <p class='ocr_par' dir='ltr' id='par_1_12' title="bbox 536 847 2115 910">
     <span class='ocr_line' id='line_1_12' title="bbox 536 847 2115 910; baseline -0.002 -7"><span class='ocrx_word' id='word_1_67' title='bbox 536 847 882 903; x_wconf 87' lang='lat' dir='ltr'><strong>custodieuda</strong></span> <span class='ocrx_word' id='word_1_68' title='bbox 937 855 1251 900; x_wconf 89' lang='lat' dir='ltr'><strong>constantes</strong></span> <span class='ocrx_word' id='word_1_69' title='bbox 1305 862 1409 900; x_wconf 90' lang='lat' dir='ltr'><strong>non</strong></span> <span class='ocrx_word' id='word_1_70' title='bbox 1468 855 1657 910; x_wconf 87' lang='lat' dir='ltr'><strong>erant,</strong></span> <span class='ocrx_word' id='word_1_71' title='bbox 1708 847 1831 900; x_wconf 88' lang='lat' dir='ltr'><strong>ideo</strong></span> <span class='ocrx_word' id='word_1_72' title='bbox 1889 847 2115 900; x_wconf 87' lang='lat' dir='ltr'><strong>traditos</strong></span> 
     </span>
    </p>
   </div>
   <div class='ocr_carea' id='block_1_13' title="bbox 537 936 2116 1011">
    <p class='ocr_par' dir='ltr' id='par_1_13' title="bbox 537 936 2116 1011">
     <span class='ocr_line' id='line_1_13' title="bbox 537 936 2116 1011; baseline -0.003 -17"><span class='ocrx_word' id='word_1_73' title='bbox 537 937 768 994; x_wconf 68' lang='lat' dir='ltr'><strong>afﬁrmat</strong></span> <span class='ocrx_word' id='word_1_74' title='bbox 802 937 906 990; x_wconf 88' lang='lat' dir='ltr'><strong>illis</strong></span> <span class='ocrx_word' id='word_1_75' title='bbox 937 951 966 990; x_wconf 87' lang='lat' dir='ltr'><strong>a</strong></span> <span class='ocrx_word' id='word_1_76' title='bbox 1000 936 1196 1004; x_wconf 77' lang='lat' dir='ltr'><strong>quibus</strong></span> <span class='ocrx_word' id='word_1_77' title='bbox 1229 937 1290 1011; x_wconf 27' lang='lat' dir='ltr'><strong>in,</strong></span> <span class='ocrx_word' id='word_1_78' title='bbox 1317 937 1686 1006; x_wconf 79' lang='lat' dir='ltr'><strong>captivitatem</strong></span> <span class='ocrx_word' id='word_1_79' title='bbox 1716 945 1842 990; x_wconf 92' lang='lat' dir='ltr'><strong>sunt</strong></span> <span class='ocrx_word' id='word_1_80' title='bbox 1866 936 2116 1002; x_wconf 89' lang='lat' dir='ltr'><strong>abducti,</strong></span> 
     </span>
    </p>
   </div>
   <div class='ocr_carea' id='block_1_14' title="bbox 2221 834 3797 910">
    <p class='ocr_par' dir='ltr' id='par_1_14' title="bbox 2221 834 3797 910">
     <span class='ocr_line' id='line_1_14' title="bbox 2221 834 3797 910; baseline 0.001 -20"><span class='ocrx_word' id='word_1_81' title='bbox 2221 837 2423 907; x_wconf 82' lang='grc' dir='ltr'>μάτων.</span> <span class='ocrx_word' id='word_1_82' title='bbox 2470 838 2581 891; x_wconf 70' lang='grc' dir='ltr'>Καὶ</span> <span class='ocrx_word' id='word_1_83' title='bbox 2628 839 2857 908; x_wconf 74' lang='grc' dir='ltr'>ἐπείπερ</span> <span class='ocrx_word' id='word_1_84' title='bbox 2891 834 3031 908; x_wconf 79' lang='grc' dir='ltr'>ἦσαν</span> <span class='ocrx_word' id='word_1_85' title='bbox 3076 839 3176 892; x_wconf 75' lang='grc' dir='ltr'><strong>οὐκ</strong></span> <span class='ocrx_word' id='word_1_86' title='bbox 3216 839 3481 907; x_wconf 79' lang='grc' dir='ltr'><strong>ἀσφαλεῖς</strong></span> <span class='ocrx_word' id='word_1_87' title='bbox 3528 841 3660 910; x_wconf 78' lang='grc' dir='ltr'>περὶ</span> <span class='ocrx_word' id='word_1_88' title='bbox 3705 841 3797 910; x_wconf 73' lang='grc' dir='ltr'>τὴν</span> 
     </span>
    </p>
   </div>
   <div class='ocr_carea' id='block_1_15' title="bbox 2217 923 3797 998">
    <p class='ocr_par' dir='ltr' id='par_1_15' title="bbox 2217 923 3797 998">
     <span class='ocr_line' id='line_1_15' title="bbox 2217 923 3797 998; baseline 0.004 -21"><span class='ocrx_word' id='word_1_89' title='bbox 2217 923 2310 977; x_wconf 80' lang='grc' dir='ltr'>τοῦ</span> <span class='ocrx_word' id='word_1_90' title='bbox 2336 925 2502 996; x_wconf 82' lang='grc' dir='ltr'>νόμου</span> <span class='ocrx_word' id='word_1_91' title='bbox 2527 926 2786 996; x_wconf 82' lang='grc' dir='ltr'>τήρησιν,</span> <span class='ocrx_word' id='word_1_92' title='bbox 2815 926 2986 998; x_wconf 81' lang='grc' dir='ltr'>ταύτῃ</span> <span class='ocrx_word' id='word_1_93' title='bbox 3023 945 3105 996; x_wconf 81' lang='grc' dir='ltr'><strong>τοι</strong></span> <span class='ocrx_word' id='word_1_94' title='bbox 3133 927 3378 982; x_wconf 81' lang='grc' dir='ltr'><strong>δεδόσθαι</strong></span> <span class='ocrx_word' id='word_1_95' title='bbox 3413 930 3578 998; x_wconf 74' lang='grc' dir='ltr'>φησὶν</span> <span class='ocrx_word' id='word_1_96' title='bbox 3604 930 3797 994; x_wconf 75' lang='grc' dir='ltr'>αὐτοὺς</span> 
     </span>
    </p>
   </div>
   <div class='ocr_carea' id='block_1_16' title="bbox 537 1015 2120 1096">
    <p class='ocr_par' dir='ltr' id='par_1_16' title="bbox 537 1026 2117 1096">
     <span class='ocr_line' id='line_1_16' title="bbox 537 1026 2117 1096; baseline -0.003 -11"><span class='ocrx_word' id='word_1_97' title='bbox 537 1029 751 1093; x_wconf 86' lang='lat' dir='ltr'><strong>miseri,</strong></span> <span class='ocrx_word' id='word_1_98' title='bbox 777 1037 831 1083; x_wconf 90' lang='lat' dir='ltr'><strong>et</strong></span> <span class='ocrx_word' id='word_1_99' title='bbox 857 1027 1080 1096; x_wconf 87' lang='lat' dir='ltr'><strong>abjecti,</strong></span> <span class='ocrx_word' id='word_1_100' title='bbox 1109 1036 1163 1081; x_wconf 90' lang='lat' dir='ltr'><strong>et</strong></span> <span class='ocrx_word' id='word_1_101' title='bbox 1194 1028 1338 1082; x_wconf 90' lang='lat' dir='ltr'><strong>omni</strong></span> <span class='ocrx_word' id='word_1_102' title='bbox 1373 1027 1699 1095; x_wconf 79' lang='lat' dir='ltr'><strong>indulgentia</strong></span> <span class='ocrx_word' id='word_1_103' title='bbox 1728 1027 1955 1082; x_wconf 79' lang='lat' dir='ltr'><strong>exclusi.</strong></span> <span class='ocrx_word' id='word_1_104' title='bbox 1980 1026 2117 1093; x_wconf 86' lang='lat' dir='ltr'><strong>Quid</strong></span> 
     </span>
    </p>
   </div>
   <div class='ocr_carea' id='block_1_17' title="bbox 2230 1015 3799 1096">
    <p class='ocr_par' dir='ltr' id='par_1_17' title="bbox 2230 1015 3799 1088">
     <span class='ocr_line' id='line_1_17' title="bbox 2230 1015 3799 1088; baseline 0.002 -21"><span class='ocrx_word' id='word_1_105' title='bbox 2230 1017 2329 1077; x_wconf 78' lang='grc' dir='ltr'>τοῖς</span> <span class='ocrx_word' id='word_1_106' title='bbox 2373 1015 2780 1086; x_wconf 87' lang='grc' dir='ltr'>ἀποκομίσασιν</span> <span class='ocrx_word' id='word_1_107' title='bbox 2822 1017 2902 1079; x_wconf 89' lang='grc' dir='ltr'><strong>είς</strong></span> <span class='ocrx_word' id='word_1_108' title='bbox 2948 1015 3327 1086; x_wconf 75' lang='grc' dir='ltr'><strong>αἰχμαλωσίαν</strong></span> <span class='ocrx_word' id='word_1_109' title='bbox 3369 1017 3658 1088; x_wconf 65' lang='grc' dir='ltr'>οἰκτροὺς,</span> <span class='ocrx_word' id='word_1_110' title='bbox 3709 1018 3799 1072; x_wconf 83' lang='grc' dir='ltr'>καὶ</span> 
     </span>
    </p>
   </div>
   <div class='ocr_carea' id='block_1_18' title="bbox 538 1116 2122 1187">
    <p class='ocr_par' dir='ltr' id='par_1_18' title="bbox 538 1116 2122 1187">
     <span class='ocr_line' id='line_1_18' title="bbox 538 1116 2122 1187; baseline -0.003 -13"><span class='ocrx_word' id='word_1_111' title='bbox 538 1122 680 1174; x_wconf 89' lang='lat' dir='ltr'><strong>enim</strong></span> <span class='ocrx_word' id='word_1_112' title='bbox 718 1119 1181 1174; x_wconf 89' lang='lat' dir='ltr'><strong>incommodorum</strong></span> <span class='ocrx_word' id='word_1_113' title='bbox 1218 1118 1361 1186; x_wconf 90' lang='lat' dir='ltr'><strong>passi</strong></span> <span class='ocrx_word' id='word_1_114' title='bbox 1395 1133 1499 1172; x_wconf 91' lang='lat' dir='ltr'><strong>non</strong></span> <span class='ocrx_word' id='word_1_115' title='bbox 1535 1127 1689 1183; x_wconf 92' lang='lat' dir='ltr'><strong>sunt,</strong></span> <span class='ocrx_word' id='word_1_116' title='bbox 1719 1127 1771 1173; x_wconf 90' lang='lat' dir='ltr'><strong>et</strong></span> <span class='ocrx_word' id='word_1_117' title='bbox 1807 1133 1942 1187; x_wconf 84' lang='lat' dir='ltr'><strong>quas</strong></span> <span class='ocrx_word' id='word_1_118' title='bbox 1977 1116 2122 1170; x_wconf 87' lang='lat' dir='ltr'><strong>cala-</strong></span> 
     </span>
    </p>
   </div>
   <div class='ocr_carea' id='block_1_19' title="bbox 541 1207 2118 1272">
    <p class='ocr_par' dir='ltr' id='par_1_19' title="bbox 541 1207 2118 1272">
     <span class='ocr_line' id='line_1_19' title="bbox 541 1207 2118 1272; baseline -0.001 -11"><span class='ocrx_word' id='word_1_119' title='bbox 541 1209 753 1262; x_wconf 88' lang='lat' dir='ltr'><strong>mitates</strong></span> <span class='ocrx_word' id='word_1_120' title='bbox 794 1207 1036 1262; x_wconf 81' lang='lat' dir='ltr'><strong>infelices</strong></span> <span class='ocrx_word' id='word_1_121' title='bbox 1065 1207 1135 1261; x_wconf 91' lang='lat' dir='ltr'><strong>illi</strong></span> <span class='ocrx_word' id='word_1_122' title='bbox 1177 1223 1280 1260; x_wconf 91' lang='lat' dir='ltr'><strong>non</strong></span> <span class='ocrx_word' id='word_1_123' title='bbox 1309 1209 1699 1262; x_wconf 79' lang='lat' dir='ltr'><strong>exantlarunt?</strong></span> <span class='ocrx_word' id='word_1_124' title='bbox 1729 1208 1994 1263; x_wconf 62' lang='lat' dir='ltr'><strong>Caeterum</strong></span> <span class='ocrx_word' id='word_1_125' title='bbox 2018 1248 2034 1272; x_wconf 92' lang='lat'><strong>,</strong></span> <span class='ocrx_word' id='word_1_126' title='bbox 2074 1207 2118 1262; x_wconf 90' lang='lat' dir='ltr'><strong>si</strong></span> 
     </span>
    </p>
   </div>
   <div class='ocr_carea' id='block_1_20' title="bbox 542 1299 2119 1369">
    <p class='ocr_par' dir='ltr' id='par_1_20' title="bbox 542 1299 2119 1369">
     <span class='ocr_line' id='line_1_20' title="bbox 542 1299 2119 1369; baseline -0.003 -15"><span class='ocrx_word' id='word_1_127' title='bbox 542 1317 701 1354; x_wconf 89' lang='lat' dir='ltr'><strong>nosse</strong></span> <span class='ocrx_word' id='word_1_128' title='bbox 725 1300 908 1364; x_wconf 86' lang='lat' dir='ltr'><strong>vultis,</strong></span> <span class='ocrx_word' id='word_1_129' title='bbox 939 1300 1136 1369; x_wconf 85' lang='lat' dir='ltr'><strong>inquit,</strong></span> <span class='ocrx_word' id='word_1_130' title='bbox 1167 1315 1359 1354; x_wconf 88' lang='lat' dir='ltr'><strong>causas</strong></span> <span class='ocrx_word' id='word_1_131' title='bbox 1381 1301 1449 1355; x_wconf 91' lang='lat' dir='ltr'><strong>ob</strong></span> <span class='ocrx_word' id='word_1_132' title='bbox 1473 1316 1610 1369; x_wconf 86' lang='lat' dir='ltr'><strong>quas</strong></span> <span class='ocrx_word' id='word_1_133' title='bbox 1641 1301 1813 1354; x_wconf 88' lang='lat' dir='ltr'><strong>iratus</strong></span> <span class='ocrx_word' id='word_1_134' title='bbox 1838 1309 1920 1354; x_wconf 90' lang='lat' dir='ltr'><strong>est</strong></span> <span class='ocrx_word' id='word_1_135' title='bbox 1947 1299 2119 1362; x_wconf 86' lang='lat' dir='ltr'><strong>vobis,</strong></span> 
     </span>
    </p>
   </div>
   <div class='ocr_carea' id='block_1_21' title="bbox 543 1390 2122 1457">
    <p class='ocr_par' dir='ltr' id='par_1_21' title="bbox 543 1390 2122 1457">
     <span class='ocr_line' id='line_1_21' title="bbox 543 1390 2122 1457; baseline 0 -13"><span class='ocrx_word' id='word_1_136' title='bbox 543 1392 774 1446; x_wconf 88' lang='lat' dir='ltr'><strong>audietis</strong></span> <span class='ocrx_word' id='word_1_137' title='bbox 801 1393 1067 1445; x_wconf 87' lang='lat' dir='ltr'><strong>dicentem</strong></span> <span class='ocrx_word' id='word_1_138' title='bbox 1097 1408 1111 1446; x_wconf 89' lang='lat'><strong>:</strong></span> <span class='ocrx_word' id='word_1_139' title='bbox 1146 1409 1163 1442; x_wconf 85' lang='grc'><em>‹</em></span> <span class='ocrx_word' id='word_1_140' title='bbox 1195 1390 1332 1457; x_wconf 86' lang='lat' dir='ltr'><strong>Quia</strong></span> <span class='ocrx_word' id='word_1_141' title='bbox 1356 1406 1450 1446; x_wconf 88' lang='lat' dir='ltr'><strong>vos</strong></span> <span class='ocrx_word' id='word_1_142' title='bbox 1481 1406 1586 1445; x_wconf 91' lang='lat' dir='ltr'><strong>non</strong></span> <span class='ocrx_word' id='word_1_143' title='bbox 1618 1390 1986 1446; x_wconf 89' lang='lat' dir='ltr'><strong>custodivistis</strong></span> <span class='ocrx_word' id='word_1_144' title='bbox 2008 1391 2122 1444; x_wconf 84' lang='lat' dir='ltr'><strong>vias</strong></span> 
     </span>
    </p>
   </div>
   <div class='ocr_carea' id='block_1_22' title="bbox 543 1480 2121 1551">
    <p class='ocr_par' dir='ltr' id='par_1_22' title="bbox 543 1480 2121 1551">
     <span class='ocr_line' id='line_1_22' title="bbox 543 1480 2121 1551; baseline -0.003 -15"><span class='ocrx_word' id='word_1_145' title='bbox 543 1498 712 1546; x_wconf 86' lang='lat' dir='ltr'><strong>meas,</strong></span> <span class='ocrx_word' id='word_1_146' title='bbox 740 1482 834 1537; x_wconf 88' lang='lat' dir='ltr'><strong>sed</strong></span> <span class='ocrx_word' id='word_1_147' title='bbox 865 1481 1215 1550; x_wconf 87' lang='lat' dir='ltr'><strong>accipiebatis</strong></span> <span class='ocrx_word' id='word_1_148' title='bbox 1243 1497 1530 1550; x_wconf 82' lang='lat' dir='ltr'><strong>personam</strong></span> <span class='ocrx_word' id='word_1_149' title='bbox 1566 1483 1617 1535; x_wconf 93' lang='lat' dir='ltr'><strong>in</strong></span> <span class='ocrx_word' id='word_1_150' title='bbox 1653 1481 1788 1551; x_wconf 81' lang='lat' dir='ltr'><strong>lege.</strong></span> <span class='ocrx_word' id='word_1_151' title='bbox 1826 1501 1844 1532; x_wconf 78' lang='grc' dir='ltr'><strong>ι</strong></span> <span class='ocrx_word' id='word_1_152' title='bbox 1883 1480 1992 1535; x_wconf 88' lang='lat' dir='ltr'><strong>lloc</strong></span> <span class='ocrx_word' id='word_1_153' title='bbox 2018 1489 2121 1546; x_wconf 91' lang='lat' dir='ltr'><strong>est,</strong></span> 
     </span>
    </p>
   </div>
   <div class='ocr_carea' id='block_1_23' title="bbox 541 1571 2124 1643">
    <p class='ocr_par' dir='ltr' id='par_1_23' title="bbox 541 1571 2124 1643">
     <span class='ocr_line' id='line_1_23' title="bbox 541 1571 2124 1643; baseline 0 -17"><span class='ocrx_word' id='word_1_154' title='bbox 541 1575 759 1643; x_wconf 89' lang='lat' dir='ltr'><strong>opinor,</strong></span> <span class='ocrx_word' id='word_1_155' title='bbox 806 1573 1115 1641; x_wconf 85' lang='lat' dir='ltr'><strong>corrupisse</strong></span> <span class='ocrx_word' id='word_1_156' title='bbox 1165 1581 1546 1630; x_wconf 86' lang='lat' dir='ltr'><strong>testamentum</strong></span> <span class='ocrx_word' id='word_1_157' title='bbox 1595 1571 1762 1640; x_wconf 85' lang='lat' dir='ltr'><strong>Levi,</strong></span> <span class='ocrx_word' id='word_1_158' title='bbox 1809 1572 1948 1626; x_wconf 89' lang='lat' dir='ltr'><strong>viam</strong></span> <span class='ocrx_word' id='word_1_159' title='bbox 1999 1573 2124 1626; x_wconf 69' lang='lat' dir='ltr'><strong>vita:</strong></span> 
     </span>
    </p>
   </div>
   <div class='ocr_carea' id='block_1_24' title="bbox 541 1660 2124 1730">
    <p class='ocr_par' dir='ltr' id='par_1_24' title="bbox 541 1660 2124 1730">
     <span class='ocr_line' id='line_1_24' title="bbox 541 1660 2124 1730; baseline -0.002 -13"><span class='ocrx_word' id='word_1_160' title='bbox 541 1663 833 1717; x_wconf 81' lang='lat' dir='ltr'><strong>secundum</strong></span> <span class='ocrx_word' id='word_1_161' title='bbox 880 1660 1052 1730; x_wconf 82' lang='lat' dir='ltr'><strong>legem</strong></span> <span class='ocrx_word' id='word_1_162' title='bbox 1100 1670 1284 1716; x_wconf 91' lang='lat' dir='ltr'><strong>tenere</strong></span> <span class='ocrx_word' id='word_1_163' title='bbox 1327 1660 1588 1725; x_wconf 88' lang='lat' dir='ltr'><strong>noluisse,</strong></span> <span class='ocrx_word' id='word_1_164' title='bbox 1615 1670 1670 1715; x_wconf 89' lang='lat' dir='ltr'><strong>et</strong></span> <span class='ocrx_word' id='word_1_165' title='bbox 1705 1661 1756 1713; x_wconf 91' lang='lat' dir='ltr'><strong>in</strong></span> <span class='ocrx_word' id='word_1_166' title='bbox 1799 1673 2124 1728; x_wconf 90' lang='lat' dir='ltr'><strong>unoquoque</strong></span> 
     </span>
    </p>
   </div>
   <div class='ocr_carea' id='block_1_25' title="bbox 2220 1099 3798 1179">
    <p class='ocr_par' dir='ltr' id='par_1_25' title="bbox 2220 1099 3798 1179">
     <span class='ocr_line' id='line_1_25' title="bbox 2220 1099 3798 1179; baseline 0.001 -18"><span class='ocrx_word' id='word_1_167' title='bbox 2220 1108 2710 1179; x_wconf 74' lang='grc' dir='ltr'>κατερῤιμμένους,</span> <span class='ocrx_word' id='word_1_168' title='bbox 2745 1108 2844 1161; x_wconf 73' lang='grc' dir='ltr'>καὶ</span> <span class='ocrx_word' id='word_1_169' title='bbox 2867 1107 3081 1176; x_wconf 81' lang='grc' dir='ltr'><strong>φειδοῦς</strong></span> <span class='ocrx_word' id='word_1_170' title='bbox 3113 1099 3330 1177; x_wconf 66' lang='grc' dir='ltr'>ἀπάσης</span> <span class='ocrx_word' id='word_1_171' title='bbox 3353 1108 3798 1171; x_wconf 78' lang='grc' dir='ltr'><strong>ἐκπεπτωκότας.</strong></span> 
     </span>
    </p>
   </div>
   <div class='ocr_carea' id='block_1_26' title="bbox 2221 1198 3802 1270">
    <p class='ocr_par' dir='ltr' id='par_1_26' title="bbox 2221 1198 3802 1270">
     <span class='ocr_line' id='line_1_26' title="bbox 2221 1198 3802 1270; baseline -0.001 -17"><span class='ocrx_word' id='word_1_172' title='bbox 2221 1200 2284 1253; x_wconf 91' lang='grc' dir='ltr'><strong>Τί</strong></span> <span class='ocrx_word' id='word_1_173' title='bbox 2335 1200 2444 1269; x_wconf 86' lang='grc' dir='ltr'><strong>γὰρ</strong></span> <span class='ocrx_word' id='word_1_174' title='bbox 2493 1199 2600 1252; x_wconf 86' lang='grc' dir='ltr'><strong>τῶν</strong></span> <span class='ocrx_word' id='word_1_175' title='bbox 2635 1199 2876 1269; x_wconf 81' lang='grc' dir='ltr'>ἀνιαρῶν</span> <span class='ocrx_word' id='word_1_176' title='bbox 2911 1198 2972 1252; x_wconf 86' lang='grc' dir='ltr'><strong>ού</strong></span> <span class='ocrx_word' id='word_1_177' title='bbox 3009 1198 3205 1269; x_wconf 89' lang='grc' dir='ltr'>συνέϐη</span> <span class='ocrx_word' id='word_1_178' title='bbox 3259 1198 3453 1252; x_wconf 81' lang='grc' dir='ltr'>παθεῖν</span> <span class='ocrx_word' id='word_1_179' title='bbox 3496 1199 3718 1265; x_wconf 79' lang='grc' dir='ltr'>αὐτοὺς,</span> <span class='ocrx_word' id='word_1_180' title='bbox 3768 1201 3802 1270; x_wconf 66' lang='grc' dir='ltr'><strong>ἢ</strong></span> 
     </span>
    </p>
   </div>
   <div class='ocr_carea' id='block_1_27' title="bbox 2222 1287 3801 1362">
    <p class='ocr_par' dir='ltr' id='par_1_27' title="bbox 2222 1287 3801 1362">
     <span class='ocr_line' id='line_1_27' title="bbox 2222 1287 3801 1362; baseline 0 -19"><span class='ocrx_word' id='word_1_181' title='bbox 2222 1291 2401 1354; x_wconf 87' lang='grc' dir='ltr'>ποίαις</span> <span class='ocrx_word' id='word_1_182' title='bbox 2458 1291 2508 1344; x_wconf 83' lang='lat' dir='ltr'><strong>oi</strong></span> <span class='ocrx_word' id='word_1_183' title='bbox 2562 1291 2790 1354; x_wconf 87' lang='grc' dir='ltr'>τάλανες</span> <span class='ocrx_word' id='word_1_184' title='bbox 2843 1292 2901 1343; x_wconf 81' lang='grc' dir='ltr'><strong>ού</strong></span> <span class='ocrx_word' id='word_1_185' title='bbox 2957 1287 3405 1360; x_wconf 67' lang='grc' dir='ltr'>’κεκοινωνήκασι</span> <span class='ocrx_word' id='word_1_186' title='bbox 3461 1295 3801 1362; x_wconf 68' lang='grc' dir='ltr'>συμφοραῖςς</span> 
     </span>
    </p>
   </div>
   <div class='ocr_carea' id='block_1_28' title="bbox 2235 1380 3802 1452">
    <p class='ocr_par' dir='ltr' id='par_1_28' title="bbox 2235 1380 3802 1452">
     <span class='ocr_line' id='line_1_28' title="bbox 2235 1380 3802 1452; baseline -0.001 -17"><span class='ocrx_word' id='word_1_187' title='bbox 2235 1382 2376 1435; x_wconf 77' lang='grc' dir='ltr'>Ἀλλ’</span> <span class='ocrx_word' id='word_1_188' title='bbox 2401 1383 2449 1434; x_wconf 86' lang='grc' dir='ltr'><strong>εί</strong></span> <span class='ocrx_word' id='word_1_189' title='bbox 2480 1381 2780 1452; x_wconf 84' lang='grc' dir='ltr'><strong>βούλοισθε,</strong></span> <span class='ocrx_word' id='word_1_190' title='bbox 2830 1382 2964 1452; x_wconf 72' lang='grc' dir='ltr'>φησὶ</span> <span class='ocrx_word' id='word_1_191' title='bbox 2985 1421 3000 1444; x_wconf 90' lang='grc'><strong>,</strong></span> <span class='ocrx_word' id='word_1_192' title='bbox 3032 1380 3331 1451; x_wconf 85' lang='grc' dir='ltr'>ἀναμαθεῖν</span> <span class='ocrx_word' id='word_1_193' title='bbox 3360 1380 3457 1442; x_wconf 83' lang='grc' dir='ltr'>τὰς</span> <span class='ocrx_word' id='word_1_194' title='bbox 3490 1380 3672 1444; x_wconf 77' lang='grc' dir='ltr'>αἰτίας</span> <span class='ocrx_word' id='word_1_195' title='bbox 3703 1380 3802 1450; x_wconf 77' lang='grc' dir='ltr'>τῆς</span> 
     </span>
    </p>
   </div>
   <div class='ocr_carea' id='block_1_29' title="bbox 2222 1469 3796 1544">
    <p class='ocr_par' dir='ltr' id='par_1_29' title="bbox 2222 1469 3796 1544">
     <span class='ocr_line' id='line_1_29' title="bbox 2222 1469 3796 1544; baseline -0.003 -18"><span class='ocrx_word' id='word_1_196' title='bbox 2222 1475 2306 1542; x_wconf 76' lang='grc' dir='ltr'><strong>ἐφ’</strong></span> <span class='ocrx_word' id='word_1_197' title='bbox 2343 1473 2496 1544; x_wconf 83' lang='grc' dir='ltr'>ὑμῶν</span> <span class='ocrx_word' id='word_1_198' title='bbox 2526 1472 2901 1544; x_wconf 80' lang='grc' dir='ltr'><strong>γεγενημένης</strong></span> <span class='ocrx_word' id='word_1_199' title='bbox 2942 1472 3134 1540; x_wconf 72' lang='grc' dir='ltr'>ὀργῆς,</span> <span class='ocrx_word' id='word_1_200' title='bbox 3179 1469 3478 1536; x_wconf 24' lang='grc' dir='ltr'>,ἀκούσεσθε</span> <span class='ocrx_word' id='word_1_201' title='bbox 3516 1470 3796 1538; x_wconf 81' lang='grc' dir='ltr'>λέγοντος·</span> 
     </span>
    </p>
   </div>
   <div class='ocr_carea' id='block_1_30' title="bbox 2229 1560 3798 1636">
    <p class='ocr_par' dir='ltr' id='par_1_30' title="bbox 2229 1560 3798 1636">
     <span class='ocr_line' id='line_1_30' title="bbox 2229 1560 3798 1636; baseline -0.002 -19"><span class='ocrx_word' id='word_1_202' title='bbox 2229 1566 2412 1619; x_wconf 78' lang='grc' dir='ltr'>(Ἀνθ’</span> <span class='ocrx_word' id='word_1_203' title='bbox 2463 1560 2537 1619; x_wconf 82' lang='grc' dir='ltr'>ὧν</span> <span class='ocrx_word' id='word_1_204' title='bbox 2592 1566 2749 1636; x_wconf 85' lang='grc' dir='ltr'>ὑμεῖς</span> <span class='ocrx_word' id='word_1_205' title='bbox 2795 1566 2895 1618; x_wconf 83' lang='grc' dir='ltr'><strong>ούκ</strong></span> <span class='ocrx_word' id='word_1_206' title='bbox 2942 1563 3280 1634; x_wconf 81' lang='grc' dir='ltr'>ὲφυλάξασθε</span> <span class='ocrx_word' id='word_1_207' title='bbox 3329 1563 3428 1627; x_wconf 76' lang='grc' dir='ltr'><strong>τὰς</strong></span> <span class='ocrx_word' id='word_1_208' title='bbox 3472 1561 3626 1627; x_wconf 71' lang='grc' dir='ltr'>ὁδούς</span> <span class='ocrx_word' id='word_1_209' title='bbox 3676 1579 3798 1632; x_wconf 84' lang='grc' dir='ltr'>μου,</span> 
     </span>
    </p>
   </div>
   <div class='ocr_carea' id='block_1_31' title="bbox 2225 1649 3796 1728">
    <p class='ocr_par' dir='ltr' id='par_1_31' title="bbox 2225 1649 3796 1728">
     <span class='ocr_line' id='line_1_31' title="bbox 2225 1649 3796 1728; baseline -0.002 -18"><span class='ocrx_word' id='word_1_210' title='bbox 2225 1657 2337 1710; x_wconf 83' lang='grc' dir='ltr'>ἀλλ’</span> <span class='ocrx_word' id='word_1_211' title='bbox 2372 1656 2705 1726; x_wconf 75' lang='grc' dir='ltr'>ἐλαμϐάνετε</span> <span class='ocrx_word' id='word_1_212' title='bbox 2739 1657 3006 1728; x_wconf 85' lang='grc' dir='ltr'>πρόσωπα</span> <span class='ocrx_word' id='word_1_213' title='bbox 3039 1657 3096 1708; x_wconf 86' lang='grc' dir='ltr'>ὲν</span> <span class='ocrx_word' id='word_1_214' title='bbox 3139 1655 3307 1726; x_wconf 81' lang='grc' dir='ltr'>νόμῳ.</span> <span class='ocrx_word' id='word_1_215' title='bbox 3354 1673 3372 1706; x_wconf 76' lang='grc' dir='ltr'><strong>ι</strong></span> <span class='ocrx_word' id='word_1_216' title='bbox 3409 1653 3599 1716; x_wconf 82' lang='grc' dir='ltr'>Τοῦτο,</span> <span class='ocrx_word' id='word_1_217' title='bbox 3627 1649 3796 1724; x_wconf 72' lang='grc' dir='ltr'>οἶμαι,</span> 
     </span>
    </p>
   </div>
   <div class='ocr_carea' id='block_1_32' title="bbox 543 1742 2120 1823">
    <p class='ocr_par' dir='ltr' id='par_1_32' title="bbox 543 1749 2120 1823">
     <span class='ocr_line' id='line_1_32' title="bbox 543 1749 2120 1823; baseline -0.001 -17"><span class='ocrx_word' id='word_1_218' title='bbox 543 1757 758 1823; x_wconf 75' lang='lat' dir='ltr'><strong>negotio</strong></span> <span class='ocrx_word' id='word_1_219' title='bbox 789 1749 1430 1821; x_wconf 68' lang='lat' dir='ltr'><strong>iniquissime&#39;judicasse</strong></span> <span class='ocrx_word' id='word_1_220' title='bbox 1465 1770 1479 1806; x_wconf 89' lang='lat'><strong>:</strong></span> <span class='ocrx_word' id='word_1_221' title='bbox 1519 1753 1729 1806; x_wconf 87' lang='lat' dir='ltr'><strong>tametsi</strong></span> <span class='ocrx_word' id='word_1_222' title='bbox 1767 1751 1906 1805; x_wconf 86' lang='lat' dir='ltr'><strong>Deus</strong></span> <span class='ocrx_word' id='word_1_223' title='bbox 1942 1757 2120 1821; x_wconf 89' lang='lat' dir='ltr'><strong>aperte</strong></span> 
     </span>
    </p>
   </div>
   <div class='ocr_carea' id='block_1_33' title="bbox 2230 1742 3801 1823">
    <p class='ocr_par' dir='ltr' id='par_1_33' title="bbox 2230 1745 3801 1820">
     <span class='ocr_line' id='line_1_33' title="bbox 2230 1745 3801 1820; baseline 0 -20"><span class='ocrx_word' id='word_1_224' title='bbox 2230 1748 2339 1800; x_wconf 76' lang='grc' dir='ltr'>ἐστι</span> <span class='ocrx_word' id='word_1_225' title='bbox 2373 1748 2432 1800; x_wconf 85' lang='grc' dir='ltr'><strong>τὸ</strong></span> <span class='ocrx_word' id='word_1_226' title='bbox 2463 1747 2774 1819; x_wconf 72' lang='grc' dir='ltr'>διαφθεῖραι</span> <span class='ocrx_word' id='word_1_227' title='bbox 2813 1749 2910 1820; x_wconf 80' lang='grc' dir='ltr'>τὴν</span> <span class='ocrx_word' id='word_1_228' title='bbox 2960 1747 3230 1818; x_wconf 84' lang='grc' dir='ltr'><strong>διαθήκην</strong></span> <span class='ocrx_word' id='word_1_229' title='bbox 3279 1745 3374 1800; x_wconf 78' lang='grc' dir='ltr'>τοῦ</span> <span class='ocrx_word' id='word_1_230' title='bbox 3418 1747 3572 1811; x_wconf 67' lang='grc' dir='ltr'>Λευὶ,</span> <span class='ocrx_word' id='word_1_231' title='bbox 3617 1745 3682 1800; x_wconf 84' lang='grc' dir='ltr'>τὸ</span> <span class='ocrx_word' id='word_1_232' title='bbox 3731 1746 3801 1817; x_wconf 81' lang='grc' dir='ltr'>μὴ</span> 
     </span>
    </p>
   </div>
   <div class='ocr_carea' id='block_1_34' title="bbox 542 1840 2118 1911">
    <p class='ocr_par' dir='ltr' id='par_1_34' title="bbox 542 1840 2118 1911">
     <span class='ocr_line' id='line_1_34' title="bbox 542 1840 2118 1911; baseline -0.002 -17"><span class='ocrx_word' id='word_1_233' title='bbox 542 1844 688 1895; x_wconf 86' lang='lat' dir='ltr'><strong>dicat</strong></span> <span class='ocrx_word' id='word_1_234' title='bbox 720 1860 733 1895; x_wconf 87' lang='lat'><strong>:</strong></span> <span class='ocrx_word' id='word_1_235' title='bbox 773 1859 792 1892; x_wconf 76' lang='grc' dir='ltr'><strong>ι</strong></span> <span class='ocrx_word' id='word_1_236' title='bbox 829 1840 948 1894; x_wconf 80' lang='lat' dir='ltr'><strong>Non</strong></span> <span class='ocrx_word' id='word_1_237' title='bbox 981 1842 1218 1911; x_wconf 86' lang='lat' dir='ltr'><strong>accipies</strong></span> <span class='ocrx_word' id='word_1_238' title='bbox 1255 1856 1539 1910; x_wconf 89' lang='lat' dir='ltr'><strong>personam</strong></span> <span class='ocrx_word' id='word_1_239' title='bbox 1575 1841 1628 1894; x_wconf 94' lang='lat' dir='ltr'><strong>in</strong></span> <span class='ocrx_word' id='word_1_240' title='bbox 1655 1840 1891 1910; x_wconf 87' lang='lat' dir='ltr'><strong>judicio,</strong></span> <span class='ocrx_word' id='word_1_241' title='bbox 1923 1854 2118 1893; x_wconf 81' lang='lat' dir='ltr'><strong>secun-</strong></span> 
     </span>
    </p>
   </div>
   <div class='ocr_carea' id='block_1_35' title="bbox 543 1928 2120 2002">
    <p class='ocr_par' dir='ltr' id='par_1_35' title="bbox 543 1928 2120 2002">
     <span class='ocr_line' id='line_1_35' title="bbox 543 1928 2120 2002; baseline 0 -18"><span class='ocrx_word' id='word_1_242' title='bbox 543 1935 668 1985; x_wconf 90' lang='lat' dir='ltr'><strong>dum</strong></span> <span class='ocrx_word' id='word_1_243' title='bbox 712 1946 937 2000; x_wconf 86' lang='lat' dir='ltr'><strong>parvum</strong></span> <span class='ocrx_word' id='word_1_244' title='bbox 980 1940 1073 1985; x_wconf 91' lang='lat' dir='ltr'><strong>aut</strong></span> <span class='ocrx_word' id='word_1_245' title='bbox 1111 1947 1360 2002; x_wconf 76' lang='lat' dir='ltr'><strong>magnum</strong></span> <span class='ocrx_word' id='word_1_246' title='bbox 1407 1947 1514 1986; x_wconf 91' lang='lat' dir='ltr'><strong>non</strong></span> <span class='ocrx_word' id='word_1_247' title='bbox 1551 1929 1905 1999; x_wconf 72' lang='lat' dir='ltr'><strong>iudicabis&quot;.</strong></span> <span class='ocrx_word' id='word_1_248' title='bbox 1951 1950 1968 1983; x_wconf 76' lang='grc' dir='ltr'><strong>ι</strong></span> <span class='ocrx_word' id='word_1_249' title='bbox 2019 1928 2120 1984; x_wconf 86' lang='lat' dir='ltr'><strong>Per</strong></span> 
     </span>
    </p>
   </div>
   <div class='ocr_carea' id='block_1_36' title="bbox 542 2020 2119 2092">
    <p class='ocr_par' dir='ltr' id='par_1_36' title="bbox 542 2020 2119 2092">
     <span class='ocr_line' id='line_1_36' title="bbox 542 2020 2119 2092; baseline -0.001 -16"><span class='ocrx_word' id='word_1_250' title='bbox 542 2039 676 2090; x_wconf 89' lang='lat' dir='ltr'><strong>quas</strong></span> <span class='ocrx_word' id='word_1_251' title='bbox 705 2032 884 2078; x_wconf 90' lang='lat' dir='ltr'><strong>autem</strong></span> <span class='ocrx_word' id='word_1_252' title='bbox 912 2021 1098 2092; x_wconf 92' lang='lat' dir='ltr'><strong>culpas</strong></span> <span class='ocrx_word' id='word_1_253' title='bbox 1127 2023 1373 2078; x_wconf 84' lang='lat' dir='ltr'><strong>hostibus</strong></span> <span class='ocrx_word' id='word_1_254' title='bbox 1399 2023 1626 2076; x_wconf 88' lang='lat' dir='ltr'><strong>traditos</strong></span> <span class='ocrx_word' id='word_1_255' title='bbox 1655 2033 1708 2076; x_wconf 90' lang='lat' dir='ltr'><strong>et</strong></span> <span class='ocrx_word' id='word_1_256' title='bbox 1731 2020 1974 2090; x_wconf 83' lang='lat' dir='ltr'><strong>abjectus</strong></span> <span class='ocrx_word' id='word_1_257' title='bbox 1999 2035 2119 2075; x_wconf 88' lang='lat' dir='ltr'><strong>esse</strong></span> 
     </span>
    </p>
   </div>
   <div class='ocr_carea' id='block_1_37' title="bbox 544 2115 2121 2186">
    <p class='ocr_par' dir='ltr' id='par_1_37' title="bbox 544 2115 2121 2186">
     <span class='ocr_line' id='line_1_37' title="bbox 544 2115 2121 2186; baseline 0.001 -18"><span class='ocrx_word' id='word_1_258' title='bbox 544 2116 703 2180; x_wconf 84' lang='lat' dir='ltr'><strong>dicit,</strong></span> <span class='ocrx_word' id='word_1_259' title='bbox 742 2131 838 2186; x_wconf 92' lang='lat' dir='ltr'><strong>per</strong></span> <span class='ocrx_word' id='word_1_260' title='bbox 881 2118 1098 2171; x_wconf 87' lang='lat' dir='ltr'><strong>easdem</strong></span> <span class='ocrx_word' id='word_1_261' title='bbox 1147 2116 1392 2186; x_wconf 88' lang='lat' dir='ltr'><strong>apposite</strong></span> <span class='ocrx_word' id='word_1_262' title='bbox 1437 2117 1695 2182; x_wconf 89' lang='lat' dir='ltr'><strong>minatur,</strong></span> <span class='ocrx_word' id='word_1_263' title='bbox 1731 2115 1830 2170; x_wconf 91' lang='lat' dir='ltr'><strong>nisi</strong></span> <span class='ocrx_word' id='word_1_264' title='bbox 1881 2115 2121 2169; x_wconf 87' lang='lat' dir='ltr'><strong>rationes</strong></span> 
     </span>
    </p>
   </div>
   <div class='ocr_carea' id='block_1_38' title="bbox 543 2207 2119 2277">
    <p class='ocr_par' dir='ltr' id='par_1_38' title="bbox 543 2207 2119 2277">
     <span class='ocr_line' id='line_1_38' title="bbox 543 2207 2119 2277; baseline 0.002 -22"><span class='ocrx_word' id='word_1_265' title='bbox 543 2207 753 2260; x_wconf 79' lang='lat' dir='ltr'><strong>vivendi</strong></span> <span class='ocrx_word' id='word_1_266' title='bbox 783 2208 982 2262; x_wconf 90' lang='lat' dir='ltr'><strong>rectius</strong></span> <span class='ocrx_word' id='word_1_267' title='bbox 1015 2207 1367 2271; x_wconf 90' lang='lat' dir='ltr'><strong>iustitueriut,</strong></span> <span class='ocrx_word' id='word_1_268' title='bbox 1395 2222 1452 2262; x_wconf 90' lang='lat' dir='ltr'><strong>se</strong></span> <span class='ocrx_word' id='word_1_269' title='bbox 1477 2207 1692 2262; x_wconf 91' lang='lat' dir='ltr'><strong>illorum</strong></span> <span class='ocrx_word' id='word_1_270' title='bbox 1722 2207 1982 2277; x_wconf 89' lang='lat' dir='ltr'><strong>supplicio</strong></span> <span class='ocrx_word' id='word_1_271' title='bbox 2015 2220 2119 2259; x_wconf 90' lang='lat' dir='ltr'><strong>non</strong></span> 
     </span>
    </p>
   </div>
   <div class='ocr_carea' id='block_1_39' title="bbox 547 2296 2123 2368">
    <p class='ocr_par' dir='ltr' id='par_1_39' title="bbox 547 2296 2123 2368">
     <span class='ocr_line' id='line_1_39' title="bbox 547 2296 2123 2368; baseline 0.001 -17"><span class='ocrx_word' id='word_1_272' title='bbox 547 2308 1000 2365; x_wconf 87' lang='lat' dir='ltr'><strong>temperaturum.</strong></span> <span class='ocrx_word' id='word_1_273' title='bbox 1030 2296 1330 2353; x_wconf 87' lang='lat' dir='ltr'><strong>lusolenter</strong></span> <span class='ocrx_word' id='word_1_274' title='bbox 1356 2299 1500 2353; x_wconf 89' lang='lat' dir='ltr'><strong>enim</strong></span> <span class='ocrx_word' id='word_1_275' title='bbox 1533 2300 1582 2352; x_wconf 93' lang='lat' dir='ltr'><strong>in</strong></span> <span class='ocrx_word' id='word_1_276' title='bbox 1614 2298 1781 2368; x_wconf 82' lang='lat' dir='ltr'><strong>legem</strong></span> <span class='ocrx_word' id='word_1_277' title='bbox 1838 2305 2123 2368; x_wconf 85' lang='lat' dir='ltr'><strong>peccantes</strong></span> 
     </span>
    </p>
   </div>
   <div class='ocr_carea' id='block_1_40' title="bbox 544 2389 1822 2458">
    <p class='ocr_par' dir='ltr' id='par_1_40' title="bbox 544 2389 1822 2458">
     <span class='ocr_line' id='line_1_40' title="bbox 544 2389 1822 2458; baseline 0 -18"><span class='ocrx_word' id='word_1_278' title='bbox 544 2390 734 2444; x_wconf 82' lang='lat' dir='ltr'><strong>idonea</strong></span> <span class='ocrx_word' id='word_1_279' title='bbox 765 2396 818 2442; x_wconf 89' lang='lat' dir='ltr'><strong>et</strong></span> <span class='ocrx_word' id='word_1_280' title='bbox 848 2389 1331 2458; x_wconf 84' lang='lat' dir='ltr'><strong>congruentissima</strong></span> <span class='ocrx_word' id='word_1_281' title='bbox 1361 2403 1520 2458; x_wconf 66' lang='lat' dir='ltr'><strong>poena</strong></span> <span class='ocrx_word' id='word_1_282' title='bbox 1547 2397 1822 2456; x_wconf 88' lang='lat' dir='ltr'><strong>sequetur.</strong></span> 
     </span>
    </p>
   </div>
   <div class='ocr_carea' id='block_1_41' title="bbox 2225 1839 3803 1910">
    <p class='ocr_par' dir='ltr' id='par_1_41' title="bbox 2225 1839 3803 1910">
     <span class='ocr_line' id='line_1_41' title="bbox 2225 1839 3803 1910; baseline -0.003 -16"><span class='ocrx_word' id='word_1_283' title='bbox 2225 1843 2411 1910; x_wconf 83' lang='grc' dir='ltr'>τηρεῖν</span> <span class='ocrx_word' id='word_1_284' title='bbox 2440 1839 2654 1893; x_wconf 77' lang='grc' dir='ltr'>ἑλέσθαι</span> <span class='ocrx_word' id='word_1_285' title='bbox 2684 1840 2782 1910; x_wconf 83' lang='grc' dir='ltr'>τῆς</span> <span class='ocrx_word' id='word_1_286' title='bbox 2813 1840 2870 1893; x_wconf 85' lang='grc' dir='ltr'>ὲν</span> <span class='ocrx_word' id='word_1_287' title='bbox 2895 1840 3045 1909; x_wconf 83' lang='grc' dir='ltr'>νόμῳ</span> <span class='ocrx_word' id='word_1_288' title='bbox 3074 1839 3219 1909; x_wconf 79' lang='grc' dir='ltr'>ζωῆς</span> <span class='ocrx_word' id='word_1_289' title='bbox 3264 1839 3362 1910; x_wconf 84' lang='grc' dir='ltr'><strong>τὴν</strong></span> <span class='ocrx_word' id='word_1_290' title='bbox 3386 1839 3529 1904; x_wconf 84' lang='grc' dir='ltr'>ὁδὸν,</span> <span class='ocrx_word' id='word_1_291' title='bbox 3564 1841 3803 1893; x_wconf 74' lang='grc' dir='ltr'>ἐκτοπω-</span> 
     </span>
    </p>
   </div>
   <div class='ocr_carea' id='block_1_42' title="bbox 2223 1930 3803 2000">
    <p class='ocr_par' dir='ltr' id='par_1_42' title="bbox 2223 1930 3803 2000">
     <span class='ocr_line' id='line_1_42' title="bbox 2223 1930 3803 2000; baseline -0.003 -15"><span class='ocrx_word' id='word_1_292' title='bbox 2223 1932 2390 1994; x_wconf 86' lang='grc' dir='ltr'>τάτας</span> <span class='ocrx_word' id='word_1_293' title='bbox 2419 1930 2475 1983; x_wconf 83' lang='grc' dir='ltr'><strong>δὲ</strong></span> <span class='ocrx_word' id='word_1_294' title='bbox 2505 1931 2628 1984; x_wconf 90' lang='grc' dir='ltr'>λίαν</span> <span class='ocrx_word' id='word_1_295' title='bbox 2672 1931 2768 1984; x_wconf 72' lang='grc' dir='ltr'>καὶ</span> <span class='ocrx_word' id='word_1_296' title='bbox 2813 1930 2911 1994; x_wconf 78' lang='grc' dir='ltr'><strong>τὰς</strong></span> <span class='ocrx_word' id='word_1_297' title='bbox 2942 1932 3024 1999; x_wconf 76' lang='grc' dir='ltr'><strong>ἐφ’</strong></span> <span class='ocrx_word' id='word_1_298' title='bbox 3060 1931 3277 2000; x_wconf 76' lang='grc' dir='ltr'>ἑκάστῳ</span> <span class='ocrx_word' id='word_1_299' title='bbox 3317 1931 3604 2000; x_wconf 76' lang='grc' dir='ltr'><strong>πράγματι</strong></span> <span class='ocrx_word' id='word_1_300' title='bbox 3635 1932 3803 1982; x_wconf 83' lang='grc' dir='ltr'>ποιεῖ-</span> 
     </span>
    </p>
   </div>
   <div class='ocr_carea' id='block_1_43' title="bbox 2225 2021 3801 2094">
    <p class='ocr_par' dir='ltr' id='par_1_43' title="bbox 2225 2021 3801 2094">
     <span class='ocr_line' id='line_1_43' title="bbox 2225 2021 3801 2094; baseline -0.001 -18"><span class='ocrx_word' id='word_1_301' title='bbox 2225 2021 2348 2076; x_wconf 88' lang='grc' dir='ltr'>σθαι</span> <span class='ocrx_word' id='word_1_302' title='bbox 2393 2023 2624 2094; x_wconf 79' lang='grc' dir='ltr'>κρίσεις,</span> <span class='ocrx_word' id='word_1_303' title='bbox 2659 2023 2842 2076; x_wconf 87' lang='grc' dir='ltr'>καίτοι</span> <span class='ocrx_word' id='word_1_304' title='bbox 2895 2022 3030 2076; x_wconf 82' lang='grc' dir='ltr'>Θεοῦ</span> <span class='ocrx_word' id='word_1_305' title='bbox 3077 2021 3328 2091; x_wconf 81' lang='grc' dir='ltr'>λέγοντος</span> <span class='ocrx_word' id='word_1_306' title='bbox 3353 2021 3632 2090; x_wconf 71' lang='grc' dir='ltr'>ὲναργῶςο</span> <span class='ocrx_word' id='word_1_307' title='bbox 3678 2041 3697 2072; x_wconf 76' lang='grc' dir='ltr'>σ</span> <span class='ocrx_word' id='word_1_308' title='bbox 3730 2022 3801 2074; x_wconf 80' lang='grc' dir='ltr'>Ού</span> 
     </span>
    </p>
   </div>
   <div class='ocr_carea' id='block_1_44' title="bbox 2223 2111 3803 2188">
    <p class='ocr_par' dir='ltr' id='par_1_44' title="bbox 2223 2111 3803 2188">
     <span class='ocr_line' id='line_1_44' title="bbox 2223 2111 3803 2188; baseline -0.003 -19"><span class='ocrx_word' id='word_1_309' title='bbox 2223 2116 2371 2188; x_wconf 75' lang='grc' dir='ltr'>λήψῃ</span> <span class='ocrx_word' id='word_1_310' title='bbox 2402 2115 2692 2186; x_wconf 81' lang='grc' dir='ltr'>πρόσωπον</span> <span class='ocrx_word' id='word_1_311' title='bbox 2722 2115 2779 2168; x_wconf 80' lang='grc' dir='ltr'>ὲν</span> <span class='ocrx_word' id='word_1_312' title='bbox 2819 2114 3022 2184; x_wconf 83' lang='grc' dir='ltr'>κρίσει,</span> <span class='ocrx_word' id='word_1_313' title='bbox 3057 2113 3202 2168; x_wconf 79' lang='grc' dir='ltr'>κατὰ</span> <span class='ocrx_word' id='word_1_314' title='bbox 3226 2113 3317 2165; x_wconf 73' lang='grc' dir='ltr'><strong>τὸν</strong></span> <span class='ocrx_word' id='word_1_315' title='bbox 3350 2112 3567 2183; x_wconf 76' lang='grc' dir='ltr'>μικρὸν</span> <span class='ocrx_word' id='word_1_316' title='bbox 3590 2111 3686 2166; x_wconf 71' lang='grc' dir='ltr'>καὶ</span> <span class='ocrx_word' id='word_1_317' title='bbox 3715 2111 3803 2166; x_wconf 74' lang='grc' dir='ltr'>τὸν</span> 
     </span>
    </p>
   </div>
   <div class='ocr_carea' id='block_1_45' title="bbox 2229 2199 3805 2278">
    <p class='ocr_par' dir='ltr' id='par_1_45' title="bbox 2229 2199 3805 2278">
     <span class='ocr_line' id='line_1_45' title="bbox 2229 2199 3805 2278; baseline -0.001 -20"><span class='ocrx_word' id='word_1_318' title='bbox 2229 2206 2401 2277; x_wconf 87' lang='grc' dir='ltr'>μέγαν</span> <span class='ocrx_word' id='word_1_319' title='bbox 2424 2205 2486 2258; x_wconf 85' lang='grc' dir='ltr'><strong>ού</strong></span> <span class='ocrx_word' id='word_1_320' title='bbox 2512 2208 2735 2278; x_wconf 85' lang='grc' dir='ltr'>κρινεῖς.</span> <span class='ocrx_word' id='word_1_321' title='bbox 2764 2225 2782 2257; x_wconf 83' lang='grc'><strong><em>›</em></strong></span> <span class='ocrx_word' id='word_1_322' title='bbox 2812 2207 2890 2258; x_wconf 81' lang='grc' dir='ltr'><strong>Δι’</strong></span> <span class='ocrx_word' id='word_1_323' title='bbox 2925 2199 2999 2258; x_wconf 84' lang='grc' dir='ltr'>ὧν</span> <span class='ocrx_word' id='word_1_324' title='bbox 3026 2204 3082 2258; x_wconf 88' lang='grc' dir='ltr'><strong>δέ</strong></span> <span class='ocrx_word' id='word_1_325' title='bbox 3113 2221 3275 2275; x_wconf 87' lang='grc' dir='ltr'>φησιν</span> <span class='ocrx_word' id='word_1_326' title='bbox 3303 2204 3375 2267; x_wconf 82' lang='grc' dir='ltr'><strong>ὡς</strong></span> <span class='ocrx_word' id='word_1_327' title='bbox 3412 2202 3620 2272; x_wconf 81' lang='grc' dir='ltr'>ταύτης</span> <span class='ocrx_word' id='word_1_328' title='bbox 3645 2203 3805 2256; x_wconf 72' lang='grc' dir='ltr'>ἕνεκα</span> 
     </span>
    </p>
   </div>
   <div class='ocr_carea' id='block_1_46' title="bbox 2225 2297 3802 2370">
    <p class='ocr_par' dir='ltr' id='par_1_46' title="bbox 2225 2297 3802 2370">
     <span class='ocr_line' id='line_1_46' title="bbox 2225 2297 3802 2370; baseline -0.003 -18"><span class='ocrx_word' id='word_1_329' title='bbox 2225 2301 2324 2368; x_wconf 84' lang='grc' dir='ltr'>τῆς</span> <span class='ocrx_word' id='word_1_330' title='bbox 2349 2302 2528 2362; x_wconf 79' lang='grc' dir='ltr'>αἰτίας</span> <span class='ocrx_word' id='word_1_331' title='bbox 2561 2301 2796 2354; x_wconf 73' lang='grc' dir='ltr'>δέδονται</span> <span class='ocrx_word' id='word_1_332' title='bbox 2816 2301 2929 2363; x_wconf 89' lang='grc' dir='ltr'>τοῖς</span> <span class='ocrx_word' id='word_1_333' title='bbox 2956 2298 3172 2370; x_wconf 75' lang='grc' dir='ltr'>ἐχθροῖς</span> <span class='ocrx_word' id='word_1_334' title='bbox 3200 2297 3294 2352; x_wconf 72' lang='grc' dir='ltr'>καὶ</span> <span class='ocrx_word' id='word_1_335' title='bbox 3327 2297 3613 2366; x_wconf 86' lang='grc' dir='ltr'>γεγόνασιν</span> <span class='ocrx_word' id='word_1_336' title='bbox 3635 2297 3802 2367; x_wconf 70' lang='grc' dir='ltr'>ἀπερ-</span> 
     </span>
    </p>
   </div>
   <div class='ocr_carea' id='block_1_47' title="bbox 2231 2387 3804 2458">
    <p class='ocr_par' dir='ltr' id='par_1_47' title="bbox 2231 2387 3804 2458">
     <span class='ocr_line' id='line_1_47' title="bbox 2231 2387 3804 2458; baseline -0.001 -17"><span class='ocrx_word' id='word_1_337' title='bbox 2231 2389 2525 2458; x_wconf 78' lang='grc' dir='ltr'>ριμμένοι,</span> <span class='ocrx_word' id='word_1_338' title='bbox 2582 2392 2670 2445; x_wconf 72' lang='grc' dir='ltr'><strong>διὰ</strong></span> <span class='ocrx_word' id='word_1_339' title='bbox 2713 2390 2915 2444; x_wconf 84' lang='grc' dir='ltr'>τούτων</span> <span class='ocrx_word' id='word_1_340' title='bbox 2967 2389 3144 2443; x_wconf 79' lang='grc' dir='ltr'>αὐτῶν</span> <span class='ocrx_word' id='word_1_341' title='bbox 3188 2388 3362 2456; x_wconf 77' lang='grc' dir='ltr'>εὐφυᾶ</span> <span class='ocrx_word' id='word_1_342' title='bbox 3420 2390 3654 2440; x_wconf 86' lang='grc' dir='ltr'>ποιεῖται</span> <span class='ocrx_word' id='word_1_343' title='bbox 3710 2387 3804 2455; x_wconf 69' lang='grc' dir='ltr'>τὴν</span> 
     </span>
    </p>
   </div>
   <div class='ocr_carea' id='block_1_48' title="bbox 540 2478 3806 2555">
    <p class='ocr_par' dir='ltr' id='par_1_48' title="bbox 540 2478 3806 2555">
     <span class='ocr_line' id='line_1_48' title="bbox 540 2478 3806 2555; baseline 0 -21"><span class='ocrx_word' id='word_1_344' title='bbox 540 2483 798 2553; x_wconf 78' lang='grc' dir='ltr'>ἀπειλὴν,</span> <span class='ocrx_word' id='word_1_345' title='bbox 823 2482 899 2546; x_wconf 86' lang='grc' dir='ltr'>ὡς</span> <span class='ocrx_word' id='word_1_346' title='bbox 938 2483 986 2534; x_wconf 83' lang='grc' dir='ltr'><strong>εί</strong></span> <span class='ocrx_word' id='word_1_347' title='bbox 1016 2483 1088 2552; x_wconf 83' lang='grc' dir='ltr'>μὴ</span> <span class='ocrx_word' id='word_1_348' title='bbox 1115 2482 1322 2535; x_wconf 72' lang='grc' dir='ltr'>ἕλοιντο</span> <span class='ocrx_word' id='word_1_349' title='bbox 1370 2482 1519 2552; x_wconf 80' lang='grc' dir='ltr'>βιοῦν</span> <span class='ocrx_word' id='word_1_350' title='bbox 1587 2481 1786 2553; x_wconf 86' lang='grc' dir='ltr'>ὀρθῶς,</span> <span class='ocrx_word' id='word_1_351' title='bbox 1851 2480 1960 2533; x_wconf 76' lang='grc' dir='ltr'>οὐδ’</span> <span class='ocrx_word' id='word_1_352' title='bbox 1989 2479 2054 2533; x_wconf 86' lang='grc' dir='ltr'><strong>ἂν</strong></span> <span class='ocrx_word' id='word_1_353' title='bbox 2126 2478 2289 2546; x_wconf 78' lang='grc' dir='ltr'>αὐτὸς</span> <span class='ocrx_word' id='word_1_354' title='bbox 2354 2485 2646 2555; x_wconf 81' lang='grc' dir='ltr'>ἀπόσχοιτο</span> <span class='ocrx_word' id='word_1_355' title='bbox 2678 2484 2771 2538; x_wconf 81' lang='grc' dir='ltr'>τοῦ</span> <span class='ocrx_word' id='word_1_356' title='bbox 2807 2483 3056 2546; x_wconf 78' lang='grc' dir='ltr'>κολάζειν</span> <span class='ocrx_word' id='word_1_357' title='bbox 3087 2482 3305 2546; x_wconf 81' lang='grc' dir='ltr'>αὐτούς.</span> <span class='ocrx_word' id='word_1_358' title='bbox 3339 2481 3570 2551; x_wconf 80' lang='grc' dir='ltr'>Ἔψεται</span> <span class='ocrx_word' id='word_1_359' title='bbox 3604 2481 3661 2536; x_wconf 83' lang='grc' dir='ltr'>δὲ</span> <span class='ocrx_word' id='word_1_360' title='bbox 3697 2485 3806 2545; x_wconf 85' lang='grc' dir='ltr'>τοῖς</span> 
     </span>
    </p>
   </div>
   <div class='ocr_carea' id='block_1_49' title="bbox 542 2574 3068 2650">
    <p class='ocr_par' dir='ltr' id='par_1_49' title="bbox 542 2574 3068 2650">
     <span class='ocr_line' id='line_1_49' title="bbox 542 2574 3068 2650; baseline 0 -18"><span class='ocrx_word' id='word_1_361' title='bbox 542 2579 823 2650; x_wconf 78' lang='grc' dir='ltr'>ὑϐρίζουσι</span> <span class='ocrx_word' id='word_1_362' title='bbox 853 2578 944 2630; x_wconf 80' lang='grc' dir='ltr'><strong>τὸν</strong></span> <span class='ocrx_word' id='word_1_363' title='bbox 967 2578 1131 2648; x_wconf 82' lang='grc' dir='ltr'>νόμον</span> <span class='ocrx_word' id='word_1_364' title='bbox 1162 2578 1194 2648; x_wconf 75' lang='grc' dir='ltr'>ἡ</span> <span class='ocrx_word' id='word_1_365' title='bbox 1219 2579 1331 2641; x_wconf 84' lang='grc' dir='ltr'>τοῖς</span> <span class='ocrx_word' id='word_1_366' title='bbox 1359 2577 1518 2630; x_wconf 80' lang='grc' dir='ltr'>τοῦτο</span> <span class='ocrx_word' id='word_1_367' title='bbox 1560 2577 1692 2649; x_wconf 85' lang='grc' dir='ltr'>δρᾷν</span> <span class='ocrx_word' id='word_1_368' title='bbox 1726 2576 1940 2630; x_wconf 73' lang='grc' dir='ltr'>εἰωθόσι</span> <span class='ocrx_word' id='word_1_369' title='bbox 1985 2574 2272 2647; x_wconf 80' lang='grc' dir='ltr'>πρέπουσά</span> <span class='ocrx_word' id='word_1_370' title='bbox 2299 2597 2357 2632; x_wconf 87' lang='grc' dir='ltr'><strong>τε</strong></span> <span class='ocrx_word' id='word_1_371' title='bbox 2393 2580 2488 2633; x_wconf 75' lang='grc' dir='ltr'><strong>καὶ</strong></span> <span class='ocrx_word' id='word_1_372' title='bbox 2520 2579 2896 2650; x_wconf 83' lang='grc' dir='ltr'>ἁρμοδιωτάτη</span> <span class='ocrx_word' id='word_1_373' title='bbox 2923 2577 3068 2649; x_wconf 86' lang='grc' dir='ltr'>δίκη.</span> 
     </span>
    </p>
   </div>
   <div class='ocr_carea' id='block_1_50' title="bbox 615 2664 2120 2742">
    <p class='ocr_par' dir='ltr' id='par_1_50' title="bbox 615 2669 2120 2738">
     <span class='ocr_line' id='line_1_50' title="bbox 615 2669 2120 2738; baseline 0 -16"><span class='ocrx_word' id='word_1_374' title='bbox 615 2669 778 2725; x_wconf 73' lang='lat' dir='ltr'><strong>Vens.</strong></span> <span class='ocrx_word' id='word_1_375' title='bbox 825 2670 911 2724; x_wconf 78' lang='lat'><strong>‘10.</strong></span> <span class='ocrx_word' id='word_1_376' title='bbox 963 2669 1150 2724; x_wconf 79' lang='lat' dir='ltr'><strong>Nonne</strong></span> <span class='ocrx_word' id='word_1_377' title='bbox 1200 2681 1346 2738; x_wconf 86' lang='lat' dir='ltr'><strong>pater</strong></span> <span class='ocrx_word' id='word_1_378' title='bbox 1394 2687 1529 2722; x_wconf 79' lang='lat' dir='ltr'><strong>unus</strong></span> <span class='ocrx_word' id='word_1_379' title='bbox 1586 2672 1818 2724; x_wconf 78' lang='lat' dir='ltr'><strong>outnium</strong></span> <span class='ocrx_word' id='word_1_380' title='bbox 1865 2672 2120 2725; x_wconf 76' lang='lat' dir='ltr'><strong>vestrum?</strong></span> 
     </span>
    </p>
   </div>
   <div class='ocr_carea' id='block_1_51' title="bbox 2230 2664 3796 2742">
    <p class='ocr_par' dir='ltr' id='par_1_51' title="bbox 2299 2664 3796 2742">
     <span class='ocr_line' id='line_1_51' title="bbox 2299 2664 3796 2742; baseline -0.003 -16"><span class='ocrx_word' id='word_1_381' title='bbox 2299 2673 2447 2742; x_wconf 78' lang='grc' dir='ltr'><strong>Οὐχὶ</strong></span> <span class='ocrx_word' id='word_1_382' title='bbox 2485 2672 2681 2741; x_wconf 76' lang='grc' dir='ltr'>πατὴρ</span> <span class='ocrx_word' id='word_1_383' title='bbox 2714 2667 2800 2738; x_wconf 82' lang='grc' dir='ltr'>εἷς</span> <span class='ocrx_word' id='word_1_384' title='bbox 2830 2671 3071 2725; x_wconf 79' lang='grc' dir='ltr'>πάντων</span> <span class='ocrx_word' id='word_1_385' title='bbox 3111 2671 3308 2740; x_wconf 57' lang='lat' dir='ltr'><strong>ibatur;</strong></span> <span class='ocrx_word' id='word_1_386' title='bbox 3344 2669 3490 2738; x_wconf 76' lang='grc' dir='ltr'><strong>Οὐχί</strong></span> <span class='ocrx_word' id='word_1_387' title='bbox 3531 2669 3678 2735; x_wconf 83' lang='grc' dir='ltr'>Θεὸς</span> <span class='ocrx_word' id='word_1_388' title='bbox 3710 2664 3796 2735; x_wconf 75' lang='grc' dir='ltr'>εἲς</span> 
     </span>
    </p>
   </div>
   <div class='ocr_carea' id='block_1_52' title="bbox 547 2757 2120 2835">
    <p class='ocr_par' dir='ltr' id='par_1_52' title="bbox 547 2757 2120 2833">
     <span class='ocr_line' id='line_1_52' title="bbox 547 2757 2120 2833; baseline 0.003 -21"><span class='ocrx_word' id='word_1_389' title='bbox 547 2757 734 2814; x_wconf 82' lang='lat' dir='ltr'><strong>Nonne</strong></span> <span class='ocrx_word' id='word_1_390' title='bbox 761 2761 899 2814; x_wconf 73' lang='lat' dir='ltr'><strong>Deus</strong></span> <span class='ocrx_word' id='word_1_391' title='bbox 926 2778 1058 2814; x_wconf 83' lang='lat' dir='ltr'><strong>unus</strong></span> <span class='ocrx_word' id='word_1_392' title='bbox 1084 2763 1274 2814; x_wconf 81' lang='lat' dir='ltr'><strong>creavit</strong></span> <span class='ocrx_word' id='word_1_393' title='bbox 1297 2778 1386 2814; x_wconf 83' lang='lat' dir='ltr'><strong>vos</strong></span> <span class='ocrx_word' id='word_1_394' title='bbox 1409 2763 1434 2814; x_wconf 86' lang='lat'><strong><em>?</em></strong></span> <span class='ocrx_word' id='word_1_395' title='bbox 1455 2763 1631 2826; x_wconf 82' lang='lat' dir='ltr'><strong>Quare</strong></span> <span class='ocrx_word' id='word_1_396' title='bbox 1655 2762 1938 2833; x_wconf 76' lang='lat' dir='ltr'><strong>reliquistis</strong></span> <span class='ocrx_word' id='word_1_397' title='bbox 1965 2778 2120 2816; x_wconf 75' lang='lat' dir='ltr'><strong>unus-</strong></span> 
     </span>
    </p>
   </div>
   <div class='ocr_carea' id='block_1_53' title="bbox 2230 2757 3808 2835">
    <p class='ocr_par' dir='ltr' id='par_1_53' title="bbox 2230 2761 3808 2835">
     <span class='ocr_line' id='line_1_53' title="bbox 2230 2761 3808 2835; baseline -0.003 -15"><span class='ocrx_word' id='word_1_398' title='bbox 2230 2767 2464 2820; x_wconf 79' lang='grc' dir='ltr'>ἓκτισεν</span> <span class='ocrx_word' id='word_1_399' title='bbox 2503 2765 2694 2835; x_wconf 84' lang='grc' dir='ltr'>ὑμᾶς;</span> <span class='ocrx_word' id='word_1_400' title='bbox 2733 2767 2796 2819; x_wconf 85' lang='grc' dir='ltr'>Τί</span> <span class='ocrx_word' id='word_1_401' title='bbox 2826 2766 2914 2818; x_wconf 88' lang='grc' dir='ltr'>ὅτι</span> <span class='ocrx_word' id='word_1_402' title='bbox 2951 2765 3373 2833; x_wconf 73' lang='grc' dir='ltr'>ἐγκατελίπετε</span> <span class='ocrx_word' id='word_1_403' title='bbox 3411 2761 3673 2828; x_wconf 81' lang='grc' dir='ltr'>ἕκαστος</span> <span class='ocrx_word' id='word_1_404' title='bbox 3704 2762 3808 2816; x_wconf 73' lang='grc' dir='ltr'>τὸν</span> 
     </span>
    </p>
   </div>
   <div class='ocr_carea' id='block_1_54' title="bbox 543 2851 2120 2924">
    <p class='ocr_par' dir='ltr' id='par_1_54' title="bbox 543 2851 2120 2920">
     <span class='ocr_line' id='line_1_54' title="bbox 543 2851 2120 2920; baseline 0.003 -18"><span class='ocrx_word' id='word_1_405' title='bbox 543 2853 761 2918; x_wconf 76' lang='lat' dir='ltr'><strong>quisque</strong></span> <span class='ocrx_word' id='word_1_406' title='bbox 801 2851 1019 2920; x_wconf 81' lang='lat' dir='ltr'><strong>fratrem</strong></span> <span class='ocrx_word' id='word_1_407' title='bbox 1064 2867 1239 2914; x_wconf 72' lang='lat' dir='ltr'><strong>suum,</strong></span> <span class='ocrx_word' id='word_1_408' title='bbox 1284 2863 1336 2904; x_wconf 88' lang='lat' dir='ltr'><strong>ut</strong></span> <span class='ocrx_word' id='word_1_409' title='bbox 1392 2851 1702 2920; x_wconf 74' lang='lat' dir='ltr'><strong>paltueretis</strong></span> <span class='ocrx_word' id='word_1_410' title='bbox 1762 2862 2120 2907; x_wconf 71' lang='lat' dir='ltr'><strong>testamentum</strong></span> 
     </span>
    </p>
   </div>
   <div class='ocr_carea' id='block_1_55' title="bbox 2230 2851 3798 2924">
    <p class='ocr_par' dir='ltr' id='par_1_55' title="bbox 2230 2852 3798 2924">
     <span class='ocr_line' id='line_1_55' title="bbox 2230 2852 3798 2924; baseline -0.003 -14"><span class='ocrx_word' id='word_1_411' title='bbox 2230 2855 2490 2924; x_wconf 65' lang='grc' dir='ltr'>ἀδελφὸν</span> <span class='ocrx_word' id='word_1_412' title='bbox 2535 2856 2742 2918; x_wconf 81' lang='grc' dir='ltr'>αὐτοῦ,</span> <span class='ocrx_word' id='word_1_413' title='bbox 2796 2855 2902 2909; x_wconf 83' lang='grc' dir='ltr'>τοῦ</span> <span class='ocrx_word' id='word_1_414' title='bbox 2942 2853 3295 2921; x_wconf 72' lang='grc' dir='ltr'>,βεϐηλῶοάι</span> <span class='ocrx_word' id='word_1_415' title='bbox 3337 2854 3454 2922; x_wconf 78' lang='grc' dir='ltr'>τὴν</span> <span class='ocrx_word' id='word_1_416' title='bbox 3501 2852 3798 2921; x_wconf 72' lang='grc' dir='ltr'>διαθήκην</span> 
     </span>
    </p>
   </div>
   <div class='ocr_carea' id='block_1_56' title="bbox 544 2943 2120 3014">
    <p class='ocr_par' dir='ltr' id='par_1_56' title="bbox 544 2944 2120 3012">
     <span class='ocr_line' id='line_1_56' title="bbox 544 2944 2120 3012; baseline 0.005 -19"><span class='ocrx_word' id='word_1_417' title='bbox 544 2953 750 3010; x_wconf 80' lang='lat' dir='ltr'><strong>pamun</strong></span> <span class='ocrx_word' id='word_1_418' title='bbox 775 2945 1101 2998; x_wconf 80' lang='lat' dir='ltr'><strong>vestrorum?</strong></span> <span class='ocrx_word' id='word_1_419' title='bbox 1121 2945 1414 2999; x_wconf 81' lang='lat' dir='ltr'><strong>Derelictus</strong></span> <span class='ocrx_word' id='word_1_420' title='bbox 1436 2956 1508 2998; x_wconf 83' lang='lat' dir='ltr'><strong>est</strong></span> <span class='ocrx_word' id='word_1_421' title='bbox 1526 2944 1720 3012; x_wconf 73' lang='lat' dir='ltr'><strong>ludas,</strong></span> <span class='ocrx_word' id='word_1_422' title='bbox 1741 2957 1786 2999; x_wconf 86' lang='lat' dir='ltr'><strong>et</strong></span> <span class='ocrx_word' id='word_1_423' title='bbox 1807 2947 2120 3001; x_wconf 82' lang='lat' dir='ltr'><strong>abominatia</strong></span> 
     </span>
    </p>
   </div>
   <div class='ocr_carea' id='block_1_57' title="bbox 2230 2943 3814 3014">
    <p class='ocr_par' dir='ltr' id='par_1_57' title="bbox 2230 2943 3814 3014">
     <span class='ocr_line' id='line_1_57' title="bbox 2230 2943 3814 3014; baseline -0.001 -14"><span class='ocrx_word' id='word_1_424' title='bbox 2230 2945 2342 3000; x_wconf 84' lang='grc' dir='ltr'><strong>τῶν</strong></span> <span class='ocrx_word' id='word_1_425' title='bbox 2381 2945 2649 3014; x_wconf 82' lang='grc' dir='ltr'>πατέρων</span> <span class='ocrx_word' id='word_1_426' title='bbox 2681 2945 2878 3014; x_wconf 79' lang='grc' dir='ltr'>ὐμῶν;</span> <span class='ocrx_word' id='word_1_427' title='bbox 2917 2945 3368 3014; x_wconf 67' lang='grc' dir='ltr'>Ἐγκατελειφθη</span> <span class='ocrx_word' id='word_1_428' title='bbox 3411 2943 3679 3009; x_wconf 80' lang='grc' dir='ltr'>Ἰούδας,</span> <span class='ocrx_word' id='word_1_429' title='bbox 3714 2943 3814 2998; x_wconf 62' lang='grc' dir='ltr'>καὶ</span> 
     </span>
    </p>
   </div>
   <div class='ocr_carea' id='block_1_58' title="bbox 547 3033 1580 3100">
    <p class='ocr_par' dir='ltr' id='par_1_58' title="bbox 547 3033 1580 3100">
     <span class='ocr_line' id='line_1_58' title="bbox 547 3033 1580 3100; baseline 0.008 -16"><span class='ocrx_word' id='word_1_430' title='bbox 547 3033 718 3100; x_wconf 70' lang='lat' dir='ltr'><strong>fectus</strong></span> <span class='ocrx_word' id='word_1_431' title='bbox 741 3036 890 3087; x_wconf 82' lang='lat' dir='ltr'><strong>estin</strong></span> <span class='ocrx_word' id='word_1_432' title='bbox 913 3033 1084 3089; x_wconf 74' lang='lat' dir='ltr'><strong>Israel</strong></span> <span class='ocrx_word' id='word_1_433' title='bbox 1111 3045 1160 3090; x_wconf 80' lang='lat' dir='ltr'><strong>et</strong></span> <span class='ocrx_word' id='word_1_434' title='bbox 1183 3038 1236 3090; x_wconf 83' lang='lat' dir='ltr'><strong>in</strong></span> <span class='ocrx_word' id='word_1_435' title='bbox 1263 3037 1580 3092; x_wconf 78' lang='lat' dir='ltr'><strong>Jerusalem.</strong></span> 
     </span>
    </p>
   </div>
   <div class='ocr_carea' id='block_1_59' title="bbox 623 3208 2126 3284">
    <p class='ocr_par' dir='ltr' id='par_1_59' title="bbox 623 3208 2126 3284">
     <span class='ocr_line' id='line_1_59' title="bbox 623 3208 2126 3284; baseline 0.005 -20"><span class='ocrx_word' id='word_1_436' title='bbox 623 3208 790 3264; x_wconf 80' lang='lat' dir='ltr'><strong>XXV.</strong></span> <span class='ocrx_word' id='word_1_437' title='bbox 829 3210 962 3264; x_wconf 89' lang='lat' dir='ltr'><strong>Cum</strong></span> <span class='ocrx_word' id='word_1_438' title='bbox 1001 3212 1367 3282; x_wconf 84' lang='lat' dir='ltr'><strong>inciperemus</strong></span> <span class='ocrx_word' id='word_1_439' title='bbox 1399 3214 1452 3267; x_wconf 89' lang='lat' dir='ltr'><strong>in</strong></span> <span class='ocrx_word' id='word_1_440' title='bbox 1491 3213 1806 3284; x_wconf 82' lang='lat' dir='ltr'><strong>prophetam</strong></span> <span class='ocrx_word' id='word_1_441' title='bbox 1851 3231 2126 3272; x_wconf 89' lang='lat' dir='ltr'><strong>commen-</strong></span> 
     </span>
    </p>
   </div>
   <div class='ocr_carea' id='block_1_60' title="bbox 551 3300 2126 3374">
    <p class='ocr_par' dir='ltr' id='par_1_60' title="bbox 551 3300 2126 3374">
     <span class='ocr_line' id='line_1_60' title="bbox 551 3300 2126 3374; baseline 0.006 -20"><span class='ocrx_word' id='word_1_442' title='bbox 551 3300 743 3354; x_wconf 87' lang='lat' dir='ltr'><strong>tarium</strong></span> <span class='ocrx_word' id='word_1_443' title='bbox 769 3303 1133 3368; x_wconf 87' lang='lat' dir='ltr'><strong>conscribere,</strong></span> <span class='ocrx_word' id='word_1_444' title='bbox 1159 3305 1492 3369; x_wconf 85' lang='lat' dir='ltr'><strong>dicebamus,</strong></span> <span class='ocrx_word' id='word_1_445' title='bbox 1527 3313 1648 3374; x_wconf 91' lang='lat' dir='ltr'><strong>post</strong></span> <span class='ocrx_word' id='word_1_446' title='bbox 1688 3307 1924 3362; x_wconf 89' lang='lat' dir='ltr'><strong>reditum</strong></span> <span class='ocrx_word' id='word_1_447' title='bbox 1964 3323 1993 3363; x_wconf 91' lang='lat' dir='ltr'><strong>e</strong></span> <span class='ocrx_word' id='word_1_448' title='bbox 2023 3307 2126 3363; x_wconf 87' lang='lat' dir='ltr'><strong>Ba-</strong></span> 
     </span>
    </p>
   </div>
   <div class='ocr_carea' id='block_1_61' title="bbox 549 3391 2123 3468">
    <p class='ocr_par' dir='ltr' id='par_1_61' title="bbox 549 3391 2123 3468">
     <span class='ocr_line' id='line_1_61' title="bbox 549 3391 2123 3468; baseline 0.005 -24"><span class='ocrx_word' id='word_1_449' title='bbox 549 3391 745 3460; x_wconf 81' lang='lat' dir='ltr'><strong>bylone</strong></span> <span class='ocrx_word' id='word_1_450' title='bbox 783 3393 850 3446; x_wconf 87' lang='lat' dir='ltr'><strong>ab</strong></span> <span class='ocrx_word' id='word_1_451' title='bbox 875 3394 1117 3464; x_wconf 77' lang='lat' dir='ltr'><strong>Assyria,</strong></span> <span class='ocrx_word' id='word_1_452' title='bbox 1143 3394 1431 3459; x_wconf 79' lang='lat' dir='ltr'><strong>lsraelitas,</strong></span> <span class='ocrx_word' id='word_1_453' title='bbox 1463 3397 2123 3468; x_wconf 80' lang='lat' dir='ltr'><strong>parvipeudenteslegem,</strong></span> 
     </span>
    </p>
   </div>
   <div class='ocr_carea' id='block_1_62' title="bbox 492 3486 2128 3555">
    <p class='ocr_par' dir='ltr' id='par_1_62' title="bbox 492 3486 2128 3555">
     <span class='ocr_line' id='line_1_62' title="bbox 492 3486 2128 3555; baseline 0.002 -17"><span class='ocrx_word' id='word_1_454' title='bbox 492 3516 495 3518; x_wconf 95' lang='lat'><em>-</em></span> <span class='ocrx_word' id='word_1_455' title='bbox 548 3486 823 3540; x_wconf 81' lang='lat' dir='ltr'><strong>extraneis</strong></span> <span class='ocrx_word' id='word_1_456' title='bbox 847 3486 1106 3540; x_wconf 77' lang='lat' dir='ltr'><strong>uxoribus</strong></span> <span class='ocrx_word' id='word_1_457' title='bbox 1123 3501 1177 3541; x_wconf 86' lang='lat' dir='ltr'><strong>se</strong></span> <span class='ocrx_word' id='word_1_458' title='bbox 1203 3486 1553 3555; x_wconf 87' lang='lat' dir='ltr'><strong>implicuisse.</strong></span> <span class='ocrx_word' id='word_1_459' title='bbox 1619 3487 1748 3553; x_wconf 66' lang='lat' dir='ltr'><strong>Quae</strong></span> <span class='ocrx_word' id='word_1_460' title='bbox 1789 3504 1876 3542; x_wconf 87' lang='lat' dir='ltr'><strong>res</strong></span> <span class='ocrx_word' id='word_1_461' title='bbox 1897 3489 2128 3543; x_wconf 76' lang='lat' dir='ltr'><strong>ament-i-</strong></span> 
     </span>
    </p>
   </div>
   <div class='ocr_carea' id='block_1_63' title="bbox 547 3576 2124 3645">
    <p class='ocr_par' dir='ltr' id='par_1_63' title="bbox 547 3576 2124 3645">
     <span class='ocr_line' id='line_1_63' title="bbox 547 3576 2124 3645; baseline 0.002 -17"><span class='ocrx_word' id='word_1_462' title='bbox 547 3577 648 3629; x_wconf 91' lang='lat' dir='ltr'><strong>bus</strong></span> <span class='ocrx_word' id='word_1_463' title='bbox 689 3576 791 3631; x_wconf 93' lang='lat' dir='ltr'><strong>illis</strong></span> <span class='ocrx_word' id='word_1_464' title='bbox 821 3591 887 3631; x_wconf 90' lang='lat' dir='ltr'><strong>eo</strong></span> <span class='ocrx_word' id='word_1_465' title='bbox 927 3591 1096 3645; x_wconf 89' lang='lat' dir='ltr'><strong>usque</strong></span> <span class='ocrx_word' id='word_1_466' title='bbox 1137 3579 1485 3645; x_wconf 86' lang='lat' dir='ltr'><strong>procedebat,</strong></span> <span class='ocrx_word' id='word_1_467' title='bbox 1531 3588 1589 3632; x_wconf 92' lang='lat' dir='ltr'><strong>ut</strong></span> <span class='ocrx_word' id='word_1_468' title='bbox 1640 3595 1762 3632; x_wconf 88' lang='lat' dir='ltr'><strong>cum</strong></span> <span class='ocrx_word' id='word_1_469' title='bbox 1805 3580 1926 3633; x_wconf 88' lang='lat' dir='ltr'><strong>aliis</strong></span> <span class='ocrx_word' id='word_1_470' title='bbox 1967 3580 2124 3632; x_wconf 80' lang='lat' dir='ltr'><strong>simul</strong></span> 
     </span>
    </p>
   </div>
   <div class='ocr_carea' id='block_1_64' title="bbox 547 3668 2128 3742">
    <p class='ocr_par' dir='ltr' id='par_1_64' title="bbox 547 3668 2128 3742">
     <span class='ocr_line' id='line_1_64' title="bbox 547 3668 2128 3742; baseline 0.004 -24"><span class='ocrx_word' id='word_1_471' title='bbox 547 3669 854 3721; x_wconf 71' lang='lat' dir='ltr'><strong>sacerdotes</strong></span> <span class='ocrx_word' id='word_1_472' title='bbox 887 3668 1075 3722; x_wconf 90' lang='lat' dir='ltr'><strong>eodem</strong></span> <span class='ocrx_word' id='word_1_473' title='bbox 1107 3681 1378 3734; x_wconf 67' lang='lat' dir='ltr'><strong>ruerent,</strong></span> <span class='ocrx_word' id='word_1_474' title='bbox 1416 3669 1604 3739; x_wconf 68' lang='lat' dir='ltr'><strong>etiam</strong></span> <span class='ocrx_word' id='word_1_475' title='bbox 1626 3671 1816 3725; x_wconf 87' lang='lat' dir='ltr'><strong>ductas</strong></span> <span class='ocrx_word' id='word_1_476' title='bbox 1850 3670 2010 3742; x_wconf 59' lang='grc'><strong>841</strong></span> <span class='ocrx_word' id='word_1_477' title='bbox 2047 3672 2128 3739; x_wconf 87' lang='lat' dir='ltr'><strong>ip-</strong></span> 
     </span>
    </p>
   </div>
   <div class='ocr_carea' id='block_1_65' title="bbox 547 3761 2125 3832">
    <p class='ocr_par' dir='ltr' id='par_1_65' title="bbox 547 3761 2125 3832">
     <span class='ocr_line' id='line_1_65' title="bbox 547 3761 2125 3832; baseline 0.006 -24"><span class='ocrx_word' id='word_1_478' title='bbox 547 3771 635 3810; x_wconf 67' lang='lat' dir='ltr'><strong>sas</strong></span> <span class='ocrx_word' id='word_1_479' title='bbox 667 3773 880 3827; x_wconf 89' lang='lat' dir='ltr'><strong>quoque</strong></span> <span class='ocrx_word' id='word_1_480' title='bbox 935 3775 966 3813; x_wconf 90' lang='lat' dir='ltr'><strong>e</strong></span> <span class='ocrx_word' id='word_1_481' title='bbox 998 3761 1261 3828; x_wconf 65' lang='lat' dir='ltr'><strong>sanguine</strong></span> <span class='ocrx_word' id='word_1_482' title='bbox 1317 3761 1478 3816; x_wconf 87' lang='lat' dir='ltr'><strong>Israel</strong></span> <span class='ocrx_word' id='word_1_483' title='bbox 1541 3778 1640 3832; x_wconf 89' lang='lat' dir='ltr'><strong>pro</strong></span> <span class='ocrx_word' id='word_1_484' title='bbox 1691 3762 2125 3828; x_wconf 84' lang='lat' dir='ltr'><strong>despectissimis</strong></span> 
     </span>
    </p>
   </div>
   <div class='ocr_carea' id='block_1_66' title="bbox 552 3849 2122 3920">
    <p class='ocr_par' dir='ltr' id='par_1_66' title="bbox 552 3849 2122 3920">
     <span class='ocr_line' id='line_1_66' title="bbox 552 3849 2122 3920; baseline 0.005 -20"><span class='ocrx_word' id='word_1_485' title='bbox 552 3850 832 3914; x_wconf 86' lang='lat' dir='ltr'><strong>haberent,</strong></span> <span class='ocrx_word' id='word_1_486' title='bbox 885 3849 1151 3919; x_wconf 88' lang='lat' dir='ltr'><strong>domoque</strong></span> <span class='ocrx_word' id='word_1_487' title='bbox 1191 3852 1469 3920; x_wconf 88' lang='lat' dir='ltr'><strong>ejicerent,</strong></span> <span class='ocrx_word' id='word_1_488' title='bbox 1522 3863 1577 3908; x_wconf 89' lang='lat' dir='ltr'><strong>et</strong></span> <span class='ocrx_word' id='word_1_489' title='bbox 1622 3855 1674 3908; x_wconf 88' lang='lat' dir='ltr'><strong>in</strong></span> <span class='ocrx_word' id='word_1_490' title='bbox 1725 3868 1911 3908; x_wconf 90' lang='lat' dir='ltr'><strong>earum</strong></span> <span class='ocrx_word' id='word_1_491' title='bbox 1949 3854 2122 3908; x_wconf 79' lang='lat' dir='ltr'><strong>locum</strong></span> 
     </span>
    </p>
   </div>
   <div class='ocr_carea' id='block_1_67' title="bbox 549 3942 2123 4012">
    <p class='ocr_par' dir='ltr' id='par_1_67' title="bbox 549 3942 2123 4012">
     <span class='ocr_line' id='line_1_67' title="bbox 549 3942 2123 4012; baseline 0.005 -20"><span class='ocrx_word' id='word_1_492' title='bbox 549 3942 862 4012; x_wconf 78' lang='lat' dir='ltr'><strong>peregrinas</strong></span> <span class='ocrx_word' id='word_1_493' title='bbox 887 3943 1296 3999; x_wconf 90' lang='lat' dir='ltr'><strong>introducerent</strong></span> <span class='ocrx_word' id='word_1_494' title='bbox 1320 3948 1723 4001; x_wconf 78' lang='lat' dir='ltr'><strong>Ammouitidas</strong></span> <span class='ocrx_word' id='word_1_495' title='bbox 1751 3958 1803 4001; x_wconf 90' lang='lat' dir='ltr'><strong>et</strong></span> <span class='ocrx_word' id='word_1_496' title='bbox 1841 3947 2123 4012; x_wconf 77' lang='lat' dir='ltr'><strong>ldumzeas,</strong></span> 
     </span>
    </p>
   </div>
   <div class='ocr_carea' id='block_1_68' title="bbox 547 4034 2124 4106">
    <p class='ocr_par' dir='ltr' id='par_1_68' title="bbox 547 4034 2124 4106">
     <span class='ocr_line' id='line_1_68' title="bbox 547 4034 2124 4106; baseline 0.003 -21"><span class='ocrx_word' id='word_1_497' title='bbox 547 4049 610 4085; x_wconf 75' lang='lat' dir='ltr'><strong>ex</strong></span> <span class='ocrx_word' id='word_1_498' title='bbox 645 4047 750 4101; x_wconf 88' lang='lat' dir='ltr'><strong>quo</strong></span> <span class='ocrx_word' id='word_1_499' title='bbox 773 4034 933 4090; x_wconf 82' lang='lat' dir='ltr'><strong>Israel</strong></span> <span class='ocrx_word' id='word_1_500' title='bbox 962 4051 1284 4106; x_wconf 84' lang='lat' dir='ltr'><strong>magnopere</strong></span> <span class='ocrx_word' id='word_1_501' title='bbox 1315 4038 1806 4092; x_wconf 86' lang='lat' dir='ltr'><strong>contaminabatur.</strong></span> <span class='ocrx_word' id='word_1_502' title='bbox 1833 4038 1946 4094; x_wconf 77' lang='lat' dir='ltr'><strong>Non</strong></span> <span class='ocrx_word' id='word_1_503' title='bbox 1981 4039 2124 4093; x_wconf 89' lang='lat' dir='ltr'><strong>enim</strong></span> 
     </span>
    </p>
   </div>
   <div class='ocr_carea' id='block_1_69' title="bbox 550 4124 2123 4192">
    <p class='ocr_par' dir='ltr' id='par_1_69' title="bbox 550 4124 2123 4192">
     <span class='ocr_line' id='line_1_69' title="bbox 550 4124 2123 4192; baseline 0.004 -17"><span class='ocrx_word' id='word_1_504' title='bbox 550 4124 651 4177; x_wconf 75' lang='lat' dir='ltr'><strong>illm</strong></span> <span class='ocrx_word' id='word_1_505' title='bbox 677 4126 878 4192; x_wconf 83' lang='lat' dir='ltr'><strong>patrios</strong></span> <span class='ocrx_word' id='word_1_506' title='bbox 908 4141 1088 4179; x_wconf 86' lang='lat' dir='ltr'><strong>mores</strong></span> <span class='ocrx_word' id='word_1_507' title='bbox 1109 4127 1457 4191; x_wconf 81' lang='lat' dir='ltr'><strong>deserebant,</strong></span> <span class='ocrx_word' id='word_1_508' title='bbox 1484 4131 1576 4181; x_wconf 87' lang='lat' dir='ltr'><strong>sed</strong></span> <span class='ocrx_word' id='word_1_509' title='bbox 1632 4128 1926 4181; x_wconf 86' lang='lat' dir='ltr'><strong>etiamnum</strong></span> <span class='ocrx_word' id='word_1_510' title='bbox 1988 4130 2123 4182; x_wconf 91' lang='lat' dir='ltr'><strong>idola</strong></span> 
     </span>
    </p>
   </div>
   <div class='ocr_carea' id='block_1_70' title="bbox 550 4216 2124 4283">
    <p class='ocr_par' dir='ltr' id='par_1_70' title="bbox 550 4216 2124 4283">
     <span class='ocr_line' id='line_1_70' title="bbox 550 4216 2124 4283; baseline 0.005 -16"><span class='ocrx_word' id='word_1_511' title='bbox 550 4216 962 4280; x_wconf 74' lang='lat' dir='ltr'><strong>\‘eucrabaulur,</strong></span> <span class='ocrx_word' id='word_1_512' title='bbox 995 4229 1049 4271; x_wconf 91' lang='lat' dir='ltr'><strong>et</strong></span> <span class='ocrx_word' id='word_1_513' title='bbox 1074 4218 1320 4271; x_wconf 87' lang='lat' dir='ltr'><strong>militiam</strong></span> <span class='ocrx_word' id='word_1_514' title='bbox 1359 4218 1480 4272; x_wconf 63' lang='lat' dir='ltr'><strong>caeli</strong></span> <span class='ocrx_word' id='word_1_515' title='bbox 1547 4218 1866 4283; x_wconf 66' lang='lat' dir='ltr'><strong>adorabatur,</strong></span> <span class='ocrx_word' id='word_1_516' title='bbox 1922 4230 1975 4274; x_wconf 86' lang='lat' dir='ltr'><strong>et</strong></span> <span class='ocrx_word' id='word_1_517' title='bbox 2033 4237 2124 4275; x_wconf 89' lang='lat' dir='ltr'><strong>co-</strong></span> 
     </span>
    </p>
   </div>
   <div class='ocr_carea' id='block_1_71' title="bbox 549 4307 2124 4377">
    <p class='ocr_par' dir='ltr' id='par_1_71' title="bbox 549 4307 2124 4377">
     <span class='ocr_line' id='line_1_71' title="bbox 549 4307 2124 4377; baseline 0.005 -21"><span class='ocrx_word' id='word_1_518' title='bbox 549 4307 809 4374; x_wconf 72' lang='lat' dir='ltr'><strong>gebantur</strong></span> <span class='ocrx_word' id='word_1_519' title='bbox 839 4322 976 4375; x_wconf 90' lang='lat' dir='ltr'><strong>pene</strong></span> <span class='ocrx_word' id='word_1_520' title='bbox 1011 4308 1103 4377; x_wconf 92' lang='lat' dir='ltr'><strong>qui</strong></span> <span class='ocrx_word' id='word_1_521' title='bbox 1134 4324 1254 4363; x_wconf 88' lang='lat' dir='ltr'><strong>cum</strong></span> <span class='ocrx_word' id='word_1_522' title='bbox 1281 4307 1495 4362; x_wconf 81' lang='lat' dir='ltr'><strong>feminis</strong></span> <span class='ocrx_word' id='word_1_523' title='bbox 1550 4308 1688 4362; x_wconf 87' lang='lat' dir='ltr'><strong>adeo</strong></span> <span class='ocrx_word' id='word_1_524' title='bbox 1720 4319 1900 4365; x_wconf 87' lang='lat' dir='ltr'><strong>mente</strong></span> <span class='ocrx_word' id='word_1_525' title='bbox 1928 4327 2124 4366; x_wconf 88' lang='lat' dir='ltr'><strong>corru-</strong></span> 
     </span>
    </p>
   </div>
   <div class='ocr_carea' id='block_1_72' title="bbox 2153 3034 3806 3126">
    <p class='ocr_par' dir='ltr' id='par_1_72' title="bbox 2153 3034 3806 3126">
     <span class='ocr_line' id='line_1_72' title="bbox 2153 3034 3806 3126; baseline -0.002 -33"><span class='ocrx_word' id='word_1_526' title='bbox 2153 3069 2193 3126; x_wconf 80' lang='lat' dir='ltr'><strong>C</strong></span> <span class='ocrx_word' id='word_1_527' title='bbox 2220 3038 2538 3109; x_wconf 75' lang='grc' dir='ltr'>,ϐδέλυγμα</span> <span class='ocrx_word' id='word_1_528' title='bbox 2563 3036 2799 3106; x_wconf 80' lang='grc' dir='ltr'>ἐγένετο</span> <span class='ocrx_word' id='word_1_529' title='bbox 2840 3036 2910 3090; x_wconf 83' lang='grc' dir='ltr'><strong>ἐν</strong></span> <span class='ocrx_word' id='word_1_530' title='bbox 2941 3034 3022 3102; x_wconf 82' lang='grc' dir='ltr'>τῷ</span> <span class='ocrx_word' id='word_1_531' title='bbox 3057 3035 3309 3105; x_wconf 75' lang='grc' dir='ltr'>Ἰσραὴλ</span> <span class='ocrx_word' id='word_1_532' title='bbox 3357 3034 3455 3088; x_wconf 83' lang='grc' dir='ltr'>καὶ</span> <span class='ocrx_word' id='word_1_533' title='bbox 3483 3035 3553 3087; x_wconf 80' lang='grc' dir='ltr'><strong>ἐν</strong></span> <span class='ocrx_word' id='word_1_534' title='bbox 3591 3036 3806 3103; x_wconf 82' lang='grc' dir='ltr'>Ἰερου-</span> 
     </span>
    </p>
   </div>
   <div class='ocr_carea' id='block_1_73' title="bbox 2233 3129 2458 3198">
    <p class='ocr_par' dir='ltr' id='par_1_73' title="bbox 2233 3129 2458 3198">
     <span class='ocr_line' id='line_1_73' title="bbox 2233 3129 2458 3198; baseline 0.004 -14"><span class='ocrx_word' id='word_1_535' title='bbox 2233 3129 2458 3198; x_wconf 77' lang='grc' dir='ltr'>σαλήμ.</span> 
     </span>
    </p>
   </div>
   <div class='ocr_carea' id='block_1_74' title="bbox 2305 3219 3806 3292">
    <p class='ocr_par' dir='ltr' id='par_1_74' title="bbox 2305 3219 3806 3292">
     <span class='ocr_line' id='line_1_74' title="bbox 2305 3219 3806 3292; baseline -0.002 -17"><span class='ocrx_word' id='word_1_536' title='bbox 2305 3220 2434 3276; x_wconf 81' lang='grc' dir='ltr'><strong>ΚΕ’.</strong></span> <span class='ocrx_word' id='word_1_537' title='bbox 2491 3221 2807 3292; x_wconf 87' lang='grc' dir='ltr'>Ἀρχόμενοι</span> <span class='ocrx_word' id='word_1_538' title='bbox 2850 3220 2952 3290; x_wconf 79' lang='grc' dir='ltr'>τῆς</span> <span class='ocrx_word' id='word_1_539' title='bbox 2987 3219 3067 3282; x_wconf 87' lang='grc' dir='ltr'>εἰς</span> <span class='ocrx_word' id='word_1_540' title='bbox 3114 3219 3204 3272; x_wconf 83' lang='grc' dir='ltr'><strong>τὸν</strong></span> <span class='ocrx_word' id='word_1_541' title='bbox 3253 3219 3539 3289; x_wconf 71' lang='grc' dir='ltr'>προφήτην</span> <span class='ocrx_word' id='word_1_542' title='bbox 3569 3235 3806 3290; x_wconf 78' lang='grc' dir='ltr'>συγγραο</span> 
     </span>
    </p>
   </div>
   <div class='ocr_carea' id='block_1_75' title="bbox 2233 3310 3809 3385">
    <p class='ocr_par' dir='ltr' id='par_1_75' title="bbox 2233 3310 3809 3385">
     <span class='ocr_line' id='line_1_75' title="bbox 2233 3310 3809 3385; baseline -0.004 -16"><span class='ocrx_word' id='word_1_543' title='bbox 2233 3315 2360 3385; x_wconf 79' lang='grc' dir='ltr'>φῆς,</span> <span class='ocrx_word' id='word_1_544' title='bbox 2391 3314 2647 3385; x_wconf 77' lang='grc' dir='ltr'>ἐλέγομεν</span> <span class='ocrx_word' id='word_1_545' title='bbox 2691 3315 2807 3378; x_wconf 85' lang='grc' dir='ltr'>ὅτι,</span> <span class='ocrx_word' id='word_1_546' title='bbox 2846 3312 2982 3383; x_wconf 85' lang='grc' dir='ltr'><strong>μετά</strong></span> <span class='ocrx_word' id='word_1_547' title='bbox 3015 3311 3114 3382; x_wconf 75' lang='grc' dir='ltr'><strong>τὴν</strong></span> <span class='ocrx_word' id='word_1_548' title='bbox 3145 3312 3212 3365; x_wconf 84' lang='grc' dir='ltr'>ὲκ</span> <span class='ocrx_word' id='word_1_549' title='bbox 3259 3310 3576 3374; x_wconf 83' lang='grc' dir='ltr'>Βαϐυλῶνος</span> <span class='ocrx_word' id='word_1_550' title='bbox 3611 3312 3708 3365; x_wconf 78' lang='grc' dir='ltr'>καὶ</span> <span class='ocrx_word' id='word_1_551' title='bbox 3748 3313 3809 3364; x_wconf 68' lang='grc' dir='ltr'>ἐκ</span> 
     </span>
    </p>
   </div>
   <div class='ocr_carea' id='block_1_76' title="bbox 2231 3402 3810 3477">
    <p class='ocr_par' dir='ltr' id='par_1_76' title="bbox 2231 3402 3810 3477">
     <span class='ocr_line' id='line_1_76' title="bbox 2231 3402 3810 3477; baseline 0.001 -21"><span class='ocrx_word' id='word_1_552' title='bbox 2231 3407 2338 3476; x_wconf 79' lang='grc' dir='ltr'><strong>γῆς</strong></span> <span class='ocrx_word' id='word_1_553' title='bbox 2373 3405 2674 3477; x_wconf 73' lang='grc' dir='ltr'>Ἀσσυρίων</span> <span class='ocrx_word' id='word_1_554' title='bbox 2703 3404 2987 3469; x_wconf 77' lang='grc' dir='ltr'>ἐπάνοδον,</span> <span class='ocrx_word' id='word_1_555' title='bbox 3011 3402 3170 3470; x_wconf 80' lang='grc' dir='ltr'>ὀλίγα</span> <span class='ocrx_word' id='word_1_556' title='bbox 3201 3405 3299 3473; x_wconf 80' lang='grc' dir='ltr'><strong>τῆς</strong></span> <span class='ocrx_word' id='word_1_557' title='bbox 3328 3403 3558 3472; x_wconf 82' lang='grc' dir='ltr'>νομικῆς</span> <span class='ocrx_word' id='word_1_558' title='bbox 3593 3405 3810 3474; x_wconf 77' lang='grc' dir='ltr'>φροντί-</span> 
     </span>
    </p>
   </div>
   <div class='ocr_carea' id='block_1_77' title="bbox 2235 3494 3804 3566">
    <p class='ocr_par' dir='ltr' id='par_1_77' title="bbox 2235 3494 3804 3566">
     <span class='ocr_line' id='line_1_77' title="bbox 2235 3494 3804 3566; baseline -0.003 -15"><span class='ocrx_word' id='word_1_559' title='bbox 2235 3515 2425 3559; x_wconf 86' lang='grc' dir='ltr'>σαντες</span> <span class='ocrx_word' id='word_1_560' title='bbox 2470 3497 2711 3566; x_wconf 77' lang='grc' dir='ltr'>ἐντολῆς,</span> <span class='ocrx_word' id='word_1_561' title='bbox 2743 3499 2793 3550; x_wconf 84' lang='lat' dir='ltr'><strong>ol</strong></span> <span class='ocrx_word' id='word_1_562' title='bbox 2821 3494 2880 3561; x_wconf 81' lang='grc' dir='ltr'><strong>ὲξ</strong></span> <span class='ocrx_word' id='word_1_563' title='bbox 2914 3495 3131 3566; x_wconf 75' lang='grc' dir='ltr'>Ἰσραὴλ</span> <span class='ocrx_word' id='word_1_564' title='bbox 3159 3496 3279 3557; x_wconf 86' lang='grc' dir='ltr'>ταῖς</span> <span class='ocrx_word' id='word_1_565' title='bbox 3311 3494 3654 3562; x_wconf 83' lang='grc' dir='ltr'>ἀλλογενέσιν</span> <span class='ocrx_word' id='word_1_566' title='bbox 3683 3511 3804 3547; x_wconf 86' lang='grc' dir='ltr'>συν-</span> 
     </span>
    </p>
   </div>
   <div class='ocr_carea' id='block_1_78' title="bbox 2232 3584 3808 3659">
    <p class='ocr_par' dir='ltr' id='par_1_78' title="bbox 2232 3584 3808 3659">
     <span class='ocr_line' id='line_1_78' title="bbox 2232 3584 3808 3659; baseline -0.003 -17"><span class='ocrx_word' id='word_1_567' title='bbox 2232 3589 2521 3642; x_wconf 83' lang='grc' dir='ltr'>επλέκοντο</span> <span class='ocrx_word' id='word_1_568' title='bbox 2547 3586 2780 3657; x_wconf 75' lang='grc' dir='ltr'>γυναιξί.</span> <span class='ocrx_word' id='word_1_569' title='bbox 2821 3588 2930 3640; x_wconf 74' lang='grc' dir='ltr'><strong>Καὶ</strong></span> <span class='ocrx_word' id='word_1_570' title='bbox 2963 3585 3099 3659; x_wconf 75' lang='grc' dir='ltr'>πρὸς</span> <span class='ocrx_word' id='word_1_571' title='bbox 3149 3584 3309 3638; x_wconf 82' lang='grc' dir='ltr'>τοῦτο</span> <span class='ocrx_word' id='word_1_572' title='bbox 3337 3585 3600 3654; x_wconf 81' lang='grc' dir='ltr'>ἐξιτήλοις</span> <span class='ocrx_word' id='word_1_573' title='bbox 3629 3585 3808 3649; x_wconf 81' lang='grc' dir='ltr'>αὐτοῖς</span> 
     </span>
    </p>
   </div>
   <div class='ocr_carea' id='block_1_79' title="bbox 2235 3677 3809 3751">
    <p class='ocr_par' dir='ltr' id='par_1_79' title="bbox 2235 3677 3809 3751">
     <span class='ocr_line' id='line_1_79' title="bbox 2235 3677 3809 3751; baseline -0.002 -18"><span class='ocrx_word' id='word_1_574' title='bbox 2235 3679 2440 3751; x_wconf 85' lang='grc' dir='ltr'>προέϐη</span> <span class='ocrx_word' id='word_1_575' title='bbox 2491 3679 2552 3732; x_wconf 82' lang='grc' dir='ltr'>τὸ</span> <span class='ocrx_word' id='word_1_576' title='bbox 2604 3678 2898 3750; x_wconf 85' lang='grc' dir='ltr'>δρώμενον,</span> <span class='ocrx_word' id='word_1_577' title='bbox 2949 3678 3024 3742; x_wconf 85' lang='grc' dir='ltr'>ὡς</span> <span class='ocrx_word' id='word_1_578' title='bbox 3085 3678 3177 3730; x_wconf 52' lang='grc' dir='ltr'><strong>καὶ⁹</strong></span> <span class='ocrx_word' id='word_1_579' title='bbox 3225 3678 3423 3738; x_wconf 75' lang='grc' dir='ltr'>αὐτοὺς</span> <span class='ocrx_word' id='word_1_580' title='bbox 3471 3679 3582 3740; x_wconf 87' lang='grc' dir='ltr'>τοῖς</span> <span class='ocrx_word' id='word_1_581' title='bbox 3630 3677 3809 3740; x_wconf 79' lang='grc' dir='ltr'>ἄλλοις</span> 
     </span>
    </p>
   </div>
   <div class='ocr_carea' id='block_1_80' title="bbox 2235 3766 3806 3840">
    <p class='ocr_par' dir='ltr' id='par_1_80' title="bbox 2235 3766 3806 3840">
     <span class='ocr_line' id='line_1_80' title="bbox 2235 3766 3806 3840; baseline -0.001 -18"><span class='ocrx_word' id='word_1_582' title='bbox 2235 3769 2706 3840; x_wconf 84' lang='grc' dir='ltr'>συναποφέρεσθαι</span> <span class='ocrx_word' id='word_1_583' title='bbox 2736 3770 2862 3831; x_wconf 76' lang='grc' dir='ltr'>τοὺς</span> <span class='ocrx_word' id='word_1_584' title='bbox 2894 3768 3295 3840; x_wconf 81' lang='grc' dir='ltr'>ίερατεύοντας,</span> <span class='ocrx_word' id='word_1_585' title='bbox 3324 3768 3422 3820; x_wconf 69' lang='grc' dir='ltr'>καὶ</span> <span class='ocrx_word' id='word_1_586' title='bbox 3450 3766 3552 3830; x_wconf 83' lang='grc' dir='ltr'>τὰς</span> <span class='ocrx_word' id='word_1_587' title='bbox 3581 3767 3680 3837; x_wconf 86' lang='grc' dir='ltr'>μὲν</span> <span class='ocrx_word' id='word_1_588' title='bbox 3708 3768 3806 3839; x_wconf 63' lang='grc' dir='ltr'>ἤδη</span> 
     </span>
    </p>
   </div>
   <div class='ocr_carea' id='block_1_81' title="bbox 2234 3845 3802 3932">
    <p class='ocr_par' dir='ltr' id='par_1_81' title="bbox 2234 3845 3802 3932">
     <span class='ocr_line' id='line_1_81' title="bbox 2234 3845 3802 3932; baseline -0.001 -18"><span class='ocrx_word' id='word_1_589' title='bbox 2234 3845 2730 3932; x_wconf 74' lang='grc' dir='ltr'>συνῳκισμέναςάἳ</span> <span class='ocrx_word' id='word_1_590' title='bbox 2757 3861 2851 3913; x_wconf 76' lang='grc' dir='ltr'>καὶ</span> <span class='ocrx_word' id='word_1_591' title='bbox 2880 3855 3021 3931; x_wconf 80' lang='grc' dir='ltr'>ἦσαν</span> <span class='ocrx_word' id='word_1_592' title='bbox 3052 3860 3111 3925; x_wconf 78' lang='grc' dir='ltr'>ἐξ</span> <span class='ocrx_word' id='word_1_593' title='bbox 3159 3859 3392 3929; x_wconf 82' lang='grc' dir='ltr'>αἵματος</span> <span class='ocrx_word' id='word_1_594' title='bbox 3429 3858 3660 3929; x_wconf 81' lang='grc' dir='ltr'>Ἰσραὴλ,</span> <span class='ocrx_word' id='word_1_595' title='bbox 3691 3860 3802 3912; x_wconf 83' lang='grc' dir='ltr'>ἀτι-</span> 
     </span>
    </p>
   </div>
   <div class='ocr_carea' id='block_1_82' title="bbox 2237 3947 3803 4022">
    <p class='ocr_par' dir='ltr' id='par_1_82' title="bbox 2237 3947 3803 4022">
     <span class='ocr_line' id='line_1_82' title="bbox 2237 3947 3803 4022; baseline -0.004 -17"><span class='ocrx_word' id='word_1_596' title='bbox 2237 3953 2474 4022; x_wconf 84' lang='grc' dir='ltr'>μοτάτας</span> <span class='ocrx_word' id='word_1_597' title='bbox 2518 3949 2794 4020; x_wconf 86' lang='grc' dir='ltr'>ἡγεῖσθαι,</span> <span class='ocrx_word' id='word_1_598' title='bbox 2844 3951 2940 4003; x_wconf 71' lang='grc' dir='ltr'><strong>καὶ</strong></span> <span class='ocrx_word' id='word_1_599' title='bbox 2987 3948 3415 4018; x_wconf 83' lang='grc' dir='ltr'>ἀποπέμπεσθαι</span> <span class='ocrx_word' id='word_1_600' title='bbox 3455 3947 3564 4000; x_wconf 85' lang='grc' dir='ltr'>τῶν</span> <span class='ocrx_word' id='word_1_601' title='bbox 3593 3947 3803 4011; x_wconf 80' lang='grc' dir='ltr'>ἑστιῶν,</span> 
     </span>
    </p>
   </div>
   <div class='ocr_carea' id='block_1_83' title="bbox 2233 4039 3806 4113">
    <p class='ocr_par' dir='ltr' id='par_1_83' title="bbox 2233 4039 3806 4113">
     <span class='ocr_line' id='line_1_83' title="bbox 2233 4039 3806 4113; baseline -0.003 -17"><span class='ocrx_word' id='word_1_602' title='bbox 2233 4043 2616 4108; x_wconf 81' lang='grc' dir='ltr'>είσοικίζεσθαι</span> <span class='ocrx_word' id='word_1_603' title='bbox 2641 4043 2696 4095; x_wconf 80' lang='grc' dir='ltr'>δὲ</span> <span class='ocrx_word' id='word_1_604' title='bbox 2723 4042 2924 4113; x_wconf 82' lang='grc' dir='ltr'>μᾶλλον</span> <span class='ocrx_word' id='word_1_605' title='bbox 2947 4042 3046 4104; x_wconf 81' lang='grc' dir='ltr'><strong>τὰς</strong></span> <span class='ocrx_word' id='word_1_606' title='bbox 3074 4041 3385 4109; x_wconf 83' lang='grc' dir='ltr'>ἀλλογενεῖς</span> <span class='ocrx_word' id='word_1_607' title='bbox 3418 4039 3806 4110; x_wconf 81' lang='grc' dir='ltr'>Ἀμμανίτιδας</span> 
     </span>
    </p>
   </div>
   <div class='ocr_carea' id='block_1_84' title="bbox 2233 4129 3800 4205">
    <p class='ocr_par' dir='ltr' id='par_1_84' title="bbox 2233 4129 3800 4205">
     <span class='ocr_line' id='line_1_84' title="bbox 2233 4129 3800 4205; baseline -0.004 -17"><span class='ocrx_word' id='word_1_608' title='bbox 2233 4137 2326 4190; x_wconf 72' lang='grc' dir='ltr'><strong>καὶ</strong></span> <span class='ocrx_word' id='word_1_609' title='bbox 2339 4134 2643 4205; x_wconf 85' lang='grc' dir='ltr'>Ἰδουμαίας</span> <span class='ocrx_word' id='word_1_610' title='bbox 2661 4149 2675 4164; x_wconf 81' lang='grc'><em>’</em></span> <span class='ocrx_word' id='word_1_611' title='bbox 2698 4135 2793 4187; x_wconf 70' lang='grc' dir='ltr'><strong>καὶ</strong></span> <span class='ocrx_word' id='word_1_612' title='bbox 2819 4131 2988 4203; x_wconf 83' lang='grc' dir='ltr'>πολλή</span> <span class='ocrx_word' id='word_1_613' title='bbox 3016 4149 3101 4195; x_wconf 84' lang='grc' dir='ltr'><strong>τις</strong></span> <span class='ocrx_word' id='word_1_614' title='bbox 3127 4131 3376 4185; x_wconf 81' lang='grc' dir='ltr'>ἐντεῦθεν</span> <span class='ocrx_word' id='word_1_615' title='bbox 3399 4132 3430 4200; x_wconf 80' lang='grc' dir='ltr'><strong>ἡ</strong></span> <span class='ocrx_word' id='word_1_616' title='bbox 3457 4129 3554 4183; x_wconf 81' lang='grc' dir='ltr'><strong>τοῦ</strong></span> <span class='ocrx_word' id='word_1_617' title='bbox 3593 4130 3800 4202; x_wconf 72' lang='grc' dir='ltr'>Ἰσραὴλ</span> 
     </span>
    </p>
   </div>
   <div class='ocr_carea' id='block_1_85' title="bbox 2236 4222 3796 4299">
    <p class='ocr_par' dir='ltr' id='par_1_85' title="bbox 2236 4222 3796 4299">
     <span class='ocr_line' id='line_1_85' title="bbox 2236 4222 3796 4299; baseline -0.004 -18"><span class='ocrx_word' id='word_1_618' title='bbox 2236 4228 2534 4299; x_wconf 83' lang='grc' dir='ltr'>βεϐἡλωσις</span> <span class='ocrx_word' id='word_1_619' title='bbox 2580 4223 2668 4298; x_wconf 80' lang='grc' dir='ltr'><strong>ἦν.</strong></span> <span class='ocrx_word' id='word_1_620' title='bbox 2705 4226 2778 4279; x_wconf 87' lang='grc' dir='ltr'>Ού</span> <span class='ocrx_word' id='word_1_621' title='bbox 2822 4226 2930 4296; x_wconf 79' lang='grc' dir='ltr'>γὰρ</span> <span class='ocrx_word' id='word_1_622' title='bbox 2963 4225 3263 4294; x_wconf 82' lang='grc' dir='ltr'>κατέληγον</span> <span class='ocrx_word' id='word_1_623' title='bbox 3307 4224 3507 4274; x_wconf 79' lang='grc' dir='ltr'>ἐκεῖναι</span> <span class='ocrx_word' id='word_1_624' title='bbox 3552 4222 3662 4276; x_wconf 82' lang='grc' dir='ltr'>τῶν</span> <span class='ocrx_word' id='word_1_625' title='bbox 3707 4238 3796 4275; x_wconf 79' lang='grc' dir='ltr'>πα-</span> 
     </span>
    </p>
   </div>
   <div class='ocr_carea' id='block_1_86' title="bbox 2231 4315 3805 4394">
    <p class='ocr_par' dir='ltr' id='par_1_86' title="bbox 2231 4315 3805 4394">
     <span class='ocr_line' id='line_1_86' title="bbox 2231 4315 3805 4394; baseline -0.004 -19"><span class='ocrx_word' id='word_1_626' title='bbox 2231 4320 2419 4394; x_wconf 81' lang='grc' dir='ltr'>τρῴων</span> <span class='ocrx_word' id='word_1_627' title='bbox 2457 4319 2747 4389; x_wconf 64' lang='grc' dir='ltr'>ὲθῶν,ξάλ).’</span> <span class='ocrx_word' id='word_1_628' title='bbox 2777 4319 3064 4390; x_wconf 80' lang='grc' dir='ltr'>ὲλάτρευον</span> <span class='ocrx_word' id='word_1_629' title='bbox 3101 4316 3199 4387; x_wconf 86' lang='grc' dir='ltr'><strong>μὲν</strong></span> <span class='ocrx_word' id='word_1_630' title='bbox 3231 4315 3467 4378; x_wconf 75' lang='grc' dir='ltr'>εἰδώλοις</span> <span class='ocrx_word' id='word_1_631' title='bbox 3498 4315 3600 4377; x_wconf 73' lang='grc' dir='ltr'>ἔτι,</span> <span class='ocrx_word' id='word_1_632' title='bbox 3639 4332 3805 4385; x_wconf 84' lang='grc' dir='ltr'>προσ-</span> 
     </span>
    </p>
   </div>
   <div class='ocr_carea' id='block_1_87' title="bbox 551 4397 2120 4482">
    <p class='ocr_par' dir='ltr' id='par_1_87' title="bbox 551 4397 2112 4467">
     <span class='ocr_line' id='line_1_87' title="bbox 551 4397 2112 4467; baseline 0.006 -19"><span class='ocrx_word' id='word_1_633' title='bbox 551 4397 655 4464; x_wconf 86' lang='lat' dir='ltr'><strong>plis</strong></span> <span class='ocrx_word' id='word_1_634' title='bbox 685 4397 1009 4462; x_wconf 88' lang='lat' dir='ltr'><strong>habitarent,</strong></span> <span class='ocrx_word' id='word_1_635' title='bbox 1039 4398 1200 4452; x_wconf 87' lang='lat' dir='ltr'><strong>simul</strong></span> <span class='ocrx_word' id='word_1_636' title='bbox 1221 4398 1488 4467; x_wconf 86' lang='lat' dir='ltr'><strong>inquinari</strong></span> <span class='ocrx_word' id='word_1_637' title='bbox 1516 4409 1570 4452; x_wconf 89' lang='lat' dir='ltr'><strong>et</strong></span> <span class='ocrx_word' id='word_1_638' title='bbox 1615 4399 1781 4452; x_wconf 90' lang='lat' dir='ltr'><strong>Deum</strong></span> <span class='ocrx_word' id='word_1_639' title='bbox 1817 4399 2112 4456; x_wconf 66' lang='lat' dir='ltr'><strong>oﬂ‘endere.</strong></span> 
     </span>
    </p>
   </div>
   <div class='ocr_carea' id='block_1_88' title="bbox 2230 4397 3804 4482">
    <p class='ocr_par' dir='ltr' id='par_1_88' title="bbox 2230 4403 3804 4482">
     <span class='ocr_line' id='line_1_88' title="bbox 2230 4403 3804 4482; baseline -0.004 -15"><span class='ocrx_word' id='word_1_640' title='bbox 2230 4414 2448 4469; x_wconf 83' lang='grc' dir='ltr'>εκύνουν</span> <span class='ocrx_word' id='word_1_641' title='bbox 2473 4412 2529 4465; x_wconf 79' lang='grc' dir='ltr'>δὲ</span> <span class='ocrx_word' id='word_1_642' title='bbox 2560 4413 2655 4465; x_wconf 74' lang='grc' dir='ltr'><strong>καὶ</strong></span> <span class='ocrx_word' id='word_1_643' title='bbox 2683 4413 2748 4481; x_wconf 81' lang='grc' dir='ltr'>τῇ</span> <span class='ocrx_word' id='word_1_644' title='bbox 2781 4411 3010 4482; x_wconf 79' lang='grc' dir='ltr'>στρατιᾷ</span> <span class='ocrx_word' id='word_1_645' title='bbox 3055 4409 3147 4463; x_wconf 82' lang='grc' dir='ltr'><strong>τοῦ</strong></span> <span class='ocrx_word' id='word_1_646' title='bbox 3177 4407 3430 4480; x_wconf 84' lang='grc' dir='ltr'>ούρανοῦ,</span> <span class='ocrx_word' id='word_1_647' title='bbox 3465 4409 3558 4460; x_wconf 78' lang='grc' dir='ltr'><strong>καὶ</strong></span> <span class='ocrx_word' id='word_1_648' title='bbox 3584 4403 3654 4479; x_wconf 75' lang='grc' dir='ltr'>ἦν</span> <span class='ocrx_word' id='word_1_649' title='bbox 3687 4425 3804 4471; x_wconf 85' lang='grc' dir='ltr'><strong>πως</strong></span> 
     </span>
    </p>
   </div>
   <div class='ocr_carea' id='block_1_89' title="bbox 550 4491 2128 4549">
    <p class='ocr_par' dir='ltr' id='par_1_89' title="bbox 550 4491 2128 4549">
     <span class='ocr_line' id='line_1_89' title="bbox 550 4491 2128 4549; baseline 0.002 -5"><span class='ocrx_word' id='word_1_650' title='bbox 550 4491 624 4545; x_wconf 85' lang='lat' dir='ltr'><strong>De</strong></span> <span class='ocrx_word' id='word_1_651' title='bbox 650 4493 730 4547; x_wconf 90' lang='lat' dir='ltr'><strong>his</strong></span> <span class='ocrx_word' id='word_1_652' title='bbox 759 4495 809 4547; x_wconf 90' lang='lat' dir='ltr'><strong>iu</strong></span> <span class='ocrx_word' id='word_1_653' title='bbox 839 4493 992 4548; x_wconf 89' lang='lat' dir='ltr'><strong>libris</strong></span> <span class='ocrx_word' id='word_1_654' title='bbox 1024 4493 1208 4546; x_wconf 72' lang='lat' dir='ltr'><strong>Esdraa</strong></span> <span class='ocrx_word' id='word_1_655' title='bbox 1236 4491 1400 4545; x_wconf 89' lang='lat' dir='ltr'><strong>multa</strong></span> <span class='ocrx_word' id='word_1_656' title='bbox 1435 4491 1746 4545; x_wconf 85' lang='lat' dir='ltr'><strong>scribuntur</strong></span> <span class='ocrx_word' id='word_1_657' title='bbox 1773 4492 1838 4546; x_wconf 82' lang='grc'><strong>¹⁶.</strong></span> <span class='ocrx_word' id='word_1_658' title='bbox 1891 4494 2128 4549; x_wconf 84' lang='lat' dir='ltr'><strong>Accusat</strong></span> 
     </span>
    </p>
   </div>
   <div class='ocr_carea' id='block_1_90' title="bbox 551 4583 2127 4655">
    <p class='ocr_par' dir='ltr' id='par_1_90' title="bbox 551 4583 2127 4655">
     <span class='ocr_line' id='line_1_90' title="bbox 551 4583 2127 4655; baseline 0.003 -17"><span class='ocrx_word' id='word_1_659' title='bbox 551 4585 712 4653; x_wconf 78' lang='lat' dir='ltr'><strong>igitur</strong></span> <span class='ocrx_word' id='word_1_660' title='bbox 738 4600 830 4640; x_wconf 87' lang='lat' dir='ltr'><strong>eos</strong></span> <span class='ocrx_word' id='word_1_661' title='bbox 863 4586 1237 4638; x_wconf 80' lang='lat' dir='ltr'><strong>universorum</strong></span> <span class='ocrx_word' id='word_1_662' title='bbox 1273 4583 1515 4655; x_wconf 79' lang='lat' dir='ltr'><strong>Deus,ut</strong></span> <span class='ocrx_word' id='word_1_663' title='bbox 1555 4598 1755 4639; x_wconf 83' lang='lat' dir='ltr'><strong>uxores</strong></span> <span class='ocrx_word' id='word_1_664' title='bbox 1793 4585 2127 4642; x_wconf 88' lang='lat' dir='ltr'><strong>lsraelitidas</strong></span> 
     </span>
    </p>
   </div>
   <div class='ocr_carea' id='block_1_91' title="bbox 548 4673 2127 4747">
    <p class='ocr_par' dir='ltr' id='par_1_91' title="bbox 548 4673 2127 4747">
     <span class='ocr_line' id='line_1_91' title="bbox 548 4673 2127 4747; baseline 0 -16"><span class='ocrx_word' id='word_1_665' title='bbox 548 4678 660 4731; x_wconf 83' lang='lat' dir='ltr'><strong>sive</strong></span> <span class='ocrx_word' id='word_1_666' title='bbox 695 4675 904 4732; x_wconf 68' lang='lat' dir='ltr'><strong>Judteas</strong></span> <span class='ocrx_word' id='word_1_667' title='bbox 927 4683 1305 4745; x_wconf 85' lang='lat' dir='ltr'><strong>aspernantes,</strong></span> <span class='ocrx_word' id='word_1_668' title='bbox 1331 4673 1560 4728; x_wconf 85' lang='lat' dir='ltr'><strong>sceleste</strong></span> <span class='ocrx_word' id='word_1_669' title='bbox 1584 4685 1762 4728; x_wconf 88' lang='lat' dir='ltr'><strong>autem</strong></span> <span class='ocrx_word' id='word_1_670' title='bbox 1797 4676 2127 4747; x_wconf 85' lang='lat' dir='ltr'><strong>alienigena-</strong></span> 
     </span>
    </p>
   </div>
   <div class='ocr_carea' id='block_1_92' title="bbox 549 4765 2121 4833">
    <p class='ocr_par' dir='ltr' id='par_1_92' title="bbox 549 4765 2121 4833">
     <span class='ocr_line' id='line_1_92' title="bbox 549 4765 2121 4833; baseline 0 -13"><span class='ocrx_word' id='word_1_671' title='bbox 549 4783 665 4820; x_wconf 89' lang='lat' dir='ltr'><strong>rum</strong></span> <span class='ocrx_word' id='word_1_672' title='bbox 694 4768 905 4821; x_wconf 85' lang='lat' dir='ltr'><strong>filiabus</strong></span> <span class='ocrx_word' id='word_1_673' title='bbox 931 4767 1387 4829; x_wconf 84' lang='lat' dir='ltr'><strong>adhaerescentes,</strong></span> <span class='ocrx_word' id='word_1_674' title='bbox 1415 4779 1536 4818; x_wconf 90' lang='lat' dir='ltr'><strong>cum</strong></span> <span class='ocrx_word' id='word_1_675' title='bbox 1565 4774 1743 4818; x_wconf 88' lang='lat' dir='ltr'><strong>tamen</strong></span> <span class='ocrx_word' id='word_1_676' title='bbox 1811 4765 2121 4833; x_wconf 78' lang='lat' dir='ltr'><strong>huiusmodi</strong></span> 
     </span>
    </p>
   </div>
   <div class='ocr_carea' id='block_1_93' title="bbox 548 4853 2122 4925">
    <p class='ocr_par' dir='ltr' id='par_1_93' title="bbox 548 4853 2122 4925">
     <span class='ocr_line' id='line_1_93' title="bbox 548 4853 2122 4925; baseline 0 -13"><span class='ocrx_word' id='word_1_677' title='bbox 548 4856 979 4925; x_wconf 71' lang='lat' dir='ltr'><strong>cuinjunctionem</strong></span> <span class='ocrx_word' id='word_1_678' title='bbox 1015 4857 1100 4909; x_wconf 79' lang='lat' dir='ltr'><strong>lex</strong></span> <span class='ocrx_word' id='word_1_679' title='bbox 1129 4855 1495 4910; x_wconf 89' lang='lat' dir='ltr'><strong>interdiceret.</strong></span> <span class='ocrx_word' id='word_1_680' title='bbox 1523 4853 1722 4909; x_wconf 89' lang='lat' dir='ltr'><strong>Verum</strong></span> <span class='ocrx_word' id='word_1_681' title='bbox 1749 4856 1854 4921; x_wconf 89' lang='lat' dir='ltr'><strong>illi,</strong></span> <span class='ocrx_word' id='word_1_682' title='bbox 1889 4866 1998 4911; x_wconf 87' lang='lat' dir='ltr'><strong>tam</strong></span> <span class='ocrx_word' id='word_1_683' title='bbox 2028 4872 2122 4912; x_wconf 84' lang='lat' dir='ltr'><strong>ve—</strong></span> 
     </span>
    </p>
   </div>
   <div class='ocr_carea' id='block_1_94' title="bbox 547 4946 2120 5018">
    <p class='ocr_par' dir='ltr' id='par_1_94' title="bbox 547 4946 2120 5018">
     <span class='ocr_line' id='line_1_94' title="bbox 547 4946 2120 5018; baseline 0 -16"><span class='ocrx_word' id='word_1_684' title='bbox 547 4951 844 5003; x_wconf 89' lang='lat' dir='ltr'><strong>nerandum</strong></span> <span class='ocrx_word' id='word_1_685' title='bbox 878 4948 1187 5001; x_wconf 88' lang='lat' dir='ltr'><strong>mandatum</strong></span> <span class='ocrx_word' id='word_1_686' title='bbox 1211 4949 1392 5002; x_wconf 86' lang='lat' dir='ltr'><strong>nescio</strong></span> <span class='ocrx_word' id='word_1_687' title='bbox 1413 4963 1519 5018; x_wconf 90' lang='lat' dir='ltr'><strong>quo</strong></span> <span class='ocrx_word' id='word_1_688' title='bbox 1560 4948 1720 5002; x_wconf 90' lang='lat' dir='ltr'><strong>modo</strong></span> <span class='ocrx_word' id='word_1_689' title='bbox 1744 4946 1896 5002; x_wconf 84' lang='lat' dir='ltr'><strong>ﬂocci</strong></span> <span class='ocrx_word' id='word_1_690' title='bbox 1915 4947 2120 5003; x_wconf 74' lang='lat' dir='ltr'><strong>facien-</strong></span> 
     </span>
    </p>
   </div>
   <div class='ocr_carea' id='block_1_95' title="bbox 547 5037 2119 5107">
    <p class='ocr_par' dir='ltr' id='par_1_95' title="bbox 547 5037 2119 5107">
     <span class='ocr_line' id='line_1_95' title="bbox 547 5037 2119 5107; baseline 0 -14"><span class='ocrx_word' id='word_1_691' title='bbox 547 5050 645 5104; x_wconf 83' lang='lat' dir='ltr'><strong>tes,</strong></span> <span class='ocrx_word' id='word_1_692' title='bbox 672 5050 766 5093; x_wconf 90' lang='lat' dir='ltr'><strong>aut</strong></span> <span class='ocrx_word' id='word_1_693' title='bbox 790 5039 1076 5092; x_wconf 89' lang='lat' dir='ltr'><strong>mulierum</strong></span> <span class='ocrx_word' id='word_1_694' title='bbox 1103 5039 1286 5105; x_wconf 88' lang='lat' dir='ltr'><strong>specie</strong></span> <span class='ocrx_word' id='word_1_695' title='bbox 1314 5039 1378 5092; x_wconf 89' lang='lat' dir='ltr'><strong>ad</strong></span> <span class='ocrx_word' id='word_1_696' title='bbox 1407 5039 1716 5107; x_wconf 89' lang='lat' dir='ltr'><strong>voluptates</strong></span> <span class='ocrx_word' id='word_1_697' title='bbox 1768 5037 1997 5093; x_wconf 83' lang='lat' dir='ltr'><strong>lascivas</strong></span> <span class='ocrx_word' id='word_1_698' title='bbox 2021 5039 2119 5093; x_wconf 83' lang='lat' dir='ltr'><strong>ab-</strong></span> 
     </span>
    </p>
   </div>
   <div class='ocr_carea' id='block_1_96' title="bbox 546 5128 2114 5198">
    <p class='ocr_par' dir='ltr' id='par_1_96' title="bbox 546 5128 2114 5198">
     <span class='ocr_line' id='line_1_96' title="bbox 546 5128 2114 5198; baseline 0.001 -14"><span class='ocrx_word' id='word_1_699' title='bbox 546 5132 1016 5198; x_wconf 84' lang='lat' dir='ltr'><strong>ripiebantur;aut</strong></span> <span class='ocrx_word' id='word_1_700' title='bbox 1047 5128 1276 5184; x_wconf 81' lang='lat' dir='ltr'><strong>fortasse</strong></span> <span class='ocrx_word' id='word_1_701' title='bbox 1299 5129 1599 5184; x_wconf 90' lang='lat' dir='ltr'><strong>alienorum</strong></span> <span class='ocrx_word' id='word_1_702' title='bbox 1623 5129 1918 5198; x_wconf 89' lang='lat' dir='ltr'><strong>amicitias,</strong></span> <span class='ocrx_word' id='word_1_703' title='bbox 1965 5145 2033 5186; x_wconf 93' lang='lat' dir='ltr'><strong>ne</strong></span> <span class='ocrx_word' id='word_1_704' title='bbox 2063 5132 2114 5186; x_wconf 92' lang='lat' dir='ltr'><strong>in</strong></span> 
     </span>
    </p>
   </div>
   <div class='ocr_carea' id='block_1_97' title="bbox 545 5219 2099 5290">
    <p class='ocr_par' dir='ltr' id='par_1_97' title="bbox 545 5219 2099 5290">
     <span class='ocr_line' id='line_1_97' title="bbox 545 5219 2099 5290; baseline 0.001 -16"><span class='ocrx_word' id='word_1_705' title='bbox 545 5221 968 5290; x_wconf 72' lang='lat' dir='ltr'><strong>ipsosbellarcnt</strong></span> <span class='ocrx_word' id='word_1_706' title='bbox 1003 5228 1255 5288; x_wconf 82' lang='lat' dir='ltr'><strong>tanquam</strong></span> <span class='ocrx_word' id='word_1_707' title='bbox 1281 5219 1392 5287; x_wconf 87' lang='lat' dir='ltr'><strong>jam</strong></span> <span class='ocrx_word' id='word_1_708' title='bbox 1420 5219 1598 5274; x_wconf 90' lang='lat' dir='ltr'><strong>socios</strong></span> <span class='ocrx_word' id='word_1_709' title='bbox 1638 5228 1690 5272; x_wconf 88' lang='lat' dir='ltr'><strong>et</strong></span> <span class='ocrx_word' id='word_1_710' title='bbox 1716 5229 1938 5288; x_wconf 91' lang='lat' dir='ltr'><strong>propter</strong></span> <span class='ocrx_word' id='word_1_711' title='bbox 1998 5238 2099 5276; x_wconf 88' lang='lat' dir='ltr'><strong>uu-</strong></span> 
     </span>
    </p>
   </div>
   <div class='ocr_carea' id='block_1_98' title="bbox 543 5309 2117 5380">
    <p class='ocr_par' dir='ltr' id='par_1_98' title="bbox 543 5309 2117 5380">
     <span class='ocr_line' id='line_1_98' title="bbox 543 5309 2117 5380; baseline 0.004 -19"><span class='ocrx_word' id='word_1_712' title='bbox 543 5313 685 5379; x_wconf 86' lang='lat' dir='ltr'><strong>ptias</strong></span> <span class='ocrx_word' id='word_1_713' title='bbox 710 5309 962 5364; x_wconf 79' lang='lat' dir='ltr'><strong>amuitate</strong></span> <span class='ocrx_word' id='word_1_714' title='bbox 984 5312 1429 5380; x_wconf 64' lang='lat' dir='ltr'><strong>coniunctosdiac</strong></span> <span class='ocrx_word' id='word_1_715' title='bbox 1454 5311 1664 5364; x_wconf 89' lang='lat' dir='ltr'><strong>ratione</strong></span> <span class='ocrx_word' id='word_1_716' title='bbox 1689 5321 1908 5380; x_wconf 85' lang='lat' dir='ltr'><strong>captare</strong></span> <span class='ocrx_word' id='word_1_717' title='bbox 1930 5313 2117 5368; x_wconf 87' lang='lat' dir='ltr'><strong>molie-</strong></span> 
     </span>
    </p>
   </div>
   <div class='ocr_carea' id='block_1_99' title="bbox 545 5400 2115 5471">
    <p class='ocr_par' dir='ltr' id='par_1_99' title="bbox 545 5400 2115 5471">
     <span class='ocr_line' id='line_1_99' title="bbox 545 5400 2115 5471; baseline 0.004 -17"><span class='ocrx_word' id='word_1_718' title='bbox 545 5402 760 5454; x_wconf 87' lang='lat' dir='ltr'><strong>bantur.</strong></span> <span class='ocrx_word' id='word_1_719' title='bbox 793 5400 943 5466; x_wconf 82' lang='lat' dir='ltr'><strong>Quod</strong></span> <span class='ocrx_word' id='word_1_720' title='bbox 966 5401 1109 5456; x_wconf 90' lang='lat' dir='ltr'><strong>aliud</strong></span> <span class='ocrx_word' id='word_1_721' title='bbox 1143 5401 1276 5455; x_wconf 87' lang='lat' dir='ltr'><strong>nihil</strong></span> <span class='ocrx_word' id='word_1_722' title='bbox 1306 5411 1422 5457; x_wconf 89' lang='lat' dir='ltr'><strong>erat</strong></span> <span class='ocrx_word' id='word_1_723' title='bbox 1445 5417 1606 5471; x_wconf 65' lang='lat' dir='ltr'><strong>«luam</strong></span> <span class='ocrx_word' id='word_1_724' title='bbox 1680 5401 1784 5455; x_wconf 88' lang='lat' dir='ltr'><strong>lide</strong></span> <span class='ocrx_word' id='word_1_725' title='bbox 1845 5405 2115 5460; x_wconf 83' lang='lat' dir='ltr'><strong>titubante</strong></span> 
     </span>
    </p>
   </div>
   <div class='ocr_carea' id='block_1_100' title="bbox 546 5490 2116 5564">
    <p class='ocr_par' dir='ltr' id='par_1_100' title="bbox 546 5490 2116 5564">
     <span class='ocr_line' id='line_1_100' title="bbox 546 5490 2116 5564; baseline 0.003 -19"><span class='ocrx_word' id='word_1_726' title='bbox 546 5490 860 5560; x_wconf 86' lang='lat' dir='ltr'><strong>injuriosius</strong></span> <span class='ocrx_word' id='word_1_727' title='bbox 895 5508 1053 5564; x_wconf 80' lang='lat' dir='ltr'><strong>agere</strong></span> <span class='ocrx_word' id='word_1_728' title='bbox 1092 5510 1212 5550; x_wconf 87' lang='lat' dir='ltr'><strong>cum</strong></span> <span class='ocrx_word' id='word_1_729' title='bbox 1247 5494 1372 5559; x_wconf 89' lang='lat' dir='ltr'><strong>Deo,</strong></span> <span class='ocrx_word' id='word_1_730' title='bbox 1411 5493 1569 5563; x_wconf 91' lang='lat' dir='ltr'><strong>quasi</strong></span> <span class='ocrx_word' id='word_1_731' title='bbox 1595 5494 1685 5562; x_wconf 85' lang='lat' dir='ltr'><strong>qui</strong></span> <span class='ocrx_word' id='word_1_732' title='bbox 1721 5509 1815 5548; x_wconf 84' lang='lat' dir='ltr'><strong>eos</strong></span> <span class='ocrx_word' id='word_1_733' title='bbox 1878 5496 1944 5550; x_wconf 87' lang='lat' dir='ltr'><strong>de</strong></span> <span class='ocrx_word' id='word_1_734' title='bbox 1998 5497 2116 5550; x_wconf 90' lang='lat' dir='ltr'><strong>illo-</strong></span> 
     </span>
    </p>
   </div>
   <div class='ocr_carea' id='block_1_101' title="bbox 619 5667 1030 5735">
    <p class='ocr_par' dir='ltr' id='par_1_101' title="bbox 619 5667 1030 5735">
     <span class='ocr_line' id='line_1_101' title="bbox 619 5667 1030 5735; baseline -0.002 -9"><span class='ocrx_word' id='word_1_735' title='bbox 619 5667 901 5735; x_wconf 78' lang='lat' dir='ltr'><strong>”Deut.t,</strong></span> <span class='ocrx_word' id='word_1_736' title='bbox 946 5670 1030 5725; x_wconf 87' lang='lat' dir='ltr'><strong>l7.</strong></span> 
     </span>
    </p>
   </div>
   <div class='ocr_carea' id='block_1_102' title="bbox 2231 4494 3804 4569">
    <p class='ocr_par' dir='ltr' id='par_1_102' title="bbox 2231 4494 3804 4569">
     <span class='ocr_line' id='line_1_102' title="bbox 2231 4494 3804 4569; baseline -0.007 -14"><span class='ocrx_word' id='word_1_737' title='bbox 2231 4501 2444 4569; x_wconf 78' lang='grc' dir='ltr'>ἀνάγκη</span> <span class='ocrx_word' id='word_1_738' title='bbox 2478 4501 2602 4562; x_wconf 79' lang='grc' dir='ltr'>τοὺς</span> <span class='ocrx_word' id='word_1_739' title='bbox 2636 4501 2758 4560; x_wconf 86' lang='grc' dir='ltr'>ταῖς</span> <span class='ocrx_word' id='word_1_740' title='bbox 2810 4496 2953 4549; x_wconf 75' lang='grc' dir='ltr'>οὕτω</span> <span class='ocrx_word' id='word_1_741' title='bbox 2985 4498 3083 4567; x_wconf 78' lang='grc' dir='ltr'>τὴν</span> <span class='ocrx_word' id='word_1_742' title='bbox 3119 4496 3293 4566; x_wconf 80' lang='grc' dir='ltr'>φρένα</span> <span class='ocrx_word' id='word_1_743' title='bbox 3329 4494 3804 4565; x_wconf 75' lang='grc' dir='ltr'>κατεφθαρμένοιις</span> 
     </span>
    </p>
   </div>
   <div class='ocr_carea' id='block_1_103' title="bbox 2230 4584 3804 4665">
    <p class='ocr_par' dir='ltr' id='par_1_103' title="bbox 2230 4584 3804 4665">
     <span class='ocr_line' id='line_1_103' title="bbox 2230 4584 3804 4665; baseline -0.007 -17"><span class='ocrx_word' id='word_1_744' title='bbox 2230 4592 2616 4665; x_wconf 74' lang='grc' dir='ltr'>σννῳκηκὸτας</span> <span class='ocrx_word' id='word_1_745' title='bbox 2673 4587 3238 4660; x_wconf 84' lang='grc' dir='ltr'>συγκαταμιαίνεσθαι</span> <span class='ocrx_word' id='word_1_746' title='bbox 3291 4587 3386 4642; x_wconf 77' lang='grc' dir='ltr'>καὶ</span> <span class='ocrx_word' id='word_1_747' title='bbox 3444 4584 3804 4658; x_wconf 81' lang='grc' dir='ltr'>προσκρούειν</span> 
     </span>
    </p>
   </div>
   <div class='ocr_carea' id='block_1_104' title="bbox 2226 4676 3803 4756">
    <p class='ocr_par' dir='ltr' id='par_1_104' title="bbox 2226 4676 3803 4756">
     <span class='ocr_line' id='line_1_104' title="bbox 2226 4676 3803 4756; baseline -0.006 -18"><span class='ocrx_word' id='word_1_748' title='bbox 2226 4685 2362 4756; x_wconf 81' lang='grc' dir='ltr'><strong>Θεῷ.</strong></span> <span class='ocrx_word' id='word_1_749' title='bbox 2394 4684 2568 4747; x_wconf 79' lang='grc' dir='ltr'>Πολὺς</span> <span class='ocrx_word' id='word_1_750' title='bbox 2595 4682 2653 4736; x_wconf 82' lang='grc' dir='ltr'><strong>δέ</strong></span> <span class='ocrx_word' id='word_1_751' title='bbox 2673 4699 2736 4750; x_wconf 89' lang='grc' dir='ltr'><strong>γε</strong></span> <span class='ocrx_word' id='word_1_752' title='bbox 2763 4681 2884 4734; x_wconf 90' lang='grc' dir='ltr'>λίαν</span> <span class='ocrx_word' id='word_1_753' title='bbox 2912 4681 2940 4732; x_wconf 89' lang='grc' dir='ltr'><strong>ό</strong></span> <span class='ocrx_word' id='word_1_754' title='bbox 2967 4679 3059 4733; x_wconf 80' lang='grc' dir='ltr'><strong>ἐπί</strong></span> <span class='ocrx_word' id='word_1_755' title='bbox 3081 4695 3145 4747; x_wconf 86' lang='grc' dir='ltr'><strong>γε</strong></span> <span class='ocrx_word' id='word_1_756' title='bbox 3174 4678 3415 4732; x_wconf 77' lang='grc' dir='ltr'>τουτοισὶ</span> <span class='ocrx_word' id='word_1_757' title='bbox 3437 4678 3628 4746; x_wconf 86' lang='grc' dir='ltr'>γέγονε</span> <span class='ocrx_word' id='word_1_758' title='bbox 3651 4676 3803 4746; x_wconf 84' lang='grc' dir='ltr'>λόγος</span> 
     </span>
    </p>
   </div>
   <div class='ocr_carea' id='block_1_105' title="bbox 2225 4768 3803 4845">
    <p class='ocr_par' dir='ltr' id='par_1_105' title="bbox 2225 4768 3803 4845">
     <span class='ocr_line' id='line_1_105' title="bbox 2225 4768 3803 4845; baseline -0.007 -15"><span class='ocrx_word' id='word_1_759' title='bbox 2225 4780 2282 4831; x_wconf 78' lang='grc' dir='ltr'>ὲν</span> <span class='ocrx_word' id='word_1_760' title='bbox 2323 4779 2436 4840; x_wconf 87' lang='grc' dir='ltr'>τοῖς</span> <span class='ocrx_word' id='word_1_761' title='bbox 2470 4777 2675 4845; x_wconf 86' lang='grc' dir='ltr'>Ἕσδρα</span> <span class='ocrx_word' id='word_1_762' title='bbox 2718 4773 2966 4844; x_wconf 84' lang='grc' dir='ltr'>βιϐλίοις.</span> <span class='ocrx_word' id='word_1_763' title='bbox 3005 4771 3367 4825; x_wconf 81' lang='grc' dir='ltr'>Καταιτιᾶται</span> <span class='ocrx_word' id='word_1_764' title='bbox 3400 4768 3580 4822; x_wconf 86' lang='grc' dir='ltr'>τοίνυν</span> <span class='ocrx_word' id='word_1_765' title='bbox 3611 4768 3803 4830; x_wconf 73' lang='grc' dir='ltr'>αὐτοὺς</span> 
     </span>
    </p>
   </div>
   <div class='ocr_carea' id='block_1_106' title="bbox 2221 4857 3801 4933">
    <p class='ocr_par' dir='ltr' id='par_1_106' title="bbox 2221 4857 3801 4933">
     <span class='ocr_line' id='line_1_106' title="bbox 2221 4857 3801 4933; baseline -0.008 -11"><span class='ocrx_word' id='word_1_766' title='bbox 2221 4871 2250 4921; x_wconf 84' lang='grc' dir='ltr'>ὁ</span> <span class='ocrx_word' id='word_1_767' title='bbox 2280 4870 2386 4922; x_wconf 83' lang='grc' dir='ltr'><strong>τῶν</strong></span> <span class='ocrx_word' id='word_1_768' title='bbox 2416 4868 2559 4920; x_wconf 85' lang='grc' dir='ltr'>ὅλων</span> <span class='ocrx_word' id='word_1_769' title='bbox 2580 4867 2732 4930; x_wconf 71' lang='grc' dir='ltr'>Θεὸς,</span> <span class='ocrx_word' id='word_1_770' title='bbox 2763 4864 2838 4928; x_wconf 82' lang='grc' dir='ltr'>ὡς</span> <span class='ocrx_word' id='word_1_771' title='bbox 2869 4864 3066 4933; x_wconf 88' lang='grc' dir='ltr'>γύναια</span> <span class='ocrx_word' id='word_1_772' title='bbox 3096 4863 3193 4932; x_wconf 80' lang='grc' dir='ltr'><strong>μὲν</strong></span> <span class='ocrx_word' id='word_1_773' title='bbox 3236 4859 3604 4929; x_wconf 78' lang='grc' dir='ltr'>ἀτιμάζοντας</span> <span class='ocrx_word' id='word_1_774' title='bbox 3625 4857 3726 4921; x_wconf 75' lang='grc' dir='ltr'>τὰς</span> <span class='ocrx_word' id='word_1_775' title='bbox 3751 4857 3801 4922; x_wconf 78' lang='grc' dir='ltr'><strong>ἐξ</strong></span> 
     </span>
    </p>
   </div>
   <div class='ocr_carea' id='block_1_107' title="bbox 2223 4948 3802 5031">
    <p class='ocr_par' dir='ltr' id='par_1_107' title="bbox 2223 4948 3802 5031">
     <span class='ocr_line' id='line_1_107' title="bbox 2223 4948 3802 5031; baseline -0.009 -18"><span class='ocrx_word' id='word_1_776' title='bbox 2223 4961 2456 5031; x_wconf 75' lang='grc' dir='ltr'>αἵματος</span> <span class='ocrx_word' id='word_1_777' title='bbox 2497 4957 2711 5028; x_wconf 80' lang='grc' dir='ltr'>Ἰσραὴλ</span> <span class='ocrx_word' id='word_1_778' title='bbox 2734 4957 2900 5027; x_wconf 72' lang='grc' dir='ltr'>ἤγουν</span> <span class='ocrx_word' id='word_1_779' title='bbox 2929 4955 3022 5008; x_wconf 79' lang='grc' dir='ltr'>τοῦ</span> <span class='ocrx_word' id='word_1_780' title='bbox 3059 4954 3252 5017; x_wconf 84' lang='grc' dir='ltr'>Ἰούδα,</span> <span class='ocrx_word' id='word_1_781' title='bbox 3293 4951 3728 5022; x_wconf 75' lang='grc' dir='ltr'>προσκειμένους</span> <span class='ocrx_word' id='word_1_782' title='bbox 3750 4948 3802 5001; x_wconf 76' lang='grc' dir='ltr'>δὲ</span> 
     </span>
    </p>
   </div>
   <div class='ocr_carea' id='block_1_108' title="bbox 2222 5037 3798 5116">
    <p class='ocr_par' dir='ltr' id='par_1_108' title="bbox 2222 5037 3798 5116">
     <span class='ocr_line' id='line_1_108' title="bbox 2222 5037 3798 5116; baseline -0.01 -11"><span class='ocrx_word' id='word_1_783' title='bbox 2222 5053 2448 5113; x_wconf 82' lang='grc' dir='ltr'>ἀνοσίως</span> <span class='ocrx_word' id='word_1_784' title='bbox 2481 5053 2600 5112; x_wconf 86' lang='grc' dir='ltr'>ταῖς</span> <span class='ocrx_word' id='word_1_785' title='bbox 2644 5048 2752 5102; x_wconf 82' lang='grc' dir='ltr'><strong>τῶν</strong></span> <span class='ocrx_word' id='word_1_786' title='bbox 2783 5046 3098 5115; x_wconf 75' lang='grc' dir='ltr'>ἀλλοφύλων</span> <span class='ocrx_word' id='word_1_787' title='bbox 3139 5045 3471 5116; x_wconf 84' lang='grc' dir='ltr'>θυγατράσι,</span> <span class='ocrx_word' id='word_1_788' title='bbox 3505 5041 3684 5093; x_wconf 87' lang='grc' dir='ltr'>καίτοι</span> <span class='ocrx_word' id='word_1_789' title='bbox 3713 5037 3798 5092; x_wconf 73' lang='grc' dir='ltr'>τοῦ</span> 
     </span>
    </p>
   </div>
   <div class='ocr_carea' id='block_1_109' title="bbox 2222 5126 3801 5213">
    <p class='ocr_par' dir='ltr' id='par_1_109' title="bbox 2222 5126 3801 5213">
     <span class='ocr_line' id='line_1_109' title="bbox 2222 5126 3801 5213; baseline -0.01 -18"><span class='ocrx_word' id='word_1_790' title='bbox 2222 5142 2388 5213; x_wconf 75' lang='grc' dir='ltr'>νόμον</span> <span class='ocrx_word' id='word_1_791' title='bbox 2416 5141 2515 5209; x_wconf 81' lang='grc' dir='ltr'>τὴν</span> <span class='ocrx_word' id='word_1_792' title='bbox 2547 5138 2762 5192; x_wconf 83' lang='grc' dir='ltr'>σύνοδον</span> <span class='ocrx_word' id='word_1_793' title='bbox 2793 5137 3228 5204; x_wconf 53' lang='grc' dir='ltr'>ἀποφάσκοντος.</span> <span class='ocrx_word' id='word_1_794' title='bbox 3267 5132 3407 5184; x_wconf 84' lang='grc' dir='ltr'>Ἀλλ’</span> <span class='ocrx_word' id='word_1_795' title='bbox 3450 5131 3501 5183; x_wconf 89' lang='lat' dir='ltr'><strong>ol.</strong></span> <span class='ocrx_word' id='word_1_796' title='bbox 3529 5128 3636 5182; x_wconf 81' lang='grc' dir='ltr'>τῶν</span> <span class='ocrx_word' id='word_1_797' title='bbox 3663 5126 3801 5180; x_wconf 74' lang='grc' dir='ltr'>οὕτω</span> 
     </span>
    </p>
   </div>
   <div class='ocr_carea' id='block_1_110' title="bbox 2225 5215 3800 5292">
    <p class='ocr_par' dir='ltr' id='par_1_110' title="bbox 2225 5215 3800 5292">
     <span class='ocr_line' id='line_1_110' title="bbox 2225 5215 3800 5292; baseline -0.009 -12"><span class='ocrx_word' id='word_1_798' title='bbox 2225 5227 2439 5280; x_wconf 83' lang='grc' dir='ltr'>σεπτῶν</span> <span class='ocrx_word' id='word_1_799' title='bbox 2483 5227 2582 5280; x_wconf 78' lang='grc' dir='ltr'><strong>οὐκ</strong></span> <span class='ocrx_word' id='word_1_800' title='bbox 2631 5221 2728 5278; x_wconf 79' lang='grc' dir='ltr'>οἶδ’</span> <span class='ocrx_word' id='word_1_801' title='bbox 2778 5227 2926 5288; x_wconf 83' lang='grc' dir='ltr'>ὅπως</span> <span class='ocrx_word' id='word_1_802' title='bbox 2974 5223 3439 5292; x_wconf 82' lang='grc' dir='ltr'>ὀλιγωρήσαντες,</span> <span class='ocrx_word' id='word_1_803' title='bbox 3472 5219 3505 5268; x_wconf 63' lang='grc' dir='ltr'>ἦ</span> <span class='ocrx_word' id='word_1_804' title='bbox 3551 5221 3668 5280; x_wconf 84' lang='grc' dir='ltr'>ταῖς</span> <span class='ocrx_word' id='word_1_805' title='bbox 3698 5215 3800 5270; x_wconf 82' lang='grc' dir='ltr'>τῶν</span> 
     </span>
    </p>
   </div>
   <div class='ocr_carea' id='block_1_111' title="bbox 2226 5307 3795 5389">
    <p class='ocr_par' dir='ltr' id='par_1_111' title="bbox 2226 5307 3795 5389">
     <span class='ocr_line' id='line_1_111' title="bbox 2226 5307 3795 5389; baseline -0.009 -18"><span class='ocrx_word' id='word_1_806' title='bbox 2226 5318 2460 5387; x_wconf 84' lang='grc' dir='ltr'>γυναίων</span> <span class='ocrx_word' id='word_1_807' title='bbox 2495 5317 2666 5389; x_wconf 83' lang='grc' dir='ltr'>ὥραις</span> <span class='ocrx_word' id='word_1_808' title='bbox 2700 5315 2836 5386; x_wconf 78' lang='grc' dir='ltr'>πρὸς</span> <span class='ocrx_word' id='word_1_809' title='bbox 2859 5313 3111 5382; x_wconf 81' lang='grc' dir='ltr'>ἀσελγεῖς</span> <span class='ocrx_word' id='word_1_810' title='bbox 3136 5311 3330 5382; x_wconf 76' lang='grc' dir='ltr'>ἡδονὰς</span> <span class='ocrx_word' id='word_1_811' title='bbox 3365 5307 3795 5379; x_wconf 74' lang='grc' dir='ltr'>συνηρπάξοντο,</span> 
     </span>
    </p>
   </div>
   <div class='ocr_carea' id='block_1_112' title="bbox 2227 5395 3796 5480">
    <p class='ocr_par' dir='ltr' id='par_1_112' title="bbox 2227 5395 3796 5480">
     <span class='ocr_line' id='line_1_112' title="bbox 2227 5395 3796 5480; baseline -0.01 -18"><span class='ocrx_word' id='word_1_812' title='bbox 2227 5410 2258 5480; x_wconf 81' lang='grc' dir='ltr'><strong>ἥ</strong></span> <span class='ocrx_word' id='word_1_813' title='bbox 2299 5409 2433 5480; x_wconf 80' lang='grc' dir='ltr'>τάχα</span> <span class='ocrx_word' id='word_1_814' title='bbox 2468 5425 2570 5461; x_wconf 87' lang='grc' dir='ltr'><strong>που</strong></span> <span class='ocrx_word' id='word_1_815' title='bbox 2601 5410 2720 5470; x_wconf 84' lang='grc' dir='ltr'>ταῖς</span> <span class='ocrx_word' id='word_1_816' title='bbox 2753 5408 2815 5459; x_wconf 81' lang='grc' dir='ltr'><strong>ὲκ</strong></span> <span class='ocrx_word' id='word_1_817' title='bbox 2844 5405 2953 5459; x_wconf 81' lang='grc' dir='ltr'><strong>τῶν</strong></span> <span class='ocrx_word' id='word_1_818' title='bbox 2982 5403 3298 5472; x_wconf 63' lang='grc' dir='ltr'>ἀλλοφύλων</span> <span class='ocrx_word' id='word_1_819' title='bbox 3330 5400 3537 5470; x_wconf 85' lang='grc' dir='ltr'>φιλίαις</span> <span class='ocrx_word' id='word_1_820' title='bbox 3565 5395 3796 5467; x_wconf 76' lang='grc' dir='ltr'>ύποτρέσ</span> 
     </span>
    </p>
   </div>
   <div class='ocr_carea' id='block_1_113' title="bbox 2226 5485 3795 5566">
    <p class='ocr_par' dir='ltr' id='par_1_113' title="bbox 2226 5485 3795 5566">
     <span class='ocr_line' id='line_1_113' title="bbox 2226 5485 3795 5566; baseline -0.01 -15"><span class='ocrx_word' id='word_1_821' title='bbox 2226 5515 2341 5566; x_wconf 80' lang='grc' dir='ltr'>χειν</span> <span class='ocrx_word' id='word_1_822' title='bbox 2370 5496 2582 5566; x_wconf 66' lang='grc' dir='ltr'><strong>⁴ἤθελον,</strong></span> <span class='ocrx_word' id='word_1_823' title='bbox 2615 5497 2703 5551; x_wconf 86' lang='grc' dir='ltr'><strong>ἵνα</strong></span> <span class='ocrx_word' id='word_1_824' title='bbox 2736 5497 2810 5566; x_wconf 79' lang='grc' dir='ltr'><strong>μὴ</strong></span> <span class='ocrx_word' id='word_1_825' title='bbox 2848 5494 3107 5566; x_wconf 81' lang='grc' dir='ltr'>μάχοιντο</span> <span class='ocrx_word' id='word_1_826' title='bbox 3155 5492 3290 5561; x_wconf 75' lang='grc' dir='ltr'>πρὸς</span> <span class='ocrx_word' id='word_1_827' title='bbox 3335 5491 3532 5554; x_wconf 74' lang='grc' dir='ltr'>αὐτοὺς</span> <span class='ocrx_word' id='word_1_828' title='bbox 3581 5488 3656 5549; x_wconf 85' lang='grc' dir='ltr'>ὠς</span> <span class='ocrx_word' id='word_1_829' title='bbox 3701 5485 3795 5555; x_wconf 63' lang='grc' dir='ltr'>ἢδη</span> 
     </span>
    </p>
   </div>
   <div class='ocr_carea' id='block_1_114' title="bbox 1123 5670 2120 5746">
    <p class='ocr_par' dir='ltr' id='par_1_114' title="bbox 1123 5670 2120 5743">
     <span class='ocr_line' id='line_1_114' title="bbox 1123 5670 2120 5743; baseline 0.007 -21"><span class='ocrx_word' id='word_1_830' title='bbox 1123 5670 1166 5702; x_wconf 75' lang='grc'><strong>⁸⁸</strong></span> <span class='ocrx_word' id='word_1_831' title='bbox 1199 5673 1240 5726; x_wconf 82' lang='grc' dir='ltr'>Ι,</span> <span class='ocrx_word' id='word_1_832' title='bbox 1265 5671 1424 5725; x_wconf 85' lang='lat' dir='ltr'><strong>Esdr.</strong></span> <span class='ocrx_word' id='word_1_833' title='bbox 1457 5687 1509 5738; x_wconf 70' lang='grc' dir='ltr'><strong>κ,</strong></span> <span class='ocrx_word' id='word_1_834' title='bbox 1540 5673 1573 5725; x_wconf 77' lang='grc'><strong>2</strong></span> <span class='ocrx_word' id='word_1_835' title='bbox 1594 5687 1721 5743; x_wconf 86' lang='lat' dir='ltr'><strong>seqq</strong></span> <span class='ocrx_word' id='word_1_836' title='bbox 1750 5691 1764 5735; x_wconf 84' lang='lat'><strong>;</strong></span> <span class='ocrx_word' id='word_1_837' title='bbox 1795 5673 1836 5728; x_wconf 88' lang='lat' dir='ltr'><strong>ll</strong></span> <span class='ocrx_word' id='word_1_838' title='bbox 1866 5674 2012 5731; x_wconf 85' lang='lat' dir='ltr'><strong>Esdr.</strong></span> <span class='ocrx_word' id='word_1_839' title='bbox 2055 5689 2120 5729; x_wconf 81' lang='lat' dir='ltr'><strong>xu</strong></span> 
     </span>
    </p>
   </div>
   <div class='ocr_carea' id='block_1_115' title="bbox 2230 5670 3248 5746">
    <p class='ocr_par' dir='ltr' id='par_1_115' title="bbox 2265 5673 3248 5746">
     <span class='ocr_line' id='line_1_115' title="bbox 2265 5673 3248 5746; baseline -0.006 -16"><span class='ocrx_word' id='word_1_840' title='bbox 2265 5686 2317 5730; x_wconf 87' lang='lat' dir='ltr'><strong>ct</strong></span> <span class='ocrx_word' id='word_1_841' title='bbox 2351 5676 2419 5729; x_wconf 73' lang='grc'><strong>25</strong></span> <span class='ocrx_word' id='word_1_842' title='bbox 2445 5691 2629 5746; x_wconf 70' lang='lat' dir='ltr'><strong>seqq;</strong></span> <span class='ocrx_word' id='word_1_843' title='bbox 2666 5673 2730 5728; x_wconf 84' lang='lat' dir='ltr'><strong>ill</strong></span> <span class='ocrx_word' id='word_1_844' title='bbox 2761 5675 2910 5730; x_wconf 73' lang='lat' dir='ltr'><strong>l&#39;lsdr.</strong></span> <span class='ocrx_word' id='word_1_845' title='bbox 2938 5691 3010 5739; x_wconf 72' lang='grc' dir='ltr'>ιιι,</span> <span class='ocrx_word' id='word_1_846' title='bbox 3045 5673 3076 5727; x_wconf 84' lang='lat'><strong>9</strong></span> <span class='ocrx_word' id='word_1_847' title='bbox 3100 5686 3248 5740; x_wconf 66' lang='lat' dir='ltr'><strong>st‘qq.</strong></span> 
     </span>
    </p>
   </div>
  </div>
