3934 6318
1 386 95 440 3ε7

864 378 1412 437 COMMENTARIUS
1458 377 1527 434 ΙΝ
1569 379 1978 437 MALACHIAM
2015 381 2464 438 I’ROPHETAM.

3161 375 3265 430 ars

2 496 364 567 γνωρίμους,
404 497 498 550 καὶ
534 497 633 570 τὴν
675 499 738 550 ἐκ
775 498 972 567 γάμων
1000 497 1222 567 ἔχοντας
1260 497 1595 568 ἀγχιστείαν.

1713 515 1819 552 runt
1855 513 2014 553 manu
2054 501 2282 569 eripere,
2317 512 2412 554 seu
2451 478 2690 566 potentia
2723 490 3143 558 alienigenarum
3171 503 3266 543 su-

3 585 178 639 Τοῦτο
207 587 267 640 δὲ
307 589 401 640 καὶ
429 588 618 656 ἓτερον
643 587 792 640 οὐδὲν
821 586 854 658 ἢ
884 589 1002 650 ταῖς
1031 586 1427 656 ὁλιγοπιστίαις
1457 587 1592 640 καθ-

5 676 237 748 υϐρίσαι
268 677 434 741 Θεὸν,
468 677 543 741 ὡς
576 679 672 747 τῆς
718 679 942 731 ἐκείνων
976 679 1156 749 χειρὸς
1197 679 1476 743 ἐξελέσθαι
1519 679 1598 750 μὴ

6 767 355 836 δυνάμενον,
411 769 580 838 ἤγουν
639 768 919 836 ἀποφῆναι
981 769 1295 839 κρείττονας
1363 771 1464 840 τῆς
1533 771 1593 836 ἐξ

8 858 338 926 ἀλλοφύλων
365 857 693 921 πλεονεξία-ς.
741 858 960 911 Ἐλύπει
992 857 1055 929 δὴ
1097 853 1190 912 οὖν
1235 860 1375 913 κατὰ
1417 860 1596 914 πάντα

9 953 218 1021 τρόπον
253 951 319 1003 τὸ
351 951 542 1021 χρῆμα
582 949 736 1002 Θεόν.
776 949 960 1022 Ταύτῃ
993 966 1075 1003 τοι
1105 952 1200 1003 καὶ
1226 952 1324 1021 τῆς
1354 951 1596 1022 ἐμφύτου

15 1040 411 1112 ςιλοστοργίας
436 1039 766 1106 ἀλογοῦντας
794 1038 1038 1109 βλέπων,
1065 1040 1200 1110 φησί
1219 1059 1232 1070 ·
1268 1060 1286 1091 ι
1309 1043 1444 1110 Οὐχὶ
1467 1041 1597 1104 Θεὸς

14 1129 88 1194 είς
135 1132 366 1184 ἔκτισεν
414 1133 586 1201 ὑμᾶςς
619 1132 753 1201 Οὐχὶ
803 1133 986 1202 πατὴρ
1034 1125 1116 1194 εἷς
1161 1133 1376 1185 πάντων
1412 1133 1595 1202 ὕμῶνς

17 1223 74 1274 Τί
106 1224 202 1275 ὅτε
249 1222 637 1289 ἐγκατελίπετε
684 1223 912 1284 ἕκαστος
945 1222 1037 1275 τὸν
1073 1223 1300 1290 ἀδελφὸν
1347 1222 1540 1286 αὐτοῦς
1573 1242 1592 1274 ι

19 1309 106 1375 Εἷς
133 1313 246 1382 μὲν
277 1313 388 1383 γὰρ
412 1316 440 1366 ὁ
471 1313 687 1366 πάντων
713 1313 828 1364 ἐστί
857 1314 1232 1384 Δημιουργδς,
1271 1314 1365 1366 καὶ
1407 1313 1522 1376 ἐνὸς
1549 1317 1598 1366 οἱ

21 1406 225 1466 πάντες
255 1404 548 1468 Δεσπότου,
583 1402 907 1474 βουλομένου
956 1404 1256 1461 meamea:
1285 1403 1346 1458 τὸ
1379 1405 1600 1472 ποιηθὲν

23 1499 92 1557 εἰς
123 1495 333 1547 ἕνωσιν
360 1496 452 1547 καὶ
487 1495 792 1564 ὁμοψυχίαν
820 1498 932 1558 τοῖς
960 1495 1060 1564 τῆς
1093 1496 1310 1566 ἀγάπης
1337 1495 1556 1564 δεσμοῖς
1582 1513 1598 1526 ·

25 1586 78 1636 Εἰ
111 1585 221 1654 μὲν
255 1585 367 1655 γὰρ
398 1581 537 1656 ἦσαν
567 1584 658 1636 δύο
685 1584 798 1638 θεοὶ
842 1585 934 1637 καὶ
965 1584 1164 1656 κύριοι,
1258 1585 1350 1638 καὶ
1381 1585 1601 1648 πλείους

26 1678 116 1739 ἐτι,
147 1677 219 1729 τὸ
253 1677 482 1740 ἀπεικὸς
503 1677 653 1730 οὐδὲν
703 1681 822 1740 ταῖς
847 1675 955 1729 τῶν
989 1678 1328 1747 ποιησάντων
1355 1678 1602 1750 γνώμαις

30 1766 607 1838 συγκαταμερίζεσθαι
660 1765 730 1820 τὰ
787 1768 1101 1837 ποιήματα,
1163 1769 1256 1821 καὶ
1305 1769 1405 1838 τὴν
1465 1769 1602 1840 πρὸς

29 1858 230 1927 ἀλληλα
270 1858 460 1914 στάσιν
489 1859 816 1930 εὑαφὸρμως
864 1858 1198 1928 εἰσδέχεσθαι
1219 1897 1232 1922 ,
1267 1859 1408 1912 κατὰ
1451 1839 1603 1927 γετὸ
1636 1839 1676 1893 Β

32 1952 130 2013 τοῖς
182 1953 448 2023 κρατοῦσι
496 1951 705 2004 δοκοῦν.
763 1951 979 2021 Ἐπειδὴ
1025 1951 1081 2002 δὲ
1130 1944 1210 2012 εἷς
1260 1951 1406 2004 ἐστιν
1448 1953 1476 2004 ὁ
1514 1951 1608 2004 διὰ.

35 2043 246 2096 πάντων
284 2044 379 2096 καὶ
413 2045 469 2094 ἐν
496 2044 630 2096 πᾶσι
661 2043 754 2094 καὶ
788 2042 880 2094 ἐπὶ
918 2043 1124 2104 πάντας
1156 2041 1308 2105 Θεὸς,
1346 2041 1474 2094 ποία
1522 2059 1604 2105 τις

34 2135 89 2185 ἂν
115 2134 334 2201 γένοιτο
359 2133 457 2202 τῆς
481 2133 744 2203 διχονοίας
774 2134 1077 2203 πρόφασις
1111 2133 1221 2184 Καὶ
1256 2132 1443 2204 ἐπειδὴ
1469 2134 1606 2204 πρὸς

36 2225 202 2294 τούτῳ
246 2225 345 2278 καὶ
387 2219 466 2287 εἷς
517 2226 544 2277 ὁ
593 2226 810 2279 πάντων
859 2224 965 2278 τῶν
1004 2224 1270 2278 Ἰουδαίων
1303 2225 1420 2277 ἐστὶ
1466 2223 1607 2278 κατὰ

40 2320 210 2388 σαρκα
258 2317 465 2387 πατὴρ,
492 2317 760 2380 τουτέστι,
791 2319 818 2369 ὁ
850 2315 1136 2379 θεσπέσιος
1175 2315 1445 2385 Ἀϐραὰμ,
1470 2315 1522 2367 τί
1545 2314 1608 2366 τὸ

38 2408 323 2462 ἀιιαπείθον
343 2411 443 2477 τὴν
471 2409 568 2479 τῆς
600 2410 782 2478 φιλίας
813 2407 1146 2478 εἰσδέχεσθαι
1174 2409 1364 2474 νόσον;
1395 2409 1463 2460 Ἦ
1491 2406 1607 2470 πῶς

39 2504 131 2554 οὐκ
162 2500 459 2554 ἀκόλουθον
494 2504 606 2562 τοῖς
652 2501 710 2568 ἐξ
759 2500 988 2570 αἵματος
1021 2499 1187 2568 ἐγγὺς
1223 2498 1295 2561 ὡς
1339 2500 1397 2550 ἐν
1442 2497 1610 2566 ὀφλή-

45 2611 203 2662 ματος
241 2593 394 2657 τάξει
435 2591 818 2645 κατατίθεσθαι
861 2591 956 2662 τὴν
1007 2592 1254 2662 ἀγάπην;
1305 2590 1428 2652 Πῶς
1459 2589 1513 2641 δὲ
1547 2589 1607 2642 οὐ

47 2686 233 2754 μανίας
261 2686 432 2754 ἐγγὺς
471 2685 534 2737 τὸ
575 2688 694 2746 ταῖς
736 2684 844 2736 τῶν
878 2683 1190 2752 ἀλλοφύλων
1230 2680 1611 2752 ἐπιμαίνεσθαι

46 2779 362 2849 θυγατράτι,
398 2777 498 2840 τὰς
525 2777 663 2830 οἴκοι
696 2795 752 2830 τε
783 2777 877 2829 καὶ
909 2779 972 2828 ἐκ
1006 2777 1194 2844 γένους
1229 2775 1608 2845 ἀτιμάζοντας,

48 2872 125 2923 ἵνα
155 2870 472 2940 egenam-sn;
514 2868 684 2939 αὐτὴν
711 2869 946 2921 διάθεσιν
975 2867 1152 2920 αὐτῶν
1180 2867 1288 2919 τῶν
1328 2867 1609 2935 πατέρων,

48 2963 390 3032 Τεττιρήκασι
431 2961 540 3030 γὰρ
570 2961 766 3012 ἐκεῖνοι
797 2960 863 3011 τὰ
889 2961 998 3022 τοῖς
1023 2957 1188 3022 θείοις
1222 2959 1408 3028 νόμοις
1429 2957 1611 3026 διηγο-

52 3055 279 3123 ρευμένα
310 3053 440 3123 περὶ
478 3051 753 3120 γυναικῶν
783 3051 1023 3104 ὀθνείων.
1049 3052 1282 3104 Ἤκουον
1312 3049 1442 3120 γάρ’
1468 3049 1610 3119 (Τὴν

51 3146 315 3216 θυγατέρα
348 3161 441 3197 σου
477 3145 537 3196 ού
576 3143 766 3205 δώσεις
799 3143 873 3212 τῷ
904 3142 1002 3210 υἱῴ
1029 3141 1194 3195 αὐτοῦ
1215 3159 1227 3171 ’
1259 3142 1353 3194 καὶ
1378 3140 1475 3205 τὴν
1515 3139 1610 3192 θυ-

51 3237 245 3307 γατέρα
274 3235 441 3288 αὑτοῦ
472 3236 532 3286 οὐ
564 3234 709 3303 λήψῃ
738 3233 814 3303 τῷ
846 3231 944 3303 υἱῷ
986 3249 1100 3284 σου.
1143 3231 1468 3300 Ἀποστήσει
1506 3228 1611 3302 γὰρ

52 3328 134 3378 τδν
178 3327 290 3379 υἱόν
344 3342 437 3377 σου
484 3323 579 3377 ἀπ’
635 3322 790 3393 ἐμοῦ,
849 3322 943 3374 καὶ
1001 3319 1283 3390 πορευθεὶς
1330 3317 1616 3388 λατρεύσει

3 3473 6 3476 _
57 3421 184 3480 θεοῖς
227 3418 451 3488 ἑτέροις.
493 3433 510 3467 ι
562 3417 624 3468 Ut
676 3415 733 3468 δέ
788 3415 918 3484 παρ’
961 3412 1110 3464 οὐδὲν
1158 3410 1511 3480 ποιησάμενοι
1556 3407 1616 3460 τὸ

56 3527 150 3580 χρη
159 3509 338 3580 σμῴδη
349 3527 445 3579 μα,
472 3508 818 3577 πεπατήκασι
847 3506 937 3559 τὸν
968 3505 1149 3575 νόμον,
1175 3504 1285 3567 καὶ,
1308 3503 1368 3555 τὸ
1397 3518 1459 3569 γε
1482 3497 1616 3572 ἧκον

58 3605 128 3664 εἰς
166 3603 381 3665 αὐτοῦς,
420 3601 624 3672 ἀδρανῆ
671 3600 761 3653 καὶ
801 3597 1024 3669 βέϐηλον
1055 3595 1475 3648 ἀποτετελέκασι
1521 3592 1617 3661 τὴν

58 3691 328 3762 διαθήκην,
353 3689 648 3753 λυποῦντες
680 3692 798 3751 ταῖς
828 3687 1174 3757 παραϐάσεσι
1201 3684 1308 3736 τῶν
1333 3683 1510 3752 νόμων
1528 3681 1618 3732 τὸν

60 3784 282 3851 ἄριστον.
323 3778 735 3850 Κατατεθηπὼς
768 3780 824 3831 δὲ
855 3777 1041 3847 ὥσπερ
1089 3775 1150 3828 τὸ
1187 3774 1481 3844 δρώμενον,
1529 3772 1621 3822 καὶ

61 3871 365 3941 ἀδικωτάτῳ
401 3872 545 3942 μίσει
588 3869 1076 3940 πλεονεκτούμενον
1111 3867 1320 3937 βλέπων
1350 3866 1408 3917 τὸ
1437 3865 1496 3928 ἐξ
1539 3861 1620 3914 αἴ-

68 3980 221 4031 ματος
257 3965 430 4017 Ἰούδα
475 3963 584 4016 τῶν
611 3963 849 4031 γυναίων
895 3961 1066 4026 ἐθνος,
1111 3959 1300 4027 ἐπάγει
1331 3957 1422 4009 καί
1451 3971 1617 4025 φησι·

73 4054 523 4123 «Ἑγκατελείςςθη
561 4053 781 4116 Ἰούδας,
819 4072 835 4104 ι
897 4052 991 4104 καὶ
1033 4053 1089 4104 ἐν
1129 4052 1240 4111 τοῖς
1279 4047 1621 4100 κατοικοῦσιν

75 4145 433 4216 Ἰερουσαλὴμ,
462 4145 722 4215 Ὢ,φησῒ.,
768 4143 1068 4214 παραδόξου
1113 4137 1466 4211 πράγματοςί
1521 4136 1620 4188 οὐκ

79 4236 392 4306 Ἀσσυρίοις,
430 4239 490 4290 ού
528 4239 784 4306 Πέρσαις.
823 4236 922 4287 οὐκ
960 4232 1297 4302 Ἐλαμίταις,
1329 4231 1388 4282 οὐ
1417 4231 1528 4292 τοῖς
1558 4228 1621 4280 ἐκ

68 4326 307 4393 γειτόνων
351 4329 599 4398 ἐχθροῖς,
647 4327 761 4380 ἀλλ’
797 4325 944 4395 αὐτῷ
978 4323 1053 4394 τῷ
1096 4322 1330 4392 Ἰσραὴλ,
1376 4322 1469 4374 καὶ
1512 4321 1622 4381 τοῖς

71 4419 362 4472 κατοικοῦσι
399 4419 496 4490 τὴν
535 4418 888 4490 Ἰερουσαλὴμ
933 4414 1184 4486 βδελυρός
1230 4430 1290 4466 τε
1341 4415 1434 4465 καὶ
1490 4428 1619 4463 κατ-

1697 592 1938 658 periores
1980 591 2205 647 reddere
2251 589 2519 659 nequiret.
2573 582 2911 641 Omnlmodis
2947 581 3110 650 igitur
3152 576 3265 634 Deo

1697 683 1798 736 i5Ia
1823 698 1906 737 res
1943 682 2176 738 dolebat.
2223 681 2378 737 Unde
2424 693 2517 734 eos
2588 669 2961 748 ingeneratum
3024 684 3264 724 amorem

1697 783 2041 828 contemnere
2063 787 2314 836 cernens,
2345 772 2420 824 ait
2452 788 2466 822 :
2505 787 2524 820 ‹
2558 766 2746 821 Nonne
2780 779 2918 818 unus
2941 763 3083 816 Deus
3113 774 3267 814 crea-

1697 864 1774 917 vit
1828 863 1962 918 vos?
1994 863 2182 918 Nonne
2208 862 2368 916 Pater
2400 873 2538 913 unus
2563 852 2848 912 omnium?
2873 851 3008 917 Quid
3035 846 3268 916 estquod

1699 957 2067 1024 unusquisque
2105 953 2398 1023 reliquistis
2433 950 2654 1004 fratrem
2683 943 2886 1000 suum?
2927 962 2945 994 ι
2984 939 3130 994 Unus
3185 947 3270 992 est

1696 1050 1842 1104 enim
1867 1049 2241 1102 universorum
2271 1041 2471 1113 opifex,
2497 1047 2551 1095 et
2575 1051 2762 1094 onmcs
2793 1034 2953 1088 unius
2991 1030 3122 1084 estis
3167 1027 3271 1081 De-

1699 1139 1850 1202 mini,
1881 1137 1968 1205 qui
2022 1137 2162 1206 quod
2185 1133 2426 1190 condidit
2451 1137 2516 1186 ad
2545 1129 2798 1184 unionem
2838 1134 2894 1178 et
2923 1120 3266 1178 concordiam

1700 1225 1930 1280 vinculis
1960 1222 2242 1279 charitatis
2271 1220 2526 1286 colligare
2565 1218 2696 1272 vult.
2723 1213 2934 1268 Etenim
2979 1211 3032 1263 si-
3087 1214 3270 1262 essent

1699 1316 1804 1371 duo
1849 1315 1920 1369 dii
1957 1329 2019 1368 ac
2045 1312 2267 1373 domini,
2299 1319 2388 1364 aut
2422 1309 2584 1363 etiam
2622 1305 2822 1374 plures,
2858 1302 3094 1355 alienum
3137 1293 3271 1349 nihil

1701 1407 1838 1462 foret
1875 1421 1960 1460 res
1989 1406 2232 1459 conditas
2259 1405 2410 1471 juxta
2442 1397 2780 1452 conditorum
2840 1392 3145 1446 voluntates
3191 1387 3273 1440 di-

1701 1497 1806 1552 vidi
1836 1511 1898 1550 ac
1923 1493 2153 1560 secerni,
2177 1501 2231 1546 et
2272 1492 2371 1545 levi
2410 1489 2697 1543 occasione
2724 1484 2826 1539 sibi
2883 1481 3116 1536 invicem
3167 1477 3265 1530 ad-

1701 1586 1928 1650 versari,
1962 1581 2372 1654 proutdomiuis
2397 1579 2529 1648 ipsis
2554 1578 2764 1630 liberet.
2791 1573 3056 1640 Quoniam
3090 1575 3268 1621 autem

1702 1694 1840 1733 unus
1867 1687 1947 1732 est
1977 1692 2071 1746 per
2097 1676 2274 1728 omnia
2303 1673 2429 1728 etin
2486 1668 2738 1724 omnibus
2789 1673 2844 1719 et
2898 1676 3060 1730 super
3092 1657 3273 1712 omnia

1707 1772 1845 1824 Deus
1881 1769 1947 1836 ¹⁷,
1985 1781 2108 1835 qua}
2131 1766 2345 1820 tandem
2377 1777 2498 1819 esse
2525 1769 2690 1830 queat
2723 1753 3093 1811 dissensionis
3117 1762 3278 1804 occa-

1705 1861 1910 1918 sio?Et
1941 1858 2193 1929 quoniam
2222 1857 2443 1924 insuper
2467 1867 2607 1906 unus
2655 1857 2740 1903 est
2786 1847 3027 1902 omnium
3059 1825 3276 1895 Judaaoé

1706 1969 1826 2010 rum
1861 1961 2014 2022 pater
2030 1949 2326 2005 secundum
2356 1959 2605 2008 carnem,
2637 1940 2853 1995 divinus
2879 1947 3071 2002 nempe
3101 1932 3280 1985 Abra-

1706 2021 1876 2109 ham;
1911 2041 2038 2112 quid
2093 2048 2178 2094 est
2227 2040 2369 2108 quod
2430 2034 2723 2090 amicitiam
2773 2021 3116 2083 labefactetl
3169 2023 3282 2075 Aut

1705 2136 1974 2206 quomodo
1993 2143 2325 2199 consequens
2349 2142 2452 2181 non
2482 2134 2565 2180 est
2593 2116 3008 2189 consanguineis
3040 2125 3283 2168 amorem

1705 2237 1763 2282 ut
1792 2225 2032 2280 debitum
2078 2217 2422 2290 persolvere?
2455 2211 2734 2282 Quomodo
2761 2218 2940 2263 autem
2991 2220 3094 2258 non
3144 2213 3282 2271 pene

1707 2317 1988 2380 furiosum,
2017 2311 2331 2368 domesticis
2371 2316 2426 2362 et
2457 2321 2522 2361 ex
2551 2303 2736 2359 eodem
2761 2308 2969 2370 ’gcnere
3007 2288 3286 2362 prognatis

1707 2406 2022 2477 coniugibus
2053 2403 2342 2471 despectis,
2365 2413 2528 2467 super
2547 2406 2854 2448 exterorum
2892 2385 3100 2441 ﬁliabus
3139 2383 3284 2434 insa-

1709 2501 1909 2563 nire,ut
1941 2468 2318 2550 testamentum
2351 2490 2523 2556 ipsum
2551 2492 2764 2552 patrum
2802 2475 2971 2548 842
2992 2468 3285 2540 profanes?

1707 2587 1974 2644 lliisenim
1997 2583 2191 2640 divinis
2213 2580 2416 2652 legibus
2437 2577 2502 2631 de
2555 2570 2852 2642 peregrinis
2892 2563 3150 2618 uxoribus
3202 2560 3283 2611 in-

1713 2682 1938 2738 terdicta
1965 2685 2265 2733 servarunt.
2302 2664 2762 2728 Audiebantenim
2792 2680 2806 2714 :
2851 2678 2868 2710 ι
2907 2657 3100 2710 Filiam
3135 2661 3282 2704 tuam

1714 2789 1819 2828 non
1861 2771 2014 2825 dabis
2045 2767 2153 2821 filio
2187 2764 2302 2832 ejus
2335 2781 2348 2815 :
2395 2770 2446 2814 et
2499 2757 2660 2811 filiam
2700 2751 2869 2821 ipsius
2899 2762 3002 2802 non
3047 2740 3283 2810 accipies

1712 2862 1823 2916 filio
1862 2869 1972 2911 tuo.
2011 2854 2242 2909 Seducet
2264 2850 2409 2905 enim
2443 2847 2608 2900 tilium
2640 2853 2788 2896 tuum
2823 2855 2851 2892 a
2886 2853 2990 2903 me,
3019 2845 3071 2887 et
3095 2833 3285 2885 abiens

1714 2953 1914 3009 serviet
1936 2948 2039 3002 diis
2071 2944 2267 2998 alienis
2291 2940 2355 2994 ’⁸.
2387 2958 2406 2990 ι
2447 2939 2547 2992 Ast
2581 2935 2634 2989 hi
2666 2929 2942 2987 oraculum
2989 2923 3140 2980 nihili
3203 2921 3284 2974 fa-

1715 3045 1920 3099 cientes
1949 3041 2121 3108 legem
2151 3033 2562 3090 conculcarunt,
2625 3034 2681 3079 et
2735 3029 2998 3092 quantum
3055 3017 3108 3070 in
3155 3013 3288 3082 ipsis

1718 3136 1819 3190 fuit
1843 3139 2220 3188 tesmrnentum
2247 3125 2610 3180 iniirmarunt,
2638 3125 2693 3170 et
2723 3113 3007 3181 profanum
3035 3105 3294 3161 reddide-

1719 3239 1863 3292 runt,
1891 3238 2012 3278 eum
2044 3221 2133 3290 qui
2169 3216 2408 3287 optimus
2441 3221 2524 3267 est
2557 3209 2732 3277 legum
2756 3203 3047 3258 violatione
3081 3195 3289 3252 contri-

1716 3326 1938 3374 stantes.
1991 3285 2403 3379 Obstupefaclus
2493 3307 2670 3356 autem
2733 3290 3122 3366 propemodum
3198 3285 3288 3340 tali

1718 3411 1882 3476 facto,
1909 3417 1960 3460 et
1990 3405 2114 3460 odio
2169 3395 2509 3466 iniquissimo
2552 3404 2722 3460 genus
2773 3385 3055 3440 mulierum
3104 3377 3291 3432 Judai-

1717 3519 1902 3561 carum
1937 3509 2252 3570 oppressum
2288 3502 2539 3550 cernens,
2561 3484 2674 3536 hate
2706 3478 2894 3532 addit:
2934 3494 2952 3526 ι
2992 3471 3292 3528 Derclictus

1718 3606 1798 3651 est
1828 3594 2012 3655 Judas,
2046 3607 2062 3639 ι
2095 3597 2146 3640 et
2175 3583 2316 3653 apud
2346 3580 2652 3634 habitantes
2688 3569 3012 3630 Jerusalem,
3047 3579 3080 3618 ο
3145 3575 3282 3624 rem,

1694 3682 1914 3757 inquit,
1948 3677 2307 3749 inopinatam!
2352 3688 2455 3726 non
2493 3668 2632 3736 apud
2683 3665 2959 3734 Assyrios,
3003 3673 3108 3712 non
3161 3654 3293 3708 Per-

1721 3795 1831 3843 sas,
1863 3793 1966 3831 non
1991 3773 2273 3830 Elamitas,
2311 3781 2414 3818 non
2445 3761 2652 3814 vicinos
2681 3758 2887 3818 hostes,
2913 3751 3006 3806 sed
3057 3748 3110 3800 in
3176 3746 3292 3813 ipso

1719 3868 1885 3925 Israel
1922 3876 1976 3922 et
2030 3861 2404 3918 habitantibus
2446 3852 2752 3910 Jerusalem
2806 3837 3188 3900 abominabilis
3238 3845 3294 3890 et

1719 3960 1941 4014 odiosus
1971 3955 2143 4009 factus
2171 3961 2273 4014 est,
2304 3950 2354 4002 id
2385 3955 2688 4014 est,-genus
2715 3955 2780 3992 ex
2817 3935 2951 3990 .luda
3001 3942 3054 3986 et
3103 3927 3300 3983 mulie-

1723 4065 1838 4104 rum
1867 4043 2312 4116 propinquiorum
2342 4036 2526 4091 infelix
2556 4027 2869 4111 multitudo.
2929 4021 3083 4075 Scire
3115 4026 3293 4071 autem

1721 4141 1847 4197 licet
1864 4137 2109 4194 lsraelem
2131 4132 2311 4187 vocari
2337 4132 2518 4183 decem
2547 4107 2718 4178 tribus
2745 4132 2888 4189 qum,
2910 4124 3036 4168 ante
3053 4119 3296 4175 tempora

1723 4227 2070 4300 captivitatis,
2107 4221 2408 4278 Samariam
2436 4213 2762 4276 incolebant,
2791 4222 2926 4277 quas
2978 4211 3029 4257 et
3086 4200 3294 4268 primus

1726 4285 2064 4390 iit-Assyrios
2092 4323 2145 4368 et
2176 4311 2358 4365 Medos
2406 4305 2758 4360 Salmanasar
2789 4290 3156 4351 transtulit".
3193 4285 3300 4339 lla-

1725 4412 1960 4467 bitantes
1995 4421 2122 4460 vero
2155 4400 2452 4456 Jerusalem
2481 4394 2602 4448 illos
2622 4390 2866 4446 nominat
2931 4398 3066 4452 quos
3120 4378 3301 4433 Nabu-

145 4466 362 4472 vvv’vvvvv
411 4466 488 4490 '1'
556 4466 886 4490 "l'""""tt"
933 4466 1014 4486 t'"
1067 4466 1105 4485 VI
1164 4466 1181 4478 θ

70 4509 357 4580 ηχθημένος
383 4513 604 4581 γέγονεν
631 4513 659 4564 δ
697 4511 916 4572 Ἰούδας,
952 4504 1242 4570 τουτέστιν,
1275 4504 1335 4556 τὸ
1363 4505 1419 4569 ἐξ
1453 4501 1620 4554 Ἰούδα

1725 4501 2084 4558 chodonosor,
2123 4502 2362 4558 tempore
2415 4493 2701 4554 postremae
2762 4469 3124 4544 captivitatis,
3169 4466 3302 4520 sub-

2459 4576 2470 4581 -
2823 4577 2832 4581 _
2911 4557 3276 4581 ημμηηηε,

71 4601 203 4665 γένος
231 4604 324 4656 καὶ
359 4606 393 4674 ἡ
431 4604 539 4656 τῶν
567 4602 902 4673 ἀγχιστέρων
938 4598 1172 4668 γυναίων
1200 4596 1360 4650 ἀθλία
1389 4593 1613 4664 πληθύς.

81 4690 257 4746 Ίστὲον
288 4694 345 4746 δέ
376 4695 460 4746 ὅτι
499 4694 713 4764 Ἰσραὴλ
742 4694 838 4762 μὲν
865 4690 1120 4760 ὀνομάζει
1150 4689 1250 4753 τὰς
1287 4689 1417 4741 δέκα
1448 4682 1620 4754 ᾠυλας

73 4779 124 4882 αξ
149 4787 528 4882 κατῳκήκασιν
551 4786 607 4837 ἐν
631 4788 695 4855 τῇ
724 4783 1028 4854 Σαμαρείᾳ,
1047 4783 1152 4852 πρὸ
1183 4781 1290 4834 τῶν
1313 4779 1412 4845 τῆς
1467 4779 1620 4846 αἰχμ-

73 4867 283 4933 αλωσίας
316 4871 542 4939 καιρῶν,
574 4870 638 4934 ἃς
669 4871 762 4924 καὶ
797 4871 1010 4941 πρῶτον
1046 4870 1322 4938 ἀπῴκισεν
1344 4869 1371 4919 ὁ
1406 4865 1622 4933 Σαλμα-

74 4961 228 5032 νασὰρ
256 4965 337 5026 είς
377 4964 698 5034 Ἀσσυρίους
735 4964 828 5017 καὶ⁵
869 4963 1105 5034 Μήδους.
1139 4961 1275 5022 Τοὺς
1303 4958 1362 5010 δέ
1394 4975 1458 5025 γε
1491 4973 1621 5009 κατ-

76 5066 334 5117 οικουντας
375 5055 726 5125 Ἰερουσαλὴμ
761 5055 1000 5116 ἐκείνους
1038 5049 1173 5105 εἷναί
1202 5067 1333 5121 φησι
1363 5048 1456 5111 οὓς
1482 5042 1624 5099 εἶλεν

77 5141 102 5190 ὁ
130 5141 603 5215 Ναϐουχοδονόσορ,
651 5146 790 5200 κατά
822 5145 912 5198 τὸν
944 5143 1132 5213 καιρὸν
1179 5143 1278 5208 τῆς
1312 5140 1627 5202 τελευταίας

1719 4623 1741 4676 .1

1729 4590 1951 4662 iugavit,
1975 4583 2344 4649 Hierosolyma
2379 4586 2432 4631 et
2459 4576 2573 4644 ipso
2601 4571 2779 4623 divino
2821 4562 3018 4631 templo
3043 4557 3299 4620 incensis,

1726 4649 1861 4753 :1th
1894 4649 1947 4734 et
1997 4679 2048 4731 in
2108 4673 2435 4743 Babylonem
2489 4664 2712 4718 abduxit
2743 4660 2810 4714 '°.
2841 4658 3076 4710 Accusat
3111 4649 3298 4715 igitur,

1729 4771 1836 4824 imo
1865 4781 1990 4821 vero
2011 4779 2114 4818 non
2142 4761 2332 4814 leviter
2357 4771 2451 4811 eos
2484 4755 2782 4807 insectatur
2825 4744 2990 4816 quod,
3064 4734 3303 4794 dimissis

1729 4877 1794 4916 ex
1834 4859 1967 4912 Juda
1998 4853 2280 4913 uxoribus,
2326 4865 2392 4902 ex
2427 4842 2741 4913 alienigenis
2776 4844 3063 4907 prognatus
3101 4825 3304 4884 nefarie

1731 4953 2060 5011 asciverant,
2087 4942 2334 5015 quamvis
2364 4937 2605 5007 paternis
2644 4934 2756 4988 suis
2792 4929 3050 4986 moribus,
3083 4929 3142 4974 ut
3179 4925 3303 4970 ante

1732 5045 1864 5107 dixi,
1888 5040 2150 5095 tenaciter
2171 5035 2592 5094 adhaerentes,et
2614 5029 2666 5081 in
2689 5037 2848 5079 ceno
2871 5012 3194 5074 idololatriae
3209 5007 3303 5062 ad-

1735 5138 1837 5190 huc
1874 5147 1999 5210 sese
2027 5129 2353 5184 volutantes.

81 5239 461 5335 “"Xif‘llfusiag,
496 5242 888 5335 κα-τεμπρήσας
919 5239 987 5293 τὰ
1023 5238 1390 5309 Ἰεροσόλυμα,
1416 5237 1507 5289 καὶ
1543 5235 1704 5287 αὑτὸν
1730 5233 1786 5284 δὲ
1817 5231 1907 5283 τὸν
1972 5201 2112 5280 θεῖον
2173 5221 2467 5292 ἐμπρήσας
2531 5215 2682 5277 ναδνο
2715 5211 2808 5272 οὓς
2845 5205 2940 5260 καὶ
2973 5197 3306 5266 ἀπεκόμισεν

865 5327 940 5335 -..
1041 5327 1079 5335 μ
1152 5326 1164 5335 .
1353 5325 1362 5335 .
1535 5323 1546 5335 ι
1602 5322 1625 5334 ι.
1829 5321 1849 5334 ς
1967 5316 2056 5335 μη,
2083 5311 2354 5335 --__..e_.‘...
2415 5309 2489 5335 α-.
2525 5305 2586 5335 εδ.
2646 5299 2899 5335 ..νοέων-ει·
2925 5293 3020 5335 τᾶε
3053 5288 3109 5335 ἐξ
3137 5286 3304 5335 Ἰούδα

112 5286 461 5339 'Al”'"‘"'."-:'UI
496 5286 888 5312 "“"¢""t"l"'7
929 5286 986 5293 -ν-
1040 5286 1390 5309 -νιτ---ν-ἰν-ἰ
1419 5286 1503 5289 -ηνν
1549 5286 1556 5287 ί
2207 5286 2217 5292 -
2294 5286 2303 5291 -
2351 5286 2360 5289 -

84 5339 152 5383 εις
181 5324 484 5382 Βαϐυλωνα.
514 5329 783 5392 Αίτιᾶται,
819 5327 1016 5398 μᾶλλον
1037 5327 1092 5379 δὲ
1115 5326 1173 5378 οὐ
1209 5325 1434 5395 μετρίαν
1491 5322 1668 5374 αὐτῶν
1707 5321 1940 5372 ποιεῖται
1960 5316 2060 5386 τὴν
2082 5311 2354 5380 καταϐοὴν
2413 5309 2494 5360 ὅτι
2524 5305 2610 5374 δὴ,
2645 5299 2899 5372 μεθέντες
2925 5293 3020 5355 τὰς
3053 5288 3110 5352 ἐξ
3137 5286 3304 5339 Ἰούδα

2484 5397 2492 5398 ,
2745 5392 2766 5398 ..
2950 5383 2973 5397 ιο
3165 5396 3172 5398 Α
3190 5377 3243 5398 γ’..
3262 5394 3304 5398 κη

87 5421 346 5522 ῗναῖκας,
390 5422 723 5492 εἰσεδέχοντο
756 5418 1086 5490 παρανόμως
1125 5416 1224 5478 τὰς
1250 5419 1311 5468 ἐκ
1368 5414 1475 5467 τῶν
1519 5410 1850 5480 ἀλλοφύλων,
1884 5405 2082 5465 καίτοι,
2139 5400 2389 5468 καθάπερ
2441 5397 2540 5466 ἤδη
2610 5392 2888 5462 προεῖπον,
2906 5383 3014 5437 τῶν
3039 5377 3306 5452 πατρῴων

612 5514 623 5522 .
871 5514 882 5522 ι
993 5513 1014 5522 ..
1121 5509 1146 5520 α
1266 5509 1311 5522 εκ
1363 5508 1374 5520 ι
1400 5507 1437 5522 γε
1595 5505 1606 5522 ν
1715 5503 1767 5522 n-
1791 5499 1996 5522 ‘51----
2028 5494 2184 5522 1......\
2200 5491 2514 5522 ...ἓληηὲιιηρ
2547 5489 2621 5522 ειμι

86 5510 214 5564 εθων
252 5515 412 5584 ἀπρὶξ
459 5514 746 5583 ἐχομένας,
799 5514 894 5565 καὶ
931 5513 1043 5573 τοῖς
1089 5509 1186 5579 τῆς
1233 5505 1675 5576 εἰδωλολατρείας
1714 5499 1996 5572 βορϐόροις
2027 5491 2514 5564 ἐγκυλινδουμένας
2546 5489 2646 5540 ετιο

153 5607 589 5676 Παραφυλακτὲον
621 5606 676 5658 δὲ
709 5606 800 5658 καὶ
828 5607 958 5675 ἡμῖν
985 5602 1165 5662 αὐτοῖς
1189 5603 1300 5662 τοῖς
1327 5601 1382 5650 ἐν
1408 5597 1627 5667 Χριστῷ

155 5784 189 5813 ⁸⁷
220 5783 405 5851 Ephcs.
440 5801 512 5850 tv,
552 5783 606 5840 6.
688 5783 727 5812 ¹⁸
765 5783 916 5835 Deut.
947 5794 1040 5844 \‘il,
1070 5777 1120 5841 5,
1156 5776 1208 5829 4.

1325 5775 1363 5803 ¹⁹
1391 5772 1450 5825 ιγ
1490 5774 1617 5840 ilcg.
1651 5785 1800 5832 xvm,
1834 5766 1865 5821 9
1929 5782 2078 5833 seqq.

1805 5567 2108 5647 Cavcndum
2136 5595 2314 5639 autem
2339 5593 2392 5636 et
2420 5579 2574 5635 nobis
2615 5575 2742 5646 ipsis
2777 5575 2829 5628 in
2857 5572 3075 5629 Christo
3104 5567 3310 5639 justifi-

2161 5763 2204 5793 ²⁰
2229 5759 2291 5813 l\'
2329 5759 2458 5825 Reg.
2497 5771 2620 5818 xxv,
2653 5753 2683 5806 9
2715 5767 2866 5819 seqq.
