3934 6318
585 298 723 376 τεο,⁴

1599 300 1656 354 S.
1701 298 1979 357 CYRILLI
2019 295 2489 352 ALEXANDRINI
2529 295 2856 354 ARCHIEP.

3755 291 3860 348 350

581 414 721 469 catis
743 421 817 480 et,
847 427 940 482 per
969 411 1125 468 fidem
1153 412 1207 468 in
1232 412 1428 482 ipsum,
1449 415 1620 469 sancti
1646 414 1880 484 Spiritus
1905 431 2150 470 commu-

2273 412 2715 482 ῑεδικαιωμένοις,
2757 409 2850 463 καὶ
2881 407 2968 460 διὰ
2992 406 3089 477 τῆς
3139 407 3216 470 είς
3264 405 3427 460 αὑτὸν
3462 405 3711 469 πίστεως
3755 407 3856 476 τὴν

583 503 796 556 nionem
831 500 1134 555 consecutis
1169 501 1236 567 “,
1263 515 1329 554 ne
1361 501 1816 556 commisceantur
1837 503 2163 571 quibusdam

584 608 743 647 sensu
773 593 1133 662 perversis,et
1151 602 1330 648 mente
1357 592 1620 661 profanis,
1642 604 1695 649 et
1731 609 1758 648 a
1786 595 1888 651 [ide
1907 612 2162 666 germana

585 683 799 738 alienis.
830 682 1057 736 llieuim
1081 686 1546 757 suntalienigena:
1591 698 1647 743 et
1683 689 1863 759 lingua
1919 688 2162 757 barbari,

582 782 638 828 et
670 790 921 842 perversa
957 777 1270 844 loquuntur.
1295 779 1426 868 (ΖΨ
1451 781 1644 850 quibus
1660 782 1751 851 qui
1777 784 2162 837 commercium

586 864 853 931 habuerit,
890 866 1190 924 foedissime
1217 864 1507 938 polluetur.
1543 872 1818 942 Scriptum
1853 884 1940 927 est
1971 873 2161 928 enim:

591 976 609 1007 ι
647 957 746 1023 Qui
785 959 1021 1029 tetigerit
1063 962 1238 1028 picem
1285 964 1652 1033 inquinabitur
1685 967 1751 1020 ab
1797 980 1860 1021 ea
1895 968 1961 1016 ".
2029 966 2162 1021 Cum

585 1050 1153 1119 ergoliceatfructum
1207 1051 1350 1108 ferre
1409 1057 1764 1119 Spiritualiter
1815 1058 1868 1112 in
1904 1058 2164 1114 Ecclesiis

588 1139 808 1208 Christi,
841 1157 961 1211 qua:
990 1146 1124 1199 ratio
1149 1143 1312 1201 fuerit
1344 1149 1480 1203 velle
1506 1149 1665 1204 aliter
1717 1151 1864 1206 velut
1897 1151 2162 1220 copulari,

589 1243 643 1288 et
668 1238 1068 1293 communicare
1104 1239 1346 1309 profanis
1374 1245 1686 1315 synagogis,
1713 1253 1770 1301 et
1787 1246 2162 1302 universorum

591 1324 757 1380 Deum
787 1329 1046 1385 adversus
1070 1345 1127 1386 se
1154 1335 1530 1402 exasperare?-

657 1626 820 1698 843
855 1629 1019 1686 Vens.
1053 1631 1140 1698 Η,
1206 1634 1289 1688 12.
1364 1635 1502 1700 Quia
1561 1643 1936 1697 contaminavit
1987 1643 2161 1700 ludas

2267 502 2360 557 τοῦ
2421 503 2576 571 ἁγίου
2643 500 2960 570 Πνεύματος
3020 496 3245 566 λαχοῦσι
3317 495 3557 566 μέθεξιν,
3628 498 3690 550 τὸ
3745 500 3869 551 ἑπι-

2270 594 2564 666 μίσγεσθαί
2607 611 2770 657 τισιν,
2815 593 2976 661 οἵπερ
3023 590 3089 645 ἂν
3137 584 3248 642 εἷεν
3281 588 3719 659 διεστραμμένοι
3769 591 3861 642 τιν

2267 685 2390 739 νοῦν
2434 685 2651 755 βέϐηλοί
2680 701 2741 736 τε
2767 682 2867 745 τὰς
2898 680 3134 751 φρένας,
3164 679 3258 732 καὶ
3292 679 3390 749 τὴν
3426 679 3613 732 πίστιν
3645 677 3866 748 ἔχοντες

2265 776 2365 827 οὐκ
2393 773 2580 844 ὀρθήν.
2601 772 2932 840 Ἀλλογενεῖς
2965 770 3072 839 γὰρ
3106 764 3254 823 οὗτοι
3288 769 3384 859 καὶ
3414 767 3861 859 βαρϐαρόςρωνοι,

2267 866 2362 918 καὶ
2410 865 2700 926 λαλοῦντες
2760 859 3193 930 διεστραμμένα.
3251 853 3348 920 Οἷς
3401 861 3450 911 εί
3510 859 3866 928 ὲπιμὶσγοιτὸ

2265 975 2372 1023 τις,
2438 958 2614 1026 πάντη
2658 972 2716 1008 τε
2777 954 2870 1007 καὶ
2918 952 3135 1015 πάντως
3187 951 3721 1023 καταμιανθήσεται.
3777 951 3866 1002 Γέ-

2265 1066 2510 1122 γραπται
2559 1049 2693 1120 γάρ·
2739 1068 2757 1100 ι
2803 1048 2860 1100 Ὀ
2906 1046 3214 1115 ἁπτόμενος
3273 1045 3475 1114 πίσσης
3521 1043 3866 1114 μολυνθήσε-

2263 1159 2375 1195 ται.
2413 1159 2431 1192 ι
2479 1140 2630 1206 Ἐξὸν
2680 1135 2774 1192 οὖν
2821 1137 2927 1209 ἄρα
2978 1137 3348 1206 καρποφορεῖν
3382 1134 3591 1204 νοητῶς
3636 1135 3695 1186 ὲν
3740 1133 3866 1187 Ἐκο

2266 1232 2516 1303 κλησίαις
2560 1229 2835 1300 Χριστοῦ,
2899 1230 2981 1292 τίς
3025 1227 3135 1297 γὰρ
3177 1228 3242 1279 ἂν
3291 1227 3499 1294 γένοιτο
3554 1225 3718 1292 λόγος
3773 1242 3866 1277 του

2266 1325 2441 1378 θέλειν
2469 1324 2668 1394 ἑτέρως
2704 1323 2864 1376 οἱονεί
2907 1340 3024 1386 πως
3051 1320 3420 1374 συνάπτεσθαι
3457 1321 3551 1373 καὶ
3576 1321 3870 1375 κοινωνεῖν

2267 1413 2516 1483 βεϐήλοις
2563 1414 2906 1480 συναγωγαῖς
2976 1410 3072 1464 καὶ
3147 1410 3480 1480 καταοήγειν
3518 1410 3607 1478 ἐφ’
3644 1410 3864 1469 ἑαυτοῖς

2263 1503 2354 1557 τὸν
2384 1502 2491 1556 τῶν
2521 1504 2657 1556 ὅλων
2681 1503 2853 1566 Θεὸν;

2337 1638 2489 1690 Διότι
2535 1635 2911 1702 ἐϐεϐήλωσεν
2946 1635 3179 1700 Ἰούδας
3208 1632 3281 1687 τὰ
3311 1633 3448 1703 ἅγια
3481 1632 3730 1699 Κυρίου,
3765 1633 3860 1687 καὶ

587 1731 768 1770 sancta
796 1719 1022 1786 Domini,
1051 1732 1098 1776 et
1135 1725 1320 1794 quibus
1346 1728 1556 1793 dilexit,
1587 1741 1634 1784 et
1677 1733 1878 1788 studuit
1924 1736 1978 1789 in
2037 1737 2161 1791 deos

2273 1725 2356 1795 οἷς
2393 1727 2691 1796 ἠγάπησε,
2735 1727 2832 1779 καὶ
2865 1725 3275 1792 ἐπετήδευσεν
3317 1725 3404 1789 εις
3456 1723 3632 1788 θεοὺς
3673 1722 3859 1775 ἀλλο-

588 1808 806 1863 alienos.
841 1811 1111 1879 Disperdet
1146 1814 1402 1872 Dominus
1429 1821 1688 1874 hominem
1720 1825 1809 1889 qui
1861 1825 1992 1894 facit
2033 1829 2163 1893 Iiwc,

587 1901 750 1953 donec
798 1903 1104 1958 Immilielur
1168 1923 1233 1962 ea:
1313 1912 1667 1968 tabernaculis
1723 1915 1911 1982 Iacob,
1986 1931 2032 1973 et
2106 1939 2170 1974 ea:

587 1991 667 2046 his
738 1997 828 2064 qui
910 1997 1140 2065 offerunt
1206 2005 1527 2072 sacriﬁcium

589 2086 736 2138 lenii.

1632 2007 1856 2064 Domino
1932 2016 2167 2083 omnipo-

659 2199 846 2256 XXVI.
873 2202 1130 2261 Odiosum
1163 2207 1362 2264 factum
1413 2212 1488 2264 ait
1541 2212 1756 2279 Iudam,
1792 2234 1898 2271 non
1927 2220 1994 2273 ab
2061 2222 2166 2276 alio

589 2285 1040 2362 alienigenarum,
1076 2299 1172 2352 sed
1202 2299 1269 2353 ab
1309 2300 1426 2368 ipso
1447 2299 1606 2368 Jnda,
1638 2307 1726 2374 qui
1763 2310 2060 2375 profanarit
2089 2311 2166 2365 lc-

587 2397 730 2448 gem,
763 2394 818 2437 et
858 2385 1215 2442 declinaverit
1242 2391 1308 2442 ad
1347 2395 1604 2449 amandas
1643 2396 1897 2454 mulieres
1928 2403 2168 2471 peregri-

587 2486 702 2536 nas,
737 2482 789 2527 et
811 2475 878 2528 ad
910 2475 1098 2530 iisdem
1131 2481 1542 2548 gratiﬁcandum
1577 2487 1628 2538 in
1686 2489 1959 2554 omnibus,
2013 2507 2166 2546 ama-

587 2565 830 2634 veritque
857 2568 1214 2625 defectionem
1245 2589 1273 2627 a
1302 2575 1432 2641 Deo,
1457 2585 1513 2631 et
1542 2593 1601 2633 se
1626 2580 1862 2636 cultibus
1899 2583 2163 2640 idolorun

586 2653 884 2712 devoverit.
934 2657 1168 2715 Adducti
1221 2673 1348 2717 sunt
1377 2666 1521 2720 enim
1579 2682 1644 2722 eo
1673 2671 1916 2739 quidam,
1945 2683 2005 2727 ut
2029 2675 2162 2741 dixi,

585 2757 872 2812 sequentes
897 2766 1036 2818 quas
1063 2755 1164 2808 sibi
1196 2755 1397 2825 injusto
1432 2762 1779 2818 matrimonio
1799 2766 2162 2835 sociaverant,

587 2844 640 2885 ct
668 2849 855 2890 earum
875 2840 1137 2896 voluntati
1171 2859 1265 2909 per
1282 2849 1460 2900 omnia
1481 2850 1936 2910 obsecundantes.
2008 2856 2164 2914 Sicut

591 2923 842 2980 nimirum
871 2929 1032 2984 etiam
1068 2934 1118 2987 in
1152 2935 1366 3001 Settim,
1421 2939 1789 3009 jnngebantnr
1840 2945 2164 3003 Madianita-

591 3031 707 3070 rum
741 3019 856 3074 sive
881 3020 1234 3079 Moabilarum
1262 3029 1474 3084 filiabus
1505 3033 1596 3101 qui
1623 3050 1685 3088 ex
1716 3034 1952 3107 Egypto
2007 3040 2160 3096 liberi

2270 1823 2493 1891 τρὶους.
2531 1820 2977 1887 Ἐξολοθρεύσει
3021 1819 3235 1886 Κύριος
3269 1817 3376 1871 τὸν
3402 1815 3725 1883 ἄνθρωπον
3760 1814 3863 1866 τὸν

2270 1913 2558 1967 ποιοῦντα
2603 1911 2818 1976 ταῦτα,
2851 1910 2961 1974 ἕως
2999 1908 3094 1964 καὶ
3137 1905 3470 1974 ταπεινωθῇ
3510 1907 3577 1958 ἐκ
3625 1917 3863 2001 σκηνιιἼ

2263 2005 2468 2073 μάτων
2513 2001 2731 2064 Ἰακὼϐ,
2777 1999 2872 2054 καὶ
2913 2001 2982 2053 ἐκ
3035 1999 3464 2069 προσαγόντων
3508 1995 3735 2050 θυσίαν
3790 1995 3864 2055 τῷ

2271 2096 2469 2163 Κυρίῳ
2505 2091 2960 2160 παντοκράτορι.

2343 2206 2487 2272 κεῖθ.
2529 2203 2883 2274 Μεμισῆσθαί
2929 2220 3062 2273 φησι
3100 2204 3192 2256 τὸν
3229 2201 3450 2265 Ἰούδαν,
3477 2202 3538 2254 οὐ
3581 2202 3717 2272 παρ’
3746 2199 3859 2252 ὲτέο

2273 2314 2364 2366 ρου
2391 2313 2481 2348 του
2511 2296 2620 2348 τῶν
2643 2293 2966 2363 ἀλλογενῶν,
2995 2293 3132 2348 ἀλλὰ
3167 2296 3297 2362 παρ’
3330 2291 3496 2346 αὑτοῦ
3530 2291 3626 2345 τοῦ
3667 2290 3858 2352 Ἰούδα,

2270 2387 2679 2458 βεϐηλώσαντος
2717 2387 2806 2440 τὸν
2840 2387 3022 2456 νόμον,
3057 2386 3144 2440 διά
3193 2403 3256 2454 γε
3300 2384 3394 2438 τοῦ
3434 2382 3860 2456 προσκεκλίσθαι

2269 2479 2442 2548 φιλεῖν
2473 2481 2736 2547 γυναῖκας
2767 2477 3003 2540 ὀθνείας,
3031 2476 3126 2530 καὶ
3158 2476 3226 2530 τὰ
3261 2476 3484 2528 ἐκείνων
3515 2473 3744 2574 ili—iebat:
3773 2472 3860 2574 ζη-

2266 2574 2401 2635 τεῖν,
2429 2553 2716 2639 ἀγαπῆσαί
2745 2584 2805 2621 τε
2832 2568 2931 2639 τὴν
2971 2569 3271 2622 ἀπόστασιν
3295 2566 3394 2638 τὴν
3434 2566 3540 2620 ἀπὸ
3581 2565 3675 2617 τοῦ
3706 2563 3856 2623 Θεοῦ,

2268 2660 2363 2714 καὶ
2397 2661 2516 2722 ταῖς
2558 2656 2667 2712 τῶν
2715 2656 2950 2711 εἰδώλων
2985 2656 3339 2727 προσκεῖσθαι
3386 2655 3688 2726 λατρείαις.
3734 2654 3857 2705 Ἀπ-

2268 2752 2589 2823 εκομίζοντο
2620 2751 2749 2823 γὰρ,
2775 2749 2851 2820 ᾡς
2888 2751 3048 2821 ἔφην,
3079 2750 3215 2820 πρὸς
3241 2748 3400 2802 τοῦτὸ
3433 2764 3577 2810 τινες
3605 2747 3731 2809 ταῖς
3758 2763 3855 2798 πα-

2269 2846 2520 2916 ρανόμως
2556 2842 3032 2914 συνηρμοσμέναις
3067 2842 3346 2912 ἑπόμενοι,
3371 2841 3466 2942 καί
3491 2842 3608 2942 τοῖς
3639 2837 3858 2942 εκείνων

2267 2936 2532 3007 θελήμασι
2583 2935 2757 2988 πάντα
2796 2933 3032 2997 σείοντες
3084 2934 3286 2986 κάλων.
3350 2930 3857 3001 Καθάπερ“ἀμέλει

2267 3027 2360 3079 καὶ
2394 3028 2450 3077 ὲν
2501 3025 2737 3087 Σεττεὶν,
2791 3025 3130 3094 συνήπτοντο
3190 3023 3290 3094 μὲν
3343 3025 3462 3085 ταῖς
3511 3022 3858 3076 Μαδιανιτῶν

589 3109 839 3178 exibant;
875 3114 966 3182 qui
996 3116 1155 3184 paulo
1181 3129 1299 3188 post
1322 3135 1385 3174 eo
1421 3123 1758 3179 delirationis
1789 3137 1842 3181 et
1869 3129 2164 3197 impietatis

2273 3119 2385 3189 ἤτοι
2416 3116 2723 3171 Μωαϐιτῶν
2757 3119 3002 3185 γυναιξὶν
3038 3118 3085 3169 οἱ
3118 3119 3176 3180 ἐξ
3210 3116 3485 3184 Αἰγύπτου
3518 3113 3859 3186 λελυτρωμέ-

588 3202 862 3271 abierunt,
890 3217 947 3259 ut
976 3211 1504 3268 etiaminitiarentur
1541 3215 1898 3288 Deelpliegor.
1939 3221 2168 3292 Propzer

591 3293 730 3348 istud
763 3296 966 3352 crimen
1001 3299 1180 3354 miseri
1209 3304 1551 3373 perierunt”.
1583 3306 1764 3376 Itaque
1795 3313 2165 3369 universarum

595 3381 733 3440 Deus
768 3387 881 3442 inec
912 3390 1197 3448 facientem
1228 3405 1277 3449 et
1311 3412 1532 3466 operum
1571 3402 1706 3457 adeo
1735 3403 2040 3459 illicitorum
2066 3409 2168 3460 im-

590 3477 674 3542 pie
697 3482 996 3538 studiosum
1023 3498 1370 3557 exsecratur;
1397 3501 1450 3545 et
1470 3494 1513 3547 si
1539 3495 1754 3563 quidem
1797 3496 1956 3552 fuerit
1988 3500 2051 3552 de
2070 3517 2164 3569 po-

589 3570 732 3638 pnlo,
763 3573 933 3629 donec
963 3580 1355 3636 exterminetur
1383 3599 1412 3638 a
1453 3587 1818 3641 tabernaculis
1843 3587 2038 3654 Israel,
2067 3593 2166 3645 hoc

587 3670 690 3726 cst,
717 3664 886 3721 donec
917 3667 1157 3726 funditus
1206 3656 1413 3743 pereat,
1442 3685 1496 3731 et
1525 3693 1591 3731 ne
1631 3681 1908 3735 exstitisse
1944 3684 2164 3751 quidem

587 3755 815 3826 amplius
847 3761 1072 3818 sciatur.
1109 3765 1163 3819 Si
1191 3769 1312 3836 quis
1344 3779 1526 3824 autem
1555 3771 1620 3824 de
1677 3773 1869 3828 ordine
1907 3777 2166 3831 sacerdo~

588 3856 697 3900 tum
735 3849 918 3918 fuerit,
947 3855 1118 3912 donec
1149 3859 1463 3918 liumilietur
1485 3879 1550 3918 cx
1580 3865 1662 3920 bis
1690 3867 1776 3934 qui
1818 3866 2054 3923 offerunt
2082 3886 2165 3924 sa-

588 3940 851 3998 orificium
872 3947 1102 4006 Domino
1128 3955 1512 4026 omnipotenti,
1549 3958 1599 4012 id
1641 3971 1744 4027 est,
1766 3963 1935 4018 donec
1981 3973 2167 4032 pereat

586 4040 640 4085 et
681 4050 712 4089 e
755 4040 996 4111 catalogo
1044 4048 1388 4103 sacerdotum
1439 4062 1798 4121 expungatur.
1855 4054 1968 4110 Una
2021 4057 2163 4112 enim

585 4126 900 4185 sacerdotes
950 4134 1190 4202 quidam,
1252 4148 1308 4192 ut
1360 4141 1490 4205 dixi,
1533 4158 1654 4196 cum
1700 4144 1822 4199 aliis
1876 4147 2062 4202 eodem
2109 4166 2166 4206 se

586 4215 796 4280 piaculo
824 4233 932 4287 quo
999 4226 1226 4294 pepulns
1275 4229 1712 4295 obstrinxerunt,
1775 4235 2167 4308 mulierumque

588 4311 994 4379 peregrinarum
1023 4321 1194 4374 amori
1226 4323 1667 4391 succurnbentes,
1699 4328 1924 4383 oracula
1979 4331 2164 4388 divina

589 4413 804 4464 prorsus
839 4405 1254 4474 \‘ilipenderunt.

646 4663 920 4729 Quocirca
955 4670 997 4724 si
1032 4671 1348 4727 maledictus
1377 4685 1461 4730 est
1485 4679 1574 4746 qui
1608 4679 1771 4736 Deum
1803 4685 1982 4741 irritat
2012 4704 2167 4743 mun-

585 4753 863 4827 danasque
891 4762 1111 4819 delicias
1141 4763 1256 4832 eius
1278 4767 1445 4838 jussis
1481 4772 1740 4841 praeferre
1771 4792 1876 4831 non
1910 4779 2165 4836 reformi-

585 4845 696 4912 dat,
726 4863 792 4903 nc
811 4851 1063 4907 virtutem
1089 4871 1478 4928 aspernemur;
1511 4866 1624 4930 sed,
1648 4866 1752 4920 illis
1783 4870 2003 4924 omnino
2031 4886 2164 4936 con—

588 4942 824 5006 temptis,
882 4946 1195 5002 annitamur
1228 4953 1405 5019 potius
1443 4960 1777 5013 ornamentis
1839 4961 2165 5020 obedientize

585 5030 792 5085 animas
821 5045 1033 5091 nostras
1064 5038 1354 5097 illustrare.
1377 5044 1467 5100 Sic
1493 5049 1636 5101 enim
1686 5065 1714 5103 a
1747 5050 2032 5109 maledicto
2058 5055 2163 5109 im-

587 5137 776 5177 munes
807 5139 870 5178 ac
899 5126 1097 5184 liberos
1147 5147 1211 5187 ex
1253 5140 1667 5196 mansuetudine
1718 5157 1813 5197 sua
1860 5144 2014 5201 bonis
2064 5164 2164 5204 nos

584 5215 962 5272 universorum
992 5220 1249 5282 Dominus
1281 5231 1568 5300 saginabit.

659 5416 820 5474 Vens.
861 5423 941 5479 i5.
975 5426 1039 5480 Et
1090 5429 1200 5484 limo
1226 5449 1344 5499 qua:
1371 5435 1581 5490 oderam
1619 5438 1916 5506 faciebatis.
1943 5441 2160 5508 Oper-ie-

586 5509 719 5565 batis
749 5511 994 5585 lacrymis
1021 5524 1188 5576 altare
1223 5523 1456 5593 Domini,
1507 5539 1556 5581 et
1618 5529 1834 5596 planctu
1891 5541 1941 5585 et
1968 5535 2161 5600 gemitu

2255 3204 2369 3261 ¹νοι.
2401 3207 2751 3261 Κατώλισθον
2777 3207 2834 3260 δὲ
2866 3207 3008 3260 κατὰ
3049 3207 3220 3278 βραχὺ
3253 3207 3444 3278 ληρίας
3476 3207 3556 3270 είς
3580 3206 3746 3259 τοῦτο
3773 3205 3858 3256 καὶ

2268 3299 2490 3362 ἀνοσίας
2537 3300 2762 3372 φρενὸς,
2805 3299 2946 3352 ὥστε
2984 3301 3075 3352 καὶ
3117 3299 3436 3369 τελεσθῆναι
3490 3297 3568 3369 τῷ
3627 3298 3856 3366 Βεελιρε⁴

2267 3389 2405 3461 γὼρ.
2433 3390 2648 3460 Ταύτης
2685 3390 2849 3443 ἕνεκα
2881 3391 2980 3457 τῆς
3023 3391 3203 3454 αἰτίας
3233 3392 3281 3442 oi
3330 3389 3557 3451 τάλανες
3605 3386 3855 3441 διολώλα-

2271 3499 2374 3534 σιν.
2412 3474 2713 3552 Ἐπαρᾶται
2747 3482 2810 3552 δὴ
2840 3478 2933 3535 οὖν
2959 3485 2986 3536 6
3020 3483 3129 3535 τῶν
3157 3483 3293 3536 ὅλων
3320 3482 3451 3544 Θεὸς
3483 3482 3572 3533 τὸν
3605 3479 3856 3533 ποιοῦντα

2267 3575 2439 3627 ταῦτα
2470 3577 2563 3628 καὶ
2585 3576 2694 3628 τῶν
2720 3573 2890 3638 οὕτως
2915 3575 3162 3629 ἐκτόπων
3189 3576 3608 3646 ἐγχειρημάτων
3634 3573 3856 3633 ἀνοσίως

2268 3669 2653 3740 ὲπιτηδευτήν·
2688 3671 2780 3722 καὶ
2813 3672 2970 3740 εἴπερ
3000 3687 3084 3733 τις
3118 3669 3207 3740 εἴη
3240 3669 3410 3723 τελῶν
3454 3669 3510 3722 ὲν
3548 3668 3724 3730 λαοῖς,
3760 3667 3855 3726 ἓως

2267 3758 2333 3812 ἂν
2378 3759 2672 3831 ὀλοθρευθῇ
2719 3761 2783 3813 ὲκ
2831 3761 3207 3832 σκηνωμάτων
3253 3760 3498 3832 Ἰσραὴλ,
3553 3757 3853 3818 τουτέστιν,

2267 3851 2372 3915 ἕως
2401 3851 2465 3905 ἂν
2497 3851 2759 3918 ὀλοτελῶς
2791 3854 3079 3908 ἁπόλλοιτο
3116 3855 3209 3907 καὶ¹
3255 3854 3353 3924 τὴν
3392 3850 3486 3905 τοῦ
3528 3849 3852 3921 γεγενῆσθαι

2271 3943 2494 4014 μνήμην
2525 3943 2910 4015 ζημιούμενος.
2938 3947 3000 3998 Εἰ
3035 3946 3099 4016 δή
3127 3962 3212 4008 τις
3254 3944 3341 4014 εἴη
3369 3943 3478 3996 τῶν
3507 3941 3852 4012 τεταγμένων

2268 4038 2346 4095 εἰς
2394 4037 2754 4106 ίερουργείαν,
2783 4037 2888 4101 ἕως
2922 4037 2988 4092 ἂν
3017 4037 3331 4107 ταπεινωθῇ
3365 4039 3429 4090 ἐκ
3473 4035 3851 4106 προσαγόντων

2267 4125 2458 4180 θυσίαν
2489 4127 2570 4198 τῷ
2601 4128 2791 4199 Κυρίῳ
2831 4130 3260 4200 παντοκράτορι,
3295 4129 3566 4194 τουτέστι,
3600 4128 3763 4198 ἄχρις
3792 4124 3850 4178 ἂν

2267 4219 2552 4276 ἀπόλλοιτο
2581 4221 2674 4274 καὶ
2700 4221 2806 4273 τῶν
2833 4222 3119 4292 ἱερατικῶν
3150 4224 3285 4277 ὲκπέ
3296 4239 3490 4292 μποιτο
3514 4221 3846 4288 καταλόγων.

2267 4314 2712 4383 Συγκατὼλισθον
2740 4314 2848 4386 γὰρ
2871 4318 2983 4378 τοῖς
3009 4316 3186 4380 ἄλλοις
3217 4316 3309 4369 καὶ
3335 4315 3442 4366 τῶν
3476 4313 3672 4384 ἱερέων
3695 4313 3848 4375 τινες,

2267 4408 2343 4471 ὼς
2367 4408 2523 4478 ἔφην,
2542 4409 2620 4468 εἰς
2642 4407 2711 4458 τὰ
2731 4406 2874 4460 λαῶν
2897 4409 3063 4479 ὲγκλή
3075 4425 3239 4480 ματα,
3264 4408 3358 4461 καὶ
3380 4406 3616 4475 γυναίων
3639 4406 3849 4459 ὀθνείων

2201 4489 2244 4544 Ῐ)
2273 4501 2533 4570 ἡττῶντο,
2565 4498 2671 4552 τῶν
2716 4497 2876 4554 θείων
2911 4501 3405 4572 χρησμῳδημάτων
3442 4499 3676 4553 είσάπαν
3706 4499 3848 4568 ήφειο

2272 4591 2518 4653 δηκότες.

2305 4607 2518 4661 ηκοτες.
3011 4634 3014 4638 λ

2342 4684 2549 4736 Οὐκοῦν
2583 4687 2630 4737 εί
2671 4685 2941 4756 ἐπάρατος
2968 4685 2995 4736 6
3042 4681 3396 4753 παροτρύνων
3430 4681 3563 4734 Θεὸν
3606 4683 3704 4734 καὶ
3747 4681 3846 4739 τοῖς

2273 4775 2402 4846 παρ’
2433 4775 2599 4827 αὑτοῦ
2640 4774 3003 4845 θεσπίσμασιν
3045 4773 3363 4842 ἀντεξάγειν
3412 4772 3708 4843 ἐπιχειρῶν
3759 4769 3844 4830 τὰς

2269 4868 2325 4918 ὲν
2359 4866 2548 4937 κόσμῳ
2580 4866 2810 4937 τρυφὰς,
2843 4867 2916 4938 μὴ
2949 4865 3347 4937 παραιτώμεθα
3377 4864 3476 4936 τὴν
3509 4862 3730 4934 ἀρετὴν,
3761 4860 3845 4913 καὶ

2268 4959 2424 5027 λόγος
2465 4960 2565 5031 μὲν
2614 4961 2838 5014 ἐκείνων
2872 4960 3110 5030 γενέσθω
3162 4959 3372 5030 μηδεὶς,
3419 4955 3769 5025 ἐπειγώμεθα
3787 4951 3841 5056 δὲ

2272 5052 2470 5121 μᾶλλον
2510 5055 2621 5116 τοῖς
2663 5054 2742 5116 εἰς
2790 5052 3102 5106 εὐπείθειαν
3161 5053 3448 5121 αὐχήμασι
3505 5049 3605 5113 τὰς
3650 5049 3842 5102 ἑαυτῶν

2268 5144 2724 5217 καταφαιδρύνειν
2784 5145 2981 5216 ψυχάς.
3041 5147 3415 5217 Ἀπρακτήσει
3464 5145 3572 5214 γὰρ
3611 5144 3748 5196 οὕτω
3783 5139 3842 5237 ἐξ

2271 5236 2432 5304 ἀρᾶς,
2461 5235 2696 5298 καὶτοῖς
2743 5233 2802 5300 ἐξ
2853 5236 2989 5298 ἰδίας
3035 5235 3372 5305 ἡμερότητος
3422 5234 3646 5300 ἀγαθοῖς
3682 5233 3709 5283 6
3743 5233 3840 5279 τῶν

2272 5325 2407 5378 ὅλων
2447 5328 2588 5396 ἡμᾶς
2621 5331 2947 5381 καταπιανεῖ
2983 5329 3281 5397 Δεσπότης.

2342 5440 2449 5494 Καὶ
2501 5440 2688 5494 ταῦτα
2743 5439 2782 5495 ἆ
2824 5442 3080 5510 ἐμίσουν
3133 5440 3403 5495 ἐποιεῖτε.
3461 5437 3839 5492 Ἐκαλύπτετε

2271 5533 2526 5601 δάκρυσι
2558 5533 2624 5587 τὸ
2665 5534 3098 5604 θυσιαστήριον
3135 5534 3377 5602 va-lov,
3414 5531 3511 5586 καὶ
3553 5523 3835 5596 κλαυθμῶν

658 5695 740 5751 "l
772 5696 892 5756 Cor.
932 5720 1002 5769 γε,
1045 5706 1141 5769 ii;
1221 5704 1262 5758 ll
1291 5706 1514 5770 Comv,
1571 5707 1653 5759 l3.
1732 5710 1774 5738 ²¹
1813 5707 1976 5761 ΕὲΨίί.
2021 5725 2137 5770 xm,

2293 5709 2334 5738 ’³
2375 5708 2533 5763 Num.
2568 5727 2693 5777 xxv,
2732 5712 2747 5764 l
2789 5727 2940 5781 seqq.
3183 5709 3212 5737 κ
