3934 6318
45 250 174 307 στι
957 250 1510 320 COMMENTARIUS
1549 251 1614 306 ΙΝ
1660 251 2068 308 MALACHIAM
2107 254 2548 310 PBOPHETAM.
3261 265 3366 322 322

46 363 180 417 καὶ
235 363 561 434 στεναγμῷ
598 363 665 416 ἐκ
711 365 931 418 κόπων.
981 367 1104 420 Ἔτι
1142 365 1315 430 ἄξιον
1354 366 1666 434 ’ἐπιὸλέψα

1797 384 1862 421 ea:
1887 368 2174 422 laboribus.
2206 369 2389 422 Adhuc
2417 369 2629 438 dignum
2660 369 2908 433 respicere
2936 371 2988 422 in
3023 373 3364 442 sacriﬁcium,

42 457 155 520 εις
227 458 479 520 θυσίαν,
533 456 572 524 ἢ
629 455 837 510 λαϐεῖν
888 455 1100 510 δεκτόν
1160 457 1227 510 ἐκ
1287 455 1406 510 τῶν
1473 455 1666 527 χειρῶι

1791 470 1882 513 aut
1915 461 2176 527 suscipere
2201 460 2517 529 accrptabile
2543 462 2605 513 de
2639 461 2879 514 manibus
2902 463 3127 515 nostris?

40 546 265 615 ὑμῶν
283 565 302 611 ;

134 641 288 693 ΚΖ’.
335 640 584 692 Πλεῖστοι
623 639 724 709 μὲν
763 633 903 710 ἦσαν
933 639 1076 693 κατὰ
1110 639 1201 693 τὸν
1242 639 1403 709 νόμον
1449 638 1556 692 τῶν
1589 638 1682 692 θυ-

51 730 216 783 σιῶν
265 734 316 784 οἱ
369 732 580 800 τρόποι.
637 733 699 783 Al
738 732 834 801 μὲν
890 731 999 802 γὰρ
1048 732 1514 801 προσεκομίζοντο
1561 731 1682 784 κατ’

50 821 257 891 εὐχὴν
318 820 590 883 ἑκούσιον,
636 822 691 874 αἱ
744 820 800 872 δὲ
833 815 972 890 ἦσαν
1025 822 1398 890 χαριστήριον,
1432 820 1526 872 καὶ
1575 820 1682 890 μὴν

50 913 163 964 καὶ
218 915 254 965 ὁ
288 914 419 982 περὶ
457 911 749 982 ἁμαρτίας.
783 913 1013 966 Δεκάται
1049 913 1105 966 δὲ
1140 907 1230 974 αὖ,
1263 913 1356 965 καὶ
1409 913 1678 981 ἀπαρχαὶ,

53 1005 166 1055 καὶ
223 1004 323 1058 τοῦ
363 1005 658 1074 διδρὰχμου
699 1004 905 1073 δασμὸς
931 1044 944 1066 ,
985 1004 1062 1067 ὡς
1105 1007 1170 1057 ὲκ
1202 1003 1440 1073 νομικῶν
1494 1005 1681 1056 ἐνταλ-

1856 637 2022 709 844
2051 637 2263 692 XXV“.
2323 638 2461 693 Modi
2494 654 2587 693 seu
2637 655 2836 710 genera
2878 641 3274 696 sacriﬁciorm‘n
3331 659 3359 696 a

1785 730 1903 800 lege
1929 731 2687 801 praeseriptaerantplurima.
2739 733 2858 786 Alia
2925 734 3122 801 quippe
3166 735 3361 788 altere-

1783 819 1982 874 bantur
2009 836 2073 876 et
2107 834 2233 876 voto
2269 824 2605 888 voluntario,
2633 822 2732 875 alia
2768 824 2832 876 ad
2854 825 3151 890 gratiarum
3189 827 3359 881 actio-

1783 925 1905 965 nem
1935 913 2288 980 spectabant,
2324 915 2427 968 alia
2461 931 2558 983 pro
2599 924 2840 983 peccato.
2869 916 3038 970 Erant
3099 919 3226 971 item
3262 921 3362 974 de—

1781 1003 1954 1070 cimte,
1982 1005 2330 1072 etprimitiaa,
2373 1015 2426 1059 et
2451 1007 2749 1060 didrachmi
2777 1007 3058 1070 tributum,
3095 1023 3214 1076 quae
3271 1024 3358 1063 ra-

57 1095 276 1164 μάτων
308 1099 420 1158 τοῖς
450 1095 559 1147 τῶν
600 1095 788 1165 ἱερέων
824 1095 1225 1164 προσεφέροντο
1263 1093 1458 1161 λόγοις.
1500 1093 1677 1163 Προσ-

57 1187 316 1255 άγοντες
355 1187 534 1241 τοίνυν
576 1189 653 1250 εἰς
685 1185 873 1239 Θυσίαν
902 1186 979 1256 τῷ
1011 1186 1130 1257 Θεῷ
1163 1186 1233 1238 τὰ
1257 1185 1500 1248 ἑκούσια,
1535 1204 1676 1256 παρ-

55 1278 369 1349 εκόμιζον,
411 1279 490 1341 ὡς
532 1278 689 1348 ἔφην,
725 1279 794 1331 τὰ
828 1279 974 1348 χωλὰ
1020 1279 1112 1332 καὶ
1147 1278 1323 1347 τυφλὰ
1356 1279 1451 1331 καὶ
1495 1277 1674 1348 ἁρπά-

59 1387 295 1439 γματα,
334 1371 404 1424 τὰ
459 1372 522 1423 ὲκ
567 1371 664 1440 τῆς
692 1371 1067 1439 αἰχμαλωσίας
1094 1368 1464 1437 ἀειλογοῦντες
1505 1370 1671 1433 κακὰ,

59 1463 187 1514 ἄνω
220 1481 280 1516 τε
336 1464 430 1515 καὶ
465 1463 614 1515 κάτω
648 1461 745 1532 τὴν
779 1461 982 1531 δῄωσιν
1029 1459 1384 1531 ὀνομάζοντες
1433 1462 1526 1514 καὶ
1575 1461 1672 1532 τὴν

61 1552 336 1604 ἐντεῦθεν
367 1553 549 1614 αὐτοῖς
576 1550 1013 1622 ἐπενηνεγμένην
1045 1551 1336 1620 πτωχείαν,
1371 1552 1547 1604 καίτοι
1578 1551 1670 1605 τοῦ

62 1643 260 1693 πάντα
301 1640 578 1710 ἰσχύοντος
621 1640 754 1692 Θεοῦ
791 1640 929 1711 μετὰ
971 1641 1071 1710 την
1115 1643 1178 1692 ὲκ
1219 1641 1533 1704 Βαϐυλῶνος
1571 1644 1668 1694 ἐπ-

1782 1096 1924 1148 tione
1945 1097 2284 1149 sacerdotum
2337 1098 2590 1151 mandato
2616 1096 2748 1165 legis
2807 1097 3199 1156 oll'erebantur.
3251 1101 3354 1166 Qui

1778 1199 1906 1254 ergo
1931 1185 2234 1239 voluntarie
2256 1186 2365 1241 Deo
2384 1187 2705 1252 ollerebant,
2739 1189 3100 1251 adducebant,
3130 1198 3188 1243 ut
3222 1192 3353 1256 dixi,

1777 1275 1962 1329 clauda
1987 1285 2039 1329 et
2074 1291 2216 1330 caeca
2245 1287 2300 1331 et
2329 1293 2393 1332 ex
2431 1279 2833 1347 deprxedatione
2873 1291 3212 1348 recuperata,
3237 1297 3356 1348 per-

1776 1375 1937 1433 petuo
1966 1365 2100 1419 mala
2130 1367 2180 1420 in
2215 1367 2418 1435 quibus
2455 1367 2686 1422 fuissent
2713 1379 2766 1423 et.
2795 1371 3102 1425 vastitatem
3123 1373 3356 1443 indeque

1776 1456 1975 1510 illatam
2003 1457 2101 1511 sibi
2132 1468 2426 1527 egestatem
2460 1475 2612 1514 suam
2644 1471 2952 1530 crepantes,
2974 1466 3182 1518 tametsi
3235 1481 3352 1519 om-

1775 1550 2024 1616 nipotens
2056 1549 2194 1602 Deus
2225 1561 2344 1619 post
2370 1553 2604 1616 reditum
2637 1568 2666 1604 e
2702 1551 2971 1622 Babylone
3006 1556 3351 1626 incompara-

1773 1640 1864 1694 bili
1895 1657 1988 1694 eos
2017 1641 2354 1710 benignitate
2375 1644 2812 1708 exhilarasset,ct
2831 1648 3167 1702 abundanter
3183 1651 3349 1710 dona-

64 1733 265 1787 ἁνοδον
293 1733 612 1804 ἀσυγκρίτῳ
645 1734 741 1802 μὲν
776 1735 971 1796 αὐτοὺς
1005 1735 1302 1804 ήμερότητι
1338 1732 1666 1803 κατευφραί-

1775 1733 2151 1800 vissetqnibus
2199 1748 2292 1788 eos
2340 1749 2443 1787 non
2511 1736 2854 1791 mediocriter
2910 1738 3233 1793 oblectatum
3285 1743 3348 1795 in

65 1842 284 1890 νοντος,
312 1825 677 1894 ἀπονέμοντος
705 1825 763 1877 δὲ
801 1825 1072 1886 πλουσίως
1103 1824 1172 1876 τὰ
1205 1819 1285 1888 οἷς
1326 1825 1471 1888 εἰκὸς
1500 1821 1567 1895 ἦν
1611 1825 1670 1876 οὐ

71 1919 326 1988 μετρίως
377 1919 668 1987 ἐντρυφᾷν.
725 1916 1128 1986 Προσεκόμιζον
1181 1917 1360 1968 τοίνυν
1410 1918 1672 1985 κατηφεῖς

71 2009 171 2060 καὶ
216 2008 633 2078 δεδακρυμένοι,
674 2008 956 2078 μονονουχὶ
997 2010 1107 2070 τοῖς
1153 2007 1388 2076 θύμασιν
1431 2007 1670 2077 ἐποιμώ-

73 2100 289 2164 ζοντες,
327 2100 578 2166 λέγοντές
606 2116 662 2152 τε
691 2102 802 2162 τοῖς
841 2100 1170 2169 ἱερουργοῖς·
1203 2098 1388 2152 Ταῦτά
1437 2101 1580 2153 ἐστιν
1608 2101 1670 2152 ὲκ

74 2194 290 2252 κόπων,
347 2192 646 2256 τουτέστιν,
701 2192 800 2243 οὐκ
845 2192 1107 2262 ἀμογητὶ,
1151 2192 1668 2262 προσπεπορισμένα

73 2283 129 2334 δὲ
169 2283 336 2348 μόλις
361 2282 437 2346 ὠς
467 2283 524 2348 ἐξ
578 2281 796 2352 ἱδρῶτος
839 2282 934 2334 καὶ
979 2283 1162 2334 πόνου.
1213 2278 1367 2347 Εἶτα,
1405 2282 1520 2345 πῶς
1566 2283 1666 2349 ἔτι,

75 2375 244 2442 φησὶ,
298 2373 452 2438 ἄξιον
500 2373 791 2442 ἐπιϐλέψαι
837 2374 918 2435 εἰς
977 2372 1187 2437 Θυσίαν,
1235 2373 1267 2442 ἢ
1315 2373 1432 2437 πῶς
1482 2375 1548 2428 ἂν
1590 2375 1669 2430 ἔτι

74 2467 372 2534 ποιήσαιμι
414 2463 752 2534 παραδεκτὺν
781 2464 840 2515 τὸ
877 2463 984 2516 ἀπὸ
1014 2463 1236 2533 γνώμης
1275 2464 1374 2516 οὐκ
1423 2465 1665 2535 ἀγαθῆς;

75 2555 242 2608 Θύειν
275 2556 386 2627 γὰρ
437 2555 727 2608 ἀκόλουθον
763 2554 996 2627 ἱλαρῶς,
1039 2554 1396 2626 ἑορτάζοντας
1438 2558 1530 2610 καὶ
1575 2559 1667 2610 εὐ-

76 2648 499 2716 φραινομένους.
529 2649 640 2700 Καὶ
670 2647 848 2710 τοῦτο,
880 2645 1051 2717 οἶμαι,
1082 2647 1198 2701 ἔστι
1233 2648 1293 2700 τὸ
1327 2648 1416 2702 διὰ
1445 2650 1546 2718 τῆς
1573 2650 1664 2704 τοῦ

76 2739 297 2791 Παύλου
335 2738 519 2808 φωνῆς
563 2737 738 2808 ὀρθῶς
771 2739 1082 2808 εἱρημένον,
1131 2741 1241 2801 τοῖς
1285 2741 1666 2810 συναγείρουσι

77 2831 172 2892 τὰς
197 2829 485 2898 ,διακονίας
505 2845 518 2858 ο
555 2847 572 2879 ι
594 2829 684 2898 Μὴ
713 2830 776 2882 ὲκ
802 2828 997 2898 λύπης,
1031 2823 1148 2898 ἣέξ
1177 2831 1422 2901 ἀνάγκης
1440 2849 1452 2861 ο
1484 2832 1665 2904 ἱλαρὸν

81 2918 189 2986 γὰρ
225 2919 387 2987 δότην
419 2919 608 2988 ἀγαπᾷ
648 2920 873 2989 Κύριος.
900 2937 919 2968 ι
953 2918 1161 2972 Οὐκοῦν
1202 2922 1251 2972 εἱ
1289 2920 1511 2991 θύοιμεν
1554 2923 1666 2976 ἱλα-

80 3010 222 3079 ρῶς,
272 3008 598 3062 ἐποπτεύσει
625 3026 682 3062 τε
712 3010 804 3061 καὶ
851 3009 1208 3080 παραδέξεται
1243 3011 1338 3064 καὶ
1389 3013 1664 3082 ἐπαινέσει

78 3100 232 3162 Θεὸς,
260 3100 703 3170 παραδεξάμενος
728 3100 782 3152 δὲ
813 3102 1030 3170 τιμήσει
1061 3101 1154 3154 καὶ
1178 3101 1482 3173 εὐλογήσει.
1510 3101 1661 3158 Εἶναι

78 3195 131 3246 δέ
161 3209 300 3265 φησι
330 3192 439 3245 τῶν
478 3193 550 3262 (1)
583 3190 892 3259 ἀναγκαίων
931 3191 1009 3254 εἰς
1038 3191 1222 3262 ὄνησιν
1256 3193 1316 3246 τὸ
1349 3194 1442 3246 καὶ
1475 3194 1664 3264 ἑτέραν

81 3288 191 3346 τοῖς
249 3283 631 3354 προκειμένοις
686 3283 995 3354 ἐφαρμόσαι
1043 3283 1304 3336 διάνοιαν.
1362 3284 1664 3354 Ἐπὰρατον

85 3377 180 3444 μὲν
222 3375 332 3447 γὰρ
384 3376 638 3440 ἐποιεῖτο,
684 3373 776 3428 καὶ
813 3374 956 3444 μάλα
1003 3373 1259 3440 δικαίως,
1307 3377 1336 3428 ὁ
1382 3375 1487 3428 τῶν
1527 3375 1663 3428 ὅλων

84 3467 210 3530 Θεὸς
246 3468 340 3520 τὸν
373 3464 702 3536 βεϐηλοῦντα
734 3466 838 3519 τῶν
872 3466 1121 3537 πατέρων
1150 3467 1248 3537 τὴν
1286 3466 1548 3533 διάθεσιν,
1575 3468 1664 3521 διὰ

85 3559 136 3610 δέ
173 3576 235 3625 γε
274 3557 376 3610 τοῦ
421 3557 530 3610 δεῖν
575 3557 808 3620 όθνείαις
845 3557 1213 3610 συνάπτεσθαι
1266 3558 1532 3625 TWa-l3”.
1573 3559 1660 3626 ἒξ-

85 3649 396 3718 ωθηθεισῶν
433 3647 539 3701 τῶν
579 3650 641 3700 ὲκ
676 3649 884 3716 γένους,
918 3649 1011 3700 καὶ
1042 3648 1126 3700 ἐπ’
1153 3648 1374 3719 οὐδεμιᾷ
1401 3647 1662 3713 πολλάκις

87 3743 227 3812 αἰτία
266 3739 753 3808 κατεγνωσμένων.
797 3740 1012 3812 ᾙτιᾶτο
1038 3739 1094 3792 δὲ
1132 3740 1268 3810 πρὸς
1310 3741 1517 3804 τούτοις
1553 3741 1663 3796 τῶν

91 3835 269 3905 ἱερέων
315 3832 490 3895 τινὰς,
527 3832 602 3892 ὡς
650 3831 1023 3901 λαμϐάνοντας
1067 3833 1356 3902 πρόσωπον
1393 3835 1451 3886 ὲν
1491 3833 1660 3904 νόμῳ.

89 3925 190 3978 Καὶ
234 3925 299 3995 δὴ
351 3924 448 3976 καὶ
500 3921 769 3990 ἔφασκεν·
817 3940 836 3973 ι
880 3922 1279 3993 Ἑξολοθρεύσει
1329 3923 1530 3994 Κύριος
1572 3926 1662 3977 τὸν

89 4003 364 4087 ἄνθρωπον
396 4013 486 4067 τὸν
525 4013 780 4066 ποιοῦντα
826 4013 1031 4077 ταῦτα,
1078 4013 1183 4078 ἕως
1229 4014 1321 4066 καὶ
1355 4016 1661 4088 ταπεινωθῇ

89 4109 146 4160 ὲκ
177 4106 554 4176 σκηνωμάτων
589 4103 804 4175 Ἰσραὴλ
837 4105 933 4158 καὶ
962 4106 1025 4157 ἐκ
1065 4105 1445 4175 προσαγόντων
1475 4105 1662 4158 θυσίαν

90 4198 158 4266 τῷ
193 4199 383 4268 Κυρίῳ
414 4198 831 4266 παντοκράτορι.
857 4216 873 4246 ι
911 4193 1041 4248 Εἶτα
1075 4197 1284 4259 τούτοις
1327 4198 1663 4267 προσέθηκεν

92 4290 274 4354 εὐθύς·
308 4310 326 4340 ι
368 4288 734 4342 Ἐκαλύπτετε
774 4289 1004 4358 δάκρυσι
1046 4289 1104 4340 τὸ
1141 4289 1516 4361 θυσιαστήριον
1550 4290 1663 4341 Κυ-

1775 1833 2192 1879 consentaneum
2230 1835 2366 1878 erat.
2390 1823 2879 1895 Oll'erebantigitur
2908 1831 3085 1883 maesti
3134 1841 3188 1884 et
3213 1829 3347 1885 ﬂen—

1775 1927 1878 1980 tes,
1914 1925 2120 1969 tantum
2152 1932 2256 1969 non
2283 1931 2446 1984 super
2471 1917 2706 1971 victimis
2740 1918 3116 1983 lamentantes,
3177 1934 3230 1976 et
3260 1939 3350 1976 sa-

1773 2008 1972 2061 criﬁeis
2016 2007 2129 2062 haec
2157 2007 2439 2062 dicentes:
2474 2007 2600 2063 “330
2644 2019 2769 2062 sunt
2811 1993 2900 2064 Ade
2951 2011 3224 2069 laboribus
3291 2025 3349 2069 et

1770 2094 2026 2149 zerutnttis
2053 2097 2267 2158 nostris,
2304 2096 2406 2150 hoc
2431 2106 2532 2160 est,
2563 2113 2668 2151 non
2735 2098 2852 2152 sine
2899 2099 3104 2164 labore,
3157 2113 3209 2155 et
3261 2106 3344 2157 vix

1770 2201 1890 2240 cum
1929 2187 2127 2241 sudore
2147 2164 2430 2258 acqbisita.
2464 2187 2684 2254 Deinde,
2711 2192 3002 2257 quomodo,
3037 2194 3229 2260 inquit,
3251 2210 3346 2262 par

1770 2287 1853 2330 est
1890 2278 2162 2346 respicere
2209 2280 2274 2330 ad
2313 2278 2661 2345 sacrificium,
2702 2289 2793 2331 aut
2849 2283 3117 2349 quomodo
3171 2294 3343 2338 ratmn

1770 2368 1999 2422 habeam
2034 2369 2174 2437 quod
2208 2385 2236 2421 a
2263 2371 2402 2423 bona
2436 2379 2616 2424 mente
2649 2386 2754 2425 non
2805 2373 3206 2440 proﬁciscitur?
3241 2376 3343 2430 De-

1769 2469 1854 2513 cet
1908 2461 2052 2514 enim
2109 2460 2418 2515 sacriﬁcare
2488 2461 2666 2516 animo
2713 2461 2893 2522 hilari.
2955 2465 3148 2517 festum
3200 2467 3340 2518 diem

1769 2561 1992 2621 agentes
2018 2562 2072 2606 et
2095 2552 2361 2606 lzetantes.
2392 2554 2458 2606 Et
2482 2554 2604 2617 hoc,
2638 2555 2848 2624 Opinor,
2879 2563 2982 2620 est,
3027 2558 3168 2625 quod
3207 2559 3343 2613 bene

1770 2640 1966 2694 Paulus
2013 2640 2420 2695 conferentibus
2473 2641 2523 2695 in
2597 2643 2956 2696 ministerium
2993 2662 3006 2696 :
3045 2663 3061 2694 ι
3109 2643 3224 2698 Non
3273 2662 3336 2700 ex

1769 2731 2004 2793 tristitia,
2035 2739 2126 2783 aut
2153 2745 2219 2782 ex
2258 2733 2578 2786 necessitate
2610 2749 2622 2785 :
2658 2733 2880 2785 hilarem
2909 2734 3051 2787 enim
3095 2735 3337 2790 datorem

1767 2817 1940 2887 diligit
1967 2818 2108 2873 Deus
2132 2819 2197 2873 “.
2237 2837 2254 2870 ι
2288 2818 2533 2886 Quare,si
2563 2822 2934 2876 sacriﬁcemus
2970 2823 3234 2890 hilariter,
3261 2843 3340 2878 re-

1766 2910 1978 2980 spiciet,
2009 2919 2061 2964 et
2092 2911 2371 2980 suscipiet,
2393 2923 2445 2966 et
2471 2913 2702 2968 laudabit
2736 2915 2902 2981 Deus,
2933 2924 2986 2969 et
3031 2931 3337 2990 susceptum

1769 2999 2054 3056 honorabit
2080 3017 2144 3055 ac
2168 3001 2467 3056 benedicet.
2505 3002 2638 3058 Puto
2665 3015 2841 3058 autem
2861 3008 2927 3061 ad
2955 3006 3188 3064 fructum
3206 3026 3338 3067 cen-

1769 3095 2051 3147 ducturum
2079 3109 2420 3163 magnopere,
2449 3095 2493 3150 si
2534 3112 2599 3151 ex
2630 3098 2807 3151 verbis
2854 3103 3143 3169 prapositis
3173 3106 3336 3160 alium

1765 3198 1982 3239 sensum
2013 3185 2310 3240 eliciamus.
2345 3186 2614 3243 Maledicit
2646 3191 3021 3246 universorum
3071 3195 3232 3260 Deus,
3285 3209 3340 3252 et

1765 3275 1979 3344 quidem
2006 3277 2333 3346 aequissime,
2365 3277 2744 3347 profanantem
2806 3294 3018 3352 patrum
3043 3295 3337 3341 testamen-

1768 3374 1899 3430 tum,
1927 3379 2149 3434 propter
2172 3368 2439 3422 adbibitas
2460 3371 2510 3422 in
2559 3370 2869 3438 conjugium
2941 3385 3228 3430 extraneas
3257 3377 3337 3429 fc-

1765 3456 1960 3522 minas,
1981 3457 2220 3532 espulsis
2251 3475 2369 3528 quae
2394 3469 2551 3516 erant
2597 3461 2837 3530 ejusdem
2890 3467 3084 3533 gentis,
3116 3476 3170 3520 et
3199 3483 3338 3538 saepe

1765 3549 1908 3602 nulla
1935 3549 2002 3602 de
2040 3565 2200 3604 causa
2249 3553 2650 3610 condemnatis.
2709 3554 2974 3610 Prazterea
3029 3561 3338 3614 sacerdotes

1763 3639 2022 3708 quosdam
2060 3639 2352 3708 insimulat,
2375 3651 2434 3694 ut
2463 3642 2788 3712 accipientes
2820 3661 3104 3713 personam
3129 3647 3180 3700 in
3200 3649 3334 3718 lege.

1765 3732 1943 3798 Quare
1964 3732 2126 3786 etiam
2150 3732 2364 3787 dicebat
2391 3749 2404 3786 :
2435 3753 2454 3784 ι
2479 3733 2760 3801 Disperdet
2783 3735 3040 3790 Dominus
3067 3739 3336 3795 hominem

1765 3824 2205 3890 facientemhtec,
2255 3827 2427 3880 donec
2495 3826 2807 3890 ltumilietur
2851 3842 2918 3880 ex
2980 3829 3336 3886 tabernaculis

1765 3914 1957 3980 Israel,
1985 3925 2040 3969 et
2066 3931 2132 3969 ex
2155 3915 2504 3972 oﬂ‘erentibus
2525 3917 2852 3972 sacriﬁcium
2893 3918 3122 3974 Domino
3161 3924 3336 3974 omni.

1768 4008 1992 4078 potenti.
2031 4027 2050 4060 ›
2075 4008 2166 4062 llis
2196 4009 2377 4062 statim
2407 4009 2678 4075 subjecit:
2733 4029 2752 4062 ι
2805 4010 3141 4080 Operiebatis
3163 4013 3334 4083 lacry-

1766 4101 1868 4154 mis
1895 4099 2064 4153 altare
2109 4113 2309 4164 meum,
2336 4110 2386 4153 et
2417 4101 2632 4169 planctu
2705 4111 2758 4157 et
2787 4104 2984 4172 gemitu
3036 4119 3100 4158 ex
3139 4103 3334 4159 labori-

1767 4174 1888 4244 bus.
1922 4209 1940 4241 ι
1982 4188 2311 4258 Operiebatis
2346 4192 2603 4261 intellige,
2631 4191 2938 4247 Faciehatis
2983 4203 3040 4247 ut
3087 4195 3334 4262 implere-

1769 4291 1852 4334 tur
1875 4282 2112 4334 divinum
2140 4281 2306 4334 altare
2324 4280 2448 4334 ﬂetu
2469 4291 2523 4335 et
2543 4281 2814 4336 lamentis.
2835 4281 3082 4337 Mulieres
3105 4299 3335 4354 namque

96 4380 222 4448 ρίου,
252 4380 347 4431 καὶ
379 4376 662 4447 κλαυθμῷ,
693 4377 785 4428 καὶ
816 4375 1103 4446 στεναγμῷ
1127 4378 1189 4428 ἐκ
1217 4376 1451 4428 κόπων.»
1486 4377 1556 4428 Τὸ
1585 4376 1661 4438 δὲ,

1772 4381 1954 4426 contra
1976 4371 2146 4442 legem
2177 4371 2433 4440 expulsae,
2459 4381 2516 4426 et
2542 4373 2632 4439 qui
2666 4376 3005 4428 sacerdotum
3032 4389 3333 4429 vestrorum

95 4469 483 4530 ἑκαλύπτετε,
528 4467 746 4536 νοητέον
801 4467 920 4519 ἀντὶ
971 4466 1065 4519 τοῦ
1122 4466 1466 4538 Πληροῦσθαι
1520 4484 1659 4538 παρ-

96 4556 444 4621 ετκευάζεσθε
494 4555 710 4627 θρήνων
752 4559 846 4608 καὶ
890 4557 1136 4626 οἰμωγῆς
1183 4558 1245 4608 τὸ
1284 4557 1425 4610 θεῖον
1475 4557 1663 4610 θυσια-

99 4652 320 4720 στήριον.
367 4650 570 4702 Γύναιὰ
595 4667 653 4702 τε
694 4652 802 4720 γὰρ
837 4649 1163 4719 παραλόγως
1197 4649 1523 4719 ὲξεωσμένα,
1566 4651 1663 4702 καὶ

97 4740 140 4789 οἱ
178 4741 353 4811 κρίσιν
380 4739 562 4792 ἄδικον
594 4740 693 4811 τὴν
724 4738 854 4808 παρ’
881 4740 1034 4808 ὑμῶν
1062 4737 1170 4791 τῶν
1201 4739 1388 4809 ἱερέων
1419 4740 1663 4803 ἐκτόπως

102 4831 568 4902 ὑπομεμενηκότες
606 4830 952 4902 περιίσταντο
991 4830 1050 4882 τὸ
1093 4830 1496 4899 θυσιαστήριον,
1539 4831 1665 4892 τοὺς

101 4923 185 4992 τῆς
209 4924 419 4986 ἀδικίας
449 4921 841 4992 ἀνοιμώζοντες
866 4922 1098 4993 τρόπους
1128 4920 1222 4973 καὶ
1251 4921 1314 4972 ἐκ
1345 4922 1527 4972 κόπων
1558 4919 1666 4972 τῶν

102 5015 264 5076 αὐτοῖς
293 5013 740 5084 ἐπενηνεγμένων
756 5011 1216 5084 δακρυρῤοῦντες
1243 5011 1505 5081 ἀσχέτως-
1533 5006 1664 5064 Εἶτα

104 5104 206 5167 πῶς
251 5106 397 5171 ἄξιον
448 5105 768 5173 ἐπιϐλέψαι,
807 5105 994 5174 φησιν,
1036 5105 1114 5166 εἰς
1159 5103 1369 5167 θυσίαν,
1411 5102 1444 5172 ἢ
1480 5102 1663 5156 λαϐεῖν

102 5190 273 5247 δεκτὺν
304 5197 368 5246 ὲκ
396 5193 503 5248 τῶν
543 5193 742 5264 χειρῶν
773 5194 957 5263 ὑμῶνς
987 5193 1197 5263 Ὠσπερ
1226 5195 1333 5264 γάρ
1361 5195 1506 5247 ἐστιν
1533 5194 1665 5264 ἀλη-

104 5281 191 5344 θὲς
214 5284 268 5337 τὸ
299 5287 353 5337 ὲν
384 5285 549 5356 βίϐλῳ
577 5283 892 5354 Παροιμιῶν
927 5284 1333 5354 γεγραμμένον,
1366 5285 1476 5354 Οὐχ
1501 5285 1664 5352 ἁγναὶ

169 5482 213 5512 ’³
240 5483 276 5536 ll
306 5484 432 5540 Cor.
465 5485 595 5555 ηπ.
672 5486 715 5516 ’⁸
742 5485 850 5539 lmo
883 5486 1037 5538 Deut.
1072 5500 1229 5547 xxm,
1259 5485 1340 5537 18.

1766 4464 2282 4533 iniquumjudiciutn
2302 4465 2653 4534 pertulerant,
2685 4465 3105 4519 circumstabant
3139 4467 3334 4526 altare.

1763 4572 1900 4626 quas
1933 4557 2274 4626 pertulerant
2301 4557 2523 4626 injurias
2580 4558 2920 4624 deplorantes
2965 4565 3018 4608 et
3057 4557 3126 4610 ob
3160 4557 3334 4610 illatas

1766 4650 2387 4706 vexationesinnnodice
2441 4648 2822 4716 lacrymantes.
2875 4645 3037 4717 845
3063 4645 3176 4700 Jam
3225 4662 3334 4714 quo

1766 4749 1922 4808 pacto
1949 4739 2165 4809 dignum
2197 4750 2299 4803 est,
2328 4740 2522 4808 inquit,
2559 4739 2828 4807 respicere
2867 4741 2932 4790 ad
2986 4737 3336 4800 sacriﬁcium,

1767 4833 2122 4901 autaccipere
2153 4832 2482 4900 acceptabile
2508 4832 2573 4884 de
2597 4831 2844 4884 manibus
2901 4829 3129 4882 vestris?
3185 4827 3330 4881 Sient

1766 4923 1910 4986 enim
1937 4937 2120 4977 verum
2159 4934 2242 4978 est
2266 4922 2408 4991 quod
2441 4922 2492 4975 in
2515 4921 2654 4976 libro
2676 4921 3089 4976 Proverbiorum
3115 4918 3333 4988 legitur,

1769 5013 1886 5071 Non
1923 5025 2048 5070 sunt
2077 5027 2223 5070 casta
2242 5024 2366 5069 vota
2387 5017 2450 5070 de
2506 5009 2848 5070 mercedibus
2905 5012 3205 5068 meretricis
3237 5012 3282 5042 ’³
3312 5049 3332 5076 ,

1769 5085 1846 5168 sic
1875 5119 1983 5157 non
2010 5104 2321 5158 censebitur
2356 5105 2586 5158 mundus
2620 5112 2676 5158 et
2705 5104 2858 5172 culpa
2917 5116 3116 5156 vacans
3145 5114 3327 5154 sacer-

1769 5193 1889 5258 dos,
1922 5194 1967 5248 si
2016 5195 2160 5248 dicat
2225 5195 2422 5250 divinis
2477 5193 2774 5264 Scripturis
2824 5206 2883 5246 se
2934 5189 3330 5266 quodammodo

1769 5284 2182 5352 corroboratum
2215 5301 2277 5342 ac
2304 5286 2602 5342 stabilitum
2627 5299 2766 5348 esse,
2801 5293 2850 5338 et
2883 5282 3000 5352 lege
3032 5280 3330 5338 saeriliciOv

171 5663 242 5734 (Ι)
270 5663 409 5735 Lege
436 5658 592 5734 οἶμαι
613 5661 669 5716 δὲ
692 5661 817 5726 τῶν,
861 5670 966 5716 etc.
1000 5661 1199 5714 omisso
1235 5659 1388 5728 φησι,
1421 5657 1666 5713 incnlcatt

1774 5657 2014 5713 librario.
