3934 6318
600 280 709 337 3M

1592 260 1650 316 S.
1687 257 1962 319 CYRILLI
2001 251 2471 310 ALEXANDBINI
2510 248 2834 307 ARCHIEP.

3758 250 3925 303 sui

602 405 721 444 rum
747 385 1081 448 conculcata,
1117 379 1270 450 quasi
1304 379 1412 433 Deo
1441 377 1589 431 nullo
1615 392 1643 430 a
1675 390 1734 431 se
1757 374 1959 430 scelere
1995 369 2164 425 oﬁ'eu-

2280 368 2435 438 εὐχαὶ
2477 367 2583 420 ἀπὸ
2618 345 2966 436 μισθώματος
3011 363 3237 433 ἑταίρας
3263 378 3274 390 ·
3307 360 3482 425 οὕτως
3526 361 3634 414 οὐκ
3671 361 3734 414 ἂν
3769 363 3885 415 λο-

601 496 663 534 so
687 478 979 534 sacriﬁcet.
1012 473 1248 528 Timoris
1279 471 1494 542 plenum
1521 477 1604 523 est
1631 469 1814 539 igitur,
1845 465 1997 536 quasi
2056 464 2170 517 illo«

602 573 671 625 tis
702 567 945 622 manibus
983 565 1292 621 sacriﬁcare
1352 562 1480 616 Deo.
1534 561 1668 615 Puto
1703 561 1847 618 enim
1903 572 2001 628 ego
2049 557 2174 612 t0tis

597 659 825 722 viribus,
862 665 1118 726 quantum
1158 655 1415 722 consequi
1471 661 1714 722 possunt,
1748 650 1990 719 purgatis
2059 657 2170 700 tam

599 751 816 818 sapiens
851 747 1211 801 ministerium
1236 744 1616 814 peragendum.
1653 741 1802 795 Talis
1833 742 1976 794 enim
2018 750 2169 793 extra

598 837 1291 893 omnecrimeninvenitur.
1325 849 1423 888 nec
1451 834 1587 888 iram
1643 833 1876 887 divinam
1936 829 2170 884 merebi-

598 944 704 992 utr.

2280 459 2491 530 γισθείη
2530 458 2770 528 καθαρός
2820 472 2880 508 τε
2929 457 3022 508 καὶ
3067 453 3365 525 ἀμώμητος
3406 453 3627 525 ἱερεὺς,
3675 457 3720 506 εξ
3748 458 3882 518 τοῖς

2280 552 2444 615 θείοις
2488 551 2850 621 θεσπίσμασιν
2894 549 3176 621 μονονουχὶ
3212 551 3306 602 καὶ
3338 548 3618 619 ἐρρῶσθαι
3653 549 3884 619 φράσας
3924 589 3925 621 γ

2279 642 2372 696 καὶ
2405 642 2495 694 τὸν
2531 641 2809 710 πρέποντα
2845 643 2968 703 ταῖς
2999 639 3332 709 ἱερουργίαις
3360 639 3612 706 πατήσας
3643 638 3881 707 θεσμὲν.
3924 635 3925 688 ἶ

2277 737 2351 799 ὡς
2389 735 2508 788 κατ’
2533 734 2721 787 οὐδένα
2763 732 2960 804 τρόπον
2996 729 3453 803 προσκεκρουκὼς
3499 730 3767 800 προσάγοι
3815 730 3886 782 τὸ

2275 827 2440 896 θῦμα.
2466 825 2700 897 Φοδερδν
2729 819 2821 878 οὖν
2855 825 2961 895 ἄρα
3003 824 3063 877 τὸ
3096 823 3341 885 ἀνίπτοις
3375 822 3564 892 ὥσπερ
3605 822 3713 891 ἄρα
3739 838 3888 891 χερε-

2276 919 2360 968 civ
2385 918 2688 986 ἱερουργεῖν
2708 917 2782 984 τῷ
2809 914 2944 983 Θεῷ.
2971 913 3181 983 Χρῆναι
3205 911 3312 981 γὰρ
3336 910 3510 979 ἔγωγέ
3533 928 3680 980 φημι
3703 911 3887 963 παντὶ

599 1019 776 1072 σθένει
811 1018 1272 1090 κεκαθαρμένους,
1307 1019 1443 1070 κατά
1475 1034 1538 1085 γε
1569 1017 1628 1070 τὸ
1667 1015 1905 1084 ἐφικτὸν,
1940 1013 2040 1083 τῆς
2070 1011 2212 1066 οὓτω
2253 1011 2420 1080 σοφῆς
2452 1007 2717 1062 ἅπτεσθαι
2756 1005 3118 1075 λειτουργίας.
3147 1003 3293 1068 "Eiet
3327 1004 3434 1075 γὰρ
3467 1003 3497 1055 6
3525 1002 3736 1055 τοιόσδε
3766 1004 3881 1055 καὶ

597 1112 816 1182 ἀπάσης
850 1113 1056 1176 αἰτίας,
1095 1113 1189 1164 καὶ
1231 1111 1340 1163 τῶν
1383 1109 1443 1174 ἐξ
1484 1110 1653 1180 ὀργῆς
1685 1109 1999 1179 εὑρίσκεται
2036 1105 2372 1176 κινημάτων.

670 1205 829 1258 Vnus.
861 1204 946 1266 14,
982 1204 1068 1257 15.
1099 1204 1389 1257 Etdixistis
1434 1218 1451 1256 :
1492 1201 1716 1269 PrOpter
1758 1200 1882 1269 quid
1916 1198 2168 1252 Dominus

596 1292 905 1360 testiﬁcatus
934 1301 1006 1346 est
1033 1294 1166 1344 inter
1195 1302 1242 1343 te
1277 1301 1321 1344 et
1357 1292 1491 1342 inter
1545 1306 1757 1344 uxorem
1808 1287 2170 1340 adolescentia!

596 1395 700 1437 tua
749 1399 906 1450 quam
953 1383 1250 1452 reliquisti?
1293 1381 1360 1434 Et
1403 1382 1513 1433 Iure
1559 1382 1815 1447 particeps
1852 1387 1942 1430 tua
1963 1387 2009 1430 et
2039 1393 2173 1429 uxor

596 1475 886 1527 testamenti
923 1476 1078 1535 tui,et
1106 1475 1386 1526 nonaliter
1429 1473 1636 1540 fecit,et
1673 1471 1904 1540 reliquid:
1957 1469 2170 1538 spiritus

596 1566 690 1618 tui.
755 1566 821 1619 Et
887 1567 1149 1620 dixistis:
1200 1565 1340 1630 Quid
1379 1567 1526 1618 aliud
1572 1580 1729 1634 quam
1763 1579 1936 1616 semen
1985 1561 2172 1630 quaerit

595 1653 736 1707 Deus
760 1654 786 1708 ?

665 1743 906 1799 XXVIII.
946 1746 1053 1800 Deo
1094 1745 1198 1799 ista
1234 1745 1431 1810 saepius
1498 1742 1950 1812 reprehendente,
1994 1751 2048 1796 et
2105 1740 2170 1794 ad
2205 1777 2245 1831 Β

593 1839 676 1892 sui
703 1838 915 1906 generis
943 1837 1265 1905 diligendas,
1296 1846 1460 1907 alque
1480 1837 1546 1889 ad
1578 1844 1855 1890 contracta
1892 1848 2012 1888 cum
2037 1834 2170 1888 alie-

593 1931 806 1995 nigenis
838 1929 1180 1982 matrimonia
1207 1943 1326 1996 qu;e
1347 1937 1400 1981 et
1431 1929 1544 1997 ipsa
1575 1926 1756 1979 divina
1793 1926 1878 1979 lex
1948 1925 2170 1980 damnat

596 2021 887 2074 dissuenda
929 2019 1263 2088 impellente,
1301 2018 1463 2070 stulte
1516 2015 1920 2081 occurrebant;
1960 2032 1980 2066 ι
2031 2014 2169 2080 Quid

593 2111 738 2164 aliud
775 2125 935 2179 quam
965 2123 1149 2163 semen
1189 2111 1383 2178 quaerit
1427 2111 1566 2162 Deus
1589 2108 1672 2160 '5?
1719 2126 1737 2158 ι
1799 2109 2005 2161 Dictum
2067 2118 2166 2170 εει,

593 2201 784 2271 inquit,
812 2217 906 2271 per
942 2200 1250 2255 mandatum
1275 2200 1437 2254 Mosis
1470 2217 1484 2253 :
1520 2220 1538 2252 ι
1585 2199 1701 2256 Non
1753 2201 1858 2255 erit
1923 2199 2166 2254 infecun-

592 2293 680 2357 da,
711 2307 807 2346 nec
831 2293 1034 2347 sterilis
1075 2293 1127 2346 in
1154 2291 1312 2346 Israel
1344 2292 1410 2344 ⁸⁷.
1454 2311 1472 2344 ι
1509 2292 1574 2346 Et
1597 2296 1663 2347 ad
1701 2293 1974 2347 Abraham
2036 2291 2168 2344 alic-

601 2386 690 2440 ubi
748 2386 876 2440 dicit
903 2387 1275 2439 universorum
1308 2384 1487 2439 Deus:
1529 2403 1546 2434 ι
1576 2384 1934 2453 Mnltipiicans
1999 2383 2169 2437 multi-

591 2475 800 2542 plicabo
839 2487 1021 2527 semen
1050 2483 1221 2538 tuum,
1281 2474 1418 2527 sicut
1468 2473 1652 2528 stellas
1699 2473 1818 2528 τα)ιί
1875 2472 2169 2526 multitudi-

589 2565 739 2618 ne“.
775 2583 794 2615 ι
830 2564 1094 2631 Quocirca
1159 2563 1401 2618 divinum
1470 2565 1778 2630 consilium,
1840 2563 2058 2633 inquit,"
2101 2563 2167 2618 ad

591 2657 989 2710 multitudinem
1035 2664 1090 2709 et
1120 2655 1415 2709 liberorum
1443 2657 1875 2723 procreationem
1926 2653 2163 2722 respicit,

589 2750 780 2819 utipsa
807 2749 1117 2803 Abraltamo
1163 2747 1318 2800 factae
1376 2748 1753 2816 promissionis
1807 2747 1976 2815 gratia
2009 2746 2164 2801 ﬁnem

590 2849 974 2907 c0ugrueutem
1003 2835 1357 2904 adipiscatur.
1395 2835 1499 2887 Sed
1540 2836 1654 2888 sive
1690 2850 1754 2886 cx
1786 2835 1997 2901 alienis,
2054 2836 2166 2889 sive

589 2943 656 2982 ex
683 2925 931 2992 cognatis
956 2925 1057 2978 hoc
1087 2938 1116 2976 a
1149 2924 1304 2977 nobis
1338 2932 1640 2991 praestetur,
1665 2923 1772 2976 Deo
1797 2924 2018 2991 perinde
2048 2933 2162 2992 est;

591 3019 752 3072 ﬁnem
786 3017 929 3070 enim
956 3016 1221 3084 promissa
1246 3021 1672 3082 consequuntur.
1726 3031 1743 3064 ι
1775 3013 1999 3068 Dixistis
2067 3015 2167 3083 igi-

2349 1193 2456 1248 Kai
2501 1191 2738 1245 εἴπατε-ο
2779 1191 3026 1243 Ἕνεκεν
3075 1189 3239 1255 τινος
3285 1191 3318 1241 δ
3362 1188 3577 1255 Κύριος
3622 1187 3879 1256 διεμαρ-

2277 1287 2491 1353 τύρατο
2545 1284 2853 1352 ἀναμέσων
2899 1299 3014 1337 σου
3069 1283 3166 1336 καὶ
3219 1281 3526 1351 ἀναμέσον
3569 1284 3883 1350 γυναικὸς

2229 1375 2234 1384 ’
2275 1377 2554 1445 νεότητός
2611 1392 2726 1429 σου
2777 1375 2856 1442 ἣν
2894 1374 3318 1445 ἐγκατέλιπες;
3367 1375 3477 1426 Καὶ
3534 1374 3691 1442 αὕτη
3737 1391 3874 1427 κοι-

2277 1468 2468 1532 νωνός
2525 1481 2640 1520 σου
2698 1467 2796 1520 καὶ
2845 1465 3000 1534 γυνὴ
3055 1465 3344 1533 διαθήκης
3390 1482 3537 1529 σου,
3589 1467 3693 1517 καὶ
3749 1468 3878 1519 οὐκ

2279 1559 2478 1624 ἄλλως
2510 1559 2782 1625 ἐποίησε,
2830 1559 2926 1611 καὶ
2979 1559 3318 1626 ὑπόλειμμα
3364 1558 3712 1624 πνεύματος
3755 1560 3875 1609 σὺ.

2277 1650 2408 1704 τοῦ.
2439 1650 2544 1703 Καὶ
2574 1649 2779 1702 εἴπατε
2799 1665 2812 1678 ·
2852 1649 2911 1702 Τί
2927 1648 3081 1702 ἄλλο
3109 1649 3147 1716 ἢ
3176 1648 3411 1717 σπέρμα
3439 1647 3598 1716 ζητεῖ
3621 1652 3654 1702 ό
3685 1651 3876 1714 Θεός;

2349 1743 2482 1795 KH’.
2536 1740 2966 1810 ’Enatctwpénou
3011 1739 3147 1792 Θεοῦ
3188 1740 3252 1791 τὰ
3286 1739 3459 1792 τοιάδε
3491 1740 3724 1808 συχνῶς,
3766 1742 3874 1791 καὶ

2276 1833 2656 1895 ἀναπείθοντος
2701 1833 2801 1903 μὲν
2830 1833 3050 1903 ἀγαπᾷν
3083 1833 3180 1895 τάς
3213 1833 3277 1884 ὲκ
3313 1833 3520 1900 γένους,
3552 1835 3872 1901 ἀποτοιτᾷν

2273 1926 2329 1978 δὲ
2358 1925 2464 1977 τῶν
2492 1925 2786 1995 ἀλλοτρίων
2817 1925 2912 1976 καὶ
2941 1922 3396 1992 ἀπονοσφίζεσθαι
3423 1924 3614 1993 γάμων
3645 1922 3740 1984 οὓς
3769 1925 3873 1976 καὶ

2274 2015 2434 2078 αὐτὸς
2468 2017 2496 2067 6
2539 2015 2681 2077 θεῖος
2718 2014 3030 2086 ἀπεκήρυξε
3064 2016 3256 2085 νόμος,
3296 2015 3685 2078 ἀσυνετοῦντες
3728 2017 3867 2084 ἐφα-

2276 2123 2403 2159 σκον
2426 2123 2438 2134 ο
2475 2125 2494 2157 ι
2528 2107 2592 2159 Τί
2620 2106 2747 2160 ἄλλο
2783 2105 2815 2177 ἢ
2849 2107 3072 2177 σπέρμα
3107 2104 3259 2175 ζητεῖ
3289 2109 3316 2158 6
3349 2106 3507 2172 Θεός;
3543 2126 3561 2158 ι
3595 2107 3867 2177 Εἴρηται,

2273 2199 2427 2268 φησὶ,
2463 2198 2550 2252 διὰ
2581 2200 2678 2268 τῆς
2714 2199 2957 2262 Μωσέως
2989 2199 3241 2270 ἐντολῆς’
3282 2218 3299 2250 ι
3329 2200 3442 2252 Οὐκ
3475 2200 3629 2252 ἔσται
3667 2201 3872 2268 ἄγονος

2271 2289 2390 2342 οὐδὲ
2424 2292 2608 2360 στεῖρα
2639 2292 2699 2340 ὲν
2727 2291 2866 2352 υἱοῖς
2901 2290 3171 2360 Ἰσραήλ.»
3207 2290 3348 2360 Ἔφη
3377 2290 3432 2343 δέ
3467 2308 3570 2343 που
3599 2292 3697 2344 καὶ
3727 2293 3871 2362 πρὶς

2285 2380 2536 2449 Ἀϐραὰμ
2561 2382 2588 2433 6
2619 2379 2727 2433 τῶν
2749 2381 2886 2437 ὅλων
2918 2381 3081 2445 Θεός·
3123 2401 3140 2432 ι
3173 2381 3464 2452 Πληθύνων
3510 2384 3770 2453 πληθυνῶ
3805 2386 3868 2436 τό

2272 2472 2491 2542 σπέρμα
2520 2491 2632 2538 σου,
2659 2473 2789 2526 ὡσεὶ
2813 2472 2882 2546 τά
2908 2473 3082 2545 ἄστρα
3113 2473 3205 2526 τοῦ
3232 2474 3459 2544 οὐρανοῦ
3491 2475 3571 2545 τῷ
3599 2477 3818 2546 πλήθει.
3839 2498 3856 2526 1

2270 2563 2477 2616 Οὐκοῦν
2503 2564 2530 2615 6
2565 2563 2735 2629 θεῖος,
2771 2565 2930 2635 φησὶ,
2985 2565 3188 2627 σκοπὸς
3234 2567 3312 2629 εἰς
3365 2566 3578 2635 πληθὺν
3608 2569 3717 2637 ὁρᾷ
3763 2569 3863 2620 καὶ

2269 2654 2636 2722 παιδογονίαν,
2663 2655 2752 2708 ἴνα
2779 2657 2870 2708 καὶ
2893 2657 2974 2718 εἰς
2996 2657 3171 2726 πέρας
3191 2657 3376 2724 ἄγοιτο
3398 2658 3459 2710 τὸ
3484 2658 3697 2729 πρέπον
3719 2660 3859 2728 αὐτῇ

2269 2747 2367 2817 τῆς
2421 2749 2556 2818 πρὸς
2606 2747 2853 2818 Ἀϐραὰμ
2899 2750 3228 2817 ἐπαγγελίας
3278 2752 3307 2820 ή
3355 2751 3532 2820 χάρις.
3573 2752 3717 2805 Ἀλλ’
3761 2754 3862 2805 εἴτ’

2301 2835 2324 2856 τ
2493 2841 2504 2852 ο
2550 2840 2564 2852 ~
2685 2840 2696 2856 ο
2855 2840 2875 2854 -ο
2971 2844 2981 2856 ι
3267 2841 3291 2852 -
3429 2843 3453 2852 -ν
3653 2845 3664 2858 ο

2267 2855 2360 2891 ουν
2401 2840 2458 2904 ἐξ
2482 2839 2794 2910 αλλοτριων,
2822 2857 2932 2893 ειτε
2966 2840 3023 2907 εξ
3055 2845 3331 2911 ὁμογενων
3360 2860 3520 2896 τουτο
3554 2861 3857 2916 πραττοιτο

2267 2930 2403 3000 πρὸς
2446 2931 2619 3000 ὑμῶν,
2662 2932 2943 3002 ἀδιαφορΞί
2978 2933 3054 3003 τῷ
3099 2933 3238 3003 Θεῷ,
3283 2934 3593 3003 διεξάγεται
3637 2938 3747 3008 γὰρ
3783 2940 3861 3000 εἰς

2269 3021 2447 3091 πέρας
2493 3022 2554 3074 τὸ
2602 3023 3028 3093 ἐπηγγελμένον.
3088 3045 3105 3077 ι
3137 3026 3339 3079 Εἴπατε
3399 3029 3604 3094 τοίνυν,
3654 3029 3858 3099 φησίν·

592 3119 698 3174 tur,
730 3107 906 3176 inquit
963 3124 977 3160 :
1017 3105 1138 3171 Qua
1171 3105 1235 3159 de
1262 3119 1420 3159 causa
1453 3103 1710 3159 Dominus
1746 3105 2068 3160 testiﬁcatus
2085 3115 2164 3159 est

2273 3112 2496 3164 Ἕνεκεν
2531 3113 2674 3178 τίνος
2699 3117 2726 3167 6
2758 3115 2960 3186 Κύριος
2987 3116 3386 3190 διεμαρτύρατο
3413 3119 3517 3172 ἀνά
3550 3121 3719 3189 μέσον
3764 3121 3858 3174 σοῦ

589 3199 731 3254 inter
770 3206 821 3250 te
847 3205 902 3249 et
929 3210 1151 3250 uxorem
1186 3194 1562 3249 adolescentia:
1591 3205 1693 3248 tute
1725 3211 1884 3264 quam
1945 3197 2170 3264 reliqui-

590 3288 696 3342 sti?
733 3305 754 3339 ι
787 3289 856 3340 At
885 3288 929 3339 si
966 3287 1070 3340 hoc
1097 3285 1318 3338 libuerit
1347 3287 1547 3351 dicere,
1579 3301 1748 3355 quare
1805 3286 2064 3341 Dominus
2091 3297 2170 3342 te-

590 3377 963 3441 stiﬁcatnssit,
995 3377 1296 3445 etjusserit
1331 3378 1476 3433 nullo
1530 3380 1686 3434 modo
1753 3379 2028 3434 dimittere
2081 3381 2168 3434 cui

591 3469 941 3538 coliabitatis,
995 3470 1330 3540 re5pondebo
1382 3480 1436 3524 et
1487 3487 1586 3540 ego
1635 3472 1702 3526 ad
1759 3472 1902 3526 hoc:
1955 3473 2166 3542 Cogita,

593 3578 614 3614 ι
646 3562 908 3628 Quoniam
932 3563 1044 3630 ipsa
1073 3571 1154 3615 est
1181 3561 1448 3632 particeps
1476 3577 1570 3616 seu
1605 3562 1752 3616 socia
1784 3570 1896 3629 tua,
1927 3571 1983 3618 et
2031 3579 2168 3618 uxor

591 3651 892 3705 testamenti
925 3665 1015 3704 seu
1045 3649 1267 3704 fmtleris
1305 3651 1404 3716 tui,
1437 3669 1455 3701 ι
1490 3652 1588 3705 ltoc
1617 3661 1721 3716 est,
1747 3667 1850 3704 una
1904 3667 2035 3706 caro
2086 3663 2165 3706 tc-

587 3755 709 3793 cum
741 3739 811 3804 ",
841 3749 894 3792 et
921 3739 1074 3809 juxta
1107 3738 1278 3810 legem
1314 3741 1737 3804 contubernalis,
1773 3751 1826 3794 et
1873 3757 1976 3796 non
2009 3741 2167 3797 aliter

589 3829 889 3884 fabricatus
913 3841 996 3884 est
1029 3845 1150 3884 eam
1210 3830 1372 3885 Deus.
1423 3833 1516 3886 Est
1577 3847 1760 3901 porro,
1808 3841 1867 3886 ut
1907 3833 2163 3902 arbitror,

586 3921 749 3974 etiam
789 3937 808 3970 ε
866 3921 1108 3990 reliquiae
1149 3924 1373 3991 spiritus
1417 3921 1551 3991 ejus,
1605 3942 1624 3974 ι
1661 3933 1716 3977 et
1773 3927 2161 3992 propemodum

588 4027 814 4082 corpore
836 4020 891 4066 et
923 4014 1100 4067 anima
1127 4014 1211 4067 vir
1266 4016 1650 4073 commiscetur
1707 4031 1830 4070 cmn
1885 4031 1948 4070 ea
2000 4030 2160 4084 quam

587 4103 686 4173 ipsi
716 4104 848 4172 legis
868 4103 1054 4172 religio
1077 4105 1369 4173 copulavit.
1393 4104 1562 4176 846
1601 4106 1664 4159 Et
1709 4105 2159 4173 quemadmodum

587 4211 750 4250 unum
771 4211 964 4265 corpus
990 4198 1145 4264 ﬁunt,
1174 4198 1253 4252 sic
1274 4198 1453 4267 aliquo
1484 4200 1640 4250 modo
1667 4197 1830 4250 etiam
1878 4212 1980 4249 una
2041 4197 2161 4251 ani-

588 4302 696 4352 ma,
725 4301 907 4340 amore
928 4298 1109 4341 mutuo
1156 4287 1275 4342 illos
1304 4288 1614 4356 colligante,
1653 4295 1706 4338 et
1732 4286 1912 4339 divina
1945 4285 2058 4355 lege
2105 4287 2157 4341 in

585 4378 927 4432 concordiam
986 4379 1346 4433 devinciente.
1375 4376 1654 4444 Reliquias
1704 4376 1888 4445 itaque
1934 4375 2156 4446 spiritus

585 4471 683 4524 viri
710 4486 934 4525 uxorem
961 4480 1144 4536 vocat,
1199 4482 1252 4526 et
1279 4471 1432 4540 quasi
1478 4469 1760 4521 dimidium
1796 4468 1911 4537 ejus
1961 4471 2155 4524 anima:
2186 4455 2232 4515 D

584 4573 802 4631 propter
836 4563 1114 4628 unionem,
1137 4562 1344 4615 scilicet
1399 4575 1517 4628 quae
1537 4563 1824 4616 concordia
1872 4561 2152 4618 charitatis

581 4655 726 4708 velut
755 4672 917 4708 unum
944 4655 1124 4708 eliieit.
1158 4650 1236 4707 Ne
1260 4654 1424 4724 igitur
1454 4653 1573 4724 plus
1606 4669 1767 4723 quam
1824 4657 1960 4712 ratio
2008 4657 2152 4725 pall-

583 4756 668 4801 tur
694 4746 860 4800 Deum
885 4747 1176 4816 culpatote,
1228 4755 1284 4798 ut
1342 4747 1434 4815 qui
1487 4763 1709 4802 uxorem
1773 4749 2151 4804 adolescentia!

579 4853 709 4906 suae,
741 4838 960 4895 hederis
982 4854 1046 4893 ac
1073 4839 1295 4908 spiritus
1353 4841 1690 4910 participem,
1745 4853 1800 4896 et
1849 4857 2012 4898 carne
2047 4843 2150 4898 sibi

579 4933 787 4986 unitam
822 4933 980 4986 domo
1003 4940 1364 4998 removentes,
1398 4931 1629 4988 fortasse
1691 4933 1930 5002 iniquius
1968 4935 2152 5001 objur-

578 5032 684 5092 get.
711 5023 974 5076 Existimo
997 5029 1177 5075 autem
1239 5038 1337 5090 ego
1383 5026 1844 5094 sapientissimum
1903 5027 2148 5095 Paulum,

573 5115 703 5168 hinc
735 5122 1065 5182 permotum,
1097 5115 1380 5169 mandasse
1415 5116 1483 5170 iis
1509 5117 1598 5184 qui
1628 5117 1680 5170 in
1701 5117 1978 5172 Christum
2032 5135 2152 5174 cre-

575 5204 823 5259 diderant
854 5221 872 5259 :
908 5221 926 5254 ι
963 5203 1229 5274 Alligatus
1259 5222 1318 5260 es
1369 5208 1566 5261 uxori?
1595 5209 1700 5262 noli
1738 5224 1977 5278 quaarere
2000 5211 2151 5266 soluo

576 5297 776 5351 tionem
797 5296 863 5350 '°.
900 5295 1013 5363 {Et
1045 5298 1239 5353 alicubi
1274 5296 1523 5355 Salvator
1553 5318 1565 5354 :
1597 5318 1616 5352 ι
1644 5301 1962 5374 Quicunque
1991 5304 2152 5360 dimi-

570 5387 706 5444 terit
735 5403 958 5443 uxorem
1005 5406 1182 5458 suam,
1238 5405 1463 5465 excepta
1522 5412 1688 5454 causa
1743 5398 2144 5464 fornicationis,

570 5474 705 5532 facit
732 5490 848 5530 eam
879 5481 1140 5536 mmcbari
1171 5499 1186 5538 :
1216 5493 1268 5537 et
1299 5486 1390 5554 qui
1427 5486 1706 5543 dimissam
1735 5489 1973 5556 duxerit,
2009 5505 2145 5544 mua-

677 5637 921 5714 "Erod.
962 5676 1143 5728 xxxiv,
1178 5662 1262 5717 16.
1375 5665 1420 5698 "
1451 5665 1618 5722 Exod.
1678 5684 1810 5734 χχιι,
1850 5669 1940 5724 26.

2059 5671 2102 5702 ³⁸
2151 5671 2285 5727 Gen.
2327 5677 2558 5740 “1,10.

2279 3204 2373 3256 καὶ
2409 3205 2511 3258 ἀνά
2551 3207 2711 3277 μέσον
2742 3209 2999 3275 γυναικὸς
3041 3212 3290 3281 νεότητός
3323 3229 3440 3276 σου,
3476 3212 3542 3282 ἢν
3572 3213 3859 3280 ἐγκατέλι-

2274 3309 2402 3362 πες;
2433 3316 2450 3348 ι
2493 3299 2631 3351 Ἀλλ’
2658 3299 2818 3370 εἴπερ
2847 3301 3054 3354 ἕλοισθε
3085 3302 3242 3356 τοῦτο
3264 3304 3442 3372 λέγειν
3471 3304 3762 3370 τδ,’ένεκεν
3783 3306 3860 3357 τί-

2269 3405 2358 3451 νος
2387 3389 2804 3462 διεμαρτύρατο,
2837 3393 2930 3445 καὶ⁷
2965 3395 3299 3465 προστέταχε
3338 3395 3412 3467 μὴ
3455 3395 3565 3448 δεῖν
3591 3396 3856 3466 ἀποπέμ-

2270 3479 2465 3533 πεσθαι
2517 3481 2614 3551 τὴν
2657 3485 3082 3555 συνῳκισμένην,
3135 3487 3246 3556 ἐρῶ
3280 3489 3416 3558 πρὸς
3457 3487 3618 3540 τοῦτο
3662 3491 3852 3557 κάγώ·

2282 3570 2562 3641 Ἐννόησον
2593 3593 2608 3624 ι
2637 3573 2757 3627 ’Ότι
2789 3575 2927 3644 αὕτη
2954 3578 3206 3641 κοινωνός
3241 3595 3333 3631 σου
3368 3580 3459 3633 καὶ
3493 3581 3631 3651 γυνὴ
3663 3581 3854 3652 διαθήο

2269 3679 2370 3733 κης
2401 3679 2514 3727 σου,
2543 3683 2561 3716 ι
2595 3668 2891 3731 τουτέστιν,
2919 3669 3229 3740 όμόσαρκός
3266 3688 3348 3723 σοι
3382 3673 3476 3724 καδι
3509 3673 3653 3726 κατά
3685 3675 3852 3743 νόμον

2269 3755 2677 3825 συνῳκισμένη,
2720 3757 2815 3810 καὶ
2855 3759 2955 3810 οὑκ
2987 3758 3162 3822 ἄλλως
3193 3761 3362 3830 αὐτὴν
3411 3761 3850 3835 δεδημιούργηκε

2265 3844 2415 3907 Θεός.
2444 3846 2599 3898 Ἐστι
2633 3846 2720 3911 δὲ,
2765 3843 2940 3918 οἶμαι,
2991 3851 3084 3902 καὶ
3131 3869 3147 3902 ι
3176 3851 3490 3922 ὑπόλειμμα
3538 3855 3848 3926 πνεύματος

2264 3936 2459 4002 αὑτοῦ,
2488 3957 2506 3990 ι
2560 3940 2652 3992 καὶ
2705 3942 2989 4012 μονονουχὶ
3050 3943 3423 4014 συγκέκραται
3481 3963 3596 4009 πως
3630 3948 3659 3999 6
3707 3949 3846 4020 ἀνὴρ

2266 4029 2540 4098 σαρκικῶς
2583 4048 2643 4084 τε
2698 4033 2792 4085 καὶ
2841 4032 3086 4103 ψυχικῶς
3124 4038 3188 4107 τῇ
3233 4037 3372 4090 κατά
3415 4037 3575 4106 νόμον
3619 4037 3846 4109 λατρεία

2265 4123 2704 4195 συνηρμοσμένη.
2749 4125 2858 4178 Καὶ
2892 4124 3080 4198 ὥσπερ
3108 4128 3164 4180 ἓν
3194 4131 3448 4196 γεγόνασι
3489 4130 3672 4201 σῶμα,
3704 4132 3843 4185 οὕτω

2260 4212 2458 4282 τρόπον
2488 4215 2609 4268 τινὰ
2644 4218 2738 4270 καὶ
2776 4217 2873 4286 μία
2912 4217 3078 4290 ψυχὴ,
3125 4221 3444 4291 συνδεούσης
3474 4223 3677 4287 αὐτοὺς
3708 4225 3842 4293 ἁγά-

2261 4320 2402 4372 πης,
2449 4308 2540 4359 καὶ
2585 4308 2750 4378 νόμου
2801 4309 2946 4363 θείου
3009 4312 3350 4382 συλλέγοντος
3397 4317 3474 4377 εἰς
3517 4316 3837 4389 όμοψυχίαν.

2271 4395 2616 4469 ’Υπόλειμμα
2646 4401 2822 4456 τοίνυν
2881 4402 3191 4474 πνεύματος
3223 4406 3314 4459 τοῦ
3360 4407 3551 4478 ἀνδρὸς
3597 4413 3701 4480 τὴν
3747 4428 3842 4479 γυ-

2257 4491 2419 4543 ναῖκα
2447 4490 2600 4542 καλεῖ
2634 4492 2729 4544 καὶ
2765 4494 2927 4548 οἱονεὶ
2974 4496 3141 4566 μέρος
3181 4497 3278 4567 τῆς
3315 4498 3477 4552 αὐτοῦ
3515 4499 3720 4571 ψυχῆς,
3758 4504 3840 4556 διά

2256 4593 2316 4629 τε
2361 4578 2460 4646 τὴν
2507 4578 2699 4632 ἕνωσιν
2745 4583 2843 4652 τὴν
2881 4583 2956 4646 ὡς
3007 4583 3063 4638 ἓν
3098 4602 3193 4653 γε,
3238 4573 3413 4656 φημῖ,
3456 4591 3519 4658 τῇ
3560 4592 3705 4642 κατά
3746 4591 3836 4660 τὴν

2257 4667 2477 4740 ἀγάπην
2503 4670 2793 4744 όμοψυχίᾳ.
2819 4674 2910 4743 Μὴ
2938 4677 3117 4731 τοίνυν
3143 4678 3287 4748 πέρα
3313 4678 3407 4731 τοῦ
3431 4679 3640 4745 δέοντος
3676 4683 3837 4744 ἰόντες

2257 4759 2415 4827 λόγου
2471 4765 2818 4817 καταιτιᾶσθε
2858 4767 3011 4830 Θεὸν,
3056 4768 3130 4832 ὼς
3164 4770 3302 4839 τάχα
3355 4789 3456 4826 που
3507 4773 3604 4825 καὶ
3639 4774 3833 4836 ἀδίκως

2257 4850 2674 4922 ἐπιπλήττοντος
2709 4858 2820 4918 τοῖς
2849 4857 3234 4927 ἀποπέμπουσι
3265 4861 3364 4932 τῆς
3397 4863 3578 4927 ἑστίας
3607 4867 3830 4933 γυναῖκα

2257 4940 2524 5012 νεότητος,
2555 4944 2648 4998 καὶ
2679 4944 2940 5018 διαθήκης
2969 4951 3061 5003 καὶ
3091 4951 3400 5022 πνεύματος
3434 4957 3710 5021 κοινωνὸν,
3744 4958 3829 5010 καὶ

2251 5033 2544 5090 ἑνωθεῖσαν
2582 5040 2879 5110 σαρκικῶς.
2908 5039 3076 5113 Οἶμαι
3105 5045 3162 5098 δὲ
3192 5047 3367 5116 ἔγωγε
3396 5047 3486 5101 τὸν
3525 5049 3827 5119 σοφώτατον

2247 5125 2480 5194 Παῦλον,
2512 5133 2870 5202 κεκινημένον
2903 5135 3174 5201 ἐντεῦθεν,
3205 5139 3502 5193 ἐπιστεῖλαι
3535 5143 3649 5205 τοῖς
3679 5160 3827 5196 πεπι-

2251 5217 2532 5272 στευκόσιν
2559 5221 2639 5284 εἰς
2665 5223 2899 5293 Χριστόν
2922 5241 2934 5255 ο
2978 5245 2998 5277 ‹
3025 5227 3242 5281 Δέδεσαι
3281 5231 3533 5298 γυναικί;
3571 5232 3646 5305 μὴ
3683 5235 3823 5304 ζήτει

2247 5306 2460 5362 λύσιν.»
2501 5313 2643 5384 Ἔφη
2689 5313 2746 5366 δέ
2783 5333 2885 5369 που
2928 5318 3023 5371 καὶ
3064 5320 3227 5384 αὐτὸς
3257 5323 3283 5375 6
3314 5323 3538 5394 Σωτήρ·
3575 5343 3594 5376 ι
3634 5328 3727 5388 Ὃς
3762 5323 3823 5377 ἂν

2254 5400 2500 5473 ἀπολύσῃ
2536 5404 2632 5474 τὴν
2679 5409 2909 5473 γυναῖκα
2948 5409 3134 5473 αὐτοῦ,
3180 5415 3452 5480 παρεκτὸς
3493 5414 3654 5484 λόγου
3695 5430 3820 5485 1:09-

2254 5493 2421 5559 νείας,
2454 5499 2596 5550 ποιεῖ
2625 5499 2793 5570 αὐτὴν
2829 5502 3211 5574 μοιχευθῆναι·
3248 5507 3341 5559 καὶ
3369 5509 3397 5561 6
3423 5506 3822 5578 ἀπολελυμένην

2661 5680 2703 5711 ’9
2739 5678 2873 5736 Gen.
2903 5697 2962 5754 n‘,
3001 5681 3092 5752 2'5,
3129 5683 3218 5737 24.
3332 5685 3375 5716 ³⁵
3405 5685 3421 5739 ι
3453 5684 3575 5740 Cor.
3604 5699 3700 5751 vn,
3732 5684 3816 5739 37.
