3934 6318
86 262 241 330 ,ιεῦ

984 262 1542 319 COMMENTABICS
1581 263 1647 316 IN
1691 261 2097 318 MALACHIAM
2142 260 2584 316 PROPHETAM.

3288 263 3393 320 ΜΒ

109 378 413 449 γαμήσας,
446 375 752 445 μοιχᾶται.»
787 374 1097 447 Ἐρομένοις
1123 380 1180 433 δὲ
1203 381 1314 442 τοῖς
1345 378 1714 432 Σαδδουκαίων

1832 377 2017 432 chatur
2043 377 2108 432 “.
2145 395 2163 429 ι
2195 375 2660 448 lnterrogantibus
2683 384 2862 430 autem
2892 374 3199 432 Sadducaais
3214 379 3394 433 curio-

110 468 552 538 φιλοζητηταῖςο
588 486 608 518 ι
654 466 792 521 Ἀνθ’
814 467 1170 540 ὃτουΜωσῆς
1197 470 1499 525 ἐνετείλατο
1534 470 1716 523 δοῦναι

114 555 342 627 βιϐλίον
391 555 725 610 ἀποστασίου
760 556 854 609 καὶ
903 557 1339 613 ἀπαλλάττεσθαι
1376 560 1665 627 γυναικός;
1693 577 1710 612 ν

115 648 238 719 ἔφη
274 647 438 702 πάλιν
459 664 472 678 ο
510 666 528 698 ι
560 649 680 699 ’Ὁτι
715 647 921 716 Μωσῆς
954 647 1053 718 μὲν
1087 650 1223 718 πρὸς
1252 650 1351 721 τὴν
1385 650 1719 721 σκληροκαρ-

113 737 250 792 δίαν
287 740 443 810 ὑμῶν
476 738 811 792 ἐνετείλατο·
849 740 943 790 ἀπ’
979 739 1156 810 ἀρχῆς
1188 741 1243 794 δέ
1279 741 1338 794 οὐ
1370 741 1589 810 γέγονεν
1628 740 1718 794 οὓ-

113 848 274 894 τως·
304 835 336 885 ὁ
379 831 487 900 γὰρ
519 830 756 895 πλάσας,
803 833 970 902 ἄρσεν
1010 835 1102 885 καὶ
1133 832 1266 901 θῆλυ
1313 834 1567 904 ἐποίησεν
1616 834 1715 885 αὑ-

113 922 280 987 τούς.
315 925 383 976 Ὃ
429 918 522 976 οὖν
553 921 684 986 Θεὸς
730 921 1066 989 συνέζευξεν,
1113 923 1395 994 ἄνθρωπος
1433 924 1505 994 μὴ
1551 941 1716 994 χωρι-

119 1013 296 1077 ζέτω.
313 1033 334 1064 ι
357 1044 426 1053 -
448 1013 588 1066 «Καὶ
612 1013 919 1082 φυλάξασθε
938 1018 994 1067 ἐν
1024 1014 1102 1084 τῷ
1131 1013 1399 1085 πνεύματι
1429 1015 1602 1086 ὑμῶν,
1626 1016 1718 1068 καὶ

117 1108 188 1159 οὗ
224 1107 300 1176 μὴ
333 1105 789 1175 ἐγκαταλίπητε.»
825 1106 931 1158 Τοῦ
963 1107 1126 1176 νόμου
1159 1106 1215 1158 δέ
1253 1105 1437 1173 σαφῶς
1471 1107 1564 1160 καὶ
1597 1107 1720 1160 ἀνα-

122 1196 338 1264 φανδδν
376 1195 785 1266 διηγορευκότος
834 1193 1031 1259 ἐξεῖναι
1062 1198 1174 1258 τοῖς
1216 1195 1458 1248 ἐθέλουσι
1494 1197 1720 1266 προσρί-

121 1304 290 1340 πτειν
343 1291 467 1350 ταῖς
510 1287 986 1356 συνηρμοσμέναις
1018 1285 1219 1355 βιϐλίον
1251 1288 1583 1341 ἀποστασίου
1626 1289 1719 1341 καὶ

121 1379 488 1449 ἀνεγκλήτως
509 1377 938 1431 ἀπαλλάττεσθαι
964 1377 1063 1446 τῆς
1089 1379 1517 1448 συνῳκισμένης,
1546 1379 1719 1432 ἐδόκει

124 1488 250 1534 πως
286 1469 676 1541 ἀντιφέρεσθαι
705 1473 815 1533 τοῖς
844 1469 1009 1523 πάλαι
1038 1471 1480 1541 τεθεσπισμένοις
1504 1470 1591 1524 διὰ
1622 1473 1720 1542 τῆς

122 1561 224 1615 τοῦ
281 1565 565 1631 προφήτου
611 1562 820 1631 φωνῆς,
859 1561 1083 1630 ἄγοντος
1125 1562 1227 1614 ὑπὸ
1272 1562 1426 1632 δίκην
1486 1563 1580 1614 καὶ
1609 1580 1713 1615 πα-

127 1654 405 1723 ρανομίας
462 1652 709 1722 ἔγκλημα
779 1653 1224 1724 καταγράφοντος
1277 1654 1369 1706 τοῦ
1409 1654 1716 1723 τολμῶντος

124 1744 437 1814 προσάγειν
483 1745 579 1796 καὶ
624 1743 1082 1811 ἀπονοσφίζεσθαι
1120 1746 1397 1812 γυναικός.
1433 1748 1717 1817 Οίκονομι-
1754 1733 1794 1790 Β

124 1835 359 1889 κώτατα
383 1832 563 1886 τοίνυν
589 1832 676 1884 διὰ
707 1830 814 1884 τῶν
850 1834 1261 1904 προσκειμένων
1289 1832 1410 1887 οὗτε
1441 1835 1719 1906 ἄπρακτον

125 1926 430 1994 ἀποφαίνει
477 1923 576 1994 τὴν
607 1922 836 1994 ἀρχαίαν
883 1922 1120 1992 ἐντολὴν,
1166 1923 1290 1976 οὔτε
1341 1924 1444 1995 μὴν
1491 1925 1718 1979 ἀνοσίων

127 2016 554 2089 ἐγχειρημάτων
598 2016 765 2085 αὐτὴν
805 2014 1075 2068 ποιεῖσθαι
1122 2017 1396 2086 πρόφασιν
1439 2018 1724 2089 ἐπιτρέπει

125 2111 294 2162 τισίν.
327 2109 401 2162 Οὐ
434 2108 541 2178 γὰρ
573 2105 888 2180 ἐπειδήπερ,
934 2109 1116 2178 φησὶν,
1159 2109 1362 2178 ἐφῆκεν
1389 2111 1416 2162 ὁ
1457 2109 1620 2178 νόμος
1647 2109 1725 2161 δί-

128 2201 327 2254 δοσθαι
365 2200 425 2252 τὸ
462 2199 685 2269 βιὸλίον,
713 2199 802 2251 διά
840 2198 1000 2251 τοῦτο
1039 2199 1133 2251 καὶ
1167 2198 1450 2252 ἀνεύθυνοι
1492 2199 1723 2263 διδόντες

131 2295 328 2362 ὑμεϊς,
371 2293 461 2345 ἵνα
503 2293 622 2353 ταῖς
669 2290 986 2358 ἀλλοφύλοις
1036 2289 1394 2361 προσκέοισθε
1455 2291 1723 2359 γυναιξὶν,

131 2383 250 2435 ἀλλ’
278 2382 330 2435 εί
357 2384 450 2434 καὶ
483 2382 693 2448 ἔξεστιν
726 2381 1027 2450 ἀποστῆναι
1077 2381 1321 2448 γυναίου,
1353 2382 1446 2436 καὶ
1473 2385 1726 2452 νομικαῖς

1820 470 1934 524 sis:
1972 488 1990 521 ι
2032 468 2168 536 Quid
2197 484 2328 538 ergo
2359 470 2634 524 mandavit
2665 467 2840 521 Moses
2876 469 3006 522 dare
3040 467 3274 522 libellum
3309 483 3393 522 re-

1819 561 1964 632 pudii
1992 572 2043 617 et
2064 562 2334 616 dimittere
2353 562 2612 617 uxorem?
2629 561 2904 629 respondit
2925 578 2938 613 :
2959 559 3131 614 Moses
3175 569 3395 629 propter

1820 653 2072 708 duritiam
2098 654 2278 708 cordis
2309 654 2470 708 vestri
2501 655 2601 708 hoc
2623 655 2864 723 permisit
2888 671 2903 718 ;
2924 654 2989 706 ab
3020 652 3176 707 initio
3213 662 3391 707 autem

1819 743 2450 809 noneratsie;Creator
2481 745 2624 799 enim
2672 744 2968 798 masculum
3023 755 3078 796 et
3136 745 3390 797 feminam

1820 831 1948 887 fecit
2001 849 2116 888 eos.
2147 834 2298 900 Quod
2356 834 2520 902 igitur
2563 833 2706 887 Dens
2756 833 3055 902 conjunxit,
3109 833 3268 887 homo
3327 848 3395 888 ne

1819 934 2034 992 separet
2063 925 2130 978 ⁸¹.
2182 923 2463 979 Custodile
2514 924 2630 978 illas
2659 924 2711 977 in
2752 925 2943 992 spiritu
2978 935 3174 988 vestro,
3222 935 3276 979 el
3326 941 3392 980 ne

1820 1016 2126 1084 relinquite.
2195 1016 2484 1079 Caeterum,
2510 1031 2632 1068 eum
2667 1014 2748 1067 lex
2775 1025 2958 1082 aperte
2999 1024 3054 1070 et
3112 1014 3396 1070 manifeste

1820 1112 2024 1162 sanciat
2060 1106 2221 1160 licere
2245 1106 2548 1160 volentibus
2572 1105 2841 1174 objectare
2872 1106 3107 1158 libellum
3157 1108 3394 1173 repudii,

1819 1200 2060 1267 citraque
2093 1197 2562 1265 reprehensionem
2619 1213 2813 1251 uxores
2861 1198 3152 1260 dimittere,
3187 1198 3398 1250 videtur

1820 1291 1969 1359 quasi
1991 1289 2209 1356 antiquo
2223 1287 2443 1344 oraculo
2468 1303 2762 1357 repugnare
2784 1303 2881 1340 vox
2902 1286 3194 1355 prophetae.
3219 1301 3393 1354 ptena:

1821 1379 2156 1446 subjicicntis
2188 1389 2242 1433 et
2277 1379 2574 1446 iniquitatis
2633 1379 2840 1432 crimen
2897 1377 3245 1446 impingcntis
3297 1394 3396 1430 au-

1821 1471 1968 1527 denti
1989 1472 2190 1525 ducere
2211 1486 2434 1524 uxorem
2455 1480 2507 1524 et
2526 1471 2787 1537 separari.
2802 1466 3280 1523 Providentissime
3301 1469 3396 1537 igi-

1825 1563 2015 1619 turbis
2038 1563 2214 1617 verbis
2232 1563 2463 1616 ostendit
2488 1563 2748 1630 propheta
2773 1561 3080 1613 mandatum
3110 1570 3262 1612 vetus
3288 1576 3392 1613 non

1823 1670 1943 1709 esse
1967 1654 2220 1723 quiddam
2245 1654 2500 1718 otiosum,
2528 1667 2626 1706 nec
2654 1652 2834 1704 sinere
2861 1660 2915 1705 ut
2951 1651 3087 1704 hanc
3112 1650 3212 1704 sibi
3235 1665 3394 1704 occa-

1825 1747 2031 1801 sionem
2068 1747 2328 1800 scelerate
2367 1745 2596 1798 faciendi
2651 1744 2870 1811 quidam
2934 1744 3223 1811 accipiant.
3277 1740 3392 1794 Non

1826 1837 1989 1898 enim,
2027 1835 2224 1904 inquit,
2246 1836 2499 1902 quoniam
2528 1835 2771 1902 permisit
2793 1835 2943 1888 vobis
2974 1833 3057 1887 lex
3081 1834 3209 1886 dare
3245 1832 3396 1885 libel-

1824 1925 1936 1979 lum
1961 1927 2189 1996 repudii,
2221 1926 2340 1980 ideo
2358 1935 2509 1979 extra
2539 1925 2749 1992 culpam
2775 1925 2933 1989 estis,
2964 1925 3052 1992 qui
3080 1924 3280 1978 idcirco
3308 1924 3402 1974 da-

1821 2020 1891 2074 tis
1951 2027 2011 2073 ut
2042 2019 2382 2072 cumalicnis
2432 2018 2776 2086 copulentini.
2860 2017 2966 2070 Sed
3017 2015 3266 2084 quamvis
3332 2015 3400 2068 ab

1821 2111 2280 2166 uxorediscedere
2306 2110 2484 2175 liceat,
2520 2111 2681 2180 idque
2735 2110 2850 2178 lege
2899 2111 3252 2178 approbante,
3303 2123 3400 2161 ea-

1823 2214 1941 2256 vete
1962 2213 2148 2256 tamen
2187 2221 2205 2253 ι
2240 2203 2293 2256 in
2322 2203 2515 2272 spiritu
2575 2212 2753 2256 vestro
2806 2201 3110 2268 relinquere
3167 2215 3393 2254 uxorem

1826 2294 2201 2348 adolescentia
2223 2304 2440 2348 vestrae.
2481 2313 2499 2344 ι
2541 2293 2654 2347 lluc
2687 2293 2827 2346 enim
2885 2300 3126 2362 prtesmt,
3187 2291 3400 2346 etiamsi

1822 2383 1908 2438 lex
1939 2384 2230 2441 divortium
2291 2385 2596 2438 volentibus
2620 2382 2922 2437 indulserit.

129 2471 294 2524 τοῦτο
338 2469 667 2543 πράττεσθαι
697 2469 916 2541 ψήφοις,
951 2469 1254 2540 φυλάξασθε
1307 2491 1324 2523 ι
1357 2473 1414 2524 ἐν
1482 2472 1750 2542 πνεύματι
1790 2471 1944 2544 ὑμῶν
1970 2473 2029 2527 τὸ
2053 2472 2376 2543 καταλείψαι
2435 2476 2668 2542 γυναῖκα
2693 2473 2790 2541 τὴν
2813 2473 2877 2524 ἐκ
2902 2471 3203 2540 νεότητος.»
3232 2470 3401 2523 Τοῦτο

130 2562 246 2634 γὰρ
285 2562 526 2632 ἄμεινον,
573 2562 664 2614 καὶ
706 2563 905 2631 ἐφῆκεν
933 2564 960 2615 ὁ
988 2563 1148 2634 νόμος
1186 2565 1298 2625 τοῖς
1332 2562 1573 2615 ἐθέλουσι
1615 2561 1712 2634 τὴν
1751 2565 2071 2618 ἀπόστασιν.

219 2682 375 2733 Ἀλλ’
399 2680 506 2732 ἐὰν
530 2677 803 2746 μισήσας
833 2677 1289 2746 ἐξαποστείλῃς,
1319 2676 1476 2747 λέγει
1505 2681 1722 2747 Κύριος

133 2774 166 2824 ὀ
207 2770 352 2835 Θεὸς
392 2767 650 2836 Ἰσραήλ.

206 2881 338 2936 KB'.
384 2881 690 2943 Τουτέστιν,
717 2881 765 2932 εί
798 2878 1029 2949 πιθανὴν
1069 2879 1161 2932 καὶ
1188 2878 1496 2949 εὐάφορμον
1537 2879 1717 2932 ποιού-

135 2990 301 3043 μενος
331 2972 430 3043 τὴν
476 2971 812 3040 ἀποπομπὴν
851 2970 926 3040 τῷ
963 2969 1148 3038 βιϐλίῳ
1197 2970 1590 3042 προσγράψας,
1635 2972 1716 3024 ὅτι

135 3063 465 3134 μεμίσηκάς
496 3078 555 3114 τε
587 3077 682 3113 και
724 3061 1052 3114 ἁπεστείλω.

206 3173 319 3227 Καὶ
345 3173 606 3238 καλύψει
643 3170 887 3223 ἀσέϐεια
921 3168 1020 3223 ἐπὶ
1043 3167 1115 3221 τὰ
1155 3167 1541 3237 ἐνθυμήματά
1579 3184 1717 3233 σου,

131 3263 299 3332 λέγει
352 3263 568 3330 Κύριος
618 3259 1060 3327 παντοκράτωρ,
1115 3258 1212 3312 καί
1250 3257 1595 3327 φυλάξεσθε
1651 3259 1722 3312 ἐν

132 3351 214 3418 τῷ
241 3353 537 3421 πνεύματι
568 3349 750 3420 ὑμῶν,
779 3349 973 3402 καίού
1007 3348 1092 3417 μὴ
1123 3348 1575 3418 ἐγκαταλίπητε.

205 3466 289 3518 A'.
331 3461 650 3524 Τουτέστιν,
695 3460 743 3511 εἱ
790 3459 1131 3529 περιγένοιτο
1173 3457 1284 3510 τῶν
1327 3457 1436 3511 σῶν
1467 3457 1723 3528 ἐνθυμη-

136 3553 323 3626 μάτων
362 3551 568 3621 ἀσεϐὴς
608 3550 702 3604 καὶ
753 3547 979 3619 βέϐηλος
1014 3551 1046 3620 ἡ
1085 3549 1250 3620 δορά,
1299 3551 1392 3603 καὶ⁹
1449 3551 1739 3621 πρόφασις,

135 3647 234 3716 μὲν
265 3645 456 3699 είκαία
482 3644 542 3698 τὸ
576 3643 803 3715 μισῆσαί
846 3646 1012 3708 ἐστιν,
1041 3643 1266 3713 εὑρίσκῃ
1301 3643 1357 3694 δὲ
1389 3643 1487 3712 τῆς
1519 3644 1722 3712 ἐτέρων

133 3740 283 3810 ὥρας
311 3735 622 3807 ἡττώμενος
654 3735 748 3787 καὶ
787 3733 1029 3802 γυναίοις
1055 3735 1168 3795 τοῖς
1196 3733 1424 3796 ὀθνείοις
1464 3734 1722 3802 προσκεῖ-

135 3829 258 3882 σθαι
293 3830 486 3892 θέλων,
528 3846 546 3879 t
575 3824 826 3896 φύλαξαι,
859 3826 934 3895 μὴ
965 3825 1358 3896 ἐγκαταλίπῃς,
1388 3844 1406 3875 ιι
1440 3826 1472 3896 ἢ
1515 3825 1724 3893 ἐπάρα-

131 3936 221 3983 τος
270 3920 370 3990 ἔσῃ
416 3918 595 3987 πάντη
637 3934 696 3969 τε
742 3915 838 3969 καὶ
884 3914 1120 3977 πάντως.
1164 3914 1309 3983 Ἔφη
1361 3913 1506 3982 γάρ·
1550 3932 1568 3963 ι
1599 3913 1722 3965 Ὅτι

133 4012 512 4083 ἐξολοθρεύσει
569 4008 773 4080 Κύριος
829 4007 921 4059 τὸν
976 4005 1265 4076 ἄνθρωπον
1317 4007 1409 4057 τὸν
1463 4004 1723 4058 ποιοῦντα

131 4104 328 4166 ταῦτα,
357 4103 471 4163 ἓως·
494 4100 588 4155 καὶ
621 4098 930 4168 ταπεινωθῇ
971 4099 1035 4149 ἐκ
1069 4096 1442 4166 σκηνωμάτων
1487 4096 1720 4168 Ἰσραὴλ,

131 4194 192 4245 ἐκ
226 4191 616 4262 προσαγόντων
650 4187 841 4242 θυσίαν
871 4187 1061 4256 Κυρίῳ
1104 4187 1577 4257 παντοκράτορι.)
1613 4187 1723 4240 Καὶ

129 4284 288 4338 ταυτὶ
331 4283 430 4353 μὲν
473 4283 593 4334 ὅσον
621 4282 700 4343 είς
743 4278 958 4348 ἐμφανῆ
986 4295 1046 4330 τε
1090 4278 1184 4330 καὶ
1218 4277 1510 4347 πρόχειρον
1542 4277 1718 4344 λόγον.

1902 2681 2066 2734 Vnus.
2105 2680 2186 2735 l6.
2220 2679 2327 2734 Sed
2347 2678 2392 2732 si
2423 2678 2545 2732 odio
2569 2677 2762 2732 habens
2785 2676 3076 2743 dimiseris,
3113 2678 3242 2730 dicit
3287 2675 3391 2729 Do-

1826 2753 1994 2804 minus
2023 2750 2160 2803 Deus
2181 2749 2369 2803 Israel.

1897 2883 2088 2939 XXIX.
2122 2883 2232 2939 Hoc
2257 2891 2362 2950 est,
2394 2883 2436 2937 si
2459 2883 2785 2953 probabilem
2815 2883 3017 2939 faciens
3054 2893 3107 2938 et
3134 2884 3275 2951 justa
3302 2900 3398 2939 oc-

1824 2975 2042 3028 casione
2063 2987 2242 3028 natam
2267 2975 2641 3029 dimissionem
2672 2974 2920 3030 indicans
2950 2976 3288 3044 ascripseris,
3351 2988 3402 3030 te

1751 3050 1794 3132 β
1827 3066 2100 3130 odisse,et
2141 3066 2216 3120 ita
2257 3066 2556 3121 dimittere.

1893 3155 2054 3229 Vens.
2082 3177 2167 3230 16.
2195 3176 2359 3248 847
2386 3176 2448 3230 Et
2477 3178 2670 3242 aperiet
2691 3177 2928 3245 impietas
2945 3193 3101 3246 super
3121 3177 3398 3245 cogitatio-

1823 3281 1910 3318 nes
1937 3277 2078 3330 tuas,
2123 3268 2246 3318 dicit
2294 3266 2549 3320 Dominus
2593 3267 3016 3334 omnipotens,et
3063 3267 3317 3321 custodite
3343 3268 3400 3321 in

1822 3357 2009 3422 spiritu
2046 3366 2236 3420 vestro,
2277 3367 2323 3409 et
2359 3373 2421 3409 ne
2454 3357 2852 3426 derelinquatis.

1897 3467 2062 3522 XXX.
2108 3467 2218 3522 lloc
2261 3477 2367 3534 est,
2400 3469 2444 3521 si
2477 3468 2836 3538 cogitationes
2872 3478 2991 3522 tuas
3023 3466 3262 3522 obvolvit
3297 3469 3401 3522 im-

1822 3559 1909 3628 pia
1937 3568 1991 3613 et
2021 3559 2247 3627 profana
2281 3559 2460 3627 pellis,
2506 3567 2560 3612 et
2598 3559 2779 3612 odium
2819 3558 2872 3612 in
2917 3558 3060 3611 illam
3101 3558 3231 3611 falso
3264 3574 3401 3627 pra:-

1824 3653 2062 3715 texitur,
2113 3651 2413 3705 inveniaris
2473 3660 2652 3704 autem
2703 3649 2928 3702 aliarum
2999 3650 3400 3717 pulchritudine

1823 3745 2109 3805 subactus,
2140 3751 2194 3797 et
2245 3742 2380 3795 velle
2428 3739 2764 3794 mulierculis
2817 3740 3115 3806 peregrinis
3165 3739 3394 3806 alligari,

1829 3854 1847 3886 ι
1878 3836 2110 3899 custodi,
2139 3849 2205 3887 ne
2235 3831 2606 3901 derelinquas,
2636 3849 2655 3883 ι
2703 3838 2797 3885 aut
2837 3844 3059 3900 prorsus
3086 3829 3400 3883 maledictus

1824 3925 1952 3979 eris.
1995 3925 2140 3978 Dixit
2179 3923 2320 3978 enim
2358 3942 2370 3977 :
2403 3941 2420 3974 ι
2456 3922 2591 3988 Quia
2633 3923 2902 3989 disperdet
2931 3920 3188 3975 Dominus
3227 3919 3400 3974 homi-

1825 4031 1945 4069 nem
1969 4017 2057 4084 qui
2093 4015 2223 4069 facit
2255 4015 2392 4077 haec,
2423 4015 2594 4067 donec
2624 4012 2939 4067 humilietur
2971 4025 3038 4063 ex
3069 4013 3399 4065 tabernacu-

1824 4108 1888 4160 lis
1927 4103 2112 4169 lsrael,
2154 4121 2218 4159 ex
2252 4103 2609 4158 offerentibus
2655 4102 2979 4157 sacrificium
3026 4100 3251 4153 Domino
3282 4115 3399 4154 om-

1829 4193 2112 4262 nipolenli.
2142 4212 2160 4245 ι
2214 4191 2282 4245 Εῑ
2340 4191 2444 4246 hoc
2505 4193 2720 4260 quidem
2768 4192 2909 4260 quod
2960 4194 3055 4244 ad-
3084 4192 3297 4259 planam
3345 4199 3400 4242 et
3443 4179 3454 4189 ’

1823 4284 2035 4338 obviam
2059 4283 2496 4352 explanationem
2527 4284 2741 4336 attinet.

197 4371 667 4446 Παραφυλακτέον
703 4371 759 4424 δὲ
789 4371 885 4424 καὶ⁵
917 4370 1030 4432 τοῖς
1054 4368 1142 4420 διὰ
1175 4367 1412 4429 πίστεως
1450 4366 1722 4436 κεκλημέ-

1896 4372 2208 4428 Cavendum
2240 4383 2419 4426 autem
2454 4380 2508 4425 et
2543 4387 2638 4438 per
2667 4371 2824 4424 fidem
2860 4368 3064 4423 vocatis
3096 4367 3147 4420 in
3189 4368 3395 4422 sancti-

128 4483 236 4530 νοις
269 4468 352 4529 είς
388 4465 680 4532 ἅγιασμὸν,
719 4462 792 4532 μὴ
835 4461 943 4531 ἄρα
967 4477 1082 4522 πως
1111 4458 1458 4528 ἀπενεχθεῖεν
1483 4458 1558 4521 ὼς
1585 4458 1721 4528 πρὸς

129 4562 401 4628 γυναῖκας
443 4555 835 4626 ἀπηχθημένας
863 4552 984 4622 Θεῷ
1029 4551 1125 4605 καὶ
1154 4551 1463 4617 ἀλλογενείς
1505 4552 1585 4613 είς
1622 4549 1720 4612 τὰς

131 4647 400 4718 βεϐήλους
438 4647 697 4716 αἱρέσεις.
737 4642 981 4712 ’Δπόχρη
1016 4639 1126 4710 γάρ
1151 4640 1352 4702 αὐτοῖς,
1385 4642 1464 4700 είς
1507 4655 1717 4710 καρπο-

131 4741 326 4811 φορίαν
375 4735 774 4807 πνευματικὴν,
815 4733 919 4785 τῶν
957 4731 1057 4799 τῆς
1095 4730 1421 4799 Ἐκκλησίας
1469 4730 1724 4784 διδασκά·

128 4831 230 4885 λων
257 4833 294 4901 ἡ
341 4827 563 4899 καθαρά
589 4827 686 4879 καὶ
725 4825 1028 4894 ἀμώμητος
1055 4819 1404 4888 παιδαγωγία
1437 4821 1720 4890 μονονουχὶ

131 4925 218 4978 καί
256 4923 473 4976 τέκνων
528 4919 724 4980 αὐτοὺς
777 4914 1014 4983 εὐγενῶν
1069 4911 1390 4981 ἀποφαίνειν
1439 4911 1717 4981 πατέρας,

129 5015 417 5076 τίκτοντας
445 5009 653 5080 νοητῶς
687 5007 746 5072 ἐξ
773 5005 983 5076 ἀγαθῆς
1012 5003 1240 5075 καρδίας
1265 5001 1336 5055 τά
1361 5001 1459 5072 τῆς
1483 5004 1564 5066 είς
1587 5001 1721 5055 Θεὸν

130 5105 355 5173 ἀγάπης
385 5102 701 5173 αὐχήματα.

377 5222 766 5312 ΤοΜοΣ
861 5193 1464 5306 ΔΕΥΤΕΡοΣ.

208 5405 270 5456 οι
327 5399 780 5468 παροξύνοντες
835 5392 941 5446 τὸν
995 5392 1143 5445 Θεὸν
1210 5390 1280 5442 ἐν
1333 5388 1457 5454 τοῖς
1512 5391 1716 5458 λόγοις

139 5495 316 5567 ὑμῶν,
347 5491 452 5546 καί
481 5487 717 5544 ειπατε·
759 5487 856 5540 Ἐν
886 5485 1004 5539 τινι
1036 5482 1470 5551 παρωξύναμεν
1493 5481 1678 5534 αὐτόν
1701 5497 1719 5542 ;

199 5675 241 5708 ³¹
275 5672 474 5728 Matth.
508 5685 562 5733 ν,
591 5665 682 5720 ὅθ.

793 5665 837 5696 ⁸¹
868 5662 1060 5718 Matth.
1095 5677 1204 5728 xu,
1236 5660 1291 5728 7,
1319 5660 1372 5727 8;
1407 5659 1567 5714 Marc.
1604 5675 1656 5725 ι,
1683 5657 1736 5723 2,
1762 5661 1816 5714 9.

1827 4465 2155 4531 ficationcm,
2191 4480 2256 4518 ne
2301 4467 2440 4518 forte
2487 4464 2634 4516 velut
2670 4464 2734 4515 ad
2783 4462 3010 4514 feminas
3042 4459 3150 4512 Deo
3182 4461 3398 4512 odiosas

1826 4567 1882 4612 et
1939 4557 2269 4624 alienigenas
2321 4556 2373 4609 in
2447 4554 2703 4624 profanas
2765 4553 2998 4606 hmreses
3059 4550 3396 4606 auferantur.

1825 4647 2012 4701 Potest
2056 4649 2198 4700 enim
2243 4645 2386 4708 illos,
2415 4649 2610 4713 praeter
2658 4643 2994 4713 spiritualetn
3043 4641 3394 4702 fertilitatem,

1825 4737 2080 4792 Ecclesia:
2109 4736 2486 4804 magistrorum
2516 4735 2730 4788 sincera
2755 4744 2808 4787 et
2839 4733 3106 4802 inculpata
3133 4730 3398 4784 institutio

1829 4840 2034 4882 tantum
2083 4842 2189 4881 non
2234 4827 2464 4880 filiorum
2495 4839 2712 4894 quoque
2757 4825 3017 4879 nobilium
3065 4831 3246 4892 patres
3279 4820 3400 4873 red-

1827 4920 1976 4985 dere,
2011 4935 2078 4974 ex
2128 4918 2291 4972 corde
2336 4917 2476 4971 bono
2510 4917 2705 4971 divinze
2752 4915 3036 4970 charitatis
3075 4914 3266 4967 decora
3309 4923 3397 4964 se-

1829 5013 2064 5067 cundum
2092 5009 2421 5066 intellectum
2448 5015 2791 5080 generantes.

2002 5216 2249 5308 TOM
2277 5218 2410 5305 US
2501 5206 3223 5304 POSTEBIOR.

1902 5387 2061 5441 Vens.
2104 5385 2190 5440 l7.
2244 5384 2349 5450 Qui
2397 5383 2716 5452 prouocastis
2764 5379 2930 5433 Deum
2977 5381 3028 5432 in
3075 5377 3398 5432 sermonibus

1830 5480 2036 5542 vestris,
2076 5487 2120 5532 et
2165 5477 2372 5530 dixistis
2406 5475 2513 5528 :In
2547 5491 2648 5544 quo
2692 5472 3083 5542 provocavimm
3131 5469 3286 5528 cum!
3332 5467 3399 5520 In
