3934 6318
507 249 612 303 5'27

1522 239 1580 294 S.
1625 239 1899 294 CYBILLI
1937 239 2404 296 ALEXANDRINI
2446 237 2751 294 ARCHIEP.

3676 249 3797 303 328

509 377 572 415 eo
598 359 735 430 quod
759 359 935 411 ιίίεὲιέι
967 369 984 408 .°
1021 354 1206 410 Omnis
1237 357 1328 427 qui
1365 356 1492 422 facit
1545 355 1770 420 malum,
1805 357 1996 408 bonum
2035 356 2088 408 in

2207 357 2304 408 Ἐν
2324 355 2404 420 τῷ
2431 355 2634 424 λέγειν
2661 352 2812 422 ὑμᾶς
2837 370 2848 382 ·
2889 353 3011 418 Πᾶς
3048 352 3234 406 ποιῶν
3270 353 3555 423 πονηρὸν,
3590 359 3801 411 καλὸν

511 460 788 518 conspectu
827 450 1056 513 Domini,
1093 458 1140 502 et
1172 450 1227 503 in
1268 450 1393 519 ipsis
1423 450 1522 520 ipsi
1550 449 1885 518 complacuit,
1924 458 1973 502 et
2005 449 2094 502 ubi

510 554 585 597 est
619 543 752 596 Deus
772 542 1000 610 justitia:
1015 541 1041 593 ?

587 673 777 727 XXXI.
822 673 994 740 Supra
1029 673 1308 738 annotavi,
1351 687 1454 726 non
1488 686 1614 734 uno,
1647 671 1738 725 sed
1771 669 1954 723 multis
1985 653 2097 723 rno-

513 766 596 820 dis
654 765 1034 817 universorum
1091 760 1256 814 Deum
1304 772 1492 816 contra
1538 771 1784 831 posteros
1833 759 1960 815 Levi
2006 778 2098 816 ex-

516 857 829 909 acerbatum
863 870 1003 908 esse.
1034 853 1099 907 Et
1124 855 1464 908 sacerdotum
1499 853 1740 908 imbelles
1771 854 1980 907 animas
2009 869 2099 908 ca-

515 949 745 1015 stigans,
798 948 1018 1001 aiebat:
1057 965 1077 996 ‹
1111 947 1173 1000 Ει
1217 946 1532 1001 inferebatis
1563 961 1682 1014 qua:
1723 955 1872 1014 rapta
1921 957 2095 1010 erant,

517 1049 571 1092 et
593 1038 807 1103 clauda,
842 1048 894 1092 et
921 1036 1117 1091 debilia
1145 1037 1208 1090 ³³.
1244 1055 1263 1088 ι
1298 1035 1364 1089 Ει
1391 1035 1618 1089 addebat
1652 1035 1734 1088 his
1765 1053 1778 1088 :
1814 1053 1832 1086 ι
1862 1034 1930 1089 Ει
1958 1035 2100 1090 acci-

515 1130 749 1199 piebatis
801 1143 1088 1197 persenam
1141 1128 1192 1182 in
1249 1127 1452 1196 lege”.
1487 1145 1506 1178 ι
1551 1125 1886 1179 llonorantes
1931 1127 2096 1190 enim,

520 1232 578 1274 ιιι
617 1221 874 1274 credibile
898 1232 998 1286 est,
1025 1231 1078 1274 et
1108 1220 1482 1290 intempestive
1507 1227 1812 1272 reverentes
1839 1219 2097 1287 quosdam

518 1329 639 1368 sese
688 1315 1101 1377 convenientes,
1149 1314 1428 1368 tenuiores
1477 1315 1740 1369 scelerate
1775 1315 2098 1368 condemna-

520 1405 671 1469 bant,
727 1413 781 1458 et
815 1407 1135 1473 premebant
1173 1403 1457 1471 quosdam,
1510 1420 1616 1458 non
1669 1421 1734 1460 ex
1787 1405 2100 1474 prteseripto

516 1495 650 1563 legis
676 1497 817 1564 justa
841 1494 1150 1564 iudicantes
1181 1493 1224 1524 ³⁵
1251 1533 1266 1557 ,
1298 1496 1390 1546 sed
1417 1495 1468 1546 in
1502 1503 1707 1563 partem
1743 1493 2096 1564 potentiorem

517 1595 572 1635 et
607 1585 844 1650 iniquam
875 1585 1199 1636 sententiam
1230 1583 1569 1651 proferentes
1603 1599 1614 1634 :
1651 1591 1742 1636 aut
1774 1584 1910 1636 forte
1934 1582 2097 1634 etiam

2198 445 2456 501 ἐνώπιον
2486 445 2730 513 Κυρίου,
2769 443 2867 496 καὶ
2901 443 2972 496 ἐν
3010 441 3216 508 αὐτοῖς
3251 444 3435 509 αὐτὸς
3459 447 3791 513 εὐδόκησε,

2197 539 2294 593 καὶ
2332 537 2449 592 ποῦ
2477 537 2648 591 ἐστιν
2674 539 2706 588 ὀ
2733 535 2878 600 Θεὸς
2903 534 3014 602 τῆς
3053 535 3480 602 δικαιοσύνηςς

2270 676 2392 728 AA'.
2434 673 2650 735 Φθέισας
2680 671 2835 742 ἔφην,
2883 671 2959 734 ὡς
2988 672 3046 724 ού
3079 671 3201 724 καθ’
3236 671 3329 723 ἕνα
3373 672 3595 741 τρόπον,
3642 671 3804 725 κατὰ

2199 767 2427 830 πολλοὺς
2472 765 2529 818 δέ
2570 763 2866 834 μᾶλλλον,ὁ
2908 763 3014 815 τῶν
3063 763 3198 815 ὅλων
3245 762 3378 824 Θεὸς
3420 763 3516 815 ἐπὶ
3557 765 3683 828 τοὺς
3726 767 3800 833 ἐξ

2199 862 2429 930 αἵματος
2455 856 2549 909 τοῦ
2592 856 2722 909 Λευὶ
2752 855 3216 925 κατεπικραίνετο.
3263 854 3374 908 Καὶ
3416 857 3536 918 ταῖς
3568 855 3674 907 τῶν
3708 860 3792 908 ia-

2202 949 2449 1025 ρουργῶν
2481 948 2740 1018 ἀθυμίαις
2781 947 3152 1016 ἐπισκήπτων,
3193 945 3426 1014 ἔφασκε·
3471 965 3488 996 ι
3521 947 3631 1000 Καὶ
3669 949 3799 999 εἰσ-

2201 1045 2424 1114 εφέρετε
2467 1042 2535 1095 τὰ
2578 1041 2951 1111 ἁρπάγματα,
2993 1038 3186 1092 καὶτὰ
3224 1038 3403 1109 χωλά,
3441 1041 3537 1092 καὶ
3582 1040 3649 1092 τὰ
3697 1042 3798 1093 ἐν-

2199 1135 2519 1206 οχλούμενα,
2546 1153 2563 1186 ι
2603 1134 2955 1204 Προσεπῆγεν
2979 1131 3036 1183 δέ
3062 1130 3275 1194 τούτοις
3294 1149 3306 1160 ·
3352 1151 3366 1181 ι
3399 1132 3509 1184 Καὶ
3539 1131 3798 1200 ἐλαμϐά-

2200 1245 2321 1282 νετε
2356 1228 2647 1298 πρόσωπον
2688 1227 2744 1278 ἐν
2778 1224 2944 1294 νόμῳ.
2973 1241 2991 1274 ι
3029 1220 3305 1292 Τιμῶντες
3357 1223 3488 1294 γὰρ,
3541 1223 3685 1276 κατά
3727 1224 3799 1276 τὸ

2201 1320 2368 1382 εἰκὸς,
2413 1321 2508 1374 καὶ
2536 1317 2602 1370 δι’
2641 1315 2819 1377 αἰδοῦς
2847 1315 3076 1384 ἀκαίρου
3104 1314 3419 1382 ποιούμενοι
3458 1315 3569 1367 τῶν
3611 1332 3796 1386 προσ-ο

2204 1412 2388 1464 ιόντων
2428 1409 2601 1474 τινὰς,
2637 1407 2989 1471 κατεδίκαζον
3024 1407 3119 1476 μὲν
3157 1408 3253 1475 οὐχ
3283 1407 3442 1469 ὁσίως
3475 1406 3584 1458 τῶν
3623 1407 3793 1458 ἀσθε-

2202 1502 2496 1574 νεστέρων,
2527 1501 2623 1553 καὶ
2656 1499 2967 1562 πλεονεξίας
2987 1497 3190 1565 ἐπῆγον
3218 1514 3375 1561 τισιν,
3407 1497 3466 1549 ού
3497 1496 3565 1550 τὰ
3600 1497 3792 1550 δίκαια

2202 1591 2510 1662 κρίνοντες,
2559 1590 2700 1644 κατά
2745 1606 2808 1657 γε
2859 1589 2949 1641 τὸν
2991 1587 3174 1658 νόμον,
3216 1587 3330 1641 ἀλλ’
3376 1586 3648 1657 ἑτεραλκῆ
3689 1587 3791 1639 καὶ

518 1675 836 1745 diripientes
869 1674 1213 1730 Incredilates
1241 1675 1548 1743 neutiquam
1582 1675 1647 1729 ad
1675 1690 1733 1729 se
1766 1675 2092 1727 attinentes:

2203 1683 2377 1736 ἄνισον
2405 1680 2500 1750 τὴν
2532 1679 2710 1749 ψῆφον
2749 1678 3068 1749 ἐκφέροντες
3088 1694 3101 1707 ο
3131 1677 3165 1748 ἢ
3197 1678 3336 1748 τάχα
3366 1695 3469 1730 που
3501 1680 3598 1730 καὶ
3625 1677 3788 1748 διαρ-

519 1770 815 1836 gaudentes
842 1776 1023 1821 autem
1075 1782 1240 1836 super
1277 1765 1434 1820 donis
1463 1774 1516 1819 et
1557 1780 1619 1820 ea
1661 1765 2007 1834 accipientes,
2039 1772 2096 1817 et

518 1858 807 1911 sacerdotii
857 1856 1157 1911 honoribus
1187 1857 1496 1922 abutentes,
1529 1867 1583 1910 et
1621 1871 1783 1925 supra
1825 1853 2095 1924 subjectos

518 1960 575 1998 se
606 1943 911 1999 ell'erentes.
948 1945 1102 1998 Hune
1146 1948 1198 1998 in
1231 1946 1448 1999 modum
1482 1946 1646 1998 vitam
1677 1946 1930 2014 degentes
1963 1944 2094 1999 adeo

520 2033 774 2088 infamem
821 2043 875 2088 et
917 2034 1124 2104 legibus
1159 2034 1624 2100 adversissimam,
1657 2033 1826 2104 848
1853 2033 2095 2087 videntes

521 2127 741 2194 quidam
795 2126 1050 2196 iniuriam
1089 2126 1255 2196 passi,
1293 2137 1496 2180 tantum
1543 2139 1648 2178 non
1680 2124 1892 2178 attoniti
1935 2125 2098 2178 mira-

520 2217 743 2270 bantur.
789 2216 900 2272 Nec
959 2218 1104 2271 enim
1159 2217 1699 2286 reprehendebantur
1747 2231 1778 2269 a
1837 2216 1965 2280 Deo,
1998 2229 2097 2268 nec

519 2309 918 2377 puniebantur,
979 2320 1036 2362 ut
1085 2309 1262 2363 solent
1314 2309 1603 2379 aliquando
1657 2318 2092 2376 contemptores;

520 2401 647 2468 quin
700 2402 875 2470 potius
923 2403 1082 2456 rebus
1128 2404 1383 2456 secundis
1427 2403 1734 2466 utebantur,
1760 2411 1813 2454 et
1848 2401 2097 2454 vivebant

520 2508 641 2544 cum
688 2493 978 2563 voluptate.
1027 2495 1231 2548 Idcirco
1275 2509 1417 2562 aegre
1448 2492 1702 2558 ferentes,
1753 2493 2096 2548 innuensam-

520 2597 623 2651 que
650 2584 742 2636 Dei
783 2585 1172 2654 benignitatem
1205 2583 1345 2638 forte
1377 2584 1616 2654 amplius
1642 2585 1880 2651 cogitare
1914 2583 2098 2637 nolen-

524 2685 625 2739 tes,
656 2679 1040 2744 propemodum
1067 2676 1230 2730 etiam
1254 2690 1322 2728 ex
1348 2677 1730 2744 desperatione
1756 2674 2094 2728 clamabant:

527 2785 546 2816 ι
575 2765 765 2820 Omnis
790 2769 882 2836 qui
915 2769 1048 2824 facit
1077 2771 1304 2835 malum,
1341 2769 1541 2822 bonum
1588 2766 1639 2819 in
1671 2773 1961 2833 conspectu
1991 2764 2098 2818 Do-

523 2860 680 2924 mini,
711 2868 765 2914 et
798 2860 852 2913 in
885 2862 1014 2928 ipsis
1040 2862 1140 2929 ipsi
1171 2860 1531 2930 complacuit;
1567 2878 1585 2910 ι
1613 2859 1712 2912 hoc
1735 2867 1837 2922 est,
1873 2858 2096 2912 forsitan

521 2960 578 3006 et
628 2962 966 3020 perpetrator
1024 2954 1288 3008 malorum
1337 2953 1512 3006 bonus
1573 2960 1658 3004 est
1708 2950 1762 3003 in
1808 2961 2096 3016 conspectu

2195 1773 2460 1836 πάξοντες
2490 1771 2615 1834 τοὺς
2657 1771 2954 1841 οὐδαμόθεν
2996 1770 3177 1832 αὐτοῖς
3213 1771 3591 1840 προσήκοντας
3651 1769 3785 1838 κλή-

2198 1881 2326 1935 ρους
2346 1880 2358 1893 ⁸
2398 1863 2718 1932 ὲφηδόμενοι
2765 1861 2819 1913 δὲ
2851 1861 2944 1914 καὶ
2983 1859 3360 1930 δωροδοκίαις,
3397 1861 3491 1912 καὶ
3524 1863 3648 1924 ταῖς
3685 1860 3785 1929 τῆς

2198 1962 2496 2034 ἱερωσύνης
2521 1963 2704 2032 τιμαῖς
2727 1956 3214 2029 κατακεχρημένοι,
3240 1955 3333 2010 καὶ
3355 1955 3461 2008 τῶν
3486 1955 3593 2007 ὑπὸ
3624 1957 3786 2024 χεῖρα

2197 2054 2673 2124 κατεπαιρόμενοι.
2716 2051 2931 2120 Ταύτην
2959 2049 3171 2119 ἔχοντες
3199 2046 3292 2100 τοῦ
3342 2047 3456 2115 βίου
3488 2045 3588 2116 τὴν
3635 2047 3787 2114 ἀγωο

2197 2145 2300 2215 γὴν
2341 2142 2436 2213 τὴν
2476 2141 2618 2195 οὕτω
2655 2139 2887 2194 δυσκλεᾶ
2916 2138 3009 2191 καὶ
3050 2137 3466 2207 ὲκνομωτάτην,
3498 2133 3784 2188 καταθεώ-

2201 2235 2350 2306 μενοί
2401 2250 2542 2296 τινες
2575 2231 2683 2285 τῶν
2731 2231 2828 2291 τὰς
2865 2229 3076 2289 ἀδικίας
3121 2226 3638 2298 ὑπομεμενηκότων,
3683 2240 3786 2294 μοι

2198 2325 2410 2395 νονουχὶ
2441 2322 2840 2393 κατεθήπεσαν.
2874 2319 2948 2373 Ού
2978 2317 3085 2388 γάρ
3113 2313 3180 2387 ἦν
3209 2334 3293 2380 τις
3315 2317 3410 2385 ⁸ἐπ’
3441 2316 3626 2378 αὑτοῖς
3663 2315 3784 2368 ἐπί-

2199 2417 2393 2482 πληξις
2431 2414 2578 2484 παρά
2621 2410 2755 2464 Θεοῦ
2808 2408 2903 2462 καὶ
2942 2407 3008 2461 τὰ
3045 2407 3103 2472 ἐξ
3140 2406 3337 2476 ὀργῆς,
3375 2404 3486 2457 ἐσθ’
3513 2407 3604 2458 ὅτε
3641 2421 3781 2474 συμ-

2199 2507 2448 2561 ϐαίνοντα
2483 2507 2594 2569 τοῖς
2631 2500 2843 2556 εἰωθόσι
2877 2501 3232 2568 καταφρονεῖν
3254 2512 3269 2528 ·
3305 2492 3443 2567 ἦσαν
3478 2496 3536 2549 δέ
3579 2497 3781 2566 μᾶλλον

2200 2598 2258 2648 ἐν
2300 2594 2564 2664 εὐπαθείᾳ
2596 2594 2688 2644 καὶ
2724 2593 2976 2660 τρυφαῖς.
3028 2588 3170 2658 Πρὸς
3209 2586 3274 2656 δὴ
3325 2586 3392 2638 τὰ
3425 2585 3654 2638 τοιαῦτα
3698 2586 3784 2638 δε-

2201 2689 2628 2760 δυσφορηκότες,
2672 2685 2768 2738 καὶ
2803 2684 2900 2754 τὴν
2945 2681 3274 2751 ἀσύγκριτον
3323 2679 3639 2748 ἡμερότητα
3689 2679 3782 2733 τοῦ

2201 2781 2336 2834 Θεοῦ
2367 2781 2506 2849 τάχα
2547 2795 2646 2830 που
2680 2777 2859 2828 λοιπὸι
2909 2777 2985 2837 εἰς
3023 2774 3147 2826 νοῦν
3181 2773 3323 2841 ἔχειν
3370 2773 3473 2823 οὐκ
3514 2773 3784 2840 ἀνεχόμει

2203 2891 2301 2938 νοι,
2341 2871 2621 2942 μονονουχὶ
2663 2869 2757 2922 καὶ
2788 2865 3272 2936 κατακεκράγασιν
3306 2865 3368 2915 ἐκ
3412 2863 3787 2933 μικροψυχίας

2203 2965 2477 3034 λέγοντες·
2520 2981 2538 3012 ι
2573 2963 2687 3023 Πᾶς
2721 2959 2888 3012 ποιῶν
2928 2956 3184 3028 πονηρὸν,
3215 2953 3379 3008 καλὸν
3424 2953 3660 3006 ἐνώπιον
3692 2955 3790 3006 αὖ.

526 3039 774 3109 Domini;
819 3051 875 3096 et
906 3057 1070 3112 super
1116 3045 1249 3096 adeo
1281 3041 1564 3095 inhoneste
1599 3039 1904 3092 viventibus
1949 3039 2094 3092 laeta-

2203 3055 2315 3122 τοῦ,
2346 3055 2440 3108 καὶ
2469 3056 2526 3106 ἐν
2564 3053 2748 3114 αὐτοῖς
2777 3050 2934 3112 αὐτὸς
2967 3048 3256 3119 ηὑδόκησε,
3285 3064 3305 3096 ι
3339 3045 3608 3107 τουτέστι,
3647 3046 3789 3114 τάχα

525 3143 632 3187 tur.
666 3133 801 3188 Nam
843 3135 887 3190 si
931 3135 1034 3189 hoe
1079 3149 1268 3187 verum
1299 3149 1408 3187 non
1455 3141 1558 3198 est,
1597 3131 1792 3201 inquit,
1828 3149 1846 3182 ι
1883 3129 1983 3185 Ubi
2012 3140 2099 3185 est

525 3225 666 3280 Deus
690 3225 959 3293 iustitia)?
995 3245 1013 3277 ι
1044 3226 1340 3296 Oportebat
1365 3224 1533 3289 enim,
1567 3225 1853 3293 oportebat
1876 3221 2099 3291 iustitia:

523 3318 950 3387 dispensatorem
985 3333 1092 3372 non
1128 3319 1263 3371 adeo
1299 3315 1622 3370 tolerantem
1663 3329 1784 3369 esse
1827 3315 1880 3368 in
1913 3329 2095 3369 sacer-

525 3411 739 3464 dotibus
779 3409 977 3472 avaris,
1023 3418 1079 3464 et
1121 3409 1290 3461 altare
1325 3405 1704 3475 polluentibus,
1734 3414 1789 3458 et
1822 3404 2003 3472 iniqua
2035 3418 2099 3457 ac

525 3501 792 3555 scelerata
831 3510 884 3553 et
915 3499 1014 3568 legi
1046 3497 1340 3569 pugnantia
1371 3498 1712 3551 committere
1745 3511 1955 3549 summo
1983 3506 2099 3548 stu-

524 3595 614 3646 dio
661 3592 1002 3646 conantibus.
1067 3591 1131 3644 Et
1183 3591 1299 3644 htec
1351 3589 1567 3659 quidem
1621 3587 1847 3641 crimina
1902 3586 2099 3640 fuerint

523 3683 920 3753 desperationis
971 3682 1209 3749 ipsorum
1258 3679 1579 3733 incessentis
1630 3679 1860 3731 animos.
1914 3676 2099 3731 Scien-

521 3773 649 3827 dum
703 3784 908 3837 autem,
948 3771 1105 3841 juxta
1140 3773 1475 3840 propositum
1518 3770 1806 3822 verborum
1855 3783 2096 3833 Sensum,

522 3863 744 3918 irritare
771 3863 962 3929 Deum,
994 3863 1086 3932 qui
1125 3864 1260 3916 adeo
1300 3862 1564 3930 imperitis
1593 3862 1816 3915 vocibus
1852 3871 2094 3915 utuntur.

523 3949 718 4010 Fertne
749 3956 891 4008 enim
916 3967 969 4010 et
995 3957 1277 4024 increpare
1301 3964 1545 4008 statuunt
1569 3953 1886 4008 tolerantem
1912 3952 2096 4018 Deum,

521 4050 615 4116 qui
671 4049 970 4104 errantium
1021 4049 1433 4103 conversionem
1487 4047 1874 4117 benignissime
1921 4056 1974 4099 et
2008 4060 2099 4098 eo-

524 4156 641 4195 rum
689 4141 780 4210 qni
823 4142 875 4193 in
927 4151 1207 4210 peceatum
1261 4138 1498 4209 prolapsi
1544 4147 1687 4200 sunt,
1727 4137 1793 4190 ad
1843 4135 2098 4190 salutaria

530 4248 807 4286 recursum
855 4242 1153 4302 exspectat.
1192 4231 1417 4284 Divinus
1457 4231 1637 4296 itaque
1693 4227 1892 4280 Paulus
1938 4242 2100 4294 super

526 4325 864 4392 torpentibus
900 4333 954 4378 et
996 4340 1026 4377 a
1071 4323 1388 4394 ptenitentia
1445 4319 1837 4388 refugientibus
1868 4318 2094 4372 dolens:

529 4435 549 4469 ι
576 4415 713 4470 Num
757 4416 972 4471 divitias
1017 4416 1277 4471 bonitatis
1325 4414 1442 4482 ejus
1475 4423 1526 4464 et
1573 4411 1848 4480 patientiae
1893 4421 1950 4465 et
1988 4411 2104 4463 lou-

525 4508 857 4577 ganimitatis
927 4507 1248 4572 contemnis,
1314 4505 1568 4574 ignorans
1617 4503 1740 4569 quia
1793 4501 2097 4572 benignitas

527 4601 618 4655 Dei
665 4602 732 4654 ad
772 4600 1149 4671 ptenitentiam
1183 4609 1234 4650 te
1268 4593 1457 4648 ducit?
1492 4595 1798 4650 Secundum
1844 4595 2098 4648 duritiam

526 4702 704 4745 autem
748 4701 802 4745 et
853 4691 1198 4760 impmnitens
1237 4703 1333 4743 cor
1379 4699 1565 4751 tuum,
1617 4685 1951 4741 tbesaurizas
2001 4684 2098 4740 tibi

526 4783 626 4850 ipsi
659 4785 794 4834 iram
835 4786 888 4835 in
934 4782 1020 4835 die
1058 4782 1150 4833 ira:
1181 4789 1236 4832 et
1287 4777 1629 4832 revelationis
1665 4777 1869 4844 etjnsti
1906 4776 2100 4847 judicii

527 4873 707 4927 Dei".
743 4892 761 4924 ι
800 4875 983 4940 itaque
1031 4871 1193 4924 etiam
1239 4879 1404 4938 atque
1435 4873 1601 4924 etiam
1644 4871 2096 4939 vehementerque

527 4964 689 5017 Deum
737 4963 1015 5016 ofl'endunt
1046 4963 1310 5040 quiadeo
1357 4961 1764 5040 inanibus’dant
1806 4977 1996 5017 manus
2039 4973 2096 5017 et

522 5054 702 5123 iingua
733 5052 991 5107 effrenata
1027 5037 1558 5120 ipsi'convitiantur,
1596 5037 1652 5106 et
1691 5064 1913 5121 peccato
1947 5063 2093 5110 tene-

524 5147 723 5200 buntur
754 5147 845 5214 qui
887 5143 1062 5198 morbi
1091 5144 1410 5198 occasiones
1441 5143 1571 5212 ipsis
1595 5145 1875 5198 dederunt.

2202 3165 2304 3202 που
2342 3147 2436 3200 καὶ
2477 3144 2679 3214 ἀγαθὸς
2710 3144 2766 3202 ἐν
2808 3140 3106 3210 ὀφθαλμοῖς
3139 3138 3232 3190 τοῦ
3259 3136 3395 3190 Θεοῦ
3429 3139 3457 3190 ὁ
3486 3138 3596 3190 τῶν
3628 3155 3788 3207 πονη·

2203 3238 2312 3309 ρῶν
2339 3237 2604 3308 ἐργάτηςο
2647 3233 2906 3302 ἐφήδεται
2941 3231 2998 3284 δέ
3033 3233 3148 3292 τοῖς
3193 3229 3367 3289 οὕτως
3398 3230 3641 3300 αἰσχρῶς
3669 3231 3789 3282 δια-

2201 3329 2350 3383 ϐιοῦν
2381 3326 2696 3399 ᾑρημένοις.
2741 3325 2804 3378 Εἰ
2833 3324 2941 3394 γὰρ
2985 3321 3058 3393 μὴ
3109 3321 3286 3387 τοῦτο,
3320 3324 3505 3392 φησιν,
3555 3321 3782 3393 ἀληθὲς,

2207 3444 2226 3475 ι
2260 3421 2370 3476 Ποῦ
2420 3421 2566 3473 ἐστιν
2607 3421 2636 3470 ὁ
2677 3416 2808 3479 Θεὸς
2855 3417 2954 3485 τῆς
2995 3412 3376 3483 δικαιοσύνης;
3404 3431 3424 3464 ι
3463 3411 3612 3464 Ἔδει
3652 3414 3784 3483 γὰρ,

2191 3513 2306 3590 ,ἔδει
2325 3513 2422 3582 τῆς
2446 3507 2790 3577 δικαιοσύνης
2815 3507 2906 3559 τὸν
2935 3506 3199 3576 πρύτανιν
3226 3505 3300 3576 μὴ
3323 3503 3574 3558 τοσοῦτον
3611 3503 3789 3568 ἀνεξιο

2201 3605 2438 3674 κακῆσαι
2497 3597 2876 3654 πλεονεκτοῦσι
2939 3599 3274 3667 ίερουργοῖς,
3333 3597 3428 3649 καὶ
3489 3597 3786 3666 καταμιαί-

2201 3709 2350 3746 νουσι
2375 3691 2437 3743 τὸ
2475 3688 2878 3758 θυσιαστήριον,
2911 3687 3072 3740 ἄδικά
3101 3703 3162 3738 τε
3207 3687 3300 3738 καὶ
3345 3688 3536 3739 ἀνόσια
3579 3687 3674 3740 καὶ
3717 3687 3786 3739 τὰ

2201 3782 2306 3849 ἔξω
2365 3781 2531 3852 νόμου
2584 3779 2716 3848 δρᾷν
2763 3778 2846 3830 ὅτι
2899 3776 3134 3847 μάλιστα
3185 3776 3619 3831 διεσπουδακόσι.
3670 3777 3785 3831 Καὶ

2199 3875 2354 3928 ταυτὶ
2385 3874 2484 3943 μὲν
2518 3868 2628 3925 εἷεν
2660 3871 2726 3926 ἂν
2753 3870 2853 3939 τῆς
2883 3868 3266 3939 ὲπισυμϐἁσης
3299 3869 3481 3932 αὐτοῖς
3522 3869 3784 3938 μικροψυο

2201 3966 2324 4035 χίας
2373 3965 2717 4036 ἐγκλήματα.
2768 3961 2964 4015 ’ἰστέον
3001 3960 3058 4014 δὲ
3090 3961 3202 4025 ὅτι,
3237 3961 3380 4014 κατά
3426 3977 3490 4028 γε
3531 3960 3631 4029 τὴν
3673 3959 3782 4012 τῶν

2203 4057 2576 4127 προκειμένων
2600 4053 2851 4124 δύναμιν,
2885 4051 3282 4122 παροτρύνουσι
3313 4051 3401 4104 τὸν
3425 4050 3556 4103 Θεὸν
3586 4051 3636 4102 οἱ
3663 4054 3780 4113 ταῖς

2201 4147 2372 4210 οὕτως
2397 4145 2738 4206 ἀπαιδεύτοις
2762 4143 3090 4213 κεχρημένοι
3111 4145 3333 4212 φωναῖς.
3355 4143 3653 4210 Μονονουχὶ
3674 4143 3781 4211 γὰρ

2203 4240 2297 4293 καὶ
2330 4241 2588 4309 ἐπιτιμᾷν
2629 4236 2932 4304 ἐγνώκασιν
2965 4236 3370 4300 ἀνεξικακοῦντι
3397 4234 3516 4304 Θεῷ
3550 4239 3780 4306 περιμε-

2204 4332 2347 4385 νοντί
2379 4347 2438 4384 τε
2472 4331 2568 4384 καὶ
2604 4329 2750 4399 μάλα
2798 4329 3051 4399 χρηστῶς
3081 4329 3190 4381 τῶν
3223 4327 3654 4396 πεπλανημένων
3685 4327 3778 4396 τὴν

2138 4416 2181 4470 ι)
2211 4419 2566 4490 ἐπιστροφὴν,
2592 4419 2700 4472 τῶν
2725 4420 2802 4484 εἰς
2833 4419 3107 4488 ἁμαρτίαν
3133 4417 3537 4488 ὠλισθηκότων,
3569 4417 3669 4487 τὴν
3703 4419 3776 4478 είς

2207 4512 2274 4567 τὰ
2302 4512 2510 4582 ἀμείνω
2537 4511 2902 4582 μεταδρομήν.
2926 4509 3038 4564 Καὶ
3065 4509 3238 4578 γοῦνὸ
3261 4509 3542 4572 θεσπέσιος
3572 4509 3778 4570 Παῦλος

2203 4606 2317 4665 τοῖς
2338 4601 2554 4656 ὀκνοῦσί
2577 4618 2638 4654 τε
2669 4601 3167 4671 καὶάναδυομένοις
3193 4599 3272 4654 ἔτι
3307 4599 3405 4669 τὴν
3435 4598 3774 4668 μετάγνωσιν

2206 4693 2462 4762 ἐπετίμα,
2491 4691 2664 4759 λέγων
2685 4707 2698 4720 ο
2738 4711 2756 4742 ι
2787 4691 2848 4743 Et
2879 4690 2974 4742 τοῦ
3013 4689 3246 4744 πλούτου
3284 4689 3385 4759 τῆς
3416 4689 3775 4760 χρηστότητος

2204 4782 2370 4838 αὑτοῦ
2391 4783 2486 4836 καὶ
2511 4783 2609 4852 τῆς
2634 4781 2834 4852 ἀνοχῆς
2859 4781 3072 4849 καὶτῆς
3097 4780 3478 4850 μακροθυμίας
3507 4795 3763 4848 καταφρο

2203 4878 2331 4938 νεῖς,
2363 4872 2573 4941 ἀγνοῶν
2602 4873 2685 4926 ὅτι
2716 4873 2777 4926 τὸ
2813 4873 3046 4943 χρηστὸν
3083 4871 3176 4924 τοῦ
3207 4869 3341 4923 Θεοῦ
3373 4873 3450 4932 εἰς
3491 4869 3772 4940 μετάνοιάν

2203 4984 2260 5019 σε
2287 4966 2444 5035 ἄγεις
2475 4965 2616 5020 κατά
2647 4964 2703 5017 δὲ
2730 4964 2828 5036 τὴν
2856 4963 3199 5034 σκληρότητά
3236 4979 3328 5015 σου
3361 4964 3455 5016 καὶ
3479 4961 3782 5032 ἀμετανόη-

2200 5074 2291 5111 τον
2325 5055 2574 5126 καρδίαν,
2623 5055 2970 5124 θησαυρίζεις
3029 5051 3239 5123 σεαυτῷ
3289 5052 3454 5123 ὀργὴν
3493 5053 3550 5104 ἐν
3595 5049 3772 5122 ἡμέρα

2201 5149 2372 5218 ὀργῆς
2403 5148 2497 5200 καὶ
2516 5145 2904 5215 ἀποκαλύψεως
2928 5145 3023 5199 καὶ
3043 5145 3439 5214 δικαιοκρισίας
3461 5142 3554 5196 τοῦ
3572 5141 3725 5194 Θεοῦ.
3747 5158 3762 5188 ι

522 5233 734 5287 Οὐκοῦν
775 5233 1210 5304 προσκρούσωσι
1245 5233 1344 5304 μὲν
1374 5234 1548 5306 πάντη
1580 5236 1675 5287 καὶ
1710 5237 1922 5302 πάντως
1960 5240 2008 5291 οἱ
2035 5243 2154 5304 ταῖς
2193 5239 2336 5292 οὕτω
2361 5238 2599 5310 ψυχραῖς
2635 5229 2935 5308 ἡττώμενοι
2963 5236 3058 5290 καὶ
3094 5236 3346 5306 ἀχάλινον
3392 5222 3485 5287 sui
3521 5231 3644 5303 Θεῷ
3677 5231 3768 5300 τὴν

520 5325 766 5393 γλῶτταν
791 5325 1033 5390 ἀνέντες,
1064 5326 1234 5396 ἔνοχοι
1259 5326 1314 5379 δὲ
1354 5327 1732 5398 πλημμελείας
1763 5325 1872 5384 εἷεν
1909 5331 1974 5384 ἂν
2005 5333 2052 5384 οἱ
2080 5333 2178 5403 τῆς
2211 5331 2524 5404 ἀρρωστίας
2550 5332 2732 5393 αὐτοῖς
2757 5329 2989 5393 διδόντες
3017 5330 3113 5394 τὰς
3149 5329 3421 5399 ἀφορμάς.

551 5489 556 5492 _
599 5415 888 5471 Vivendum
926 5419 1088 5488 igitur
1118 5431 1302 5474 sancte
1332 5427 1385 5474 et
1425 5433 1570 5474 recta
1611 5422 1692 5473 via
1731 5412 2081 5476 incedendum

653 5620 696 5652 ³³
723 5620 948 5678 Malach.
991 5638 1033 5689 ι,
1066 5623 1152 5677 15.
1264 5622 1309 5654 ³⁸
1344 5621 1566 5677 Malaeh.
1616 5637 1674 5688 tt,
1707 5623 1759 5677 9.

1869 5622 1914 5653 ³³
1950 5622 2106 5677 Deut.
2141 5636 2181 5687 ι,
2212 5623 2298 5677 16.

2261 5381 2391 5495 ἑριέ
2426 5381 2619 5493 δὴόἶδζρ
2650 5381 2757 5498 ig.
2799 5381 2989 5492 διάξῄᾷ
3037 5381 3212 5489 ea;
3237 5381 3351 5473 ,ἐυξι
3371 5381 3682 5488 momen
3714 5410 3766 5466 ἐν

2410 5621 2454 5652 ³⁶
2487 5621 2638 5675 Rom.
2679 5637 2742 5687 ιι,
2780 5622 2836 5686 4,
2875 5621 2926 5674 5.
