3934 6318
156 297 267 355 599

1029 297 1577 355 COMMENTARIUS
1617 299 1684 354 IN
1724 297 2125 356 MALACIIIAM
2172 297 2614 355 PROPIIETAM.

3328 297 3430 352 330

172 409 476 483 Ἐκκλησία
528 407 655 475 τοὺς
708 410 1039 476 ἀπολέκτους
1095 414 1411 485 ίερουργοὺς
1458 415 1575 484 ἦτοι
1629 417 1754 478 τοὺς

1882 434 1911 469 ιι
1949 415 2184 470 Ecclesia
2215 414 2399 469 electis
2432 411 2806 467 sacerdotibus
2830 412 2941 467 sive
2973 412 3039 467 ad
3067 414 3431 469 sacerdotium

159 505 536 575 κεκλημένους
567 505 646 567 είς
691 503 1009 575 ἱερωσύνην.
1037 505 1289 558 Ἔσονται
1328 507 1435 576 γὰρ
1476 504 1645 569 οὕτως
1677 508 1754 569 είς

159 595 521 648 ὑποτύπωσιν
556 594 854 664 εὐκοσμίας
892 595 985 647 καὶ
1024 594 1240 665 ἁπάσης
1271 596 1469 665 ἀρετῆς
1511 598 1619 657 τοῖς
1654 596 1757 648 ὑπὸ

160 689 325 757 χεῖρα
369 684 545 749 λαοῖς,
591 683 638 736 οἳ
674 685 767 737 καὶ
820 684 909 737 τὸν
960 685 1068 737 τῶν
1108 685 1245 737 ὅλων
1293 686 1755 756 καταγεραίρουσι

158 778 320 841 Θεὸν,
368 778 465 847 τῆς
516 776 624 830 τῶν
682 776 871 848 ἱερέων
925 777 1199 841 πολιτείας
1250 777 1309 829 τὸ
1356 778 1609 848 λαμπρὸν
1664 777 1758 829 καὶ

160 869 446 941 ἐξαίρετον
494 867 900 937 καταθεώμενοι
935 868 1147 932 κάλλος.
1179 869 1289 921 Καὶ
1337 867 1517 933 τοῦτο,
1564 864 1753 937 οἶμαι,

161 963 285 1016 ἐστὶ
311 962 371 1014 τὸ
399 960 485 1014 διὰ
510 960 611 1029 τῆς
634 959 726 1011 τοῦ
750 958 1001 1031 Σωτῆρος
1030 960 1212 1031 φωνῆς
1238 959 1410 1030 ὀρθῶς
1438 960 1555 1030 είρη
1567 959 1723 1029 μένον
1740 975 1751 988 ·

167 1074 188 1106 ι
221 1054 512 1125 Λαμψάτω
537 1052 598 1105 τὸ
632 1051 745 1121 φῶς
776 1052 930 1123 ὑμῶν
955 1052 1266 1124 ἔμπροσθεν
1296 1052 1406 1103 τῶν
1430 1051 1753 1122 ἀνθρώπων,

162 1149 315 1211 ὅπως
363 1148 515 1199 ἴδωσι
544 1145 612 1198 τὰ
652 1144 792 1198 καλά
821 1144 957 1216 ἔργα
991 1145 1175 1215 ὑμῶν,
1214 1146 1309 1199 καὶ
1350 1144 1617 1209 δοξάσωσι
1665 1144 1757 1198 τὸν

160 1238 390 1308 Πατέρα
436 1236 591 1308 ὑμῶν
647 1236 737 1289 τὸν
780 1238 839 1289 ἐν
882 1240 995 1300 τοῖς
1038 1239 1305 1307 οὐρανοῖς.
1334 1257 1351 1291 ι
1389 1239 1598 1310 Ὥσπερ
1648 1239 1758 1312 γὰρ

160 1329 614 1393 σκανδαλίζονται
651 1327 789 1388 λαοὶ,
825 1327 924 1398 ζῇν
959 1328 1229 1397 ἑλομένων
1261 1328 1503 1393 ἐκτόπως
1536 1329 1644 1382 τῶν
1688 1333 1759 1383 ἱε-

165 1422 336 1493 ρέων·
387 1418 527 1472 οὕτω
560 1418 818 1489 πλείστην
867 1436 925 1470 τε
974 1419 1105 1488 ὅσην
1155 1419 1250 1471 καὶ
1298 1419 1417 1473 λίαν
1468 1420 1756 1491 ἀμφιλαφῆ

164 1512 492 1585 κερδανούσι
519 1511 616 1581 τὴν
642 1510 848 1581 ὄνησιν,
878 1512 925 1563 εί
956 1510 1140 1582 δήπου
1174 1511 1460 1565 θεάσαιντο
1496 1512 1759 1583 πληροῦν-

163 1625 266 1670 τας
314 1606 375 1659 τὸ
427 1604 651 1675 ἀγαθὸν,
682 1602 774 1656 καὶ
824 1601 1012 1674 διαζῇν
1046 1602 1383 1675 ἡγουμένους
1428 1604 1502 1668 ὡς
1544 1604 1759 1662 ἁνδάνει

780 1830 1032 1885 ΚΕΦΑΛ.
1076 1829 1151 1885 Γ.

253 1966 413 2023 Ἰδοὺ
452 1966 567 2040 ἐγὼ
618 1965 935 2022 ἀποστελῶ
983 1966 1245 2037 ἄγγελόν
1286 1984 1426 2035 μου,
1485 1966 1581 2019 καὶ
1633 1966 1762 2019 ἐπι·

170 2059 460 2128 caseum
494 2058 638 2113 ὁδὸν
667 2058 781 2127 πρὸ
816 2058 1140 2127 προσώπου
1158 2076 1298 2128 μου.
1331 2058 1439 2113 Kal
1472 2058 1765 2127 ἐξαίφνης

171 2151 309 2221 ἣξει
342 2154 432 2217 εἰς
478 2150 585 2203 τὸν
620 2150 774 2204 ναὸν
815 2149 1032 2204 ἑαυτοῦ
1077 2151 1318 2217 Κύριος,
1363 2148 1436 2203 ὃν
1468 2150 1637 2220 ὑμεῖς
1668 2148 1764 2219 ζη-

171 2244 348 2309 τεῖτε,
379 2242 479 2297 καὶ
504 2244 536 2296 ό
563 2244 851 2313 Ἀγγελος
883 2240 993 2312 τῆς
1025 2240 1340 2310 διαθήκης,
1374 2241 1447 2296 ὃν
1474 2241 1642 2311 ὑμεῖς
1675 2242 1767 2297 θέ-

170 2338 334 2391 Iste.

244 2427 372 2481 AB’.
416 2424 760 2496 Εύαφόρμως
802 2425 923 2479 λίαν
959 2427 1050 2480 ἐπὶ
1079 2426 1255 2480 τὸτοῦ
1290 2427 1530 2499 Χριστοῦ
1565 2430 1770 2503 μυστή-

177 2534 295 2589 ριον
330 2519 359 2571 6
402 2518 505 2583 τῆς
538 2518 908 2588 προκειμένης
961 2518 1092 2588 ἡμῖν
1141 2519 1479 2589 προφητείας
1531 2537 1771 2591 μεταπε-

178 2610 408 2681 φοίτηκε
441 2610 617 2678 λόγος.
655 2609 853 2677 Γέγονε
887 2609 996 2679 γὰρ
1028 2611 1159 2681 ἡμῖν
1190 2610 1339 2681 παρά
1376 2609 1469 2662 τοῦ
1505 2608 1640 2663 Θεοῦ
1671 2610 1769 2665 καὶ

177 2700 395 2770 Πατρδς
423 2700 451 2753 6
493 2699 842 2771 Ἐμμανουὴλ
879 2718 897 2752 ι
932 2699 1250 2770 δικαιοσύνη
1278 2717 1337 2752 τε
1370 2700 1466 2753 καὶ
1498 2700 1770 2772 ἁγιασμὸς

179 2794 274 2846 καὶ
302 2791 703 2863 ἀπολύτρωσις,
744 2813 763 2845 ι
799 2791 895 2847 καὶ¹
931 2792 1103 2865 ῥύπου
1135 2794 1333 2858 παντὸς
1367 2795 1770 2867 ἀποκάθαρσις,

180 2885 278 2939 καὶ
304 2886 591 2958 ἁμαρτιῶν
618 2885 897 2950 ἀπόθεσις,
935 2887 1029 2939 καὶ
1057 2885 1165 2938 τῶν
1194 2886 1479 2957 αίσχιόνων
1506 2886 1771 2959 ἀποϐολὴ,

182 2977 281 3032 καὶ
309 2979 427 3041 ὁδὸς
458 2980 537 3041 εἰς
560 2979 629 3032 τὰ
658 2980 865 3049 ἀμείνω
890 2980 986 3033 καὶ
1036 2980 1481 3051 πρεπωδέστερα,
1508 2980 1601 3033 καὶ
1631 2979 1773 3050 θύρα

182 3085 268 3132 τις
299 3068 491 3139 ὥσπερ
531 3070 626 3122 καὶ
656 3070 872 3141 εἰσϐολὴ
907 3070 1043 3141 πρὸς
1072 3071 1219 3142 ζωὴν
1252 3069 1490 3137 αἰώνιον,
1530 3073 1680 3128 πᾶσά
1710 3089 1771 3125 τε

1861 507 2082 562 vocalis.
2118 507 2208 561 Sic
2240 506 2383 560 enim
2416 503 2646 559 subditis
2689 503 2935 574 exemplo
2965 514 3124 559 erunt
3172 515 3227 559 et
3261 504 3431 559 forma

1860 599 2163 654 honestatis
2208 598 2491 667 omnisque
2540 597 2779 661 virtutis,
2822 598 2911 667 qui
2960 606 3013 651 et
3058 598 3432 652 universorum

1860 689 1968 742 Deo
2009 688 2372 758 gratulantur,
2423 704 2544 743 cum
2601 687 2810 742 illustre
2858 699 2911 743 et
2953 689 3225 759 singulare
3274 691 3438 745 decus

1861 796 2050 834 eorum
2101 783 2224 836 vita:
2272 779 2733 849 contemplantnr.
2791 783 2853 834 Et
2890 781 2990 835 hoc
3040 792 3145 845 est,
3187 790 3243 835 ut
3285 791 3435 852 puto,

1858 872 1999 939 quod
2032 886 2164 927 voce
2200 872 2498 927 Salvatoris
2543 871 2709 941 probe
2738 870 2943 924 dictum
2979 871 3213 942 legimus
3244 892 3255 927 :
3296 891 3314 924 ι
3349 874 3440 927 Sic

1860 962 2040 1018 luceat
2098 965 2190 1019 lux
2250 972 2427 1019 vestra
2481 979 2663 1017 coram
2720 963 3066 1027 hominibus,
3113 975 3170 1018 ut
3222 963 3441 1019 videant

1858 1070 2022 1125 opera
2048 1069 2226 1111 vestra
2260 1058 2397 1111 bona
2428 1064 2481 1111 et
2507 1056 2811 1123 gloriﬁcent
2838 1054 3056 1111 Patrem
3081 1067 3320 1110 vestrum
3347 1056 3439 1125 qui

1861 1146 1913 1199 in
1943 1148 2100 1201 ccelis
2130 1157 2215 1201 est
2240 1148 2305 1201 ³⁷.
2345 1165 2364 1199 ι
2400 1145 2863 1215 Quemadmodum
2909 1148 3053 1203 enim
3084 1148 3252 1220 849
3283 1164 3442 1203 scan-

1860 1236 2127 1292 dulizatur
2167 1239 2415 1310 populus,
2454 1254 2575 1293 cum
2611 1239 2919 1294 sacerdotes
2951 1255 3141 1309 parum
3184 1240 3445 1295 imtocen—

1863 1335 1946 1382 ter
1985 1329 2205 1395 vivunt,
2245 1330 2317 1384 ita
2367 1329 2792 1386 emolumentum
2842 1333 2996 1402 longe
3046 1333 3340 1386 maximum
3392 1341 3448 1387 et

1861 1420 2096 1490 amplam
2139 1422 2425 1477 utilitatem
2475 1425 2851 1493 consequitur,
2887 1426 2932 1481 si
2976 1424 3233 1480 bonitatis
3271 1424 3447 1479 cilicio

1862 1511 2151 1582 fungentes
2196 1512 2363 1578 videt,
2411 1521 2465 1568 et
2506 1512 2884 1570 existimantes
2937 1514 3009 1569 ita
3055 1512 3343 1568 vivendum
3392 1520 3449 1565 ut

1863 1603 1973 1659 Deo
1998 1604 2192 1675 placet.

2504 1828 2656 1884 CAP.
2719 1830 2802 1884 Ill.

1939 1958 2102 2011 Vens.
2149 1960 2199 2013 I.
2246 1958 2383 2015 Ecce
2413 1978 2505 2032 ego
2531 1964 2678 2017 mitto
2712 1966 2951 2035 angelum
2979 1984 3169 2032 meum,
3204 1980 3251 2023 et
3272 1987 3453 2038 specu-

1866 2048 2066 2102 labitur
2096 2051 2232 2103 viam
2269 2060 2389 2105 ante
2415 2052 2605 2121 facient
2632 2071 2821 2110 meam.
2854 2056 2921 2111 Et
2954 2059 3131 2112 statim
3176 2062 3341 2114 veniet
3382 2063 3452 2114 ad

1868 2142 2121 2210 templum
2163 2160 2316 2197 suum
2354 2143 2634 2212 Dominus,
2673 2164 2825 2217 quem
2865 2166 2954 2204 eos
2984 2153 3247 2221 qua'ritis,
3276 2164 3323 2207 et
3354 2156 3457 2208 An-

1866 2233 2013 2304 gelus
2057 2239 2375 2304 testamenti,
2408 2255 2556 2305 quem
2592 2257 2679 2295 vos
2711 2242 2887 2297 vultis.

1943 2414 2157 2476 XXXII.
2193 2417 2545 2491 Perappnsite
2582 2423 2651 2477 ad
2686 2420 2888 2478 Christi
2940 2425 3257 2496 mysterium
3290 2429 3453 2482 verba

1872 2507 1973 2565 ista
2002 2513 2320 2581 prophetica
2351 2514 2703 2569 transierunt.
2732 2513 2932 2570 Factus
2959 2525 3042 2572 est
3066 2518 3209 2571 enim
3237 2518 3391 2573 nobis
3424 2536 3453 2573 ει

1873 2601 1985 2657 Deo
2020 2611 2075 2657 et
2121 2601 2283 2659 Patre
2347 2604 2665 2659 Emmanuel
2714 2605 2949 2675 iustitia,
2996 2606 3049 2661 et
3097 2609 3457 2665 sanctiﬁcatio

1872 2704 1928 2749 et
1960 2694 2263 2767 redemptio
2287 2697 2353 2729 ³⁷⁸
2372 2737 2388 2760 ,
2419 2707 2475 2752 et
2512 2698 2691 2753 omnis
2718 2698 3076 2755 immunditiae
3103 2703 3415 2759 emuntlatio
3439 2744 3456 2773 ,

1872 2799 2333 2860 peccatorumque
2364 2790 2651 2860 depositio,
2677 2801 2727 2846 et
2753 2792 3163 2849 inhonestormn
3198 2795 3454 2864 abjectto,

1873 2889 1929 2936 et
1973 2880 2041 2935 ad
2090 2881 2313 2937 meliora
2371 2898 2434 2937 ac
2476 2883 2787 2939 decentiora
2833 2887 3078 2953 quaadam
3126 2885 3230 2952 via,
3282 2896 3338 2944 et
3389 2890 3457 2944 ad

1873 2982 2135 3027 aeternam
2193 2973 2360 3027 vitam
2414 2989 2510 3028 ceu
2564 2975 2729 3044 janua
2787 2987 2841 3030 et
2896 2975 3193 3047 ingressus,
3255 2988 3311 3033 et
3362 2996 3458 3049 per

1874 3060 2051 3134 ipsum
2090 3075 2334 3119 correcta
2370 3075 2497 3119 sunt
2527 3068 2731 3132 omnia,
2769 3076 2819 3121 et
2855 3083 3077 3124 eversus
3113 3070 3311 3124 diaboli
3355 3073 3456 3124 do-

181 3164 252 3217 δι⁹
284 3162 453 3215 αύτού
493 3163 715 3232 γέγονεν
746 3164 1139 3236 ἐπανόρθωσις,
1172 3167 1268 3219 καὶ
1298 3165 1612 3232 πλεονεξίας
1644 3166 1773 3218 ἀνα-

1880 3158 2137 3223 minatus,
2168 3167 2223 3210 et
2260 3157 2478 3210 inventa
2517 3158 2754 3227 jusritia.
2785 3158 2992 3224 Quibus
3021 3162 3163 3214 enim
3197 3163 3458 3217 mirabili-

183 3252 384 3322 τροπὴ,
419 3252 512 3305 καὶ
537 3252 883 3325 δικαιοσύνης
910 3253 1148 3325 εὕρεσις.
1182 3256 1289 3307 Καὶ
1314 3254 1365 3307 τί
1395 3256 1501 3326 γὰρ
1521 3256 1641 3325 οὐχὶ
1666 3254 1776 3307 τῶν

183 3344 656 3416 τεθαυμασμένων
703 3346 770 3399 δι’
800 3347 965 3400 αὑτοῦ
1012 3346 1503 3419 πεπλουτήκαμεν;
1559 3367 1577 3399 ι
1644 3348 1775 3401 Ἰδοῦ

183 3436 388 3500 τοίνυν,
426 3438 580 3506 φησι,
630 3437 911 3490 ἀποστελῶ
942 3437 1033 3491 τὸν
1072 3438 1301 3506 ἄγγελόν
1342 3456 1464 3510 μου,
1516 3437 1610 3490 καὶ
1653 3439 1774 3489 ἐπι⁴

182 3528 442 3598 autem
475 3530 594 3583 ὁδὸν
627 3530 733 3602 πρὸ
784 3528 1076 3599 προσώπου
1128 3548 1249 3600 μου.
1299 3549 1317 3581 ι
1370 3531 1553 3583 Ἔοικε
1600 3530 1654 3583 δὲ
1685 3529 1775 3582 διὰ

180 3621 390 3675 τούτων
446 3621 548 3691 τὴν
598 3621 694 3673 τοῦ
746 3621 903 3689 ἁγίου
964 3621 1270 3675 Βαπτιστοῦ
1316 3621 1584 3675 ποιεῖσθαι
1637 3639 1771 3691 προ-

187 3711 555 3785 αναφώνησιν.
597 3715 741 3785 Ἔφη
780 3716 889 3785 γάρ
938 3731 1041 3767 που
1096 3713 1191 3766 καὶ
1233 3713 1395 3776 αὐτὸς
1442 3716 1470 3767 6
1502 3713 1772 3781 Χριστός·

195 3822 212 3854 ι
251 3801 422 3868 Οὗτός
458 3806 573 3859 ἐστι
607 3808 736 3876 περὶ
775 3802 834 3860 οὖ
867 3805 1178 3876 γέγραπται
1202 3823 1215 3837 ο
1259 3824 1277 3857 ι
1330 3806 1460 3859 Ἰδοὺ
1501 3804 1612 3874 ἐγὼ
1642 3806 1776 3858 ἁπο-

193 3894 364 3946 στελῶ
394 3895 485 3947 τὸν
527 3895 759 3964 ἄγγελόν
793 3913 895 3966 μου
932 3896 1038 3967 πρὸ
1064 3894 1355 3966 προσώπου
1384 3913 1500 3959 σου,
1530 3895 1589 3959 ὂς
1618 3912 1776 3948 κατα·

194 3985 451 4039 σκευὰσει
484 3985 584 4056 τὴν
611 3986 727 4039 ὁδόν
762 4004 855 4039 σου
886 3986 1194 4058 ἔμπροσθέν
1228 4004 1345 4040 σου.
1388 4006 1406 4039 ι
1440 3987 1626 4049 Οὕτως
1647 3990 1780 4058 ἡμῖν

190 4077 353 4131 αὐτὸν
402 4078 498 4131 καὶ
543 4081 572 4131 6
623 4078 908 4143 θεσπέσιος
976 4080 1205 4143 Ἡσαΐας
1257 4080 1520 4150 ἐσήμηνε,
1566 4078 1776 4148 λέγων·

194 4189 213 4222 ι
264 4170 424 4242 Φωνὴ
474 4169 705 4241 βοῶντος
751 4174 808 4225 ἐν
859 4174 924 4243 τῇ
982 4173 1212 4243 ἐρήμῳ⁸
1267 4173 1627 4243 Ἑτοιμάσατε
1681 4171 1779 4242 τὴν

191 4261 305 4315 ὁδὸν
347 4263 578 4333 Κυρίου,
624 4262 838 4327 εὐθείας
888 4267 1092 4316 ποιεῖτε
1138 4266 1235 4326 τὰς
1267 4262 1484 4335 τρίϐους
1522 4263 1613 4317 τοῦ
1645 4263 1779 4316 Θεοῦ

190 4354 372 4425 ἡμῶν.
426 4373 445 4406 ι
498 4347 573 4408 Οὗ
619 4355 683 4426 δὴ
731 4355 1038 4424 γεγονότος,
1088 4356 1239 4426 φησί,
1282 4356 1376 4409 καὶ
1422 4356 1557 4427 πρὸς
1608 4355 1780 4426 βραχὺ

187 4444 596 4517 δεδραμηκότος
633 4446 726 4499 τοῦ
756 4447 1038 4515 ἀγγέλλειν
1061 4448 1132 4500 τὰ
1155 4448 1333 4501 τοιάδε
1372 4447 1781 4520 προστεταγμέ-

186 4552 298 4600 νου,
367 4556 387 4588 ι
454 4537 740 4610 Ἐξαίφνης
785 4539 926 4609 ἣξει,
973 4540 1125 4609 φησὶ,
1172 4541 1251 4603 είς
1303 4540 1395 4593 τὸν
1440 4540 1567 4592 ναὸν
1612 4538 1774 4591 αὑτοῦ

186 4628 413 4701 Κύριος,
444 4628 505 4681 ὃν
536 4630 693 4700 ὑμεῖς
723 4630 955 4701 ζητεῖτε,
988 4632 1083 4683 καὶ
1116 4632 1143 4683 6
1178 4632 1407 4700 ἄγγελος
1445 4630 1547 4701 τῆς
1580 4629 1772 4699 διαθήο

185 4736 309 4789 κης,
345 4719 408 4773 δν
439 4720 598 4789 ὑμεῖς
630 4720 865 4773 θέλετε.»
904 4721 1305 4792 Διισχυρίζεται
1334 4721 1389 4774 δὲ
1418 4727 1511 4774 καὶ
1537 4724 1565 4775 6
1593 4721 1771 4789 μακά-

188 4824 301 4879 ριος
370 4808 647 4878 Ἰωάννης,
698 4809 872 4877 λέγων
920 4813 1031 4872 τοῖς
1082 4810 1394 4882 ἐρχομένοις
1443 4811 1536 4863 ἐπὶ
1578 4811 1639 4863 τὸ
1676 4811 1771 4880 τῆς

190 4900 488 4969 μετανοίας
543 4899 863 4970 βάπτισμαο
920 4919 939 4953 ι
1010 4898 1151 4969 Ἐγὼ
1214 4899 1462 4971 βαπτίζω
1520 4900 1664 4970 ὑμᾶς
1725 4902 1783 4954 ἐν

188 4990 344 5045 ὕδατι
365 5006 382 5019 ·
416 4993 593 5045 ὀπίσω
625 5010 726 5063 μου
760 4992 981 5064 ἔρχεται
1014 4994 1174 5065 ἀνὴρ,
1201 4986 1262 5045 οὗ
1292 4994 1390 5046 ούκ
1431 4993 1546 5064 εἰμὶ
1601 4993 1781 5057 ἱκανὸς

188 5081 275 5136 ἱνα
312 5081 499 5146 κύψας
528 5082 675 5137 λύσω
720 5085 808 5137 τὸν
840 5086 1041 5156 ἱμάντα
1071 5087 1165 5139 τοῦ
1201 5087 1547 5157 ὑποδήματος
1580 5086 1780 5140 αὐτοῦ’

190 5174 399 5236 tutuo;
431 5176 577 5245 ὑμᾶς
605 5175 854 5245 βαπτίσει
882 5180 941 5230 ἐν
970 5177 1249 5249 Πνεύματι
1283 5179 1421 5249 ἁγίῳ
1447 5184 1542 5231 καὶ
1566 5177 1718 5248 πυρί.
1753 5196 1789 5229 »ν

192 5264 391 5337 Συνίης
420 5262 535 5330 οὖν,
566 5268 713 5331 ὅπως
744 5269 974 5322 κατόπιν
1003 5269 1163 5333 εὐθὺς
1200 5270 1291 5321 καὶ
1326 5269 1603 5339 μονονουχὶ
1639 5269 1779 5322 κατὰ

198 5358 362 5423 πόδας
388 5359 483 5412 τοῦ
510 5360 973 5429 προαγγέλλοντος
993 5361 1235 5424 ἐϐάδιζεν
1256 5362 1283 5413 6
1308 5361 1560 5431 Χριστὸς,
1590 5362 1780 5414 ἐαυτὸν

203 5451 375 5521 ἀφανῆ
409 5453 674 5516 καθιστὰς
704 5457 817 5518 τοῖς
848 5457 949 5508 ἀνά
994 5458 1173 5508 πᾶσαν
1218 5458 1316 5526 τὴν
1373 5456 1649 5519 Ἰουδαίαν,
1688 5456 1779 5508 καὶ

207 5533 308 5594 οἷον
326 5544 589 5615 ἐξαίφνης
618 5546 709 5597 καὶ
740 5546 1015 5608 ἀδοκήτως
1047 5548 1484 5617 ἐπιφαινόμενος.
1516 5548 1779 5616 Ἀγγελόν

272 5722 312 5754 ³⁷
346 5721 544 5777 .‘Jatth.
580 5736 634 5783 v,
669 5721 752 5774 16.
846 5723 911 5753 ³⁷·
944 5720 1112 5775 ICor.
1140 5739 1178 5788 ι,
1230 5723 1319 5777 50.
1397 5724 1439 5755 ⁸⁸
1472 5722 1659 5781 Matth.
1707 5740 1781 5793 ιι,

617 5814 888 5876 Ριιτιιοι..
927 5814 971 5873 G
986 5834 1043 5875 ιι.
1083 5815 1312 5875 LXXII.

1837 5724 1921 5779 IO.
1996 5725 2037 5755 "
2061 5725 2159 5779 lsa.
2184 5740 2270 5789 ιι..
2305 5727 2357 5785 5.
2386 5742 2401 5781 ι
2432 5724 2625 5783 Matth.
2666 5742 2747 5793 ιιι,
2783 5726 2837 5782 ὅ.

1877 3246 1978 3302 bus
2012 3263 2109 3316 per
2161 3249 2336 3318 ipsum
2380 3249 2693 3316 locupletati
2745 3267 2850 3305 non
2901 3253 3129 3307 smnus?
3164 3255 3253 3307 Ait
3282 3270 3461 3325 ergo:

1882 3357 1901 3391 ‹
1932 3340 2073 3395 Ecce
2106 3354 2205 3409 ego
2238 3341 2445 3393 mittam
2478 3342 2727 3411 angelum
2768 3359 2969 3409 meum,
3004 3355 3058 3399 et
3092 3347 3463 3415 speculabitur

1877 3431 2018 3483 viam
2054 3440 2179 3485 ante
2221 3431 2414 3486 faciem
2455 3449 2653 3487 meum.
2689 3452 2708 3485 ι
2748 3434 2957 3500 Quibus
2994 3439 3176 3491 verbis
3211 3450 3459 3494 sanctum

1878 3521 2174 3592 Baptistam
2227 3525 2441 3580 videtur
2485 3528 2869 3595 praenuntiam.
2927 3526 3060 3582 Nam
3112 3541 3164 3583 et
3214 3531 3464 3586 Christus

1881 3615 1997 3685 ipse
2033 3616 2234 3671 alicubi
2267 3634 2281 3670 :
2324 3635 2342 3668 ι
2379 3617 2477 3672 llic
2514 3627 2595 3672 est
2632 3620 2697 3673 tle
2728 3636 2834 3690 quo
2869 3621 3130 3687 scriptum
3169 3631 3252 3675 est
3281 3636 3296 3676 :
3326 3622 3464 3677 Ecce

1882 3721 1983 3775 ego
2026 3708 2237 3761 mittam
2286 3709 2537 3777 angelum
2576 3723 2754 3761 meum
2806 3720 2932 3763 ante
2964 3710 3158 3764 faciem
3193 3722 3360 3779 tuam,
3406 3725 3466 3765 ut

1880 3809 2145 3868 praeparet
2180 3800 2322 3852 viam
2356 3808 2502 3852 tuam
2536 3810 2661 3854 ante
2691 3811 2743 3854 te
2766 3801 2829 3856 ³⁸.
2859 3819 2877 3852 ι
2912 3799 2990 3856 De
3020 3804 3208 3856 eodem
3248 3805 3463 3859 divinus

1882 3889 2089 3948 Isaias:
2126 3910 2144 3944 ι
2180 3891 2288 3946 Vox
2344 3894 2631 3948 clamantis
2681 3893 2732 3947 in
2789 3894 3005 3948 deserto
3038 3913 3051 3950 :
3084 3894 3279 3951 Parate
3322 3897 3463 3953 viam

1886 3985 2121 4047 Domini,
2166 3995 2342 4039 rectas
2380 3985 2542 4039 facite
2587 3988 2812 4040 semitas
2857 3984 2950 4040 Dei
2986 3987 3157 4041 nostri
3186 3986 3252 4040 “.
3286 4007 3305 4041 ι
3343 3988 3461 4054 Quo

1886 4075 2048 4139 iacto,
2074 4076 2270 4147 inquit,
2298 4088 2493 4130 etcum
2520 4077 2794 4147 paululum
2822 4078 3129 4133 cucurrerit
3151 4080 3240 4148 qui
3266 4082 3331 4131 ad
3362 4082 3463 4133 ista

1885 4170 2182 4223 nuntianda
2221 4171 2547 4224 constitutus
2578 4178 2662 4224 est
2691 4192 2703 4226 :
2742 4188 2760 4220 ι
2796 4171 2989 4224 Statim
3026 4171 3205 4224 veniet
3239 4172 3305 4225 ad
3338 4182 3467 4225 ten:-

1883 4260 2030 4331 plum
2066 4276 2221 4315 suum
2266 4260 2547 4327 Dominus,
2580 4278 2739 4329 quem
2773 4277 2867 4316 vos
2897 4262 3161 4330 quaeritis,
3208 4273 3263 4318 et
3290 4264 3467 4331 Ange-

1885 4352 1967 4408 lus
2004 4356 2337 4419 testamenti,
2373 4369 2534 4423 quem
2581 4370 2675 4409 vos
2707 4355 2889 4408 vultis.
2925 4373 2943 4405 ι
2975 4352 3278 4409 Conﬁrmat
3324 4356 3463 4409 idem

1889 4455 1943 4501 et
1977 4448 2166 4502 beatus
2192 4444 2451 4511 Joannes,
2486 4447 2552 4500 ad
2586 4445 2913 4514 baptismum
2955 4448 3288 4514 paenitentia:
3324 4448 3467 4501 accl-

1886 4539 2141 4608 piendum
2175 4535 2506 4592 conﬂuentes
2536 4538 2614 4591 sic
2650 4538 3022 4607 compellans:
3057 4556 3075 4589 ι
3110 4537 3220 4606 Ego
3248 4538 3463 4607 baptizo

1884 4645 1979 4684 vos
2014 4630 2064 4683 in
2105 4644 2266 4697 aqua,
2324 4639 2439 4697 post
2475 4644 2558 4681 me
2593 4639 2774 4683 autem
2809 4630 2987 4684 veniet
3025 4630 3127 4692 vir,
3162 4628 3313 4696 cujus
3356 4646 3460 4683 non

1883 4733 2002 4773 sum
2039 4717 2234 4786 dignus
2275 4728 2333 4771 ut
2378 4718 2737 4785 procumbens
2783 4719 2989 4771 solvam
3034 4718 3320 4788 corrigiam
3349 4719 3467 4788 ejus

1886 4810 2240 4865 calceamenti
2274 4826 2287 4863 :
2318 4810 2405 4862 ille
2438 4825 2532 4863 vos
2583 4810 2876 4880 baptizabit
2926 4809 2979 4863 in
3028 4810 3235 4878 Spiritu
3275 4819 3464 4862 sancto

1883 4915 1937 4958 et
1964 4903 2073 4972 igni
2096 4900 2160 4956 ι’.
2196 4921 2214 4952 ι
2240 4901 2515 4971 Perspicis
2544 4901 2707 4971 igitur
2760 4902 3033 4970 quomodo
3059 4909 3175 4970 post
3207 4900 3388 4954 statim
3412 4910 3466 4954 et

1885 5005 2094 5050 tantum
2142 5009 2247 5047 non
2281 5007 2310 5047 e
2343 4993 2571 5061 vestigio
2608 4994 2860 5049 Christus
2899 4992 3263 5063 praenuntimn
3306 5006 3465 5046 secu-

1885 5095 1971 5140 tus
2004 5089 2096 5151 sit,
2132 5100 2190 5141 se
2228 5086 2401 5154 ipsum
2453 5087 2713 5139 hactenus
2746 5086 3003 5138 latentem
3038 5084 3238 5136 sistens
3261 5079 3463 5134 Iudaeis

1884 5178 2176 5243 universis,
2209 5175 2375 5248 850
2403 5187 2455 5231 et
2486 5178 2641 5246 quasi
2668 5176 2951 5244 repentino
2987 5188 3051 5226 ac
3077 5173 3141 5226 de
3173 5168 3463 5240 improviso

1888 5286 2177 5339 apparens.
2233 5269 2494 5337 Angelum
2551 5278 2730 5322 autem
2788 5265 3123 5318 nominatmn
3179 5276 3465 5315 sacrosan-

1885 5371 2033 5413 etum
2068 5359 2364 5427 Baptistam
2391 5359 2643 5424 dicimus,
2679 5372 2782 5409 non
2819 5365 3039 5424 propter
3063 5364 3309 5409 naturam
3340 5353 3463 5423 qui-

1887 5454 2030 5516 dem,
2094 5467 2157 5505 ex
2200 5449 2423 5503 muliere
2451 5449 2594 5501 enim
2631 5460 2789 5502 natus
2824 5448 2987 5502 homo
3015 5447 3241 5518 proinde
3271 5456 3328 5498 ut
3360 5458 3459 5498 nos

1890 5544 2019 5607 fuit,
2061 5544 2154 5596 ιρι]
2189 5543 2445 5613 quoniam
2478 5541 2553 5595 illi
2590 5541 2718 5595 talia
2758 5543 2911 5597 nobis
2936 5536 3265 5611 praadicandi
3325 5551 3481 5617 nun-7

2952 5723 2996 5753 “
3034 5720 3221 5774 Matth.
3259 5733 3343 5787 tu,
3385 5722 3469 5779 li.

3032 5812 3093 5873 ll
