3934 6318
511 249 616 303 5'27

1527 237 1584 292 S.
1629 236 1904 292 CYRILLI
1941 236 2408 293 ALEXANDRlNl
2449 234 2756 290 ARCHIEP.

3673 235 3799 298 328

514 377 576 415 eo
601 359 739 431 quod
763 357 940 410 dicitis
971 369 988 407 :
1025 353 1210 410 Omnis
1241 355 1332 426 qui
1369 354 1497 421 facit
1551 353 1774 418 malum,
1810 353 2000 406 bonum
2039 353 2092 405 in

2212 355 2308 405 Ἐν
2328 352 2408 418 τῷ
2435 352 2639 421 ,λέγειν
2666 349 2817 418 ὑμᾶς
2841 367 2853 380 ·
2893 349 3016 414 Πᾶς
3053 348 3238 402 ποιῶν
3274 349 3559 418 πονηρὸν,
3595 357 3802 407 καλὸν

515 459 792 518 conspectu
831 449 1061 512 Domini,
1098 457 1145 501 et
1177 448 1232 501 in
1272 448 1397 518 ipsis
1428 448 1527 518 ipsi
1555 447 1889 516 complacuit,
1929 456 1976 499 et
2009 446 2098 499 ubi

515 555 590 597 est
623 543 757 597 Deus
777 541 1006 610 justitia:
1021 541 1046 592 ?

591 673 782 727 XXXI.
827 673 999 739 Supra
1033 671 1314 736 annotavi,
1357 685 1460 724 non
1493 683 1620 732 uno,
1652 669 1744 722 sed
1776 667 1959 721 multis
1990 650 2102 721 mo-

518 766 602 819 dis
660 764 1038 817 universorum
1096 759 1260 813 Deum
1309 771 1498 815 contra
1544 769 1790 829 posteros
1839 757 1964 812 Levi
2012 775 2104 813 ex-

521 856 835 909 acerbatum
869 869 1009 908 esse.
1039 853 1104 906 Et
1129 854 1469 907 sacerdotum
1504 851 1745 905 imbelles
1777 851 1984 905 animas
2015 867 2104 905 ca-

520 950 750 1015 stigans,
803 948 1023 1001 aiebat:
1063 965 1082 996 ι
1115 946 1178 999 Et
1223 944 1538 999 inferebatis
1568 959 1687 1013 quae
1729 954 1877 1012 rapta
1926 929 2101 1007 erant,

522 1048 577 1092 et
599 1039 812 1103 clauda,
847 1048 899 1092 et
926 1035 1122 1090 debilia
1150 1035 1213 1089 ³³.
1249 1054 1268 1087 ›
1303 1035 1369 1088 Et
1397 1034 1624 1088 addebat
1658 1034 1740 1086 his
1771 1051 1783 1086 :
1819 1051 1837 1084 ‹
1868 1032 1935 1087 Et
1963 1033 2105 1087 acci-

521 1131 754 1200 piebatis
806 1143 1093 1197 personam
1146 1128 1197 1182 in
1254 1126 1458 1196 lege”.
1491 1144 1511 1177 ι
1556 1124 1892 1178 llonorantes
1936 1125 2101 1187 enim,

525 1232 582 1274 ut
622 1221 879 1274 credibile
903 1231 1003 1285 est,
1030 1231 1083 1274 et
1113 1219 1488 1289 intempestive
1513 1225 1818 1271 reverentes
1845 1216 2103 1285 quosdam

523 1330 645 1368 sese
693 1315 1107 1377 convenientes,
1155 1313 1434 1367 tenuiores
1483 1314 1746 1368 scelerate
1781 1313 2104 1367 condemna-

526 1406 677 1468 bant,
733 1414 786 1458 et
821 1406 1140 1473 premebant
1178 1402 1464 1470 quosdam,
1515 1418 1622 1456 non
1675 1419 1740 1458 ex
1793 1403 2106 1472 praescripto

521 1496 655 1563 legis
681 1496 823 1564 justa
847 1495 1157 1563 judicautes
1187 1493 1230 1524 "
1257 1531 1272 1556 ,
1304 1494 1398 1545 sed
1424 1494 1475 1545 in
1508 1501 1714 1561 partem
1748 1491 2103 1562 potentiorem

523 1595 578 1636 et
612 1585 851 1650 iniquam
881 1585 1206 1636 sententiam
1237 1581 1576 1650 profer-entes
1609 1598 1622 1632 :
1658 1590 1749 1634 aut.
1780 1582 1916 1633 forte
1941 1580 2104 1632 etiam

2202 443 2460 499 ἐνώπιον
2491 442 2736 510 Κυρίου,
2773 439 2871 492 καὶ
2905 440 2976 492 ἐν
3015 438 3219 504 αὐτοῖς
3256 440 3439 504 αὐτὸς
3462 442 3794 509 εὐδόκησε.

2202 536 2299 590 καὶ
2337 533 2454 589 ποῦ
2482 534 2653 588 ἔστιν
2679 535 2711 585 o'
2738 531 2882 598 Θεὸς
2907 530 3019 599 τῆς
3057 531 3485 598 δικαιοσύνης-ς

2274 674 2397 726 ΛΑ’.
2439 670 2655 732 Φθὰσας
2685 669 2840 739 ἔφην,
2888 667 2962 730 ὡς
2993 668 3050 720 ού
3083 667 3205 721 καθ’
3240 666 3334 719 ’ένα
3377 667 3600 736 τρόπον,
3646 666 3806 721 κατὰ

2205 764 2432 826 πολλοὺς
2477 761 2534 814 δὲ
2575 759 2870 830 μᾶλλλον,ό
2913 759 3019 812 τῶν
3068 759 3203 812 ὅλων
3250 758 3382 820 Θεὸς
3425 759 3520 811 ἐπὶ
3561 761 3684 824 τοὺς
3724 763 3802 830 ἐξ

2205 859 2434 927 αἵματος
2460 853 2554 907 τοῦ
2597 854 2727 906 Λευὶ
2757 851 3221 922 κατεπικραίνετο.
3267 850 3379 904 Καὶ
3421 853 3541 914 ταῖς
3572 851 3676 904 τῶν
3709 856 3796 905 ia-

2207 947 2454 1022 ρουργῶν
2486 945 2746 1015 ἀθυμίαις
2787 944 3157 1013 ἐπισκήπτων,
3198 941 3431 1010 ἔφασκε·
3475 961 3491 991 ι
3525 943 3638 996 Καὶ
3674 945 3802 996 εἱσ-

2206 1043 2429 1111 εφέρετε
2472 1039 2541 1092 τά
2584 1038 2956 1108 ἁρπάγματα,
2998 1034 3191 1088 καὶτὰ
3229 1035 3407 1105 χωλά,
3446 1037 3541 1089 καὶ
3585 1036 3655 1089 τά
3701 1038 3802 1090 ὲν-

2205 1132 2524 1204 οχλούμενα.
2551 1150 2569 1182 ι
2608 1131 2960 1201 Προσεπῆγεν
2984 1127 3042 1180 δὲ
3064 1127 3312 1189 μτούτοιςο
3357 1147 3372 1177 ι
3405 1128 3513 1180 Καὶ
3543 1127 3801 1196 ἐλαμϐάν-

2206 1242 2326 1279 νετε
2363 1225 2653 1295 πρόσωπον
2693 1223 2750 1274 ὲν
2784 1220 2950 1290 νόμῳ.
2979 1238 2997 1271 ι
3035 1217 3310 1288 Τιμῶντες
3363 1219 3492 1289 γὰρ,
3545 1219 3688 1272 κατά
3726 1219 3802 1272 τὸ

2207 1317 2373 1380 εἰκὸς,
2420 1319 2514 1369 καὶ
2543 1314 2608 1367 δι’
2646 1311 2825 1374 αἰδοῦς
2853 1311 3082 1380 ἀκαίρου
3111 1310 3424 1378 ποιούμενοι
3463 1310 3572 1363 τῶν
3613 1328 3799 1382 προσ-

2210 1409 2395 1461 ιόντων
2435 1405 2607 1470 τινὰς,
2643 1403 2995 1467 κατεδίκαζον
3030 1403 3125 1472 μὲν
3162 1404 3258 1471 οὐχ
3289 1402 3448 1466 ὁσίως
3479 1403 3587 1454 τῶν
3626 1403 3797 1456 ἀσθε-

2209 1499 2502 1570 νεστέρων,
2534 1499 2629 1550 καὶ
2662 1495 2973 1559 πλεονεξίας
2993 1494 3196 1561 ὲπῆγόν
3225 1510 3382 1557 τισιν,
3412 1493 3472 1545 οὐ
3502 1491 3570 1546 τά
3603 1493 3798 1546 δίκαια

2208 1588 2517 1659 κρίνοντες,
2565 1587 2707 1640 κατά
2751 1602 2815 1654 γε
2865 1585 2955 1638 τὸν
2996 1583 3180 1654 νόμον,
3223 1583 3337 1636 ἀλλ’
3383 1583 3652 1653 ἑτεραλκῆ
3691 1584 3795 1636 καὶ

525 1675 842 1746 diripientes
876 1673 1220 1729 hrereditates
1248 1674 1556 1742 neutiquam
1589 1673 1654 1727 ad
1683 1688 1740 1728 se
1773 1673 2099 1725 attinentes:

2212 1680 2384 1732 ἄνισον
2411 1677 2506 1747 τὴν
2539 1677 2718 1746 ψῆφον
2756 1675 3075 1745 ἐκφέροντες
3095 1690 3107 1703 ’
3138 1673 3171 1744 ἢ
3203 1673 3342 1744 τάχα
3373 1691 3476 1726 που
3506 1675 3602 1726 καὶ
3629 1673 3792 1745 διαρ-

525 1771 822 1837 gaudentes
849 1776 1031 1821 autem
1083 1781 1247 1836 super
1284 1764 1442 1820 donis
1470 1773 1523 1818 et
1564 1779 1625 1818 ea
1668 1763 2014 1832 accipientes,
2046 1769 2102 1814 et

525 1858 814 1911 sacerdmii
864 1855 1164 1911 honoribus
1195 1856 1503 1921 abutentes,
1536 1866 1590 1908 et
1628 1869 1790 1922 supra
1833 1850 2102 1921 subjectos

525 1959 583 1998 se
613 1944 918 2000 etl'erentes.
954 1945 1109 1998 Hunc
1154 1947 1204 1997 in
1238 1945 1455 1998 modum
1488 1945 1653 1996 vitam
1684 1944 1936 2012 degentes
1969 1941 2101 1995 adeo

527 2034 781 2088 infamem
829 2042 882 2088 et
923 2034 1132 2104 legibus
1166 2032 1631 2098 adversissitnatn,
1663 2031 1833 2102 848
1859 2031 2101 2084 videntes

529 2127 748 2195 quidam
801 2125 1056 2196 injuriatn
1096 2125 1262 2194 passi,
1299 2135 1502 2178 tantum
1551 2137 1654 2177 non
1687 2122 1900 2176 attoniti
1943 2122 2104 2175 mira-

527 2217 751 2270 bantur.
796 2215 906 2271 Nec
965 2217 1112 2270 enim
1167 2216 1706 2284 reprehendebantur
1755 2229 1786 2267 a
1843 2215 1973 2278 Deo,
2005 2226 2104 2266 nec

527 2297 925 2377 puniebantur,
987 2319 1044 2362 ut
1092 2308 1270 2362 solent
1321 2307 1611 2377 aliquando
1664 2315 2099 2374 contemptores;

528 2401 655 2468 quin
708 2402 882 2469 potius
931 2402 1090 2455 rebus
1137 2402 1391 2456 secundis
1434 2402 1742 2464 utebantur,
1768 2411 1821 2453 et
1857 2399 2104 2452 vivebant

526 2487 650 2544 "cum
697 2492 986 2562 voluptate.
1036 2493 1240 2547 ideirco
1284 2507 1426 2561 aegre
1457 2491 1712 2556 ferentes,
1761 2491 2104 2545 immensam—

529 2596 632 2651 que
659 2583 751 2636 Dei
792 2584 1181 2653 benignitatem
1215 2582 1354 2636 forte
1386 2583 1625 2652 amplius
1651 2583 1888 2649 cogitare
1923 2580 2106 2634 nolen-

533 2685 634 2739 tes,
665 2679 1049 2742 propemodum
1075 2675 1238 2729 etiam
1263 2689 1331 2727 ex
1357 2675 1738 2742 desperatione
1764 2671 2103 2726 clamabant:

537 2784 554 2816 ι
584 2765 774 2819 Omnis
799 2768 890 2834 qui
924 2768 1057 2822 facit
1086 2771 1314 2834 malum,
1350 2767 1550 2820 bonum
1596 2764 1648 2817 in
1679 2771 1970 2830 conspectu
2000 2761 2106 2816 D0-

532 2859 690 2923 mini,
720 2867 774 2912 et
807 2859 861 2912 in
895 2860 1024 2927 ipsis
1049 2860 1149 2927 ipsi
1181 2858 1540 2928 complacuit;
1575 2876 1594 2908 ι
1621 2857 1720 2910 hoc
1743 2865 1845 2920 est,
1882 2855 2104 2909 forsitan

530 2959 586 3006 et
637 2960 975 3018 perpetrator
1033 2952 1298 3006 malorum
1346 2951 1521 3004 bonus
1582 2957 1667 3001 est
1716 2947 1770 2999 in
1816 2956 2105 3012 conspectu

2201 1770 2467 1833 πάζοντες
2497 1768 2622 1831 τοὺς
2665 1767 2961 1837 οὐδαμόθεν
3003 1766 3184 1828 αὐτοῖς
3220 1767 3596 1836 προσήκοντας
3655 1765 3791 1835 κλή-

2205 1877 2365 1932 ρους·
2405 1859 2725 1928 ὲιρηδόμενοι
2771 1857 2826 1910 δὲ
2857 1857 2952 1910 καὶ
2990 1855 3367 1926 δωροδοκίαις,
3404 1857 3497 1908 καὶ
3530 1858 3652 1918 ταῖς
3689 1856 3790 1924 τῆς

2206 1958 2503 2031 ἱερωσύνης
2528 1960 2711 2028 τιμαῖς
2735 1953 3222 2025 κατακεχρημένοι,
3247 1951 3340 2006 καὶ
3363 1951 3468 2004 τῶν
3493 1951 3600 2003 ὑπὸ
3628 1954 3793 2021 χεῖρα.

2203 2051 2680 2122 κατεπαιρόμενοι.
2723 2047 2938 2116 Ταύτην
2967 2045 3178 2115 ἔχοντες
3206 2042 3299 2096 τοῦ
3350 2042 3462 2111 βίου
3497 2041 3596 2111 τὴν
3640 2043 3792 2109 ἀγω-

2204 2142 2307 2212 γὴν
2348 2139 2444 2210 τὴν
2483 2137 2626 2190 οὕτω
2662 2135 2894 2190 δυσκλεᾶ
2923 2134 3016 2187 καὶ
3057 2132 3473 2203 ἐκνομωτάτην,
3506 2129 3791 2185 καταθεώ-

2209 2231 2356 2302 μενοί
2408 2246 2549 2292 τινες
2583 2228 2691 2281 τῶν
2739 2227 2835 2287 τάς
2873 2225 3083 2286 ἀδικίας
3129 2221 3644 2294 ὑπομεμενηκότων,
3689 2236 3793 2291 μο-

2206 2322 2418 2392 νονουχὶ
2449 2318 2849 2389 κατεθήπεσαν.
2882 2315 2956 2369 Οὐ
2986 2313 3092 2384 γὰρ
3121 2308 3187 2383 ἦν
3217 2330 3300 2374 τις
3322 2313 3418 2380 ⁵ἐπ’
3448 2311 3633 2374 αὐτοῖς
3669 2311 3791 2362 ὲπί-

2206 2413 2401 2480 πληξις
2439 2410 2587 2479 παρά
2629 2406 2764 2460 Θεοῦ
2817 2405 2911 2459 καὶ
2950 2403 3016 2456 τὰ
3053 2403 3110 2468 ἐξ
3147 2401 3345 2472 ὀργῆς,
3382 2400 3494 2454 ἐσθ’
3521 2402 3611 2453 ὅτε
3647 2417 3789 2469 συμ-

2207 2503 2456 2558 ϐαίνοντα
2492 2504 2602 2565 τοῖς
2639 2497 2851 2552 εἰωθόσι
2886 2496 3240 2564 καταφρονεῖν
3262 2508 3276 2524 ·
3313 2487 3451 2562 ἦσαν
3486 2492 3542 2544 δὲ
3585 2491 3790 2561 μᾶλλον

2209 2595 2265 2645 ὲν
2309 2591 2573 2660 εὐπαθείᾳ
2605 2589 2697 2640 καὶ
2732 2589 2984 2656 τρυφαῖς.
3036 2583 3178 2654 Πρὸς
3217 2582 3281 2652 δὴ
3334 2581 3400 2634 τά
3434 2581 3658 2634 τοιαῦτα
3705 2581 3793 2633 δε-

2209 2686 2636 2756 δυσιρορηκότες,
2681 2681 2777 2734 καὶ
2812 2681 2908 2750 τὴν
2953 2677 3282 2747 ἀσύγκριτον
3331 2674 3644 2745 ἡμερότητα
3696 2675 3791 2728 τοῦ

2209 2778 2346 2830 Θεοῦ
2376 2778 2515 2846 τάχα
2555 2791 2655 2826 που
2689 2773 2867 2825 λοιπὸν
2918 2773 2993 2833 εἰς
3032 2770 3155 2822 νοῦν
3189 2768 3331 2837 ἔχειν
3378 2769 3480 2819 οὐκ
3521 2761 3793 2836 ἀνεχόμεὲ

2211 2887 2310 2933 νοι,
2350 2867 2630 2937 μονονουχὶ
2673 2865 2766 2917 καὶ
2796 2861 3279 2932 κατακεκράγασιν
3314 2861 3376 2911 ὲκ
3421 2858 3798 2929 μικροψυχίας

2211 2960 2486 3028 λέγοντες·
2529 2977 2547 3008 ι
2583 2958 2696 3018 Πᾶς
2730 2955 2897 3008 ποιῶν
2937 2952 3192 3024 πονηρὸν,
3225 2949 3388 3004 καλὸν
3432 2948 3664 3002 ἐνώπιον
3699 2950 3802 3000 αὐ.

534 3038 784 3107 Domini;
828 3049 884 3095 et
915 3055 1079 3111 super
1125 3043 1259 3093 adeo
1289 3039 1573 3093 inhoneste
1607 3034 1913 3088 viventibus
1957 3035 2103 3087 heta—

2212 3050 2324 3117 τοῦ,
2355 3050 2449 3102 καὶ
2477 3051 2535 3101 ὲν
2573 3048 2756 3109 αὐτοῖς
2786 3046 2945 3108 αὐτὸς
2976 3044 3264 3116 ηύδὸκησε,
3295 3059 3313 3093 ι
3349 3041 3612 3102 τουτέστι,
3650 3041 3802 3110 τάχα

535 3142 641 3186 tur.
675 3132 810 3186 Nam
852 3135 896 3188 si
940 3133 1043 3187 hoc
1089 3146 1276 3184 verum
1309 3145 1417 3184 non
1464 3137 1567 3193 est,
1606 3127 1801 3196 inquit,
1837 3145 1855 3178 ι
1890 3125 1992 3180 Ubi
2021 3135 2108 3181 est

535 3224 675 3278 Deus
700 3223 969 3291 juStitize?
1004 3243 1022 3274 ι
1053 3223 1349 3292 Oportebat
1374 3220 1542 3283 enim,
1575 3219 1862 3288 oportebat
1885 3215 2108 3286 justitia:

533 3317 959 3385 dispensatorem
995 3330 1101 3369 non
1138 3315 1272 3367 adeo
1309 3311 1632 3366 tolerantem
1672 3324 1794 3364 esse
1837 3310 1890 3363 in
1922 3323 2105 3364 sacer-

534 3409 749 3461 dotibus
789 3407 987 3469 avaris,
1033 3415 1089 3460 et
1130 3405 1300 3458 altare
1334 3401 1714 3472 polluentibus,
1745 3409 1800 3454 et
1832 3399 2013 3468 iniqua
2045 3413 2109 3452 ac

536 3499 802 3554 scelerata
841 3507 894 3551 et
925 3496 1024 3565 legi
1056 3493 1350 3566 pugnantia
1382 3493 1724 3548 committere
1755 3506 1966 3545 summo
1994 3501 2109 3543 stu-

535 3593 624 3644 dio
671 3589 1013 3644 conantibus.
1077 3588 1142 3641 Et
1193 3587 1310 3641 haec
1362 3585 1579 3656 quidem
1633 3584 1858 3638 crimina
1913 3581 2110 3635 fuerint

534 3681 930 3752 desperationis
981 3679 1221 3747 ipsorum
1270 3675 1590 3730 inccssentis
1641 3675 1872 3728 animos.
1926 3672 2110 3727 Scien-

533 3772 660 3826 dum
715 3781 919 3836 aulem,
960 3769 1117 3840 juxta
1151 3771 1487 3838 propositum
1529 3767 1818 3820 verborum
1867 3779 2106 3829 sensum,

533 3862 756 3916 irritare
783 3862 974 3928 Deum,
1006 3861 1098 3931 qui
1136 3861 1272 3914 adeo
1311 3859 1576 3928 imperitis
1605 3859 1828 3912 vocibus
1864 3867 2106 3910 utuntur.

533 3945 729 4008 Fertne
759 3955 903 4006 enim
927 3966 980 4009 et
1007 3956 1290 4022 increpare
1313 3961 1558 4006 statuunt
1582 3949 1898 4004 tolerantem
1924 3949 2107 4012 Deum,

533 4049 627 4116 qui
683 4049 982 4103 errantium
1033 4047 1446 4102 conversionem
1499 4043 1887 4112 benignissime
1933 4052 1986 4094 et
2019 4055 2111 4094 co-

535 4155 653 4194 rum
702 4140 792 4208 qui
835 4141 888 4192 in
940 4148 1220 4208 peccatum
1273 4134 1510 4204 prolapsi
1556 4142 1700 4196 sunt,
1739 4133 1806 4185 ad
1855 4131 2110 4185 salutaria

541 4246 818 4284 recursum
866 4236 1166 4296 exspectat.
1204 4226 1429 4278 Divinus
1469 4225 1649 4290 itaque
1705 4221 1904 4274 Paulus
1950 4237 2111 4289 super

539 4320 876 4388 torpentibus
913 4327 966 4372 et
1008 4334 1038 4372 ιι
1083 4317 1400 4387 poenitentia
1457 4313 1849 4383 refugientibus
1880 4313 2106 4367 dolens:

542 4432 561 4465 ι
588 4411 725 4465 Num
769 4410 985 4464 divitias
1030 4409 1289 4465 bonitatis
1338 4407 1454 4475 ejus
1487 4417 1538 4460 et
1585 4405 1859 4474 patientiae
1905 4416 1962 4460 et
1999 4405 2115 4458 lon-

537 4502 870 4573 ganimitatis
940 4499 1260 4566 contemnis,
1325 4499 1580 4568 ignorans
1629 4497 1753 4574 quia
1805 4496 2109 4566 benignitas

540 4597 631 4650 Dei
677 4597 745 4649 ad
785 4594 1161 4665 pcenitentiam
1196 4603 1246 4646 te
1280 4589 1468 4645 ducit?
1503 4590 1810 4646 Secundum
1857 4590 2110 4643 duritiam

538 4698 717 4741 autem
761 4696 816 4740 et
865 4686 1210 4754 impoenitens
1249 4701 1344 4740 cor
1390 4696 1577 4747 tuum,
1629 4680 1964 4736 thesaurizas
2014 4678 2110 4734 tibi

538 4778 638 4847 ipsi
672 4780 806 4830 iram
847 4781 901 4830 in
947 4777 1033 4831 die
1070 4777 1162 4830 irte
1194 4786 1248 4830 et
1299 4773 1642 4830 revelationis
1677 4771 1882 4839 etjusti
1919 4771 2112 4841 judicii

539 4869 720 4923 Dei".
756 4887 774 4919 ι
813 4869 996 4936 itaque
1043 4868 1206 4922 etiam
1252 4877 1417 4934 atque
1447 4869 1614 4920 etiam
1657 4866 2108 4934 vehementerque

540 4959 702 5013 Deum
749 4959 1028 5012 offendunt
1059 4960 1152 5027 qui
1187 4960 1322 5012 adeo
1369 4956 1777 5027 inanibus‘dant
1819 4971 2009 5011 manus
2052 4967 2108 5012 et.

535 5050 715 5119 lingua
746 5048 1005 5104 effrenata
1040 5035 1572 5118 ipsiiconvitiantur,
1609 5025 1665 5100 et
1704 5058 1926 5115 peccato
1960 5057 2106 5104 tene-

537 5143 736 5196 buntur
767 5145 858 5212 qui
899 5141 1075 5196 morbi
1104 5139 1424 5194 occasiones
1455 5138 1585 5206 ipsis
1609 5139 1888 5192 dederunt.

2211 3159 2313 3196 που
2351 3142 2446 3194 xui.
2486 3140 2689 3208 ἀγαθὸς
2719 3140 2776 3200 ὲν
2817 3136 3115 3206 ὀφθαλμοῖς
3149 3135 3240 3188 τοῦ
3269 3132 3404 3187 Θεοῦ
3437 3134 3466 3185 ὁ
3493 3133 3602 3186 τῶν
3633 3150 3801 3203 πονη-

2213 3232 2321 3305 ρῶν
2347 3232 2613 3302 ὲργάτης’
2657 3228 2914 3297 ὲφήδεται
2951 3227 3008 3280 δὲ
3043 3229 3156 3289 τοῖς
3202 3225 3376 3286 οὕτως
3406 3225 3647 3296 αἰσχρῶς
3675 3225 3802 3277 δια-

2210 3324 2359 3378 ϐιοῦν
2390 3320 2706 3394 ᾑρημένοις.
2750 3320 2813 3372 Εἰ
2843 3320 2950 3388 γὰρ
2994 3317 3066 3388 μὴ
3117 3317 3295 3384 τοῦτο,
3330 3320 3514 3388 φησιν,
3563 3315 3795 3388 ἀληθὲς.

2217 3440 2236 3470 ι
2270 3415 2380 3470 Ποῦ
2429 3415 2575 3468 ἔστιν
2616 3413 2645 3464 ὁ
2686 3409 2818 3472 Θεὸς
2864 3411 2963 3480 τῆς
3003 3408 3385 3478 δικαιοσύνης;
3413 3427 3433 3460 ο
3473 3407 3620 3460 Ἔδει
3661 3408 3798 3477 γὰρ,

2201 3509 2316 3584 ἔδει
2335 3507 2431 3577 τῆς
2455 3500 2800 3570 δικαιοσύνης
2824 3499 2915 3552 τὸν
2945 3500 3208 3570 πρύτανιν
3235 3501 3309 3572 μὴ
3333 3499 3583 3553 τοσοῦτον
3621 3498 3802 3563 ἀνεξι.

2211 3599 2448 3669 κακῆσαι
2507 3591 2886 3648 πλεονεκτοῦσι
2949 3592 3283 3661 ίερουργοῖς,
3342 3591 3438 3644 καὶ
3499 3592 3801 3660 καταμιαί-

2211 3703 2360 3740 νουσι
2386 3685 2448 3738 τὸ
2486 3682 2888 3752 θυσιαστήριον,
2921 3680 3081 3734 ἄδικά
3110 3697 3170 3732 τε
3215 3681 3308 3732 καὶ
3353 3682 3549 3734 ἀνόσια
3591 3681 3685 3734 καὶ
3729 3681 3801 3734 τά

2213 3777 2317 3844 ἔξω
2377 3776 2542 3846 νόμου
2595 3773 2727 3843 δρᾷν
2774 3773 2856 3824 ὅτι
2909 3769 3144 3840 μάλιστα
3194 3769 3630 3826 διεσπουδακόσι.
3681 3773 3800 3826 Καὶ

2211 3870 2365 3924 cauti.
2397 3869 2496 3938 μὲν
2530 3862 2639 3919 εἶεν
2671 3865 2736 3919 ἂν
2763 3863 2864 3932 τῆς
2894 3861 3276 3932 ἐπισυμϐάσης
3309 3862 3492 3926 αὐτοῖς
3533 3863 3800 3933 μικροψυ-

2212 3962 2336 4030 χίας
2384 3959 2728 4029 ἐγκλήματα.
2779 3954 2975 4008 Ἱστέου
3012 3954 3069 4006 δὲ
3101 3953 3212 4018 ὅτι,
3249 3953 3390 4006 κατά
3437 3970 3500 4021 γε
3541 3954 3642 4023 τὴν
3684 3954 3797 4006 τῶν

2214 4051 2587 4122 προκειμένων
2612 4047 2862 4116 δύναμιν,
2897 4044 3293 4115 παροτρύνουσι
3325 4043 3412 4097 τὸν
3436 4043 3568 4096 Θεὸν
3597 4046 3646 4096 οἰ
3675 4048 3796 4108 ταῖς

2212 4143 2383 4204 οὕτως
2408 4138 2750 4199 ἀπαιδεύτοις
2773 4135 3102 4206 κεχρημένοι
3123 4138 3345 4204 φωναῖς.
3367 4136 3664 4203 Μονονουχὶ
3685 4136 3796 4204 γὰρ

2215 4235 2308 4288 καὶ
2342 4234 2599 4302 ἐπιτιμᾷν
2641 4229 2943 4297 ἐγνώκασιν
2976 4229 3384 4292 ἀνεξικακοῦντι
3411 4227 3527 4296 Θεῷ
3561 4233 3797 4298 περιμέ-

2216 4326 2358 4379 νοντί
2391 4341 2450 4378 τε
2483 4325 2580 4378 καὶ
2616 4323 2761 4393 μάλα
2809 4322 3062 4392 χρηστῶς
3092 4321 3202 4374 τῶν
3235 4319 3664 4389 πεπλανημένων
3695 4319 3792 4388 τὴν

2151 4411 2193 4464 D
2222 4413 2578 4484 ἐπιστροφὴν,
2604 4413 2712 4466 τῶν
2736 4413 2814 4476 εἰς
2845 4411 3118 4482 ἁμαρτίαν
3146 4410 3548 4480 ὠλισθηκότων,
3581 4409 3680 4479 τὴν
3715 4411 3792 4472 είς

2218 4507 2286 4560 τὰ
2313 4507 2522 4577 ἀμείνω
2550 4504 2913 4575 μεταδρομήν.
2937 4503 3050 4557 Καὶ
3077 4502 3250 4571 γοῦνὸ
3273 4502 3552 4564 θεσπέσιος
3583 4501 3792 4564 Παῦλος

2216 4601 2328 4660 τοῖς
2350 4596 2566 4651 ὀκνοῦσί
2590 4612 2650 4648 τε
2681 4593 3179 4663 καίἀναδυομένοις
3206 4591 3284 4646 ἔτι
3319 4592 3416 4661 τὴν
3448 4590 3790 4660 μετάγνωσιν

2218 4687 2475 4756 ἐπετίμα,
2503 4685 2676 4753 λέγων
2697 4701 2710 4714 '
2750 4704 2769 4736 ι
2800 4685 2861 4736 Ei
2892 4683 2986 4736 τοῦ
3026 4682 3256 4737 πλούτου
3296 4681 3396 4750 τῆς
3428 4681 3790 4752 χρηστότητος

2217 4776 2382 4832 αὐτοῦ
2403 4777 2498 4830 καὶ
2523 4777 2622 4846 τῆς
2646 4775 2847 4845 ἀνοχῆς
2873 4775 2964 4827 καὶ
2985 4773 3084 4842 τῆς
3109 4772 3490 4843 μακροθυμίας
3518 4788 3780 4842 καταφρορ

2215 4871 2344 4932 νεῖς,
2376 4866 2586 4936 ἀγνοῶν
2615 4867 2698 4920 ὅτι
2729 4866 2790 4919 τὸ
2826 4864 3059 4935 χρηστὸν
3096 4863 3188 4917 τοῦ
3219 4861 3352 4916 Θεοῦ
3384 4865 3464 4924 εἰς
3503 4862 3789 4932 μετάνοιάν

2216 4978 2273 5013 σε
2301 4960 2457 5029 ἄγεις
2488 4959 2630 5013 κατά
2660 4957 2717 5010 δὲ
2744 4956 2842 5028 τὴν
2869 4955 3212 5026 σκληρότητὰ
3248 4971 3340 5007 σου
3374 4956 3468 5008 acati.
3492 4953 3798 5025 ἀμετανόη-

2213 5068 2304 5104 τον
2339 5050 2586 5120 καρδίαν,
2636 5047 2983 5118 θησαυρίζεις
3041 5043 3251 5115 σεαυτῷ
3300 5045 3467 5114 ὀργὴν
3505 5046 3562 5097 ὲν
3606 5042 3790 5112 ἡμέρᾳ

2215 5143 2385 5213 ὀργῆς
2416 5142 2510 5193 καὶ
2529 5138 2918 5207 ἀποκαλύψεως
2942 5136 3037 5191 καὶ
3057 5136 3451 5206 δικαιοκρισίας
3474 5135 3566 5188 τοῦ
3583 5133 3741 5186 Θεοῦ.
3765 5152 3782 5183 ν

535 5230 747 5283 Οὐκοῦν
789 5231 1224 5302 προσκρούσωσι
1259 5228 1358 5299 μὲν
1388 5228 1562 5299 πάντη
1594 5230 1688 5281 καὶ
1723 5230 1936 5295 πάντως
1973 5233 2022 5285 οἱ
2049 5236 2167 5297 ταῖς
2206 5233 2349 5286 οὕτω
2374 5232 2611 5303 ψυχραῖς
2647 5221 2949 5301 ἡττώμενοι
2977 5228 3072 5281 καὶ
3108 5227 3359 5298 ἀχάλινον
3405 5214 3498 5279 sui.
3533 5223 3656 5294 Θεῷ
3690 5225 3786 5294 τὴν

533 5322 779 5390 γλῶτταν
805 5324 1046 5386 ἀνέντες,
1078 5323 1248 5391 ἔνοχοι
1273 5321 1328 5373 δὲ
1369 5321 1745 5392 πλημμελείας
1777 5319 1885 5376 εἷεν
1922 5324 1986 5378 ἂν
2018 5327 2065 5378 οἰ
2094 5327 2191 5396 τῆς
2224 5325 2536 5398 ἀρρωστίας
2564 5325 2745 5386 αὐτοῖς
2771 5322 3002 5384 διδόντες
3031 5321 3127 5385 τὰς
3164 5320 3435 5391 ἀφορμάς.

565 5407 570 5490 ξ
612 5411 902 5466 Vivendum
941 5416 1102 5484 igitur
1133 5425 1317 5469 sancte
1346 5421 1401 5468 et
1439 5427 1584 5467 recta
1625 5416 1706 5467 via
1744 5406 2094 5470 incedendum

667 5617 710 5648 ³⁸
737 5615 964 5673 Malach.
1006 5633 1048 5684 ι,
1081 5617 1166 5672 13.
1279 5616 1323 5648 ³⁵
1358 5615 1580 5670 Malach.
1630 5631 1688 5682 ιι,
1721 5617 1773 5671 9.

1883 5616 1927 5647 ³³
1963 5616 2119 5671 Deut.
2155 5631 2194 5682 ι,
2225 5617 2311 5671 16.

2274 5371 3004 5489 35.1egisaggsggi;
3044 5371 3226 5481 Qui;
3252 5371 3694 5480 ,ἐοὶιὶρθοποὲειν
3729 5402 3782 5458 ὲν

2423 5615 2467 5646 ³⁶
2500 5615 2651 5668 Rom.
2693 5630 2756 5680 n,
2795 5615 2852 5680 4,
2890 5613 2940 5668 5.
