3934 6318
143 340 251 397 52‘)

1015 336 1563 394 COMMENTARIUS
1602 337 1670 392 IN
1709 334 2110 394 MALACHIAM
2157 333 2599 392 PROPHETAM.

3312 331 3415 386 37.0

157 450 460 525 Ἐκκλησία
513 448 640 516 τοὺς
693 451 1024 516 ἀπολέκτους
1081 453 1397 524 ίερουργοὺς
1444 453 1562 523 ιἦτοι
1615 455 1777 516 τοὺς,

1870 471 1897 506 ιι
1934 451 2169 506 Ecclesia
2200 451 2385 505 electis
2417 445 2791 504 sacerdotibus
2815 447 2926 502 sive
2958 447 3024 502 ad
3052 448 3417 504 sacerdotium

147 547 522 616 κεκλημένους
552 545 633 607 είς
676 543 996 615 ἱερωσύνην.
1023 545 1274 597 Ἔσονται
1314 545 1421 615 γὰρ
1462 542 1631 608 οὕτως
1663 545 1740 606 εἰς

148 636 508 690 ὑποτύπωσιν
540 634 841 705 εὐκοσμίας
878 634 970 687 καὶ
1009 634 1227 704 ἁπάσης
1257 634 1455 704 ἀρετῆς
1497 635 1606 696 τοῖς
1639 633 1742 686 ὐπὸ

149 730 310 799 χεῖρα
353 725 530 790 λαοῖς,
577 724 625 778 οἳ
661 725 754 777 καὶ
805 724 896 777 τὸν
946 725 1054 777 τῶν
1095 724 1232 777 ὅλων
1279 724 1741 795 καταγεραίρουσι

148 821 305 882 Θεὸν,
352 820 451 889 τῆς
502 817 611 872 τῶν
668 817 858 889 ἱερέων
911 816 1186 880 πολιτείας
1236 816 1296 868 τὸ
1342 816 1596 887 λαμπρὸν
1649 814 1745 867 καὶ

149 912 433 982 ἐξαίρετον
481 908 886 977 καταθεώμενοι
921 907 1134 970 κάλλος.
1164 909 1276 962 Καὶ
1323 906 1504 972 τοῦτο,
1550 901 1740 975 οἶμαι,

150 1005 270 1058 ἐστὶ
295 1003 356 1056 τὺ
384 1001 472 1056 διὰ
497 1001 597 1070 τῆς
621 999 713 1052 τοῦ
736 999 988 1071 Σωτῆρος
1017 999 1199 1071 φωνῆς
1224 998 1397 1070 ὀρθῶς
1424 997 1709 1069 εἰρημένον
1726 1012 1738 1026 ⁸

155 1115 175 1148 s
207 1095 500 1166 Λαμψάτω
524 1093 585 1146 τὺ
618 1091 732 1162 φῶς
763 1092 917 1164 ὑμῶν
941 1091 1253 1163 ἔμπροσθεν
1283 1091 1392 1144 τῶν
1417 1089 1740 1161 ἀνθρώπων,

151 1190 301 1252 ὅπως
349 1189 502 1241 ἴδωσι
531 1186 599 1239 τὰ
638 1185 778 1239 καλὰ
807 1184 944 1256 ἔργα
977 1184 1162 1256 ὑμῶν,
1200 1185 1296 1238 καὶ
1337 1182 1604 1248 δοξάσωσι
1651 1182 1744 1236 τὸν

150 1280 376 1350 Πατέρα
423 1277 578 1349 ὑμῶν
633 1277 724 1330 τὸν
767 1278 826 1330 ἐν
869 1280 983 1340 τοῖς
1025 1277 1292 1347 οὐρανοῖς.
1321 1297 1339 1330 ι
1376 1277 1586 1348 Ὥσπερ
1635 1277 1745 1350 γὰρ

149 1369 601 1434 σκανδαλίζονται
637 1367 776 1430 λαοὶ,
812 1367 912 1438 ζῇν
946 1367 1216 1438 ἑλομένων
1248 1367 1490 1432 ἐκτόπως
1522 1368 1632 1421 τῶν
1675 1371 1747 1421 ἱε-

154 1464 324 1536 ρέων·
373 1458 516 1514 οὕτω
547 1459 806 1530 πλείστην
855 1475 912 1510 τε
962 1459 1092 1528 ὅσην
1141 1458 1237 1510 καὶ
1285 1458 1404 1512 λίαν
1455 1458 1744 1530 ἀμφιλαφῆ

154 1553 480 1627 κερδανοῦσι
507 1553 604 1622 τὴν
629 1551 836 1622 ὄνησιν,
866 1551 913 1602 εί
943 1549 1007 1622 δή
1027 1569 1128 1604 που
1161 1550 1448 1604 θεάσαιντο
1483 1551 1588 1621 πλη
1597 1550 1748 1620 ροῦν-

152 1666 252 1712 τας
299 1647 362 1701 τὸ
414 1644 640 1716 ἀγαθὸν,
670 1643 763 1696 καὶ
811 1641 1000 1714 διαζῇν
1033 1641 1371 1714 ἡγουμένους
1415 1642 1490 1707 ὡς
1532 1642 1747 1700 ἁνδάνει

154 1738 295 1810 Θεῷ.

767 1870 1020 1926 ΚΕΦᾹΛ.
1065 1869 1140 1924 I".

240 2007 402 2065 Ἰδοὺ
440 2007 556 2080 ἐγὼ
607 2005 925 2062 ἀποστελῶ
971 2005 1234 2077 ἄγγελόν
1275 2023 1415 2075 μου,
1473 2004 1570 2058 καὶ
1621 2003 1751 2058 sm.

159 2101 449 2170 δλέψεται
481 2099 626 2154 ὀδόν
657 2099 771 2168 πρὸ
805 2097 1130 2167 προσώπου
1146 2115 1287 2167 μου.
1319 2097 1428 2152 Καὶ
1461 2096 1754 2166 ἐξαίφνης

160 2193 297 2263 ἥξει
330 2195 421 2259 εἰς
467 2191 574 2244 τὸν
609 2190 763 2245 ναὸν
803 2189 1022 2244 ἑαυτοῦ
1066 2191 1307 2257 Κύριος,
1352 2187 1426 2241 ὃν
1456 2188 1626 2258 ὑμεῖς
1658 2185 1753 2257 ζη-

160 2285 336 2351 τεῖτε,
367 2283 468 2338 καὶ
494 2286 526 2337 ὀ
552 2284 840 2353 Ἀγγελος
872 2280 982 2352 τῆς
1015 2280 1330 2349 διαθήκης,
1363 2280 1436 2335 δν
1464 2279 1632 2349 ὑμεῖς
1665 2279 1757 2335 θέ-

159 2379 323 2432 Iste.

231 2467 360 2523 AB’.
405 2465 751 2537 Εὐαφόρμως
791 2465 913 2520 λίαν
948 2465 1041 2520 ἐπὶ
1068 2465 1245 2520 τὸτοῦ
1280 2466 1520 2538 Χριστοῦ
1555 2468 1759 2541 μυστή-

166 2575 284 2630 ριον
318 2560 349 2613 ό
391 2558 496 2624 τῆς
528 2557 898 2630 προκειμένης
951 2558 1082 2628 ἡμῖν
1131 2557 1470 2629 προφητείας
1521 2575 1762 2630 μεταπε-

166 2652 397 2723 φοίτηκε
431 2650 608 2719 λόγος.
646 2649 843 2718 Γέγονε
877 2650 986 2720 γὰρ
1018 2650 1150 2720 ἡμῖν
1179 2648 1330 2720 παρὰ
1367 2647 1460 2700 τοῦ
1495 2647 1630 2701 Θεοῦ
1661 2647 1760 2703 καὶ

165 2741 384 2812 Πατρδς
413 2741 442 2794 ό
485 2739 833 2812 Ἐμμανουὴλ
870 2757 888 2792 s
923 2737 1241 2810 δικαιοσύνη
1269 2755 1328 2791 τε
1361 2738 1456 2791 καὶ
1489 2739 1760 2810 ἁγιασμὸς

168 2835 263 2888 καὶ
291 2832 694 2904 ἀπολύτρωσις,
735 2853 754 2884 ι
789 2831 886 2888 καὶ
921 2831 1094 2905 ῥύπου
1126 2832 1324 2897 παντὸς
1357 2833 1760 2905 άποκάθαρσις,

170 2926 266 2982 καὶ
291 2925 582 2998 ἁμαρτιῶν
609 2925 889 2990 ἀπόθεσις,
926 2926 1021 2979 καὶ
1047 2924 1155 2978 τῶν
1184 2925 1470 2995 αἰσχιόνων
1497 2924 1762 2998 ἀποϐολὴ,

172 3019 270 3074 καὶ
296 3020 419 3082 ὁδὸς
449 3021 528 3082 είς
552 3019 620 3073 τὰ
649 3020 857 3090 ἀμείνω
881 3019 977 3072 καὶ
1027 3019 1472 3090 πρεπωδέστερα,
1499 3019 1592 3072 καὶ
1622 3017 1764 3088 θύρα

172 3127 258 3173 τις
286 3109 483 3181 ὥσπερ
523 3111 618 3164 καὶ
647 3109 864 3182 εἰσϐολὴ
899 3109 1035 3182 προς
1064 3109 1210 3181 ζωὴν
1244 3109 1482 3177 αἰώνιον,
1521 3111 1672 3166 πᾶσά
1702 3126 1763 3162 τε

1846 544 2068 599 vocatis.
2103 543 2194 598 Sic
2225 542 2369 597 enim
2402 539 2631 595 subditis
2674 538 2920 610 exemplo
2949 549 3109 594 erunt
3157 551 3212 594 et
3246 538 3416 594 forma

1845 636 2148 691 honestatis
2193 633 2477 703 omnisque
2526 632 2764 696 virtutis,
2807 633 2896 702 qui
2944 641 2998 686 et
3043 632 3418 687 universorum

1846 726 1954 779 Deo
1995 724 2357 795 gratulantur,
2409 739 2530 778 cum
2586 722 2796 778 illustre
2843 733 2896 778 et
2938 723 3211 794 singulare
3259 725 3424 779 decus

1847 832 2036 871 eorum
2086 820 2210 872 vitae
2258 815 2718 886 contemplantur.
2777 817 2839 868 Et
2875 816 2975 870 hoc
3025 825 3131 880 est,
3172 824 3229 870 ut
3271 825 3422 886 puto,
3510 812 3515 816 ’

1843 909 1985 976 quod
2018 923 2150 963 voce
2185 897 2484 962 Saivatoris
2528 907 2694 978 probe
2724 906 2928 960 dictum
2964 907 3199 978 legimus
3229 925 3241 961 :
3282 925 3300 958 ι
3334 908 3426 961 Sic

1846 999 2026 1056 luceat
2085 1001 2177 1055 lux
2235 1009 2413 1055 vestra
2467 1015 2649 1054 coram
2707 998 3052 1062 hominibus,
3099 1008 3156 1054 ut
3207 997 3427 1053 videant

1845 1108 2008 1163 opera
2033 1106 2212 1149 vestra
2246 1095 2384 1148 bona
2414 1101 2467 1148 et
2493 1091 2798 1160 gloriﬁcent
2824 1089 3043 1146 Patrem
3067 1102 3306 1145 vestrum
3333 1090 3426 1160 qui

1847 1183 1900 1237 in
1929 1185 2086 1240 caelis
2116 1194 2202 1239 est
2227 1184 2292 1238 ".
2331 1202 2350 1236 ι
2387 1181 2849 1251 Quemadmodum
2895 1184 3040 1238 enim
3070 1182 3239 1255 849
3269 1197 3429 1238 scan-

1846 1273 2113 1330 dalizatur
2153 1275 2402 1348 populus,
2441 1290 2563 1330 cum
2598 1274 2907 1330 sacerdotes
2938 1290 3128 1344 parum
3171 1275 3433 1330 innocen-

1850 1374 1934 1420 ter
1972 1366 2192 1432 vivunt,
2232 1367 2305 1421 ita
2353 1365 2780 1422 emolumentum
2829 1368 2983 1437 longe
3033 1367 3327 1422 maximum
3380 1374 3436 1421 et

1848 1458 2084 1528 amplam
2126 1459 2413 1513 utilitatem
2463 1461 2839 1529 consequitur.
2874 1461 2919 1516 si
2963 1459 3220 1515 bonitatis
3258 1457 3434 1514 otticio

1849 1549 2138 1619 iungentes
2183 1549 2350 1615 videt,
2399 1556 2453 1604 et
2493 1547 2872 1605 existimantes
2924 1549 2996 1604 ita
3043 1547 3330 1602 vivendum
3379 1553 3436 1600 ut

1851 1640 1961 1696 Deo
1986 1641 2180 1712 placet.

2492 1863 2644 1920 CAP.
2707 1866 2790 1920 ΙΙΙ.

1929 1995 2091 2049 Vsus.
2138 1997 2188 2050 1.
2235 1995 2371 2051 Ecce
2402 2013 2494 2068 ego
2520 1977 2667 2053 mitto
2700 2001 2940 2071 angelum
2967 2019 3158 2067 meum,
3192 2014 3239 2057 et
3260 2021 3442 2072 specu-

1855 2085 2055 2139 labitur
2084 2087 2221 2140 viam
2258 2096 2379 2142 ante
2404 2089 2594 2158 faciem
2621 2106 2810 2146 meam.
2843 2091 2910 2146 Et
2942 2094 3120 2147 statim
3164 2096 3330 2148 veniet
3371 2096 3440 2148 ad

1857 2179 2110 2248 templum
2152 2196 2305 2234 suum
2342 2178 2624 2248 Dominus,
2663 2199 2814 2253 quem
2854 2201 2943 2239 eos
2973 2187 3236 2256 quau-itis,
3265 2197 3312 2241 et
3342 2190 3446 2242 Αιιο

1855 2270 2002 2342 gelus
2046 2275 2365 2341 testamenti,
2397 2291 2546 2342 quem
2581 2293 2668 2331 vos
2700 2277 2876 2332 vultis.

1933 2451 2147 2513 XXXII.
2182 2454 2535 2528 Perapposite
2572 2458 2641 2512 ad
2675 2456 2878 2513 Christi
2929 2459 3247 2531 mysterium
3279 2463 3442 2516 verba

1861 2544 1964 2603 ista
1992 2549 2310 2618 prophetica
2341 2550 2693 2604 transierunt.
2721 2549 2922 2606 Factus
2949 2559 3032 2607 est
3056 2551 3199 2606 enim
3226 2552 3381 2607 nobis
3414 2570 3443 2607 a

1863 2638 1974 2695 Deo
2009 2647 2065 2694 et
2111 2638 2274 2695 Patre
2336 2639 2655 2695 Emmanuel
2704 2641 2940 2710 iustitia,
2985 2640 3039 2696 et
3087 2643 3446 2699 sanctiﬁcatio

1862 2741 1918 2787 et
1949 2732 2254 2803 redemptio
2277 2733 2344 2764 ’τ’
2363 2773 2379 2797 ,
2410 2743 2466 2788 et
2502 2733 2680 2789 omnis
2708 2733 3065 2790 immunditize
3093 2736 3405 2793 emundatio
3429 2777 3447 2806 ,

1863 2836 2324 2897 peccatorumque
2355 2827 2642 2896 depositio,
2667 2837 2718 2882 et
2743 2827 3153 2883 inhonestorum
3188 2829 3444 2899 ahjectto.

1863 2927 1920 2974 et
1963 2917 2032 2972 ad
2080 2918 2304 2974 meliora
2362 2933 2425 2973 ac
2467 2919 2778 2974 decentiora
2823 2921 3068 2989 quasdam
3115 2919 3221 2986 via,
3273 2930 3328 2978 et
3380 2923 3448 2978 ad

1864 3018 2126 3064 aternam
2184 3009 2352 3063 vitam
2406 3025 2502 3064 ceu
2555 3010 2720 3080 janua
2778 3022 2832 3065 et
2887 3009 3184 3082 ingressus,
3246 3022 3301 3067 et
3353 3029 3450 3084 per

1866 3099 2042 3172 ipsum
2081 3112 2326 3156 correcta
2362 3111 2490 3155 sunt
2519 3103 2722 3167 omnia,
2760 3111 2810 3156 et
2846 3118 3068 3158 eversus
3103 3104 3302 3158 diaboli
3346 3106 3446 3158 do-

173 3205 241 3259 δι’
272 3203 445 3257 αὐτοῦ
486 3203 708 3272 γέγονεν
738 3203 1131 3276 ἐπανόρθωσις,
1163 3205 1260 3258 καὶ
1290 3203 1604 3270 πλεονεξίας
1636 3204 1765 3256 ἁνα-

1871 3195 2129 3260 minatus,
2160 3203 2215 3247 et
2252 3193 2469 3247 inventa
2509 3193 2745 3263 juSIitia.
2777 3193 2984 3260 Quibus
3012 3196 3155 3248 enim
3188 3197 3450 3250 mirabili-

174 3293 374 3366 τροπὴ,
410 3292 505 3346 καὶ
529 3293 875 3366 δικαιοσύνης
902 3293 1140 3365 εὕρεσις.
1173 3294 1282 3346 Καὶ
1306 3293 1358 3346 τί
1387 3295 1493 3364 γὰρ
1513 3293 1632 3364 οὐχί
1658 3292 1768 3345 τῶν

174 3386 648 3457 τεθαυμασμένων
695 3385 762 3439 δι’
792 3387 957 3440 αὐτοῦ
1004 3385 1495 3458 πεπλουτήκαμεν;
1551 3405 1569 3437 ι
1636 3385 1767 3438 Ἰδοὺ

173 3478 380 3541 τοίνυν,
418 3478 573 3547 φησὶ,
623 3476 903 3530 ἀποστελῶ
934 3476 1026 3530 τὸν
1065 3477 1294 3545 ἄγγελόν
1335 3494 1456 3548 μου,
1508 3474 1603 3528 καὶ
1645 3477 1766 3528 ἐπι-

172 3570 434 3640 ϐλέψεται
468 3570 587 3623 ὁδὸν
619 3569 726 3642 πρὸ
775 3568 1069 3639 προσώπου
1120 3586 1242 3639 μου.
1291 3587 1310 3620 s
1362 3569 1545 3621 Ἔοικε
1592 3568 1646 3620 δέ
1678 3566 1768 3620 διὰ

169 3662 382 3717 τούτων
440 3662 542 3732 τὴν
591 3661 687 3713 τοῦ
738 3661 896 3729 ἁγίου
955 3660 1264 3714 Βαπτιστοῦ
1309 3659 1577 3714 ποιεῖσθαι
1629 3676 1764 3729 προ-

175 3753 549 3826 αναφώνησιν.
591 3755 734 3824 Ἔφη
772 3755 882 3825 γάρ
931 3771 1034 3808 που
1089 3751 1184 3805 καὶΙ
1227 3752 1389 3814 αὐτὸς
1436 3753 1464 3805 ό
1495 3751 1764 3820 Χριστός·

183 3864 201 3897 s
240 3841 415 3910 οὗτός
451 3847 567 3900 ἐστι
600 3848 729 3917 περὶ
768 3841 828 3900 οὗ
860 3845 1172 3916 γέγραπται
1196 3861 1209 3876 '
1253 3863 1270 3896 ι
1324 3845 1454 3898 Ἰδοὺ
1494 3842 1605 3912 ἐγὼ
1635 3844 1770 3896 ἁπο-

182 3936 357 3989 στελῶ
386 3936 479 3989 τὺν
520 3935 753 4004 ἄγγελόν
787 3953 890 4006 μου
925 3935 1033 4007 πρὸ
1057 3933 1349 4005 προσώπου
1379 3951 1494 3998 σου,
1524 3933 1583 3998 ὂς
1612 3950 1770 3987 κατα-

182 4027 443 4081 σκευάσει
478 4026 578 4097 τὴν
604 4026 722 4080 ὀδόν
755 4044 849 4080 σου
880 4025 1188 4098 ἔμπροσθέν
1222 4043 1340 4079 σου.
1381 4045 1400 4078 ι
1433 4025 1620 4088 Οὐτως
1640 4027 1774 4096 ἡμῖν

179 4119 346 4173 αὐτὸν
395 4119 492 4172 καὶ
537 4121 566 4172 ό
616 4118 902 4182 θεσπέσιος
969 4119 1200 4182 Ἡσαΐας
1251 4119 1515 4188 ἐσήμηνε,
1559 4116 1771 4186 λέγων’

184 4231 204 4265 s
255 4212 419 4284 Φωνὴ
469 4211 700 4282 βοῶντος
745 4214 802 4266 ἐν
853 4214 919 4284 τῇ
977 4212 1206 4283 ἐρήμῳ·
1261 4211 1622 4281 Ἑτοιμάσατε
1675 4209 1774 4280 τὴν

182 4303 299 4357 ὁδὸν
340 4304 572 4375 Κυρίου,
617 4303 832 4366 εὐθείας
882 4307 1087 4356 ποιεῖτε
1132 4304 1230 4366 τάς
1261 4301 1479 4374 τρίϐους
1516 4300 1608 4355 τοῦ
1639 4301 1773 4354 Θεοῦ

183 4395 367 4467 ἡμῶν.
420 4414 439 4447 s
492 4389 568 4449 Οὗ
613 4396 678 4467 δὴ
725 4395 1033 4464 γεγονότος,
1082 4395 1234 4464 φησὶ,
1277 4395 1371 4447 καὶ
1417 4394 1552 4465 πρὸς
1603 4392 1774 4464 βραχὺ

183 4486 590 4558 δεδραμηκότος
627 4486 721 4541 τοῦ
751 4487 1034 4556 ἀγγέλλειν
1056 4487 1127 4540 τὰ
1150 4486 1328 4540 τοιάδε
1367 4484 1778 4559 προστεταγμέ-

182 4594 295 4641 νου,
363 4597 383 4629 s
448 4577 737 4650 Ἐξαίφνης
780 4579 922 4649 ἣξει,
968 4579 1120 4649 φησι,
1167 4580 1246 4642 είς
1298 4578 1390 4631 τὸν
1435 4577 1562 4630 ναὸν
1607 4576 1770 4629 αὐτοῦ

184 4669 408 4742 Κύριος,
439 4669 500 4722 δν
532 4670 689 4740 ὑμεῖς
718 4670 951 4740 ζητεῖτε,
984 4670 1078 4723 καὶ
1111 4671 1139 4723 ό
1174 4669 1403 4738 ἄγγελος
1440 4668 1543 4739 τῆς
1576 4667 1768 4737 διαθή-

184 4777 306 4830 2ης,
341 4759 404 4814 ὃν
435 4760 594 4830 ὑμεῖς
625 4759 860 4814 θέλετε.»
900 4759 1301 4831 Διισχυρίζεται
1329 4759 1386 4812 δὲ
1413 4765 1508 4813 καὶ
1533 4762 1561 4813 ὀ
1589 4759 1768 4828 μακά-

190 4865 298 4919 pio;
365 4848 643 4919 Ἰωάννης,
693 4848 868 4918 λέγων
915 4853 1026 4912 τοῖς
1077 4849 1390 4922 ἐρχομένοις
1438 4849 1532 4901 ἐπὶ
1573 4848 1636 4901 τὸ
1671 4848 1768 4918 τῆς

192 4941 484 5010 μετανοίας
540 4939 860 5010 βάπτισμαο
915 4959 935 4993 ι
1005 4939 1148 5009 Ἐγὼ
1210 4937 1459 5010 βαπτίζω
1515 4939 1660 5009 ὑμᾶς
1721 4939 1780 4992 ἐν

192 5030 343 5087 ὕδατι
363 5047 379 5061 '
412 5034 589 5086 ὀπίσω
621 5050 722 5104 μου
756 5032 978 5104 ἔρχεται
1010 5033 1170 5104 ἀνὴρ,
1197 5025 1258 5084 οὐ
1288 5033 1387 5086 οὐκ
1426 5031 1542 5103 είμὶ
1597 5031 1777 5095 ἱκανὸς

191 5122 272 5177 ῐνα
311 5122 495 5187 κύψας
525 5123 672 5177 λύσω
716 5125 805 5178 τὸν
837 5126 1038 5196 ἱμάντα
1067 5126 1162 5179 τοῦ
1197 5126 1544 5196 ὑποδήματος
1577 5123 1743 5178 αὐτοῦ
1762 5137 1777 5152 '

194 5214 397 5277 ἐκεῖνος
429 5217 574 5286 ὑμᾶς
602 5215 852 5287 βαπτίσει
879 5219 938 5270 ἐν
966 5217 1246 5288 Πνεύματι
1279 5218 1418 5288 ἁγίῳ
1443 5221 1539 5270 καὶ
1563 5214 1714 5286 πυρί.
1749 5233 1786 5268 ι.

194 5305 390 5377 Συνίης
420 5303 534 5371 οὐν,
563 5309 710 5371 ὅπως
742 5309 970 5362 κατόπιν
1000 5309 1160 5373 εὐθὺς
1196 5309 1289 5361 καὶ
1323 5308 1601 5378 μονονουχὶ
1636 5306 1776 5360 κατὰ

198 5399 362 5464 πόδας
387 5399 482 5453 τοῦ
509 5400 970 5470 προαγγέλλοντος
990 5399 1233 5464 ἐϐάδιζεν
1253 5401 1281 5452 ό
1304 5400 1557 5470 Χριστὸς,
1587 5399 1777 5452 ἐαυτὸν

199 5493 376 5562 ἀφανῆ
410 5493 672 5557 καθιστὰς
702 5497 815 5558 τοϊς
847 5497 947 5548 ἀνὰ
991 5483 1170 5548 πᾶσαν
1215 5496 1314 5565 τὴν
1369 5495 1646 5557 Ἰουδαίαν,
1685 5493 1776 5546 καὶ

199 5575 306 5635 οἷον
326 5584 587 5655 ἐξαίφνης
615 5585 708 5637 καὶ
738 5586 1013 5648 ἀδοκήτως
1044 5587 1482 5656 ἐπιφαινόμενος.
1514 5585 1777 5654 Ἀγγελόν

279 5761 318 5793 ³⁷
351 5760 545 5816 Matth.
579 5777 632 5824 ν,
667 5761 750 5814 16.

617 5854 887 5916 Ριιτιιοι..
925 5853 1042 5914 Gn.
1081 5855 1310 5914 LXXII.

844 5762 909 5793 '7'
941 5759 1176 5828 lCor.t,
1228 5762 1316 5816 ‘50.
1394 5762 1436 5794 ³⁸
1470 5761 1656 5818 Matth.
1704 5777 1777 5831 ιι,

1870 5761 1919 5816 θ.
1994 5762 2036 5792 ³⁸
2059 5761 2157 5817 lsa.
2183 5777 2269 5826 ιι,
2303 5763 2356 5821 3.
2386 5778 2400 5818 :
2431 5759 2624 5818 Matth.
2664 5778 2745 5828 ιιι,
2781 5761 2835 5818 5.

1869 3283 1971 3339 bus
2003 3300 2101 3354 per
2153 3285 2328 3355 ipsum
2372 3285 2685 3351 locupletati
2737 3302 2841 3340 non
2893 3287 3120 3342 sumus?
3156 3289 3246 3341 Ait
3274 3303 3404 3359 ergo
3435 3304 3454 3343 :

1874 3394 1893 3427 ι
1924 3376 2065 3432 Ecce
2097 3390 2197 3446 ego
2230 3377 2437 3430 mittam
2470 3377 2719 3447 angelum
2760 3394 2961 3444 meum,
2996 3389 3050 3433 et
3083 3380 3455 3450 speculabitur

1869 3467 2010 3520 viam
2046 3477 2172 3521 ante
2213 3467 2407 3522 faciem
2447 3484 2645 3523 meum.
2680 3487 2700 3520 ι
2741 3469 2949 3536 Quibus
2986 3473 3168 3526 verbis
3202 3482 3452 3528 sanctum

1871 3557 2167 3628 Baptistam
2220 3561 2434 3616 videtur
2477 3563 2861 3630 praenuntiam.
2919 3561 3053 3617 Nam
3105 3575 3158 3618 et
3206 3565 3457 3619 Christus

1873 3651 1989 3722 ipse
2025 3653 2228 3707 alicubi
2260 3669 2274 3706 :
2317 3671 2335 3704 s
2371 3653 2471 3708 Hic
2506 3662 2589 3708 est
2625 3655 2690 3708 de
2721 3671 2827 3726 quo
2861 3655 3122 3722 scriptmn
3161 3664 3245 3710 est
3274 3670 3289 3710 :
3319 3655 3456 3711 Ecca

1875 3758 1976 3812 ego
2019 3744 2230 3798 mittam
2279 3745 2530 3813 angelum
2569 3758 2748 3798 meum
2800 3755 2925 3798 ante
2957 3744 3151 3798 facient
3186 3757 3352 3812 tuam,
3399 3758 3459 3799 ut

1873 3845 2139 3906 prteparet
2173 3835 2316 3889 viam
2350 3844 2496 3888 tuam
2529 3844 2654 3888 ante
2684 3845 2737 3889 te
2759 3835 2823 3891 ³⁸.
2852 3854 2871 3887 ι
2906 3833 2983 3890 De
3013 3837 3202 3890 eodem
3241 3838 3456 3892 divinus

1875 3926 2083 3985 Isaias:
2119 3947 2138 3981 s
2173 3927 2282 3983 Vox
2337 3929 2625 3983 clamantis
2675 3928 2726 3982 in
2782 3929 2999 3984 deserto
3031 3947 3045 3985 :
3077 3928 3272 3985 Parate
3315 3930 3456 3987 viam

1879 4021 2114 4085 Domini,
2159 4031 2337 4075 rectas
2374 4021 2536 4075 facite
2581 4022 2806 4075 semitas
2851 4019 2944 4074 Dei
2980 4021 3151 4076 nostri
3179 4021 3246 4075 ”.
3279 4041 3300 4076 ι
3336 4021 3455 4088 Quo

1879 4112 2042 4177 facto,
2068 4113 2264 4184 inquit,
2292 4125 2488 4166 etcum
2515 4113 2788 4183 paululum
2816 4112 3123 4166 cucurrerit
3145 4113 3234 4182 qui
3259 4116 3325 4165 ad
3355 4115 3457 4166 ista

1879 4207 2176 4260 nuntianda
2215 4207 2542 4260 constitutus
2572 4215 2656 4260 est
2686 4228 2698 4261 :
2736 4223 2755 4256 ι
2790 4206 2984 4259 Statim
3020 4205 3198 4259 veniet
3233 4206 3300 4259 ad
3333 4215 3461 4259 tem-

1877 4297 2025 4368 plum
2060 4313 2216 4352 suum
2261 4297 2542 4363 Dominus,
2575 4313 2733 4366 quem
2767 4312 2862 4351 vos
2891 4296 3156 4365 quaeritis,
3203 4307 3258 4351 et
3284 4297 3461 4364 Ange-

1879 4389 1962 4446 lus
1998 4393 2332 4455 tesmmenti,
2367 4405 2528 4460 quem
2575 4405 2670 4444 vos
2701 4389 2883 4443 vultis.
2919 4407 2937 4440 ι
2970 4386 3272 4444 Conﬁrmat
3318 4389 3457 4443 idem

1884 4493 1938 4538 et
1971 4486 2162 4540 beatus
2187 4481 2446 4547 Joannes,
2480 4482 2547 4536 ad
2581 4481 2907 4550 baptismum
2950 4481 3283 4549 poenitentiae
3319 4481 3462 4534 accl-

1881 4575 2136 4644 piendum
2170 4571 2502 4629 conﬂuentes
2531 4573 2610 4627 sic
2645 4573 3018 4642 compellans:
3052 4591 3070 4624 s
3105 4571 3214 4641 Ego
3243 4572 3458 4641 baptizo

1881 4681 1974 4721 vos
2009 4667 2060 4720 in
2100 4680 2262 4734 aqua,
2319 4675 2435 4734 post
2470 4679 2553 4717 me
2589 4675 2770 4719 autem
2805 4665 2982 4718 veniet
3019 4665 3122 4727 vir,
3157 4661 3309 4730 cujus
3351 4680 3456 4716 non

1879 4770 1998 4810 sum
2035 4753 2230 4823 dignus
2271 4764 2328 4806 ut
2373 4754 2733 4821 procumbens
2779 4753 2984 4807 solvam
3029 4752 3316 4823 corrigiam
3344 4752 3463 4822 ejus

1882 4846 2236 4903 calceamenti
2269 4861 2284 4898 :
2313 4845 2401 4898 ille
2433 4861 2528 4898 vos
2578 4845 2872 4915 haptizabit
2921 4844 2975 4898 in
3024 4844 3231 4912 Spiritu
3271 4852 3460 4896 sancto

1879 4951 1934 4995 et
1960 4939 2069 5008 igni
2091 4936 2157 4992 ⁸⁸.
2191 4956 2210 4988 ι
2237 4936 2511 5006 Perspicis
2539 4936 2703 5006 igitur
2756 4937 3029 5006 quomodo
3055 4943 3172 5005 post
3203 4933 3384 4989 statim
3408 4943 3462 4989 et

1881 5042 2090 5087 tantum
2138 5045 2243 5084 non
2277 5043 2306 5083 ε
2339 5028 2568 5096 vestigio
2604 5029 2857 5084 Christus
2895 5028 3259 5098 praenuntium
3302 5039 3461 5080 secu-

1881 5132 1967 5177 tus
2001 5125 2093 5187 sit,
2128 5137 2186 5177 se
2224 5122 2398 5190 ipsum
2449 5123 2710 5174 hactenus
2742 5121 2999 5173 latentem
3034 5118 3234 5171 sistens
3257 5113 3459 5168 Judmis

1880 5214 2173 5280 universis,
2205 5210 2372 5284 850
2400 5221 2452 5268 et
2483 5213 2638 5282 quasi
2665 5210 2948 5280 repentino
2983 5222 3048 5260 ac
3073 5207 3138 5261 de
3169 5202 3460 5275 improviso

1885 5322 2174 5375 apparens.
2230 5305 2491 5373 Augelum
2547 5313 2727 5357 autem
2785 5299 3120 5354 nominatum
3175 5310 3463 5350 sacrosan-

1882 5407 2030 5450 ctum
2065 5395 2362 5462 Baptistatn
2389 5395 2641 5460 dicimus,
2676 5407 2780 5444 nou
2817 5399 3037 5459 propter
3060 5399 3307 5443 naturam
3338 5387 3461 5458 qui-

1884 5490 2028 5552 dem,
2092 5503 2156 5541 ex
2197 5485 2420 5539 muliere
2449 5484 2591 5537 enim
2629 5495 2786 5538 natus
2821 5483 2985 5538 homo
3013 5481 3238 5553 proinde
3269 5489 3325 5532 ut
3357 5492 3457 5532 nos

1887 5581 2018 5644 fuit,
2059 5579 2152 5633 sed
2187 5578 2444 5648 quoniam
2477 5577 2552 5630 illi
2588 5576 2715 5631 talia
2756 5577 2909 5632 nobis
2934 5571 3263 5646 prtcdicandi
3322 5584 3478 5652 nun-_

2950 5758 2994 5788 “
3032 5755 3219 5809 Matth.
3257 5767 3342 5820 tu,
3383 5756 3468 5812 Si.

3030 5847 3092 5909 11
