3934 6318
460 378 559 435 '53!

1457 364 1513 419 Β.
1556 361 1832 419 CYRILLI
1870 355 2342 415 ALEXANDRlNl
2385 352 2700 411 ARCHIEP.

3630 354 3741 410 53‘)

465 479 740 559 tiandique
792 499 986 541 munus
1033 498 1117 538 est
1173 481 1507 549 impositum.
1559 478 1644 533 Ab
1677 475 1853 532 oﬂlcio
1886 476 2049 545 igitur

2165 491 2226 543 γε
2264 473 2369 544 μὴν
2400 469 2717 542 ὠνομᾶσθαί
2760 485 2937 539 φαμεν
2976 468 3065 520 τὸν
3098 464 3385 520 θεσπέσιον
3416 465 3739 539 Βαπτιστὴν

463 581 783 640 vocabulum
813 576 1035 641 inditur,
1080 589 1176 628 nec
1209 582 1457 626 naturam
1502 571 1816 640 angelorum
1846 568 2045 639 signiti-

464 687 571 734 cat.
606 676 903 729 Venturum
941 684 1103 740 porro
1139 669 1205 722 ad
1248 665 1506 736 templum
1552 679 1708 719 suum
1751 662 1903 725 dicit,
1952 671 2045 715 aut

465 768 587 840 quia
639 766 874 820 Verbum
923 778 1052 818 caro
1100 760 1301 814 factum
1353 767 1436 811 est
1461 755 1529 822 ⁸⁸,
1579 764 1632 809 et
1686 765 1941 822 tanquam
1991 751 2044 805 in

2148 565 2210 617 ού
2244 564 2332 616 διά
2361 580 2423 631 γε
2458 561 2553 632 τὴν
2580 560 2739 629 φύσιν
2781 558 3091 630 (γεγένηται
3124 557 3233 628 γὰρ
3261 558 3325 611 ἐκ
3354 557 3606 624 γυναικὸς
3641 560 3742 611 καὶ

2146 651 2213 727 ῆν
2246 654 2532 725 ἄνθρωπος
2567 653 2687 707 καθ’
2718 653 2915 723 ἡμᾶς),
2953 651 3068 703 ἀλλ’
3094 652 3176 703 ὅτι
3208 651 3307 720 τὴν
3334 650 3426 703 τοῦ
3455 650 3524 703 τά
3556 650 3743 703 τοιάδε

2145 747 2526 818 διακηρύττειν
2576 746 2669 799 καὶ
2726 743 3089 813 ἀπαγγέλλειν
3144 744 3274 812 ἡμῖν
3334 744 3743 812 ἐγκεχείρισται

466 834 661 930 templo
692 858 837 929 quod
881 871 913 912 e
954 853 1261 909 castissime
1313 858 1514 904 sancta:
1541 846 1778 913 Virginis
1821 859 2048 915 corpore

2161 838 2510 909 λειτουργίαν.
2564 835 2774 891 Οὐκοῦν
2812 836 2919 889 ἀπὸ
2962 836 3055 888 τοῦ
3101 839 3424 905 πράγματος
3456 837 3488 904 ἡ
3520 834 3740 903 κλῆσις,

467 961 802 1020 stisceperat,
842 946 1141 1001 habitavit:
1176 951 1267 996 aut
1307 942 1359 995 in
1393 938 1613 994 homine
1647 937 1912 1005 perfecto,
1953 936 2047 1004 qui

466 1060 528 1099 ex
561 1054 809 1111 corpore,
838 1038 1081 1107 inquam,
1109 1042 1164 1087 et
1203 1030 1385 1085 anima
1433 1027 1749 1081 immediate
1782 1035 1835 1079 et
1866 1025 2049 1077 divina

466 1131 804 1205 providentia
859 1133 1273 1197 ceagmentatus
1324 1136 1448 1176 esse
1501 1119 1743 1174 creditus
1794 1127 1905 1181 est;
1958 1121 2053 1169 ant

468 1226 725 1297 templum
780 1219 1101 1290 simpliciter
1162 1215 1407 1269 nominat
1463 1210 1797 1274 Jerusalem,
1866 1214 2051 1274 utpote

466 1330 707 1375 sanctam
735 1323 789 1368 et
817 1312 917 1366 sibi
941 1311 1245 1364 dedicatam
1279 1304 1556 1358 civitatem
1582 1319 1597 1367 ;
1629 1308 1722 1353 aut
1748 1297 2048 1352 Ecclesium

465 1411 614 1465 velut
650 1409 698 1460 in
731 1415 856 1475 typo
887 1417 1006 1457 suo.
1043 1400 1309 1454 Caeterum
1355 1394 1645 1448 adventum
1682 1407 1778 1446 seu
1813 1404 2051 1461 prmseno

469 1504 597 1558 tiam
638 1514 788 1553 suam
821 1491 1190 1564 compluribus
1220 1487 1485 1542 mirandis
1523 1484 1781 1554 operibus
1810 1480 2051 1553 promul—

466 1591 633 1660 gavit,
668 1607 684 1639 ι
724 1585 1042 1639 Ριιειιὶοοιιε
1077 1576 1434 1646 Evangelium
1472 1575 1642 1645 regni,
1678 1587 1881 1628 sanans
1933 1586 2050 1627 om-

468 1700 565 1740 nes
610 1682 827 1736 morbos
869 1686 921 1731 et
965 1688 1181 1729 omnem
1230 1670 1542 1739 languorem
1587 1667 1639 1721 in
1676 1665 1898 1735 pepulo,
1933 1682 1951 1716 ι
1995 1671 2052 1717 ut

472 1779 732 1844 scriptum
785 1773 954 1829 est".
1014 1767 1205 1825 Veniet
1252 1766 1419 1835 igitur
1486 1760 1780 1823 Dominus,
1841 1757 2049 1825 inquit,

2148 931 2243 982 καὶ
2275 928 2376 981 οὐκ
2402 929 2589 992 ούσίας
2621 927 2866 996 ἀγγέλων
2896 928 3049 981 ἔσται
3084 929 3413 997 σημαντικὴ.
3453 928 3641 990 Ἦξειν
3678 942 3744 994 γι

2152 1023 2260 1091 μὴν
2295 1024 2373 1084 εἰς
2406 1021 2497 1073 τὸν
2546 1022 2670 1073 ναὸν
2702 1019 2868 1074 αὑτοῦ
2902 1038 3058 1091 φησι,
3108 1020 3139 1091 ἢ
3186 1021 3267 1074 ὅτι
3298 1022 3487 1089 γέγονε
3528 1020 3668 1092 σὰρξ
3718 1023 3748 1074 6

2150 1114 2342 1181 Λόγος,
2390 1115 2485 1167 καὶ
2523 1112 2811 1184 κατῴκησε
2860 1113 3111 1183 καθάπερ
3156 1115 3213 1166 ὲν
3254 1112 3365 1183 ναῷ
3414 1113 3491 1183 τῷ
3536 1115 3599 1165 ὲκ
3641 1113 3746 1183 τῆς

2152 1204 2312 1271 ἁγίας
2348 1204 2623 1275 Παρθένου
2658 1204 2916 1274 πανάγνῳ
2964 1203 3212 1274 σώματι·
3259 1204 3426 1274 ἤγουν
3469 1203 3747 1275 ἀνθρώπῳ

2152 1296 2364 1367 τελείῳ,
2391 1297 2469 1367 τῷ
2492 1300 2555 1350 ὲκ
2583 1297 2781 1368 ψυχῆς,
2817 1297 2981 1365 λέγω,
3007 1298 3100 1350 καὶ
3140 1296 3394 1368 σώματος
3429 1296 3649 1365 ἀμέσως
3683 1313 3747 1349 τε

2155 1387 2249 1440 καὶ
2308 1387 2667 1457 οἰκονομικῶς
2716 1387 2960 1459 ἡνῶσθαι
3011 1387 3462 1458 πεπιστευμένῳ·
3518 1388 3549 1456 ἣ
3615 1389 3748 1441 ναὸν

2158 1478 2340 1542 ἁπλῶς
2376 1479 2629 1550 ὀνομάζει
2652 1479 2749 1550 τὴν
2768 1477 2877 1534 οἷον
2904 1479 3054 1552 ἱερὰν
3077 1480 3169 1533 καὶ
3202 1480 3568 1550 ἀνακειμένην
3594 1480 3747 1552 αὐτῷ

2155 1570 2328 1633 πόλιν,
2365 1570 2521 1640 δῆλον
2560 1570 2618 1623 δὲ
2665 1571 2745 1623 ὅτι
2786 1571 2885 1641 τὴν
2939 1570 3329 1642 Ἰερουσαλήμ·
3364 1572 3530 1642 ἤγουν
3573 1571 3648 1634 ὡς
3686 1573 3745 1623 ὲν

2152 1662 2309 1733 τύπῳ
2340 1662 2418 1733 τῷ
2448 1662 2584 1733 πρὸς
2614 1662 2827 1732 ἐκείνην
2859 1662 2958 1732 τὴν
3001 1662 3347 1733 Ἐκκλησίαν.
3391 1663 3657 1716 Ἐποιείτο
3686 1662 3746 1716 δὲ

2155 1754 2255 1823 τῆς
2304 1754 2495 1808 ἑαυτοῦ
2545 1753 2845 1825 παρουσίας
2886 1754 2985 1823 τὴν
3034 1756 3335 1825 ἀνάρρησιν
3386 1754 3745 1826 πολυτρόπως

467 1887 627 1942 quem
684 1883 777 1922 vos
819 1863 1093 1934 quaeritis,
1149 1875 1217 1913 ex
1265 1855 1713 1926 pusillanimitate
1766 1853 2047 1904 dicentes:

2161 1846 2556 1917 τερατουργῶν,
2592 1865 2609 1897 ι
2651 1845 2957 1916 Κηρύσσων
2989 1845 3049 1899 τὸ
3078 1846 3412 1915 Εὐαγγέλιον
3442 1847 3541 1917 τῆς
3590 1846 3746 1917 βασι-

474 1939 502 2015 ί
532 1963 628 2020 Ubi
658 1969 740 2016 est.
770 1960 910 2013 Dens
939 1951 1203 2023 justitiat?
1238 1968 1256 2001 ι
1298 1946 1492 2001 Veniet
1528 1954 1705 1998 autem
1747 1958 1809 1995 ac
1840 1939 2053 1993 docebit

464 2068 588 2122 qua:
616 2064 777 2119 supra
813 2047 984 2114 legem
1027 2052 1080 2097 et
1117 2055 1280 2109 supra
1333 2037 1559 2091 umbras
1607 2050 1671 2088 ac
1713 2042 1868 2103 typus
1906 2040 2051 2085 sunt.

473 2146 588 2201 [irit
638 2143 839 2213 quippe
880 2135 1118 2207 Angelus
1163 2128 1512 2192 testamenti,
1562 2126 1703 2196 quod
1753 2124 1881 2179 olim
1925 2138 2055 2179 voce

475 2238 565 2291 Dei
602 2244 656 2289 ct
691 2231 870 2286 Patris
896 2226 1315 2297 prcenuntiatum
1353 2230 1457 2275 est.
1489 2219 1734 2284 Quodam
1760 2216 1903 2270 enim
1937 2214 2055 2269 loco

472 2340 753 2382 sacrorum
802 2322 1081 2377 doctorem
1129 2314 1309 2369 Mosen
1354 2312 1435 2367 sic
1486 2308 1826 2378 alloquitur:
1872 2325 1890 2358 ι
1922 2304 2055 2360 Pro—

476 2406 692 2493 pltetam
730 2415 835 2472 illis
863 2410 1139 2468 suscitabo
1161 2408 1227 2461 de
1251 2405 1513 2460 fratribus
1545 2404 1782 2472 ipsorum
1809 2399 1952 2454 sicut
1980 2409 2051 2464 te,

474 2489 521 2566 et
555 2524 748 2583 ponam
785 2503 947 2558 verba
1000 2514 1117 2555 mea
1164 2497 1217 2552 in
1277 2511 1371 2550 ore
1408 2494 1549 2564 ejus,
1592 2504 1645 2545 et
1689 2491 1943 2559 loquetur
1976 2489 2057 2544 eis

473 2581 766 2659 secundiori
812 2593 994 2651 omnia
1028 2606 1149 2661 qua:
1193 2601 1503 2658 prmeepero
1549 2585 1598 2639 ei
1625 2582 1691 2637 ⁸³.
1723 2603 1743 2636 ι
1786 2581 1918 2636 Esse
1960 2598 2057 2635 au-

479 2707 584 2749 tem
625 2690 903 2745 Christum
938 2682 1077 2737 Novi
1114 2676 1448 2734 Testamcuti
1496 2673 1790 2743 Angelum,
1826 2681 2058 2726 testatur

474 2798 526 2842 et
564 2782 734 2839 Isaias
767 2780 913 2832 hunc
960 2776 1012 2829 in
1065 2772 1281 2827 modum
1314 2769 1379 2823 de
1424 2768 1513 2821 illo
1555 2766 1782 2837 loquens
1816 2781 1828 2817 :
1865 2783 1881 2813 ι
1921 2763 2059 2829 Quia

474 2888 687 2931 omnem
727 2868 920 2925 stolam
957 2871 1341 2934 congregatam
1377 2858 1523 2925 dolo,
1577 2866 1632 2911 et
1672 2855 2057 2910 veStin'tentum

475 2981 597 3023 cum
642 2956 1075 3016 commutatione
1108 2951 1419 3014 restituent,
1450 2956 1504 3002 et
1531 2947 1736 3012 volent,
1777 2944 1821 2999 si
1860 2945 2060 2999 fuerint

476 3060 599 3129 igne
630 3048 934 3111 combusti,
967 3045 1094 3115 quia
1133 3058 1265 3113 puer
1305 3050 1463 3094 natus
1491 3047 1574 3093 est
1607 3037 1784 3101 nobis,
1829 3043 1883 3089 et
1918 3035 2059 3089 [ilius

472 3126 634 3201 datus
666 3151 749 3197 est
782 3137 961 3203 nobis,
1012 3134 1164 3205 cujus
1198 3130 1483 3201 imperium
1536 3126 1737 3181 factum
1781 3135 1864 3180 cst
1895 3138 2058 3194 super

2155 1940 2324 2004 λείας,
2366 1939 2458 1992 καὶ
2490 1938 2807 2009 θεραπεύων
2852 1940 3033 1993 πᾶσαν
3087 1939 3243 1992 νόσον
3287 1939 3383 1991 καὶ
3428 1940 3610 1991 πᾶσαν
3642 1955 3747 2007 μα-

2154 2031 2346 2084 λακίαν
2378 2032 2435 2083 ὲν
2467 2030 2544 2102 τῷ
2574 2030 2709 2102 λαῷ,
2749 2051 2767 2083 ›
2804 2031 2945 2086 καθὰ
2987 2035 3319 2101 γέγραπται.
3363 2032 3521 2096 ’Ἥξει
3564 2031 3745 2085 τοίνυν

2154 2126 2183 2176 6
2217 2122 2443 2195 Κύριος,
2490 2125 2643 2194 φησὶ,
2689 2123 2746 2176 ὃν
2784 2123 2940 2195 ὑμεῖς
2976 2123 3208 2193 ζητεῖτε,
3251 2123 3501 2191 λέγοντες
3540 2124 3606 2176 ὲκ
3652 2141 3746 2193 μι-

2156 2214 2491 2286 κροψυχίαςο
2534 2233 2551 2267 ι
2596 2214 2706 2267 Ποῦ
2754 2214 2900 2268 ἔστιν
2929 2216 2956 2267 6
2987 2214 3121 2278 Θεὸς
3157 2215 3258 2285 τῆς
3293 2214 3675 2285 ὃικαιοσύνης;
3722 2232 3741 2266 ι

2158 2306 2314 2373 Ἥξει
2348 2306 2403 2359 δὲ
2441 2306 2708 2360 διδάσκων
2754 2306 2823 2359 τὰ
2871 2307 3010 2376 ὑπὲρ
3046 2306 3207 2377 νόμον
3253 2307 3349 2358 καὶ
3386 2306 3454 2358 τὰ
3483 2306 3745 2359 ἐπέκεινα

2158 2401 2316 2462 σκιᾶς
2351 2398 2444 2453 καὶ
2475 2398 2683 2451 τύπων.
2714 2398 2909 2452 Ἔσται
2933 2398 3041 2469 γὰρ
3069 2398 3334 2469 διαθήκης
3365 2397 3615 2466 ἄγγελος,
3647 2396 3747 2467 τῆς

2158 2493 2324 2546 πάλαι
2356 2489 2809 2562 προηγγελμὲνης
2850 2490 2937 2544 διὰ
2980 2490 3163 2561 φωνῆς
3200 2489 3291 2543 τοῦ
3326 2488 3460 2541 Θεοῦ
3499 2490 3593 2542 καὶ
3631 2489 3747 2542 Πα-

2158 2584 2283 2655 τρός
2349 2584 2495 2652 Ἔφη
2541 2583 2649 2653 γάρ
2683 2599 2784 2635 που
2820 2584 2956 2654 προς
2993 2582 3087 2635 τὸν
3139 2582 3463 2651 ἱεροφάντην
3507 2581 3747 2635 Μωσέα*

2165 2695 2182 2728 ι
2218 2677 2514 2748 Προφήτην
2541 2676 2723 2739 αὐτοῖς
2750 2675 3041 2746 ἀναστήσω
3074 2676 3137 2727 ὲκ
3159 2674 3265 2727 τῶν
3296 2674 3539 2744 ἀδελφῶν
3567 2674 3751 2727 αὐτῶν

2158 2772 2346 2845 ῶσπερ
2395 2772 2474 2836 σὲς
2507 2771 2599 2823 καὶ
2631 2769 2781 2841 θήσω
2809 2771 2933 2833 τοὺς
2971 2769 3161 2836 λόγους
3213 2786 3316 2840 μου
3361 2771 3439 2833 εἰς
3475 2769 3535 2823 τὸ
3570 2770 3752 2839 στόμα

2160 2863 2344 2930 αὑτοῦ,
2375 2864 2467 2917 καὶ
2498 2863 2722 2933 λαλήσει
2752 2864 2934 2925 αὐτοῖς
2973 2862 3112 2916 κατὰ
3155 2862 3333 2915 πάντα
3366 2861 3467 2916 ὅσα
3499 2859 3755 2914 ἐντείλω-

2163 2974 2263 3030 μαι
2305 2955 2473 3027 αύτῷ.
2514 2975 2533 3007 ι
2570 2954 2691 3007 Ὅτι
2721 2954 2776 3007 δὲ
2810 2953 3020 3025 Καινῆς
3051 2954 3323 3025 Διαθήκης
3361 2954 3591 3023 ἄγγελος
3624 2950 3692 3027 ῆν
3725 2956 3755 3010 6

2160 3047 2415 3120 Χριστὸς,
2468 3050 2722 3118 σαφηνιεῖ
2767 3045 2942 3115 λέγων
2979 3048 3074 3100 καὶ
3120 3050 3148 3101 6
3197 3046 3463 3118 μακάριος
3520 3048 3754 3111 Ἡσαΐας

2164 3142 2290 3211 περί
2338 3137 2539 3193 αὐτοῦ’
2600 3157 2618 3190 ι
2677 3138 2799 3191 Ὀτι
2853 3140 3031 3191 πᾶσαν
3081 3138 3271 3211 στολὴν
3308 3140 3755 3209 ὲπισυνηγμένην

475 3243 764 3297 lnnncrum
821 3232 963 3300 ejus,
1025 3237 1078 3282 ct
1128 3234 1353 3281 vocatur
1404 3236 1599 3276 nomen
1657 3219 1773 3287 ejus
1818 3217 2054 3288 Angelus

2161 3232 2316 3302 δόλῳ,
2350 3230 2446 3284 καὶ
2483 3231 2696 3301 ἱμάτιον
2731 3231 2869 3302 μετά
2909 3231 3258 3302 καταλλαγῆς
3285 3230 3627 3297 ἀποτίσουσι,
3658 3232 3757 3285 καὶ

476 3326 658 3398 magni
715 3320 929 3379 consilii
955 3319 1099 3384 “,r
1169 3316 1287 3370 sine
1352 3313 1516 3367 dubio
1584 3309 1679 3364 Dei
1744 3318 1800 3363 et
1857 3308 2053 3362 Patris.

478 3421 709 3477 Proinde
754 3417 917 3473 etiam
969 3411 1185 3467 dicebat
1217 3426 1230 3462 :
1267 3426 1284 3459 ι
1320 3409 1361 3459 Α
1433 3403 1642 3472 tneipso
1694 3417 1798 3456 non
1842 3400 2054 3470 loquor,

477 3515 571 3569 sed
621 3512 711 3582 qui
758 3508 906 3564 misit
952 3520 1036 3559 me
1079 3502 1260 3567 Pater,
1296 3500 1409 3569 ipse
1457 3497 1586 3550 mihi
1638 3494 1893 3564 praecepit
1929 3491 2057 3562 quid

478 3606 655 3660 dicam
684 3613 739 3657 et
780 3600 908 3671 quid
942 3597 1132 3666 loquar
1156 3592 1222 3647 ⁵⁸.
1257 3612 1275 3645 ι
1311 3590 1427 3647 Non
1458 3590 1599 3645 enim
1630 3599 1745 3643 erat
1791 3586 2059 3640 humanus

478 3680 656 3749 scroto
686 3688 1011 3752 Salvatoris,
1046 3684 1140 3739 sed
1173 3692 1426 3753 tanquam
1467 3695 1497 3735 a
1530 3680 1638 3734 Deo
1676 3687 1730 3733 et
1768 3675 1929 3731 Patre
1964 3689 2061 3745 per

477 3786 673 3840 Filium
720 3777 1020 3835 naturalem
1064 3775 1129 3829 ad
1161 3789 1258 3829 nos
1297 3774 1480 3828 (iebat.
1523 3771 1758 3827 Verbum
1797 3770 1941 3822 enim
1978 3774 2060 3820 est

477 3877 595 3945 ejus
619 3875 710 3942 qui
745 3870 933 3942 genuit
961 3868 1173 3939 ipsum;
1206 3876 1258 3921 ct
1286 3866 1443 3920 tidem
1469 3865 1631 3919 faciet
1658 3879 1753 3934 per
1780 3859 2056 3924 Davidem,

484 3989 500 4018 ι
532 3967 813 4022 Eructaxit
838 3977 933 4018 cor
960 3976 1136 4015 meum
1161 3959 1408 4025 verbum,
1431 3958 1629 4013 bonum
1651 3955 1717 4008 δ’.
1750 3975 1769 4007 ι

2166 3323 2506 3394 θελήσουσιν,
2545 3324 2592 3374 εἰ
2633 3323 2967 3392 ἐγενήθησαν
3014 3325 3398 3395 πυρίκαυστοι.
3450 3323 3574 3377 Ὅτι
3625 3342 3757 3377 παι-

2163 3414 2274 3467 δίον
2304 3413 2566 3483 ὲγεννήθη
2608 3415 2763 3483 ἡμῖν,
2815 3414 2927 3477 υἱὸς
2977 3414 3072 3468 καὶ
3116 3415 3270 3487 ἐδόθη
3306 3417 3457 3486 ἡμῖν,
3495 3408 3557 3467 οὗ
3605 3416 3756 3486 ἀρχὴ

2164 3504 2399 3575 ἐγενήθη
2425 3505 2515 3557 ἐπὶ
2546 3503 2638 3557 τοῦ
2676 3503 2825 3574 ὤμου
2859 3505 3048 3566 αὑτοῦ,
3082 3508 3173 3559 καί
3208 3507 3450 3562 καλεῖται
3478 3507 3539 3561 τὸ
3580 3507 3758 3578 δνομα

2165 3593 2329 3649 αὑτοῦ
2365 3594 2606 3664 μεγάλης
2638 3594 2832 3665 βουλῆς
2864 3595 3146 3665 Ἄγγελος,
3192 3617 3208 3649 ι
3245 3598 3402 3669 δῆλον
3431 3599 3487 3653 δὲ
3527 3600 3609 3653 ὅτι
3656 3599 3755 3667 τῆς

2164 3686 2258 3740 τοῦ
2285 3686 2418 3740 Θεοῦ
2442 3688 2534 3739 καὶ
2566 3686 2797 3758 Πατρός.
2825 3687 3111 3758 Τοιγάρτοι
3137 3690 3232 3743 καὶ
3256 3689 3495 3758 ἔφασκεν
3515 3707 3527 3719 '
3568 3710 3587 3743 ι
3633 3691 3754 3744 Ἀπ’

2165 3774 2402 3848 ἐμαυτοῦ
2442 3776 2501 3829 ού
2535 3775 2703 3839 λαλῶ,
2741 3776 2856 3829 ἀλλ’
2895 3780 2922 3830 ὀ
2959 3777 3176 3848 πέμψας
3227 3796 3293 3850 με
3343 3780 3560 3851 Πατὴρ,
3592 3780 3755 3844 αὑτός

2169 3888 2257 3941 μοι
2287 3870 2510 3941 ἐντολὴν
2549 3870 2748 3923 δέδωκε
2801 3871 2853 3924 τί
2887 3871 3024 3924 εἴπω
3082 3873 3175 3926 καὶ
3220 3871 3270 3925 τί
3300 3872 3537 3943 λαλήσω.
3595 3893 3613 3926 ι
3676 3875 3752 3927 Οὺ

2165 3963 2273 4035 γὰρ
2310 3960 2377 4035 ἦν
2412 3964 2750 4034 ἀνθρώπινος
2796 3963 2889 4016 τοῦ
2926 3964 3178 4035 Σωτῆρος
3232 3967 3260 4019 6
3292 3965 3480 4034 λόγος·
3530 3968 3646 4021 ἀλλ’
3678 3967 3752 4031 ὡς

477 4060 542 4113 ἐκ
571 4056 703 4111 Θεοῦ
747 4056 839 4109 καὶ
872 4052 1082 4125 Πατρὶς
1115 4052 1181 4105 δι’
1220 4048 1351 4105 Υἰοῦ
1383 4051 1476 4105 τοῦ
1506 4050 1647 4104 κατὰ
1678 4049 1837 4120 φύσιν
1868 4050 2056 4120 γέγονε
2094 4054 2231 4125 πρὸς
2286 4059 2453 4127 ἡμᾶς.
2488 4058 2657 4124 Λόγος
2690 4058 2797 4127 γάρ
2833 4059 2948 4110 ἐστι
3010 4057 3104 4110 τοῦ
3141 4058 3531 4128 γεγεννηκότος
3564 4061 3751 4127 αὑτὸν,

478 4154 574 4207 καὶ
600 4140 925 4205 πιστώσεται
956 4147 1130 4217 λέγων
1154 4146 1240 4200 διὰ
1270 4145 1453 4216 φωνῆς
1476 4143 1569 4196 τοῦ
1599 4143 1763 4195 Δαὸίδ
1784 4161 1795 4174 ’
1835 4162 1853 4194 ι
1903 4142 2262 4215 Ἐξηρεύξατο
2290 4151 2322 4218 ἡ
2350 4149 2548 4219 καρδία
2582 4166 2684 4218 μου
2717 4148 2874 4216 λόγον
2908 4147 3129 4216 ἀγαθόν.
3180 4166 3197 4199 ι

553 4246 714 4299 Vens.
755 4237 833 4296 Ξῖ
864 4240 995 4295 Ecce
1034 4244 1190 4307 venit,
1240 4241 1368 4293 dicit
1406 4238 1664 4292 Dominus
1709 4240 2057 4306 omnipotens,

478 4352 522 4393 et
555 4339 671 4407 quis
704 4336 976 4389 sustinebit
1006 4335 1143 4388 diem
1173 4333 1421 4386 introitus
1451 4331 1604 4400 ejus?
1644 4329 1746 4382 Aut
1782 4330 1899 4396 quis
1935 4330 2060 4385 sub-

478 4437 618 4484 ιίιίει
658 4432 708 4483 in
749 4429 944 4483 visione
972 4427 1124 4495 ejus?

2251 4244 2396 4299 Ἰδοὺ
2426 4243 2685 4313 ἔρχεται,
2723 4242 2881 4312 λέγει
2924 4245 3141 4311 Κύριος
3166 4244 3607 4313 παντοκράτωρ,
3648 4248 3748 4301 καί

2164 4335 2255 4399 τίς
2319 4333 2605 4402 ὑπομενεῖ
2667 4333 2898 4403 ’ἡμέραν
2958 4336 3200 4389 εἰσόδου
3260 4335 3475 4400 αὐτοῦ;
3532 4338 3614 4391 Ἦ
3663 4341 3755 4406 τίς

2164 4426 2578 4492 ὐποστήσεται
2608 4426 2678 4479 ἐν
2718 4424 2792 4494 τῇ
2836 4427 3097 4493 ὀπτασίᾳ
3124 4426 3310 4481 αὑτοῦ
3329 4444 3348 4492 ;

548 4520 709 4591 351
759 4517 995 4574 XXXI”.
1047 4517 1181 4570 lluic
1229 4514 1406 4568 simile
1454 4522 1508 4566 et
1552 4512 1842 4565 admodum
1892 4512 2053 4568 aliine

2234 4518 2355 4571 ΛΡ.
2400 4518 2626 4587 Ὅμοιον
2658 4517 2834 4585 τούτῳ
2879 4518 2973 4570 καὶ
3006 4518 3154 4586 μάλα
3192 4517 3534 4589 προσεοικὸς,
3577 4519 3639 4571 τὸ
3664 4519 3753 4574 διὰ

481 4629 562 4669 νει
587 4616 727 4684 quod
763 4613 955 4681 legitur
991 4610 1128 4677 apud
1167 4607 1360 4660 Isaiam
1391 4624 1402 4659 :
1441 4623 1457 4654 ι
1490 4603 1904 4670 Conlortatnini,
1940 4622 2059 4659 ma-

481 4726 581 4761 nus
621 4707 860 4765 remissa:
900 4713 951 4756 et
994 4715 1164 4771 genua
1203 4696 1483 4749 dissoluta.
1521 4695 1917 4763 Consolamini,
1956 4713 2057 4766 pu-

482 4801 777 4853 sitianiutes
825 4804 1024 4860 mente,
1080 4788 1482 4857 conlortamiui,
1539 4804 1605 4845 ne
1650 4790 1889 4845 timeatis
1922 4790 1965 4822 ⁸⁷
2036 4806 2057 4843 ι

483 4892 549 4947 Et
585 4903 799 4945 rursum
850 4884 972 4939 alibi
1005 4900 1019 4938 :
1063 4900 1080 4933 ι
1113 4880 1250 4935 Ecce
1273 4878 1411 4934 Deus
1439 4890 1621 4935 noster
1650 4895 1773 4934 cum
1813 4881 2059 4935 domina-

482 4989 627 5043 tione
642 4982 711 5036 ⁸⁸.
728 5000 745 5032 ι
768 4978 899 5032 Nam
924 4988 979 5028 ut
998 4974 1153 5044 plane
1172 4970 1301 5041 ipsis
1319 4970 1650 5036 adfuturum,
1669 4971 1774 5024 imo
1794 4970 1902 5039 jam
1925 4986 2061 5041 pra:-

398 5066 407 5123 ἴ
482 5084 692 5132 sentem
717 5067 1027 5129 ostendens,
1053 5061 1371 5117 clarissimis
1396 5062 1574 5116 verbis
1593 5062 1903 5137 pronuntiat
1928 5072 2060 5117 tent-

432 5142 443 5175 Ἴ
483 5182 583 5234 pus
610 5166 874 5217 adventus
902 5155 1020 5225 ejus
1050 5154 1101 5207 in
1132 5155 1388 5207 mundum
1418 5153 1561 5207 hunc
1584 5168 1687 5206 non
1722 5153 1810 5206 diu
1836 5153 2058 5207 dilatum

485 5258 571 5309 ili.
607 5255 868 5306 Virtutem
893 5253 1071 5299 autem
1108 5243 1427 5298 (Bconontia:
1454 5242 1570 5309 ejus
1594 5241 1916 5313 quibusdam
1952 5261 2057 5299 non

486 5350 599 5401 fore
639 5336 1043 5409 deSpicabilem,
1075 5352 1173 5391 nec
1196 5336 1493 5390 incredulis
1518 5335 1878 5403 tolerabilem,
1905 5339 2061 5394 docet

486 5440 599 5490 ita:
638 5451 656 5482 ο
700 5431 765 5484 Et
805 5427 928 5497 quis
970 5426 1256 5482 sustinebit
1294 5426 1435 5480 diem
1476 5427 1730 5482 introitus
1762 5427 1914 5496 ejus?
1956 5432 2061 5483 Aut

486 5526 610 5583 eois
641 5519 897 5577 subsistet
934 5519 988 5573 in
1020 5520 1224 5574 visione
1255 5517 1412 5586 ejus?
1443 5538 1461 5570 ι
1494 5517 1779 5574 Introitum
1822 5521 2059 5589 appellat

490 5614 760 5687 Unigeniti
798 5612 849 5665 in
888 5613 1029 5666 hunc
1064 5611 1321 5666 mundum
1353 5625 1474 5665 cum
1512 5626 1674 5666 earne
1710 5611 2013 5682 ingressmn
2043 5632 2053 5665 :

1084 5748 1128 5777 “
1156 5745 1343 5798 Matth.
1377 5760 1448 5805 tv,
1480 5744 1569 5797 23.

1113 5821 1154 5846 ⁵⁵
1197 5816 1299 5870 ba.
1349 5830 1433 5881 ιι,
1485 5818 1565 5868 iU.

589 5747 632 5780 ⁶¹
668 5746 822 5799 Joan.
859 5764 894 5807 ι,
931 5748 1010 5800 Η.

494 5809 535 5844 ⁸⁷
557 5819 657 5877 lsa.
694 5833 853 5884 xxxv,
881 5819 968 5871 5i.

2164 4608 2350 4679 φωνῆς
2408 4607 2668 4671 Ἡσαΐας·
2709 4626 2727 4659 ι
2781 4608 3079 4678 ’ἰσχύσατε,
3111 4612 3289 4681 χεῖρες
3331 4610 3619 4679 ἀνειμέναι
3660 4612 3755 4663 καὶ

2164 4701 2368 4770 γόνατα
2404 4698 2843 4770 παραλελυμένα.
2881 4700 3328 4771 Παρακαλέσατε,
3362 4702 3411 4754 οἰ
3439 4700 3756 4772 όλιγόψυχοι

2164 4794 2230 4862 τῇ
2255 4791 2487 4862 διανοίᾳ,
2514 4790 2790 4862 ἰσχύσατε,
2821 4792 2895 4863 μὴ
2919 4793 3191 4860 φοϐεῖσθε.
3216 4813 3234 4845 ι
3272 4793 3382 4846 Καὶ
3405 4788 3525 4845 αὖθ’
3551 4794 3719 4865 ἑτέρα
3739 4810 3751 4823 ·

2173 4902 2189 4933 ι
2241 4882 2374 4935 Ἰδοὺ
2407 4883 2435 4934 ὁ
2469 4882 2601 4946 Θεὸς
2641 4883 2798 4953 ἡμῶν
2833 4884 2972 4954 μετά
3003 4885 3219 4955 κυρίας.
3255 4904 3274 4937 ι
3324 4884 3413 4948 Ὠς
3440 4884 3551 4956 γὰρ
3589 4886 3755 4939 αὐτὸν

2167 4972 2232 5043 δὴ
2281 4979 2426 5043 μάλα
2471 4975 2865 5045 παρεσόμενον,
2902 4974 3101 5045 μᾶλλον
3133 4975 3189 5028 δὲ
3219 4976 3313 5028 καὶ
3360 4974 3459 5046 ἤδη
3506 4975 3755 5046 παρόντα

2166 5064 2399 5130 δεικνὺς,
2437 5064 2797 5135 ἀποφαίνεται
2829 5067 3014 5136 σαφῶς
3045 5068 3125 5121 ὅτι
3156 5068 3249 5121 καὶ
3277 5070 3305 5121 6
3332 5067 3432 5137 τῆς
3458 5067 3757 5137 ἐπιδημίας

2166 5140 2332 5209 αὑτοῦ
2354 5156 2449 5226 τῆς
2476 5158 2533 5209 ὲν
2560 5156 2692 5226 τῷδε
2736 5157 2813 5228 τῷ
2842 5158 3030 5228 κόσμῳ
3056 5138 3247 5230 καιρὸς
3278 5160 3377 5213 οὐκ
3406 5161 3483 5222 εἰς
3518 5160 3755 5229 ἀνάόληο

2168 5265 2252 5300 σιν
2282 5247 2433 5302 ἔσται
2467 5249 2704 5320 μακράν.
2743 5250 2865 5303 Ὀτι
2893 5250 2949 5303 δὲ
2978 5251 3073 5322 τῆς
3115 5251 3428 5322 οἰκονομίας
3458 5252 3494 5321 ἡ
3523 5249 3755 5322 δύναμις

2164 5338 2263 5390 ούκ
2303 5339 2782 5411 εὐκαταφρόνητος
2832 5340 2985 5395 ἔσται
3037 5344 3201 5407 τισὶν,
3261 5342 3371 5396 οὐδ’
3427 5340 3495 5395 ἂν
3542 5341 3755 5409 γένοιτο

2164 5434 2276 5496 τοῖς
2311 5432 2628 5485 ἀπειθοῦσιν
2696 5433 2889 5504 οἰστὴ,
2948 5434 3193 5488 διδάσκει
3259 5434 3432 5502 λέγων
3493 5450 3507 5465 '
3572 5453 3591 5485 ι
3644 5434 3753 5487 Καὶ

2164 5524 2248 5586 τίς
2300 5523 2564 5594 ὑπομενεῖ
2614 5526 2825 5595 ἡμέραν
2892 5527 3097 5580 εἰσόδου
3152 5527 3419 5597 αύτοῦ;ἢ
3467 5527 3551 5589 τίς
3616 5527 3749 5579 ὐπο-

2169 5613 2428 5683 στήσεται
2474 5615 2531 5667 ἐν
2565 5618 2630 5685 τῇ
2681 5616 2916 5689 ὀπτασίᾳ
2947 5617 3152 5683 αὐτοῦς
3195 5638 3213 5670 ι
3250 5619 3360 5672 Καὶ
3403 5615 3610 5668 εἴσοδον
3650 5614 3750 5686 μὲν

1651 5745 1694 5775 ⁸³
1733 5745 1886 5800 Deut.
1926 5764 2054 5801 μιν

2161 5749 2198 5802 3.
2253 5748 2299 5778 “
2332 5747 2433 5803 Isa.
2463 5765 2539 5815 ix,
2567 5749 2615 5815 5,
2651 5749 2699 5805 6.
2754 5751 2797 5782 ⁸⁵
2828 5750 2984 5806 Joan.
3011 5769 3108 5813 xu.
3142 5754 3230 5809 49.
3267 5751 3467 5807 “Psal.
3500 5764 3655 5806 κων.
3684 5747 3739 5802 3.
