3934 6318
174 359 283 414 5'55

1037 354 1589 411 COMMENTARIUS
1628 355 1693 409 ΙΝ
1737 354 2147 410 MALACIHAM
2186 349 2633 407 PRUPI-ili'l‘AM.

3353 342 3457 402 533

176 470 441 543 ὀνομάζει
486 468 583 543 τὴν
636 476 691 527 ὲν
734 473 866 543 τῷδε
906 474 982 544 τῷ
1018 476 1208 546 κόσμῳ
1242 477 1379 547 μετὰ
1431 476 1632 549 σαρκὸς
1661 477 1772 529 ἐίσ-

1887 478 2146 532 visionem
2180 485 2359 530 autem
2398 474 2543 529 velut
2577 471 2993 542 spparitiouem.
3035 469 3167 524 Nam
3205 487 3327 525 cum
3368 488 3457 525 se-

177 567 343 636 6ολὴν
375 560 470 619 τοῦ
501 566 840 635 Μονογενοῦς
865 583 877 596 °
924 567 1191 620 ὀπτασίαν
1225 568 1305 631 δὲ,
1337 569 1437 639 τὴν
1460 564 1571 622 οἷον
1595 569 1771 638 ἐμφά-

176 676 349 713 νειαν.
401 660 661 728 Ἀὁρατος
695 660 800 728 γὰρ
841 657 981 712 κατὰ
1010 658 1171 727 φύσιν
1207 660 1484 729 ὑπάρχων,
1523 660 1598 723 ὡς
1619 660 1771 724 Θεὸς,

177 751 404 819 γέγονεν
428 750 697 821 ἐμφανὴς,
722 750 819 821 τὴν
847 751 983 819 πρὸς
1009 752 1154 821 ἡμᾶς
1177 752 1433 821 ὁμοίωσιν
1464 750 1770 804 ἀναλαϐών.

178 843 650 914 Προανακέκραγε
680 844 738 896 δὲ
782 842 937 896 τοῦτο
971 843 1161 912 σαφῶς
1195 844 1286 896 καὶ
1332 846 1360 896 6
1408 844 1679 914 Μελῳδὸς,
1717 845 1775 897 ἐν

176 936 456 1006 πνεύματι
504 936 715 1005 λέγων·
755 955 773 987 ι
829 937 885 990 ’0
927 936 1059 999 Θεὸς
1096 937 1356 1006 ἐμφανῶς
1401 936 1541 1006 ἥξει,
1580 939 1606 990 6
1641 936 1774 1001 Θεὸς

176 1029 359 1100 ἡμῶν,
393 1031 487 1082 καὶ
509 1030 569 1081 οὐ
606 1029 1460 1099 παρασιωπήσεται.ι-‹Γέγονε
1496 1029 1602 1099 γὰρ
1636 1030 1774 1100 σάρξ

177 1121 205 1172 ὀ
226 1119 423 1185 Λόγος,
453 1119 595 1171 καθά
625 1135 789 1188 φησιν
821 1122 849 1171 ὁ
875 1118 1161 1181 Θεσπέσιος
1197 1117 1466 1189 Ἰωάννης,
1492 1121 1585 1172 καὶ
1610 1120 1774 1190 ἐσκή-

178 1225 354 1261 νωσεν
394 1209 452 1259 ἐν
489 1209 639 1277 ἡμῖν,
692 1226 709 1258 ι
748 1212 839 1260 καὶ
872 1209 930 1259 ἐν
974 1207 1159 1259 δούλου
1190 1208 1377 1275 γέγονε
1412 1211 1615 1279 μορφῇ.
1665 1210 1774 1263 Καὶ

176 1303 293 1362 τοῖς
336 1299 437 1368 μὲν
470 1299 783 1369 ἠγαπηκόσι
821 1299 921 1369 τὴν
960 1299 1285 1366 ἐπιζάνειαν
1315 1300 1478 1353 αὑτοῦ
1519 1301 1774 1371 φορτικὸς

180 1392 281 1461 μὲν
313 1392 566 1461 οὐδαμῶς
590 1407 601 1419 ·
636 1392 826 1459 γέγονε
855 1392 912 1443 δὲ
956 1391 1157 1460 μᾶλλον
1181 1392 1342 1461 ἤπιός
1372 1409 1429 1445 τε
1461 1393 1555 1445 καὶ
1577 1395 1770 1462 πρᾶος,

178 1487 275 1537 καὶ
311 1484 457 1554 ζωῆς
509 1486 607 1554 τῆς
655 1487 734 1548 εἰς
768 1486 940 1537 αἰῶνα
975 1486 1161 1556 δοτήρ.
1210 1486 1355 1556 Ἔφη
1392 1485 1449 1538 δέ
1498 1504 1599 1539 που
1646 1488 1775 1558 περὶ

178 1577 347 1631 αὑτοῦ
388 1578 482 1630 καὶ
519 1579 547 1629 6
576 1578 709 1639 Θεὸς
754 1579 848 1631 καὶ
880 1579 1068 1649 Πατήρ
1090 1595 1103 1609 °
1143 1598 1161 1631 ι
1216 1579 1347 1632 Ἰδοὺ
1382 1581 1409 1631 6
1442 1581 1575 1643 Παῖς
1611 1596 1712 1649 μου
1748 1582 1776 1633 6

178 1670 491 1737 ἀγαπητὸς,
522 1671 579 1721 ἐν
678 1670 974 1740 ηύδόκησα.
1005 1670 1116 1723 Οὐκ
1150 1669 1342 1742 ἐρίσει,
1370 1671 1488 1725 οὐδὲ
1523 1672 1772 1742 κραυγά-

181 1780 287 1826 σει,
325 1764 446 1815 οὐδὲ
482 1764 881 1833 ἀκουσθήσεται
911 1762 1015 1827 ἔξω
1048 1766 1080 1834 ή
1113 1764 1264 1834 φωνὴ
1288 1763 1474 1819 αὑτοῦ,
1512 1766 1775 1835 Κάλαμον

1879 569 2115 625 cundum
2160 578 2408 621 naturam
2439 568 2508 622 sit
2538 564 2962 635 inaspectabilis,
2998 575 3054 619 ut
3088 564 3250 629 Deus,
3286 566 3457 620 nostri

1868 662 2231 733 similitudine
2262 671 2561 730 assumpta.
2584 660 2929 730 aspectabilis
2954 661 3143 714 evasit.
3182 658 3296 713 Hoc
3329 660 3456 713 item

1877 752 2163 821 perspicue
2212 750 2512 804 Mudulator
2558 759 2686 803 ante
2732 749 3112 817 proclamavit,
3160 748 3211 801 in
3264 748 3457 817 spiritu

1880 845 2103 899 dicens:
2150 862 2168 895 ι
2203 844 2344 897 Deus
2390 842 2681 897 utanil‘este
2721 843 2921 905 veniet,
2966 843 3104 895 Dens
3149 851 3356 905 noster,
3403 851 3459 893 et

1878 953 1985 992 non
2022 927 2203 991 silebit
2228 937 2328 989 δ’.»
2366 930 2522 1000 Nam,
2551 945 2607 988 ut
2634 935 2708 987 ait
2748 935 2964 987 divinus
2985 932 3243 995 Joannes.
3276 952 3295 984 ι
3327 932 3459 988 Ver-

1878 1032 2004 1086 bum
2047 1047 2177 1085 caro
2209 1029 2411 1083 factum
2448 1037 2553 1092 est,
2584 1036 2639 1081 et
2678 1027 2941 1081 habitavit
2972 1028 3025 1081 in
3063 1029 3311 1089 nobis",
3348 1046 3366 1077 ι
3404 1037 3459 1081 et

1876 1124 2080 1179 factum
2106 1124 2264 1178 estin
2296 1122 2467 1176 forma
2495 1124 2635 1176 servi
2664 1122 2731 1178 ⁸¹.
2759 1121 2837 1176 Ac
2862 1121 3209 1191 diligentibus
3237 1122 3455 1191 quidem

1877 1218 2374 1273 mattil‘cstationem
2429 1216 2545 1285 ejus
2590 1215 2812 1268 minime
2864 1230 3165 1280 onerosus;
3212 1215 3459 1284 quiuimo

1876 1309 2116 1363 clemens
2155 1318 2209 1363 et
2255 1319 2569 1361 mansuetus
2607 1306 2725 1372 fuit,
2766 1316 2816 1359 et
2852 1308 3016 1360 vitam
3056 1317 3319 1363 aeternam
3356 1308 3460 1363 illis

1878 1403 2197 1472 impertivit.
2246 1402 2319 1456 De
2366 1417 2476 1470 quo
2521 1402 2647 1455 item
2692 1401 2831 1455 Deus
2878 1410 2930 1456 et
2987 1401 3150 1454 Pater
3204 1404 3401 1457 alicubi
3442 1419 3457 1457 :

1884 1511 1902 1542 ι
1938 1492 2077 1546 Ecce
2109 1490 2281 1545 Filius
2311 1506 2461 1544 mens
2493 1491 2745 1557 dilectus,
2781 1492 2831 1544 in
2859 1508 2965 1561 quo
2990 1492 3314 1561 complacui.
3342 1493 3459 1548 Non

1876 1586 2185 1649 contendet,
2241 1598 2415 1653 neque
2457 1583 2735 1650 clamabit,
2785 1600 2959 1653 neque
3015 1588 3265 1640 audietur
3321 1586 3458 1641 foris

1878 1692 1982 1730 vox
2010 1676 2145 1742 ejus.
2187 1676 2521 1730 Arundiuem
2556 1686 2869 1745 quassatam
2910 1694 3013 1731 non
3048 1677 3372 1745 confringet,
3404 1688 3459 1733 et

1878 1771 2046 1824 linum
2088 1769 2359 1840 l‘tnnigaus
2402 1786 2506 1824 non
2550 1771 2888 1841 exstingttel;
2945 1773 3039 1826 sed
3085 1774 3136 1826 in
3174 1775 3455 1829 veritatem

184 1854 654 1924 συντεθλασμένον
685 1856 745 1906 ού
770 1853 1045 1918 κατεάξει,
1081 1855 1175 1907 καὶ
1204 1855 1348 1907 λίνον
1377 1855 1681 1924 τυφόμενον
1710 1855 1769 1907 οὐ

1887 1863 2069 1917 educet
2110 1861 2375 1929 judicium
2418 1862 2487 1917 ".
2522 1880 2542 1913 ι
2578 1862 2649 1916 At
2688 1840 2832 1916 enim
2874 1862 3103 1918 salutem
3146 1876 3239 1930 per
3282 1864 3456 1933 ipsum

181 1947 407 2000 σϐέσει·
450 1947 565 2000 ἀλλ’
610 1948 689 2011 είς
738 1946 996 2018 ἀλήθειαν
1045 1946 1244 2011 ἐξοίσει
1293 1947 1495 2017 κρίσιν.
1549 1966 1567 1999 ι
1627 1947 1773 2019 Πλὴν

178 2044 294 2104 τοῖς
329 2038 656 2110 ἀτιμάζουσι
687 2039 784 2110 τὴν
810 2040 875 2092 δι’
905 2039 1071 2093 αὐτοῦ
1108 2040 1404 2111 σωτηρίαν,
1445 2040 1538 2092 καὶ
1564 2039 1662 2112 τὴν
1685 2039 1775 2093 διὰ

180 2132 423 2195 πίστεως
461 2131 780 2202 καθαίρεσιν
820 2132 881 2184 ού
928 2132 1312 2203 προσιεμένοις
1347 2131 1545 2203 συνέϐη
1581 2131 1774 2187 παθεῖν

179 2226 249 2278 τὰ
282 2224 465 2277 πάντα
516 2226 774 2294 αἴσχιστα
821 2223 929 2277 τῶν
976 2225 1181 2278 κακῶν.
1230 2222 1523 2277 Διολὼλασι
1571 2224 1677 2295 γὰρ
1726 2226 1773 2277 oi

179 2317 435 2380 τάλανες.
478 2317 768 2387 Τοιγάρτοι
808 2316 904 2370 καὶ
937 2316 1140 2386 ἔφασκε
1174 2318 1297 2380 ταῖς
1340 2316 1606 2369 Ἰουδαίων
1641 2316 1773 2384 ἀγέ-

178 2406 300 2470 λαις
321 2425 337 2439 ·
378 2426 396 2458 ι
446 2407 619 2478 Ἀμὴν
649 2407 789 2476 λέγω
824 2408 1072 2477 ὑμῖν,ὂτι
1110 2408 1205 2461 ἐὰν
1230 2406 1305 2478 μὴ
1331 2407 1659 2478 πιστεύσητε
1692 2409 1774 2460 ὃτι

182 2498 294 2567 ἐγώ
339 2501 480 2571 εἰμι,
531 2503 587 2553 ἐν
622 2503 740 2563 ταῖς
783 2500 1083 2571 ἁμαρτίαις
1135 2501 1289 2570 ὑμῶν
1330 2500 1712 2554 ἀποθανεῖσθε.
1749 2518 1770 2553 s

1876 1954 2282 2022 adipiscendam
2330 1954 2772 2025 aspernantibus,
2825 1957 3309 2026 purgationemque
3365 1971 3458 2026 per

1880 2047 2038 2102 [idem
2091 2047 2487 2115 rejicientibus,
2521 2049 2763 2103 omnium
2822 2051 3087 2105 malorum
3152 2050 3457 2106 fwdissima

1876 2141 2083 2210 perpeti
2146 2141 2394 2212 contigit.
2458 2140 2746 2197 Perierunt
2798 2143 2945 2197 enim
3000 2143 3205 2199 miseri.
3279 2144 3461 2209 Quare

1876 2233 2040 2287 etiam
2080 2231 2392 2288 Judtcorum
2445 2234 2619 2290 turbis
2657 2235 2870 2290 dicebat
2901 2254 2915 2290 :
2952 2254 2971 2287 ι
3000 2240 3171 2291 Amen
3202 2238 3324 2292 dico
3368 2254 3457 2291 vo-

1877 2325 1984 2390 bis,
2024 2326 2123 2380 nisi
2170 2327 2515 2383 credideritis
2564 2330 2688 2397 quia
2730 2345 2831 2399 ego
2871 2344 3011 2395 sum,
3057 2332 3361 2385 moriemini
3404 2331 3456 2385 iu

1876 2420 2121 2488 peccatis
2144 2421 2338 2476 vestris
2364 2422 2432 2477 ⁸³.
2462 2441 2479 2473 ι
2506 2422 2570 2477 Ει
2590 2423 2785 2476 alicubi
2805 2421 3038 2478 Joannes
3064 2440 3079 2477 :
3108 2441 3126 2476 ι
3159 2423 3257 2490 Qui
3287 2424 3462 2478 credit

1878 2512 1931 2565 in
1952 2509 2169 2576 Filium,
2201 2528 2305 2567 non
2331 2513 2635 2582 judicatur;
2666 2514 2757 2584 qui
2783 2524 2962 2569 autem
2992 2531 3093 2569 non
3121 2519 3316 2582 credit,
3342 2516 3458 2583 jam

185 2593 332 2662 Ἔφη
368 2593 425 2645 δέ
461 2610 561 2645 που
598 2593 691 2647 καὶ
719 2594 749 2646 ὀ
792 2593 1042 2663 Ἰωάννης
1064 2608 1075 2618 ·
1108 2611 1125 2643 t
1182 2593 1241 2645 Ὀ
1270 2592 1542 2646 πιστεύων
1576 2594 1655 2655 είς
1683 2590 1775 2645 τὸν

1887 2605 2149 2665 iudicatus
2176 2615 2280 2672 est,
2314 2608 2439 2675 quia
2466 2622 2568 2661 non
2599 2608 2831 2662 credidit
2863 2608 2917 2662 in
2953 2610 3171 2663 nomine
3198 2611 3459 2681 unigeniti

182 2683 336 2748 Υίὸν,
369 2684 427 2737 ού
462 2684 726 2756 κρίνεται·
762 2684 791 2736 6
835 2684 893 2738 δὲ
931 2685 1005 2755 μὴ
1038 2685 1332 2747 πιστεύων,
1368 2685 1471 2755 ἤδη
1501 2684 1775 2755 κέκριται,

183 2776 266 2828 ὃτι
292 2776 369 2847 μὴ
401 2774 765 2828 πεπίστευκεν
787 2777 867 2838 είς
887 2776 949 2827 τὸ
969 2776 1139 2846 ὄνομα
1164 2776 1257 2830 τοῦ
1288 2775 1417 2829 Υίοῦ
1441 2774 1535 2828 τοῦ
1556 2774 1711 2827 Θεοῦ.
1751 2793 1771 2828 ι

187 2867 541 2937 Προσεφώνει
586 2867 643 2920 δὲ
674 2868 767 2919 καὶ
799 2868 982 2930 αὐτοῖς
1030 2871 1142 2930 τοῖς
1189 2867 1248 2931 ἐξ
1289 2867 1537 2938 Ἰσραήλ·
1578 2886 1595 2917 ι
1637 2866 1775 2937 Ἤδη

187 2960 239 3014 δὲ
276 2964 309 3031 ἡ
345 2961 506 3029 ἀξίνη
534 2960 669 3032 πρὸς
704 2960 803 3029 τὴν
837 2960 993 3029 ῥίζαν
1023 2959 1131 3012 τῶν
1163 2960 1394 3032 δένδρων
1430 2963 1625 3012 κεῖται.
1662 2959 1777 3013 Πᾶν

187 3050 277 3108 οὖν
308 3054 548 3124 δένδρον
607 3053 680 3124 μὴ
735 3051 924 3106 ποιοῦν
972 3052 1183 3124 καρπὸν
1241 3053 1404 3107 καλὸν
1454 3053 1779 3105 ἐκκόπτεται

188 3146 279 3200 καὶ
308 3146 391 3207 είς
423 3145 533 3217 πῦρ
570 3143 844 3213 βάλλεται.
889 3161 907 3195 ι
944 3142 1157 3196 Οὐκοῦν
1183 3144 1294 3205 τοῖς
1326 3142 1424 3213 μὲν
1462 3141 1778 3196 ἀπειθοῦσιν

190 3239 465 3310 ἀφόρητος
504 3238 597 3290 καὶ
630 3238 688 3289 ού
721 3236 844 3290 λίαν
870 3234 1047 3298 οἱστὸς
1080 3234 1180 3305 τῆς
1212 3251 1270 3288 τε
1312 3235 1515 3288 εἰσόδου
1560 3236 1652 3288 καὶ
1680 3236 1779 3305 τῆς

92 3394 101 3405 ε
188 3333 455 3396 ὀπτασίας
500 3331 665 3386 αὐτοῦ
705 3332 927 3400 γέγονεν
963 3331 992 3382 6
1033 3329 1244 3399 καιρός.
1292 3329 1610 3399 Ἡλέγχοντο
1648 3329 1780 3400 γὰρ,

190 3423 263 3486 ὡς
323 3423 483 3477 αὐτοὶ
532 3422 635 3484 τὰς
690 3420 841 3489 σφῶν
894 3418 1200 3483 διολλύντες
1249 3418 1459 3489 ψυχὰς,
1512 3420 1604 3473 καὶ
1665 3422 1785 3483 ταῖς

191 3515 398 3571 ὀαυτῶν
455 3513 752 3585 ἁμαρτίαις
797 3512 1281 3583 ὲντεθνηξόμενοι,
1329 3512 1419 3564 διά
1467 3528 1548 3564 τοι
1594 3510 1656 3564 τὸ
1708 3510 1783 3581 μὴ

192 3607 412 3661 ἑλέσθαι
438 3609 654 3676 φρονεῖν
696 3603 873 3675 ὀρθῶς
904 3602 1290 3675 προσήκασθαί
1321 3620 1382 3656 τε
1412 3604 1491 3666 είς
1522 3600 1647 3657 νοῦν
1689 3603 1785 3656 καὶ

193 3700 421 3773 καρδίαν
469 3698 571 3770 τὴν
616 3698 705 3754 διὰ
757 3699 996 3762 πίστεως
1039 3698 1327 3768 κάθαρσιν.
1384 3715 1404 3749 s
1462 3698 1558 3761 Τίς
1602 3696 1781 3750 τοίνυν

193 3794 480 3862 ὑπομενεῖ,
512 3792 701 3863 φησὶν,
724 3791 938 3861 ἡμέραν
970 3789 1179 3843 εἰσόδου
1211 3788 1411 3853 αὐτοῦ;
1440 3789 1513 3841 ’Ἡ
1538 3788 1622 3852 τίς
1650 3789 1785 3841 ὑπο·

194 3889 456 3956 στήσεται
488 3886 545 3939 ὲν
579 3887 644 3955 τῇ
687 3884 924 3956 ὀπτασίᾳ
958 3882 1160 3949 autcf);
1206 3902 1225 3935 ι
1280 3881 1563 3948 Τουτέστι,
1595 3882 1679 3945 τίς
1716 3881 1782 3955 δὴ

194 3980 300 4051 ἄρα
346 3978 605 4031 τοσοῦτον
653 3977 806 4029 ἔσται
857 3976 1028 4039 δεινός
1069 3991 1131 4029 τε
1178 3975 1272 4029 καὶ
1323 3972 1558 4045 ἀπηνὴς,
1605 3974 1679 4035 ὡς
1724 3975 1783 4029 ἐν

195 4070 373 4140 καιρῷ
416 4070 513 4122 καὶ
562 4068 748 4140 ἡμέρᾳ
791 4067 891 4137 τῆς
942 4069 1022 4131 είς
1069 4066 1274 4136 κόσμον
1319 4064 1568 4135 εἰσϐολῆς
1618 4063 1782 4118 αὑτοῦ

196 4164 375 4233 (δῆλον
400 4162 459 4214 δὲ
487 4162 568 4213 ὅτι
605 4160 708 4230 τῆς
741 4159 878 4231 μετὰ
914 4158 1137 4230 σαρκὸς,
1166 4158 1232 4212 δι’
1256 4153 1324 4231 ἦς
1347 4158 1416 4213 ἂν
1449 4157 1659 4227 γένοιτο
1690 4158 1784 4211 καὶ

1878 2697 2001 2754 Filii
2037 2700 2131 2753 Dei
2155 2698 2220 2753 “.
2264 2718 2282 2751 ι
2316 2700 2461 2754 Dixit
2490 2699 2748 2755 lsraelitis
2775 2717 2990 2769 quoque
3018 2721 3029 2755 :
3061 2721 3079 2752 ι
3107 2701 3224 2757 Jam
3251 2705 3462 2758 securis

1881 2793 1949 2845 ad
1992 2792 2229 2847 radicem
2262 2795 2515 2846 arborum
2548 2795 2721 2862 posita
2757 2804 2861 2849 est.
2900 2792 3092 2849 Omnis
3126 2797 3269 2848 enim
3297 2796 3463 2849 arbor

1881 2903 2002 2956 qua:
2048 2904 2153 2942 non
2201 2888 2330 2943 facit
2384 2889 2617 2942 fructum
2680 2889 2904 2949 bonum,
2956 2890 3237 2944 cxcidctur
3293 2900 3347 2944 et
3409 2892 3460 2944 in

1883 2982 2060 3053 ignem
2088 2984 2332 3036 mittetur
2352 2984 2421 3039 ".
2452 3003 2471 3036 ι
2494 2984 2790 3038 incredulis
2815 3000 2945 3053 ergo
2970 2993 3182 3053 tempus
3204 2985 3460 3039 introitus

1881 3084 1937 3127 et
1985 3075 2209 3129 visionis
2252 3074 2370 3142 ejus
2422 3075 2760 3130 intolerabile
2809 3085 2862 3129 ct
2921 3091 3109 3145 parum
3180 3073 3463 3130 ferendum

1886 3166 2101 3221 accidit.
2161 3167 2719 3235 Repreln-ndebaulur
2766 3169 2941 3231 enim,
2988 3178 3171 3236 utpote
3227 3170 3316 3237 qui
3366 3168 3467 3238 ipsi

1885 3276 2013 3316 suas
2046 3262 2257 3315 animas
2286 3261 2594 3330 perderent,
2625 3268 2678 3313 et
2707 3261 2756 3313 in
2791 3260 3028 3330 peccatis
3060 3260 3170 3313 suis
3194 3261 3467 3326 morituri,

1885 3352 2010 3422 quia
2042 3352 2177 3406 bene
2204 3366 2415 3420 sapere,
2448 3361 2502 3405 et
2534 3351 2586 3404 in
2620 3352 2858 3404 animum
2886 3360 3045 3420 atque
3066 3366 3162 3405 cor
3190 3352 3465 3420 purgatio—

1888 3459 2009 3497 nem
2046 3460 2141 3513 per
2168 3445 2327 3498 iidem
2354 3444 2642 3499 admittere
2664 3446 3053 3498 detrectarent.
3085 3442 3252 3514 852
3288 3464 3305 3495 ι
3333 3444 3467 3511 Quis

1887 3536 2051 3606 igitur
2084 3535 2393 3601 sustinebit,
2435 3535 2633 3605 inquit,
2688 3537 2829 3591 diem
2865 3539 3130 3590 adventus
3174 3537 3327 3607 ejus?
3363 3538 3471 3590 Aut

1888 3629 2009 3697 quis
2037 3629 2326 3683 sustinebit
2359 3628 2411 3681 in
2442 3630 2649 3683 visione
2675 3628 2831 3697 ejus?
2864 3650 2880 3680 ι
2907 3629 3020 3685 Hoc
3046 3639 3149 3693 est,
3179 3630 3302 3699 quis
3335 3631 3470 3684 adeo

1888 3718 2057 3774 durus
2081 3729 2138 3775 et
2161 3719 2404 3783 immitis,
2438 3730 2495 3773 ut
2520 3728 2760 3789 tempore
2782 3730 2834 3774 et
2856 3720 2943 3775 die
2976 3721 3093 3789 ejus
3123 3723 3173 3774 in
3210 3724 3466 3775 mundum

1890 3811 2165 3881 ingressus
2199 3814 2351 3883 (cum
2388 3828 2551 3867 carne
2587 3813 2858 3875 videlicet,
2902 3829 2998 3882 per
3029 3826 3188 3882 quam
3233 3824 3288 3867 et
3323 3816 3467 3883 tangi

1893 3920 1987 3957 seu
2022 3905 2189 3959 videri
2214 3907 2423 3976 possit)
2457 3904 2758 3960 subsistere
2799 3906 3031 3961 infracto
3062 3908 3244 3963 animo
3269 3909 3474 3977 queat?

1890 3995 2151 4050 Punietur
2200 3998 2383 4065 itaque
2425 3997 2775 4059 omnimodis,
2832 4006 2886 4052 et
2931 3997 3159 4051 acerbas
3207 3998 3472 4053 vecordia

1890 4100 2001 4139 sua!
2025 4100 2214 4155 poenas
2249 4085 2378 4140 luet.

197 4254 393 4316 ἁπτὸς,
418 4253 588 4321 ἤγουν
631 4250 847 4322 ὁρατὸς)
889 4250 1190 4319 ὑποστῆναι
1218 4267 1278 4303 τε
1327 4251 1423 4302 καὶ
1467 4248 1789 4319 ἁθραύστως
1828 4248 2000 4320 ἔχειν;
2034 4252 2442 4322 Κολασθήσεται
2512 4249 2605 4305 οὖν
2648 4252 2825 4322 πάντη
2888 4270 2947 4305 τε
2988 4254 3079 4305 καὶ
3110 4252 3346 4318 πάντως,
3380 4254 3475 4304 καὶ

196 4346 400 4413 πικρὰς
428 4344 526 4412 τῆς
562 4342 821 4402 ἀπονοίας
861 4342 1074 4393 ἀποτιεί
1109 4340 1283 4403 δίκας.

265 4438 425 4488 Διότι
464 4433 647 4497 αὐτὸς
672 4434 1083 4500 εἰσπορεύεται
1121 4434 1202 4499 ὡς
1233 4432 1353 4500 πῦρ
1379 4432 1788 4500 χωνευτηρίου

1970 4431 2131 4484 Vens.
2170 4431 2223 4483 5.
2259 4428 2399 4495 Quia
2437 4429 2545 4497 ipse
2569 4428 2890 4498 ingredietur
2912 4430 3065 4494 quasi
3092 4431 3227 4497 igm’s
3272 4434 3472 4501 conﬂa-

198 4527 295 4581 καί
325 4528 408 4592 ὡς
442 4528 561 4579 πόα
607 4526 985 4578 πλυνόντων.
1029 4524 1327 4578 Καθιεῖται
1366 4525 1647 4593 χωνεύων
1689 4520 1789 4575 καὶ

196 4615 548 4688 καθαρίζων,
592 4616 673 4683 ὡς
707 4614 773 4669 τὸ
812 4617 1098 4686 ἀργύριον
1141 4617 1239 4669 καί
1271 4616 1352 4681 ὡς
1391 4614 1458 4668 τὸ
1507 4615 1785 4685 χρυσίον,

197 4710 296 4763 καὶ
348 4708 663 4775 καθαρίσει
697 4706 841 4773 τοὺς
878 4706 1051 4772 υἱοὺς
1086 4707 1251 4769 Λευῒ,
1282 4707 1383 4762 καί
1413 4707 1543 4777 χεεῒ
1566 4707 1788 4772 αὐτοὺς

197 4803 404 4870 ὥσπερ
434 4802 500 4854 τὸ
535 4802 793 4869 χρυσίον
823 4800 921 4853 καὶ
950 4800 1019 4855 τὸ
1052 4801 1353 4871 ἀργύριον.

267 4894 392 4950 AA‘.
437 4892 739 4962 Πεποίηται
776 4892 876 4960 μὲν
910 4894 969 4947 ἐν
1014 4893 1225 4957 τούτοις
1255 4893 1332 4957 ὡς
1372 4893 1433 4960 ἐξ
1474 4896 1791 4967 ὁμοιότητος

201 4985 310 5039 τῶν
358 4982 483 5037 καθ’
531 4984 676 5055 ἡμᾶς
708 4983 1051 5054 πραγμάτων
1100 4986 1129 5038 ὀ
1176 4984 1355 5053 λόγος,
1385 4984 1699 5060 ἀπόρρητον
1736 4987 1794 5043 δι

205 5076 509 5147 μυστηρίου
535 5075 769 5147 δήλωσιν
799 5076 1167 5146 είσκομίσειεν
1209 5077 1276 5130 ἂν
1305 5079 1417 5141 τοῖς
1448 5078 1794 5149 νουνιχεστέ-

204 5187 340 5243 ροις.
383 5168 653 5240 ’Δργύρου
687 5169 786 5240 μὲν
816 5170 927 5240 γὰρ
956 5170 1052 5223 καὶ
1076 5168 1302 5241 χρυσίου
1337 5171 1616 5225 ποιοῦνται
1644 5171 1792 5226 60x:-

207 5268 413 5335 μασίαν
439 5268 491 5319 οἱ
523 5264 697 5320 ταῦτα
724 5267 899 5334 σοφοὶ,
929 5265 1063 5337 πυρὶ
1092 5266 1498 5337 κατατήκοντις
1528 5268 1636 5320 πᾶν
1671 5268 1795 5320 ὅσον

206 5361 264 5413 ἐν
291 5359 479 5420 αὐτοῖς
509 5359 627 5409 ἐστι
653 5355 904 5425 κίϐδηλόν
929 5372 990 5409 τε
1024 5356 1117 5408 καὶ
1147 5355 1565 5424 ἀκαλλέστερον.
1590 5356 1710 5428 Πῦρ
1737 5356 1796 5408 δὲ

207 5450 267 5504 τὸ
295 5449 439 5504 θεῖον
483 5447 579 5502 καί
628 5446 939 5517 οὐρανόθεν,
986 5444 1321 5516 τουτέστι,ὴ
1370 5445 1460 5498 διὰ.
1498 5443 1590 5498 τιῦ
1639 5445 1797 5512 ἁγίου

213 5546 530 5617 Πνεύματος
578 5543 760 5614 χάρις,
810 5543 933 5597 καθ’
974 5544 1041 5606 ἦν
1089 5542 1155 5596 ἂν
1204 5543 1415 5610 γένοιτο
1454 5543 1546 5598 καὶ
1586 5542 1796 5608 ζῶντας

278 5746 321 5773 ⁸³
360 5741 507 5795 Psai.
539 5754 690 5813 ηιξ,
717 5740 817 5813 3.“
924 5738 1080 5813 Jtian.
1126 5758 1162 5801 I,
1186 5740 1289 5813 14.
1353 5740 1394 5773 "
1423 5740 1651 5813 Philipp.
1690 5758 1746 5806 ιι,
1779 5741 1831 5793 7.

214 5811 437 5869 “Joan.
482 5825 568 5871 ιιι,
606 5808 685 5861 18.
775 5810 818 5840 "
844 5809 1028 5864 Matth.
1064 5826 1145 5867 ιιι.
1178 5810 1264 5864 10.

1896 4527 2018 4579 torii
2059 4535 2109 4579 et
2151 4525 2300 4595 quasi
2336 4525 2495 4578 herba
2539 4524 2857 4578 lavantium.
2910 4521 3119 4578 Sedebit
3160 4526 3395 4591 can/imis
3426 4535 3477 4579 et

1895 4619 2212 4680 cmundans,
2245 4618 2385 4670 sicut
2411 4628 2684 4686 argentum
2714 4626 2761 4669 et
2783 4618 2917 4670 sicut
2945 4633 3134 4669 aurum
3160 4630 3177 4667 :
3214 4626 3262 4669 et
3293 4634 3467 4669 εηιιιηι

1895 4709 2039 4762 dabit
2084 4708 2225 4777 ﬁlios
2262 4706 2413 4769 Levi,
2453 4717 2499 4760 et
2522 4706 2755 4775 claudet
2791 4723 2878 4762 eos
2907 4708 3039 4761 sicut
3076 4722 3267 4759 aurum
3300 4718 3347 4759 et
3385 4724 3475 4758 ar-

1889 4812 2120 4870 genium.

1965 4891 2208 4947 XXXIV.
2252 4890 2327 4946 Ex
2356 4890 2714 4945 similitudine
2738 4904 2916 4943 rerum
2940 4894 3255 4943 nostrarum
3294 4903 3479 4944 sermo

1897 4987 2154 5052 'rahitur,
2190 4994 2247 5039 et
2288 4982 2473 5039 arcani
2515 4981 2797 5053 cujusdam
2842 4982 3085 5054 mysterii
3116 4982 3475 5052 signiﬁcatio-

1897 5095 2022 5136 nem
2052 5078 2451 5149 complectitur,
2486 5077 2530 5130 si
2562 5077 2685 5147 quis
2716 5078 2858 5132 dicta
2899 5076 3194 5145 prudenter
3223 5086 3481 5132 excutere

1899 5175 2060 5230 norit.
2105 5173 2404 5242 Argentum
2440 5170 2587 5224 enim
2626 5178 2681 5223 et
2717 5184 2908 5223 aurum
2947 5168 3175 5237 probant
3210 5181 3307 5222 seu
3350 5182 3479 5221 exa-

1902 5267 2113 5320 minant
2138 5279 2318 5318 rerum
2354 5264 2575 5316 istarum
2602 5261 2758 5330 periti
2787 5259 3046 5324 artiﬁces,
3072 5258 3195 5329 igne
3217 5259 3478 5328 collique-

1904 5359 2165 5412 facienles
2202 5370 2251 5409 et
2291 5364 2671 5409 consumenles
2709 5352 2971 5422 quidquid
3009 5355 3061 5406 itt
3102 5353 3233 5424 ipsis
3268 5351 3481 5406 adulle-

1903 5451 2080 5505 rinum
2122 5459 2176 5504 et
2215 5448 2491 5501 sordidum
2530 5456 2633 5499 est.
2682 5446 2903 5499 Divinas
2933 5455 3111 5499 autem
3156 5455 3211 5499 et
3243 5443 3484 5500 cmlestis

1904 5544 2066 5612 ignis,
2115 5543 2217 5595 hoc
2254 5551 2357 5605 est,
2407 5540 2579 5611 gratia
2626 5555 2720 5608 per
2753 5540 3015 5608 Spiritum
3067 5548 3334 5601 sanctum,
3376 5552 3480 5605 qua

1940 5746 1982 5781 ι’
2015 5742 2093 5797 lsa
2143 5757 2278 5810 xm,
2311 5739 2430 5803 1-3:
2466 5738 2656 5792 Matth.
2688 5755 2784 5801 xu,
2820 5738 2910 5793 {8.
2984 5739 3028 5771 ⁸³
3054 5737 3207 5792 Jnau.
3237 5752 3352 5801 vm,
3388 5734 3478 5789 24.
