3934 6318
444 304 555 383 ιιοέ

1479 324 1537 381 S.
1579 323 1856 381 CYBILIJ
1896 324 2370 382 ALEXANDRINI
2410 327 2733 385 ARCHIEP.

3623 329 3731 387 5'50

450 450 720 520 possimus
751 448 914 505 etiam
950 448 1195 504 viventes
1221 461 1319 504 nos
1350 446 1402 501 in
1425 447 1619 519 spiritu
1643 454 2035 519 consummari,

2149 453 2289 523 ἡμᾶς
2320 453 2700 507 ἀποτελεῖσθαι
2733 453 2808 524 τῷ
2846 452 3143 524 Πνεύματι,
3169 452 3297 505 ὅταν
3324 450 3403 516 είς
3437 451 3563 507 νοῦν
3597 455 3731 508 καθοη

451 542 523 607 si,
541 541 758 598 Christo
778 540 1127 606 immittente,
1148 538 1201 593 in
1220 546 1457 594 mentem
1479 550 1644 609 atque
1656 555 1755 595 cor
1772 550 2040 611 penetret,

451 647 604 703 tunc,
654 634 934 699 nimirum,
987 640 1117 689 tunc
1158 645 1375 687 omnem
1428 633 1640 703 peccati
1692 634 1929 689 scoriam
1977 648 2040 687 ex

452 725 743 796 praeteritis
792 724 1037 795 lapsibus
1093 732 1437 780 contractam
1478 724 1697 779 deterit.
1734 725 1913 795 Atque
1968 723 2043 778 ita

453 828 715 890 purgatos
744 818 911 873 etiam
944 817 1361 888 probatissimos
1389 817 1591 883 reddit,
1615 827 1668 871 et
1696 826 1903 871 tantum
1936 831 2043 871 non

450 911 723 982 spirituali
772 910 1010 983 quodam
1060 909 1222 964 modo
1270 908 1431 965 aliter
1464 909 1534 963 ad
1583 908 1880 962 novitatem
1922 908 2046 963 vita:

449 1006 698 1072 fabricat,
737 1015 793 1059 et
826 1018 952 1057 vasa
984 1002 1240 1070 deinceps
1272 1000 1505 1071 insignia
1534 1010 1589 1055 et
1620 1000 1957 1055 sanctiﬁcata
1989 1007 2046 1055 et

448 1098 506 1152 in
546 1097 809 1151 honorem
850 1102 1165 1163 comparata
1204 1101 1258 1147 et
1302 1107 1515 1164 magna:
1568 1093 1783 1160 domui,
1819 1093 1924 1148 hoc
1964 1100 2047 1148 est

448 1190 726 1253 Ecclesiae,
758 1188 919 1244 utilia
956 1186 1120 1243 efﬁcit
1147 1186 1216 1240 ³⁸.
1247 1203 1267 1237 ι
1309 1184 1450 1242 Hinc
1479 1186 1689 1241 scilicet
1718 1185 1960 1241 divinum
1993 1194 2049 1241 et

449 1283 551 1337 sub
576 1281 995 1352 intelligentiam
1024 1281 1310 1336 cadentem
1343 1278 1525 1349 ignem
1557 1289 1780 1333 sanctus
1805 1276 2045 1333 Joannes

448 1376 799 1447 signiﬁcavit,
826 1391 945 1430 cum
969 1375 1172 1430 diceret
1196 1393 1211 1431 :
1245 1391 1265 1425 ι
1295 1373 1408 1444 Ego
1435 1374 1653 1442 baptizo
1680 1389 1776 1428 vos
1803 1373 1855 1429 in
1880 1388 2042 1444 aqua.

449 1467 579 1521 Post
621 1479 708 1521 me
749 1464 932 1520 veniet
966 1465 1066 1529 vir,
1108 1462 1267 1532 cuius
1306 1478 1415 1518 non
1441 1477 1561 1517 sum
1593 1462 1788 1533 dignus
1823 1472 1881 1517 ut
1917 1477 2046 1531 pro—

450 1559 718 1614 cumbens
747 1557 955 1613 solvam
994 1556 1287 1625 corrigiam
1333 1555 1687 1611 calceamenti
1735 1555 1872 1625 ejus.
1929 1552 2047 1623 Ipse

449 1665 545 1707 vos
567 1649 864 1720 baptizabit
882 1649 934 1703 in
955 1647 1165 1718 Spiritu
1180 1657 1368 1704 sancto
1387 1658 1441 1703 et
1459 1649 1564 1718 igni
1580 1648 1645 1701 ".
1662 1667 1679 1701 ι
1704 1647 2047 1703 Meminimus

449 1755 503 1799 et
524 1744 799 1799 Christum
825 1742 1007 1797 dicere
1034 1763 1047 1798 :
1082 1761 1111 1794 (-
1131 1742 1314 1814 ignem
1344 1743 1466 1798 veni
1492 1743 1709 1798 mittere
1733 1743 1787 1797 in
1814 1751 2037 1808 terram,

2147 546 2316 597 ίκοιτο
2350 544 2445 598 καὶ
2491 545 2741 616 καρδίαν,
2774 546 3005 609 ὲνιέντος
3046 544 3304 616 Χριστοῦ,
3333 544 3454 598 τότε
3491 546 3576 618 δὴ,
3609 548 3732 601 τότε

2142 636 2324 689 πάντα
2352 636 2452 707 μὲν
2479 637 2572 690 τὸν
2597 637 2656 701 ἐξ
2686 637 2957 708 ἁμαρτίας
2985 638 3279 708 διασμήχει
3306 637 3496 709 ῥύπον,
3521 640 3615 692 καὶ
3644 639 3735 693 τὸν

2144 729 2207 780 ὲκ
2234 727 2342 781 τῶν
2382 729 2482 799 ἤδη
2518 729 3005 801 προεπταισμένων
3025 729 3241 800 δαπανᾷ
3280 729 3577 801 μολυσμόν.
3624 732 3735 783 Κε-

2144 819 2279 873 καθα
2289 837 2525 891 ρμενους
2547 838 2607 874 τε
2632 820 2776 874 οὕτω
2802 823 2895 875 καὶ
2922 822 3327 892 δοκιμωτάτους
3350 824 3478 886 τοὺς
3508 823 3733 894 ἔχοντας

2143 913 2415 978 ἀποτελεῖ,
2459 912 2553 964 καὶ
2599 912 2879 982 μονονουχὶ
2912 911 3306 982 μετοιχαλκεύει
3343 913 3549 983 νοητῶς
3594 914 3733 985 πρὸς

2142 1005 2472 1076 καινοτάτην
2503 1004 2668 1074 ζωὴν,
2698 1005 2792 1057 καὶ
2833 1004 3001 1075 σκεύη
3036 1004 3220 1057 λοιπὸν
3264 1005 3557 1075 ἀποφαίνει
3589 1005 3735 1075 λαμο

2146 1095 2263 1167 πρὰ
2303 1097 2398 1150 καὶ
2431 1096 2742 1167 ἡγιασμένοι
2778 1096 2874 1149 καὶ
2912 1099 2991 1160 εἰς
3039 1098 3204 1169 τιμὴν
3248 1099 3737 1169 κατεσκευασμένα

2144 1191 2288 1261 οἰκίᾳ
2320 1207 2380 1243 τε
2415 1192 2482 1259 τῆ
2528 1190 2740 1263 μεγάλῃ
2778 1192 3047 1262 χρήσιμα,
3078 1191 3361 1245 τουτέστιν
3390 1195 3457 1263 τῇ
3499 1193 3737 1264 Ἐκκληο

2147 1280 2259 1351 σίᾳ.
2279 1283 2464 1355 ,Τούτο
2486 1281 2548 1352 δὴ
2579 1281 2639 1334 τὸ
2661 1281 2800 1335 θεῖόν
2828 1300 2887 1335 τε
2915 1284 3009 1336 καὶ
3039 1283 3229 1354 νοητὸν
3253 1286 3601 1354 κατεσήμανε
3624 1285 3738 1356 πῦρ

2145 1374 2173 1425 6
2202 1372 2487 1437 Θεσπέσιος
2525 1374 2798 1445 Ἰωάννης,
2828 1375 3001 1443 λέγων
3022 1392 3035 1405 ·
3072 1395 3092 1427 ι
3145 1375 3285 1444 Ἐγὼ
3313 1376 3559 1447 βαπτίζω
3588 1378 3735 1447 ὑμᾶς

2146 1466 2205 1519 ὲν
2248 1466 2427 1521 ῦδοιτι.
2487 1467 2692 1521 Ὀπίσω
2746 1486 2848 1539 μου
2892 1468 3111 1540 ἔρχεται
3157 1469 3315 1541 ἀνὴρ,
3362 1464 3422 1524 οῦ
3468 1470 3576 1523 οὐκ
3621 1473 3739 1541 εἰμὶ

2149 1556 2333 1619 ἱκανὸς
2360 1558 2446 1610 ἵνα
2478 1558 2656 1628 κύψας
2691 1557 2841 1612 λύσω
2868 1561 2958 1612 τὸν
2983 1561 3181 1630 ἱμάντα
3220 1561 3329 1614 τῶν
3369 1562 3537 1631 ύποδη
3550 1563 3737 1632 μάτων

2146 1649 2335 1706 αὑτοῦ.
2367 1651 2542 1714 Αὐτὸς
2581 1652 2725 1721 ὑμᾶς
2766 1651 3020 1722 βαπτίσει
3055 1654 3114 1707 ὲν
3144 1652 3423 1724 Πνεύματι
3457 1654 3595 1724 ἁγίῳ
3640 1653 3735 1707 καὶ

2147 1744 2302 1813 πυρί.
2341 1762 2359 1795 ι
2393 1743 2738 1814 Μεμνήμεθα
2765 1743 2821 1796 δὲ
2856 1746 2949 1797 καὶ
2974 1744 3139 1798 αὐτοῦ
3179 1745 3428 1814 λέγοντος
3466 1746 3562 1798 τοῦ
3601 1747 3738 1818 Χρι-

450 1837 666 1907 etquid
702 1835 851 1900 volo,
892 1835 1100 1890 nisiut
1135 1835 1469 1891 accendatur
1492 1834 1576 1888 ⁵⁸⁸1
1603 1854 1623 1887 ι
1664 1835 1872 1905 itaque,
1908 1849 2042 1904 quo-

2149 1834 2276 1888 στοῦ
2297 1851 2310 1863 ·
2348 1853 2365 1886 ι
2402 1834 2522 1904 Πῦρ
2542 1830 2704 1905 ἦλθον
2729 1832 2944 1904 βάλλειν
2975 1836 3067 1888 ἐπὶ
3095 1836 3193 1906 τὴν
3223 1835 3349 1905 γῆν,
3377 1836 3471 1888 καὶ
3491 1836 3545 1887 τί
3573 1834 3733 1897 θέλω,

450 1930 598 1987 niam
624 1928 885 1985 Israelita;
922 1928 1235 1983 Levitarum
1268 1927 1665 1982 immunditiam
1695 1928 1809 1983 sive
1836 1927 2039 1997 iniqui-

450 2032 613 2079 tatem
645 2036 751 2076 non
774 2020 892 2075 leve
922 2017 1339 2073 fundamentum
1360 2017 1660 2087 ponebant,
1680 2017 1788 2072 imo
1805 2030 1903 2087 per
1919 2016 2039 2072 illos

449 2116 828 2172 universorum
850 2112 1030 2169 .Deum
1068 2112 1286 2166 irritare
1318 2125 1424 2165 nou
1461 2110 1805 2177 desinebant,
1842 2122 2040 2165 contu-

449 2209 673 2265 meliose
714 2206 999 2274 loquentes
1025 2212 1082 2258 et
1104 2202 1287 2258 dicere
1327 2216 1434 2257 non
1463 2211 1715 2256 verentes
1746 2217 1761 2255 :
1799 2218 1818 2253 ι
1851 2199 2040 2257 Omnis

447 2302 539 2372 qui
572 2299 707 2355 facit
738 2296 963 2362 malum,
996 2296 1199 2351 bonum
1237 2308 1422 2349 coram
1456 2292 1573 2359 illo,
1615 2301 1669 2347 et
1697 2293 1749 2347 in
1791 2290 1898 2348 illis
1924 2292 2042 2363 ipse

447 2393 553 2450 sibi
572 2389 925 2462 complacuit,
943 2400 999 2443 et
1018 2386 1108 2442 ubi
1134 2396 1218 2442 est
1241 2387 1383 2442 Deus
1393 2384 1618 2454 iustitiae
1634 2386 1720 2439 '9?
1745 2403 1764 2437 ι
1795 2384 2042 2456 praedicit

448 2485 652 2541 utiliter
696 2483 930 2553 quodam
968 2488 1212 2550 tempore
1242 2477 1564 2532 aﬂ'ulsurum
1612 2477 1913 2543 Christum,
1947 2477 2040 2548 qui

449 2584 729 2649 peccatum
776 2587 939 2628 omne
983 2580 1232 2626 nostrum
1271 2572 1305 2625 'e
1350 2567 1529 2623 medio
1573 2566 1732 2633 tollit,
1780 2566 1947 2638 853
1987 2575 2043 2622 et

448 2666 761 2724 sacerdotes
789 2678 923 2719 suos
946 2661 1286 2733 purissimos
1314 2659 1511 2724 reddit,
1542 2673 1745 2730 eosque
1766 2666 1825 2713 ut
1850 2674 2041 2714 aurum

448 2770 543 2815 aut
559 2769 841 2831 argentum
861 2757 913 2811 in
936 2756 1058 2826 igne
1076 2754 1292 2825 prohat,
1315 2752 1431 2808 sive
1447 2754 1708 2821 probatos
1728 2760 1783 2807 et
1805 2751 2041 2807 illustres

453 2854 632 2910 reddit
667 2853 736 2908 °°.
781 2848 935 2905 Tales
973 2848 1118 2902 enim
1154 2845 1411 2902 Ecclesia:
1450 2846 1764 2900 sacerdotes
1800 2842 2041 2899 universi

448 2946 651 3002 debent
676 2955 819 3007 esse,
839 2940 1036 3013 quibus
1054 2938 1348 3007 liceatjure
1378 2937 1583 3007 optimo
1609 2950 1878 3008 usurpare
1908 2935 2041 2991 illud

454 3037 803 3092 Davidicum:
837 3054 856 3087 ι
884 3033 1136 3089 Prohasti
1168 3046 1288 3099 nos,
1328 3029 1503 3098 Deus;
1542 3030 1665 3100 igne
1696 3045 1794 3085 nos
1829 3028 2038 3085 exami-

452 3131 593 3186 nasti
612 3141 685 3185 vut
714 3126 1019 3183 examinari
1048 3125 1186 3180 solet
1205 3133 1490 3196 argentum
1520 3124 1622 3179 “.D
1649 3122 1799 3179 Filiis
1822 3123 2040 3194 quidem

2147 1926 2197 1978 el
2229 1925 2328 1996 ἤδη
2365 1925 2614 1997 ἁνήφθη;
2657 1946 2676 1978 ›
2710 1925 2939 1991 οὐκοῦν,
2973 1927 3201 1999 ἐπείπερ
3229 1929 3277 1980 οἱ
3302 1927 3358 1993 ἐξ
3388 1928 3620 1998 αἵματος
3641 1927 3737 1981 τοῦ

2147 2018 2205 2085 ἐξ
2249 2017 2467 2090 Ἰσραὴλ
2489 2020 2590 2089 τῆς
2628 2018 2738 2073 τῶν
2762 2019 3002 2073 Λευῖτῶν
3031 2021 3395 2092 ἀκαθαρσίας,
3423 2022 3589 2092 ἤγουν
3618 2023 3736 2075 ἀδι-

2147 2110 2295 2174 κίας,
2326 2108 2387 2161 ού
2420 2109 2647 2180 μετρίαν
2668 2109 2947 2163 ἐποιοῦντο
2970 2110 3071 2181 τὴν
3095 2109 3422 2181 καταϐολὴν,
3448 2110 3653 2180 μᾶλλον
3680 2110 3739 2163 δὲ

2146 2202 2213 2256 δι’
2248 2202 2491 2266 ἐκείνους
2525 2202 2960 2275 παροτρύνοντες
3007 2203 3275 2257 διετέλουν
3317 2203 3409 2257 τὸν
3440 2203 3550 2256 τῶν
3597 2203 3738 2256 ὅλων

2147 2289 2301 2354 Θεὸν,
2335 2290 2669 2363 παλίμφημά
2702 2308 2761 2345 τε
2792 2291 3084 2357 λαλοῦντές
3106 2310 3228 2347 τινα
3263 2294 3359 2348 καὶ
3383 2292 3743 2363 ἀποτολμῶν-

2146 2399 2238 2446 τες
2274 2381 2456 2452 λέγειν
2481 2399 2495 2414 °
2549 2403 2568 2436 ι
2616 2385 2732 2449 Πᾶς
2775 2384 2944 2440 ποιῶν
2984 2385 3241 2457 πονηρὸν,
3293 2386 3456 2441 καλὸν
3505 2386 3741 2440 ἐνώπιον

2148 2474 2336 2539 αὐτοῦ,
2378 2476 2473 2529 καὶ
2497 2476 2556 2530 ἐν
2600 2477 2785 2540 αὺτοῖς
2811 2477 2976 2542 αὐτὸς
2998 2478 3288 2549 ηὑδόκησε,
3328 2480 3422 2532 καὶ
3452 2478 3555 2533 ποῦ
3590 2480 3739 2533 ἔστιν

2146 2565 2176 2618 6
2208 2566 2340 2630 Θεὸς
2387 2567 2487 2639 τῆς
2535 2568 2921 2640 δικαιοσύνης;
2974 2587 2994 2621 ι
3045 2569 3405 2641 προαγορεύει
3448 2571 3739 2641 χρησίμως

2147 2660 2230 2713 ὅτι
2263 2659 2406 2715 κατὰ
2434 2661 2659 2733 καιροὺς
2689 2661 2988 2732 ὲπιλάμψει
3011 2662 3266 2734 Χριστὸς,
3295 2664 3325 2715 6
3369 2664 3549 2717 πᾶσαν
3578 2664 3740 2735 ἡμῶν

2147 2752 2247 2824 τὴν
2279 2754 2555 2825 ἁμαρτίαν
2586 2755 2652 2807 ὲκ
2690 2755 2856 2824 μέσου
2890 2753 3081 2819 τιθεὶς,
3115 2756 3209 2809 καὶ
3239 2757 3550 2826 πανάγνους
3592 2757 3738 2810 ἀπο-

2147 2843 2318 2899 τελῶν
2367 2845 2492 2908 τοὺς
2538 2844 2701 2909 ίδίους
2750 2846 3102 2918 ἱερουργοὺς,
3150 2847 3245 2900 καὶ
3286 2840 3404 2901 οἷον
3459 2846 3663 2919 χρυσὸν
3695 2844 3739 2917 ἢ

2148 2938 2387 3009 ἄργυρον
2426 2938 2485 2991 ὲν
2517 2938 2651 3010 πυρὶ
2690 2938 3003 3010 δοκιμάζων
3051 2940 3270 3003 αὐτοὺς,
3312 2940 3432 3012 ἦτοι
3474 2940 3741 3011 δοκίμους

2146 3028 2429 3083 ἀποτελῶν
2479 3030 2575 3083 καὶ
2629 3029 3176 3102 λελαμπρυσμένους.
3225 3030 3465 3084 Τοιοῦτοι
3515 3033 3628 3101 γάρ
3652 3032 3742 3096 ὡς

2149 3120 2352 3174 ἐπίπαν
2381 3122 2483 3192 τῆς
2523 3121 2854 3193 Ἐκκλησίας
2897 3125 2946 3177 οἱ
2986 3122 3311 3196 λειτουργοὶ,
3339 3118 3419 3187 οἷς
3465 3122 3529 3177 ἂν
3557 3125 3743 3195 ἁρμὸν

452 3224 633 3277 Aaron
685 3230 963 3291 gestamen
1000 3225 1118 3271 erat
1166 3215 1305 3271 stola
1353 3214 1564 3286 legibus
1606 3216 1924 3287 praescripta
1974 3216 2040 3268 εξ

2149 3228 2283 3279 σειε,
2318 3212 2413 3267 καὶ
2455 3213 2601 3285 μάλα
2630 3214 2876 3281 εἰκότως,
2915 3217 3094 3269 έκεῖνο
3125 3218 3302 3270 εἰπεῖν
3330 3217 3391 3270 τὸ
3433 3217 3522 3269 διὰ
3549 3216 3743 3287 φωνῆς

455 3311 689 3369 Selectis
728 3321 916 3366 autem
956 3307 1272 3363 inACbristo
1295 3315 1350 3362 et
1384 3306 1695 3363 sacerdotio
1726 3306 2039 3373 destinatis,

454 3406 829 3463 indumentum
879 3400 1259 3472 splendidum,
1286 3398 1623 3455 sacerdotale
1667 3406 2039 3466 etsanctum,

453 3497 707 3552 Christus
738 3493 876 3564 ipse.
913 3491 1282 3561 Quamobrem
1323 3499 1377 3545 et
1406 3505 1503 3560 per
1544 3491 1713 3561 lyram
1755 3489 2042 3548 Psalientis

456 3592 597 3646 licus
652 3597 707 3643 et
762 3584 927 3640 Pater
982 3584 1048 3640 de
1103 3582 1349 3638 Ecclesia
1396 3597 1460 3637 ex
1509 3582 1760 3652 gentibus
1817 3581 2040 3638 aiebat:

459 3704 477 3734 ι
511 3680 837 3738 Sacerdotes
870 3678 986 3748 ejus
1030 3677 1249 3731 induam
1298 3676 1562 3743 salutem,
1604 3685 1657 3732 et
1708 3675 1882 3731 sancti
1926 3675 2045 3746 ejus

454 3774 816 3831 exsultatione
863 3769 1216 3826 exsultabant
1259 3767 1329 3821 ⁸³.
1366 3786 1384 3819 ι
1423 3767 1750 3823 Sanctorum
1782 3767 1925 3823 enim
1954 3783 2044 3822 sa-

453 3867 735 3921 cerdotum
765 3861 913 3917 salus
944 3869 999 3917 et
1035 3862 1412 3915 indumentum
1443 3859 1763 3914 admirabile
1798 3858 2049 3913 Christus

455 3968 573 4025 cst;
619 3958 729 4011 imo
759 3955 955 4010 decens
995 3948 1230 4008 amictus
1269 3952 1509 4008 omnium
1561 3951 1823 4006 ﬁdelium.
1874 3968 1894 4003 ι
1918 3949 2048 4015 Qui-

455 4063 669 4118 cunque
724 4049 893 4112 enim,
952 4045 1153 4115 inquit,
1205 4045 1256 4098 in
1310 4042 1537 4100 Christo
1585 4041 1845 4113 baptizati
1895 4042 2044 4109 estis,

454 4142 732 4198 Christum
764 4139 1014 4194 induistis
1044 4138 1109 4191 “.
1145 4154 1163 4187 ι

2149 3306 2243 3360 τοῦ
2276 3307 2462 3373 Δαὸὶδ,
2492 3308 2574 3361 ὅτι
2605 3326 2624 3361 ι
2672 3309 3036 3381 Ἐδοκίμασας
3062 3312 3230 3381 ἡμᾶς,
3262 3312 3290 3363 6
3317 3310 3470 3374 Θεὸς,
3514 3308 3744 3382 ὲπύρω·

2152 3414 2252 3463 σας
2283 3401 2429 3471 ἡμᾶς
2461 3400 2538 3464 ὡς
2568 3400 2835 3472 πυροῦται
2884 3402 2947 3455 τὸ
2994 3402 3278 3474 ἀργύριον.
3319 3422 3337 3456 ι
3367 3403 3598 3473 Φόρημα
3641 3403 3740 3472 μὲν

2151 3491 2260 3563 γάρ
2291 3494 2405 3556 τοῖς
2455 3492 2514 3559 ἐξ
2571 3491 2781 3565 Ἀαρὼν
2827 3495 2860 3564 ἠ
2910 3494 3051 3548 κοιτά
3095 3495 3258 3564 νόμον
3293 3493 3475 3563 στολή.
3514 3493 3645 3557 Τοῖς
3675 3509 3733 3561 τε

2153 3582 2259 3653 μὴν
2296 3582 2618 3647 ἀπολέκτοις
2667 3584 2725 3636 ὲν
2768 3582 2988 3654 Χριστῷ
3031 3585 3124 3637 καὶ
3151 3584 3506 3654 τεταγμένοις
3547 3584 3630 3646 είς
3664 3583 3738 3634 i=-

2148 3674 2410 3746 ρουργίαν
2453 3674 2657 3745 ἄμφιόν
2698 3675 2815 3726 ἐστι
2862 3673 3133 3746 λαμπρὸν,
3167 3676 3495 3746 ίεροπρεπὲς
3539 3692 3599 3729 τε
3647 3676 3738 3729 καὶ

2149 3766 2492 3836 ᾶγιον,αύτὺς
2520 3769 2548 3819 6
2569 3767 2826 3838 Χριστός.
2858 3766 3146 3839 Τοιγάρτοι
3171 3768 3263 3821 καὶ
3292 3767 3498 3837 ἔφασκε
3528 3769 3618 3823 διὰ
3637 3769 3738 3838 τῆς

2145 3860 2240 3913 τοῦ
2281 3860 2575 3931 ψάλλοντος
2607 3858 2776 3931 λύρας
2800 3859 2829 3909 6
2859 3859 2990 3923 Θεὸς
3021 3860 3114 3913 καὶ
3144 3860 3336 3931 Πατὴρ
3376 3860 3505 3928 περὶ
3532 3860 3630 3930 τῆς
3675 3855 3737 3917 ἐξ

2146 3949 2317 4005 ἐθνῶν
2367 3952 2697 4024 Ἐκκλησίοις
2716 3967 2730 3979 ⁸
2769 3971 2787 4004 ι
2834 3952 2974 4015 Τοὺς
3001 3953 3167 4021 ἱερεῖς
3194 3952 3363 4023 αὐτῆς
3398 3951 3605 4005 ἐνδύσω
3633 3968 3738 4004 σω-

2144 4044 2369 4113 τηρίαν,
2419 4046 2514 4097 καὶ
2562 4049 2610 4098 οἱ
2644 4047 2781 4098 ὅσιοι
2811 4045 2982 4115 αὐτῆς
3019 4045 3339 4113 ἀγαλλιάσει
3378 4044 3737 4113 άγαλλιὰσον·

2145 4152 2254 4187 ται.
2293 4155 2311 4186 ι
2347 4136 2599 4207 Σωτηρίοι
2619 4136 2729 4208 γὰρ
2777 4137 2940 4200 αὐτὸς
2979 4140 3007 4191 6
3052 4138 3285 4209 Χριστὸς
3324 4137 3432 4190 τῶν
3459 4136 3632 4205 ἁγίων
3664 4140 3738 4189 ἱε-

458 4235 728 4307 ῳυργῶν,
753 4233 956 4303 ἄμφιον
985 4230 1045 4282 τὸ
1070 4227 1422 4295 ἀξίάγαστον,
1454 4223 1656 4295 μᾶλλον
1679 4225 1735 4276 δὲ
1761 4225 1852 4275 καὶ
1881 4223 2091 4293 πρέπον
2125 4226 2233 4278 τῶν
2283 4228 2745 4285 πεπιστευκότων.
2776 4250 2793 4279 ι
2834 4230 2989 4283 Ὅσοι
3015 4232 3145 4303 γὰρ,
3174 4232 3355 4302 φησιν,
3390 4232 3468 4294 είς
3498 4230 3738 4303 Χριστὸν

458 4326 842 4397 ἐϐαπτίσθητε,
877 4322 1112 4395 Χριστὸν
1144 4317 1490 4373 ἐνεδύσασθε.
1534 4334 1553 4367 ι

528 4421 780 4476 “133.4.
821 4416 893 4472 Ει
935 4425 1087 4472 erunt
1121 4413 1351 4468 Domino
1398 4410 1673 4479 offerentes
1719 4408 2041 4477 sacriﬁcium

2220 4405 2330 4461 Καὶ
2358 4406 2605 4459 ἔσονται
2634 4406 2712 4471 τῷ
2750 4408 2939 4475 Κυρίῳ
2969 4408 3379 4478 προσάγοντες
3409 4412 3632 4466 θυσίαν
3669 4416 3738 4467 ἐν

458 4519 510 4568 in
528 4514 768 4585 justitia.
801 4512 866 4566 Et
890 4508 1114 4579 placebit
1159 4505 1385 4558 Domino
1414 4499 1739 4568 sacri/icium
1770 4501 1947 4566 Juda,
1994 4514 2044 4555 et

457 4607 752 4661 Jerusalem
778 4606 909 4659 sicut
936 4603 1046 4654 dies
1085 4598 1265 4653 surculi
1292 4606 1338 4650 et
1370 4596 1505 4649 sicut
1529 4596 1656 4647 anni
1686 4597 1906 4663 priores,

533 4786 750 4843 XXXV.
792 4781 1293 4844 Consecrabuntur,
1325 4778 1519 4849 inquit,
1560 4776 1669 4832 Deo
1702 4795 1717 4833 :
1762 4780 1863 4832 hoc
1900 4779 2041 4833 enim

459 4897 589 4954 puto
607 4880 708 4937 sibi
738 4878 891 4943 velle,
922 4893 940 4927 ι
966 4876 1140 4930 Erunt
1160 4873 1269 4927 Deo
1298 4871 1610 4927 offerentes.
1639 4891 1660 4925 ι
1691 4871 2046 4928 Cousecrabi-

460 4991 583 5032 mur
620 4974 755 5040 Dco,
794 4971 839 5025 si
872 4967 1105 5038 amplius
1145 4966 1302 5020 nobis
1335 4980 1440 5019 non
1474 4965 1743 5029 vivamus,
1785 4973 1840 5019 et
1870 4966 2047 5020 modis

460 5066 716 5123 otiinihus
746 5060 1071 5117 charitatent
1096 5071 1224 5122 erga
1260 5057 1409 5111 illum
1441 5056 1777 5122 excolamus,
1812 5056 2047 5127 totisque

461 5158 669 5213 viribus
724 5154 896 5222 probe
947 5159 1209 5218 prazstare
1273 5148 1559 5217 cupiamus
1614 5162 1735 5217 quae
1779 5148 1868 5203 ille
1909 5149 2043 5207 vult.

462 5249 595 5303 'l‘aie
617 5247 744 5316 quid
770 5245 935 5299 etiam
961 5243 1176 5297 divinus
1205 5241 1403 5295 Paulus
1427 5240 1491 5295 de
1521 5241 1759 5295 omnium
1795 5250 2042 5296 nostrum

464 5338 751 5395 Salvatore
771 5333 990 5387 Christo
1022 5354 1033 5388 :
1068 5350 1085 5383 ι
1124 5329 1276 5385 Unus
1305 5329 1450 5383 enim
1480 5343 1577 5397 pro
1605 5329 1858 5383 omnibus
1891 5342 2042 5382 mor-

467 5442 590 5483 tuus
617 5434 719 5486 est,
750 5434 807 5477 ut
841 5434 896 5477 et
923 5425 1014 5493 qui
1050 5422 1374 5491 vivuntjam
1421 5435 1527 5475 non
1562 5420 1665 5475 sibi
1704 5421 1910 5485 vivant,
1948 5420 2042 5473 sed

465 5520 517 5573 ci
554 5518 642 5585 qui
681 5531 774 5583 pro
807 5516 936 5585 ipsis
970 5523 1214 5571 mortuus
1246 5522 1327 5567 est
1351 5521 1406 5567 et
1440 5512 1737 5568 resurrexit
1765 5512 1831 5565 θ’.
1863 5529 1880 5563 ι
1923 5510 2047 5565 Suae

2148 4498 2529 4566 δικαιοσύνῃ.
2563 4500 2666 4553 Καὶ
2708 4498 2912 4566 ἀρέσει
2949 4500 3029 4564 τῷ
3067 4501 3262 4568 Κυρίῳ
3290 4501 3473 4554 θυσιά
3517 4502 3735 4564 Ἰούδα.

2150 4592 2247 4647 καὶ
2286 4592 2683 4661 Ἰερουσαλὴμ
2712 4592 2906 4658 καθὼς
2938 4596 2997 4646 αἱ
3020 4592 3231 4662 ἡμέραι
3268 4592 3370 4647 τοῦ
3396 4592 3613 4661 αἰῶνος
3636 4601 3734 4651 καὶ

2149 4681 2345 4749 καθὼς
2374 4683 2447 4737 τὰ
2474 4684 2579 4752 ἔτη
2608 4685 2679 4737 τὰ
2715 4684 3075 4753 ἔμπροσθεν.

2220 4778 2345 4829 AE'.
2401 4776 2826 4840 ‘Avaxsiuovtatt,
2886 4777 3038 4846 φησι,
3095 4776 3173 4847 τῷ
3210 4777 3367 4848 νθεῷο
3414 4778 3573 4833 τοῦτο
3631 4782 3737 4852 γὰρ

2148 4868 2300 4941 οἶμαι
2326 4872 2409 4930 τὸ,
2438 4889 2455 4920 ι
2490 4870 2745 4923 Ἔσονται
2776 4870 2853 4941 τῷ
2876 4870 3069 4942 Κυρίῳ
3094 4870 3483 4941 προσάγοντες.
3520 4890 3539 4923 ι
3576 4864 3736 4928 Ἀνα-

2154 4960 2453 5031 κεισόμεθα
2503 4960 2560 5013 δὲ
2606 4960 2684 5030 τῷ
2728 4960 2868 5030 Θεῷ,
2906 4958 3107 5025 ζῶντες
3140 4961 3239 5030 μὲν
3278 4963 3491 5026 ἑαυτοῖς
3529 4963 3734 5027 ούκέτι,

2155 5050 2542 5122 προσκείμενοι
2566 5049 2624 5103 δὲ
2648 5050 2956 5121 ὁλοτρόπως
2992 5052 3084 5103 καὶ
3119 5054 3183 5122 τῇ
3225 5053 3305 5115 είς
3330 5052 3492 5105 αὐτὸν
3525 5053 3735 5125 ἀγάπῃ,

2154 5141 2246 5193 καὶ
2300 5140 2464 5194 παντὶ
2511 5140 2577 5210 δὴ
2629 5139 2804 5192 σθένει
2856 5141 3157 5211 κατορθοῦν
3211 5142 3478 5213 ᾑρημένοι
3517 5143 3588 5197 τὰ
3629 5148 3736 5206 τοίς

2164 5230 2325 5294 θείοις
2371 5230 2535 5285 αὐτοῦ
2580 5229 2839 5285 δοκοῦντα
2885 5231 3169 5301 νεύμασιν.
3220 5235 3361 5304 Ἔφη
3402 5251 3456 5287 τι
3495 5234 3736 5289 τοιοῦτον

2159 5325 2253 5378 καὶ
2277 5327 2304 5377 6
2335 5323 2619 5387 θεσπέσιος
2649 5322 2857 5387 Παῦλος
2897 5326 3145 5395 περὶτοῦ
3174 5326 3393 5381 πάντων
3422 5328 3579 5398 ἡμῶν
3623 5329 3737 5381 Σω-

2161 5418 2322 5487 τῆρος
2370 5416 2642 5488 Χριστοῦ*
2684 5435 2701 5466 ι
2739 5411 2833 5480 Εἷς
2874 5418 2981 5489 γὰρ
3012 5420 3151 5490 ὑπὲρ
3192 5420 3412 5473 πάντων
3442 5422 3732 5484 ἀπέθανεν,

2159 5508 2248 5563 ἵνα
2279 5512 2327 5561 oi
2376 5509 2574 5573 ζῶντες
2616 5508 2811 5579 μηκέτι
2850 5512 3061 5574 ἑαυτοῖς
3095 5511 3280 5579 ζῶσιν,
3317 5513 3451 5567 ἀλλά
3485 5513 3564 5584 τῷ
3598 5514 3736 5584 ὑπὲρ

572 5718 615 5747 ⁵⁵
648 5715 805 5770 Rom.
840 5732 914 5775 ιι,
941 5714 1029 5776 2i,
1058 5713 1147 5767 22.
1227 5713 1269 5744 ⁸⁷
1293 5711 1483 5766 Matth.
1508 5726 1587 5772 Ml,
1621 5709 1708 5762 ll.
1786 5710 1833 5741 "
1854 5708 1985 5763 Luc.
2025 5724 2123 5781 xtl,
2149 5708 2236 5781 49.
2314 5707 2360 5737 ⁸⁸
2385 5705 2629 5781 Malach.
2651 5724 2708 5781 ll,
2738 5708 2821 5761 i7.
2898 5708 2943 5739 ‘°
2976 5707 3205 5781 zachar.
3232 5726 3353 5778 xm,
3392 5709 3443 5764 9.
3522 5711 3565 5745 ⁶¹
3590 5709 3731 5769 Psal.

466 5806 586 5851 ιιι,
629 5794 708 5845 ιυ.
790 5789 831 5818 ⁶²
858 5787 1027 5841 Levtt.
1065 5802 1173 5851 λιι,
1214 5784 1300 5838 3'2.
1382 5782 1427 5813 “
1459 5781 1603 5837 Psai.
1635 5794 1820 5848 cxxxt,
1855 5782 1940 5834 16.
2018 5781 2036 5809 ⁸

2161 5780 2283 5832 alat.
2320 5793 2400 5844 ιιι,
2426 5778 2516 5833 27.
2598 5780 2640 5810 ⁸⁵
2668 5778 2710 5831 ιι
2744 5781 2867 5833 Gut.
2910 5795 2959 5849 γ,
3002 5780 3089 5841 ιδ,
