3934 6318
173 338 272 394 337

1000 338 1550 397 COMMENTARIUS
1585 341 1651 397 ΙΝ
1693 339 2101 396 HALACUIAM
2144 335 2591 393 PROPHBTAM.

3340 328 3444 383 έῦῧ

175 452 352 509 αὐτῶν
380 451 713 506 ἀποθανόντι
760 452 857 507 καὶ
883 453 1182 524 ιγερθέντι.
1228 476 1247 509 s
1288 458 1672 530 Καταγράφων
1706 460 1762 513 δὲ
1791 508 1798 523 ε

1880 470 2045 516 autem
2081 454 2511 514 conversationis
2546 450 2869 519 bonitatem,
2893 457 2947 505 et
2973 449 3079 504 vim
3100 460 3167 503 ac
3196 446 3447 501 virtutem

176 547 307 616 ημῖν
335 545 530 616 ὥσπερ
561 544 664 614 τῆς
698 543 892 597 ἑαυτοῦ
923 545 1195 610 πολιτείας
1214 548 1275 601 τὸ
1304 550 1520 614 κάλλος,
1551 553 1645 604 καὶ
1668 549 1767 603 τοῦ

173 638 317 690 κατὰ
368 636 609 707 Χριστὸν
645 638 942 709 μυστηρίου
990 640 1090 709 τὴν
1115 639 1343 711 δύναμιν
1376 644 1591 713 ἐμφανῆ
1629 644 1764 696 καθ-

180 728 369 792 ιστὰς,
407 728 514 798 ἔφη
576 729 780 781 πάλιν
824 747 843 779 ι
893 730 1115 801 Χριστῷ
1164 735 1632 805 συνεσταύρωμαι.
1681 738 1767 789 Ζῶ

173 822 231 874 δὲ
265 820 454 873 ούκέτι
480 819 609 888 ἐγὼ,
644 820 707 891 ζῇ
736 820 791 873 δὲ
827 822 885 873 ὲν
920 824 1041 891 ἐμοὶ
1073 825 1323 893 Χριστός.
1373 828 1437 878 Ὅ
1469 827 1525 878 δὲ
1560 827 1654 879 νῦν
1690 826 1767 889 ζῶ

175 916 235 965 ιν
267 915 456 983 σαρκὶ,
486 915 543 966 ὲν
577 916 759 967 πίστει
804 914 882 977 ζῶ
908 918 973 985 τῇ
1013 915 1109 969 τοῦ
1152 918 1280 970 Υίοῦ
1314 919 1469 981 Θεοῦ,
1504 919 1596 972 τοῦ
1629 922 1768 988 ἀγα-

178 1007 456 1075 πήσαντός
486 1023 552 1076 με
589 1007 682 1059 καὶ
706 1006 1037 1077 παραδόντος
1064 1009 1255 1061 ἑαυτὸν
1286 1010 1427 1080 ὑπὲρ
1453 1010 1609 1080 ἐμοῦ.
1652 1014 1766 1065 Ούκ

177 1098 359 1151 ἀθετῶ
384 1098 484 1169 τὴν
498 1100 656 1169 χάριν
680 1098 775 1150 τοῦ
805 1098 958 1152 Θεοῦ.
975 1118 1095 1151 ι-ι
1112 1101 1365 1153 Ἔσονται
1387 1101 1448 1172 δὴ
1472 1099 1584 1167 οὖν,
1609 1104 1763 1173 φησὶ,

179 1191 553 1259 προσάγοντες
574 1190 653 1260 τῷ
676 1190 883 1261 Κυρίῳ,
918 1211 935 1243 ι
975 1191 1240 1255 τουτέστι,
1270 1196 1380 1255 τοῖς
1409 1195 1574 1247 αὐτοῦ
1607 1196 1765 1266 θελή-

182 1298 314 1353 μασι
362 1283 765 1347 ἀνακείσονται,
810 1283 870 1333 οὐ
913 1281 981 1333 τά
1027 1282 1242 1350 ἐπίγεια
1296 1284 1649 1353 φρονοῦντες,
1704 1288 1765 1339 οὐ

177 1374 307 1435 τοὺς
330 1371 396 1423 ὲκ
418 1372 517 1441 τῆς
537 1371 751 1433 ἀδικίας
775 1370 1094 1439 ἀγαπῶντες
1131 1371 1459 1441 μολυσμοῦς,
1492 1374 1552 1425 οῦ
1580 1374 1768 1426 πλεον-

180 1463 333 1529 εξίαν
378 1462 479 1533 τὴν
518 1464 659 1516 κατά
694 1481 856 1517 τινων
894 1466 1058 1533 τιμᾷν
1086 1465 1371 1534 ᾑρημένοι,
1404 1466 1767 1536 προσάγοντες

180 1556 237 1608 δὲ
269 1555 472 1625 μᾶλλον
508 1554 693 1618 θυσίας
729 1556 1093 1625 δικαιοσύνης.
1133 1555 1241 1609 Καί
1280 1573 1369 1626 μοι
1414 1556 1561 1609 δοκεῖ
1590 1558 1768 1626 σοφῶς

182 1646 244 1715 δὴ
274 1647 402 1700 λίαν
430 1648 460 1699 ὁ
491 1647 701 1710 Παῦλος
734 1650 908 1701 είπείν
928 1666 941 1677 ·
980 1666 998 1698 ι
1049 1648 1493 1718 Μετατιθεμένης
1523 1650 1632 1721 γάρ
1670 1653 1768 1722 τῆς

186 1738 510 1809 ἱερωσύνης,
534 1740 593 1802 ἐξ
608 1739 852 1810 ἀνάγκης
874 1740 965 1792 καὶ
986 1739 1148 1809 νόμου
1178 1741 1463 1810 μετάθεσις
1485 1742 1714 1809 γίνεται.
1743 1762 1763 1795 a

187 1830 496 1900 Προσίεμεν
521 1830 632 1902 γὰρ
668 1831 717 1883 oi
748 1834 805 1883 έν
838 1831 1056 1901 Χριστῷ
1090 1831 1417 1901 κεκλημένοι
1435 1832 1765 1902 ἱερουργίας,

184 1918 249 1971 δι’
280 1920 532 1988 αἱμάτων
556 1922 656 1989 μὲν
681 1919 861 1973 οὐκέτι
888 1922 981 1974 καὶ
1011 1922 1256 1982 καπνῶν,
1280 1921 1403 1975 οὔτε
1434 1922 1541 1994 μὴν
1568 1924 1773 1993 ἀμνοῦς

187 2010 218 2079 ἢ
264 2009 492 2079 ἐρίφους
542 2011 984 2083 προσκομίζομεν
1035 2012 1114 2082 τῷ
1162 2013 1302 2083 Θεῷ,
1356 2012 1669 2085 πληροῦμεν
1715 2014 1773 2067 δὲ

190 2101 396 2170 μᾶλλον
427 2104 487 2154 ὲν
533 2102 830 2175 Ἐκκλησία
867 2104 964 2175 τὴν
1005 2106 1062 2159 ὲν
1091 2104 1313 2176 Χριστῷ
1354 2105 1650 2176 νοουμένην
1684 2106 1776 2159 θυ-

192 2192 337 2256 σίαν,
370 2193 473 2264 τὴν
501 2194 663 2261 ἁγίαν
695 2195 789 2247 καὶ
819 2195 1213 2267 πνευματικὴν,
1238 2198 1332 2249 καὶ
1359 2196 1519 2251 αὑτὸν
1548 2196 1777 2268 προθένο

192 2298 280 2347 τες
331 2283 415 2346 είς
447 2284 719 2354 ἀγιασμὸν
750 2284 845 2338 καὶ
880 2284 1065 2354 μέντοι
1093 2286 1189 2339 καὶ
1226 2287 1307 2350 εἰς
1350 2288 1650 2358 μετάληψιν
1678 2288 1777 2356 τῆς

196 2374 270 2432 tl;
295 2370 471 2429 αἰῶνα
501 2370 664 2441 ζωῆς,
680 2373 931 2444 καθάπερ
965 2374 1239 2447 ἐξαίρετόν
1256 2394 1306 2429 τι
1333 2376 1584 2448 θυμίαμα
1598 2376 1697 2441 τὰς
1720 2377 1779 2442 ἐξ

199 2463 376 2533 [ργων
410 2463 629 2531 ἀγαθῶν
677 2466 1116 2536 προσκομίζομεν
1148 2467 1393 2531 εὐωδίας.
1430 2469 1539 2522 Καὶ
1561 2467 1778 2533 θύοντες

199 2553 347 2624 αὑτῷ
382 2554 481 2624 τὴν
510 2554 878 2627 δικαιοσύνην,
923 2559 1006 2611 ὅτι
1047 2558 1143 2611 καὶ
1190 2558 1429 2628 ἐσόμεθα
1470 2559 1648 2612 δεκτοὶ
1688 2576 1779 2613 τε·

202 2648 582 2717 θαρσήκαμεν.
607 2648 924 2719 Γέγραπται
953 2648 1083 2721 γὰρ,
1108 2651 1189 2703 ὅτι
1223 2670 1241 2703 ι
1275 2651 1423 2722 Τίμα
1453 2650 1542 2705 τὸν
1577 2652 1783 2724 Κύριον

204 2737 309 2791 ἀπὸ
333 2739 445 2791 σῶν
476 2738 699 2792 δικαίων
721 2740 917 2805 πόνων,
960 2741 1054 2795 καὶ
1080 2742 1330 2813 ἀπάρχου
1357 2743 1505 2814 αύτῷ
1536 2743 1644 2797 ἀπὸ
1674 2744 1783 2799 σῶν

206 2823 433 2893 καρπῶν
469 2824 834 2897 δικαιοσύνης.
880 2846 897 2879 ι
938 2828 1325 2899 Εὑαρεστεῖται
1370 2832 1478 2902 γάρ
1524 2832 1625 2903 οὐχ
1668 2833 1785 2887 ἑτέ-

208 2928 345 2982 ραις,
388 2908 562 2983 οἶμαι,
594 2914 806 2979 θυσίαις
840 2915 979 2987 πλὴν
1013 2918 1095 2971 ὅτι
1131 2918 1407 2983 τοιαύταις
1449 2922 1478 2973 ὁ
1508 2920 1617 2973 τῶν
1646 2921 1786 2976 ὅλων

205 3003 356 3069 Θεός.
395 3005 539 3076 Ἔφη
568 3005 748 3061 τοίνυν
794 3007 925 3080 περὶ
954 3008 1063 3063 τῶν
1107 3012 1166 3064 ὲν
1191 3011 1411 3083 Χριστῷ
1437 3012 1788 3084 κεκλημένων

1867 549 2115 623 mysterii
2171 548 2372 605 Christi
2432 542 2832 613 quodammodo
2890 541 3051 599 nobis
3110 538 3445 601 describens,

1866 658 2081 698 rursnw
2116 641 2329 711 inquit:
2376 657 2394 691 ι
2432 638 2650 693 Christo
2681 634 2925 689 conﬁxus
2968 647 3088 688 sum
3119 631 3289 685 cruci.
3318 628 3453 683 Vivo

1864 746 2047 788 autem
2072 732 2183 801 jam
2215 751 2317 785 mm
2346 746 2465 799 ego,
2500 730 2633 783 vivit
2654 743 2783 781 vero
2807 728 2858 780 in
2894 740 2977 779 me
3001 722 3270 779 Christus.
3297 720 3449 787 Quod

1866 832 2047 878 autem
2091 836 2234 876 nunc
2279 821 2404 874 vivo
2444 820 2497 873 in
2539 832 2723 881 carne,
2756 818 2811 869 in
2854 815 2958 869 ﬁde
3001 815 3123 868 vivo
3169 812 3289 866 Filii
3332 810 3448 872 Dei,

1868 915 1958 984 qui
1994 914 2183 968 dilexit
2212 929 2298 967 me
2328 920 2382 965 et
2418 910 2639 964 tradidit
2672 908 3023 975 semetipsum
3069 920 3167 974 pro
3198 918 3301 957 me.
3332 899 3449 954 Non

1868 1007 2064 1073 abjicio
2118 1005 2344 1075 gratiam
2386 1003 2478 1057 Dei
2529 1003 2595 1056 “.
2630 1021 2647 1053 ι
2697 1001 2782 1053 Ait
2832 999 3016 1069 igitur,
3062 994 3095 1048 ἰ
3126 997 3298 1050 Erunt
3344 995 3452 1048 Deo

1870 1097 2177 1161 oﬁ'erentes,
2201 1115 2218 1147 ι
2262 1096 2363 1150 hac
2393 1102 2478 1147 est
2504 1094 2622 1162 ejus
2664 1090 2931 1145 voluntati
2968 1087 3451 1143 consecrabantur.

1869 1188 1983 1244 Non
2026 1198 2240 1243 terrena
2284 1186 2562 1253 sapientes
2600 1183 2677 1250 ⁶⁷;
2714 1196 2821 1237 non
2859 1196 2927 1235 ex
2963 1178 3243 1247 iniquitate
3274 1176 3453 1244 inqui-

1868 1290 2125 1337 namenta
2182 1278 2507 1348 diligentes,
2582 1291 2691 1329 non
2754 1272 3081 1343 quibusdam
3145 1267 3459 1337 przccellera

1870 1373 2207 1433 aﬂ‘ectantes,
2241 1372 2334 1425 sed
2369 1367 2640 1424 sacriﬁcia
2673 1367 2854 1437 potius
2888 1365 3111 1434 justitiae
3139 1362 3452 1417 oﬁerentes.

1868 1466 1947 1519 Ac
1966 1466 2091 1518 mihi
2115 1463 2331 1534 quidem
2349 1461 2751 1531 sapientissime
2766 1459 2965 1513 Paulus
2981 1459 3183 1512 dixisse
3202 1457 3451 1511 videtur:

1878 1577 1897 1609 ι
1928 1557 2211 1611 Translata
2265 1557 2409 1609 enim
2460 1554 2797 1617 sacerdotia,
2860 1550 3171 1605 necessario
3220 1560 3275 1601 et
3327 1548 3458 1616 legis

1874 1647 2158 1703 translatio
2182 1646 2241 1700 ﬁt
2262 1646 2327 1700 ⁸⁸.
2368 1665 2386 1697 ι
2415 1645 2548 1698 Nam
2586 1646 2674 1713 qui
2701 1644 2753 1697 in
2787 1642 3008 1697 Christo
3036 1640 3213 1694 vocati
3249 1654 3456 1705 sumus.

1873 1739 2121 1809 quamvis
2162 1737 2487 1792 sacriﬁcium
2532 1751 2628 1806 per
2664 1735 2981 1803 sanguinem
3018 1742 3072 1787 et
3102 1732 3307 1785 fumum
3351 1746 3469 1783 non.

1874 1832 2245 1892 admittamus.
2286 1827 2452 1899 854
2483 1843 2579 1881 nec
2615 1842 2783 1893 agnas
2810 1835 2903 1879 aut
2939 1825 3119 1879 hircos
3143 1821 3457 1883 olleramus.

1876 1933 2056 1978 tamen
2090 1923 2141 1976 in
2179 1922 2417 1975 Ecclesia
2443 1920 2733 1980 sacriﬁcia.
2760 1917 2981 1987 quodin
3014 1916 3232 1971 Christo
3263 1913 3460 1968 intelli-

1875 2018 2039 2088 gitur,
2078 2023 2269 2070 sancto
2291 2023 2345 2069 et
2372 2012 2637 2083 spirituali
2672 2011 2969 2081 fungimur,
3005 2019 3061 2063 et
3098 2009 3271 2077 ipsum
3308 2007 3475 2062 nobis.

1877 2108 1944 2163 ad
2007 2106 2493 2162 sanctiﬁcationem
2551 2113 2605 2159 et
2673 2102 2741 2156 ad
2804 2100 3272 2172 participationem
3340 2098 3478 2152 vitaa-

1877 2207 2094 2253 mternaa
2137 2205 2524 2267 proponentes,
2557 2194 2707 2251 velut
2738 2203 3003 2264 praestans
3038 2192 3308 2262 quoddam
3345 2192 3481 2262 thy-

1878 2288 2078 2344 miama
2123 2289 2389 2343 bonorum
2435 2300 2661 2355 operum
2706 2283 3033 2352 fragrantias
3060 2281 3358 2337 oderimus.
3399 2280 3466 2335 Ει

1873 2380 2148 2451 justitiam
2175 2379 2224 2433 ei
2254 2377 2649 2442 sacriﬁcantes,
2687 2391 2785 2430 nos
2816 2384 3070 2445 acceptos
3102 2372 3221 2428 fore
3249 2372 3468 2428 conﬁdi-

1879 2486 2024 2526 mus.
2062 2468 2337 2538 Scriptum
2372 2478 2455 2524 est
2493 2470 2638 2524 enim
2682 2488 2696 2524 :
2751 2486 2769 2520 ι
2816 2466 3032 2522 Honora
3079 2468 3361 2521 Dominum
3400 2467 3468 2521 de

1883 2562 1993 2619 tuis
2047 2561 2212 2630 justis
2263 2560 2562 2626 laboribus,
2609 2568 2664 2614 et
2704 2558 2973 2629 primitias
3031 2561 3097 2614 da
3153 2559 3203 2614 ei
3246 2558 3315 2614 de
3363 2559 3473 2613 tuis

1884 2654 2155 2710 fructibus
2187 2652 2417 2722 iustitiae
2449 2653 2514 2707 θ’.
2551 2670 2572 2704 ο
2605 2652 2663 2706 In
2711 2650 2875 2707 nullis
2906 2650 3074 2716 enim,
3102 2649 3318 2720 opinor,
3348 2649 3480 2705 aliis

1884 2761 2046 2814 quam
2068 2748 2121 2801 in
2142 2748 2259 2801 istis
2278 2744 2566 2803 sacriﬁciis
2585 2743 2961 2800 universorum
2982 2742 3126 2799 Deus
3147 2743 3478 2811 acquiescit.

1888 2840 2071 2907 Quare
2102 2838 2170 2895 de
2203 2839 2289 2896 his
2328 2837 2421 2907 qui
2451 2838 2505 2892 in
2537 2835 2758 2892 Christo
2785 2835 2852 2890 ad
2889 2836 3258 2892 sacerdotium
3286 2836 3482 2901 vocati

1888 2940 2037 3000 sunt,
2061 2931 2313 2988 meliores
2331 2930 2446 2986 fore
2468 2931 2543 2985 ait
2561 2928 2833 2998 prioribus
2853 2946 2868 2996 ;
2888 2944 2999 2984 non
3020 2943 3149 2983 oves
3173 2936 3483 2984 mactantea

1889 3033 1951 3078 ut
1990 3023 2093 3087 illi,
2123 3037 2225 3079 nec
2271 3023 2448 3080 altare
2488 3021 2928 3079 contaminantes
2973 3020 3246 3077 oblatione
3273 3036 3475 3092 panum

206 3097 646 3199 slc‘lspoupylav,
672 3098 747 3164 ὡς
777 3099 1033 3169 ἀμείνους
1063 3100 1271 3157 ἔσονται
1305 3103 1414 3157 τῶν
1442 3103 1694 3176 πρῶτων,
1723 3104 1785 3158 ού

1892 3116 2251 3188 pollutarum;
2302 3116 2397 3173 sed
2440 3125 2502 3171 ut
2552 3131 2652 3187 pro
2680 3114 3050 3185 thymiamatis
3096 3115 3211 3169 sive
3241 3114 3485 3169 incensis

212 3184 691 3259 μηλοσφαγοῦντες
720 3194 841 3269 κατ’
859 3192 1122 3257 ἐκείνους,
1144 3192 1265 3246 οὕτε
1299 3194 1404 3265 μὴν
1431 3194 1787 3266 βεϐηλοῦντες

209 3278 268 3333 τὸ
300 3279 685 3350 θυσιαστήριον
720 3280 809 3334 διὰ
836 3282 895 3335 τὸ
934 3283 1231 3353 προσάγειν
1265 3284 1459 3355 ἄρτους
1489 3286 1790 3358 ηλισγημέ-

212 3386 331 3435 νους
352 3386 366 3399 ’
415 3369 533 3423 ἀλλ’
562 3370 636 3434 ὠς
665 3372 724 3424 ὲν
748 3371 901 3439 τάξει
928 3372 1289 3443 θυμιαμάτων
1330 3377 1789 3447 προσκομίζοντες

211 3460 284 3531 τῷ
314 3459 435 3531 Θεῷ
486 3461 574 3532 τὴν
604 3462 949 3532 δικαιοσύνην
982 3464 1074 3517 καὶ
1107 3464 1204 3535 τῆς
1235 3467 1596 3538 εύαγγελικῆς
1642 3468 1791 3522 πολι-

211 3552 355 3616 τείας
382 3552 481 3623 την
511 3552 705 3624 νοητὴν
738 3554 1054 3624 εὐκοσμίαν.
1087 3556 1504 3628 Εύπαράδεκτον
1534 3559 1591 3613 δὲ
1620 3558 1793 3624 οὓτως

214 3644 585 3698 ιπιτελέσουσι
620 3647 717 3718 τὴν
747 3646 1025 3717 λατρείαν,
1066 3647 1143 3712 ὼς
1175 3649 1314 3703 κατὰ
1362 3651 1567 3721 μηδένα
1595 3654 1795 3724 τρόπον

213 3732 455 3787 ἀπωθεῖν
484 3734 655 3805 αὐτὴν
684 3735 789 3789 τῶν
821 3737 1147 3807 πρεπουσῶν
1176 3737 1375 3794 θυσιῶν
1408 3743 1529 3805 ταῖς
1558 3742 1794 3813 ἡμέραις

211 3828 303 3881 τοῦ
332 3829 549 3896 αἰῶνος,
578 3831 875 3894 τουτέστιν,
907 3834 973 3903 τῇ
1004 3830 1113 3903 ζωῇ
1144 3832 1251 3885 τῶν
1276 3835 1333 3886 ὲν
1353 3835 1599 3905 οὐρανοῖς
1625 3837 1796 3904 ἁγίων

212 3920 565 3990 πνευμάτων,
587 3921 635 3975 οἳ
658 3922 924 3992 διηνεκεῖς
944 3924 1037 4001 καὶ
1055 3924 1273 3995 μακρὰς
1300 3925 1791 3999 τρίϐουσιήμέρας,

212 4012 330 4082 ἦτοι
362 4014 609 4084 χρόνους.
646 4014 1049 4085 Περισσοῦσθαι
1071 4016 1127 4069 δὲ
1152 4017 1394 4081 καὶτοὺς
1426 4019 1651 4090 χρόνους
1671 4022 1797 4084 τοὺς

1893 3209 2004 3265 Deo
2040 3207 2306 3276 justitiam
2355 3215 2409 3265 et
2441 3207 2771 3279 evangelica
2825 3205 3294 3269 conversationis,
3352 3218 3477 3273 qua

1892 3298 2114 3369 intelligi
2146 3300 2319 3367 magis
2346 3315 2510 3369 quam
2536 3301 2708 3355 oculis
2728 3298 2877 3355 cerni
2904 3306 3106 3365 potest,
3139 3296 3481 3351 moderatio-~

1892 3407 2017 3447 nem
2050 3390 2358 3446 offerentes.
2391 3390 2505 3458 Qua
2543 3391 2761 3460 quidem
2798 3391 3008 3446 ratione
3054 3389 3260 3446 cultum
3306 3400 3468 3442 acce-

1894 3484 2151 3553 ptabilem
2181 3481 2437 3547 eﬂicient,
2481 3492 2540 3536 ut
2569 3483 2717 3537 nullo
2746 3483 2909 3538 modo
2934 3483 3101 3539 distet
3128 3497 3159 3535 a
3186 3479 3479 3537 sacriﬁciis

1894 3588 2016 3644 quae
2051 3574 2246 3630 decent
2278 3574 2396 3629 dies
2436 3574 2642 3639 saeculi,
2684 3576 2787 3629 hoc
2816 3583 2918 3642 est,
2950 3589 2981 3628 a
3021 3574 3131 3628 vita
3174 3572 3487 3629 caalestium-

1895 3673 2315 3733 sanctorumque
2351 3663 2665 3732 spirituum,
2717 3664 2807 3733 qui
2859 3672 3149 3733 perpetuas
3190 3673 3245 3717 et
3288 3660 3485 3730 longas

1897 3754 2013 3810 dies
2051 3754 2167 3811 sive
2207 3764 2448 3825 tempora
2492 3755 2715 3825 degunt.
2756 3754 3016 3809 Reditura
3060 3754 3189 3808 item
3238 3761 3487 3818 tempora

1896 3863 2015 3918 qua:
2042 3847 2244 3902 fuerint
2276 3855 2404 3900 ante
2435 3845 2575 3910 illos,
2603 3847 2708 3900 hoc
2736 3854 2841 3908 est,
2867 3844 3049 3900 cultus
3071 3858 3137 3900 ac
3162 3842 3479 3912 religionem

1898 3953 1929 3993 a
1981 3937 2186 3992 sanctis
2236 3935 2366 3991 olim
2426 3935 2537 3991 Deo
2583 3935 2906 3990 exhibitam.
2960 3934 3271 3990 Priscorum
3332 3935 3482 3989 enim

1900 4027 2071 4098 gloria
2109 4036 2164 4081 et
2195 4024 2482 4081 celebritas
2515 4025 2613 4079 fuit
2650 4026 2705 4080 in
2728 4025 3059 4080 obedientia.
3090 4023 3181 4079 Sic
3206 4023 3479 4079 Abraham

220 4106 551 4176 ἔμπροσθεν,
602 4107 868 4174 τουτέστι,
921 4109 1020 4173 τάς
1069 4108 1178 4162 τῶν
1223 4110 1393 4179 ἁγίων
1444 4112 1723 4184 λατρείας,
1743 4114 1798 4167 αἱ

1899 4118 2095 4174 obtulit
2144 4118 2312 4172 ﬁlium
2362 4117 2493 4184 Dea,
2533 4135 2552 4170 ι
2590 4116 2656 4171 Ει
2706 4127 2957 4188 reputata
2996 4124 3082 4171 est
3126 4116 3176 4171 ei
3231 4115 3367 4171 ﬁdes
3413 4114 3483 4168 ad

225 4198 368 4251 κατά
400 4199 622 4270 χρόνους
652 4200 908 4269 γεγόνασι
938 4202 1063 4265 τοὺς
1101 4202 1429 4274 ἔμπροσθεν.
1469 4205 1661 4274 Γέγονε
1690 4206 1798 4278 γάρ

1896 4208 2163 4279 justitiam
2203 4209 2271 4275 ⁷⁸,
2302 4228 2322 4261 ι
2356 4219 2412 4264 et
2450 4209 2658 4265 amicus
2694 4209 2789 4264 Dei
2824 4208 3126 4279 appellatus
3155 4214 3257 4261 est.
3294 4206 3384 4261 Sic
3431 4216 3486 4259 et

223 4292 279 4342 ὲν
336 4290 551 4361 ὑπακοῇ
604 4292 714 4354 τοῖς
761 4292 1135 4363 ἀρχαιοτέροις
1188 4294 1553 4367 εὐδοκίμησις.
1616 4296 1798 4363 Οῦτως

1902 4300 2016 4356 Noe
2050 4316 2231 4356 arcam
2281 4300 2570 4357 fabricavit
2606 4302 2671 4358 ad
2719 4300 2953 4357 salutem
3004 4302 3197 4356 domus
3244 4313 3379 4365 suae,
3427 4310 3486 4351 ut

226 4378 485 4449 Ἀϐραάμ
514 4379 878 4451 προσεκόμιζε
916 4382 1009 4435 τὸν
1046 4383 1160 4436 υίδν
1186 4384 1264 4455 τῷ
1294 4383 1433 4455 Θεῷ,
1480 4404 1499 4437 ι
1546 4387 1656 4441 Καὶ
1692 4386 1798 4440 ὲλα

1904 4389 2129 4446 Litteris
2171 4392 2443 4461 proditum
2484 4399 2569 4447 est
2598 4393 2666 4450 '“.
2708 4412 2726 4445 ι
2755 4390 2941 4461 Itaque
2988 4390 3240 4462 placebit,
3290 4389 3485 4459 inquit.

215 4472 379 4541 γίσθη
411 4469 561 4542 αύτῷ
592 4473 626 4542 ἡ
668 4472 850 4537 πίστις
892 4475 971 4537 είς
1012 4475 1382 4546 δικαιοσύνην,
1438 4495 1457 4528 ι
1509 4478 1603 4531 καὶ
1648 4478 1798 4546 φίλος

1903 4482 2234 4538 sacriﬁcium
2260 4481 2419 4551 Juda,
2458 4485 2558 4538 hoc
2583 4491 2690 4549 est,
2724 4481 2909 4553 populi
2952 4482 3004 4535 in
3029 4482 3192 4535 corde
3212 4488 3267 4535 et
3290 4478 3484 4547 spiritu

216 4562 422 4635 ἐκλήθη
455 4563 612 4619 Θεοῦ.
648 4564 805 4617 Οῦτω
852 4565 947 4619 καὶ
995 4565 1120 4619 Νῶε
1170 4566 1539 4622 κατεσκεύασε
1578 4569 1679 4639 τὴν
1717 4588 1798 4623 κι-

1901 4574 2374 4631 circumcisionem
2398 4574 2889 4632 circumferentia"
2907 4591 2922 4641 ;
2944 4574 3072 4642 quin
3090 4582 3143 4627 et
3161 4570 3483 4632 Jerusalem.

217 4657 392 4710 σωτὸν
434 4657 517 4716 είς
548 4658 819 4729 σωτηρίαν
844 4656 938 4711 τοῦ
969 4656 1119 4711 οἴκου
1156 4658 1343 4725 αὐτοῦ,
1368 4657 1553 4722 καθὼς
1593 4660 1798 4729 γέγρα-

1903 4682 2067 4734 quam
2108 4682 2259 4721 mens
2310 4667 2570 4733 intuetur,
2630 4668 2683 4722 id
2731 4676 2818 4721 est
2872 4663 3129 4720 Ecclesia:
3180 4684 3192 4719 :
3244 4662 3386 4717 sicut
3433 4671 3497 4715 et

218 4768 372 4805 πται.
414 4771 432 4801 ι
484 4751 694 4804 Οὐκοῦν
721 4752 932 4821 ἀρέσει,
962 4752 1144 4822 φησὶν,
1171 4752 1204 4822 ἡ
1232 4750 1391 4804 θυσία
1415 4751 1510 4805 τοῦ
1544 4752 1736 4817 Ἰούδα,
1777 4771 1795 4804 ι

1903 4759 2226 4814 sacriﬁcium
2267 4760 2658 4827 possidentium
2688 4761 2804 4815 dies
2831 4759 3051 4823 saeculi,
3085 4766 3139 4812 et
3169 4767 3480 4811 sanctorum

219 4841 492 4903 τουτέστι,
539 4842 631 4894 τοῦ
670 4841 800 4896 λαοῦ
839 4842 940 4913 τὴν
969 4842 1027 4894 ἐν
1063 4840 1260 4911 καρδίᾳ
1297 4840 1390 4893 καὶ
1437 4841 1493 4893 ὲν
1531 4840 1798 4911 πνεύματι

1912 4850 2001 4918 qui
2035 4849 2404 4918 superioribus
2448 4850 2702 4905 aetatibus
2730 4850 2781 4903 in
2828 4850 2937 4903 vita
2989 4849 3226 4912 fuerunt,
3264 4844 3355 4913 qui
3391 4860 3491 4913 per.

225 4933 532 5003 περιτομὴν
556 4934 967 5003 περιφέροντος,
993 4932 1087 4986 καὶ
1119 4933 1301 5002 μέντοι
1320 4931 1418 5001 τῆς
1452 4931 1798 5003 Ἰερουσαλὴμ

1912 4939 2273 4994 obedientiam
2295 4950 2348 4995 et
2374 4938 2535 4995 ﬁdem
2568 4940 2680 4996 Deo
2708 4940 3049 5009 placuerunt.
3080 4938 3370 4991 Euumerat
3390 4949 3485 4989 eos

223 5025 315 5094 τῆς,
346 5026 567 5096 νοητῆς,
603 5024 848 5079 τουτέστι
877 5025 974 5095 τῆς
1025 5022 1351 5094 Ἐκκλησίας
1372 5038 1386 5055 ⁸
1429 5022 1615 5086 καθὼς
1651 5026 1745 5077 καὶ
1773 5024 1798 5094 ἡ

1913 5042 2126 5099 quoque
2152 5030 2367 5085 divinus
2397 5029 2594 5086 Paulus
2618 5030 2671 5085 in
2697 5029 2935 5097 Epistala
2968 5028 3034 5083 ad
3077 5026 3354 5091 Hebraeos,
3382 5024 3486 5081 ﬁde

227 5115 332 5169 τῶν
360 5118 595 5187 ἐχόντων
627 5116 724 5180 τὰς
749 5116 961 5187 ἡμέρας
988 5116 1078 5167 τοῦ
1108 5115 1320 5178 αίῶνος,
1358 5114 1451 5168 καὶ
1475 5116 1507 5186 ὴ
1536 5114 1645 5168 τῶν
1666 5114 1798 5169 κατᾶ

1915 5119 2112 5174 multas
2130 5121 2456 5188 iustiﬁcatos
2485 5134 2606 5175 esse
2631 5122 2929 5176 testiﬁcans
2956 5119 3019 5172 ⁷³.

227 5211 349 5274 τοὺς
382 5210 695 5281 ἔμπροσθεν
763 5210 983 5279 χρόνους
1048 5210 1348 5277 γεγονότων
1387 5207 1576 5277 ἁγίων,
1624 5210 1673 5263 οἳ
1743 5209 1999 5278 γεγόνασι
2047 5214 2328 5284 εὐάρεστοι
2383 5214 2450 5268 δι’
2501 5216 2746 5286 ὑπακοῆς
2782 5214 2872 5267 καὶ
2942 5213 3198 5274 πίστεως.
3266 5212 3489 5279 Ἀπαρι-

232 5305 447 5375 θμεῖται
488 5302 547 5355 δὲ
592 5303 687 5355 καὶ
731 5302 951 5365 τούτους
997 5304 1025 5355 ο
1072 5300 1352 5364 θεσπέσιος
1394 5300 1605 5365 Παῦλος
1653 5302 1708 5355 ὲν
1738 5304 1804 5373 τῇ
1844 5302 1981 5373 πρὸς
2018 5305 2299 5376 Ἐϐραίους
2339 5308 2649 5377 Ἐπιστολῇ,
2718 5305 2894 5360 πίστει
2952 5301 3123 5373 λέγων
3150 5303 3487 5358 δικαιοῦσθαι

234 5396 461 5457 πολλούς

302 5484 412 5541 Καὶ
444 5485 730 5555 προσάξω
762 5487 908 5556 πρὸς
942 5484 1092 5554 ὑμᾶς
1132 5486 1200 5538 ἐν
1224 5487 1438 5555 κρίσει,
1471 5487 1567 5541 καὶ
1600 5486 1798 5556 ἔσομαι

1994 5486 2153 5541 Vsus.
2202 5487 2254 5541 5.
2308 5487 2370 5543 Et
2419 5488 2662 5541 accedam
2708 5487 2775 5541 ad
2812 5503 2897 5541 vos
2948 5489 3001 5540 in
3038 5487 3264 5557 judicio,
3311 5499 3357 5541 et
3398 5505 3485 5541 ero

304 5687 348 5715 “
380 5685 561 5738 Gulat.
590 5701 649 5747 tt.
685 5684 866 5748 19,5“.
945 5686 997 5755 “7
1025 5684 1253 5755 Philipp.
1286 5700 1365 5749 ιιι,
1398 5685 1481 5739 19.
1524 5686 1605 5755 η⁶⁸
1640 5681 1800 5738 licltr.
1830 5684 2041 5755 “1,712.

2149 5686 2190 5716 ‘9
2220 5683 2379 5741 Prov.
2416 5700 2494 5749 ιιι,
2528 5685 2577 5740 9.
2660 5687 2700 5718 ⁷ο
2733 5686 2868 5742 Gen.
2905 5702 2989 5752 xv,
3018 5686 3084 5751 6;
3115 5684 3289 5739 Galat.
3326 5700 3402 5749 ιιι,
3432 5681 3481 5736 6.

237 5752 279 5785 "
312 5755 448 5810 Gen.
498 5756 556 5821 6,
596 5757 612 5807 l
679 5770 827 5823 seqq.
904 5756 949 5789 τ’
982 5754 1136 5809 llntn.
1171 5752 1230 5808 η’.
1274 5756 1361 5811 29.
1440 5755 1482 5785 ⁷³
1521 5753 1683 5810 Hebr.
1729 5771 1798 5817 ιιι⁸
1836 5754 1884 5819 l,
1918 5754 2003 5809 ιο.
