3934 6318
450 314 560 393 ssi

1485 334 1543 391 Β.
1586 333 1861 391 CYRILIJ
1902 334 2375 392 ALEXANDRINI
2415 337 2738 395 ARCHIEP.

3628 338 3743 396 ΒΜ

456 461 726 531 possimus
757 458 920 515 etiam
956 459 1200 514 viventes
1227 471 1325 514 nos
1355 457 1408 512 ln
1431 457 1625 529 spiritu
1649 464 2042 528 consummari,

2156 464 2295 533 ἡμᾶς
2325 463 2706 517 ἀποτελεῖσθαι
2739 463 2815 533 τῷ
2852 462 3149 533 Πνεύματι,
3175 461 3303 515 ὅταν
3330 460 3409 525 είς
3442 460 3568 516 νοῦν
3602 464 3745 517 me-

456 553 529 617 si,
547 551 763 607 Christo
784 550 1134 617 immittente,
1154 548 1207 604 in
1226 556 1463 603 mentem
1486 560 1650 619 atque
1662 565 1762 605 cor
1778 561 2047 620 penetret,

456 657 610 714 tunc,
660 644 940 710 nimirum,
993 651 1123 699 tunc
1164 656 1381 698 onmem
1434 642 1647 714 peccati
1698 644 1935 699 scoriam
1983 658 2046 697 ex

458 735 749 805 praeteritis
797 735 1043 805 lapsibus
1098 742 1443 790 contractam
1484 733 1702 789 deterit.
1740 734 1919 804 Atque
1974 733 2049 787 ita

459 839 721 900 purgatos
751 829 917 884 etiam
949 827 1367 898 probatissimos
1395 827 1597 893 reddit,
1621 836 1674 881 et
1702 836 1909 881 tantum
1942 841 2049 881 non

456 922 729 993 spirituali
777 920 1016 993 quodam
1066 920 1228 974 modo
1276 918 1437 973 aliter
1470 918 1541 973 ad
1589 918 1886 973 novitatem
1928 918 2052 973 vita:

455 1016 705 1083 fabricat,
743 1025 799 1069 et
832 1028 958 1067 vasa
990 1012 1246 1080 deinceps
1277 1010 1511 1081 insignia
1540 1020 1596 1065 et
1627 1009 1963 1065 sanctiﬁcata
1995 1016 2052 1065 et

454 1108 513 1162 in
552 1107 815 1161 honorem
856 1112 1172 1174 comparata
1210 1112 1265 1157 et
1309 1117 1522 1173 magna:
1574 1103 1788 1170 domui,
1825 1102 1930 1157 hoc
1970 1110 2054 1157 est

455 1200 734 1263 Ecclesia,
765 1198 925 1254 utilia
962 1196 1127 1253 efﬁcit
1153 1196 1222 1250 ⁸⁸.
1254 1213 1273 1248 ι
1316 1194 1455 1252 Hinc
1486 1196 1695 1251 scilicet
1723 1196 1965 1251 divinum
1999 1204 2055 1251 et

455 1293 557 1347 sub
583 1291 1001 1361 intelligentiam
1031 1292 1317 1346 cadentem
1350 1289 1531 1359 ignem
1563 1298 1787 1343 sanctus
1811 1286 2051 1343 Joannes

454 1386 805 1457 significavit,
833 1401 951 1439 cum
975 1385 1178 1440 diceret
1203 1402 1217 1440 :
1252 1401 1271 1435 ι
1301 1384 1414 1454 Ego
1441 1384 1659 1452 baptizo
1686 1398 1782 1439 vos
1809 1383 1862 1438 in
1887 1398 2048 1454 aqua.

456 1477 586 1531 Post
627 1489 714 1531 me
756 1473 937 1529 veniet
972 1474 1072 1539 vir,
1114 1472 1273 1541 cuius
1313 1488 1420 1527 non
1447 1487 1567 1527 sum
1600 1472 1794 1542 dignus
1830 1482 1888 1527 ut
1924 1487 2052 1541 pro-

456 1569 724 1624 cumbens
753 1567 961 1622 solvam
1001 1566 1293 1635 corrigiam
1340 1565 1694 1621 calceamenti
1741 1564 1878 1635 ejus.
1936 1562 2054 1633 Ipse

456 1675 551 1717 vos
574 1659 869 1730 baptizabit
888 1659 939 1713 in
960 1657 1166 1728 Spiritu
1186 1666 1375 1713 sancto
1393 1668 1447 1713 et
1466 1659 1570 1728 igni
1586 1658 1651 1711 ⁸⁷.
1668 1677 1685 1710 ι
1711 1657 2053 1713 Meminimus

456 1765 509 1809 et
531 1753 804 1809 Christum
831 1752 1012 1808 dicere
1040 1773 1052 1807 :
1088 1771 1106 1804 ι
1138 1752 1321 1823 Ignem
1350 1752 1472 1808 veni
1498 1753 1715 1807 mittere
1739 1752 1793 1806 in
1821 1760 2043 1818 terram,

2153 556 2321 607 ίκοιτο
2355 554 2450 608 καὶ
2497 555 2747 625 καρδίαν,
2780 555 3012 618 ὲνιέντος
3052 553 3310 625 Χριστοῦ,
3340 552 3460 607 τότε
3497 554 3583 627 δὴ,
3615 556 3743 610 τότε

2148 645 2329 699 πάντα
2358 646 2457 717 μὲν
2485 647 2577 700 τὸν
2603 647 2661 711 ἐξ
2692 647 2964 718 ἁμαρτίας
2992 647 3285 717 διασμήχει
3313 646 3502 719 ρύπον,
3526 649 3619 701 καὶ
3648 648 3745 702 τὸν

2150 738 2213 790 ὲκ
2240 738 2348 791 τῶν
2388 739 2488 810 ἤδη
2524 740 3011 811 προεπταισμένων
3031 738 3248 809 δαπανᾷ
3286 738 3583 809 μολυσμόν.
3630 741 3746 793 Κε-

2146 829 2285 883 καθα
2295 847 2530 901 ρμενους
2552 848 2613 884 τε
2638 830 2781 884 οὕτω
2807 832 2901 885 καὶ
2927 831 3333 902 δοκιμωτάτους
3356 833 3485 895 τοὺς
3514 832 3743 903 ἔχοντας

2149 923 2421 989 ἀποτελεῖ,
2465 922 2559 974 καὶ
2605 922 2885 992 μονονουχὶ
2917 921 3312 991 μεταχαλκεύει
3349 922 3555 992 νοητῶς
3601 924 3743 993 πρὸς

2148 1014 2478 1086 καινοτάτην
2509 1014 2674 1085 ζωὴν,
2704 1015 2798 1067 καὶ
2839 1014 3007 1084 σκεύη
3042 1014 3226 1068 λοιπὸν
3271 1014 3562 1084 ἀποφαίνει
3596 1014 3745 1085 λαμ-

2152 1106 2268 1176 ττρά
2309 1107 2404 1159 καὶ
2436 1106 2748 1177 ἡγιασμένοι
2784 1107 2880 1158 καὶ
2918 1108 2997 1170 εἰς
3045 1107 3210 1178 τιμὴν
3254 1108 3747 1177 κατεσκευασμένα

2150 1201 2294 1270 οἰκίᾳ
2326 1216 2385 1253 τε
2420 1202 2488 1269 τῆ
2534 1200 2747 1274 μεγάλῃ
2785 1202 3054 1272 χρήσιμα,
3084 1201 3367 1254 τουτέστιν
3396 1204 3463 1273 τῇ
3507 1202 3748 1273 Ἐκκλη-

2154 1290 2265 1361 σίᾳ.
2286 1292 2469 1365 ,Τοῦτο
2492 1291 2555 1362 δὴ
2585 1291 2645 1344 τὸ
2666 1291 2807 1345 θεῖόν
2834 1310 2894 1345 τε
2922 1294 3015 1345 καὶ
3045 1293 3235 1364 νοητὸν
3260 1294 3608 1363 κατεσήμανε
3630 1294 3749 1364 πῦρ

2151 1383 2179 1434 ὁ
2208 1382 2494 1447 θεσπέσιος
2531 1384 2804 1455 Ἰωάννης,
2834 1384 3007 1453 λέγων
3028 1401 3042 1415 ·
3079 1405 3098 1437 ι
3152 1385 3292 1454 Ἐγὼ
3320 1384 3566 1456 βαπτίζω
3595 1387 3748 1456 ὑμᾶς

2152 1477 2210 1529 ὲν
2253 1475 2433 1531 ὕδατι.
2494 1477 2699 1530 Ὀπίσω
2753 1495 2855 1548 μου
2898 1478 3118 1550 ἔρχεται
3163 1478 3321 1550 ἀνὴρ,
3368 1474 3429 1533 οὗ
3475 1480 3582 1532 οὐκ
3628 1481 3749 1549 εἰμὶ

2155 1566 2339 1630 ἱκανὸς
2365 1568 2452 1620 ἵνα
2484 1567 2663 1637 κύψας
2698 1567 2847 1621 λύσω
2875 1570 2964 1622 τὸν
2990 1570 3188 1639 ἱμάντα
3226 1570 3336 1623 τῶν
3375 1571 3747 1641 ὑποδημάτων

2152 1659 2341 1715 αὐτοῦ.
2374 1660 2549 1724 Αὐτὸς
2587 1661 2731 1732 ὑμᾶς
2773 1661 3027 1731 βαπτίσει
3062 1663 3121 1716 ὲν
3151 1662 3430 1734 Πνεύματι
3464 1663 3603 1733 ἁγίῳ
3648 1663 3746 1716 καὶ

2153 1754 2308 1822 πυρί.
2346 1772 2365 1805 ι
2400 1752 2744 1823 Μεμνήμεθα
2771 1752 2827 1806 δὲ
2862 1753 3145 1822 καὶηαύτοῦ
3185 1754 3434 1823 λέγοντος
3472 1755 3569 1808 τοῦ
3608 1756 3749 1827 Χρι-

456 1847 673 1918 etquid
708 1844 857 1909 volo,
897 1845 1008 1900 nisi
1046 1856 1105 1899 ut
1142 1845 1475 1901 accendatur
1499 1844 1582 1897 '3?
1610 1863 1629 1897 ι
1671 1844 1879 1914 Itaque,
1914 1859 2049 1913 quo—

2156 1844 2282 1897 στοῦ
2304 1861 2316 1872 ’
2355 1862 2371 1895 ι
2408 1843 2527 1914 Πῦρ
2548 1839 2711 1915 ἦλθον
2735 1842 2950 1913 βάλλειν
2981 1845 3073 1897 ἐπὶ
3101 1846 3199 1915 τὴν
3230 1844 3357 1914 γῆν,
3383 1845 3477 1897 καὶ
3498 1845 3552 1896 τί
3580 1844 3744 1907 θέλω.

457 1941 603 1997 uiam
630 1938 891 1995 Israelitre
914 1938 1241 1994 Levitarum
1274 1937 1672 1992 immunditiam
1701 1937 1815 1992 sive
1842 1937 2044 2006 iniqui-

456 2043 619 2088 tatem
651 2046 756 2086 non
781 2030 898 2085 leve
928 2027 1343 2083 fundamentum
1366 2026 1666 2097 ponebant,
1686 2026 1795 2080 imo
1812 2025 2045 2097 perillus

455 2127 834 2182 universorum
856 2122 1036 2178 Deum
1074 2122 1292 2176 irritare
1324 2135 1432 2175 non
1467 2119 1812 2186 desinebant,
1849 2131 2046 2173 contu-

454 2219 679 2275 meliose
720 2216 1005 2285 loquentes
1031 2222 1088 2268 et
1110 2212 1293 2267 dicere
1333 2226 1441 2267 non
1470 2220 1721 2265 verentes
1753 2226 1767 2265 :
1805 2227 1824 2262 ι
1857 2209 2046 2266 Omnis

454 2311 545 2383 qui
579 2309 713 2365 facit
745 2307 970 2372 malum,
1003 2306 1205 2361 bonum
1244 2318 1428 2359 coram
1464 2301 1580 2369 illo,
1621 2311 1675 2356 et
1703 2302 1756 2357 in
1797 2300 1903 2357 illis
1930 2301 2048 2372 ipse

454 2404 558 2460 sibi
578 2399 931 2472 complacuit,
949 2410 1006 2453 et
1022 2397 1115 2452 ubi
1141 2406 1224 2451 est
1247 2394 1625 2464 Deusjustitiae
1640 2395 1727 2449 "‘2
1752 2413 1771 2447 ι
1802 2393 2048 2465 praedicit

455 2495 659 2550 utiliter
702 2493 938 2563 quodam
975 2498 1219 2560 tempore
1249 2486 1571 2543 affulsurum
1618 2487 1919 2552 Christum,
1954 2487 2047 2557 qui

457 2594 736 2659 peccatum
782 2596 946 2638 omne
990 2590 1239 2636 nostrum
1278 2582 1312 2634 'e
1356 2577 1536 2633 medio
1579 2575 1739 2642 tollit,
1788 2575 1954 2647 853
1994 2584 2049 2631 et

455 2676 767 2734 sacerdotes
796 2688 929 2729 suos
960 2671 1293 2743 purissimos
1320 2670 1517 2735 reddit,
1548 2684 1752 2739 eosque
1773 2676 1832 2722 ut
1857 2683 2047 2724 aurum

455 2781 550 2825 aut
566 2779 848 2840 argentum
868 2767 920 2821 in
942 2766 1065 2836 igne
1083 2764 1299 2835 probat,
1321 2763 1437 2818 sise
1453 2764 1714 2832 probatos
1735 2770 1789 2816 et
1812 2761 2048 2817 illustres

460 2863 639 2920 reddit
674 2863 743 2917 °°.
788 2858 942 2914 Tales
980 2856 1417 2912 enimEcclesia:
1456 2856 1770 2910 sacerdotes
1807 2851 2048 2908 universi

455 2956 659 3012 debent
683 2965 827 3017 esse,
846 2949 1355 3022 qnibusliceatjure
1384 2947 1589 3017 optimo
1615 2960 1885 3016 usurpare
1915 2944 2048 3000 illud

460 3047 810 3102 Davidicum:
844 3063 863 3097 ι
891 3042 1142 3100 Probasti
1175 3056 1295 3109 nos,
1334 3039 1510 3107 Deus;
1548 3040 1672 3110 igne
1703 3054 1801 3094 nos
1836 3037 2045 3094 exami-

459 3141 600 3196 nasti
632 3150 692 3194 ut
721 3136 1026 3193 examinari
1055 3134 1193 3191 solet
1212 3143 1496 3206 argentum
1527 3133 1629 3188 “.i
1656 3131 1806 3188 Filiis
1830 3132 2047 3203 quidem

2153 1936 2202 1987 εἰ
2235 1934 2335 2006 ἤδη
2370 1935 2620 2006 ἀνήφθη;
2664 1954 2682 1987 ι
2716 1934 2946 2001 Οὐκοῦν,
2979 1936 3209 2009 ἐπείπερ
3236 1938 3285 1989 οί
3309 1936 3365 2001 ἐξ
3395 1937 3629 2007 αἵματος
3650 1937 3747 1990 τοῦ

2152 2027 2211 2095 ἐξ
2254 2026 2474 2099 Ἰσραὴλ
2495 2030 2596 2099 τῆς
2633 2027 2745 2082 τῶν
2768 2028 3009 2083 Λευῖτῶν
3038 2030 3402 2101 ἀκαθαρσίας,
3429 2031 3596 2101 ἤγουν
3626 2031 3746 2085 ἀδι-

2153 2118 2302 2184 κίας,
2332 2118 2394 2171 ού
2426 2119 2653 2189 μετρίαν
2674 2118 2954 2173 ἐποιοῦντο
2977 2119 3078 2190 τὴν
3102 2118 3428 2190 καταϐολὴν,
3455 2119 3662 2190 μᾶλλον
3690 2119 3749 2172 δὲ

2152 2211 2220 2265 δι’
2255 2211 2497 2276 ἐκείνους
2531 2210 2967 2285 παροτρύνοντες
3014 2212 3281 2266 διετέλουν
3325 2213 3416 2266 τὸν
3447 2212 3557 2266 τῶν
3604 2212 3748 2266 ὅλων

2153 2298 2307 2363 Θεὸν,
2340 2299 2589 2372 παλίμφη
2600 2301 2675 2371 μά
2709 2318 2768 2354 τε
2799 2301 3089 2366 λαλοῦντες
3112 2319 3235 2357 τινα
3270 2302 3366 2356 καὶ
3391 2301 3752 2373 ἀποτολμῶν-

2152 2409 2245 2455 τες
2281 2391 2462 2462 λέγειν
2488 2408 2502 2423 ο
2555 2412 2575 2445 ι
2623 2394 2739 2458 Πᾶς
2782 2394 2951 2449 ποιῶν
2992 2395 3248 2466 πονηρὸν,
3301 2396 3464 2451 καλὸν
3512 2395 3749 2450 ἐνώπιον

2154 2483 2343 2549 αὑτοῦ,
2385 2485 2480 2538 καὶ
2503 2486 2562 2539 ὲν
2607 2486 2792 2550 αὐτοῖς
2818 2487 2984 2551 αὐτὸς
3006 2488 3295 2559 ηὑδόκησε,
3335 2490 3430 2543 καὶ
3460 2488 3561 2543 ποῦ
3598 2490 3749 2542 ἔστιν

2153 2575 2183 2627 ὁ
2214 2574 2347 2639 Θεὸς
2394 2576 2493 2647 τῆς
2542 2576 2928 2649 δικαιοσύνης;
2981 2596 3001 2631 ι
3052 2579 3412 2651 προαγορεύει
3456 2581 3750 2651 χρησίμως

2154 2668 2237 2722 ὅτι
2270 2668 2413 2725 κατὰ
2441 2670 2666 2742 καιροὺς
2696 2670 2996 2742 ἐπιλάμψει
3019 2671 3273 2743 Χριστὸς,
3303 2674 3332 2725 ὁ
3376 2674 3557 2727 πᾶσαν
3586 2674 3750 2745 ἡμῶν

2153 2761 2254 2833 τὴν
2286 2763 2563 2834 ἁμαρτίαν
2594 2764 2659 2817 ὲκ
2698 2764 2864 2835 μέσου
2898 2763 3089 2828 τιθεὶς,
3123 2765 3217 2819 καὶ
3246 2766 3558 2835 πανάγνους
3601 2767 3747 2820 ἀπο-

2154 2853 2325 2909 τελῶν
2374 2854 2499 2918 τοὺς
2546 2854 2708 2918 ἰδίους
2758 2856 3109 2927 ἱερουργοὺς,
3158 2857 3253 2910 καὶ
3294 2850 3412 2910 οἷον
3466 2856 3674 2928 χρυσὸν
3707 2853 3749 2925 ἢ

2155 2947 2395 3019 ἄργυρον
2434 2948 2493 3001 ὲν
2525 2949 2659 3019 πυρὶ
2698 2948 3011 3019 δοκιμάζων
3058 2950 3277 3013 αὐτοὺς,
3320 2950 3440 3021 ἦτοι
3482 2950 3750 3021 δοκίμους

2154 3038 2437 3092 ἀποτελῶν
2487 3039 2583 3093 καὶ
2636 3038 3184 3111 λελαμπρυσμένους.
3232 3040 3473 3094 Τοιοῦτοι
3523 3043 3636 3111 γὰρ
3664 3043 3751 3105 ὼς

2156 3130 2360 3184 ἐπίπαν
2389 3132 2490 3202 τῆς
2531 3131 2860 3203 Ἐκκλησίας
2904 3134 2953 3187 οἱ
2994 3132 3319 3205 λειτουργοὶ,
3347 3127 3427 3196 οἷς
3473 3132 3538 3186 ἃν
3566 3135 3753 3205 ἁρμά-

459 3233 639 3286 Aaron
691 3239 970 3301 gestamen
1006 3236 1125 3281 erat
1173 3225 1312 3281 stola
1361 3224 1571 3295 legibus
1614 3224 1932 3296 prtescripta
1982 3225 2048 3278 σε

2157 3239 2290 3288 σειε,
2326 3223 2421 3277 καὶ
2463 3223 2608 3294 μάλα
2637 3224 2883 3291 εἰκότως,
2923 3227 3102 3279 ἐκεῖνο
3133 3228 3310 3280 εἰπεῖν
3337 3227 3399 3280 τὸ
3440 3226 3530 3279 διὰ
3558 3226 3753 3297 φωνῆς

462 3320 696 3378 Selectis
735 3330 923 3375 autem
963 3319 1018 3372 in
1053 3316 1279 3372 Christo
1301 3325 1358 3372 et
1390 3315 1703 3372 sacerdotio
1735 3317 2046 3384 destinatis,

461 3416 836 3472 indumentum
887 3409 1267 3481 splendidum,
1293 3408 1632 3465 sacerdotale
1675 3416 2046 3475 etsanctum,

460 3506 714 3562 Christus
746 3503 884 3574 ipse.
920 3501 1291 3570 Quamobrem
1331 3508 1385 3554 et
1414 3514 1511 3570 per
1551 3500 1721 3571 lyram
1763 3499 2049 3557 Psallentis

464 3602 604 3655 ltcns
659 3607 715 3653 et
758 3594 934 3650 Pater
989 3593 1056 3649 de
1112 3592 1357 3648 Ecclesia
1404 3606 1468 3646 ex
1516 3592 1768 3663 gentibus
1825 3591 2048 3647 aiebat:

466 3714 483 3744 ι
518 3689 844 3747 Sacerdotes
877 3688 994 3758 ejus
1038 3686 1257 3741 induam
1307 3686 1571 3753 salutem,
1611 3695 1664 3742 et
1715 3686 1889 3741 sancti
1934 3684 2053 3756 ejus

461 3784 823 3841 exsultatione
870 3778 1224 3836 exsultabunt
1267 3776 1337 3832 ”.
1373 3796 1391 3829 ι
1430 3777 1757 3833 Sanctorum
1789 3778 1933 3832 enim
1962 3792 2052 3831 sa-

460 3877 742 3930 cerdotum
772 3871 920 3927 salus
951 3878 1005 3927 et
1041 3872 1419 3925 indumentum
1450 3869 1770 3924 admirabile
1805 3868 2056 3923 Christus

461 3978 579 4034 est;
626 3967 735 4021 imo
766 3965 962 4020 decens
1002 3963 1237 4018 amictus
1276 3962 1517 4018 omnium
1568 3961 1831 4016 fidelium.
1882 3978 1901 4012 ι
1926 3959 2055 4025 Qui-

462 4072 676 4127 cunque
730 4059 900 4122 enim,
958 4055 1161 4124 inquit,
1213 4055 1264 4107 in
1316 4052 1545 4109 Christo
1592 4050 1852 4122 baptizati
1902 4052 2051 4120 estis,

459 4150 739 4206 Christum
771 4148 1021 4203 induistis
1052 4147 1117 4199 “.
1152 4163 1171 4195 ι

2156 3314 2251 3369 τοῦ
2284 3316 2469 3383 Δαόὶδ,
2500 3318 2581 3371 ὅτι
2613 3336 2631 3369 ι
2680 3319 3043 3391 Ἐδοκίμασας
3070 3321 3239 3391 ἡμᾶς,
3270 3322 3298 3373 ὁ
3325 3319 3478 3384 Θεὸς,
3522 3319 3754 3392 ὲπύρω-

2160 3425 2260 3473 σας
2291 3410 2437 3480 ἡμᾶς
2469 3410 2546 3473 ὡς
2575 3410 2843 3482 πυροῦται
2891 3412 2954 3464 τὸ
3003 3412 3286 3484 ἀργύριον.
3326 3432 3345 3466 ι
3375 3412 3605 3482 Φόρημα
3648 3414 3753 3482 μὲν

2157 3500 2268 3573 γὰρ
2299 3503 2414 3565 τοῖς
2463 3501 2522 3568 ἐξ
2579 3500 2789 3573 Ἀαρὼν
2834 3504 2868 3573 ἡ
2918 3504 3059 3557 κατὰ
3104 3504 3266 3574 νόμον
3301 3503 3483 3573 στολή.
3522 3503 3653 3566 Τοῖς
3685 3520 3748 3571 γε

2160 3590 2267 3662 μὴν
2304 3591 2626 3656 ἀπολέκτοις
2674 3593 2733 3644 ὲν
2776 3592 2995 3663 Χριστῷ
3039 3594 3132 3647 καὶ
3159 3594 3514 3664 τεταγμένοις
3554 3594 3637 3656 είς
3673 3593 3752 3645 ἱε-

2156 3684 2418 3755 ρουργίαν
2461 3682 2666 3754 ἄμφιόν
2707 3684 2823 3736 ἐστι
2870 3683 3141 3756 λαμπρὸν,
3175 3685 3504 3756 ίεροπρεπές
3546 3703 3607 3739 τε
3654 3686 3753 3739 καὶ

2156 3776 2501 3846 ἀγιον,αὺτὸς
2529 3779 2557 3830 ὁ
2578 3776 2833 3847 Χριστός.
2866 3775 3155 3849 Τοιγάρτοι
3180 3778 3272 3831 καὶ
3299 3777 3507 3847 ἔφασκε
3536 3779 3625 3832 διὰ
3644 3779 3750 3848 τῆς

2153 3869 2249 3922 τοῦ
2289 3870 2582 3941 ψάλλοντος
2616 3869 2784 3941 λύρας
2808 3868 2837 3919 ὁ
2867 3869 2998 3933 Θεὸς
3029 3870 3123 3923 καὶ
3152 3870 3345 3940 Πατὴρ
3384 3870 3515 3939 περὶ
3541 3870 3638 3939 τῆς
3683 3865 3747 3927 ἐξ

2154 3959 2325 4015 ἐθνῶν
2375 3962 2705 4033 Ἐκκλησίοις
2725 3976 2738 3989 ⁸
2777 3981 2795 4014 ι
2842 3961 2981 4025 Τοὺς
3009 3963 3175 4031 ἱερεῖς
3202 3962 3371 4033 αὐτῆς
3406 3962 3613 4015 ἐνδύσω
3641 3978 3748 4014 σω-

2152 4054 2377 4122 τηρίαν,
2427 4056 2523 4106 καὶ
2570 4058 2618 4108 οἱ
2652 4057 2789 4107 ὅσιοι
2819 4055 2990 4125 αὐτῆς
3028 4055 3347 4122 ἀγαλλιάσει
3386 4054 3746 4123 άγαλλιάσον-

2153 4162 2262 4197 ται.
2301 4165 2319 4196 ι
2355 4146 2608 4216 Σωτηρία
2627 4146 2737 4217 γὰρ
2785 4147 2947 4209 αὐτὸς
2987 4150 3015 4201 ὁ
3060 4148 3293 4218 Χριστὸς
3332 4147 3441 4200 τῶν
3468 4146 3641 4215 ἁγίων
3672 4149 3747 4199 ἰε-

465 4243 735 4315 ρουργῶν,
760 4241 964 4309 άμφιον
992 4237 1052 4287 τὸ
1078 4235 1430 4301 ἁξὶάγαστον,
1462 4232 1664 4303 μᾶλλον
1687 4233 1743 4284 δὲ
1769 4234 1861 4284 καὶ
1888 4233 2099 4302 πρέπον
2133 4236 2241 4288 τῶν
2291 4238 2753 4293 πεπιστευκότων.
2784 4260 2801 4288 ι
2842 4240 2998 4293 Ὅσοι
3023 4242 3154 4313 γὰρ,
3182 4242 3363 4312 φησὶν,
3398 4242 3477 4303 εἰς
3506 4241 3747 4312 Χριστὸν

466 4331 849 4401 ἐϐαπτίσθητε,
884 4327 1120 4399 Χριστὸν
1152 4324 1497 4379 ἐνεδύσασθε.
1541 4342 1561 4375 ι

478 4464 479 4467 η
533 4426 701 4482 Vsus.
732 4425 788 4480 4.
829 4420 901 4477 Ει
943 4430 1096 4477 erant
1129 4419 1359 4474 Domino
1406 4417 1680 4487 offerentes
1726 4418 2049 4487 sacriﬁcium

2227 4416 2338 4470 Kal
2367 4415 2613 4469 ἔσονται
2642 4416 2721 4481 τῷ
2757 4417 2948 4485 Κυρίῳ
2978 4418 3387 4488 προσάγοντες
3418 4422 3641 4477 θυσίαν
3678 4426 3747 4477 ἐν

466 4518 776 4591 injustitia.
810 4517 874 4572 Et
898 4514 1123 4585 placebit
1167 4511 1393 4565 Domino
1423 4509 1747 4578 sacriﬁcium
1778 4511 1955 4577 Juda,
2001 4524 2052 4565 et

464 4612 760 4667 Jerusalem
785 4611 917 4665 sicut
944 4609 1055 4661 dies
1093 4605 1273 4661 swculi
1300 4615 1345 4659 et
1378 4605 1513 4659 sicut
1537 4605 1663 4657 anni
1694 4607 1914 4673 priores.

539 4792 758 4849 XXXV.
800 4790 1300 4854 Consecrabuntur,
1332 4788 1526 4860 inquit,
1568 4786 1677 4841 Deo
1710 4805 1726 4843 :
1770 4790 1871 4842 ltoc
1907 4790 2049 4843 enim

466 4902 596 4959 puto
613 4887 715 4943 sibi
745 4884 899 4951 velle,
930 4901 949 4935 ι
974 4882 1277 4939 EruntDco
1306 4881 1617 4937 oﬂ‘erentes.
1646 4901 1667 4934 ι
1698 4882 2054 4938 Consecrahi-

467 4997 590 5037 mur
627 4980 762 5047 Deo,
801 4978 846 5033 si
880 4976 1112 5047 amplius
1153 4975 1310 5029 nobis
1343 4990 1448 5029 non
1481 4974 1751 5038 vivamus,
1793 4982 1848 5029 et
1878 4976 2055 5030 modis

467 5072 723 5126 omnibus
753 5069 1079 5124 charitatem
1104 5081 1232 5132 erga
1268 5066 1416 5120 illum
1449 5065 1785 5131 excolamus,
1820 5066 2055 5136 totisque

468 5164 676 5218 viribus
730 5163 904 5230 probe
956 5169 1217 5230 prmstare
1280 5157 1566 5226 cupiamus
1622 5170 1743 5225 quas
1787 5157 1876 5212 ille
1917 5159 2052 5217 vult.

470 5256 603 5309 'l‘alc
624 5255 751 5324 quid
777 5255 942 5309 etiam
969 5254 1183 5307 divinus
1212 5250 1411 5304 Paulus
1435 5249 1499 5304 de
1528 5249 1767 5303 omnium
1803 5260 2050 5305 nostrum

473 5344 757 5401 Salvatorc
779 5343 997 5397 Christo
1030 5364 1040 5397 :
1076 5360 1094 5392 ι
1130 5338 1283 5394 Unus
1313 5337 1458 5392 enim
1487 5352 1585 5407 pro
1614 5338 1866 5393 omnibus
1899 5351 2049 5391 mor-

475 5448 598 5489 tuus
624 5443 727 5494 est,
758 5442 815 5485 ut
849 5442 905 5486 et
932 5434 1022 5501 qui
1057 5435 1246 5490 vivunt
1266 5431 1382 5500 jam
1428 5444 1535 5484 non
1570 5429 1673 5485 sibi
1712 5430 1917 5495 vivant,
1956 5429 2050 5482 sed

473 5527 525 5580 ci
562 5526 650 5594 qui
688 5539 783 5592 pro
815 5524 944 5593 ipsis
978 5532 1222 5579 mortuus
1254 5531 1335 5577 est
1359 5530 1413 5576 et
1448 5522 1745 5577 resurrexit
1772 5523 1839 5575 ".
1871 5538 1888 5572 ι
1931 5520 2054 5574 Suae

2156 4508 2537 4576 δικαιοσύνῃ.
2570 4509 2674 4562 Καὶ
2716 4508 2920 4576 ἁρέσει
2956 4510 3037 4574 τῷ
3074 4511 3270 4577 Κυρίῳ
3298 4511 3481 4564 θυσία
3525 4512 3744 4575 Ἰούδα,

2156 4603 2255 4657 καὶ
2294 4603 2692 4671 Ἰερουσαλὴμ
2720 4602 2914 4668 καθὼς
2946 4606 3005 4657 al
3028 4603 3239 4672 ἡμέραι
3276 4602 3378 4658 τοῦ
3404 4602 3622 4672 αἰῶνος
3645 4611 3742 4661 καί

2157 4692 2353 4759 καθὼς
2383 4693 2455 4747 τὰ
2482 4694 2587 4762 ἔτη
2616 4695 2689 4748 τὰ
2724 4694 3083 4764 ἔμπροσθεν.

2229 4788 2353 4840 AE'.
2409 4785 2835 4850 Ἀνακείσονται,
2894 4787 3046 4857 φησι,
3103 4786 3181 4857 τῷ
3216 4787 3375 4858 Θεῷ·
3422 4788 3583 4844 τοῦτο
3639 4792 3745 4862 γὰρ

2155 4878 2308 4951 οἶμαι
2334 4882 2417 4941 τὸ,
2446 4899 2462 4930 ι
2498 4880 2754 4933 Ἔσονται
2784 4880 2861 4951 τῷ
2885 4880 3077 4951 Κυρίῳ
3103 4881 3491 4951 προσάγοντες.
3528 4900 3548 4933 ι
3584 4874 3743 4938 Ἀνα-

2162 4970 2461 5042 κεισόμεθα
2511 4970 2569 5023 δὲ
2615 4970 2692 5040 τῷ
2736 4970 2876 5040 Θεῷ,
2915 4968 3115 5035 ζῶντες
3148 4972 3247 5041 μὲν
3287 4974 3499 5037 ἑαυτοῖς
3537 4974 3741 5036 οὐκέτι,

2163 5061 2550 5132 προσκείμενοι
2575 5060 2632 5113 δὲ
2656 5060 2965 5132 ὁλοτρόπως
3000 5062 3093 5113 καὶ
3127 5064 3192 5133 τῇ
3234 5064 3313 5126 εἰς
3338 5063 3501 5115 αὐτὸν
3533 5064 3743 5135 ἀγάπῃ,

2162 5152 2255 5203 καὶ⁵
2307 5151 2472 5204 παντὶ
2518 5151 2584 5221 δὴ
2637 5149 2813 5203 σθένει
2864 5151 3165 5221 κατορθοῦν
3220 5153 3485 5224 ᾑρημένοι
3525 5154 3596 5207 τὰ
3636 5159 3744 5217 τοῖς

2172 5240 2333 5304 θείοις
2378 5240 2543 5295 αὐτοῦ
2588 5240 2848 5294 δοκοῦντα
2894 5242 3178 5311 νεύμασιν.
3229 5246 3370 5315 Ἔφη
3410 5262 3464 5298 τι
3503 5245 3744 5299 τοιοῦτον

2167 5335 2261 5387 καὶ
2285 5337 2312 5387 ὁ
2343 5334 2627 5397 θεσπέσιος
2657 5332 2865 5397 Παῦλος
2906 5336 3154 5406 περὶτοῦ
3183 5337 3401 5391 πάντων
3431 5339 3589 5410 ἡμῶν
3632 5340 3744 5392 Σω-

2168 5428 2329 5497 τῆρος
2378 5426 2650 5497 Χριστοῦ*
2692 5445 2709 5477 ι
2749 5422 2842 5490 Εἷς
2882 5428 2990 5499 γὰρ
3021 5430 3159 5501 ὑπὲρ
3201 5431 3420 5484 πάντων
3450 5432 3739 5495 ἀπέθανεν,

2166 5518 2256 5572 ῖνα
2286 5521 2334 5571 ol
2383 5519 2582 5583 ζῶντες
2624 5520 2819 5590 μηκέτι
2859 5522 3069 5584 ἑαυτοῖς
3104 5521 3289 5591 ζῶσιν,
3326 5524 3459 5578 ἀλλὰ
3494 5524 3573 5594 τῷ
3606 5525 3744 5595 ὑπὲρ

579 5726 623 5755 ⁵⁸
656 5723 813 5778 Rom.
848 5740 922 5782 ιι.
949 5722 1037 5784 2|,
1066 5722 1155 5777 22.
1234 5722 1277 5753 ⁸⁷
1302 5720 1491 5775 Matth.
1515 5736 1594 5781 HI,
1628 5719 1716 5771 ll.
1793 5720 1840 5751 ⁸⁸
1861 5718 1993 5773 an.
2032 5735 2049 5772 ι

2156 5718 2243 5773 49.
2321 5717 2367 5747 ⁸⁸
2393 5716 2623 5789 Malach.
2659 5734 2716 5789 lt,
2745 5719 2829 5771 l7.
2907 5718 2951 5750 ‘°
2985 5718 3215 5777 Zachar.
3241 5736 3361 5789 xm,
3401 5720 3452 5775 9.
3531 5722 3573 5755 ⁸³
3599 5720 3739 5780 Psal.

474 5814 595 5859 ur,
638 5801 716 5853 lt).
798 5795 1035 5850 “Leni.
1073 5811 1180 5860 iul,
1222 5794 1308 5847 52.

1390 5791 1433 5823 δ’
1466 5790 1610 5846 Psal.
1642 5804 1827 5858 cxxxt,
1864 5792 1948 5844 16.
2025 5790 2069 5821 ⁸⁵
2117 5789 2290 5844 tialal.
2328 5803 2409 5854 ιιι,
2434 5788 2524 5843 27.
2606 5790 2649 5821 ⁸⁸
2676 5788 2717 5841 ιι
2753 5791 2876 5844 Cor.
2919 5806 2967 5859 ν,
3010 5790 3097 5851 ιδ,
