3934 6318
191 334 304 388 537

1021 336 1571 398 COMMENTARIUS
1606 343 1671 399 ΙΝ
1714 343 2122 400 ιιΑιΑυιιιΑιι
2165 342 2613 399 PROPHBTAM.

3361 341 3464 396 568

192 448 379 503 αὐτῶν
406 447 733 502 ἀποθανόντι
781 448 878 503 καὶ
903 452 1202 522 ἐγερθέντι.
1248 476 1268 509 ι
1309 458 1693 531 Καταγράφων
1727 462 1783 516 δὲ

1891 473 2065 520 autem
2101 460 2532 519 conversationis
2566 458 2889 527 bonitatem,
2913 466 2968 514 et
2993 458 3099 513 vim
3120 470 3188 513 ac
3216 457 3467 513 virtutem

194 542 332 610 ἡμῖν
360 540 553 612 ὥσπερ
582 540 684 611 τῆς
718 540 911 595 ἑαυτοῦ
942 543 1214 609 πολιτείας
1234 548 1295 601 τὸ
1324 550 1540 615 κάλλος,
1571 551 1787 606 καὶτοῦ

190 632 340 685 κατὰ
392 632 630 702 Χριστὸν
664 636 962 706 μυστηρίου
1010 638 1110 707 τὴν
1134 638 1363 712 δύναμιν
1396 645 1610 715 ἐμφανῆ
1648 646 1785 698 καθ-

196 722 391 788 ιστάς,
428 724 533 794 ἔφη
596 725 798 777 πάλιν
843 744 862 776 ι
912 728 1134 799 Χριστῷ
1184 736 1651 806 συνεσταύρωμαι.
1700 740 1786 791 Ζῶ

188 815 251 868 δὲ
286 815 473 868 οὐκέτι
498 815 627 884 ἐγὼ,
662 816 726 888 ζῇ
754 816 810 870 δὲ
846 820 903 871 ὲν
939 822 1060 889 ἐμοὶ
1091 823 1342 892 Χριστός.
1392 829 1455 879 Ὃ
1488 827 1543 879 δὲ
1579 828 1672 880 νῦν
1708 828 1785 892 ζῶ

192 910 254 959 ἂν
289 910 474 977 σαρκὶ,
504 910 561 962 ὲν
595 911 777 963 πίστει
823 911 900 975 ζῶ
926 916 991 983 τῇ
1032 914 1127 967 τοῦ
1170 917 1297 969 Υίοῦ
1332 919 1487 981 Θεοῦ,
1522 920 1614 974 τοῦ
1647 924 1785 990 ἀγα-

193 1001 475 1069 πήσαντός
503 1018 570 1071 με
606 1003 699 1055 καὶ
723 1004 1055 1073 παραδόντος
1082 1009 1273 1061 ἑαυτὸν
1303 1010 1445 1080 ὑπὲρ
1470 1011 1627 1081 ἐμοῦ.
1669 1015 1783 1067 Οῦκ

192 1091 378 1144 ἀθετῶ
402 1094 501 1163 τὴν
515 1095 673 1163 χάριν
697 1094 792 1147 τοῦ
822 1096 975 1150 Θεοῦ.
992 1116 1113 1149 ι-ι
1129 1100 1381 1153 Ἔσονται
1403 1101 1465 1172 δὴ
1488 1099 1601 1169 οῦν,
1626 1107 1780 1175 φησὶ,

194 1185 570 1253 προσάγοντες
591 1186 669 1256 τῷ
691 1188 899 1257 Κυρίῳ,
934 1208 952 1241 ι
992 1190 1256 1254 τουτέστι,
1286 1195 1396 1255 τοῖς
1426 1196 1590 1248 αὐτοῦ
1624 1197 1782 1268 θελή-

196 1292 333 1345 μασι
380 1278 780 1344 άνακείσονται,
826 1280 886 1331 οὐ
929 1279 997 1331 τὰ
1042 1281 1258 1349 ἐπίγεια
1312 1285 1664 1354 φρονοῦντες,
1720 1290 1780 1341 οὺ

191 1366 324 1428 τοὺς
348 1366 412 1417 ὲκ
434 1367 532 1435 τῆς
554 1367 767 1430 ἀδικίας
791 1368 1109 1436 ἀγαπῶντες
1146 1371 1474 1441 μολυσμοὺς,
1508 1376 1567 1426 ού
1594 1376 1783 1429 πλεον-

1887 554 2135 626 mysterii
2191 554 2391 611 Christi
2452 550 2852 620 quodammodo
2908 551 3071 608 nobis
3130 549 3464 614 describens,

1885 663 2100 701 rursum
2135 646 2349 716 inquit:
2395 664 2413 697 ι
2451 644 2669 700 Christo
2701 643 2945 698 conﬁxus
2988 658 3107 698 sum
3139 642 3308 696 cruci.
3338 640 3472 694 Vivo

1883 749 2066 792 autem
2091 737 2202 805 jam
2234 756 2337 791 mm
2365 752 2484 805 ego,
2518 738 2651 791 vivit
2672 751 2802 789 vero
2826 737 2877 789 in
2912 750 2996 789 me
3021 732 3289 789 Christus.
3316 732 3468 798 Quod

1884 836 2065 882 autem
2110 842 2252 881 nunc
2297 827 2421 880 vivo
2462 826 2516 880 in
2557 840 2741 889 carne,
2775 826 2829 877 in
2873 824 2977 878 ﬁde
3020 826 3141 879 vivo
3188 823 3307 877 Filii
3352 822 3467 884 Dei,

1886 919 1976 988 qui
2012 919 2201 972 dilexit
2230 934 2315 973 me
2346 926 2400 971 et
2436 918 2658 972 tradidit
2690 917 3041 984 semetipsum
3087 930 3185 985 pro
3216 930 3319 968 me.
3351 912 3468 966 Non

1886 1010 2081 1076 abjicio
2134 1011 2361 1080 gratiam
2403 1009 2495 1063 Dei
2546 1011 2612 1063 ⁸⁸.
2647 1029 2665 1061 ι
2714 1009 2799 1062 Ait
2849 1008 3033 1078 igitur,
3079 1004 3112 1059 ἰ
3143 1008 3316 1061 Erunt
3362 1008 3469 1061 Deo

1887 1100 2193 1165 oﬂ‘erentes,
2218 1120 2235 1152 ι
2279 1102 2380 1156 hoc
2410 1108 2495 1153 est
2520 1101 2639 1169 ejus
2682 1099 2947 1154 voluntati
2984 1098 3468 1153 consecrabuntur.

1885 1191 1999 1246 Non
2043 1202 2255 1247 terrena
2301 1192 2578 1260 sapientes
2616 1191 2693 1257 ‘7;
2731 1205 2837 1245 non
2875 1205 2943 1244 ex
2980 1188 3261 1258 iniquitate
3290 1187 3469 1256 inqui-

1885 1294 2141 1340 namenta
2198 1284 2522 1353 diligentes,
2598 1299 2706 1337 non
2770 1282 3097 1352 quibusdam
3160 1279 3477 1349 praecellere

1885 1376 2221 1439 aﬂ'cctantes,
2256 1378 2349 1431 sed
2385 1374 2655 1430 sacriﬁcia
2688 1375 2868 1445 potius
2903 1374 3126 1443 iustitia:
3154 1372 3467 1427 olferentes.

194 1456 350 1523 εξίαν
394 1457 493 1529 τὴν
532 1460 674 1512 κατὰ
710 1478 871 1514 τινων
909 1464 1073 1532 τιμᾷν
1100 1464 1387 1533 ᾑρημένοι,
1419 1467 1782 1537 προσάγοντες

1891 1469 1961 1523 Ac
1981 1469 2106 1522 mihi
2130 1468 2346 1539 quidem
2365 1469 2766 1538 sapientissime
2780 1467 2979 1523 Paulus
2996 1469 3197 1522 dixisse
3217 1468 3465 1522 videtur:

192 1549 253 1602 δὲ
287 1550 487 1619 μᾶλλον
523 1550 708 1614 θυσίας
744 1552 1108 1624 δικαιοσύνης.
1147 1556 1255 1607 Καί
1294 1573 1383 1625 μοι
1428 1556 1576 1610 δοκεί
1606 1560 1782 1627 σοφῶς

194 1639 262 1709 δὴ
292 1641 416 1694 λίαν
445 1643 475 1694 ό
505 1642 716 1706 Παῦλος
748 1646 923 1698 εἰπεῖν
942 1663 955 1675 ·
995 1664 1012 1696 ι
1063 1648 1507 1719 Μετατιθεμένης
1536 1652 1646 1724 γὰρ
1684 1655 1783 1725 τῆς

199 1732 523 1804 ἱερωσύνης,
548 1735 606 1798 ἐξ
622 1734 866 1807 ἀνάγκης
888 1737 979 1789 καὶ
1000 1738 1161 1808 νόμου
1192 1740 1476 1809 μετάθεσις
1498 1743 1727 1810 γίνεται.
1756 1765 1777 1797 ι

198 1800 509 1894 Προσίεμεν
535 1826 645 1898 γὰρ
681 1800 832 1880 οίῂὲν
850 1800 1074 1900 Χριστῷ
1103 1800 1778 1904 κεκλημένοιὶνερουργίας,
1816 1800 1859 1857 Β

195 1912 265 1965 δι’
296 1914 545 1982 αἱμάτων
568 1918 669 1985 μὲν
694 1916 874 1971 ούκέτι
901 1920 994 1971 καὶ
1024 1921 1268 1982 καπνῶν,
1293 1921 1415 1975 οὔτε
1446 1923 1554 1995 μὴν
1580 1926 1785 1994 άμνοὺς

198 2003 232 2073 ἢ
282 2004 503 2074 ὲρίφους
553 2008 997 2080 προσκομίζομεν
1047 2011 1126 2080 τῷ
1175 2012 1314 2083 Θεῷ,
1368 2012 1681 2085 πληροῦμεν
1727 2016 1785 2070 δὲ

201 2095 408 2164 μᾶλλον
439 2098 498 2149 ὲν
544 2097 842 2171 Ἐκκλησία
879 2101 976 2172 τὴν
1017 2104 1074 2157 ὲν
1102 2104 1324 2175 Χριστῷ
1365 2106 1662 2177 νοουμένην
1696 2107 1788 2161 θυ-

202 2185 351 2251 σίαν,
384 2188 484 2259 τὴν
513 2189 674 2257 ἁγίαν
707 2192 800 2244 καὶ
830 2194 1223 2266 πνευματικὴν,
1248 2197 1342 2249 καὶ
1370 2197 1530 2251 αὑτὸν
1558 2199 1787 2269 προθέν-

200 2292 294 2341 τες
344 2278 425 2340 είς
459 2278 729 2349 άγιασμὸν
760 2281 855 2334 καὶ
890 2282 1075 2352 μέντοι
1104 2286 1199 2338 καὶ
1237 2286 1317 2350 είς
1361 2289 1661 2359 μετάληψιν
1688 2290 1787 2359 τῆς

1893 1580 1911 1613 ι
1942 1561 2226 1615 Translato
2280 1563 2423 1615 enim
2474 1562 2811 1626 sacerdotio,
2874 1561 3185 1615 necessario
3234 1571 3289 1613 et
3341 1560 3472 1629 legis

1888 1652 2172 1707 translatio
2196 1651 2256 1705 ﬁt
2276 1651 2341 1706 ⁸⁸.
2381 1671 2399 1704 ι
2429 1652 2562 1705 Nam
2599 1654 2688 1721 qui
2715 1652 2767 1705 in
2800 1651 3021 1706 Christo
3050 1650 3227 1705 vocati
3263 1666 3470 1717 sumus,

1886 1744 2135 1812 quamvis
2176 1743 2501 1798 sacriﬁcium
2546 1759 2642 1813 per
2678 1744 2994 1812 sanguinem
3031 1752 3085 1797 et
3116 1743 3320 1796 fumum
3364 1758 3483 1795 non;

1887 1836 2258 1898 admittamus,
2298 1834 2464 1906 85E.
2496 1850 2591 1889 nec
2628 1850 2795 1901 agnos
2823 1844 2915 1888 aut
2951 1835 3132 1889 hircos
3155 1833 3470 1896 oﬁ'eramus,

1889 1936 2068 1981 tamen
2103 1927 2153 1981 in
2191 1927 2430 1981 Ecclesia
2454 1927 2745 1989 sacriﬁcio,
2772 1929 2916 1995 quod
2941 1927 2993 1980 iu
3027 1925 3245 1982 Christo
3275 1925 3471 1979 intelli-

1887 2020 2051 2091 gitur,
2089 2029 2281 2074 sancto
2303 2029 2357 2074 et
2383 2020 2649 2089 spirituali
2684 2019 2981 2090 l‘utrgimur,
3017 2028 3073 2073 et
3110 2019 3283 2088 ipsum
3320 2019 3486 2073 nobis.

1888 2112 1955 2166 ad
2018 2111 2504 2167 sanctiﬁcationem
2562 2120 2616 2166 et
2684 2110 2751 2164 ad
2814 2110 3283 2180 participationem
3350 2109 3489 2165 vitam

1888 2210 2105 2256 reterns;
2147 2211 2534 2271 proponentes,
2568 2202 2717 2257 velut
2748 2212 3013 2273 praestans
3048 2202 3318 2272 quoddam
3355 2204 3491 2274 thy--

1888 2292 2088 2347 miama
2132 2293 2399 2348 bonorum
2445 2307 2671 2362 operum
2715 2292 3044 2360 fragrantias
3071 2291 3368 2348 oll‘erimus.
3409 2292 3475 2346 Et

202 2368 284 2427 si;
308 2365 481 2425 αἰῶνα
510 2366 674 2438 ζωῆς,
691 2370 940 2442 καθάπερ
975 2372 1249 2445 ἐξαίρετόν
1266 2394 1316 2428 τι
1343 2376 1594 2449 θυμίαμα
1607 2378 1707 2443 τὰς
1730 2379 1788 2444 ἐξ

1891 2384 2157 2454 iuetitiam
2185 2384 2234 2438 ei
2262 2384 2659 2449 sacriﬁcantes,
2696 2399 2795 2438 nos
2825 2393 3079 2453 acceptos
3112 2383 3230 2439 fore
3259 2383 3477 2439 conﬁdi-

204 2457 387 2527 εργων
420 2459 638 2527 ἀγαθῶν
686 2463 1125 2535 προσκομίζομεν
1157 2466 1402 2531 εὐωδίας.
1439 2470 1549 2522 Καὶ
1570 2469 1788 2535 θύοντες

1891 2490 2033 2530 mus.
2071 2472 2346 2543 Scriptum
2381 2484 2463 2530 est
2502 2477 2647 2530 enim
2691 2495 2705 2531 :
2759 2494 2778 2528 ι
2824 2474 3042 2531 Honora
3088 2478 3370 2532 Dominum
3409 2478 3477 2533 de

204 2548 358 2619 αὐτῷ
391 2550 488 2620 τὴν
520 2550 887 2624 δικαιοσύνην,
932 2557 1015 2608 ὅτι
1056 2557 1152 2609 καὶ
1198 2558 1437 2628 ἐσόμεθα
1478 2560 1657 2613 δεκτοὶ
1697 2578 1788 2615 τε·

207 2643 590 2713 θαρσήκαμεν.
616 2645 933 2716 Γέγραπται
962 2646 1091 2719 γὰρ,
1116 2650 1197 2702 ὅτι
1231 2669 1249 2701 ι
1284 2651 1431 2723 Τίμα
1461 2651 1551 2705 τὸν
1586 2654 1791 2727 Κύριον

209 2731 318 2786 ἀπὸ
342 2734 453 2786 σῶν
484 2733 707 2788 δικαίων
728 2737 925 2803 πόνων,
968 2740 1062 2793 καὶ
1087 2740 1338 2812 ἀπάρχου
1365 2744 1513 2815 αὐτῷ
1543 2744 1652 2799 ἀπὸ
1682 2746 1791 2801 σῶν

210 2818 440 2904 καρπῶν
477 2819 841 2894 δικαιοσύνης.
886 2844 904 2876 ο
945 2825 1332 2898 Εὐαρεστείται
1377 2832 1486 2903 γάρ
1531 2834 1631 2904 οὐχ
1675 2835 1793 2889 ἑτέ-

212 2922 352 2976 ραις,
394 2903 568 2978 οἶμαι,
601 2910 812 2976 θυσίαις
847 2912 985 2984 πλὴν
1020 2916 1102 2970 ὅτι
1138 2918 1414 2983 τοιαύταις
1456 2922 1485 2974 ὁ
1515 2903 1628 2975 τῶν
1654 2923 1793 2978 ὅλων

208 2997 363 3063 Θεός.
400 3000 545 3072 Ἔφη
574 3001 753 3057 τοίνυν
800 3004 931 3077 περὶ
960 3006 1069 3061 τῶν
1113 3010 1172 3063 ὲν
1198 3011 1418 3083 Χριστῷ
1444 3013 1794 3086 κεκλημένων

1892 2566 2002 2622 tuis
2056 2565 2221 2634 justis
2271 2565 2570 2633 laboribus,
2618 2576 2673 2621 et
2712 2567 2981 2637 primitias
3041 2570 3106 2624 da
3162 2569 3211 2624 ei
3254 2569 3324 2625 de
3372 2571 3481 2625 tuis

1892 2657 2162 2714 fructibus
2194 2657 2425 2726 iustitia:
2456 2660 2522 2714 ".
2559 2677 2579 2711 ι
2613 2659 2670 2714 In
2719 2658 2883 2715 nullis
2914 2659 3082 2725 enim,
3111 2660 3326 2730 opinor,
3357 2660 3488 2716 aliis.

1892 2765 2053 2817 quam
2075 2752 2128 2805 in
2149 2753 2266 2806 istis
2286 2750 2573 2808 sacriﬁciis
2592 2750 2969 2809 universorum
2989 2751 3134 2808 Deus
3154 2754 3485 2822 acquiescit.

1894 2843 2077 2911 Quare
2109 2842 2177 2899 de
2210 2844 2296 2901 his
2335 2843 2427 2913 qui
2458 2844 2512 2898 in
2544 2842 2765 2899 Christo
2791 2843 2859 2898 ad
2897 2846 3265 2901 sacerdotium
3294 2849 3489 2911 vocati

1895 2944 2043 3003 sunt,
2067 2936 2319 2993 meliores
2337 2935 2453 2992 fore
2474 2938 2550 2991 ait
2567 2937 2839 3005 prioribus
2860 2955 2874 3005 ;
2895 2953 3005 2993 non
3026 2953 3155 2993 oves
3179 2947 3489 2996 mactantem

1895 3036 1956 3082 ut
1996 3026 2099 3091 illi,
2129 3042 2231 3084 nec
2276 3029 2454 3086 altare
2494 3029 2934 3087 contaminautes
2979 3031 3251 3087 oblatione
3278 3047 3481 3102 panum

210 3091 650 3201 sig‘lspeupyiav,
677 3094 752 3160 ὡς
782 3096 1038 3166 ἀμείνους
1068 3098 1277 3156 ἔσονται
1310 3104 1419 3157 τῶν
1448 3105 1699 3176 πρώτων,
1729 3106 1790 3161 οὗ

1898 3120 2257 3191 pollutarum;
2308 3122 2402 3178 sed
2444 3132 2507 3178 ut
2558 3138 2657 3194 pro
2686 3124 3055 3193 thymiamatis
3102 3126 3216 3179 sive
3246 3091 3491 3180 incensis

215 3178 696 3253 μηλοσφαγοῦντες
725 3191 846 3267 κατ’
864 3189 1127 3256 ἐκείνους,
1149 3192 1271 3246 οῦτε
1304 3194 1409 3265 μὴν
1436 3195 1792 3268 βεδηλοῦντες

211 3272 271 3327 τὸ
305 3274 689 3346 θυσιαστήριον
723 3277 813 3331 διὰ
839 3279 899 3332 τὸ
939 3282 1236 3351 προσάγειν
1270 3284 1463 3355 ἄρτους
1494 3286 1794 3360 ἠλισγημέ-

214 3380 335 3429 νους
357 3380 371 3393 ·
420 3364 536 3418 ἀλλ’
566 3366 640 3429 ὡς
669 3368 727 3420 ὲν
752 3368 905 3436 τάξει
932 3370 1293 3442 θυμιαμάτων
1334 3378 1793 3448 προσκομίζοντες

212 3453 288 3524 τῷ
318 3454 439 3525 Θεῷ
490 3456 577 3528 τὴν
607 3457 953 3529 δικαιοσύνην
985 3463 1078 3515 καὶ
1111 3463 1207 3534 τῆς
1238 3466 1599 3539 εῦαγγελικῆς
1645 3470 1795 3525 πολι-

212 3546 360 3610 τείας
386 3546 485 3618 τὴν
514 3548 709 3620 νοητὴν
740 3551 1056 3622 εὐκοσμίαν.
1091 3554 1507 3627 Εὐπαράδεκτον
1537 3560 1594 3615 δὲ
1623 3560 1795 3626 οὕτως

214 3638 587 3693 ἑπιτελέσουσι
622 3643 719 3714 τὴν
750 3643 1027 3714 λατρείαν,
1068 3646 1145 3711 ὡς
1177 3648 1316 3703 κατὰ
1364 3652 1569 3721 μηδένα
1597 3655 1797 3726 τρόπον

212 3726 457 3781 ἀπωθεῖν
486 3730 656 3801 αὐτὴν
685 3731 791 3786 τῶν
823 3736 1149 3804 πρεπουσῶν
1178 3736 1377 3793 θυσιῶν
1410 3744 1532 3806 ταῖς
1560 3743 1795 3814 ἡμέραις

210 3822 306 3875 τοῦ
333 3823 549 3891 αἰῶνος,
579 3827 876 3891 τουτέστιν,
909 3832 975 3900 τῇ
1005 3829 1115 3901 ζωῇ
1146 3831 1252 3885 τῶν
1278 3834 1335 3887 ὲν
1354 3835 1600 3906 οὐρανοῖς
1626 3839 1797 3907 ἁγίων

208 3915 565 3984 πνευμάτων,
588 3916 636 3970 οἳ
659 3917 926 3989 διηνεκεῖς
945 3922 1038 3999 καὶ
1056 3922 1275 3994 μακρὰς
1301 3925 1792 4000 τρίϐουσιήμέρας,

211 4006 331 4075 ἤτοι
364 4008 609 4078 χρόνους.
646 4010 1049 4081 Περισσοῦσθαι
1071 4014 1127 4068 δὲ
1152 4017 1395 4081 καὶτοὺς
1427 4020 1651 4090 χρόνους
1671 4024 1797 4087 τοὺς

218 4101 550 4170 ἔμπροσθεν,
602 4104 868 4171 τουτέστι,
922 4107 1020 4171 τὰς
1069 4108 1177 4161 τῶν
1223 4110 1393 4179 ἁγίων
1445 4113 1723 4185 λατρείας,
1743 4116 1797 4169 αἳ

1898 3212 2009 3269 Deo
2043 3211 2310 3280 justitiam
2359 3221 2413 3270 et
2444 3214 2776 3286 evangelicae
2829 3215 3298 3280 conversationis,
3357 3229 3481 3284 qua

1896 3303 2118 3373 intelligi
2150 3305 2323 3373 magis
2351 3320 2514 3375 quam
2540 3308 2712 3363 oculis
2733 3306 2881 3363 cerni
2909 3316 3109 3374 potest,
3143 3307 3485 3362 moderatio-

1896 3410 2020 3450 nem
2053 3394 2362 3451 offerentes.
2395 3396 2509 3464 Qua
2546 3398 2764 3467 quidem
2802 3400 3012 3455 ratione
3057 3399 3263 3455 cultum
3309 3411 3472 3453 acce-

1897 3487 2155 3556 ptabilem
2184 3486 2440 3554 eﬂicicnt,
2485 3499 2543 3544 ut
2572 3490 2720 3545 nullo
2749 3490 2912 3547 modo
2937 3492 3103 3547 distet
3131 3507 3162 3545 a
3189 3490 3483 3547 sacriﬁciis

1897 3593 2019 3647 quae
2054 3578 2249 3635 decent
2280 3579 2397 3634 dies
2438 3581 2644 3647 saeculi,
2687 3583 2789 3637 hoc
2818 3591 2921 3650 est,
2953 3598 2984 3637 a
3024 3584 3134 3639 vita
3177 3584 3491 3639 caelestium

1897 3676 2317 3738 sanctorumque
2352 3670 2666 3738 spirituum,
2719 3672 2809 3741 qui
2860 3681 3151 3741 perpetuos
3191 3683 3247 3727 et
3290 3671 3485 3741 longos

1899 3758 2014 3813 dies
2052 3759 2168 3815 sive
2207 3769 2450 3830 tempora
2493 3762 2716 3832 degunt.
2756 3762 3018 3817 Reditura
3061 3763 3190 3818 item
3239 3771 3491 3830 tempora

1898 3866 2016 3921 quae
2042 3851 2244 3907 fuerint
2277 3861 2405 3906 ante
2436 3852 2575 3917 illos,
2604 3854 2708 3908 hoc
2737 3862 2842 3917 est,
2868 3852 3050 3909 cultus
3073 3868 3138 3910 ac
3163 3853 3493 3923 religionem

1899 3957 1929 3996 a
1981 3941 2186 3996 sanctis
2237 3941 2367 3996 olim
2427 3941 2538 3997 Deo
2582 3943 2906 3998 exbibitam.
2961 3943 3271 4001 Priscorum
3332 3946 3482 4000 enim

1900 4030 2071 4101 gloria
2108 4041 2164 4085 et
2194 4029 2482 4087 celebritas
2514 4032 2613 4086 fuit
2649 4033 2705 4087 in
2728 4033 3058 4088 obedientia.
3090 4033 3181 4089 Sic
3206 4035 3478 4090 Abraham

1899 4121 2095 4178 obtulit
2143 4122 2311 4177 lilium
2361 4123 2493 4190 Deo,
2532 4142 2551 4177 ι
2590 4123 2655 4178 Ει
2705 4134 2955 4196 reputata
2995 4133 3081 4181 est
3125 4127 3174 4181 ei
3230 4126 3366 4182 ﬁdes
3413 4126 3482 4180 ad

224 4193 368 4245 κατὰ
400 4194 622 4264 χρόνους
651 4197 907 4265 γεγόνασι
938 4200 1063 4263 τοὺς
1100 4200 1428 4272 ἔμπροσθεν.
1468 4207 1660 4276 Γέγονε
1690 4209 1798 4280 γὰρ

1895 4212 2161 4282 justitiam
2202 4214 2270 4279 ",
2301 4233 2320 4266 ι
2354 4225 2410 4270 et
2448 4216 2657 4272 amicus
2692 4193 2787 4271 Dei
2823 4216 3124 4287 appellatus
3154 4225 3256 4272 est.
3293 4216 3384 4273 Sic
3430 4228 3484 4271 et

222 4284 549 4376 tv‘bmxoﬁ
603 4289 713 4350 τοϊς
760 4289 1134 4361 ἀρχαιοτέροις
1187 4294 1551 4368 εὐδοκίμησις.
1614 4298 1800 4365 Οὕτως

1901 4303 2015 4359 Noe
2047 4320 2229 4361 arcam
2278 4304 2568 4364 fabricavit
2603 4309 2669 4365 ad
2717 4284 2950 4365 salutem
3002 4312 3194 4365 domus
3242 4324 3377 4376 suae,
3426 4322 3484 4363 ιιι

226 4372 482 4443 Ἀϐραάμ
513 4376 877 4447 προσεκόμιζε
915 4380 1008 4432 τὸν
1044 4381 1159 4435 υἱὸν
1184 4383 1262 4454 τῷ
1293 4383 1431 4455 Θεῷ,
1479 4404 1497 4438 ι
1545 4388 1654 4442 Καὶ
1690 4388 1801 4442 ὲλου

1903 4392 2127 4450 Litteris
2169 4397 2440 4465 proditum
2481 4406 2566 4453 est
2596 4400 2663 4457 '".
2705 4419 2724 4453 ι
2753 4398 2939 4469 Itaque
2984 4400 3238 4471 placebit,
3288 4372 3483 4471 inquit.

214 4465 377 4535 γίσθη
409 4464 624 4538 αὗτῷή
666 4469 848 4534 πίστις
889 4472 969 4535 είς
1010 4473 1380 4546 δικαιοσύνην,
1435 4494 1454 4528 ι
1506 4478 1600 4532 καὶ
1645 4480 1797 4547 φίλος

1901 4464 2231 4541 sacriﬁcium
2256 4486 2415 4556 Juda,
2454 4491 2555 4544 hoc
2580 4498 2687 4556 est,
2721 4464 2906 4560 populi
2949 4464 3001 4544 iri
3026 4492 3189 4545 corde
3209 4464 3263 4546 et
3287 4464 3497 4559 spiritu.

214 4557 420 4630 ἐκλήθη
453 4559 609 4615 Θεοῦ.
646 4560 802 4613 Οὕτω
848 4562 944 4616 καὶ
991 4564 1118 4617 Νῶε
1168 4566 1537 4622 κατεσκεύασε
1575 4570 1676 4641 τὴν
1714 4589 1797 4625 κι-

1899 4577 2370 4635 circumcisionem
2394 4582 2919 4650 circumferentis";
2940 4583 3069 4651 quin
3087 4592 3140 4637 et
3158 4580 3479 4645 Jerusalem,

214 4650 389 4704 ϐωτὸν
433 4652 515 4711 είς
545 4655 816 4725 σωτηρίαν
841 4654 934 4708 τοῦ
966 4654 1116 4709 οἴκου
1153 4657 1340 4725 αὐτοῦ,
1365 4657 1549 4722 καθὼς
1590 4661 1797 4730 γέγρα-

1900 4685 2063 4737 quam
2104 4686 2255 4726 mens
2306 4672 2566 4741 intuetur,
2626 4675 2678 4729 id
2727 4684 2814 4729 est
2868 4650 3125 4729 Ecclesiae
3176 4694 3188 4729 :
3241 4674 3382 4728 sicut
3429 4684 3493 4727 et

214 4761 369 4799 πται.
411 4765 428 4797 ι
481 4746 690 4800 Οὐκοῦν
718 4749 928 4818 ἀρέσει,
958 4751 1140 4820 φησιν,
1167 4751 1199 4821 ἡ
1228 4749 1387 4805 θυσία
1411 4751 1506 4805 τοῦ
1541 4752 1731 4818 Ἰούδα,
1773 4773 1791 4806 ι

1898 4762 2222 4817 sacriﬁcium
2263 4765 2654 4831 possidentium
2683 4769 2799 4823 dies
2827 4769 3047 4833 saeculi,
3081 4776 3135 4822 et
3165 4778 3475 4821 sanctorum

215 4836 487 4899 τουτέστι,
535 4837 627 4890 τοῦ
666 4838 796 4892 λαοῦ
835 4838 936 4910 τὴν
965 4840 1023 4892 ἐν
1058 4838 1255 4911 καρδία
1292 4840 1386 4893 καὶ
1432 4841 1489 4895 ὲν
1526 4841 1798 4912 πνεύματι

1907 4852 1996 4920 qui
2030 4853 2399 4921 superioribus
2443 4857 2697 4912 aetatibus
2725 4858 2776 4911 iu
2823 4858 2933 4912 vita
2984 4858 3221 4922 fuerunt,
3259 4856 3350 4924 qui
3386 4872 3487 4925 per

220 4929 527 4998 περιτομὴν
552 4931 961 5001 περιφέροντος,
988 4931 1082 4984 καὶ
1114 4932 1297 5001 μέντοι
1315 4931 1413 5001 τῆς
1447 4933 1802 5005 Ἰερουσαλὴμ

1907 4942 2268 4997 obedientiam
2290 4954 2343 4999 et
2369 4945 2530 5001 ﬁdem
2562 4946 2675 5002 Deo
2702 4948 3044 5016 placuerunt.
3074 4948 3365 5002 Enumerat
3385 4961 3479 5001 eos

217 5018 311 5088 τῆς
341 5022 562 5090 νοητῆς,
598 5022 842 5075 τουτέστι
872 5023 969 5093 τῆς
1020 5021 1345 5093 Ἐκκλησίας
1366 5040 1381 5055 ο
1424 5023 1609 5088 καθὼς
1646 5027 1738 5079 καὶ
1767 5027 1800 5097 ἡ

1907 5046 2121 5103 quoque
2146 5034 2361 5091 divinus
2392 5035 2588 5092 Paulus
2612 5037 2665 5093 in
2691 5037 2929 5105 Epistola
2963 5038 3029 5093 ad
3070 5036 3348 5103 Hebraeos,
3377 5036 3481 5092 ﬁde

220 5109 327 5163 τῶν
354 5113 590 5182 ἑχόντων
622 5112 718 5177 τὰς
743 5114 954 5184 ἡμέρας
982 5114 1072 5166 τοῦ
1101 5114 1314 5178 αἰῶνος,
1352 5115 1445 5168 καὶ
1469 5117 1501 5187 ἡ
1531 5116 1639 5169 τῶν
1660 5117 1802 5172 κατὰ

1909 5122 2105 5179 multos
2123 5125 2450 5192 justiﬁeatos
2479 5141 2600 5183 esse
2625 5130 2923 5185 testiﬁcaris
2950 5129 3012 5183 7’.

221 5205 343 5269 τοὺς
377 5206 689 5275 ἔμπροσθεν
756 5208 976 5276 χρόνους
1041 5209 1342 5276 γεγονότων
1381 5208 1569 5277 ἁγίων,
1618 5211 1666 5264 οἳ
1736 5212 1993 5281 γεγόνασι
2039 5218 2322 5289 εὐάρεστοι
2376 5220 2444 5274 δι’
2494 5222 2740 5294 ὑπακοῆς
2775 5222 2865 5275 καὶ
2937 5222 3192 5284 πίστεως.
3260 5222 3482 5290 ’Δπαρι-

224 5298 441 5369 θμείται
482 5297 541 5350 δὲ
585 5299 680 5351 καὶ
724 5298 945 5362 τούτους
990 5302 1017 5353 ὁ
1065 5300 1345 5364 θεσπέσιος
1387 5300 1598 5366 Παῦλος
1645 5304 1701 5357 ὲν
1731 5307 1797 5376 τῇ
1836 5306 1973 5376 πρὸς
2011 5309 2291 5381 Ἐϐραίους
2332 5313 2641 5383 Ἐπιστολῇ,
2710 5314 2887 5368 πίστει
2944 5310 3116 5382 λέγων
3142 5313 3479 5368 δικαιοῦσθαι

226 5389 454 5451 πολλούς

294 5478 405 5535 Καὶ
437 5480 722 5549 προσάξω
754 5484 900 5553 πρὸς
932 5481 1084 5552 ὑμᾶς
1124 5485 1191 5537 ἐν
1215 5486 1429 5553 κρίσει,
1462 5488 1560 5542 καί
1592 5488 1802 5558 ἔσομαι

1984 5490 2145 5545 Vsus.
2194 5492 2245 5546 5.
2299 5492 2361 5547 Et
2410 5495 2653 5548 accedam
2700 5496 2767 5549 ad
2803 5512 2889 5550 vos
2940 5498 2993 5550 in
3030 5496 3255 5565 judicio,
3303 5510 3349 5552 et
3390 5516 3476 5553 ero

296 5680 341 5752 ’ξ
373 5679 553 5752 Gala].
581 5696 640 5742 ιι,
677 5680 857 5744 l9,‘ll.
936 5682 990 5752 "_
1016 5681 1242 5752 Philipp.
1277 5699 1356 5749 ιιι,
1390 5684 1472 5738 l9.
1553 5686 1596 5717 ⁸⁸
1631 5683 1791 5740 liclir.
1821 5704 1911 5747 vn.
1949 5688 2031 5742 12.

2139 5690 2180 5720 ⁶⁹
2211 5687 2369 5747 Prov.
2405 5706 2484 5755 ιιι,
2519 5691 2567 5747 9.

228 5745 271 5778 '”
303 5749 441 5803 Ceu.
490 5750 547 5816 6,
586 5752 603 5802 1
670 5766 817 5819 seqq.
895 5752 939 5785 "
972 5750 1126 5806 Rom.
1158 5745 1220 5807 ἰί.
1264 5745 1352 5809 29.
1430 5755 1473 5785 ⁷³
1512 5753 1673 5811 Hebr.
1719 5773 1789 5827 xi,
1826 5757 1875 5822 1,
1903 5745 1993 5813 ἰο.

2651 5694 2691 5726 ⁷⁰
2723 5694 2858 5750 Gen.
2896 5710 2978 5762 xv,
3008 5695 3074 5761 6;
3106 5694 3280 5749 Galat.
3317 5712 3392 5760 tu,
3422 5692 3472 5747 ϐ.
