3934 6318
435 392 439 396 ,
450 326 552 386 359

1475 331 1532 387 s.
1573 327 1850 387 CYlilLLl
1887 300 2360 382 nauseam:
2399 324 2720 381 ARCHIEP.

3611 317 3723 372 ΜΟ

445 448 593 504 testis
618 447 768 503 celos:
789 465 944 518 super
969 451 1225 519 veneﬁcis,
1245 460 1292 505 et
1319 467 1474 516 super
1496 450 1786 516 adulteras,
1809 458 1857 503 et
1875 462 2012 514 supet

2127 445 2362 515 μάρτυς
2404 442 2593 513 ταχὺς
2635 440 2735 496 ἐπὶ
2783 439 2889 505 τὰς
2917 433 3291 508 φαρμακοὺς,
3341 433 3438 488 καὶ
3469 431 3569 487 ἐπὶ
3607 434 3722 498 τὰς

442 555 532 595 σοι
563 541 652 612 qui
674 541 862 610 jurant
885 542 938 594 in
974 542 1180 595 nomine
1206 557 1319 595 meo
1356 541 1411 596 in
1450 540 1742 603 mendacio,
1787 551 1833 593 et
1870 552 2026 607 super

442 647 528 686 eos
574 635 666 703 qui
709 635 912 700 privent
947 636 1180 688 mercede
1211 635 1613 698 mercenarium,
1653 642 1699 687 et
1732 633 1821 702 qui
1850 631 2027 700 oppri-

442 736 588 778 munt
623 742 716 794 per
745 729 1008 796 potentias
1045 729 1274 792 viduam,
1309 741 1356 782 et
1395 731 1484 800 qui
1525 746 1699 800 pugno
1725 729 2024 799 percutiunt

439 819 687 885 pupillos.
727 831 774 874 el
804 823 895 891 qui
931 834 1227 892 pervertunt
1266 825 1530 894 judicium
1572 824 1808 884 aduente.
1857 821 2023 893 855

437 919 486 963 et
509 912 596 980 qui
620 929 723 965 non
748 914 926 968 timent
952 931 1052 981 me,
1078 916 1203 969 dicit
1231 915 1486 971 Dominus
1511 918 1854 985 omnipotens.

511 1087 750 1143 XXXVI.
791 1087 857 1145 Et
897 1091 1012 1146 lucc
1058 1093 1443 1148 convenienter
1484 1107 1652 1162 scopo
1701 1106 1880 1145 rerum
1935 1091 2023 1146 di-

437 1191 656 1235 cuntur.
680 1182 772 1237 Sic
801 1183 944 1238 enim
983 1183 1346 1252 loquebantur
1381 1184 1693 1251 ignorantes
1719 1179 1977 1236 lsraelitm
2003 1199 2018 1236 :

441 1291 461 1324 ι
493 1272 684 1330 Omnis
729 1276 819 1344 qni
861 1275 990 1330 facit
1023 1276 1254 1338 malum,
1290 1277 1486 1331 bonum
1520 1285 1606 1330 est
1649 1289 1833 1329 coram
1880 1275 2020 1343 ipso,

435 1376 489 1420 et
531 1369 581 1420 in
629 1368 761 1436 ipsis
808 1369 924 1439 ipse
957 1370 1284 1438 complacuit
1336 1369 1460 1426 sibi.
1508 1368 1576 1422 Et
1613 1368 1700 1423 ubi
1747 1380 1832 1421 est
1877 1367 2022 1421 Dens

431 1458 656 1526 justitice
679 1461 763 1512 "?
787 1481 806 1512 ι
838 1461 969 1528 Quae
996 1463 1214 1517 occasio
1243 1461 1404 1530 hujus
1453 1461 1605 1516 verbi
1637 1469 1748 1515 tam
1778 1459 2018 1530 protervi

435 1549 618 1616 fixerit,
643 1553 752 1622 jam
789 1554 1179 1629 explicavimus
1209 1571 1222 1608 :
1255 1553 1607 1608 nihilominus
1636 1553 1814 1606 denuo
1846 1549 2022 1619 expli-

432 1643 699 1697 cabimus.
732 1643 864 1697 Cum
894 1645 1206 1698 sacerdotes
1236 1642 1455 1712 quidam
1485 1653 1538 1697 et
1571 1641 1662 1711 qui
1692 1641 2021 1696 claritudine

434 1737 698 1789 honorum
746 1736 980 1808 fastigiis
1025 1753 1186 1802 supra
1215 1737 1351 1792 alios
1387 1735 1723 1799 eminebant,
1764 1735 2018 1790 licentius

2120 533 2502 605 μοιχαλίδας,
2537 535 2637 586 καὶ
2674 529 2772 584 ἐπὶ
2803 528 2944 605 robe
2976 526 3313 596 ὀμνύοντας
3354 522 3436 590 τῷ
3468 523 3721 593 ὀνόματι

2119 603 2239 698 μου
2272 626 2371 680 ἐπὶ
2400 623 2630 694 ψεύδει,
2665 624 2760 678 καὶ
2787 603 2884 676 ἐῖτὶ
2927 620 3070 687 τοὺς
3100 617 3594 684 ἀποστεροῦντας
3619 633 3719 685 μι-

2124 719 2306 773 σθὸν·
2331 715 2673 788 μισθωτοῦ,
2727 714 2824 768 καὶ
2877 712 3019 778 τοὺς
3074 709 3719 773 καταδυναστεῦον-τας

2124 811 2346 881 χήραν,
2390 810 2486 864 καὶ
2532 809 2674 874 τοὺς
2725 805 3188 868 κονδυλίζοντας
3237 801 3564 870 ὀρφανοὺς,
3613 799 3719 854 καὶ

2125 905 2266 968 τοὺς
2295 903 2695 966 ἐπικλίνοντας
2723 901 2926 968 κρίσιν
2965 897 3377 965 προσηλύτου,
3425 895 3523 947 καὶ
3571 893 3717 958 τοὺς

2118 995 2204 1066 μὴ
2251 997 2660 1065 φοϐουμένους
2687 1009 2785 1059 με,
2819 991 2983 1060 λέγει
3020 989 3235 1057 Κύριος
3265 986 3713 1052 παντοκράτωρ.

2197 1089 2334 1156 Δεῖ.
2386 1087 2542 1142 Κατὰ
2578 1087 2780 1140 σκοπὸν
2834 1084 2942 1138 τῶν
2984 1084 3325 1154 πραγμάτων
3383 1081 3598 1151 πρόεισι
3649 1078 3714 1150 δὴ

2120 1180 2287 1234 “rei.ka
2309 1181 2401 1233 καὶ
2428 1182 2484 1233 ὲν
2514 1179 2724 1242 τούτοις
2746 1180 2878 1248 ἡμῖν
2909 1179 2937 1230 6
2957 1177 3134 1244 λόγος.
3165 1175 3444 1234 Ἐφασκον
3475 1172 3574 1242 μὲν
3606 1171 3715 1240 γὰρ

2122 1271 2519 1341 ἀμαθαίνοντες
2558 1271 2605 1323 οἱ
2652 1271 2708 1336 ἐξ
2753 1269 2986 1340 Ἰσραήλ’
3027 1288 3044 1319 ι
3084 1268 3198 1329 Πᾶς
3252 1266 3419 1318 ποιῶν
3451 1264 3714 1334 πονηρὸν,

2130 1381 2216 1417 (at
2244 1363 2408 1422 καλὸν
2442 1365 2672 1417 ἐνώπιον
2697 1362 2882 1424 αὐτοῦ,
2917 1364 3012 1415 καὶ⁸
3056 1361 3114 1413 ἐν
3159 1362 3342 1422 αὐτοῖς
3372 1359 3534 1422 αὐτὸς
3557 1357 3718 1426 ηὐδό-

2123 1473 2280 1528 κησε.
2318 1455 2429 1509 Καὶ
2462 1455 2563 1508 ποῦ
2604 1454 2750 1508 ἔστιν
2781 1457 2809 1508 6
2837 1453 2968 1516 Θεὸς
3018 1452 3118 1522 τῆς
3149 1450 3534 1519 δικαιοσύνηςς
3561 1467 3579 1498 ι
3605 1449 3714 1502 Καὶ

2121 1549 2275 1619 τὲςὴ
2330 1549 2606 1618 πρόφασις
2665 1547 2765 1616 τῆς
2831 1546 2974 1600 οὕτω
3043 1545 3224 1614 δεινῆς
3285 1543 3711 1615 ἀθυροστομίας,

2121 1645 2340 1714 εἴρηται
2375 1643 2474 1712 μὲν
2501 1642 2625 1712 ἤδηο
2659 1640 2800 1710 πλὴν
2828 1640 3111 1710 εἰρήσεται
3136 1637 3316 1691 πάλιν.
3353 1636 3573 1705 Ἐπειδὴ
3605 1637 3716 1705 γὰρ

2123 1735 2449 1806 ἀφυλάκτως
2479 1735 2624 1797 τινὲς
2648 1734 2756 1787 τῶν
2787 1731 3109 1804 ἱερουργῶν,
3146 1731 3240 1784 καὶ
3274 1729 3455 1800 μέντοι
3487 1728 3600 1780 τῶν
3623 1727 3716 1781 άλ-

431 1827 498 1883 ad
540 1844 700 1883 omne
741 1845 910 1900 genus
960 1831 1337 1899 perversitatis
1378 1839 1434 1884 et
1471 1829 1713 1885 audaciae
1761 1843 1882 1884 sese
1917 1828 2012 1883 da-

2123 1804 2251 1891 λων,
2285 1827 2334 1880 οἳ
2384 1823 2796 1894 διαφανέστεροί
2853 1839 2912 1875 τε
2947 1818 3086 1892 ἦσαν
3115 1821 3213 1874 καὶ
3254 1823 3375 1883 ταῖς
3409 1819 3716 1880 ἀνωτάταις

430 1931 583 1982 rent,
631 1932 686 1976 et
719 1923 995 1978 videretur
1044 1924 1185 1979 Deus
1225 1923 1344 1993 plus
1383 1937 1540 1992 aequo
1574 1938 1701 1992 erga
1751 1922 1872 1977 illos
1921 1938 2017 1992 pa-

431 2017 574 2070 tiens
618 2015 723 2085 (est
756 2017 901 2070 enim
941 2017 1136 2082 bonus,
1177 2017 1440 2084 clemens,
1483 2023 1539 2071 et
1583 2015 1740 2081 lenis,
1772 2023 1828 2071 et
1870 2013 2022 2068 benio

432 2104 628 2176 guns),
682 2107 802 2160 ideo
849 2108 1072 2175 quidam
1123 2122 1354 2162 summm
1403 2105 1800 2177 desperationis
1853 2109 2018 2160 verba

430 2193 767 2249 clIntiebant.
795 2195 1064 2251 (laterum
1104 2196 1397 2267 aliquando
1435 2199 1748 2252 sacerdotes
1785 2196 1900 2250 fore
1936 2197 2018 2250 in-

435 2287 729 2354 trgriores,
767 2297 1166 2345 transmutante
1216 2305 1309 2346 eos
1347 2291 1566 2346 Christo
1613 2291 1666 2345 in
1719 2292 2018 2346 novitatem

433 2379 579 2445 vitae,
611 2388 666 2432 et
698 2381 766 2434 ad
814 2382 1160 2450 disciplinam
1202 2383 1488 2439 honestam
1533 2393 1586 2438 et
1615 2385 1681 2437 ad
1730 2397 1910 2438 mores
1939 2385 2021 2436 vi-

432 2476 652 2536 tamque
693 2468 1020 2524 laudabilem
1061 2471 1448 2536 transferente,
1495 2472 1730 2526 dilucide
1774 2487 2018 2526 comme-

429 2567 628 2616 morat.
657 2560 908 2616 Asseclas
951 2572 1133 2616 autem
1168 2563 1422 2633 nequitia:
1462 2572 1589 2618 tunc
1621 2578 1727 2617 non
1773 2573 2022 2632 receptu-

431 2666 580 2716 rum,
626 2667 725 2706 nec
774 2653 1023 2710 laudibus
1069 2654 1444 2724 diguaturum,
1481 2666 1575 2709 aut
1616 2671 1804 2710 eorum
1847 2656 2018 2709 ratio-

429 2755 552 2795 nem
597 2743 902 2797 habiturum
935 2763 948 2798 :
978 2746 1107 2813 quin
1145 2745 1514 2816 judicaturam
1557 2749 1756 2816 potius,
1801 2757 1858 2802 et
1890 2750 2020 2802 vim

427 2848 710 2903 perperam
758 2845 896 2890 acta:
951 2850 1143 2905 pinnas
1197 2849 1556 2901 exacturum,
1607 2839 1846 2893 declarat
1893 2851 2016 2892 cum

427 2925 596 2981 dicit:
637 2944 660 2979 ι
688 2926 755 2981 Ει
785 2931 1041 2982 accedam
1073 2928 1141 2981 ad
1187 2943 1284 2982 vos
1341 2928 1393 2983 in
1439 2929 1665 2997 judicio,
1694 2948 1713 2981 ι
1752 2929 1854 2983 hoc
1900 2939 2014 2994 est,

421 3017 585 3086 judex
615 3019 894 3084 accedam,
932 3036 951 3070 ι
986 3019 1050 3074 Et
1083 3011 1202 3075 ero'
1215 3020 1374 3074 testis
1411 3021 1590 3088 velox,
1617 3039 1638 3072 ι
1672 3031 1866 3092 sponte
1894 3035 2020 3076 mea

424 3119 482 3165 et
531 3124 560 3163 a
611 3111 829 3164 nemine
885 3111 1206 3166 advocatus.
1255 3109 1535 3181 Improbos
1574 3113 1722 3168 enim
1761 3115 1830 3168 ad
1880 3127 2012 3183 snp-

425 3201 586 3271 plicia
622 3204 893 3258 sententia
943 3219 1061 3259 mea
1095 3207 1488 3261 condemnabo.
1523 3207 1587 3260 Et
1619 3206 1883 3275 judicium
1917 3223 2012 3262 su-

424 3308 522 3362 per
551 3294 683 3363 ipsis
717 3292 1011 3363 proferam,
1045 3310 1150 3351 non
1187 3298 1296 3352 alio
1337 3298 1590 3366 quopiam
1630 3312 1824 3352 eorum
1877 3299 2010 3352 vitia

424 3388 754 3456 detegente:
792 3387 886 3441 sed
925 3390 1106 3442 sciens
1141 3389 1263 3454 illa,
1309 3399 1369 3442 ut
1408 3389 1572 3454 Deus,
1627 3389 1920 3444 manifesta
1957 3398 2016 3445 et

421 3478 660 3542 occulta,
699 3487 755 3534 et
795 3479 922 3535 hinc
968 3480 1190 3536 cuilibet
1243 3482 1512 3537 scelerum
1561 3497 1784 3538 suorum
1831 3483 2007 3537 testis.

420 3573 624 3627 Paulus
669 3588 882 3644 quoque
918 3574 1108 3629 scribit
1159 3574 1451 3644 aliquando
1502 3572 1911 3630 manifestatum
1945 3574 2010 3628 iri

421 3676 549 3720 ante
586 3667 829 3748 tribule
862 3665 1062 3736 judicia
1103 3667 1359 3723 mortales
1404 3682 1501 3739 per
1546 3667 1737 3722 orbem
1785 3669 2008 3722 univer-

421 3761 601 3824 sos",
650 3761 881 3816 invicem
928 3779 948 3813 ι
981 3761 1406 3831 cogitationibus
1461 3763 1869 3827 accusantibus,
1915 3770 2010 3818 aut

419 3853 584 3908 etiam
622 3836 1060 3920 defendentibus,
1101 3857 1152 3910 in
1186 3857 1273 3912 die
1310 3873 1416 3928 qua
1455 3857 1720 3927 jndicabit
1748 3855 1893 3912 Deus
1921 3873 2012 3913 oc-

420 3945 563 3998 culta
608 3946 910 4013 hominum,
941 3949 1236 4003 secundum
1280 3949 1661 4020 Evangelium,
1701 3966 1796 4020 per
1823 3949 2007 4005 Jesum

419 4035 696 4090 Christum
723 4035 789 4089 ".
823 4055 840 4088 ι
895 4037 1170 4108 Perpende
1217 4043 1488 4108 quomodo
1534 4042 1738 4110 quique
1775 4040 2007 4102 occulte,

417 4129 618 4196 quique
659 4127 946 4183 manifeste
994 4139 1388 4198 peccaverunt,
1433 4131 1484 4184 in
1525 4130 1790 4196 judicium
1839 4131 2010 4183 addu-

419 4232 564 4276 ctum
603 4222 668 4275 iri
708 4232 956 4276 testatur.
986 4222 1226 4277 Primum
1269 4224 1485 4291 quidem
1523 4222 1794 4275 veneﬁcas
1828 4231 1877 4275 et
1913 4221 2009 4274 ad-

419 4313 625 4366 ulteras
671 4313 934 4366 nominat.
971 4312 1176 4368 Deinde
1224 4312 1470 4380 jurantes
1507 4311 1558 4364 in
1592 4311 1878 4366 mendacio
1910 4327 2004 4366 seu

418 4402 685 4473 perjnros.
715 4403 817 4457 Ista
852 4404 1066 4459 occulta
1094 4414 1219 4460 sunt
1247 4413 1300 4457 et
1335 4403 1472 4458 clam
1510 4411 1838 4470 perpetrata.
1871 4401 2006 4468 Quis

415 4495 562 4549 enim
612 4497 826 4551 tandem
876 4497 1052 4566 palam
1089 4496 1350 4550 veneﬁcia
1403 4493 1693 4548 exerceat?
1738 4503 1828 4546 aut
1866 4509 2003 4563 quo-

2120 1922 2309 1991 τιμαῖς
2340 1918 2733 1990 ἐμπρέποντες,
2787 1916 2881 1969 ἐπὶ
2931 1915 3108 1969 πάντα
3139 1915 3338 1986 τρόπον
3391 1913 3717 1981 σκαιότητος

2122 2013 2216 2066 καὶ¹
2253 2010 2673 2082 ἐγχειρημάτων
2723 2008 2927 2080 ᾔεσαν,
2961 2007 3212 2077 ἐφαίνετο
3239 2006 3294 2059 δὲ
3329 2007 3472 2077 πέρα
3503 2006 3711 2076 μέτρου

2120 2103 2255 2168 Θεὸς
2308 2102 2707 2173 ἀνεξικακήσας
2745 2101 2929 2164 αὐτοῖς
2977 2099 3130 2169 (ἐστι
3157 2101 3266 2170 γάρ
3302 2098 3524 2166 ἀγαθὸς,
3570 2115 3714 2168 χρη-

2123 2198 2265 2260 στὸς,
2301 2197 2396 2249 καὶ
2445 2193 2712 2264 ἐπιεικὴς,
2771 2193 2868 2246 καὶ
2915 2191 3364 2263 φιλάνθρωπος),
3421 2190 3594 2262 ταύτῃ
3629 2207 3715 2243 τοι

2119 2289 2265 2353 τινὲς
2279 2290 2405 2351 τοὺς
2434 2288 2492 2354 ἐξ
2521 2285 2760 2358 ἀκράτου
2788 2285 3153 2357 μικροψυχίας
3175 2283 3470 2356 ἠρεύγοντο
3492 2283 3711 2350 λόγους.

2134 2381 2273 2434 Ἀλλ’
2306 2381 2387 2433 ὅτι
2426 2379 2524 2449 μέν
2554 2377 2705 2430 ἔσται
2750 2377 2891 2431 κατά
2930 2378 3154 2445 καιροὺς
3203 2375 3598 2446 μεταφοξτησις
3633 2375 3714 2438 εἰς

2119 2474 2179 2528 τὸ
2209 2473 2430 2543 ἄμεινον
2487 2470 2596 2524 τῶν
2652 2469 3004 2540 τεταγμένων
3046 2470 3126 2531 εἰς
3179 2467 3508 2540 ἱερουργίαν,
3545 2483 3715 2537 μεταο

2120 2566 2446 2627 πλάττοντος
2480 2563 2677 2626 αὐτοὺς
2706 2563 2786 2625 εἰς
2825 2560 3121 2630 καινότητα
3152 2560 3298 2628 ζωῆς
3319 2558 3414 2612 τοῦ
3446 2557 3710 2630 Χριστοῦ,

2119 2659 2213 2712 καὶ
2247 2655 2630 2729 μετατιθέντος
2667 2657 2747 2718 εἰς
2770 2653 3071 2724 εὐκοσμίαν
3098 2653 3194 2706 καὶ
3223 2654 3302 2715 εἰς
3325 2651 3525 2704 εὐκλεᾶ
3555 2649 3711 2703 πολι-

2117 2751 2266 2805 τείαν
2293 2749 2388 2803 καὶ
2414 2747 2576 2818 ζωὴν,
2605 2748 3017 2818 διαμεμήνυκεν
3043 2744 3310 2817 ἐναργῶς.
3342 2745 3463 2797 ’Ότι
3503 2743 3561 2796 δὲ
3585 2745 3711 2806 τοὺς

2117 2843 2218 2912 τῆς
2241 2843 2574 2912 φαυλότητος
2613 2839 2970 2908 ἐπιτηδευτάς
3004 2840 3104 2892 οὐκ
3131 2838 3194 2892 ἂν
3227 2837 3538 2904 ἀποδέξοιτο
3567 2837 3709 2901 τότε,

2117 2935 2227 2988 οὐδ’
2270 2933 2337 2987 ἂν
2387 2931 2674 2999 ἀξιώσειεν
2707 2930 2948 2982 ἐπαίνων
2996 2947 3056 2982 τε
3082 2930 3176 2983 καὶ
3225 2929 3405 2998 λόγου,
3453 2932 3638 3000 κρινεῖ
3656 2927 3711 2981 δὲ

2120 3026 2319 3099 μᾶλλον
2347 3025 2566 3088 αὐτοὺς,
2587 3023 2682 3076 κα)⁵
2713 3021 2819 3076 τῶν
2850 3022 3094 3086 ἐκτόπως
3123 3021 3470 3092 βεϐιωμένων
3499 3021 3714 3095 ἐξαιτή-

2119 3133 2200 3172 σει
2261 3116 2432 3180 δίκας.
2470 3115 2748 3186 διατρανοϊ
2783 3113 2978 3181 λέγων·
3048 3133 3064 3165 ι
3103 3115 3213 3168 Καὶ
3266 3114 3523 3185 προσὰξω
3574 3114 3713 3184 προς

2117 3207 2263 3280 ὑμᾶς
2289 3209 2348 3261 ἐν
2382 3206 2599 3278 κρίσει,
2627 3227 2645 3258 ι
2680 3207 2980 3271 τουτέστιν,
3005 3205 3080 3269 ὡς
3112 3207 3304 3280 κριτὴς
3339 3207 3712 3278 προσενεχθή-

2117 3318 2301 3372 σομαι,
2339 3320 2357 3352 ι
2399 3301 2492 3354 καὶ
2516 3299 2708 3370 ἔσομαι
2755 3301 2966 3372 μάρτυς
3011 3302 3200 3373 ταχὺς,
3240 3323 3258 3354 ι
3290 3285 3718 3372 αὐτόμολοςδη-

2113 3395 2286 3449 λονότι
2312 3395 2407 3448 καὶ
2459 3394 2550 3447 ὑπ’
2575 3394 2789 3457 οὐδενὸς
2825 3394 3185 3464 κεκλημένος.
3239 3395 3715 3464 Καταψηφιοῦμαι

2113 3485 2222 3558 γὰρ
2261 3485 2368 3539 τῶν
2416 3485 2668 3560 πονηρῶν
2694 3486 2791 3556 τὴν
2844 3487 3019 3558 δίκην.
3052 3487 3164 3540 Καὶ
3197 3487 3256 3540 τὺ
3289 3489 3385 3559 μὲν
3413 3487 3499 3540 ἐπ’
3527 3489 3716 3552 αὐτοῖς

2112 3579 2308 3646 ἐξοίσω
2329 3576 2389 3632 τὺ
2419 3581 2615 3649 κρῖμα,
2639 3577 2737 3648 ούχ
2768 3579 2957 3650 ἐτέρου
2988 3579 3132 3642 τινὸς
3153 3579 3222 3632 τὰ
3246 3581 3300 3631 ἐν
3325 3579 3511 3640 αὐτοῖς
3542 3580 3713 3647 ἐγκα-

2113 3669 2428 3734 λύπτοντος,
2459 3668 2575 3721 ἀλλ’
2608 3667 2785 3732 εἰδὼς,
2815 3667 2889 3733 ὡς
2943 3669 3094 3732 Θεὸς,
3129 3671 3345 3740 ἐμφανῆ
3372 3686 3432 3721 τε
3485 3669 3583 3722 καὶ
3618 3686 3713 3721 κε-

2114 3762 2429 3834 κρυμμένα,
2467 3762 2561 3815 καὶ
2619 3759 2706 3814 διὰ
2751 3760 2846 3812 τοῦ
2913 3761 3214 3824 συνειδότος
3262 3763 3711 3832 καταμαρτυρῶν

2115 3857 2344 3910 ἑκάστου
2376 3854 2484 3907 τῶν
2515 3853 2934 3925 ἡμαρτηκότων.
2964 3853 3105 3924 Ἔφη
3131 3853 3187 3906 δέ
3214 3871 3316 3906 που
3338 3854 3436 3908 καὶ
3469 3857 3498 3908 6
3521 3855 3710 3928 θεσπέέ

2114 3967 2229 4014 σιος
2263 3950 2496 4012 Παῦλος,
2537 3945 2984 4020 παραστήσεσθαι
3015 3945 3155 3998 κατὰ
3190 3946 3416 4014 καιροὺς
3441 3946 3518 4016 τῷ
3542 3947 3707 4018 κριτῇ

2110 4039 2236 4100 τοὺς
2261 4039 2364 4091 ἀνα
2389 4039 2570 4091 πᾶσαν
2603 4037 2701 4103 τὴν
2748 4039 2871 4107 γῆν,
2917 4035 3119 4106 μεταξὺ
3155 4034 3399 4105 ἀλλήλων
3432 4055 3451 4087 ι
3482 4037 3592 4088 τῶν
3618 4036 3710 4089 λο-

2112 4127 2327 4197 γισμῶν
2384 4126 2860 4198 κατηγορούντων,
2918 4126 2950 4196 ἢ
3005 4125 3100 4178 καὶ
3149 4127 3608 4196 ἀπολογουμένων
3649 4129 3708 4181 ἐν

2111 4219 2294 4289 ἡμέρᾳ
2387 4219 2566 4288 κρινεῖ
2620 4221 2647 4270 6
2687 4218 2819 4280 Θεὸς
2869 4218 2939 4271 τὰ
2971 4219 3192 4289 κρυπτὰ
3235 4220 3343 4271 τῶν
3374 4219 3704 4292 ἀνθρώπων,

2113 4309 2253 4363 κατὰ
2303 4311 2364 4362 τὸ
2417 4309 2749 4378 Εὖαγγέλιόν
2799 4327 2924 4380 μου,
2983 4309 3072 4363 διὰ
3134 4311 3309 4381 Ἰησοῦ
3372 4312 3636 4380 Χριστοῦ.
3689 4331 3705 4364 ι

2115 4397 2307 4470 Ἀθρει
2334 4398 2390 4452 δὲ
2419 4399 2567 4462 ὅπως
2592 4398 2718 4462 τούς
2750 4417 2804 4452 τε
2862 4398 2930 4452 τά
2977 4400 3196 4471 κρυπτὰ
3225 4402 3316 4453 καὶ
3356 4401 3577 4471 ἐμφανῆ
3615 4419 3709 4454 πε-

2112 4484 2577 4563 πλημμελήκότας
2621 4492 3127 4563 παρενεχθήσεσθαί
3159 4511 3322 4564 φησιν
3364 4495 3440 4558 εἰς
3496 4495 3706 4564 κρίσιν.

417 4589 578 4642 modo
619 4589 943 4643 adulterium
970 4587 1320 4642 committens
1351 4584 1519 4653 aspici
1563 4585 1632 4638 ab
1666 4584 1847 4654 aliquo
1879 4599 2002 4639 sns-

2118 4581 2344 4654 Πρώτας
2385 4584 2482 4652 μὲν
2505 4582 2613 4650 γὰρ
2648 4583 2902 4654 ὀνομάζει
2952 4585 3275 4655 φαρμακοὺς
3313 4584 3406 4637 καὶ
3461 4585 3710 4655 μοιχαλέ-

419 4679 624 4732 tineat?
661 4680 923 4734 Existimo
982 4687 1162 4731 autem
1222 4676 1384 4730 ctiam
1441 4687 1748 4745 pejerantcs
1815 4677 2003 4731 conari

417 4771 602 4825 latere.
635 4771 792 4825 Tales
826 4780 886 4823 ut
917 4771 1114 4824 stultos
1166 4769 1517 4838 reprehendit
1554 4771 1743 4823 beatus
1787 4770 1952 4823 David
1987 4788 2000 4823 :

418 4882 437 4914 ι
461 4865 763 4931 ΙηιειΙίςῖιιε,
792 4864 1108 4930 insipientes
1129 4863 1180 4914 in
1207 4861 1423 4930 populo,
1438 4874 1492 4915 et
1514 4863 1685 4927 stulti,
1715 4862 2005 4930 aliquando

413 4957 605 5022 Sapite.
645 4953 814 5024 856
862 4952 964 5018 Qui
1011 4951 1270 5020 plantavit
1299 4968 1508 5015 aurem,
1551 4969 1652 5005 non
1695 4953 1882 5006 audit?
1909 4961 2004 5006 aut

413 5049 502 5118 qui
531 5049 680 5100 tinxit
711 5047 946 5112 oculum,
979 5061 1082 5098 non
1106 5045 1512 5099 considerat"?
1537 5065 1555 5097 ι
1587 5045 1723 5099 Nihil
1751 5055 1833 5100 est
1855 5046 1998 5104 enim

413 5141 641 5194 omnino
674 5139 816 5207 quod
852 5137 992 5191 Dens
1025 5152 1129 5191 non
1185 5137 1382 5202 videat,
1416 5149 1469 5192 et
1501 5139 1650 5191 solus
1681 5139 1893 5192 occulta
1945 5145 2000 5193 et

415 5244 602 5300 aperta
648 5241 865 5302 peccata
908 5231 1092 5285 videt:
1130 5233 1222 5285 sed
1274 5231 1362 5285 illa
1415 5232 1630 5300 quidem
1667 5232 2002 5287 clandestine

417 5338 472 5380 et
501 5325 655 5394 quasi
691 5325 741 5377 in
776 5325 1016 5379 tenebris
1048 5325 1352 5394 designata.
1381 5325 1638 5395 Adjungit
1669 5327 1861 5382 deinde
1895 5327 2001 5381 illis

420 5413 707 5468 manifesta
771 5429 1019 5482 quoque,
1076 5417 1320 5485 privare,
1382 5417 1636 5484 inquam,
1689 5417 2001 5488 operarium

419 5501 700 5570 mercede;
735 5507 1026 5560 avaritiam
1069 5515 1124 5562 et
1173 5507 1546 5576 tyrannidem,
1583 5523 1743 5578 quam
1779 5509 1998 5576 quidem

417 5595 678 5649 adversus
732 5593 1134 5666 imbecilliorps,
1175 5599 1360 5652 viduas
1413 5609 1540 5668 puta
1590 5607 1642 5651 et
1700 5600 1996 5667 orphanos,

497 5765 535 5800 "
565 5769 790 5828 .llalach.
824 5791 882 5843 ll,
917 5779 998 5834 l7.
1081 5781 1123 5811 ⁷³
1157 5776 1198 5830 ll
1234 5776 1359 5833 Cor.
1389 5793 1436 5840 γ,
1478 5775 1558 5829 l0.

1639 5775 1684 5805 ’⁷⁸
1718 5774 1875 5828 Rom.
1905 5789 1963 5842 It,
1998 5773 2082 5839 l5,
2125 5773 2209 5828 lG.

2112 4674 2240 4739 δας,
2269 4673 2386 4728 εἶτα
2410 4676 2536 4738 τοὺς
2569 4675 2870 4746 ὀμνύοντας
2926 4676 3019 4728 ἐπὶ
3078 4674 3283 4745 ψεύδει.
3328 4677 3709 4747 Κεκρυμμένα

2112 4768 2170 4821 δὲ
2193 4767 2365 4821 ταῦτα
2390 4767 2482 4820 καὶ
2524 4767 2827 4838 λεληθότως
2880 4767 3153 4840 δρώμενα.
3181 4769 3277 4831 Τίς
3318 4768 3427 4842 γὰρ
3457 4769 3524 4822 ἂν
3567 4769 3708 4834 ὅλως

2112 4861 2461 4933 γοητεύσειεν
2512 4861 2806 4931 ἐμφανῶς;
2857 4861 2888 4932 ἢ
2942 4861 3057 4925 πῶς
3115 4861 3180 4914 ἂν
3227 4862 3401 4914 ’ἐλοιτο
3454 4865 3706 4932 μοιχαλὶς

2111 4954 2340 5026 ὁρᾶσθαι
2369 4954 2503 5025 πρός
2526 4971 2697 5019 τινος;
2736 4955 2822 5006 Ἐν
2849 4953 3052 5023 σπουδῇ
3111 4953 3187 5016 δὲ,
3224 4949 3398 5023 οἶμαι,
3437 4954 3498 5007 τὸ
3519 4953 3705 5006 λαθεῖν

2111 5047 2202 5099 καὶ
2221 5050 2336 5110 τοῖς
2355 5046 2673 5117 ψευδορκεῖν
2699 5045 3015 5116 ᾑρημένοις.
3047 5045 3465 5107 Ἀσυνετοῦντας
3487 5045 3542 5098 δὲ
3575 5045 3704 5108 τοὺς

2107 5139 2384 5202 τοιούτους
2415 5139 2706 5208 ἀπελέγχει
2746 5137 2919 5205 λέγων
2945 5140 2972 5190 6
3004 5138 3270 5208 μακάριος
3308 5137 3492 5190 Δαϐίδ·
3523 5158 3540 5189 ι
3566 5139 3698 5191 Σύν-

2108 5248 2197 5285 ετε
2223 5233 2308 5304 δὴ,
2365 5233 2595 5303 ἄφρονες
2626 5235 2681 5283 ἐν
2709 5231 2784 5299 τῷ
2807 5231 2940 5301 λαῷ,
2985 5234 3076 5285 καὶ
3112 5233 3305 5302 μωροὶ,
3334 5233 3463 5286 ποτὲ
3495 5235 3700 5304 φρονή-

2109 5345 2259 5382 σατε.
2307 5329 2363 5381 Ὀ
2391 5326 2664 5395 φυτεύσας
2693 5326 2754 5379 τὸ
2781 5321 2891 5388 οὖς,
2935 5315 3056 5396 obii.
3095 5326 3320 5390 ἀκούει;
3355 5326 3387 5396 ἢ
3423 5326 3451 5379 ό
3483 5326 3701 5390 πλάσας

2107 5419 2406 5490 ὀφθαλμὸν,
2469 5421 2591 5490 οὐχὶ
2627 5422 2916 5484 κατανοεῖ;
2953 5438 2972 5469 ι
3009 5420 3286 5472 Ἀποπτον
3316 5420 3424 5490 γὰρ
3449 5420 3529 5489 τῷ
3578 5419 3697 5488 Θεῷ

2108 5510 2386 5572 παντελῶς
2422 5510 2594 5570 οὐδὲν,
2633 5507 2742 5562 οἶδε
2767 5508 2822 5561 δὲ
2851 5509 3011 5578 μόνος
3033 5511 3102 5564 τὰ
3129 5511 3490 5582 κεκρυμμένα
3513 5509 3608 5563 καὶ
3629 5508 3696 5561 τά

2107 5601 2322 5671 ἐμφανῆ
2362 5600 2470 5653 τῶν
2499 5601 2702 5655 κακῶν·
2737 5601 2850 5654 ἀλλ’
2897 5605 3078 5656 ἐκεῖνα
3135 5604 3234 5674 μὲν
3273 5604 3341 5658 τὰ
3392 5603 3695 5664 λεληθότως

2288 5776 2329 5805 ⁷⁷
2361 5775 2501 5830 Psal.
2544 5791 2694 5840 xcm,
2733 5776 2786 5842 8,
2816 5777 2867 5831 9.
