3934 6318
156 307 260 365 3M
703 361 708 372 ,
999 305 1560 364 COMMENTARlUS
1600 307 1667 363 IN
1709 307 2123 368 MALACHIAM
2160 305 2612 368 PROPHETAM.
3343 301 3449 358 διες

160 423 356 490 καὶῶς
388 424 447 478 ἐν
479 423 662 478 σκότει
691 423 965 495 δρώμενα.
1015 427 1362 498 Προσεπάγει
1408 445 1470 498 γε
1510 428 1616 502 μὴν
1669 448 1713 483 αι

1905 431 2211 486 dhiberent.
2245 429 2340 485 His
2378 429 2526 484 addit
2560 426 2724 482 etiam
2757 430 3133 494 pervertentes
3175 433 3326 479 recta
3363 424 3450 490 ju-

161 521 276 582 τοῖς
307 516 400 572 καὶ
429 516 498 571 τά
527 515 768 587 ἐμφανῆ,
817 517 878 570 τδ
919 518 1329 590 ἀποστερῆσαι,
1363 521 1531 592 φημὶ,
1567 521 1714 592 μισθῆ

1891 525 2022 591 licia,
2056 534 2112 578 et
2154 539 2258 578 non
2291 524 2548 578 timentes
2575 535 2720 576 eum.
2757 517 2915 574 Tales
2946 525 3107 573 erunt
3150 515 3241 586 qui
3281 513 3444 570 etiam

165 610 465 682 μισθωτοῦ,
494 608 806 674 πλεονεξίαν
829 627 889 664 τε
931 610 1026 665 καὶ
1078 613 1561 678 καταδυναστείαν,
1599 617 1664 687 ἣν
1692 613 1718 668 a

1891 615 1971 668 ilio
2025 615 2182 669 modo
2226 629 2387 681 quam
2433 627 2575 666 nunc
2617 610 2957 666 ostendimus
3001 606 3168 661 Deum
3222 605 3444 659 violant.

164 704 406 759 ποιοῖντό
450 722 597 767 τινες
649 707 789 758 κατά
812 704 920 758 τῶν
969 706 1400 780 ἀσθενεστέρων,
1454 709 1635 780 χηρῶν
1669 709 1717 763 δί

1895 707 1954 761 tit
1986 723 2114 776 ergo
2141 726 2152 761 :
2188 706 2292 760 Ero
2315 705 2502 774 judex,
2535 713 2589 758 ct
2621 702 2776 756 testis
2815 701 2996 765 velox,
3023 708 3075 754 et
3109 697 3448 752 voluntarius

161 797 335 865 λέγω,
365 797 462 849 καὶ
483 796 756 865 ὀρφανῶν.
796 798 1129 870 Προστίθησι
1174 800 1230 854 δὲ
1260 801 1470 865 τούτοις
1513 802 1603 854 καὶ
1632 802 1714 856 τοὶ

1896 812 2028 868 uper
2061 796 2335 852 veneficas
2364 804 2418 850 et
2454 795 2790 859 libidinosas,
2829 802 3284 860 peccatorumque
3316 787 3445 842 alio-

161 889 593 960 διαστρέφοντας
621 891 688 942 τά
715 889 851 961 ὀρθὰ
886 891 994 945 τῶν
1026 893 1332 962 κριμάτων,
1388 895 1480 948 καὶ
1521 896 1647 956 τοὺς
1685 913 1714 966 μ

1900 909 1983 946 um
2021 891 2315 946 studiosos.
2368 889 2654 945 Probabile
2689 895 2773 943 est
2812 901 2946 941 sane
2995 883 3304 952 huiusmodi
3355 880 3453 935 lla-

164 979 535 1050 φοὸουμένους
571 980 751 1033 αὐτόν.
779 974 935 1034 Οὗτοι
963 982 1007 1035 δ’
1050 981 1116 1035 ἂν
1145 981 1254 1036 εἷεν
1285 985 1379 1038 καὶ
1408 986 1457 1037 οἱ
1485 985 1607 1039 καθ’
1631 985 1717 1039 ἒτε

1904 983 1995 1038 itia
2041 984 2302 1054 quosdam
2343 981 2432 1035 illa
2483 989 2643 1034 attate
2693 993 2857 1032 ausos
2892 977 3195 1046 suscipere,
3240 981 3295 1029 et
3329 987 3451 1039 pro-

166 1072 258 1140 ρόν
285 1089 407 1125 τινα
428 1072 630 1142 τρόπον
664 1073 815 1144 παρά
843 1090 906 1141 γε
962 1076 1088 1137 τοὺς
1113 1074 1315 1145 ἀρτίως
1361 1077 1496 1147 ἡμῖν
1527 1076 1719 1150 είρημέ

1405 1079 1496 1146 μῖν
1527 1076 1750 1150 είρημέ-
1865 1083 1987 1145 pter
2019 1075 2164 1145 ipsos
2199 1074 2396 1128 multos
2432 1072 2541 1127 Deo
2583 1069 2947 1126 maledixisse.

159 1179 287 1225 νους
312 1160 608 1226 λυποῦντες
651 1161 802 1216 Θεόν.
842 1164 1076 1234 Ἐσομαι
1110 1165 1309 1230 τοίνυν,
1354 1168 1508 1240 φησὶ,
1542 1167 1756 1239 κριτὴς,
1800 1165 1894 1219 καὶ
1963 1165 2175 1237 μάρτυς
2214 1167 2405 1235 ταχὺς,
2465 1163 2560 1218 καὶ
2624 1160 2923 1232 αὐτόμολος
2982 1159 3074 1212 ἐπὶ
3128 1157 3454 1229 φαρμακοὺς

159 1258 256 1310 καὶ
290 1254 629 1326 μοιχαλίδας,
657 1255 908 1320 καὶτοὺς
945 1256 1053 1310 τῶν
1079 1257 1285 1329 ἐτέρων
1334 1260 1520 1314 κακῶν
1589 1259 1966 1332 ἐπιτηδευτόις.
2010 1262 2172 1324 Εἰκὸς
2220 1260 2276 1312 δὲ
2341 1259 2404 1329 δὴ
2463 1257 2644 1311 τοιάδε
2700 1255 2834 1309 ’κατ’
2870 1254 3047 1306 ἐκεῖνο
3109 1249 3303 1324 καιροῦ
3331 1250 3453 1304 τολο

163 1348 376 1419 μεῖσθαι
414 1346 567 1418 παρά
588 1363 718 1410 τισι,
741 1348 835 1400 καὶ
856 1349 941 1401 ἐπ’
964 1348 1145 1413 αὐτοῖς
1171 1351 1421 1419 γενέσθαι
1448 1352 1589 1407 κατά
1612 1351 1746 1406 Θεοῦ
1786 1351 1884 1424 τὴν
1910 1352 2018 1407 τῶν
2041 1351 2250 1407 πολλῶν
2274 1348 2674 1420 γλωσσαλγίαν.

234 1442 330 1494 Δεῖ
360 1440 426 1510 δὴ
453 1435 546 1493 οὖν
570 1441 678 1512 ἄρα
701 1441 864 1494 παντὶ
897 1441 1074 1496 σθένει
1131 1445 1520 1516 παραιτεῖσθαι
1559 1445 1627 1499 τά
1661 1461 1760 1501 πο-

1938 1446 2204 1514 Quocirca
2253 1459 2390 1514 opus
2439 1453 2523 1499 est
2565 1442 2712 1498 omni
2745 1443 3095 1498 contentione
3136 1439 3382 1508 refugere
3427 1455 3454 1490 a

163 1533 329 1606 νηρά.
349 1534 445 1586 καὶ
467 1536 580 1597 τοῖς
607 1534 885 1602 ἀμείνοσιν
908 1535 1236 1608 ἐπιτρέχειν,
1255 1538 1353 1591 καὶ
1370 1539 1549 1592 ἀποπε
1559 1539 1716 1611 ραίνει

1905 1537 2046 1591 ravis
2081 1537 2356 1606 operibus,
2401 1544 2455 1589 et
2501 1535 2568 1588 ad
2616 1535 2783 1604 proba
2817 1532 3100 1596 festinare,
3142 1536 3197 1585 et
3229 1529 3361 1584 etiiti
3391 1543 3453 1582 ea

164 1625 486 1694 ἐπείγεσθαι
517 1624 586 1679 τὰ
610 1626 676 1679 δι’
701 1619 775 1680 ὧν
812 1626 878 1681 ἂν
907 1627 1116 1696 γένοιτό
1163 1647 1248 1694 τις
1293 1631 1516 1685 ἐπαίνου
1559 1633 1717 1686 παντί

1907 1638 2127 1683 raestare
2160 1642 2254 1697 per
2291 1641 2412 1696 quae
2458 1626 2582 1696 quis
2632 1625 2782 1680 omni
2817 1634 2875 1681 et
2917 1624 3158 1680 bonitate
3193 1631 3248 1677 et
3297 1621 3455 1675 laude

165 1718 260 1771 καὶ
292 1718 596 1782 ἐπιεικείας
644 1717 916 1788 ἔμπλεως.
965 1719 1283 1793 Ἀμοιρήσει
1317 1723 1426 1794 γὰρ
1479 1722 1621 1776 οῦτω
1666 1740 1718 1776 xc

1903 1719 2193 1774 umuletur.
2225 1716 2317 1773 Sic
2355 1717 2500 1772 enim
2546 1717 2740 1773 evadet
2793 1707 3056 1786 supplicia
3110 1729 3231 1784 qua:
3270 1715 3300 1768 a
3348 1713 3456 1767 Deo

165 1810 275 1864 τῶν
333 1811 402 1863 ἐκ
460 1810 611 1874 θείας
653 1811 826 1882 ὀργῆς
867 1812 1345 1884 ἐποισθησομένων
1382 1817 1495 1878 τοῖς
1547 1813 1718 1868 εἰωθός

1900 1819 2009 1863 rato
2044 1808 2421 1880 peccatoribus
2473 1807 2811 1878 inﬂiguntur.
2864 1805 3056 1876 Capiet
3109 1815 3288 1860 autem
3339 1803 3453 1874 glo-

166 1902 532 1973 πλημμελεῖν.
564 1903 756 1956 Ἔσται
782 1903 838 1957 δὲ
866 1903 976 1958 ἔσω
1004 1906 1098 1958 καὶ
1122 1905 1301 1978 γερῶν
1333 1905 1427 1960 καὶ
1461 1907 1640 1980 δόξης,
1686 1901 1719 1962 (ἶ

1902 1901 2005 1956 iam
2061 1910 2112 1957 et
2143 1901 2365 1972 praemia
2411 1900 2610 1970 quibus
2645 1899 2788 1956 Deus
2831 1913 2892 1956 se
2947 1898 3236 1968 diligentes
3269 1913 3455 1953 mune-

167 1994 233 2048 ἄν
263 1995 475 2065 ἐπιδοίη
502 1994 636 2059 Θεὸς
667 1997 776 2058 τοῖς
797 1996 1085 2065 ἀγαπῶσιν
1115 1997 1297 2052 αὐτόν.
1869 2003 2048 2050 ratur.

235 2088 397 2140 Διότι
428 2087 544 2158 ἐγὼ
597 2089 812 2156 Κύριος
841 2091 874 2143 ὀ
909 2088 1052 2156 Θεὸς
1089 2088 1292 2160 ὑμῶν,
1359 2091 1458 2145 καὶ
1516 2093 1628 2146 οὐκ
1655 2092 1760 2148 ἀλ-

1943 2085 2104 2142 Vsns.
2137 2086 2192 2141 6.
2242 2086 2507 2154 Quoniam
2539 2102 2632 2156 ego
2683 2085 2938 2141 Dominus
2991 2083 3126 2139 Deus
3175 2093 3361 2144 vester,
3408 2091 3460 2134 et

163 2179 466 2249 λοιοῦιιαι.
516 2179 627 2234 Καὶ
681 2179 870 2250 ὑμεῖς,
910 2183 964 2235 οἱ
1019 2183 1137 2234 υἱοὶ
1190 2181 1424 2247 Ἰακὼϐ,
1480 2184 1591 2238 οὐκ
1651 2183 1716 2239 ἀπ

1908 2195 1971 2234 οη
2000 2190 2195 2234 mutor.
2225 2177 2292 2232 Et
2340 2196 2457 2244 vos,
2495 2179 2596 2248 filii
2637 2176 2827 2244 Iacob,
2877 2194 2986 2232 non
3019 2175 3364 2230 abstinebatis
3393 2175 3457 2227 ab

165 2272 384 2342 ἔχεσθε
415 2272 536 2327 ἀπὸ
566 2271 684 2325 τῶν
704 2270 951 2326 ἀδικιῶν
985 2271 1101 2326 τῶν
1122 2273 1395 2343 πατέρων
1413 2273 1600 2344 ὑμῶν.
1629 2277 1718 2342 Ἐξ

1905 2275 2237 2344 tiquitatibus
2275 2283 2491 2340 patrum
2530 2282 2843 2331 vestrorum.
2888 2269 3209 2326 Declinastis
3255 2286 3288 2323 a
3331 2269 3458 2337 legi-

165 2365 449 2418 rxdlrats
492 2363 712 2433 νόμιμὰ
729 2381 872 2432 μου,
914 2365 1010 2419 καὶ
1037 2366 1146 2420 οὐκ
1184 2365 1593 2435 ἐφυλάξασθε.

1217 2365 1593 2435 φυλάξασθε.
1871 2368 2015 2422 timis
2045 2367 2194 2429 meis,
2223 2376 2269 2419 et
2311 2381 2414 2419 non
2446 2363 2768 2417 custodistis.

233 2456 362 2511 AZ'.
418 2455 694 2527 Ἐξίστησι
725 2442 888 2512 πάλιν
912 2459 1108 2523 αὐτοὺς
1140 2457 1371 2512 ἀνοσίων
1426 2459 1643 2514 ἐννοιῶν
1670 2462 1765 2515 καὶ

1945 2457 2205 2513 XXXVII.
2248 2458 2434 2512 Denuo
2468 2457 2613 2524 ipsos
2639 2455 2708 2510 ab
2743 2455 2922 2524 impiis
2955 2452 3378 2524 cogitationibus
3405 2459 3458 2504 ct

169 2549 398 2624 προσέτι
451 2551 737 2622 ῥημάτων.
795 2552 868 2604 Τὸ
906 2551 1014 2622 γὰρ
1065 2552 1274 2606 οἴεσθαί
1323 2572 1442 2618 πως
1477 2553 1722 2625 ἢμετατε

1902 2552 2052 2606 ‘erbis
2082 2551 2387 2618 detorquet.
2433 2546 2569 2601 Nam
2609 2545 2922 2603 existimare
2951 2560 3072 2600 esse
3112 2545 3455 2598 immutatum

167 2641 413 2714 τράφθαι
454 2643 546 2696 τὸν
595 2643 705 2697 τῶν
747 2644 885 2698 ὅλων
930 2644 1062 2698 Θεὸν
1092 2645 1201 2699 ἀπό
1256 2663 1320 2714 γε
1360 2646 1454 2700 τοῦ
1487 2647 1662 2701 θέλειν
1695 2666 1720 2701 τ

1903 2643 2253 2698 ηιιίνετεοτυιη
2291 2641 2457 2695 Deum
2483 2656 2512 2694 a
2545 2639 2821 2694 voluntate
2848 2639 2972 2694 boui
3006 2639 3060 2692 in
3097 2638 3456 2698 contrarium.

168 2731 352 2802 ἀγαθά
390 2733 526 2804 πρὸς
551 2733 612 2786 τὸ
635 2733 895 2798 ἐναντίον,
953 2734 1045 2787 καὶ
1078 2735 1299 2807 ἀγαπᾷν
1319 2733 1414 2806 μὲν
1437 2734 1620 2788 οὐκέτι
1664 2736 1721 2788 τί

1900 2750 1974 2790 ιεο
2012 2735 2078 2789 de
2121 2744 2316 2788 caetero
2361 2733 2584 2804 diligere
2609 2731 2901 2802 justitiam,
2938 2730 3235 2800 [avareque
3264 2745 3453 2786 conse-

166 2824 544 2896 δικαιοσύνην,
593 2825 954 2897 ἀποδέχεσθαι
995 2825 1052 2880 δὲ
1099 2827 1225 2890 τοὺς
1279 2827 1379 2897 τῆς
1432 2827 1719 2898 φαυλότητι

1909 2825 2172 2882 tatoribus
2217 2825 2614 2894 improbitatis,
2659 2824 2934 2895 quomodo
2991 2839 3096 2880 non
3145 2823 3458 2893 imperitiae.

169 2919 436 2990 ἐραστὰς,
489 2918 607 2983 πῶς
641 2920 741 2973 οὐκ
791 2919 1022 2992 ἀμαθὲς,
1087 2919 1286 2990 μᾶλλον
1323 2921 1380 2974 δὲ
1435 2921 1646 2991 ἀπηχὲς
1671 2939 1722 2976 xc

1905 2933 1983 2974 mo
2021 2917 2365 2984 absurditati,
2400 2927 2454 2972 et
2485 2932 2698 2972 summo
2733 2916 2950 2983 sceleri,
2975 2926 3030 2971 et.
3066 2929 3322 2972 extremm
3355 2917 3458 2970 itu-

171 3010 395 3065 ἀνόσιον
437 3010 719 3074 παντελῶς
751 3011 964 3083 καὶτῆς
1023 3013 1286 3066 ἀνωτάτω
1319 3011 1636 3077 δυσσεϐείας
1668 3031 1724 3085 με

1915 3009 2058 3064 ietati
2095 3009 2474 3064 ascribendum
2507 3008 2626 3063 est?
2673 3009 2901 3076 Quando
2942 3009 3122 3078 igitur,
3163 3009 3359 3077 inquit,
3391 3012 3459 3064 ad

175 3104 559 3175 μεστωμένον;
589 3104 760 3158 Ὅταν
788 3104 966 3158 τοίνυν
1012 3105 1117 3158 ὑπὸ
1145 3106 1327 3176 κρίσιν
1389 3106 1535 3177 ἴδητε
1568 3108 1728 3162 καλου

1901 3101 2131 3157 udicium
2181 3100 2360 3155 vocari
2406 3101 2648 3155 videritis
2701 3099 3003 3164 veneﬁcas,
3057 3114 3151 3154 seu
3208 3100 3454 3156 incanta-

177 3201 396 3271 μένους,
428 3199 702 3270 mmini;
751 3215 809 3251 τε
852 3199 982 3268 παρ’
1015 3197 1144 3267 ὑμῖν
1200 3201 1549 3270 φαρμακοὶς,
1602 3201 1730 3272 ἦγον.

1908 3199 2039 3253 rices
2072 3207 2287 3252 vestras
2321 3197 2469 3268 (sunt
2501 3205 2681 3252 autem
2720 3195 3050 3250 mulierculae
3084 3194 3201 3250 ista
3231 3194 3461 3261 garrula:

174 3293 419 3363 ἐπῳδοὺς
470 3290 707 3360 (γύναια
737 3290 794 3342 δὲ
825 3290 1044 3353 πάντως
1090 3288 1296 3361 ψιθυρά
1350 3307 1410 3344 τε
1471 3292 1564 3344 καὶ
1594 3291 1727 3362 βωμι

1922 3331 1927 3342 .
1955 3288 2380 3360 assentatrices),
2411 3299 2466 3342 ct
2501 3289 2625 3344 aliis
2658 3288 2876 3360 ﬂagitiis
2907 3288 3116 3354 allixos,
3143 3297 3271 3342 tunc
3302 3283 3475 3342 rebus.

174 3381 308 3453 λόχα
320 3382 521 3452 ταυτὶ),
545 3383 636 3436 καὶ
659 3382 784 3445 τοὺς
807 3381 914 3434 τῶν
944 3381 1146 3450 ἐτέρων
1181 3381 1366 3435 κακῶν
1391 3382 1727 3454 έπιτηδευτάς

1908 3383 2006 3436 )SlS
2055 3382 2396 3452 cognoscetis
2436 3383 2564 3452 quia
2595 3397 2694 3450 ego
2729 3399 2848 3437 sum
2895 3383 3156 3437 Dominus
3198 3382 3340 3437 Deus
3366 3397 3461 3436 ve-

174 3473 320 3536 τότε,
353 3476 541 3544 φησὶν,
570 3472 939 3542 ἐπιγνώσεσθε
978 3472 1065 3527 διὰ
1108 3473 1448 3545 πραγμάτων
1481 3475 1661 3528 αὐτῶν
1690 3477 1727 3529 δ’

1910 3486 2006 3546 ter,
2034 3483 2088 3529 et
2125 3474 2253 3528 olim
2299 3483 2352 3528 et
2397 3489 2541 3530 nunc
2578 3473 2754 3530 bonus
2792 3473 2950 3530 simul
2986 3482 3034 3530 et
3086 3477 3354 3530 bonorum
3399 3490 3463 3531 ac

177 3567 288 3636 ἐγὼ
316 3567 522 3638 Κύριος
555 3567 584 3619 ὁ
617 3565 749 3629 Θεὸς
781 3565 955 3636 ὑμῶν,
987 3565 1014 3616 ὁ
1043 3565 1210 3619 πάλαι
1245 3583 1304 3618 τε
1331 3567 1426 3619 καὶ
1454 3564 1549 3620 νῦν
1570 3566 1730 3634 ἀγαθέ

1910 3568 2091 3624 irtutis
2131 3581 2341 3622 amans.
2372 3565 2566 3622 Nescio
2597 3568 2741 3622 enim
2777 3567 3133 3636 mutationem
3169 3578 3263 3622 aut
3303 3568 3463 3624 vicis-

176 3675 234 3713 τε
260 3659 399 3730 ὁμοῦ
435 3661 530 3712 καὶ
566 3658 873 3728 φιλὰρετος.
931 3657 1006 3710 Οὐ
1054 3658 1163 3728 γὰρ
1213 3650 1332 3712 οῖδα
1377 3659 1646 3731 τροπὴνῆ
1681 3659 1729 3712 ἀ]

1910 3661 2182 3714 itudinem.
2209 3661 2322 3730 Ego
2376 3658 2520 3714 enim
2554 3672 2768 3726 semper
2793 3666 2848 3712 et
2875 3657 3010 3711 citra
3043 3658 3463 3712 mutabilitatem

177 3748 415 3804 λοίωσιν.
455 3749 731 3816 Ἀλλ“ἐγὼ
779 3748 878 3818 μὲν
917 3747 1035 3818 εἰμὶ
1080 3748 1370 3812 διαπαντὸς
1414 3751 1508 3803 καὶ
1564 3752 1730 3820 ἀμετα

1905 3767 1993 3806 um
2037 3752 2180 3822 quod
2231 3766 2351 3808 sum
2394 3767 2410 3806 :
2451 3765 2547 3805 vos
2587 3758 2791 3814 autem,
2844 3748 3054 3817 inquit,
3111 3749 3360 3820 quamvis
3393 3765 3457 3804 ex

181 3841 393 3904 στάτως
413 3839 564 3894 τοῦθ’
591 3843 729 3910 ὅπερ
759 3838 894 3908 εἰμί·
924 3839 1081 3910 ὑμεῖς
1107 3841 1184 3905 δὲ,
1210 3843 1364 3912 φησὶ,
1390 3841 1568 3895 καίτοι
1608 3859 1734 3913 γεγο

1908 3844 2039 3900 acob
2069 3841 2436 3913 progenerati,
2474 3841 2694 3895 homine
2726 3840 2812 3909 pio
2842 3849 2895 3895 et
2923 3840 3086 3908 bono,
3117 3851 3172 3896 et
3197 3841 3288 3911 qui
3321 3856 3461 3896 sem-

179 3933 328 3997 νότες
364 3934 423 4000 ἐξ
463 3933 680 3999 Ἰακὼϐ,
733 3934 926 4006 ἀνδρὸς
975 3933 1223 4004 φιλοθέου
1251 3932 1344 3986 καὶ
1397 3931 1627 4000 ἀγαθοῦ,
1678 3951 1732 3987 xc

1907 3951 1971 3992 er
2012 3935 2414 3993 contumaciam
2446 3934 2559 3988 odit
2588 3948 2653 3988 ac
2687 3933 2796 3987 Deo
2831 3933 3090 3998 servivit,
3125 3934 3291 4006 857
3322 3935 3460 3990 illius

182 4025 555 4097 μεμισηκότος
594 4026 682 4100 ἀεὶ
700 4025 761 4078 τὸ
783 4025 1014 4098 ἐξήνιον,
1038 4026 1134 4078 xal.
1162 4023 1282 4095 Θεῷ
1311 4023 1678 4092 δουλεύοντος,
1709 4043 1735 4079 ο

1904 4041 2057 4082 nores
2092 4025 2400 4095 exprimere
2433 4039 2538 4079 non
2571 4024 2733 4078 enixe
2768 4024 3080 4090 studuistis;
3122 4028 3215 4081 sed
3243 4037 3457 4096 patrum

180 4119 282 4173 τῶν
307 4118 520 4172 ἐκείνου
546 4117 764 4190 τρόπων
829 4120 1086 4188 γεγόνατε
1117 4117 1376 4187 ζηλωταί’
1419 4117 1674 4188 μιμεῖσθε
1716 4117 1733 4170 ε

1906 4130 2181 4176 εειτοηιιιι
2249 4117 2674 4173 inobedientiam
2730 4125 2786 4173 et
2835 4118 3190 4187 pertinaciam
3258 4120 3459 4176 imitari

184 4212 384 4282 μᾶλλον
421 4211 530 4263 τῶν
558 4211 679 4265 καθ’
700 4212 842 4280 ὑμᾶς
875 4211 1127 4282 πατέριον
1149 4211 1210 4264 τὸ
1237 4209 1476 4274 ἀπειθὲς.
1506 4208 1601 4264 καὶ
1646 4209 1737 4262 δυο

1909 4213 2151 4268 mavultis.
2177 4210 2279 4279 Qui
2311 4220 2366 4268 et
2397 4211 2498 4267 hac
2530 4211 2595 4266 de
2627 4225 2789 4266 causa
2817 4212 3020 4282 captivi
3047 4212 3238 4282 patriae
3263 4211 3462 4268 ﬁnibus

181 4304 419 4372 ἀγωγον.
443 4303 506 4356 Οἳ
549 4303 645 4356 καὶ
687 4303 892 4374 ταύτης
939 4304 1104 4358 ἕνεκα
1134 4303 1231 4373 τῆς
1260 4301 1441 4366 αἰτίας
1487 4300 1734 4372 ἀπῴχοντ

1906 4315 2258 4373 ηκοεδεετυηι,
2287 4315 2342 4359 et
2376 4304 2624 4360 hostibus
2661 4321 2690 4358 a
2723 4305 2924 4374 quibus
2977 4315 3133 4361 erant
3171 4306 3459 4378 subjugati.

184 4401 277 4470 μὲν
302 4399 662 4469 αἰχμάλωτοι,
709 4400 808 4471 τὴν
831 4399 1161 4469 ὲνεγκοῦσαν
1204 4397 1458 4467 ἀφέντες,
1493 4395 1737 4450 δεδουλεύ

1909 4401 2192 4455 ervitutem
2232 4398 2556 4454 servierunt.
2610 4416 2628 4449 ι
2655 4397 2975 4454 Declinastis
3012 4415 3176 4470 porro
3213 4409 3266 4455 et
3299 4416 3394 4454 vos
3435 4419 3462 4454 a

181 4508 306 4545 κασι
339 4491 398 4544 δὲ
444 4494 557 4555 τοῖς
596 4492 862 4564 ᾑρηκόσιν
920 4491 1155 4563 ἐχθροῖς.
1231 4487 1571 4555 Ἑξεκλίνατε
1598 4487 1654 4540 δὲ
1681 4506 1734 4550 κς

1910 4491 2138 4562 agitimis
2171 4490 2331 4556 meis,
2362 4497 2419 4544 et
2449 4505 2512 4545 ea
2546 4506 2650 4544 non
2681 4491 3015 4546 custodistis.
3039 4511 3057 4544 ι
3107 4491 3292 4562 Itaque
3321 4491 3463 4547 Deus

178 4584 336 4654 ὑμεῖς
371 4602 390 4636 ι
431 4585 494 4636 ἐκ
515 4583 622 4636 τῶν
644 4583 793 4654 ἐμῶν
834 4584 1101 4655 νομίμων,
1127 4581 1222 4638 καὶ
1251 4583 1350 4636 οὐκ
1377 4580 1731 4652 ἐφυλάξασθε.

1906 4584 2095 4655 ιιιὶιιεω
2117 4592 2171 4638 et
2194 4581 2547 4638 immutabilis
2568 4595 2806 4650 semper,
2832 4594 2887 4638 et
2911 4582 3055 4637 velut
3078 4583 3132 4636 in
3161 4584 3303 4638 bono
3327 4583 3459 4638 ﬁxus

181 4676 393 4730 Οὐκοῦν
421 4677 450 4728 ό
488 4677 588 4747 μὲν
606 4676 740 4740 Θεὸς
769 4675 1037 4749 ἄτρεπτος
1063 4677 1170 4741 ἀεὶ,
1203 4675 1296 4729 καὶ
1327 4675 1490 4728 οἱονεὶ
1509 4671 1734 4744 πεπηγά

1910 4691 1942 4730 c
1999 4675 2245 4730 ﬁrmatus
2282 4682 2337 4728 et
2372 4673 2727 4730 inconcussus
2761 4675 2814 4729 in
2859 4673 3071 4742 justitia
3108 4694 3121 4730 :
3161 4674 3235 4728 illi
3275 4683 3462 4730 cautra

182 4771 257 4833 si;
279 4770 342 4824 τὸ
378 4769 602 4838 ἀγαθὸν,
637 4770 728 4823 καὶ
758 4768 1092 4840 ἀκράδαντος
1119 4770 1198 4832 εἰς
1223 4765 1572 4837 δικαιοσύνην
1599 4781 1610 4792 ·
1636 4765 1687 4818 οἱ
1717 4765 1735 4817 ε

1904 4776 2087 4821 autum
2133 4783 2240 4822 non
2291 4766 2788 4821 immutabilitatem
2833 4766 2888 4821 in
2941 4765 3106 4822 corde
3151 4777 3457 4829 servarunt,

182 4864 467 4934 γεγόνασι.
504 4861 786 4933 μονονουχὶ
813 4863 874 4916 τὸ
902 4862 1171 4932 ἄτρεπτον
1198 4863 1255 4914 ἐν
1307 4859 1505 4930 καρδίᾳ
1541 4874 1735 4929 τετηρτ

1688 4874 1776 4927 οη·
1877 4868 1931 4914 et
1961 4868 2176 4928 patrum
2213 4856 2419 4913 scelera
2459 4857 2843 4915 strenuissime
2877 4868 3006 4916 sunt
3047 4857 3241 4914 secuti.

183 4959 361 5022 κότες,
395 4957 610 5027 καὶτῆς
633 4956 741 5010 τῶν
767 4956 1020 5028 πατέρων
1054 4955 1400 5026 ἀνοσιότητος
1429 4952 1645 5026 ἄριστοι
1677 4967 1773 5024 μι-

187 5051 377 5122 μηταί.

250 5143 424 5197 Τοῦτό
461 5161 562 5197 που
615 5145 850 5216 Χριστὸς
902 5143 1219 5214 εὑρίσκεται
1266 5139 1776 5211 λέγων.Ταλανιςει

1948 5133 2062 5190 Hoc
2099 5132 2352 5189 Christus
2384 5131 2620 5201 quodam
2657 5133 2775 5190 loco
2814 5130 2971 5188 dixit.
3015 5129 3204 5185 Merito
3231 5145 3464 5200 namque

185 5238 282 5306 μὲν
311 5238 424 5310 γὰρ
473 5239 700 5302 εἰκότως
753 5239 812 5292 τὺ
867 5237 1188 5292 ἀπαίδευτον
1229 5236 1335 5290 τῶν
1389 5235 1738 5307 Γραμματέω

1910 5227 2195 5283 lcribarum
2221 5235 2276 5281 et
2306 5225 2702 5282 Pharisaeorum
2735 5224 2956 5280 stultam
2992 5237 3214 5294 cperam
3247 5223 3299 5278 in
3333 5225 3463 5279 redi-

184 5333 275 5385 καὶ
296 5331 614 5402 Φαρισαίων
642 5332 1024 5402 ἐργαστήριον.
1064 5330 1212 5400 Ἔφη
1241 5330 1299 5383 δὲ
1341 5328 1534 5393 οὕτως·
1575 5347 1594 5381 ι
1639 5329 1737 5383 Οὺο

1909 5320 2093 5375 lcando
2145 5318 2494 5375 lamentatur.
2543 5317 2637 5373 Sic
2682 5325 2862 5371 autem
2911 5316 2985 5368 ait
3029 5333 3042 5370 :
3087 5333 3106 5368 ι
3148 5315 3240 5371 Vae
3283 5317 3462 5383 vobis,

183 5423 329 5493 ὑμῖν,
364 5425 726 5495 Γραμματεῖς
788 5426 883 5478 καὶ
919 5425 1205 5494 Φαρισαῖοι
1235 5423 1548 5493 ὑποκριταὶ,
1582 5424 1663 5476 ὅτι
1694 5423 1736 5475 ol

1910 5413 2086 5467 lcribzn
2119 5420 2175 5466 et
2220 5410 2475 5465 Pharisaei
2520 5408 2836 5482 hypocritaz,
2881 5408 3007 5476 quia
3055 5407 3337 5463 arditlcatis
3380 5423 3463 5464 se-

184 5517 460 5589 κοδομεῖτε
490 5519 620 5580 τοὺς
651 5517 855 5586 τάφους
880 5517 988 5571 τῶν
1029 5515 1356 5589 προφητῶν,
1394 5517 1487 5569 καὶ
1520 5518 1737 5587 κοσμεττ

1912 5505 2063 5560 ulcra
2098 5505 2503 5573 prophetarum,
2548 5511 2602 5556 et
2633 5500 2854 5574 ornatis.
2893 5513 3238 5555 monumenta
3289 5501 3465 5570 justo-

180 5609 243 5663 τὰ
267 5628 372 5682 μνη
385 5611 520 5681 μεῖα
548 5609 656 5662 τῶν
678 5608 920 5667 δικαίων.
951 5609 1046 5662 καὶ
1075 5609 1281 5676 λέγετε·
1309 5608 1370 5661 El.
1395 5603 1535 5678 ἦμεν
1573 5610 1629 5661 ἐν
1655 5625 1733 5662 ται

1911 5615 2038 5663 um,
2084 5605 2140 5652 et
2187 5595 2365 5650 dicitis
2412 5608 2426 5647 :
2474 5593 2530 5648 Si
2583 5594 2870 5648 fuissemus
2909 5593 2959 5648 in
3013 5594 3203 5650 dielms
3251 5604 3462 5664 patrum

69 5732 82 5746 -
178 5703 415 5777 ἡμέραις
452 5703 564 5758 τῶν
603 5701 858 5775 πατέρων
887 5701 1066 5773 ἡμῶν,
1103 5719 1204 5755 ουκ
1228 5702 1292 5756 ἂν
1326 5701 1505 5773 ἥμεθα
1531 5718 1615 5754 κοι

1906 5702 2229 5754 nostrorum,
2275 5705 2379 5745 non
2428 5704 2672 5745 essemus
2711 5689 2841 5742 socii
2881 5703 3068 5743 eorum
3110 5686 3162 5741 in
3200 5683 3459 5752 sanguine

178 5793 350 5849 αὐτῶν
386 5797 446 5848 ἐν
475 5791 557 5863 τῷ
615 5790 804 5861 αἵματι
853 5790 960 5844 τῶν
1009 5791 1320 5863 προφητῶν.
1355 5790 1516 5843 ’Ὥστε
1566 5807 1731 5861 μαρτι

1908 5786 2287 5858 »ιορῐιοιπυτω
2325 5781 2508 5854 Itaque
2538 5781 2846 5838 testimonio
2875 5780 3005 5837 estis
3034 5774 3461 5844 robismctipsis,
