3934 6318
440 315 547 372 355

1467 305 1525 362 S.
1568 303 1846 362 CYRILLI
1886 300 2355 359 ALEXANDRINI
2397 300 2722 357 ARCHIEP.

3611 291 3720 350 διε

437 438 564 507 quia
610 431 703 488 filii
740 435 873 488 estis
913 445 1096 486 eorum
1131 430 1219 500 qui
1257 430 1544 500 prophetas
1579 428 1916 486 occiderunt.
1951 427 2014 482 Et

2143 426 2264 478 ›εῖτε
2295 425 2499 487 αὐτοῖς,
2545 423 2626 477 ὅτι
2684 419 2790 474 υἱοί
2834 421 2956 474 ἐστε
3007 417 3114 470 τῶν
3163 413 3538 486 φονευσάντων
3591 415 3722 478 τοὺς

439 544 536 585 vos
590 527 806 596 implete
859 537 1168 578 mensuram
1220 532 1443 592 patrum
1496 530 1801 577 vestrorum
1826 521 2016 574 ηδ’.»

437 619 799 688 Quamobrem
843 630 1064 670 necesse
1108 626 1191 670 est
1224 630 1347 679 nos,
1386 615 1430 669 si
1475 629 1602 668 vere
1643 618 1830 668 Sanam
1874 629 2025 667 meu-

441 725 547 766 tem
584 711 840 780 gerimus,
868 719 922 764 et
947 707 1088 778 quod
1124 709 1262 762 ratio
1313 709 1549 776 postulat
1577 709 1868 771 sentimus,
1911 722 2023 759 ma-

431 807 613 871 jorum
664 802 1172 874 probatissimorum
1209 800 1455 869 exempla
1491 800 1647 854 nobis
1688 801 1756 853 ad
1800 799 2025 852 imitan-

439 900 563 950 dum
596 905 720 949 ante
747 895 930 949 oculos
962 908 1180 962 ponere,
1213 903 1270 946 et
1300 893 1671 961 improborum
1715 892 2021 960 repudiare.

437 993 546 1044 Aut
586 989 630 1043 si
676 989 798 1058 quis
859 986 1003 1041 istud
1060 985 1246 1040 facere
1297 994 1548 1048 recusat,
1600 984 2026 1054 simpliciterque

439 1091 495 1136 et
549 1081 687 1135 citra
747 1079 1152 1150 inquisitionem
1216 1078 1450 1145 majores
1500 1079 1770 1147 sequitur,
1831 1075 2026 1132 similis

440 1174 598 1242 plane
621 1173 724 1228 erit
758 1173 980 1235 Grzecis,
1021 1186 1155 1242 quos
1185 1171 1227 1227 si
1259 1172 1380 1241 quis
1419 1169 1826 1238 reprehenderit
1858 1169 2024 1237 quod.

441 1265 626 1321 relicta
656 1265 898 1320 veritatis
916 1265 1247 1334 cognitione,
1273 1273 1327 1321 et
1350 1278 1414 1318 eo
1444 1263 1535 1334 qui
1562 1273 1642 1316 est
1665 1271 1852 1315 natura
1886 1261 2027 1315 Deus

441 1361 675 1424 deserto,
723 1358 926 1428 lapides
976 1359 1238 1421 adorent,
1292 1371 1506 1426 semper
1551 1371 1769 1411 suorum
1815 1361 2024 1423 patrum

441 1450 886 1506 coasuetudinem
919 1449 969 1502 in
1002 1464 1095 1504 ore
1128 1451 1349 1503 habent.

512 1629 678 1687 Vens.
706 1631 822 1686 7-9.
864 1629 1206 1685 Ret'ertimini
1247 1632 1318 1684 ad
1352 1647 1450 1696 me,
1483 1639 1528 1684 et
1562 1641 1787 1684 revertar
1819 1629 1888 1682 ad
1918 1645 2024 1693 vos,

443 1723 570 1777 dicit
607 1722 864 1778 Dominus
914 1725 1262 1790 omnipotens.
1307 1721 1378 1777 Et
1414 1724 1624 1777 dixistis
1651 1739 1669 1776 :
1704 1721 1768 1774 In
1803 1738 1903 1793 quo
1948 1737 2030 1774 re-

445 1816 744 1868 vertemur?
774 1812 896 1867 Non
931 1814 1294 1884 supplantabit
1329 1814 1484 1868 homo
1517 1813 1722 1868 Deum?
1763 1812 1902 1877 Quia
1941 1828 2029 1865 vos

443 1907 794 1976 supplantatis
822 1924 921 1962 mc.
940 1905 1005 1961 Et
1031 1908 1243 1961 dicitis:
1263 1907 1445 1978 Inquo
1472 1906 1923 1976 supplantavimus
1943 1906 2029 1959 te?

447 1997 586 2060 Quia
627 2007 675 2051 te
713 1997 928 2051 decima:
980 2008 1028 2051 et
1067 1999 1317 2067 primitiae
1353 1999 1620 2052 nobiscum
1661 2008 1803 2054 sunt.
1848 1995 1915 2051 Ει
1948 2014 2028 2051 re-

445 2089 720 2156 spicientes
762 2107 850 2144 vos
883 2093 1162 2161 respicitis,
1199 2102 1244 2145 et
1282 2108 1361 2145 me
1394 2109 1478 2146 vos
1513 2092 1891 2161 supplantatis.
1921 2094 2030 2146 An-

448 2195 544 2233 nus
575 2178 818 2249 impletus
853 2190 956 2248 est,
991 2193 1036 2234 et
1069 2182 1319 2235 intulistis
1353 2199 1528 2236 omnes
1571 2182 1779 2250 fructus
1820 2185 1875 2236 in
1914 2184 2030 2237 the-

446 2287 655 2338 sauros,
688 2273 742 2327 in
772 2274 1012 2329 domibus
1049 2291 1229 2330 eorum
1261 2276 1448 2344 rapina
1472 2291 1676 2330 eorum.

516 2533 805 2590 XXXVIII.
843 2534 1130 2606 Postquam
1161 2551 1254 2593 eos
1281 2551 1310 2592 a
1342 2537 1643 2594 maledictis
1674 2537 1724 2592 in
1758 2551 1836 2602 se,
1873 2545 2034 2607 prout

448 2626 666 2692 dignum
699 2635 846 2693 erat,
876 2633 1137 2698 coercuit,
1171 2629 1588 2701 defensioneque
1617 2631 1936 2700 congruenti
1976 2630 2029 2684 in

449 2721 782 2774 contrarium
851 2720 1035 2789 ﬂexit,
1102 2737 1226 2778 reos
1287 2724 1356 2777 ad
1424 2725 1800 2794 paenitentiam
1850 2732 2030 2792 vocat,

448 2821 710 2867 consueta
759 2813 866 2868 illis
917 2814 1177 2870 beneﬁcia
1225 2817 1632 2885 promptissime
1692 2816 2032 2872 redditurum

453 2903 732 2970 pollicens.
780 2903 934 2960 Sicut
963 2908 1106 2961 enim
1142 2909 1306 2964 vitam
1339 2909 1660 2981 ﬂagitiosum
1693 2909 2034 2981 exigentibus

454 3011 552 3065 pro
599 2997 917 3053 delictorum
968 3001 1173 3055 ratione
1218 3003 1537 3071 supplicium
1601 3004 1856 3072 importat
1895 3020 1908 3057 :
1959 3003 2034 3057 ita

451 3087 622 3161 858
641 3105 803 3160 super
831 3090 897 3146 iis
920 3091 1010 3161 qui
1037 3092 1183 3147 velut
1217 3102 1359 3148 retro
1385 3096 1573 3164 pedem
1601 3095 1840 3150 referunt
1863 3109 1890 3148 a
1914 3109 2036 3165 pec-

454 3191 596 3246 cato,
619 3190 674 3236 et
705 3181 756 3235 in
784 3191 1059 3253 posterum
1091 3199 1305 3254 quoque
1331 3185 1400 3239 ab
1421 3201 1482 3241 ea
1511 3201 1568 3242 re
1589 3188 1908 3251 abhorrent,
1943 3186 2034 3240 la:-

458 3283 602 3327 tatur
631 3288 819 3330 revera
852 3274 1072 3346 ubique,
1094 3284 1146 3331 et
1169 3277 1599 3347 desperationem
1630 3279 1781 3334 exitii
1813 3293 2035 3334 causam

459 3367 721 3434 praecidit.
754 3367 908 3424 Unde
929 3370 1213 3426 advertere
1246 3372 1425 3442 possis
1447 3387 1609 3443 quam
1638 3371 1858 3426 noxium
1890 3387 2039 3426 mor-

460 3457 584 3510 bum
608 3456 660 3511 in
687 3459 850 3513 vitam
873 3458 1150 3526 invehant,
1169 3462 1260 3531 qui
1283 3461 1615 3531 paenitentiae
1637 3463 1864 3534 gratiam
1888 3461 2041 3517 adul-

461 3559 661 3617 terant,
692 3560 746 3606 et
777 3553 1014 3622 sibiipsis
1067 3567 1197 3609 vere
1223 3553 1475 3624 puritatis
1508 3567 1704 3608 nomen
1736 3554 2038 3610 ascribunt.

459 3641 760 3699 Praestabat
786 3655 934 3698 certe
959 3644 1200 3713 cogitare
1227 3644 1534 3712 opinionem
1565 3642 1631 3697 de
1658 3659 1752 3698 sua
1783 3644 2042 3715 puritate,

459 3753 565 3805 qua
592 3746 1066 3804 carent,extrema3
1094 3738 1426 3809 impuritatis
1455 3737 1660 3792 crimen
1693 3737 1797 3792 illis
1825 3752 2040 3807 parere.

462 3831 734 3899 Scriptum
783 3839 867 3885 est
911 3830 1054 3884 enim
1093 3847 1106 3884 :
1151 3847 1170 3881 ι
1219 3829 1314 3884 Die
1366 3837 1420 3883 tu
1479 3828 1685 3898 primus
1733 3829 2046 3899 iniquitates

464 3933 606 3986 tuas,
652 3931 711 3977 ut
742 3921 1058 3992 justiﬁeeris
1080 3922 1148 3977 ⁸ο.
1183 3940 1202 3974 ι
1258 3922 1442 3978 Psallit
1488 3932 1542 3978 et
1573 3923 1788 3978 divinus
1826 3921 1992 3977 David
2025 3938 2042 3977 :

466 4035 486 4066 ι
518 4013 780 4082 Quoniam
810 4014 1148 4084 iniquitatem
1175 4029 1348 4070 meam
1381 4031 1480 4087 ego
1515 4030 1807 4087 cognosco,
1834 4023 1888 4070 et
1922 4029 2047 4084 pec-

463 4114 642 4160 catum
673 4121 849 4162 meum
881 4116 1072 4162 contra
1101 4121 1187 4160 me
1211 4116 1294 4162 est
1324 4122 1538 4176 semper
1558 4107 1625 4160 δι.
1661 4126 1680 4160 ι
1719 4135 1790 4147 —-
1826 4124 1844 4157 ι
1878 4103 2047 4160 Nemo

462 4200 606 4253 enim
654 4200 888 4254 mundus
926 4209 1008 4256 est
1052 4213 1084 4254 a
1137 4201 1328 4265 sorde,
1387 4219 1405 4252 ι
1451 4209 1510 4254 ut
1559 4198 1818 4267 scriptum
1873 4206 1955 4251 est
1975 4197 2044 4273 δ’,

462 4294 644 4360 Quare
695 4292 999 4362 huiusmodi
1045 4293 1416 4349 imbecillitate
1453 4291 1670 4362 aegrotis
1718 4291 2050 4361 poenitentia:

463 4383 620 4440 bonis
647 4391 703 4439 et
735 4400 966 4456 superna
1015 4385 1427 4440 mansuetudine
1463 4399 1598 4454 opus
1632 4392 1736 4450 est,
1765 4397 1885 4451 qua:
1919 4399 2051 4440 con-

2127 519 2432 592 προφήτας.
2459 518 2570 571 Καὶ
2603 517 2762 586 ὑμεῖς
2805 511 3133 585 πληρώσατε
3162 510 3221 562 τὸ
3249 508 3446 580 μέτρον
3469 506 3578 561 τῶν
3610 523 3719 559 πα-

2126 611 2299 683 τέρων
2325 609 2498 680 ὑμῶν.
2544 628 2562 659 ι
2601 605 2811 661 Οὐκοῦν
2846 607 3141 675 ἀναγκαῖον
3171 603 3344 674 ἡμᾶς,
3372 601 3530 670 εἴπερ
3554 598 3724 670 ἐσμὲν

2125 701 2343 773 ἀληθῶς
2377 701 2702 774 ἀρτίφρονες
2725 701 2818 752 καὶ
2841 701 2898 751 ἐν
2941 699 3017 770 νῷ
3049 697 3366 767 καθήκοντι,
3415 692 3610 763 ζηλοῦν
3637 692 3725 745 ὅτι

2131 793 2372 863 μάλιστα
2424 793 2552 856 τοὺς
2614 791 2722 846 τῶν
2758 792 3040 862 προγόνων
3102 788 3530 859 δοκιμωτάτους,
3583 786 3723 838 ἀπο⁴

2131 885 2451 939 σείεσθαιδέ
2478 886 2584 939 τῶν
2615 885 2690 957 μὴ
2739 884 2960 952 ἀγαθῶν
3004 882 3101 954 τὴν
3153 881 3406 953 μίμησιν.
3464 879 3530 932 Ἥ
3561 879 3611 931 εί
3645 877 3726 948 μὴ

2126 977 2282 1031 τοῦτο
2343 977 2475 1049 δρᾷν
2527 977 2700 1030 ἕλοιτο
2750 995 2855 1041 τις,
2897 974 3082 1029 ἓποιτό
3136 991 3198 1042 γε
3252 974 3356 1044 μὴν
3397 972 3582 1035 ἁπλῶς
3629 971 3727 1024 καὶ

2127 1070 2506 1135 ἀϐασανίστως
2541 1074 2652 1134 τοῖς
2678 1073 2734 1124 ἐν
2765 1070 2940 1140 χρόνῳ
2995 1067 3404 1139 προειληφόσιν,
3454 1064 3606 1117 ἔσται
3656 1063 3726 1134 δὴ

2127 1163 2344 1226 πάντως
2375 1161 2711 1233 προσεοικὼς
2739 1162 2850 1214 τῶν
2883 1159 3153 1232 Ἑλλήνων
3184 1158 3392 1218 παισὶν,
3437 1155 3531 1219 οὒς
3559 1154 3726 1225 εἴπερ

2126 1272 2211 1318 τις
2237 1255 2707 1326 καταμωμὴσαιτο
2760 1254 2862 1316 ὅτι,
2902 1251 3159 1324 μεθέντες
3186 1250 3286 1319 τῆς
3320 1247 3576 1318 ἀληθείας
3623 1244 3729 1317 τὴν

2128 1347 2329 1414 γνῶσιν
2352 1350 2444 1399 καὶ
2469 1346 2562 1399 τὸν
2615 1345 2776 1413 φύσει
2802 1344 2936 1397 Θεὸν
2984 1341 3454 1403 καταλελοιπότες,
3484 1355 3730 1409 προσκυ-

2128 1437 2279 1490 νοῦσι
2333 1435 2557 1501 λίθοις,
2590 1436 2690 1508 τὴν
2740 1435 2850 1488 τῶν
2915 1433 3059 1488 ἰδίων
3109 1433 3361 1505 πατέρων
3415 1430 3728 1499 dating/0'36:

2131 1529 2438 1600 συνήθειαν.

2211 1621 2646 1689 Ἐπιστρέψατε
2693 1622 2845 1689 πρός
2896 1637 2996 1690 με,
3049 1620 3146 1673 καὶ
3195 1615 3726 1687 ὲπιστραφήσομαι

2130 1714 2280 1784 πρὸς
2317 1713 2493 1784 ὑμᾶς,
2542 1714 2704 1783 λέγει
2755 1715 2970 1781 Κύριος
2999 1697 3592 1780 παντοκράτωρξΚαὶ
3645 1709 3729 1763 εἵ-

2133 1822 2297 1860 πατε·
2348 1807 2446 1860 Ἐν
2471 1806 2588 1859 τίνι
2622 1804 3099 1874 ἑπιστρέψομεν;
3137 1806 3290 1873 Μήτι
3329 1802 3594 1872 πτερνιεῖ
3620 1801 3729 1855 ἄν·

2133 1901 2366 1965 θρωπος
2416 1896 2601 1960 Θεόν;
2664 1897 2820 1949 Διότι
2871 1895 3042 1964 ὑμεῖς
3090 1891 3424 1962 πτερνίζετέ
3459 1911 3554 1962 με.
3615 1891 3727 1945 Καὶ

2132 1988 2334 2053 ἐρεῖτε·
2380 1988 2477 2041 Ἑν
2531 1989 2650 2042 τίνι
2687 1986 3135 2056 ἐπτερνίσαμέν
3189 2003 3299 2051 σε;
3345 1985 3471 2038 Ὀτι
3500 1985 3573 2038 τὰ
3599 1984 3732 2036 ἑπι-

2133 2081 2353 2134 δέκατα
2379 2079 2479 2134 καὶ
2513 2080 2778 2149 ἀπαρχαὶ
2823 2079 2953 2149 μεθ’
3002 2079 3170 2148 ὑμῶν
3205 2081 3384 2132 εἰσιν.
3425 2077 3536 2131 Καὶ
3582 2078 3733 2130 ἀπο-

2134 2171 2463 2238 ϐλέποντες
2538 2171 2709 2241 ὑμεῖς
2772 2171 3185 2237 ἀποϐλέπετε,
3243 2170 3343 2223 καὶ
3400 2168 3504 2240 ἐμὲ
3559 2166 3733 2236 ὑμεῖς

2133 2261 2486 2331 πτερνίζετε.
2513 2261 2590 2316 Τὸ
2605 2263 2740 2327 ἔτος
2761 2262 3198 2329 συνετελέσθη,
3219 2261 3317 2315 καὶ
3341 2259 3734 2329 εἰσηνέγκατο

2135 2353 2335 2408 πάντα
2366 2355 2438 2408 τὰ
2467 2353 2715 2423 ἐκφόρια
2747 2355 2835 2419 εἰς
2856 2353 2999 2419 τοὺς
3023 2352 3390 2422 θησαυροὺς,
3421 2350 3523 2406 καὶ
3547 2351 3619 2404 ἐν
3652 2349 3734 2415 τῷ

2134 2447 2278 2513 οἴκῳ
2315 2445 2514 2502 αὐτῶν
2543 2447 2580 2514 ἠ
2611 2446 2908 2516 διαρπαγὴ
2937 2446 3155 2500 αὐτῶν.
3675 2439 3682 2443 ’

2206 2541 2336 2594 AH'.
2380 2539 2720 2611 Ἀποστήσας
2755 2535 2813 2594 εὖ
2842 2539 2986 2610 μάλα
3012 2539 3113 2607 τῆς
3143 2537 3266 2592 καθ’
3289 2535 3498 2592 ἑαυτῶν
3511 2536 3732 2606 γλωσσ-

2135 2633 2330 2704 αλγίας
2383 2634 2476 2687 καὶ
2508 2635 2626 2697 ταῖς
2652 2632 3024 2703 καθηκούσαις
3061 2632 3380 2700 ἀπολογίαις
3410 2630 3733 2702 ἐκδυσωπή-

2139 2744 2235 2790 σας
2259 2726 2333 2789 ὡς
2366 2725 2464 2791 ἔνι,
2521 2726 2679 2779 καλεῖ
2699 2725 2837 2798 πρὸς
2889 2726 3228 2796 μετάγνωσιν
3255 2725 3380 2786 τοὺς
3409 2723 3732 2795 ἡμαρτηκό-

2135 2835 2256 2883 τας,
2286 2819 2384 2890 τὴν
2417 2817 2620 2889 συνήθη
2658 2818 2820 2872 πάλιν
2853 2818 3036 2881 αὐτοῖς
3063 2816 3369 2888 χαριεῖσθαι
3401 2815 3598 2883 λέγων,
3637 2813 3736 2870 καὶ

2141 2909 2285 2980 μάλα
2313 2907 2625 2978 προθύμως.
2653 2908 2864 2978 Ὥσπερ
2907 2908 3016 2981 γὰρ
3067 2911 3181 2972 τοῖς
3237 2908 3483 2972 ἐκτόπως
3513 2906 3736 2960 θέλουοί

2141 2998 2290 3070 βιοῦν
2319 2999 2416 3062 τάς
2445 3001 2628 3063 αὐτοῖς
2652 2998 2972 3072 πρεπούσας
3023 2999 3275 3071 ἐπιφέρει
3315 2998 3525 3061 ποινάςο
3558 2996 3736 3061 οὕτως

2139 3094 2330 3148 ἀνόπιν
2357 3093 2546 3166 ὥσπερ
2582 3094 2744 3160 ίοῦσι,
2799 3095 2894 3149 καὶ
2937 3092 3042 3165 μὴν
3086 3090 3547 3164 παραιτουμένοις
3573 3091 3635 3144 τὸ
3655 3090 3737 3142 ἔτι

2139 3190 2499 3262 πλημμελεῖν,
2527 3190 2603 3254 ὡς
2642 3189 2857 3262 ἀληθῶς
2903 3190 3255 3258 ἐπιγὰννυται
3307 3185 3609 3258 πανταχοῦ,
3637 3185 3738 3258 τὴν

2140 3281 2448 3351 ἀπόγνωσιν
2493 3282 2568 3345 ὡς
2615 3279 2838 3352 ὀλέθρου
2887 3278 3145 3354 πρόξενον
3197 3278 3531 3350 ἀποκείρων.
3570 3277 3736 3332 Ὅθεν

2144 3374 2270 3428 ίδεῖν
2296 3372 2440 3428 ἔστιν
2463 3373 2540 3438 ὡς
2561 3373 2709 3428 δεινά
2729 3391 2852 3428 τινα
2871 3373 2948 3444 τῷ
2970 3373 3069 3444 βίῳ
3092 3372 3192 3445 τὴν
3212 3373 3365 3427 νόσον
3395 3370 3736 3442 εἰσφέρουσι,

2142 3467 2190 3520 οἱ
2212 3466 2310 3537 τὴν
2338 3466 2438 3536 τῆς
2464 3466 2755 3538 μετανοίας
2781 3463 3194 3538 κιϐδηλεύοντες
3227 3466 3405 3536 χάριν,
3426 3465 3523 3516 καὶ
3552 3461 3739 3532 σφίσιν

2144 3559 2326 3623 αὐτοῖς
2377 3560 2798 3630 ἐπιφημίζοντες
2834 3559 3048 3628 ἀληθῶς
3091 3559 3150 3612 τὸ
3205 3558 3304 3626 τῆς
3363 3556 3740 3628 καθαρότητος

2143 3649 2535 3722 ὅνομα.ῐ(αίτοι
2561 3651 2679 3716 πῶς
2705 3651 2805 3704 οὐκ
2830 3653 3052 3721 ἄμεινον
3078 3651 3298 3714 ἐννοεῖν,
3326 3650 3408 3701 ὅτι
3437 3649 3500 3702 τὸ
3528 3645 3741 3701 οἴεσθαι

2145 3758 2204 3794 τε
2226 3743 2321 3795 καὶ
2343 3743 2542 3814 χρῆναι
2569 3743 2844 3814 καθαροὺς
2867 3741 3210 3812 ἀκαθαρσίας
3241 3741 3425 3804 αὐτοῖς
3455 3744 3556 3812 τῆς
3579 3739 3741 3810 ἐσχά-

2147 3835 2244 3905 τῆς
2280 3835 2559 3906 ἐπίκλημα
2601 3835 2756 3906 φέρει
2791 3835 2889 3906 (1);
2921 3835 3236 3905 Γέγραπται
3261 3833 3391 3905 γὰρ,
3421 3834 3504 3887 ὅτι
3536 3852 3555 3884 s
3599 3832 3737 3901 Λέγε

2150 3927 2214 3980 σὺ
2240 3926 2338 3990 τάς
2360 3927 2589 3998 ἀνομίας
2612 3945 2704 3980 σου
2730 3927 2969 3998 πρῶτος,
3009 3926 3096 3978 ἵνα
3118 3925 3437 3997 δικαιωθῇς.
3482 3945 3501 3979 s
3532 3926 3740 3980 Ψάλλει

2147 4018 2203 4071 δέ
2237 4037 2339 4071 που
2368 4019 2462 4072 καὶ
2485 4021 2512 4071 ὁ
2541 4021 2682 4084 θεῖος
2701 4022 2832 4091 ἡμῖν
2855 4019 3040 4084 Δαὸὶδ,
3068 4020 3150 4072 ὅτι
3183 4038 3201 4071 ‹
3229 4020 3341 4090 Τὴν
3379 4019 3614 4090 ἀνομίαν
3639 4036 3738 4088 μου

2149 4105 2259 4174 ἐγὼ
2289 4106 2566 4174 γινώσκω,
2589 4109 2682 4160 καὶ
2709 4111 2742 4177 ἠ
2776 4109 3018 4180 ἁμαρτία
3052 4126 3153 4179 μου
3207 4107 3436 4161 ἐνώπιόν
3487 4108 3594 4179 μού
3623 4111 3738 4161 ἐστι

2148 4196 2463 4260 διαπαντός.
2501 4215 2519 4248 ι
2548 4227 2617 4238 -
2652 4217 2670 4247 ‹
2702 4196 2958 4269 Καθαρὸς
2995 4197 3105 4268 γὰρ
3137 4197 3312 4260 οὐδεὶς
3342 4197 3447 4249 ἀπὸ
3485 4196 3668 4265 ῥύπου
3689 4214 3733 4257 ,s

2148 4289 2291 4344 κατά
2327 4289 2387 4343 τὸ
2411 4291 2822 4362 γεγραμμένον.
2849 4293 2940 4344 Δεῖ
2975 4292 3038 4362 δὴ
3079 4287 3172 4346 οὖν
3208 4294 3318 4353 τοῖς
3355 4288 3527 4351 οὕτως
3553 4289 3740 4360 ἠρρωο

2153 4384 2377 4450 στηκόσι
2411 4384 2471 4437 τὸ
2503 4383 2695 4438 ἄναλκι
2720 4384 2828 4439 τῶν
2857 4387 2921 4439 ἐκ
2954 4385 3240 4456 μετανοίας
3272 4382 3489 4452 ἀγαθῶν
3520 4383 3618 4436 καὶ
3639 4383 3742 4452 τῆς

467 4477 782 4532 taminatum
826 4479 1062 4550 perfecte
1093 4477 1307 4539 abluat,
1361 4476 1689 4545 impiumque
1722 4476 2037 4535 sanctificet.

2154 4476 2358 4548 ἀνωθεν
2378 4477 2736 4547 ἡμερότητος,
2769 4475 3157 4546 διανιπτούσης
3189 4471 3246 4530 εὖ
3279 4476 3421 4548 μάλα
3442 4474 3534 4528 τὸν
3571 4491 3743 4544 μεμο-

467 4569 544 4622 Ex
582 4569 917 4636 benignitate
967 4569 1130 4637 igitur
1184 4576 1496 4635 peccatores
1542 4566 1608 4619 ad
1667 4566 2044 4634 paenitentimu

466 4659 678 4714 invitat.
725 4658 1194 4728 Interrogantibus
1225 4664 1402 4708 autem
1452 4654 1711 4721 vicissim,
1747 4665 1801 4710 et
1833 4654 2046 4712 discere

463 4751 804 4822 cupientibus
828 4763 1062 4820 quonam
1093 4747 1253 4801 modo
1283 4745 1634 4817 deliquissent
1659 4765 1672 4805 :
1701 4765 1722 4800 ι
1755 4746 1892 4803 Num
1923 4764 2044 4817 sup-

467 4846 734 4914 plantabit
765 4847 930 4901 homo
960 4843 1148 4906 Deum,
1186 4842 1377 4911 inquit,
1405 4843 1527 4914 quia
1559 4857 1653 4898 vos
1679 4843 2040 4914 supplantatis

538 5027 656 5059 ’Μ’
686 5025 874 5080 Matth.
903 5039 1058 5090 xxnt,
1086 5022 1178 5089 29,
1204 5022 1293 5077 52.
1371 5024 1416 5055 ⁸⁰
1442 5023 1546 5079 Isa.
1586 5038 1742 5087 xutt,
1770 5021 1862 5076 26.

542 5223 616 5293 (I)
657 5222 714 5276 S.
735 5217 919 5293 Cyrilli
954 5218 1208 5293 praeclare
1231 5227 1417 5293 contra
1443 5219 1710 5293 Catharos
1733 5218 2050 5293 disserentis

469 5289 665 5346 omnin.
694 5293 746 5345 in
777 5289 1005 5344 Malach.
1052 5307 1104 5342 n.
1139 5290 1229 5356 38,
1267 5291 1423 5344 verba
1457 5301 1513 5343 ιιι
1556 5291 1698 5345 clara
1736 5291 1845 5344 sint
1891 5300 2053 5358 atque

473 5365 634 5414 etiam
668 5376 821 5423 sana,
855 5360 920 5411 ad
958 5360 1102 5414 hunc
1160 5358 1269 5416 fere
1311 5362 1525 5415 modum
1570 5362 1969 5416 constituantur
1998 5368 2054 5415 et

477 5433 757 5502 legantur:
792 5429 955 5484 Ὅθεν
988 5432 1113 5486 ἰδεῖν
1155 5433 1319 5496 ἔστιν,
1349 5431 1424 5502 ὡς
1457 5431 1635 5501 δεινήν
1681 5449 1802 5486 τινα
1831 5431 1910 5502 τῷ
1953 5431 2052 5502 βίῳ

472 5501 572 5574 τὴν
618 5500 773 5554 νόσον
800 5502 1126 5574 ,εἰσφέρουσι
1160 5506 1206 5557 oi
1251 5502 1347 5573 τὴν
1379 5501 1479 5570 τῆς
1528 5500 1814 5574 μετανοίας
1861 5500 2054 5574 κιϐδηέ-

472 5571 718 5644 λεύοντες
745 5573 925 5644 χάριν,
957 5571 1050 5629 καὶ
1083 5575 1262 5641 σφίσιν
1290 5571 1470 5635 αὐτοῖς
1500 5571 1922 5644 ἐπιφημίζοντες
1954 5573 2055 5644 οὐκ

474 5642 689 5714 ἀληθῶς
714 5642 774 5696 τδ
802 5642 904 5714 τῆς
934 5646 1302 5714 καθαρότητος
1327 5647 1501 5714 ὄνομα
1521 5660 1534 5673 ·
1563 5642 1664 5698 καί
1695 5662 1776 5697 τοι
1807 5643 1922 5705 πῶς
1953 5643 2054 5696 οὐκ

475 5713 694 5784 ἄμεινον
727 5713 923 5770 ἐννοεῖν
948 5719 1028 5772 ὅτι
1064 5713 1122 5770 τὸ
1150 5717 1354 5770 οἴεσθαί
1383 5713 1441 5768 τε
1478 5714 1569 5769 καὶ
1609 5714 2052 5785 χρηματισθῆναι

480 5785 767 5855 καθιερῡῦς,
799 5789 1136 5858 ἀκαθαρσίας
1175 5789 1354 5851 αὐτοῖς
1389 5787 1482 5852 τῆς
1508 5784 1740 5855 ἐσχάτης
1776 5784 2052 5854 ἐπίκλημα

1941 5024 1986 5055 ⁸¹
2017 5023 2154 5081 Psal.
2179 5041 2229 5094 ι,
2272 5026 2326 5080 5.

2153 4569 2438 4640 Αυσμένον,
2460 4570 2554 4624 καὶ
2579 4569 2894 4643 δικαιούσης
2919 4571 3009 4624 τὸν
3038 4571 3231 4641 ἀσεϐῆ.
3262 4570 3434 4624 Καλεῖ
3449 4568 3741 4638 τοιγαροῦν

2151 4662 2231 4725 εἰς
2267 4660 2606 4732 μετάγνωσιν
2640 4660 2700 4727 ἐξ
2755 4662 3093 4734 ἡμερότητος
3154 4663 3281 4727 τοὺς
3322 4660 3738 4732 ἡμαρτηκότας.

2161 4751 2472 4822 Ἐρομένοις
2496 4751 2552 4805 δὲ
2604 4747 2669 4806 αὖ
2711 4752 2804 4806 καὶ
2830 4753 3127 4823 ἀναμαθεῖν
3160 4752 3401 4805 ἐθέλουσι
3429 4753 3527 4820 τῆς
3559 4751 3743 4820 πλημ-

2153 4843 2374 4914 μελείας
2397 4846 2490 4899 τὸν
2511 4845 2736 4917 τρόπον,
2766 4863 2786 4897 ι
2849 4846 2912 4898 Εἰ
2942 4847 3203 4918 πτερνιεῖ,
3241 4846 3426 4915 φησὶν,
3452 4843 3743 4914 ἄνθρωπος

2405 5026 2450 5058 ⁸²
2483 5023 2584 5082 Job
2641 5042 2715 5091 tv,
2749 5025 2801 5079 4.

2161 5222 2346 5294 φέρεις
2377 5222 2491 5276 Hoc
2529 5232 2611 5278 est
2639 5240 2652 5276 :
2683 5219 2832 5294 Unde
2861 5238 3070 5276 cernere
3096 5232 3168 5276 est
3201 5221 3318 5275 illos
3348 5237 3554 5294 grauem
3595 5236 3740 5294 rnor-

2160 5291 2280 5346 buin
2308 5296 2364 5348 in
2393 5295 2554 5346 vitam
2600 5293 2838 5346 invehere
2864 5294 2953 5361 qui
2983 5294 3297 5357 rmnitentiw
3325 5292 3554 5360 gratiam
3587 5291 3744 5344 adul-

2159 5373 2350 5426 teram,
2380 5373 2427 5417 et
2461 5365 2689 5430 sibiipsis
2756 5362 2892 5429 [also
2928 5364 3174 5431 puritatis
3207 5379 3389 5417 nomen
3421 5361 3742 5414 ascribunt:

2157 5451 2455 5504 quanquam
2486 5450 2586 5504 quo
2621 5434 2775 5486 modo
2809 5450 2910 5487 non
2939 5446 3048 5487 erat
3091 5434 3277 5486 melius
3330 5433 3564 5504 cogitare
3602 5431 3742 5500 quod

2155 5503 2340 5574 putare
2372 5521 2424 5557 se
2455 5503 2505 5557 et
2538 5520 2719 5558 rocare
2746 5521 2923 5570 puros,
2949 5506 3145 5557 crimen
3175 5505 3278 5555 illis
3309 5503 3466 5569 infert
3494 5513 3739 5574 mtrem}!

2155 5569 2519 5631 inmuritatis?
2564 5569 2778 5639 Δεινὴν
2817 5576 2967 5639 posui
3000 5592 3090 5636 pro
3131 5574 3305 5634 δεινὰ,
3339 5575 3452 5626 οὐκ
3503 5569 3740 5638 ἀληθῶς

2154 5662 2246 5712 pro
2276 5645 2511 5708 ἀληθῶς,
2543 5656 2589 5700 et
2621 5644 3096 5716 χρηματισρῆναι
3123 5662 3218 5710 pro
3249 5644 3464 5716 χρῆναι.
3495 5643 3740 5699 Cossae-

2153 5731 2295 5786 ltms,
2329 5716 2560 5770 Monum.
2598 5716 2737 5770 Eccl.
2766 5716 2853 5771 Gr.
2888 5715 2969 5781 11,
2999 5715 3117 5771 (567.
