3934 6318
149 305 263 364 385

1026 309 1573 371 COMMENTARIUS
1614 315 1679 372 IN
1720 315 2125 375 MALACHIAM
2168 316 2611 374 PliOPllETAM.

3358 318 3463 374 846

152 423 317 490 Θεὸν,
340 425 477 479 διότι
512 426 673 498 ὑμεῖς
713 426 1027 500 πτερνίζετέ
1064 447 1170 500 με;
1208 451 1225 483 ι
1256 431 1329 486 Τὸ
1352 434 1408 487 δὲ
1430 434 1759 505 πτερνίζειν

1869 440 2024 495 mei:
2051 438 2410 509 Supplantare
2432 446 2517 492 est
2538 435 2801 504 diripere,
2828 444 2920 488 aut
2944 436 3217 504 decipere,
3240 442 3291 488 et
3318 434 3462 487 arbi-

157 514 281 570 ἆστὶ
309 520 370 571 τὸ
400 518 852 591 συναρπάζειν,ἢ
883 522 1215 588 φενακίζειν,
1250 523 1459 579 οἴεσθαί
1492 542 1551 579 τε
1575 525 1758 580 λαθεῖν

148 608 529 678 ψευδομένους
562 610 745 679 τυχὸν,
782 610 812 680 ἢ
838 610 929 663 καί
959 629 1009 665 τι
1047 614 1290 685 δρῶντάς
1312 634 1434 671 τινα
1464 617 1573 671 τῶν
1602 620 1757 672 ὲκτο-

152 700 449 755 ττωτάτων.
475 702 587 755 Καὶ
621 703 751 771 γοῦν
773 702 1010 758 ὲνεκότει
1045 707 1142 776 μὲν
1176 710 1203 761 ό
1232 708 1401 761 Ἡσαῦ
1430 709 1506 779 τῷ
1541 709 1755 773 Ἰακὼϐ,

153 791 257 844 τοῦ
289 791 351 844 δὲ
389 792 606 861 φθονεῖν
653 796 751 867 τὴν
776 798 1048 867 πρόφασιν
1098 799 1463 871 ἐξηγούμενος
1497 800 1754 869 ἔφασκεν

166 903 187 935 ι
242 886 563 955 Ἐπτέρνισε
592 888 700 959 γάρ
724 907 789 960 με
830 890 928 962 ἤδη
951 892 1204 963 δεύτερον
1233 890 1411 956 τοῦτο,
1437 893 1505 946 τά
1530 909 1585 944 τε
1612 910 1751 963 πρυ.

159 974 392 1029 τοτόκιά
419 995 519 1047 μου
552 977 763 1050 εἴληφε,
793 983 885 1033 καὶ
914 981 1009 1035 νῦν
1039 983 1228 1052 εἴληφε
1258 983 1350 1036 καὶ
1385 984 1485 1055 τὴν
1506 984 1758 1053 εὐλογίαν

162 1082 294 1134 μου.
332 1084 350 1115 ι
404 1061 532 1138 Ἆρ’
561 1063 654 1121 οὖν
704 1071 1007 1140 περιέσται,
1050 1072 1202 1141 φησὶ,
1259 1073 1544 1145 ἄνθρωπος
1585 1074 1756 1142 Θεοῦ,

160 1158 338 1227 ἡγουν
370 1161 707 1229 συναρπάσει
730 1163 819 1215 τὸν
842 1162 1019 1217 πάντα
1050 1166 1261 1228 εἱδότα;
1304 1166 1369 1218 Τί
1404 1165 1581 1220 τοίνυν
1600 1168 1759 1237 ὑμεῖς

160 1250 263 1319 ἐμὲ
288 1253 608 1321 πτερνίζετε
631 1271 643 1318 ;
667 1254 877 1325 Χρῆναι
908 1256 962 1309 δὲ
988 1257 1355 1327 ὑπολαμϐάνω
1390 1258 1525 1328 πρὸς
1553 1259 1756 1329 ἀκριϐῆ

160 1341 499 1413 διασάφησιν
533 1344 641 1397 τῶν
670 1347 1043 1417 προκειμένων
1077 1350 1207 1416 ἡμῖν
1240 1348 1454 1401 ἐννοιῶν
1490 1349 1621 1402 ἄττα
1664 1351 1759 1402 καὶ

160 1432 258 1485 νῦν
282 1436 485 1501 εἱπεῖν,
520 1436 555 1491 ἃ
590 1438 683 1490 καὶ
718 1440 775 1491 ἐν
804 1442 915 1502 τοῖς
957 1438 1050 1492 τοῦ
1085 1440 1290 1509 Ἐσδρα
1319 1442 1631 1511 γέγραπται
1665 1443 1743 1495 Βι-

162 1526 358 1591 ϐλίοις.
399 1529 619 1599 Ἐπειδὴ
655 1531 761 1601 γὰρ
783 1533 1053 1602 ἐπανῆκον
1098 1534 1175 1596 είς
1225 1534 1323 1603 τὴν
1374 1534 1629 1588 Ἰουδαίαν
1659 1534 1757 1605 τὴν

161 1619 531 1673 Βαϐυλωνίων
579 1623 805 1690 ἀφέντες
839 1624 944 1692 γῆν
995 1627 1041 1678 οἱ
1086 1626 1144 1692 ἐξ
1193 1626 1584 1697 Ἰερουσαλὴμ,
1618 1645 1753 1681 κατ-

161 1712 421 1780 ῳκήκασι
452 1712 550 1783 μὲν
576 1715 632 1766 ὲν
659 1717 769 1777 τοῖς
794 1715 1210 1786 Ἱεροσολύμοις.
1230 1717 1555 1789 Ἐγήγερται
1580 1718 1634 1770 δὲ
1666 1719 1757 1771 καὶ

162 1802 190 1852 ὁ
226 1803 375 1865 θεῖος
406 1805 557 1869 ναὸς,
590 1807 684 1859 καὶ
711 1804 777 1877 ἦν
805 1812 861 1861 ὲν
891 1812 1082 1881 κόσμῳ
1112 1809 1297 1863 λοιπὸν
1319 1811 1386 1864 τά
1420 1810 1528 1863 τῶν
1566 1811 1758 1880 ἱερέων

162 1896 448 1965 τάγματα,
481 1898 625 1967 ᾠδοί,
664 1901 757 1952 καὶ
793 1901 1128 1973 ἱεροψάλται,
1161 1903 1253 1956 καὶ
1282 1903 1329 1955 οἱ
1376 1906 1489 1966 τοῖς
1518 1904 1758 1957 πυλῶσιν

162 1988 559 2059 ἐφεστηκότες.
592 1987 724 2044 Εἶτα
753 1992 805 2045 τί
830 1994 888 2046 τὸ
917 1993 1052 2064 μετά
1081 1993 1270 2060 τοῦτο;
1310 1994 1573 2066 Ῥᾁθυμοι
1598 1997 1759 2065 γεγό-

164 2098 321 2133 νασιν
356 2084 407 2134 οἱ
438 2083 837 2155 λελυτρωμένοι
860 2084 986 2156 περί
1022 2102 1086 2153 γε
1112 2086 1171 2139 τὸ
1211 2086 1322 2139 δεῖν
1344 2086 1451 2139 τῶν
1484 2086 1644 2140 θείων
1665 2088 1760 2141 ἀν·

163 2172 425 2243 τέχεσθαι
449 2173 857 2244 θεσπισμάτων,
884 2176 957 2229 Οὐ
976 2176 1087 2248 γὰρ
1107 2179 1443 2249 τετηρήκασι
1464 2177 1555 2230 τὸν
1572 2178 1757 2248 νόμον,

164 2263 480 2333 λελόγισται
509 2267 565 2320 δὲ
595 2270 728 2339 παρ’
760 2269 912 2323 οὐδὲν
940 2272 1123 2335 αὐτοῖς
1149 2272 1247 2342 τῆς
1275 2272 1512 2343 ἀρχαίας
1539 2272 1761 2342 ἐντολῆς

165 2357 199 2425 η
233 2356 573 2426 παράϐασις,
600 2359 695 2412 καὶ
730 2361 1097 2432 παρεκόμιζον
1122 2362 1221 2432 μὲν
1241 2364 1318 2426 εἱς
1357 2362 1548 2417 θυσίαν
1605 2364 1761 2431 μόλις

168 2448 260 2497 καὶ
283 2445 539 2519 ὀκνηρῶς
570 2448 640 2502 τὰ
668 2448 864 2519 τυφλὰ,
896 2440 990 2505 καὶ
1037 2453 1375 2524 ἁρπάγματα
1401 2493 1415 2517 ,
1448 2455 1542 2507 καὶ
1590 2455 1759 2525 χωλά,

168 2538 364 2591 καὶτὰ.
413 2540 797 2613 ἐνοχλούμενα.
845 2539 979 2597 Εἶτα
1022 2544 1305 2615 κείραντες
1349 2546 1406 2599 ὲν
1452 2548 1663 2618 ἀγροῖς,
1704 2547 1762 2600 ἔν

168 2629 309 2701 ὥρᾳ,
339 2632 439 2685 τὸν
467 2632 708 2705 ἄσταχυν
743 2636 837 2689 καὶ
881 2637 989 2708 μὴν
1044 2640 1137 2691 καὶ
1161 2637 1229 2691 τά
1263 2637 1429 2709 ἔτερα
1454 2638 1564 2692 τῶν
1592 2656 1761 2711 σπερ-

174 2724 384 2792 μάτων,
410 2726 830 2797 ἀποτρυγῶντες
854 2729 911 2783 δὲ
941 2729 1035 2782 καὶ
1060 2729 1360 2799 ἀμπέλους,
1386 2730 1481 2784 καὶ
1508 2731 1635 2794 τοὺς
1663 2732 1763 2802 τῆς

170 2816 360 2881 ἐλαίας
394 2820 642 2888 καρποὺς
675 2820 1038 2886 ὲκθλίϐοντες,
1068 2823 1128 2876 οὐ
1162 2824 1395 2886 δεκάτας
1445 2824 1724 2893 προσῆγον
1745 2864 1760 2890 ,

170 2908 228 2960 οὐ
269 2908 373 2972 τὰς
410 2910 551 2963 κατά
598 2912 762 2982 νόμον
802 2914 1089 2985 ἀπαρχὰς,
1139 2914 1227 2969 ἵνα
1267 2914 1458 2985 ἔχοντα
1500 2915 1598 2985 τὴν
1630 2915 1762 2970 αὺτ-

170 2996 406 3067 ἀρκειαν
434 3000 505 3053 τά
530 3000 637 3053 τῶν
674 3003 861 3073 ἱερέων
900 3004 1160 3075 τάγματα
1182 3047 1197 3072 ,
1247 3006 1637 3078 προσιζήσειαν
1663 3006 1762 3078 μὲν

1866 540 1997 585 trart
2015 531 2287 586 fallaciam
2303 544 2461 599 posse
2476 527 2911 599 deceptoslatere
2937 527 3187 590 forsitan,
3209 526 3463 597 quamvis

1863 625 2130 694 quispiam
2163 623 2584 677 insolentissima
2614 622 2862 690 quaedam
2892 620 3248 675 commiserit.
3277 619 3462 686 Itaque

1861 716 2198 771 irascebatur
2226 716 2362 770 Esau
2390 715 2580 777 .lacoh,
2608 724 2662 766 et
2689 714 2903 767 invidia:
2930 712 3274 766 occasionem
3300 726 3461 765 enar-

1863 823 1988 862 raus
2028 809 2279 860 dicebat:
2318 824 2337 857 ‹
2371 804 2745 873 Supplantavit
2793 803 2937 857 enim
2978 817 3063 855 me
3110 801 3280 853 altera
3322 799 3459 853 vice.

1860 898 2222 969 Primogcnita
2256 912 2371 951 mea
2402 908 2527 951 ante
2557 897 2698 958 tulit,
2726 904 2780 948 et
2820 910 2963 948 nunc
2996 896 3260 962 subripuit
3294 896 3459 947 bene-

1860 989 2151 1043 dictionem
2192 985 2454 1042 meam”.
2482 1006 2499 1038 ι
2522 985 2653 1038 Num
2690 986 2853 1054 igitur
2886 986 3046 1038 homo
3079 986 3179 1039 erit
3214 984 3460 1051 superior

1863 1083 1992 1145 Deo,
2022 1080 2217 1149 inquit,
2248 1089 2343 1133 aut
2373 1078 2591 1145 diripiat
2624 1078 2803 1130 omnia
2832 1077 3290 1142 scientem?Qnid
3328 1091 3457 1144 ergo

1859 1190 1957 1229 vos
1989 1190 2073 1227 me
2112 1172 2503 1241 supplantatis?
2536 1170 2801 1224 Existimo
2833 1184 3014 1224 antem
3052 1171 3115 1223 ad
3159 1170 3453 1239 pleniorem

1861 1267 2282 1322 declarationem
2338 1264 2629 1333 propositae
2680 1263 2965 1317 sententia
3016 1261 3260 1329 quredam
3314 1275 3457 1315 nunc

1860 1372 2075 1428 quoque
2108 1355 2374 1409 aderencla
2410 1356 2461 1407 in
2500 1352 2757 1417 medium,
2804 1370 2923 1423 qua;
2951 1354 3002 1406 in
3045 1352 3222 1407 Libris
3273 1351 3457 1405 Esdrzn

1860 1450 2059 1516 scripta
2091 1458 2328 1502 exstant.
2356 1445 2628 1515 Babylone
2661 1447 2710 1497 in
2746 1444 2985 1498 Judaeam
3019 1444 3457 1514 llierosolymitm

1861 1542 2063 1595 reversi
2107 1539 2540 1610 Hierosolymam
2591 1539 2927 1592 habitarunt.
2976 1536 3325 1591 Etliticatnm
3371 1544 3458 1589 est

1861 1632 2101 1686 divinum
2160 1630 2444 1699 templum,
2499 1637 2555 1681 et
2595 1627 2865 1681 florebant
2902 1627 3159 1693 deinceps
3202 1626 3456 1680 sacerdo-

1864 1732 1973 1776 tum
2024 1721 2261 1784 ordines,
2312 1731 2587 1785 cantores,
2641 1719 2825 1787 psalta:
2880 1726 2934 1771 et
2988 1717 3275 1785 janitores.
3316 1716 3455 1782 Quid

1862 1815 2085 1884 postea?
2127 1815 2403 1868 Servitute
2448 1812 2663 1866 liberati
2698 1812 2750 1864 in
2787 1810 2987 1863 divinis
3031 1810 3266 1863 oraculis
3303 1823 3457 1863 exse-

1862 1906 2092 1978 quendis
2135 1907 2336 1960 inertes
2364 1914 2675 1959 evaserunt.
2716 1901 2824 1956 Nec
2862 1903 3004 1957 enim
3050 1902 3220 1970 legem
3265 1916 3456 1955 serva-

1861 1999 2014 2063 bant,
2052 2007 2106 2052 et
2155 2006 2314 2051 vetus
2355 1995 2672 2050 mandatum
2712 2010 2809 2064 per
2858 1994 3042 2047 ludum
3092 1992 3457 2063 transgredie-

1862 2092 2081 2155 bantur,
2104 2100 2152 2144 et
2182 2090 2247 2143 ad
2281 2088 2610 2144 sacrificium
2642 2102 2785 2154 πετο
2831 2094 3256 2153 cunctanterque
3289 2099 3456 2148 cmca,

1864 2195 2015 2253 rapta
2054 2191 2109 2238 et
2142 2182 2339 2237 debilia
2373 2181 2775 2234 ministrabant.
2810 2178 3035 2241 Deinde,
3064 2191 3161 2230 suo
3193 2186 3455 2244 tempore,

1863 2274 1916 2329 in
1946 2276 2094 2345 agris
2136 2282 2347 2344 segetes
2371 2272 2586 2341 aliaque
2614 2271 2885 2339 legumina
2916 2272 3212 2335 dementes,
3241 2277 3295 2323 et
3327 2283 3458 2323 uvas

1863 2365 2197 2434 colligentes,
2224 2371 2279 2418 et
2305 2363 2483 2418 oleum
2514 2362 2903 2429 exprimentes,
2922 2374 3023 2413 nec
3048 2359 3312 2421 decimas,
3334 2370 3455 2423 nec,

1863 2460 2160 2513 secundum
2198 2456 2392 2526 legem,
2432 2453 2703 2525 primitias
2744 2452 3144 2522 persolvebant,
3186 2449 3357 2521 859
3400 2458 3461 2505 ut

1864 2553 2206 2607 sacerdotum
2238 2550 2455 2603 ordines
2492 2547 2635 2617 quod
2668 2546 2803 2599 satis
2832 2554 2981 2600 esset
3022 2545 3309 2609 haberent,
3338 2541 3456 2597 cul-

1866 2652 2089 2713 tumque
2126 2642 2364 2696 divinum
2393 2639 2528 2694 citra
2561 2636 2908 2693 solitudinem
2938 2635 3460 2702 distractionequ

1862 2734 2234 2799 celebrarent,
2271 2730 2511 2803 atquein
2553 2729 2872 2784 ministeriis
2911 2729 3028 2798 lege
3065 2727 3330 2781 institutis
3364 2740 3458 2780 as-

1863 2829 2021 2882 siduo
2058 2834 2434 2880 versarentur.
2471 2822 2629 2877 Nullo
2663 2823 2830 2893 igitur
2861 2822 3051 2876 horum
3089 2819 3291 2884 oblato,
3325 2815 3461 2871 divi-

1865 2934 2057 2974 norum
2106 2916 2355 2971 altarium
2393 2913 2627 2969 ministri
2670 2913 2809 2968 sacri
2847 2912 3019 2967 delusi
3071 2920 3217 2975 sunt,
3253 2916 3308 2963 et
3354 2922 3456 2978 po-

1864 3010 2021 3081 pulus
2052 3010 2123 3063 ita
2153 3008 2440 3063 destitutus
2484 3004 2717 3071 mansit,
2751 3019 2871 3057 cum
2908 3018 3006 3057 nec
3039 3016 3190 3057 sacra
3227 3013 3461 3070 perage.

171 3091 607 3189 ἀπερισπάστως
634 3098 754 3158 ταῖς
775 3097 855 3159 εἱς
905 3095 1038 3150 Θεὸν
1068 3097 1369 3169 λατρείαις,
1409 3098 1761 3170 προσμένωσι

1870 3112 2079 3167 rentur,
2108 3116 2208 3157 nec
2238 3100 2380 3155 aliud
2415 3098 2692 3169 quidpiam
2729 3096 2797 3151 ad
2830 3097 2923 3151 Dei
2962 3095 3188 3163 gloriam
3232 3102 3459 3164 praesta-

171 3180 229 3233 δὲ
257 3183 384 3244 ταῖς
436 3183 501 3236 ὲκ
536 3185 703 3254 νόμου
754 3184 1120 3256 τεταγμέναις
1166 3189 1348 3251 αὐτοῖς
1375 3187 1762 3260 λειτουργίαις.

172 3273 409 3338 Οὐδενὸς
428 3275 720 3347 τοιγαροῦν
741 3280 1311 3350 προσκεκομισμένου,
1334 3282 1769 3354 κατεσκευάσθη-

178 3380 279 3417 σαν
316 3366 369 3417 οἱ
402 3365 512 3418 τῶν
546 3366 707 3421 θείων
766 3367 1169 3441 θυσιαστηρίων
1221 3373 1519 3445 ἱερουργοὶ,
1562 3373 1767 3445 ἔρημός

175 3474 234 3510 τε
263 3455 443 3521 οὕτως
462 3459 887 3530 ἀπομεμένηκεν
916 3464 945 3515 ὁ
975 3462 1124 3528 λαὸς,
1155 3463 1216 3516 οὐ
1256 3463 1449 3529 θυσίας
1501 3464 1766 3537 τελουμέο

177 3566 296 3619 νης,
331 3549 430 3619 οὐχ
468 3550 655 3620 ἑτέρου
686 3552 829 3616 τινος
863 3553 1140 3625 δρωμένου
1202 3555 1311 3609 τῶν
1354 3558 1433 3620 είς
1489 3556 1647 3622 δόξαν
1677 3574 1767 3610 τε-

178 3640 419 3695 λούντων
444 3641 602 3697 Θεοῦ.
640 3644 1043 3717 Κατεφθείρετο
1092 3646 1156 3718 δὴ
1197 3644 1290 3701 οὖν
1337 3647 1553 3702 ἅπαντα
1583 3647 1768 3703 λοιπὸν

180 3732 249 3786 τὰ
276 3734 334 3787 ἐν
356 3735 570 3806 ἀγροῖς,
602 3736 746 3808 λιμῷ
768 3754 826 3789 τε
851 3739 1263 3804 κατεπιέζοντο,
1296 3740 1392 3795 καὶ¹
1421 3739 1486 3811 δὴ
1537 3741 1631 3793 καὶ
1689 3742 1770 3804 εἱς

182 3824 338 3878 τοῦτο
368 3824 705 3881 κατώλισθον
741 3829 985 3899 ἀνάγκης
1015 3847 1075 3882 τε
1130 3832 1226 3883 καὶ
1284 3830 1539 3902 ἀπορίας,
1573 3830 1649 3894 ὡς
1676 3831 1769 3885 καὶ

185 3916 323 3969 αὖτά
361 3917 648 3987 βούλεσθαι
676 3922 788 3984 τοῖς
820 3920 1003 3991 ἔχουσι
1033 3922 1242 3994 τροφὰς
1274 3922 1680 3993 ἀπεμπωλῆσαι
1702 3920 1771 3975 τά

183 4010 367 4073 τέκνα,
405 4011 601 4081 μέχρις
632 4009 696 4066 ἃν
740 4015 975 4085 Ἔσδρας
1006 4016 1087 4078 εἰς
1140 4014 1393 4085 αἴσθησιν
1433 4014 1771 4085 κεκλημένος

184 4100 277 4169 τῆς
312 4101 465 4166 θείας
491 4104 681 4174 ὀργῆς,
725 4104 1002 4176 ἐπέσκηψε
1038 4106 1167 4178 περὶ
1196 4104 1404 4160 τούτων
1456 4108 1568 4169 τοῖς
1600 4108 1768 4176 ἡγου-

188 4192 367 4259 μένοις
400 4194 494 4247 τοῦ
560 4196 796 4268 Ἰσραήλ.
846 4199 1262 4269 Προσεκόμισάν
1304 4216 1361 4252 τε
1419 4198 1561 4251 οὕτω
1618 4197 1773 4268 μόλις

182 4282 414 4348 δεκάτας
442 4286 537 4339 καὶ¹
572 4288 846 4359 ἀπαρχὰς,
884 4290 975 4342 καὶ
999 4289 1185 4342 λοιπὸν
1208 4289 1530 4360 εἱσέδραμον
1560 4290 1773 4359 ἱερουρ·

184 4378 285 4447 τοὶ,
319 4379 560 4449 ἔστησάν
612 4399 671 4435 τε
720 4382 790 4436 τά
847 4383 1050 4453 συνήθη
1114 4381 1347 4453 δρῶντες
1407 4382 1464 4433 ὲν
1521 4381 1599 4453 τῷ
1633 4380 1768 4451 ναῷ.

1870 3201 2018 3249 retur
2038 3192 2104 3245 ⁸⁸.
2139 3191 2276 3246 llinc
2305 3192 2485 3246 omnia
2520 3190 2572 3244 in
2603 3189 2748 3261 agris
2775 3188 3172 3250 moriebantur,
3196 3194 3251 3239 et
3278 3184 3450 3239 fames

1868 3284 2150 3350 saeviebat;
2181 3282 2307 3352 quin
2330 3297 2395 3337 eo
2426 3280 2772 3336 necessitatis
2821 3290 2878 3333 et
2912 3277 3107 3347 inopia:
3134 3276 3460 3344 redigebau-

1869 3385 1977 3441 tur,
2012 3386 2070 3431 ut
2109 3376 2255 3446 ipsos
2308 3388 2523 3444 quoque
2572 3372 2772 3427 liberos
2819 3372 3076 3426 alimenta
3136 3368 3458 3425 habentibus

1870 3467 2110 3521 vendere
2154 3482 2259 3521 non
2320 3465 2656 3533 refugerent,
2688 3463 2863 3518 donec
2904 3463 3123 3527 Esdras,
3168 3462 3345 3515 divina
3379 3461 3458 3513 ira

1873 3567 2184 3629 perspecta,
2237 3571 2401 3625 super
2448 3556 2531 3610 his
2576 3557 2852 3627 principes
2904 3554 3071 3610 Israel
3130 3552 3458 3620 objurgavit.

1871 3649 2046 3717 Atque
2074 3647 2146 3701 ita
2177 3647 2414 3709 demum,
2445 3658 2752 3713 quanquam
2786 3644 2901 3708 vix,
2933 3642 3159 3697 decima:
3183 3650 3242 3693 et
3271 3637 3461 3707 primi-

1873 3741 1963 3795 tiae
1997 3741 2213 3806 oblatae,
2239 3750 2296 3793 et
2324 3753 2389 3793 ex
2419 3752 2483 3790 eo
2508 3736 2820 3790 sacerdotes
2848 3736 2899 3788 in
2934 3733 3191 3802 templum
3225 3730 3460 3800 regressi

1873 3844 2040 3895 stare,
2068 3842 2122 3887 et
2153 3840 2411 3886 consueta
2445 3846 2669 3885 munera
2698 3828 2851 3883 obire
2879 3836 3161 3894 cmperunt
3183 3823 3251 3878 ⁸⁸.
3286 3823 3464 3891 lnquit

1873 3939 2022 3993 ergo,
2047 3940 2066 3974 ι
2096 3921 2274 3989 Quare
2292 3936 2388 3975 vos
2406 3935 2493 3975 me
2513 3917 2915 3988 supplantatis‘!
2940 3938 2959 3970 ›
2984 3918 3171 3970 Aunus
3202 3931 3460 3972 consum-

1873 4025 2051 4071 matus
2079 4021 2181 4079 est,
2231 4011 2435 4067 fructus
2457 4011 2693 4075 collecti,
2722 4021 2775 4065 et
2806 4008 2946 4077 apud
2985 4023 3081 4062 vos
3113 4008 3290 4061 adhuc
3335 4014 3465 4060 sunt

1872 4109 2097 4164 decima!
2147 4115 2202 4162 et
2230 4106 2481 4177 primitiae
2528 4104 2735 4175 legibus
2780 4103 2996 4157 debitae.
3040 4119 3059 4153 ι
3090 4101 3157 4155 Et
3200 4101 3253 4154 in
3303 4100 3465 4152 domo

1874 4213 2060 4253 eorum
2090 4198 2223 4263 erit,
2272 4196 2482 4266 inquit,
2528 4196 2717 4265 rapina
2768 4208 2992 4257 eorum;
3021 4209 3039 4242 ι
3084 4205 3148 4244 ac
3187 4191 3232 4244 si
3273 4189 3462 4242 dicat:

1872 4290 2263 4362 Comportastis
2312 4288 2528 4359 quidem
2582 4288 2633 4342 in
2673 4288 2863 4342 domos
2896 4295 3105 4341 vestras
3152 4281 3379 4349 fructus,
3409 4293 3465 4336 et

1876 4382 2214 4437 arbitramini
2266 4380 2495 4435 forsitan
2553 4380 2705 4433 vobis
2754 4391 2849 4434 eos
2907 4378 3083 4432 salvos
3132 4385 3188 4431 et
3240 4383 3358 4429 tuto
3410 4373 3464 4427 in

191 4486 206 4516 ι
244 4468 343 4522 Διά
365 4471 643 4536 τίτοίνυν,
680 4474 868 4544 φησὶν,
902 4474 1062 4543 ὑμεῖς
1113 4473 1212 4544 ἐμὲ
1247 4473 1596 4544 πτερνίζετες
1639 4491 1658 4525 ι
1700 4472 1774 4526 Τὸ

1877 4475 2082 4530 aedibus
2117 4474 2386 4544 repositos
2412 4473 2547 4529 fore.
2579 4472 2939 4533 Evanescent,
2964 4480 3018 4523 et
3046 4483 3075 4521 a
3103 4467 3307 4535 rapinis
3332 4462 3466 4519 nihil

184 4561 299 4627 ἔτος
340 4564 719 4636 συνετελέσθη,
758 4565 1106 4636 συνήχθησαν
1134 4566 1183 4618 οἱ
1213 4566 1440 4636 καρποὶ,
1497 4566 1592 4619 καὶ
1640 4566 1772 4637 παρ’

184 4653 311 4723 ὑμῖν
343 4656 424 4708 ἔτι
458 4656 529 4709 τὰ
556 4658 868 4722 ὲπιδέκατα,
892 4658 985 4711 καὶ
1014 4659 1069 4711 αἱ
1105 4657 1243 4712 κατά
1274 4658 1471 4728 νόμους
1500 4656 1768 4728 ἀπαρχαί.

1881 4565 2150 4621 different.
2168 4565 2487 4636 Afiligemini
2511 4566 2655 4621 enim
2681 4563 2846 4629 fame,
2871 4560 3085 4617 tametsi
3110 4561 3325 4613 inventa
3342 4570 3464 4611 cum

1880 4656 2078 4711 sudore
2107 4656 2420 4726 collegistis.

192 4768 208 4799 ι
242 4751 353 4803 Καὶ
383 4751 441 4802 ἐν
472 4748 547 4818 τῶ
587 4749 718 4818 οἴκῳ
747 4750 911 4803 αὑτοῦ
944 4750 1129 4815 ἔσται,
1197 4749 1383 4821 φησὶν,
1422 4751 1453 4820 ἡ
1529 4748 1805 4819 διαρπαγὴ
1878 4744 2065 4798 αὐτοῦ’
2089 4763 2107 4795 ιν
2145 4746 2332 4813 ὅμοιον
2358 4746 2430 4809 ὡς
2459 4746 2507 4798 εί
2562 4744 2730 4813 λέγοι·
2785 4739 3222 4811 Συνεκομὶσασθε
3279 4738 3378 4808 μὲν
3407 4737 3466 4804 ἐξ

188 4842 372 4912 ἀγρῶν
412 4843 469 4895 ἐν
507 4844 619 4904 τοῖς
647 4842 815 4905 οἴκοις
842 4843 968 4905 τοὺς
1022 4844 1285 4912 καρποὺς,
1333 4841 1473 4912 τάχα
1534 4859 1636 4895 που
1670 4840 1763 4893 καὶ
1803 4838 1981 4893 οἴεσθε
2044 4836 2314 4903 σώζεσθαί
2351 4855 2412 4891 τε
2477 4838 2606 4907 ὑμῖν
2642 4838 2839 4897 αὐτοὺς
2862 4837 2956 4891 καὶ
2981 4832 3042 4889 εὖ
3097 4831 3308 4887 κεῖσθαι
3347 4829 3466 4883 λίαν

188 4934 244 4985 ὲν
278 4934 476 4996 αὑταῖς
498 4936 619 4996 ταῖς
642 4934 857 4996 οἰκίαις.
898 4934 1401 5005 Ἀφανισθήσονται,
1467 4934 1560 4986 καὶ
1617 4932 1767 4985 οὐδὲν
1804 4929 2117 5001 διαρπαγῆς
2168 4929 2361 4983 διοίσει
2424 4929 2485 4982 τὸ
2547 4929 2756 5001 χρῆμα.
2804 4924 3325 4995 Καταπιεσθήσεσθε
3357 4923 3467 4996 γὰρ

188 5027 352 5097 λιμῷ,
374 5026 550 5079 καίτοι
582 5023 1017 5093 συνενεγκόντες,
1050 5025 1201 5096 φησὶ,
1235 5026 1291 5078 ὲν
1315 5024 1497 5095 ἱδρῶτι
1528 5022 1679 5095 μόλις
1708 5021 1776 5076 τά
1814 5019 2113 5092 εὑρημένα.

258 5121 536 5192 Εἰσόμεθα
581 5116 674 5174 οὖν
731 5119 1025 5176 κάντεῦθεν
1068 5122 1230 5190 ἡμεῖς
1286 5119 1360 5182 ὡς
1396 5121 1453 5173 ὲν
1513 5120 1777 5191 μεγάλαις

191 5217 390 5278 αἰτίαις
422 5215 664 5267 κείσεται
692 5214 753 5267 τὸ
795 5214 869 5283 μὴ
925 5212 1221 5282 προσάγειν
1268 5210 1385 5282 Θεῷ
1432 5210 1500 5265 τά
1559 5213 1777 5283 εὐχαριο
1807 5272 1831 5292 χ

194 5309 387 5377 στήρια
409 5306 506 5359 καὶ
530 5305 590 5357 ὃν
640 5304 704 5357 ἂν
741 5303 1027 5374 χαρίσαιτο
1050 5301 1147 5372 τὴν
1178 5300 1452 5373 ἀρκοῦσαν
1481 5301 1777 5372 ἀπονέμειν

195 5396 375 5468 χώραν
400 5398 480 5459 εἱς
506 5396 662 5460 δόξαν
696 5393 884 5449 αὐτοῦ.
929 5393 1072 5448 Ἀλλ’
1101 5395 1149 5446 εί
1189 5394 1286 5463 μὲν
1313 5392 1468 5447 τοῦτο
1497 5393 1643 5465 δρῴη
1656 5411 1774 5463 μεν,

200 5486 371 5556 πάντη
423 5505 484 5539 τε
544 5487 636 5540 καὶ
686 5485 904 5549 πάντως
960 5484 1243 5556 εὐλογήσει
1298 5485 1392 5537 καὶ
1446 5484 1777 5554 ἀμφιλαφῶς

201 5578 467 5647 χαριεῖται
504 5575 573 5629 τά
603 5575 804 5647 ἀγαθά.
854 5577 919 5630 Ei
957 5574 1012 5627 δὲ
1039 5575 1102 5643 δὴ
1138 5575 1233 5645 τὴν
1268 5578 1425 5646 χεῖρα
1468 5577 1778 5630 οὐδ’τεὶλαν⁴

266 5751 309 5782 ⁸³
338 5750 476 5810 Gen.
519 5765 689 5819 xxvu,
719 5750 805 5804 36.
886 5751 931 5783 “
960 5750 1000 5805 ll
1031 5751 1185 5807 Esdr.
1218 5767 1334 5818 xm,
1383 5751 1445 5803 l5
1498 5768 1650 5823 seqq.

1959 5115 2238 5171 Discemus
2294 5114 2418 5171 hinc
2458 5114 2622 5169 etiam
2674 5128 2773 5168 nos
2814 5111 2994 5182 magni
3047 5108 3295 5164 criminis
3328 5109 3467 5165 loco

1876 5207 2179 5263 ducendum
2210 5223 2315 5262 non
2348 5205 2546 5262 oderre
2580 5206 2688 5261 Deo
2725 5205 2920 5273 quibus
2957 5200 3340 5271 gratitudinem
3372 5216 3465 5257 no-

1878 5309 2044 5353 stram
2070 5300 2427 5363 ostendimus,
2454 5308 2508 5353 et
2531 5312 2718 5368 agrum
2742 5312 2901 5367 quem
2926 5295 3017 5349 ille
3038 5293 3203 5348 victui
3238 5292 3467 5349 ferendo

1880 5389 2232 5446 sullieientem
2260 5391 2557 5453 donaverit,
2587 5390 2652 5443 ad
2683 5388 2906 5458 gloriam
2940 5387 3030 5441 Dei
3061 5386 3284 5443 referre.
3311 5384 3468 5454 Quod

1881 5484 1926 5537 si
1961 5484 2242 5546 faciamus,
2289 5482 2614 5537 omnimodis
2664 5481 2946 5535 beuedicet
2983 5489 3038 5535 et
3084 5474 3285 5533 affatim
3330 5478 3467 5531 bona

1883 5575 2161 5647 largietur.
2214 5574 2307 5631 Sin
2336 5584 2540 5641 autem,
2577 5591 2795 5631 manum
2833 5574 3238 5638 contrahentes,
3284 5578 3466 5625 nostro

1727 5753 1768 5781 ³³⁸
1805 5751 2020 5810 [If-5dr.
2058 5772 2103 5821 ν,
2148 5754 2164 5807 l
2231 5770 2390 5824 seqq.
