  <div class='ocr_page' id='page_1' title='image "/cluster/home/n/w/nwhite01/storage/ocr_20150623/72/pst.000005712731/199.png"; bbox 0 0 3934 6318; ppageno 0'>
   <div class='ocr_carea' id='block_1_1' title="bbox 481 265 580 321">
    <p class='ocr_par' dir='ltr' id='par_1_1' title="bbox 481 265 580 321">
     <span class='ocr_line' id='line_1_1' title="bbox 481 265 580 321; baseline 0.01 -1"><span class='ocrx_word' id='word_1_1' title='bbox 481 265 580 321; x_wconf 71' lang='grc'><strong>551</strong></span> 
     </span>
    </p>
   </div>
   <div class='ocr_carea' id='block_1_2' title="bbox 1514 267 2775 326">
    <p class='ocr_par' dir='ltr' id='par_1_2' title="bbox 1514 267 2775 326">
     <span class='ocr_line' id='line_1_2' title="bbox 1514 267 2775 326; baseline 0.002 -3"><span class='ocrx_word' id='word_1_2' title='bbox 1514 268 1573 323; x_wconf 82' lang='lat'><strong>5.</strong></span> <span class='ocrx_word' id='word_1_3' title='bbox 1616 267 1894 324; x_wconf 72' lang='lat' dir='ltr'><strong>CYBILLI</strong></span> <span class='ocrx_word' id='word_1_4' title='bbox 1934 267 2410 326; x_wconf 77' lang='lat' dir='ltr'><strong>ALEXANDRINI</strong></span> <span class='ocrx_word' id='word_1_5' title='bbox 2450 271 2775 326; x_wconf 75' lang='lat' dir='ltr'><strong>AllClllEP.</strong></span> 
     </span>
    </p>
   </div>
   <div class='ocr_carea' id='block_1_3' title="bbox 3656 267 3755 323">
    <p class='ocr_par' dir='ltr' id='par_1_3' title="bbox 3656 267 3755 323">
     <span class='ocr_line' id='line_1_3' title="bbox 3656 267 3755 323; baseline -0.061 0"><span class='ocrx_word' id='word_1_6' title='bbox 3656 267 3755 323; x_wconf 55' lang='lat'><strong>&#39;55!</strong></span> 
     </span>
    </p>
   </div>
   <div class='ocr_carea' id='block_1_4' title="bbox 484 382 2094 461">
    <p class='ocr_par' dir='ltr' id='par_1_4' title="bbox 484 382 2067 457">
     <span class='ocr_line' id='line_1_4' title="bbox 484 382 2067 457; baseline 0.002 -19"><span class='ocrx_word' id='word_1_7' title='bbox 484 385 539 438; x_wconf 86' lang='lat' dir='ltr'><strong>in</strong></span> <span class='ocrx_word' id='word_1_8' title='bbox 572 382 799 439; x_wconf 82' lang='lat' dir='ltr'><strong>decimis</strong></span> <span class='ocrx_word' id='word_1_9' title='bbox 834 393 889 439; x_wconf 88' lang='lat' dir='ltr'><strong>et</strong></span> <span class='ocrx_word' id='word_1_10' title='bbox 935 385 1189 454; x_wconf 84' lang='lat' dir='ltr'><strong>primitiis</strong></span> <span class='ocrx_word' id='word_1_11' title='bbox 1236 382 1532 440; x_wconf 76' lang='lat' dir='ltr'><strong>oﬂ&#39;erendis</strong></span> <span class='ocrx_word' id='word_1_12' title='bbox 1596 396 1917 457; x_wconf 84' lang='lat' dir='ltr'><strong>paruerunt,</strong></span> <span class='ocrx_word' id='word_1_13' title='bbox 1972 388 2067 443; x_wconf 88' lang='lat' dir='ltr'><strong>sed</strong></span> 
     </span>
    </p>
   </div>
   <div class='ocr_carea' id='block_1_5' title="bbox 2201 382 3751 461">
    <p class='ocr_par' dir='ltr' id='par_1_5' title="bbox 2201 387 3751 461">
     <span class='ocr_line' id='line_1_5' title="bbox 2201 387 3751 461; baseline 0.006 -20"><span class='ocrx_word' id='word_1_14' title='bbox 2201 388 2546 446; x_wconf 67' lang='grc' dir='ltr'>Βαϐυλωνίαν.</span> <span class='ocrx_word' id='word_1_15' title='bbox 2604 394 2820 461; x_wconf 73' lang='grc' dir='ltr'>Ἐπειδὴ</span> <span class='ocrx_word' id='word_1_16' title='bbox 2870 393 2923 443; x_wconf 62' lang='grc' dir='ltr'>δὲ</span> <span class='ocrx_word' id='word_1_17' title='bbox 2983 390 3278 461; x_wconf 74' lang='grc' dir='ltr'><strong>κέκληνται</strong></span> <span class='ocrx_word' id='word_1_18' title='bbox 3332 387 3496 441; x_wconf 79' lang='grc' dir='ltr'>πάλιν</span> <span class='ocrx_word' id='word_1_19' title='bbox 3541 387 3623 448; x_wconf 67' lang='grc' dir='ltr'><strong>τις</strong></span> <span class='ocrx_word' id='word_1_20' title='bbox 3663 388 3751 457; x_wconf 69' lang='grc' dir='ltr'><strong>τὴν</strong></span> 
     </span>
    </p>
   </div>
   <div class='ocr_carea' id='block_1_6' title="bbox 484 475 2070 546">
    <p class='ocr_par' dir='ltr' id='par_1_6' title="bbox 484 475 2070 546">
     <span class='ocr_line' id='line_1_6' title="bbox 484 475 2070 546; baseline 0.021 -29"><span class='ocrx_word' id='word_1_21' title='bbox 484 475 645 545; x_wconf 59' lang='lat' dir='ltr'><strong>pigri,</strong></span> <span class='ocrx_word' id='word_1_22' title='bbox 677 487 732 532; x_wconf 78' lang='lat' dir='ltr'><strong>et</strong></span> <span class='ocrx_word' id='word_1_23' title='bbox 760 479 844 531; x_wconf 76' lang='lat' dir='ltr'><strong>vix</strong></span> <span class='ocrx_word' id='word_1_24' title='bbox 880 479 946 531; x_wconf 88' lang='lat' dir='ltr'><strong>ad</strong></span> <span class='ocrx_word' id='word_1_25' title='bbox 978 477 1306 531; x_wconf 78' lang='lat' dir='ltr'><strong>sacriﬁcium</strong></span> <span class='ocrx_word' id='word_1_26' title='bbox 1335 477 1639 541; x_wconf 81' lang='lat' dir='ltr'><strong>venientes,</strong></span> <span class='ocrx_word' id='word_1_27' title='bbox 1684 479 1899 546; x_wconf 76' lang='lat' dir='ltr'><strong>clauda.</strong></span> <span class='ocrx_word' id='word_1_28' title='bbox 1929 494 2070 533; x_wconf 57' lang='grc' dir='ltr'>(ἔωθε</span> 
     </span>
    </p>
   </div>
   <div class='ocr_carea' id='block_1_7' title="bbox 482 568 2069 638">
    <p class='ocr_par' dir='ltr' id='par_1_7' title="bbox 482 568 2069 638">
     <span class='ocr_line' id='line_1_7' title="bbox 482 568 2069 638; baseline 0.002 -18"><span class='ocrx_word' id='word_1_29' title='bbox 482 577 539 623; x_wconf 88' lang='lat' dir='ltr'><strong>et</strong></span> <span class='ocrx_word' id='word_1_30' title='bbox 572 568 763 622; x_wconf 79' lang='lat' dir='ltr'><strong>debilia</strong></span> <span class='ocrx_word' id='word_1_31' title='bbox 787 570 1094 622; x_wconf 82' lang='lat' dir='ltr'><strong>mactabam</strong></span> <span class='ocrx_word' id='word_1_32' title='bbox 1116 578 1199 630; x_wconf 77' lang='lat' dir='ltr'><strong>:et</strong></span> <span class='ocrx_word' id='word_1_33' title='bbox 1218 585 1338 623; x_wconf 90' lang='lat' dir='ltr'><strong>cum</strong></span> <span class='ocrx_word' id='word_1_34' title='bbox 1355 570 1468 623; x_wconf 71' lang='lat' dir='ltr'><strong>ha-e</strong></span> <span class='ocrx_word' id='word_1_35' title='bbox 1492 569 1784 625; x_wconf 69' lang='lat' dir='ltr'><strong>insolenter</strong></span> <span class='ocrx_word' id='word_1_36' title='bbox 1809 571 2069 638; x_wconf 75' lang='lat' dir='ltr'><strong>facerent,</strong></span> 
     </span>
    </p>
   </div>
   <div class='ocr_carea' id='block_1_8' title="bbox 486 656 2076 717">
    <p class='ocr_par' dir='ltr' id='par_1_8' title="bbox 486 656 2076 717">
     <span class='ocr_line' id='line_1_8' title="bbox 486 656 2076 717; baseline 0.004 -6"><span class='ocrx_word' id='word_1_37' title='bbox 486 656 840 713; x_wconf 75' lang='lat' dir='ltr'><strong>nihilominus</strong></span> <span class='ocrx_word' id='word_1_38' title='bbox 880 660 1019 714; x_wconf 84' lang='lat' dir='ltr'><strong>Deus</strong></span> <span class='ocrx_word' id='word_1_39' title='bbox 1043 658 1186 713; x_wconf 79' lang='lat' dir='ltr'><strong>fame</strong></span> <span class='ocrx_word' id='word_1_40' title='bbox 1213 670 1269 713; x_wconf 92' lang='lat' dir='ltr'><strong>et</strong></span> <span class='ocrx_word' id='word_1_41' title='bbox 1305 661 1598 716; x_wconf 89' lang='lat' dir='ltr'><strong>sterilitate</strong></span> <span class='ocrx_word' id='word_1_42' title='bbox 1648 677 1742 717; x_wconf 89' lang='lat' dir='ltr'><strong>eos</strong></span> <span class='ocrx_word' id='word_1_43' title='bbox 1778 663 2076 717; x_wconf 73' lang='lat' dir='ltr'><strong>ulciscelu-</strong></span> 
     </span>
    </p>
   </div>
   <div class='ocr_carea' id='block_1_9' title="bbox 487 750 2081 821">
    <p class='ocr_par' dir='ltr' id='par_1_9' title="bbox 487 750 2081 821">
     <span class='ocr_line' id='line_1_9' title="bbox 487 750 2081 821; baseline 0.004 -20"><span class='ocrx_word' id='word_1_44' title='bbox 487 759 595 802; x_wconf 90' lang='lat' dir='ltr'><strong>tur.</strong></span> <span class='ocrx_word' id='word_1_45' title='bbox 621 750 745 817; x_wconf 90' lang='lat' dir='ltr'><strong>Qui,</strong></span> <span class='ocrx_word' id='word_1_46' title='bbox 780 752 992 805; x_wconf 85' lang='lat' dir='ltr'><strong>tametsi</strong></span> <span class='ocrx_word' id='word_1_47' title='bbox 1021 753 1299 818; x_wconf 76' lang='lat' dir='ltr'><strong>deberent,</strong></span> <span class='ocrx_word' id='word_1_48' title='bbox 1327 754 1597 821; x_wconf 85' lang='lat' dir='ltr'><strong>siquidem</strong></span> <span class='ocrx_word' id='word_1_49' title='bbox 1644 767 1827 809; x_wconf 83' lang='lat' dir='ltr'><strong>essent</strong></span> <span class='ocrx_word' id='word_1_50' title='bbox 1854 755 1999 814; x_wconf 88' lang='lat' dir='ltr'><strong>boui,</strong></span> <span class='ocrx_word' id='word_1_51' title='bbox 2028 764 2081 808; x_wconf 91' lang='lat' dir='ltr'><strong>et</strong></span> 
     </span>
    </p>
   </div>
   <div class='ocr_carea' id='block_1_10' title="bbox 487 843 2079 911">
    <p class='ocr_par' dir='ltr' id='par_1_10' title="bbox 487 843 2079 911">
     <span class='ocr_line' id='line_1_10' title="bbox 487 843 2079 911; baseline 0.004 -17"><span class='ocrx_word' id='word_1_52' title='bbox 487 856 608 909; x_wconf 71' lang='lat' dir='ltr'><strong>qua:</strong></span> <span class='ocrx_word' id='word_1_53' title='bbox 643 843 747 895; x_wconf 86' lang='lat' dir='ltr'><strong>sibi</strong></span> <span class='ocrx_word' id='word_1_54' title='bbox 810 844 1181 899; x_wconf 82' lang='lat' dir='ltr'><strong>conducerent</strong></span> <span class='ocrx_word' id='word_1_55' title='bbox 1237 863 1342 900; x_wconf 91' lang='lat' dir='ltr'><strong>non</strong></span> <span class='ocrx_word' id='word_1_56' title='bbox 1378 848 1708 911; x_wconf 76' lang='lat' dir='ltr'><strong>ignorarent,</strong></span> <span class='ocrx_word' id='word_1_57' title='bbox 1751 848 1969 900; x_wconf 79' lang='lat' dir='ltr'><strong>mutatis</strong></span> <span class='ocrx_word' id='word_1_58' title='bbox 2025 847 2079 900; x_wconf 91' lang='lat' dir='ltr'><strong>in</strong></span> 
     </span>
    </p>
   </div>
   <div class='ocr_carea' id='block_1_11' title="bbox 488 935 2080 1001">
    <p class='ocr_par' dir='ltr' id='par_1_11' title="bbox 488 935 2080 1001">
     <span class='ocr_line' id='line_1_11' title="bbox 488 935 2080 1001; baseline 0.003 -13"><span class='ocrx_word' id='word_1_59' title='bbox 488 935 680 988; x_wconf 85' lang='lat' dir='ltr'><strong>melius</strong></span> <span class='ocrx_word' id='word_1_60' title='bbox 710 936 974 1001; x_wconf 87' lang='lat' dir='ltr'><strong>consiliis,</strong></span> <span class='ocrx_word' id='word_1_61' title='bbox 1013 936 1179 990; x_wconf 80' lang='lat' dir='ltr'><strong>Deum</strong></span> <span class='ocrx_word' id='word_1_62' title='bbox 1228 952 1259 990; x_wconf 89' lang='lat' dir='ltr'><strong>a</strong></span> <span class='ocrx_word' id='word_1_63' title='bbox 1292 954 1352 992; x_wconf 89' lang='lat' dir='ltr'><strong>se</strong></span> <span class='ocrx_word' id='word_1_64' title='bbox 1379 937 1641 993; x_wconf 81' lang='lat' dir='ltr'><strong>oﬂ&#39;ensum</strong></span> <span class='ocrx_word' id='word_1_65' title='bbox 1689 941 1867 993; x_wconf 88' lang='lat' dir='ltr'><strong>colere</strong></span> <span class='ocrx_word' id='word_1_66' title='bbox 1896 954 1961 993; x_wconf 90' lang='lat' dir='ltr'><strong>ac</strong></span> <span class='ocrx_word' id='word_1_67' title='bbox 1989 954 2080 992; x_wconf 88' lang='lat' dir='ltr'><strong>ve-</strong></span> 
     </span>
    </p>
   </div>
   <div class='ocr_carea' id='block_1_12' title="bbox 491 1022 2079 1095">
    <p class='ocr_par' dir='ltr' id='par_1_12' title="bbox 491 1022 2079 1095">
     <span class='ocr_line' id='line_1_12' title="bbox 491 1022 2079 1095; baseline 0.003 -18"><span class='ocrx_word' id='word_1_68' title='bbox 491 1024 693 1086; x_wconf 89' lang='lat' dir='ltr'><strong>nerari,</strong></span> <span class='ocrx_word' id='word_1_69' title='bbox 724 1022 1097 1090; x_wconf 87' lang='lat' dir='ltr'><strong>imprudenter</strong></span> <span class='ocrx_word' id='word_1_70' title='bbox 1119 1027 1186 1079; x_wconf 90' lang='lat' dir='ltr'><strong>de</strong></span> <span class='ocrx_word' id='word_1_71' title='bbox 1247 1027 1337 1080; x_wconf 92' lang='lat' dir='ltr'><strong>illo</strong></span> <span class='ocrx_word' id='word_1_72' title='bbox 1376 1027 1878 1095; x_wconf 82' lang='lat' dir='ltr'><strong>conquerebantur.</strong></span> <span class='ocrx_word' id='word_1_73' title='bbox 1944 1026 2079 1082; x_wconf 89' lang='lat' dir='ltr'><strong>Cum</strong></span> 
     </span>
    </p>
   </div>
   <div class='ocr_carea' id='block_1_13' title="bbox 490 1115 2082 1182">
    <p class='ocr_par' dir='ltr' id='par_1_13' title="bbox 490 1115 2082 1182">
     <span class='ocr_line' id='line_1_13' title="bbox 490 1115 2082 1182; baseline 0.001 -13"><span class='ocrx_word' id='word_1_74' title='bbox 490 1116 635 1169; x_wconf 89' lang='lat' dir='ltr'><strong>enim</strong></span> <span class='ocrx_word' id='word_1_75' title='bbox 673 1115 915 1168; x_wconf 83' lang='lat' dir='ltr'><strong>viderent</strong></span> <span class='ocrx_word' id='word_1_76' title='bbox 971 1123 1158 1182; x_wconf 77' lang='lat' dir='ltr'><strong>gentes</strong></span> <span class='ocrx_word' id='word_1_77' title='bbox 1206 1116 1414 1170; x_wconf 88' lang='lat' dir='ltr'><strong>vicinas</strong></span> <span class='ocrx_word' id='word_1_78' title='bbox 1461 1125 1515 1171; x_wconf 90' lang='lat' dir='ltr'><strong>et</strong></span> <span class='ocrx_word' id='word_1_79' title='bbox 1562 1116 1730 1171; x_wconf 88' lang='lat' dir='ltr'><strong>Deum</strong></span> <span class='ocrx_word' id='word_1_80' title='bbox 1776 1117 2082 1172; x_wconf 85' lang='lat' dir='ltr'><strong>nescientes</strong></span> 
     </span>
    </p>
   </div>
   <div class='ocr_carea' id='block_1_14' title="bbox 492 1206 2079 1279">
    <p class='ocr_par' dir='ltr' id='par_1_14' title="bbox 492 1206 2079 1279">
     <span class='ocr_line' id='line_1_14' title="bbox 492 1206 2079 1279; baseline 0.003 -19"><span class='ocrx_word' id='word_1_81' title='bbox 492 1206 757 1275; x_wconf 81' lang='lat' dir='ltr'><strong>sculptilia</strong></span> <span class='ocrx_word' id='word_1_82' title='bbox 784 1208 962 1276; x_wconf 80' lang='lat' dir='ltr'><strong>potius</strong></span> <span class='ocrx_word' id='word_1_83' title='bbox 994 1208 1242 1272; x_wconf 86' lang='lat' dir='ltr'><strong>adorare,</strong></span> <span class='ocrx_word' id='word_1_84' title='bbox 1274 1217 1327 1262; x_wconf 90' lang='lat' dir='ltr'><strong>et</strong></span> <span class='ocrx_word' id='word_1_85' title='bbox 1362 1209 1684 1279; x_wconf 83' lang='lat' dir='ltr'><strong>gravissimo</strong></span> <span class='ocrx_word' id='word_1_86' title='bbox 1716 1224 1901 1263; x_wconf 89' lang='lat' dir='ltr'><strong>errore</strong></span> <span class='ocrx_word' id='word_1_87' title='bbox 1930 1210 2079 1264; x_wconf 86' lang='lat' dir='ltr'><strong>labo-</strong></span> 
     </span>
    </p>
   </div>
   <div class='ocr_carea' id='block_1_15' title="bbox 496 1300 2079 1370">
    <p class='ocr_par' dir='ltr' id='par_1_15' title="bbox 496 1300 2079 1370">
     <span class='ocr_line' id='line_1_15' title="bbox 496 1300 2079 1370; baseline 0.002 -18"><span class='ocrx_word' id='word_1_88' title='bbox 496 1314 638 1365; x_wconf 82' lang='lat' dir='ltr'><strong>rare,</strong></span> <span class='ocrx_word' id='word_1_89' title='bbox 672 1300 1026 1355; x_wconf 88' lang='lat' dir='ltr'><strong>nihilominus</strong></span> <span class='ocrx_word' id='word_1_90' title='bbox 1060 1310 1234 1354; x_wconf 88' lang='lat' dir='ltr'><strong>tamen</strong></span> <span class='ocrx_word' id='word_1_91' title='bbox 1267 1301 1623 1370; x_wconf 88' lang='lat' dir='ltr'><strong>voluptariam</strong></span> <span class='ocrx_word' id='word_1_92' title='bbox 1661 1303 1825 1356; x_wconf 88' lang='lat' dir='ltr'><strong>vitam</strong></span> <span class='ocrx_word' id='word_1_93' title='bbox 1856 1302 2079 1369; x_wconf 76' lang='lat' dir='ltr'><strong>agitare,</strong></span> 
     </span>
    </p>
   </div>
   <div class='ocr_carea' id='block_1_16' title="bbox 495 1392 2085 1463">
    <p class='ocr_par' dir='ltr' id='par_1_16' title="bbox 495 1392 2085 1463">
     <span class='ocr_line' id='line_1_16' title="bbox 495 1392 2085 1463; baseline 0.002 -16"><span class='ocrx_word' id='word_1_94' title='bbox 495 1392 663 1447; x_wconf 82' lang='lat' dir='ltr'><strong>stulte</strong></span> <span class='ocrx_word' id='word_1_95' title='bbox 708 1393 995 1447; x_wconf 81' lang='lat' dir='ltr'><strong>dicebant:</strong></span> <span class='ocrx_word' id='word_1_96' title='bbox 1038 1412 1057 1444; x_wconf 79' lang='grc' dir='ltr'><strong>ι</strong></span> <span class='ocrx_word' id='word_1_97' title='bbox 1096 1392 1282 1448; x_wconf 83' lang='lat' dir='ltr'><strong>Vanus</strong></span> <span class='ocrx_word' id='word_1_98' title='bbox 1308 1404 1437 1457; x_wconf 89' lang='lat' dir='ltr'><strong>est,</strong></span> <span class='ocrx_word' id='word_1_99' title='bbox 1476 1393 1570 1463; x_wconf 87' lang='lat' dir='ltr'><strong>qui</strong></span> <span class='ocrx_word' id='word_1_100' title='bbox 1632 1396 1801 1449; x_wconf 85' lang='lat' dir='ltr'><strong>servit</strong></span> <span class='ocrx_word' id='word_1_101' title='bbox 1857 1396 1984 1449; x_wconf 88' lang='lat' dir='ltr'><strong>Deo.</strong></span> <span class='ocrx_word' id='word_1_102' title='bbox 2016 1395 2085 1450; x_wconf 91' lang='lat' dir='ltr'><strong>Et</strong></span> 
     </span>
    </p>
   </div>
   <div class='ocr_carea' id='block_1_17' title="bbox 495 1485 2086 1556">
    <p class='ocr_par' dir='ltr' id='par_1_17' title="bbox 495 1485 2086 1556">
     <span class='ocr_line' id='line_1_17' title="bbox 495 1485 2086 1556; baseline 0.003 -19"><span class='ocrx_word' id='word_1_103' title='bbox 495 1486 623 1554; x_wconf 85' lang='lat' dir='ltr'><strong>quid</strong></span> <span class='ocrx_word' id='word_1_104' title='bbox 661 1485 1011 1541; x_wconf 84' lang='lat' dir='ltr'><strong>emolumenti</strong></span> <span class='ocrx_word' id='word_1_105' title='bbox 1061 1486 1425 1553; x_wconf 84' lang='lat' dir='ltr'><strong>percepimus,</strong></span> <span class='ocrx_word' id='word_1_106' title='bbox 1473 1487 1599 1553; x_wconf 84' lang='lat' dir='ltr'><strong>quia</strong></span> <span class='ocrx_word' id='word_1_107' title='bbox 1652 1487 1902 1539; x_wconf 87' lang='lat' dir='ltr'><strong>mandata</strong></span> <span class='ocrx_word' id='word_1_108' title='bbox 1968 1486 2086 1556; x_wconf 88' lang='lat' dir='ltr'><strong>ejus</strong></span> 
     </span>
    </p>
   </div>
   <div class='ocr_carea' id='block_1_18' title="bbox 495 1577 2086 1648">
    <p class='ocr_par' dir='ltr' id='par_1_18' title="bbox 495 1577 2086 1648">
     <span class='ocr_line' id='line_1_18' title="bbox 495 1577 2086 1648; baseline 0 -15"><span class='ocrx_word' id='word_1_109' title='bbox 495 1578 947 1635; x_wconf 84' lang='lat' dir='ltr'><strong>custodivimus?</strong></span> <span class='ocrx_word' id='word_1_110' title='bbox 988 1597 1006 1628; x_wconf 78' lang='grc' dir='ltr'><strong>ι</strong></span> <span class='ocrx_word' id='word_1_111' title='bbox 1047 1577 1158 1633; x_wconf 86' lang='lat' dir='ltr'><strong>Nos</strong></span> <span class='ocrx_word' id='word_1_112' title='bbox 1190 1580 1337 1633; x_wconf 90' lang='lat' dir='ltr'><strong>enim</strong></span> <span class='ocrx_word' id='word_1_113' title='bbox 1373 1578 1476 1646; x_wconf 81' lang='lat' dir='ltr'><strong>legi</strong></span> <span class='ocrx_word' id='word_1_114' title='bbox 1503 1578 1885 1648; x_wconf 87' lang='lat' dir='ltr'><strong>obsequentes,</strong></span> <span class='ocrx_word' id='word_1_115' title='bbox 1922 1579 2086 1633; x_wconf 89' lang='lat' dir='ltr'><strong>steri-</strong></span> 
     </span>
    </p>
   </div>
   <div class='ocr_carea' id='block_1_19' title="bbox 495 1670 2083 1741">
    <p class='ocr_par' dir='ltr' id='par_1_19' title="bbox 495 1670 2083 1741">
     <span class='ocr_line' id='line_1_19' title="bbox 495 1670 2083 1741; baseline 0.002 -17"><span class='ocrx_word' id='word_1_116' title='bbox 495 1670 705 1726; x_wconf 90' lang='lat' dir='ltr'><strong>litatem</strong></span> <span class='ocrx_word' id='word_1_117' title='bbox 759 1680 813 1726; x_wconf 90' lang='lat' dir='ltr'><strong>et</strong></span> <span class='ocrx_word' id='word_1_118' title='bbox 844 1671 1187 1726; x_wconf 85' lang='lat' dir='ltr'><strong>incommoda</strong></span> <span class='ocrx_word' id='word_1_119' title='bbox 1234 1673 1492 1741; x_wconf 89' lang='lat' dir='ltr'><strong>patimur.</strong></span> <span class='ocrx_word' id='word_1_120' title='bbox 1532 1672 1893 1727; x_wconf 86' lang='lat' dir='ltr'><strong>Diseessimus</strong></span> <span class='ocrx_word' id='word_1_121' title='bbox 1918 1674 2083 1727; x_wconf 85' lang='lat' dir='ltr'><strong>etiam</strong></span> 
     </span>
    </p>
   </div>
   <div class='ocr_carea' id='block_1_20' title="bbox 2188 479 3756 554">
    <p class='ocr_par' dir='ltr' id='par_1_20' title="bbox 2188 479 3756 554">
     <span class='ocr_line' id='line_1_20' title="bbox 2188 479 3756 554; baseline -0.005 -17"><span class='ocrx_word' id='word_1_122' title='bbox 2188 482 2473 547; x_wconf 82' lang='grc' dir='ltr'><strong>Ἰουδαίαν,</strong></span> <span class='ocrx_word' id='word_1_123' title='bbox 2504 483 2637 538; x_wconf 90' lang='grc' dir='ltr'>Θεοῦ</span> <span class='ocrx_word' id='word_1_124' title='bbox 2677 482 3145 554; x_wconf 83' lang='grc' dir='ltr'>κατοικτείροντος</span> <span class='ocrx_word' id='word_1_125' title='bbox 3165 520 3178 543; x_wconf 94' lang='grc'><strong>,</strong></span> <span class='ocrx_word' id='word_1_126' title='bbox 3210 480 3556 550; x_wconf 81' lang='grc' dir='ltr'>ἀνετείχισάν</span> <span class='ocrx_word' id='word_1_127' title='bbox 3579 496 3640 531; x_wconf 81' lang='grc' dir='ltr'>τι</span> <span class='ocrx_word' id='word_1_128' title='bbox 3664 479 3756 547; x_wconf 72' lang='grc' dir='ltr'><strong>τὴν</strong></span> 
     </span>
    </p>
   </div>
   <div class='ocr_carea' id='block_1_21' title="bbox 2176 575 3759 647">
    <p class='ocr_par' dir='ltr' id='par_1_21' title="bbox 2176 575 3759 647">
     <span class='ocr_line' id='line_1_21' title="bbox 2176 575 3759 647; baseline -0.002 -18"><span class='ocrx_word' id='word_1_129' title='bbox 2176 576 2351 643; x_wconf 88' lang='grc' dir='ltr'>πόλιν,</span> <span class='ocrx_word' id='word_1_130' title='bbox 2389 577 2484 629; x_wconf 74' lang='grc' dir='ltr'>καὶ</span> <span class='ocrx_word' id='word_1_131' title='bbox 2532 576 2884 647; x_wconf 82' lang='grc' dir='ltr'>ἀνεδείμαντο</span> <span class='ocrx_word' id='word_1_132' title='bbox 2924 576 3015 629; x_wconf 73' lang='grc' dir='ltr'><strong>τὸν</strong></span> <span class='ocrx_word' id='word_1_133' title='bbox 3059 576 3207 641; x_wconf 63' lang='grc' dir='ltr'>ναὸν,</span> <span class='ocrx_word' id='word_1_134' title='bbox 3260 575 3423 628; x_wconf 83' lang='grc' dir='ltr'>πάλιν</span> <span class='ocrx_word' id='word_1_135' title='bbox 3457 576 3759 646; x_wconf 70' lang='grc' dir='ltr'><strong>ἐτράποντο</strong></span> 
     </span>
    </p>
   </div>
   <div class='ocr_carea' id='block_1_22' title="bbox 2178 667 3759 739">
    <p class='ocr_par' dir='ltr' id='par_1_22' title="bbox 2178 667 3759 739">
     <span class='ocr_line' id='line_1_22' title="bbox 2178 667 3759 739; baseline -0.001 -18"><span class='ocrx_word' id='word_1_136' title='bbox 2178 668 2315 733; x_wconf 77' lang='grc' dir='ltr'>πρὸς</span> <span class='ocrx_word' id='word_1_137' title='bbox 2344 669 2405 722; x_wconf 84' lang='grc' dir='ltr'><strong>τὸ</strong></span> <span class='ocrx_word' id='word_1_138' title='bbox 2437 669 2702 739; x_wconf 78' lang='grc' dir='ltr'><strong>ῥᾴθυμον,</strong></span> <span class='ocrx_word' id='word_1_139' title='bbox 2732 669 2792 721; x_wconf 85' lang='grc' dir='ltr'><strong>ού</strong></span> <span class='ocrx_word' id='word_1_140' title='bbox 2819 668 3153 738; x_wconf 76' lang='grc' dir='ltr'>πληροῦντες</span> <span class='ocrx_word' id='word_1_141' title='bbox 3175 670 3473 739; x_wconf 78' lang='grc' dir='ltr'>εύχάς,οὑχ</span> <span class='ocrx_word' id='word_1_142' title='bbox 3506 667 3759 735; x_wconf 70' lang='grc' dir='ltr'>ἑπόμενοι</span> 
     </span>
    </p>
   </div>
   <div class='ocr_carea' id='block_1_23' title="bbox 2176 757 3759 830">
    <p class='ocr_par' dir='ltr' id='par_1_23' title="bbox 2176 757 3759 830">
     <span class='ocr_line' id='line_1_23' title="bbox 2176 757 3759 830; baseline 0.002 -22"><span class='ocrx_word' id='word_1_143' title='bbox 2176 759 2291 820; x_wconf 87' lang='grc' dir='ltr'>τοῖς</span> <span class='ocrx_word' id='word_1_144' title='bbox 2320 757 2408 810; x_wconf 77' lang='grc' dir='ltr'>διὰ</span> <span class='ocrx_word' id='word_1_145' title='bbox 2444 759 2611 829; x_wconf 86' lang='grc' dir='ltr'>νόμου</span> <span class='ocrx_word' id='word_1_146' title='bbox 2660 759 3018 828; x_wconf 85' lang='grc' dir='ltr'>θεσπίσμασι,</span> <span class='ocrx_word' id='word_1_147' title='bbox 3054 760 3424 830; x_wconf 82' lang='grc' dir='ltr'><strong>προσάγοντες</strong></span> <span class='ocrx_word' id='word_1_148' title='bbox 3458 760 3694 821; x_wconf 78' lang='grc' dir='ltr'><strong>δεκάτας</strong></span> <span class='ocrx_word' id='word_1_149' title='bbox 3729 758 3759 829; x_wconf 76' lang='grc' dir='ltr'>ἢ</span> 
     </span>
    </p>
   </div>
   <div class='ocr_carea' id='block_1_24' title="bbox 2178 849 3763 922">
    <p class='ocr_par' dir='ltr' id='par_1_24' title="bbox 2178 849 3763 922">
     <span class='ocr_line' id='line_1_24' title="bbox 2178 849 3763 922; baseline 0 -20"><span class='ocrx_word' id='word_1_150' title='bbox 2178 849 2434 920; x_wconf 84' lang='grc' dir='ltr'>ἀπαρχάς</span> <span class='ocrx_word' id='word_1_151' title='bbox 2455 869 2466 880; x_wconf 95' lang='grc'>·</span> <span class='ocrx_word' id='word_1_152' title='bbox 2521 851 2635 904; x_wconf 81' lang='grc' dir='ltr'>ἀλλ’</span> <span class='ocrx_word' id='word_1_153' title='bbox 2670 852 2918 921; x_wconf 71' lang='grc' dir='ltr'>όκνηροὶ,</span> <span class='ocrx_word' id='word_1_154' title='bbox 2952 851 3047 904; x_wconf 78' lang='grc' dir='ltr'><strong>καὶ</strong></span> <span class='ocrx_word' id='word_1_155' title='bbox 3081 851 3234 922; x_wconf 82' lang='grc' dir='ltr'><strong>μόλις</strong></span> <span class='ocrx_word' id='word_1_156' title='bbox 3269 854 3359 905; x_wconf 68' lang='grc' dir='ltr'><strong>ἐπὶ</strong></span> <span class='ocrx_word' id='word_1_157' title='bbox 3390 852 3449 904; x_wconf 77' lang='grc' dir='ltr'>τὸ</span> <span class='ocrx_word' id='word_1_158' title='bbox 3484 851 3639 904; x_wconf 87' lang='grc' dir='ltr'>θύειν</span> <span class='ocrx_word' id='word_1_159' title='bbox 3674 853 3763 921; x_wconf 81' lang='grc' dir='ltr'><strong>ἐρ-</strong></span> 
     </span>
    </p>
   </div>
   <div class='ocr_carea' id='block_1_25' title="bbox 2180 943 3767 1014">
    <p class='ocr_par' dir='ltr' id='par_1_25' title="bbox 2180 943 3767 1014">
     <span class='ocr_line' id='line_1_25' title="bbox 2180 943 3767 1014; baseline 0.001 -20"><span class='ocrx_word' id='word_1_160' title='bbox 2180 943 2422 1012; x_wconf 87' lang='grc' dir='ltr'>χόμενοι,</span> <span class='ocrx_word' id='word_1_161' title='bbox 2452 943 2545 996; x_wconf 74' lang='grc' dir='ltr'><strong>καὶ</strong></span> <span class='ocrx_word' id='word_1_162' title='bbox 2574 944 3025 1011; x_wconf 79' lang='grc' dir='ltr'>κατασφάξαντες</span> <span class='ocrx_word' id='word_1_163' title='bbox 3059 944 3127 996; x_wconf 75' lang='grc' dir='ltr'>τὰ</span> <span class='ocrx_word' id='word_1_164' title='bbox 3155 944 3325 1014; x_wconf 85' lang='grc' dir='ltr'>χωλά,</span> <span class='ocrx_word' id='word_1_165' title='bbox 3354 944 3421 997; x_wconf 72' lang='grc' dir='ltr'>τὰ</span> <span class='ocrx_word' id='word_1_166' title='bbox 3451 943 3654 1011; x_wconf 65' lang='grc' dir='ltr'>τυφλὰ,</span> <span class='ocrx_word' id='word_1_167' title='bbox 3673 945 3767 995; x_wconf 66' lang='grc' dir='ltr'><strong>καλ</strong></span> 
     </span>
    </p>
   </div>
   <div class='ocr_carea' id='block_1_26' title="bbox 2180 1032 3769 1104">
    <p class='ocr_par' dir='ltr' id='par_1_26' title="bbox 2180 1032 3769 1104">
     <span class='ocr_line' id='line_1_26' title="bbox 2180 1032 3769 1104; baseline 0.001 -19"><span class='ocrx_word' id='word_1_168' title='bbox 2180 1032 2251 1085; x_wconf 87' lang='grc' dir='ltr'><strong>τά</strong></span> <span class='ocrx_word' id='word_1_169' title='bbox 2288 1035 2649 1104; x_wconf 75' lang='grc' dir='ltr'>ἐνοχλούμενοι</span> <span class='ocrx_word' id='word_1_170' title='bbox 2678 1076 2691 1098; x_wconf 88' lang='grc'><strong>,</strong></span> <span class='ocrx_word' id='word_1_171' title='bbox 2726 1038 2822 1088; x_wconf 74' lang='grc' dir='ltr'>καὶ</span> <span class='ocrx_word' id='word_1_172' title='bbox 2862 1035 3035 1088; x_wconf 90' lang='grc' dir='ltr'>ταῦτα</span> <span class='ocrx_word' id='word_1_173' title='bbox 3065 1037 3306 1103; x_wconf 80' lang='grc' dir='ltr'>δρῶντας</span> <span class='ocrx_word' id='word_1_174' title='bbox 3336 1037 3586 1099; x_wconf 78' lang='grc' dir='ltr'><strong>ἐκτόπως</strong></span> <span class='ocrx_word' id='word_1_175' title='bbox 3617 1035 3769 1088; x_wconf 71' lang='grc' dir='ltr'>οὐδὲν</span> 
     </span>
    </p>
   </div>
   <div class='ocr_carea' id='block_1_27' title="bbox 2181 1120 3768 1199">
    <p class='ocr_par' dir='ltr' id='par_1_27' title="bbox 2181 1120 3768 1199">
     <span class='ocr_line' id='line_1_27' title="bbox 2181 1120 3768 1199; baseline 0 -22"><span class='ocrx_word' id='word_1_176' title='bbox 2181 1120 2343 1196; x_wconf 78' lang='grc' dir='ltr'>ἦττον</span> <span class='ocrx_word' id='word_1_177' title='bbox 2390 1127 2640 1179; x_wconf 79' lang='grc' dir='ltr'>ἐπαίδευε</span> <span class='ocrx_word' id='word_1_178' title='bbox 2669 1127 2800 1190; x_wconf 80' lang='grc' dir='ltr'>Θεὸς</span> <span class='ocrx_word' id='word_1_179' title='bbox 2838 1128 2984 1199; x_wconf 81' lang='grc' dir='ltr'>λιμῷ</span> <span class='ocrx_word' id='word_1_180' title='bbox 3027 1145 3087 1180; x_wconf 90' lang='grc' dir='ltr'><strong>τε</strong></span> <span class='ocrx_word' id='word_1_181' title='bbox 3124 1129 3218 1181; x_wconf 78' lang='grc' dir='ltr'><strong>καὶ</strong></span> <span class='ocrx_word' id='word_1_182' title='bbox 3250 1128 3520 1199; x_wconf 77' lang='grc' dir='ltr'><strong>ἀκαρπίᾳ.</strong></span> <span class='ocrx_word' id='word_1_183' title='bbox 3560 1127 3627 1179; x_wconf 85' lang='grc' dir='ltr'><strong>υἱ</strong></span> <span class='ocrx_word' id='word_1_184' title='bbox 3679 1125 3768 1188; x_wconf 80' lang='grc' dir='ltr'>δὲ,</span> 
     </span>
    </p>
   </div>
   <div class='ocr_carea' id='block_1_28' title="bbox 2184 1214 3773 1289">
    <p class='ocr_par' dir='ltr' id='par_1_28' title="bbox 2184 1214 3773 1289">
     <span class='ocr_line' id='line_1_28' title="bbox 2184 1214 3773 1289; baseline -0.001 -20"><span class='ocrx_word' id='word_1_185' title='bbox 2184 1218 2361 1271; x_wconf 87' lang='grc' dir='ltr'>καίτοι</span> <span class='ocrx_word' id='word_1_186' title='bbox 2405 1217 2544 1281; x_wconf 82' lang='grc' dir='ltr'>δέον,</span> <span class='ocrx_word' id='word_1_187' title='bbox 2577 1217 2737 1289; x_wconf 83' lang='grc' dir='ltr'>εἴπερ</span> <span class='ocrx_word' id='word_1_188' title='bbox 2767 1214 2908 1289; x_wconf 82' lang='grc' dir='ltr'>ἦσαν</span> <span class='ocrx_word' id='word_1_189' title='bbox 2940 1219 3133 1287; x_wconf 86' lang='grc' dir='ltr'>ἀγαθοὶ</span> <span class='ocrx_word' id='word_1_190' title='bbox 3182 1219 3277 1272; x_wconf 75' lang='grc' dir='ltr'>καὶ</span> <span class='ocrx_word' id='word_1_191' title='bbox 3320 1219 3427 1271; x_wconf 89' lang='grc' dir='ltr'><strong>τῶν</strong></span> <span class='ocrx_word' id='word_1_192' title='bbox 3457 1219 3773 1288; x_wconf 74' lang='grc' dir='ltr'>συμφερόν-</span> 
     </span>
    </p>
   </div>
   <div class='ocr_carea' id='block_1_29' title="bbox 2183 1308 3774 1378">
    <p class='ocr_par' dir='ltr' id='par_1_29' title="bbox 2183 1308 3774 1378">
     <span class='ocr_line' id='line_1_29' title="bbox 2183 1308 3774 1378; baseline -0.001 -19"><span class='ocrx_word' id='word_1_193' title='bbox 2183 1324 2291 1361; x_wconf 85' lang='grc' dir='ltr'><strong>των</strong></span> <span class='ocrx_word' id='word_1_194' title='bbox 2331 1310 2713 1378; x_wconf 84' lang='grc' dir='ltr'>ἐπιστήμονες,</span> <span class='ocrx_word' id='word_1_195' title='bbox 2760 1311 2881 1372; x_wconf 87' lang='grc' dir='ltr'>ταῖς</span> <span class='ocrx_word' id='word_1_196' title='bbox 2928 1310 3009 1370; x_wconf 86' lang='grc' dir='ltr'><strong>είς</strong></span> <span class='ocrx_word' id='word_1_197' title='bbox 3058 1309 3118 1361; x_wconf 85' lang='grc' dir='ltr'><strong>τὸ</strong></span> <span class='ocrx_word' id='word_1_198' title='bbox 3162 1308 3384 1377; x_wconf 85' lang='grc' dir='ltr'>ἄμεινον</span> <span class='ocrx_word' id='word_1_199' title='bbox 3437 1308 3774 1376; x_wconf 76' lang='grc' dir='ltr'>ἁναδρομαῐς</span> 
     </span>
    </p>
   </div>
   <div class='ocr_carea' id='block_1_30' title="bbox 2189 1398 3772 1471">
    <p class='ocr_par' dir='ltr' id='par_1_30' title="bbox 2189 1398 3772 1471">
     <span class='ocr_line' id='line_1_30' title="bbox 2189 1398 3772 1471; baseline -0.003 -18"><span class='ocrx_word' id='word_1_200' title='bbox 2189 1399 2514 1469; x_wconf 77' lang='grc' dir='ltr'>θεραπεύειν</span> <span class='ocrx_word' id='word_1_201' title='bbox 2530 1400 2908 1471; x_wconf 81' lang='grc' dir='ltr'>λελυπημένον</span> <span class='ocrx_word' id='word_1_202' title='bbox 2929 1400 3019 1453; x_wconf 70' lang='grc' dir='ltr'>τὸν</span> <span class='ocrx_word' id='word_1_203' title='bbox 3048 1400 3156 1453; x_wconf 85' lang='grc' dir='ltr'><strong>τῶν</strong></span> <span class='ocrx_word' id='word_1_204' title='bbox 3179 1400 3316 1452; x_wconf 82' lang='grc' dir='ltr'>ὅλων</span> <span class='ocrx_word' id='word_1_205' title='bbox 3334 1399 3487 1457; x_wconf 75' lang='grc' dir='ltr'>Θεὸν.</span> <span class='ocrx_word' id='word_1_206' title='bbox 3512 1398 3772 1450; x_wconf 75' lang='grc' dir='ltr'>ἀσύνετον</span> 
     </span>
    </p>
   </div>
   <div class='ocr_carea' id='block_1_31' title="bbox 2187 1489 3776 1561">
    <p class='ocr_par' dir='ltr' id='par_1_31' title="bbox 2187 1489 3776 1561">
     <span class='ocr_line' id='line_1_31' title="bbox 2187 1489 3776 1561; baseline 0 -18"><span class='ocrx_word' id='word_1_207' title='bbox 2187 1491 2469 1545; x_wconf 77' lang='grc' dir='ltr'>ἐποιοῦντο</span> <span class='ocrx_word' id='word_1_208' title='bbox 2523 1491 2621 1561; x_wconf 82' lang='grc' dir='ltr'>τὴν</span> <span class='ocrx_word' id='word_1_209' title='bbox 2674 1491 2968 1559; x_wconf 80' lang='grc' dir='ltr'>καταϐοήν.</span> <span class='ocrx_word' id='word_1_210' title='bbox 3037 1492 3253 1558; x_wconf 83' lang='grc' dir='ltr'><strong>Ἐπειδὴ</strong></span> <span class='ocrx_word' id='word_1_211' title='bbox 3302 1491 3414 1561; x_wconf 86' lang='grc' dir='ltr'>γὰρ</span> <span class='ocrx_word' id='word_1_212' title='bbox 3463 1489 3654 1561; x_wconf 81' lang='grc' dir='ltr'>ἑώρων</span> <span class='ocrx_word' id='word_1_213' title='bbox 3710 1490 3776 1543; x_wconf 78' lang='grc' dir='ltr'>τὰ</span> 
     </span>
    </p>
   </div>
   <div class='ocr_carea' id='block_1_32' title="bbox 2186 1581 3749 1653">
    <p class='ocr_par' dir='ltr' id='par_1_32' title="bbox 2186 1581 3749 1653">
     <span class='ocr_line' id='line_1_32' title="bbox 2186 1581 3749 1653; baseline -0.001 -19"><span class='ocrx_word' id='word_1_214' title='bbox 2186 1582 2439 1653; x_wconf 82' lang='grc' dir='ltr'>περίοικα</span> <span class='ocrx_word' id='word_1_215' title='bbox 2466 1581 2574 1634; x_wconf 85' lang='grc' dir='ltr'><strong>τῶν</strong></span> <span class='ocrx_word' id='word_1_216' title='bbox 2614 1581 2785 1635; x_wconf 83' lang='grc' dir='ltr'>ἐθνῶν</span> <span class='ocrx_word' id='word_1_217' title='bbox 2813 1582 2907 1635; x_wconf 74' lang='grc' dir='ltr'>καὶ</span> <span class='ocrx_word' id='word_1_218' title='bbox 2950 1581 3040 1634; x_wconf 83' lang='grc' dir='ltr'>τὸν</span> <span class='ocrx_word' id='word_1_219' title='bbox 3071 1581 3202 1635; x_wconf 81' lang='grc' dir='ltr'>Θεὸν</span> <span class='ocrx_word' id='word_1_220' title='bbox 3236 1583 3336 1635; x_wconf 78' lang='grc' dir='ltr'><strong>οὐκ</strong></span> <span class='ocrx_word' id='word_1_221' title='bbox 3365 1581 3563 1645; x_wconf 82' lang='grc' dir='ltr'><strong>εἰδότα,</strong></span> <span class='ocrx_word' id='word_1_222' title='bbox 3607 1596 3749 1651; x_wconf 84' lang='grc' dir='ltr'>προσ</span> 
     </span>
    </p>
   </div>
   <div class='ocr_carea' id='block_1_33' title="bbox 2188 1673 3774 1744">
    <p class='ocr_par' dir='ltr' id='par_1_33' title="bbox 2188 1673 3774 1744">
     <span class='ocr_line' id='line_1_33' title="bbox 2188 1673 3774 1744; baseline -0.002 -17"><span class='ocrx_word' id='word_1_223' title='bbox 2188 1673 2455 1728; x_wconf 85' lang='grc' dir='ltr'>κυνοῦντα</span> <span class='ocrx_word' id='word_1_224' title='bbox 2491 1673 2547 1727; x_wconf 86' lang='grc' dir='ltr'><strong>δὲ</strong></span> <span class='ocrx_word' id='word_1_225' title='bbox 2581 1673 2781 1744; x_wconf 83' lang='grc' dir='ltr'>μᾶλλον</span> <span class='ocrx_word' id='word_1_226' title='bbox 2810 1677 2922 1737; x_wconf 87' lang='grc' dir='ltr'>τοῖς</span> <span class='ocrx_word' id='word_1_227' title='bbox 2961 1674 3244 1741; x_wconf 80' lang='grc' dir='ltr'><strong>γλυπτοῖς,</strong></span> <span class='ocrx_word' id='word_1_228' title='bbox 3280 1674 3374 1726; x_wconf 70' lang='grc' dir='ltr'><strong>καὶ</strong></span> <span class='ocrx_word' id='word_1_229' title='bbox 3408 1675 3507 1744; x_wconf 84' lang='grc' dir='ltr'>τὴν</span> <span class='ocrx_word' id='word_1_230' title='bbox 3538 1673 3774 1742; x_wconf 76' lang='grc' dir='ltr'>ἐσχάτην</span> 
     </span>
    </p>
   </div>
   <div class='ocr_carea' id='block_1_34' title="bbox 495 1749 2094 1836">
    <p class='ocr_par' dir='ltr' id='par_1_34' title="bbox 495 1764 2084 1835">
     <span class='ocr_line' id='line_1_34' title="bbox 495 1764 2084 1835; baseline 0 -16"><span class='ocrx_word' id='word_1_231' title='bbox 495 1766 549 1819; x_wconf 89' lang='lat' dir='ltr'><strong>in</strong></span> <span class='ocrx_word' id='word_1_232' title='bbox 582 1764 976 1833; x_wconf 76' lang='lat' dir='ltr'><strong>captivitatem,</strong></span> <span class='ocrx_word' id='word_1_233' title='bbox 1013 1765 1228 1819; x_wconf 88' lang='lat' dir='ltr'><strong>tametsi</strong></span> <span class='ocrx_word' id='word_1_234' title='bbox 1283 1766 1501 1820; x_wconf 82' lang='lat' dir='ltr'><strong>assidue</strong></span> <span class='ocrx_word' id='word_1_235' title='bbox 1540 1764 1771 1819; x_wconf 87' lang='lat' dir='ltr'><strong>Domino</strong></span> <span class='ocrx_word' id='word_1_236' title='bbox 1836 1766 2084 1835; x_wconf 79' lang='lat' dir='ltr'><strong>omnipo-</strong></span> 
     </span>
    </p>
   </div>
   <div class='ocr_carea' id='block_1_35' title="bbox 2201 1749 3770 1836">
    <p class='ocr_par' dir='ltr' id='par_1_35' title="bbox 2201 1765 3770 1836">
     <span class='ocr_line' id='line_1_35' title="bbox 2201 1765 3770 1836; baseline -0.003 -15"><span class='ocrx_word' id='word_1_237' title='bbox 2201 1766 2454 1821; x_wconf 76' lang='grc' dir='ltr'>νοσοῦντα</span> <span class='ocrx_word' id='word_1_238' title='bbox 2486 1767 2776 1836; x_wconf 79' lang='grc' dir='ltr'>πλάνησιν,</span> <span class='ocrx_word' id='word_1_239' title='bbox 2807 1768 2865 1819; x_wconf 83' lang='grc' dir='ltr'>ὲν</span> <span class='ocrx_word' id='word_1_240' title='bbox 2890 1765 3210 1830; x_wconf 81' lang='grc' dir='ltr'>εὐπαθείαις</span> <span class='ocrx_word' id='word_1_241' title='bbox 3239 1767 3366 1819; x_wconf 79' lang='grc' dir='ltr'>ὄντα</span> <span class='ocrx_word' id='word_1_242' title='bbox 3399 1769 3493 1819; x_wconf 74' lang='grc' dir='ltr'><strong>καὶ</strong></span> <span class='ocrx_word' id='word_1_243' title='bbox 3519 1767 3770 1836; x_wconf 79' lang='grc' dir='ltr'>τρυφαῖς,</span> 
     </span>
    </p>
   </div>
   <div class='ocr_carea' id='block_1_36' title="bbox 497 1856 2091 1927">
    <p class='ocr_par' dir='ltr' id='par_1_36' title="bbox 497 1856 2091 1927">
     <span class='ocr_line' id='line_1_36' title="bbox 497 1856 2091 1927; baseline 0.002 -18"><span class='ocrx_word' id='word_1_244' title='bbox 497 1856 628 1910; x_wconf 85' lang='lat' dir='ltr'><strong>lenti</strong></span> <span class='ocrx_word' id='word_1_245' title='bbox 661 1858 927 1927; x_wconf 89' lang='lat' dir='ltr'><strong>supplices</strong></span> <span class='ocrx_word' id='word_1_246' title='bbox 955 1858 1384 1912; x_wconf 84' lang='lat' dir='ltr'><strong>advolveremur.</strong></span> <span class='ocrx_word' id='word_1_247' title='bbox 1419 1858 1640 1920; x_wconf 87' lang='lat' dir='ltr'><strong>Contra,</strong></span> <span class='ocrx_word' id='word_1_248' title='bbox 1665 1859 1754 1927; x_wconf 88' lang='lat' dir='ltr'><strong>qui</strong></span> <span class='ocrx_word' id='word_1_249' title='bbox 1788 1859 1978 1913; x_wconf 89' lang='lat' dir='ltr'><strong>borum</strong></span> <span class='ocrx_word' id='word_1_250' title='bbox 2010 1859 2091 1912; x_wconf 86' lang='lat' dir='ltr'><strong>ni-</strong></span> 
     </span>
    </p>
   </div>
   <div class='ocr_carea' id='block_1_37' title="bbox 502 1947 2090 2018">
    <p class='ocr_par' dir='ltr' id='par_1_37' title="bbox 502 1947 2090 2018">
     <span class='ocr_line' id='line_1_37' title="bbox 502 1947 2090 2018; baseline 0.003 -17"><span class='ocrx_word' id='word_1_251' title='bbox 502 1947 578 2002; x_wconf 85' lang='lat' dir='ltr'><strong>hil</strong></span> <span class='ocrx_word' id='word_1_252' title='bbox 597 1947 818 2013; x_wconf 78' lang='lat' dir='ltr'><strong>iaciunt,</strong></span> <span class='ocrx_word' id='word_1_253' title='bbox 859 1964 962 2003; x_wconf 92' lang='lat' dir='ltr'><strong>non</strong></span> <span class='ocrx_word' id='word_1_254' title='bbox 982 1948 1164 2018; x_wconf 72' lang='lat' dir='ltr'><strong>plagas</strong></span> <span class='ocrx_word' id='word_1_255' title='bbox 1191 1949 1451 2015; x_wconf 84' lang='lat' dir='ltr'><strong>sentiunt,</strong></span> <span class='ocrx_word' id='word_1_256' title='bbox 1472 1965 1574 2005; x_wconf 90' lang='lat' dir='ltr'><strong>non</strong></span> <span class='ocrx_word' id='word_1_257' title='bbox 1605 1950 1874 2005; x_wconf 83' lang='lat' dir='ltr'><strong>miserias.</strong></span> <span class='ocrx_word' id='word_1_258' title='bbox 1893 1949 2090 2014; x_wconf 83' lang='lat' dir='ltr'><strong>Quatu-</strong></span> 
     </span>
    </p>
   </div>
   <div class='ocr_carea' id='block_1_38' title="bbox 494 2038 2088 2097">
    <p class='ocr_par' dir='ltr' id='par_1_38' title="bbox 494 2038 2088 2097">
     <span class='ocr_line' id='line_1_38' title="bbox 494 2038 2088 2097; baseline 0.004 -7"><span class='ocrx_word' id='word_1_259' title='bbox 494 2040 683 2092; x_wconf 90' lang='lat' dir='ltr'><strong>obrem</strong></span> <span class='ocrx_word' id='word_1_260' title='bbox 714 2038 903 2094; x_wconf 89' lang='lat' dir='ltr'><strong>beatos</strong></span> <span class='ocrx_word' id='word_1_261' title='bbox 927 2056 1274 2095; x_wconf 86' lang='lat' dir='ltr'><strong>numeramus</strong></span> <span class='ocrx_word' id='word_1_262' title='bbox 1298 2040 1527 2096; x_wconf 85' lang='lat' dir='ltr'><strong>alienos.</strong></span> <span class='ocrx_word' id='word_1_263' title='bbox 1569 2058 1589 2094; x_wconf 80' lang='grc' dir='ltr'><strong>ι</strong></span> <span class='ocrx_word' id='word_1_264' title='bbox 1632 2041 1698 2097; x_wconf 88' lang='lat' dir='ltr'><strong>Et</strong></span> <span class='ocrx_word' id='word_1_265' title='bbox 1751 2042 2088 2097; x_wconf 69' lang='lat' dir='ltr'><strong>remdiﬁcan-</strong></span> 
     </span>
    </p>
   </div>
   <div class='ocr_carea' id='block_1_39' title="bbox 460 2128 2089 2198">
    <p class='ocr_par' dir='ltr' id='par_1_39' title="bbox 460 2128 2089 2198">
     <span class='ocr_line' id='line_1_39' title="bbox 460 2128 2089 2198; baseline 0.003 -17"><span class='ocrx_word' id='word_1_266' title='bbox 460 2184 465 2189; x_wconf 64' lang='grc'><strong>,</strong></span> <span class='ocrx_word' id='word_1_267' title='bbox 500 2140 582 2182; x_wconf 87' lang='lat' dir='ltr'><strong>tes</strong></span> <span class='ocrx_word' id='word_1_268' title='bbox 610 2128 700 2197; x_wconf 86' lang='lat' dir='ltr'><strong>qui</strong></span> <span class='ocrx_word' id='word_1_269' title='bbox 721 2128 927 2183; x_wconf 71' lang='lat' dir='ltr'><strong>faciunt</strong></span> <span class='ocrx_word' id='word_1_270' title='bbox 948 2130 1126 2198; x_wconf 89' lang='lat' dir='ltr'><strong>iniqua</strong></span> <span class='ocrx_word' id='word_1_271' title='bbox 1150 2130 1599 2187; x_wconf 85' lang='lat' dir='ltr'><strong>restiteruntDeo</strong></span> <span class='ocrx_word' id='word_1_272' title='bbox 1614 2133 1880 2188; x_wconf 88' lang='lat' dir='ltr'><strong>etsalvati</strong></span> <span class='ocrx_word' id='word_1_273' title='bbox 1900 2144 2049 2188; x_wconf 86' lang='lat' dir='ltr'><strong>sunt.</strong></span> <span class='ocrx_word' id='word_1_274' title='bbox 2068 2149 2089 2186; x_wconf 83' lang='grc'><strong>›</strong></span> 
     </span>
    </p>
   </div>
   <div class='ocr_carea' id='block_1_40' title="bbox 498 2220 2094 2293">
    <p class='ocr_par' dir='ltr' id='par_1_40' title="bbox 498 2220 2094 2293">
     <span class='ocr_line' id='line_1_40' title="bbox 498 2220 2094 2293; baseline 0.004 -20"><span class='ocrx_word' id='word_1_275' title='bbox 498 2220 824 2290; x_wconf 74' lang='lat' dir='ltr'><strong>liepuguant</strong></span> <span class='ocrx_word' id='word_1_276' title='bbox 852 2221 995 2276; x_wconf 89' lang='lat' dir='ltr'><strong>enim</strong></span> <span class='ocrx_word' id='word_1_277' title='bbox 1032 2224 1274 2290; x_wconf 75' lang='lat' dir='ltr'><strong>profecto</strong></span> <span class='ocrx_word' id='word_1_278' title='bbox 1337 2224 1522 2293; x_wconf 68' lang='lat' dir='ltr'><strong>gloriae</strong></span> <span class='ocrx_word' id='word_1_279' title='bbox 1574 2225 1667 2279; x_wconf 90' lang='lat' dir='ltr'><strong>Dei</strong></span> <span class='ocrx_word' id='word_1_280' title='bbox 1718 2225 2094 2293; x_wconf 84' lang='lat' dir='ltr'><strong>multipliciter</strong></span> 
     </span>
    </p>
   </div>
   <div class='ocr_carea' id='block_1_41' title="bbox 497 2312 2092 2385">
    <p class='ocr_par' dir='ltr' id='par_1_41' title="bbox 497 2312 2092 2385">
     <span class='ocr_line' id='line_1_41' title="bbox 497 2312 2092 2385; baseline 0.005 -21"><span class='ocrx_word' id='word_1_281' title='bbox 497 2313 587 2381; x_wconf 89' lang='lat' dir='ltr'><strong>qui</strong></span> <span class='ocrx_word' id='word_1_282' title='bbox 619 2326 825 2377; x_wconf 86' lang='lat' dir='ltr'><strong>errant,</strong></span> <span class='ocrx_word' id='word_1_283' title='bbox 854 2322 909 2369; x_wconf 87' lang='lat' dir='ltr'><strong>et</strong></span> <span class='ocrx_word' id='word_1_284' title='bbox 927 2312 1292 2370; x_wconf 82' lang='lat' dir='ltr'><strong>conﬂatilibus</strong></span> <span class='ocrx_word' id='word_1_285' title='bbox 1320 2317 1689 2380; x_wconf 77' lang='lat' dir='ltr'><strong>sacrilicant,¢</strong></span> <span class='ocrx_word' id='word_1_286' title='bbox 1732 2316 1800 2371; x_wconf 85' lang='lat' dir='ltr'><strong>Et</strong></span> <span class='ocrx_word' id='word_1_287' title='bbox 1828 2316 1973 2385; x_wconf 73' lang='lat' dir='ltr'><strong>ligno</strong></span> <span class='ocrx_word' id='word_1_288' title='bbox 2003 2318 2092 2372; x_wconf 85' lang='lat' dir='ltr'><strong>di-</strong></span> 
     </span>
    </p>
   </div>
   <div class='ocr_carea' id='block_1_42' title="bbox 499 2405 2091 2476">
    <p class='ocr_par' dir='ltr' id='par_1_42' title="bbox 499 2405 2091 2476">
     <span class='ocr_line' id='line_1_42' title="bbox 499 2405 2091 2476; baseline 0.005 -19"><span class='ocrx_word' id='word_1_289' title='bbox 499 2412 628 2457; x_wconf 87' lang='lat' dir='ltr'><strong>cunt</strong></span> <span class='ocrx_word' id='word_1_290' title='bbox 661 2420 674 2458; x_wconf 91' lang='lat'><strong>:</strong></span> <span class='ocrx_word' id='word_1_291' title='bbox 705 2405 845 2459; x_wconf 89' lang='lat' dir='ltr'><strong>Deus</strong></span> <span class='ocrx_word' id='word_1_292' title='bbox 869 2420 1021 2461; x_wconf 87' lang='lat' dir='ltr'><strong>meus</strong></span> <span class='ocrx_word' id='word_1_293' title='bbox 1048 2421 1107 2461; x_wconf 90' lang='lat' dir='ltr'><strong>es</strong></span> <span class='ocrx_word' id='word_1_294' title='bbox 1131 2416 1207 2470; x_wconf 91' lang='lat' dir='ltr'><strong>tu,</strong></span> <span class='ocrx_word' id='word_1_295' title='bbox 1243 2416 1295 2462; x_wconf 88' lang='lat' dir='ltr'><strong>et</strong></span> <span class='ocrx_word' id='word_1_296' title='bbox 1313 2406 1473 2476; x_wconf 88' lang='lat' dir='ltr'><strong>lapidi</strong></span> <span class='ocrx_word' id='word_1_297' title='bbox 1500 2426 1514 2461; x_wconf 91' lang='lat'><strong>:</strong></span> <span class='ocrx_word' id='word_1_298' title='bbox 1538 2407 1616 2462; x_wconf 87' lang='lat' dir='ltr'><strong>Tu</strong></span> <span class='ocrx_word' id='word_1_299' title='bbox 1648 2408 1879 2475; x_wconf 74' lang='lat' dir='ltr'><strong>genuisti</strong></span> <span class='ocrx_word' id='word_1_300' title='bbox 1913 2425 1999 2464; x_wconf 89' lang='lat' dir='ltr'><strong>me</strong></span> <span class='ocrx_word' id='word_1_301' title='bbox 2023 2410 2091 2465; x_wconf 79' lang='grc'><strong>’³.</strong></span> 
     </span>
    </p>
   </div>
   <div class='ocr_carea' id='block_1_43' title="bbox 502 2493 2089 2569">
    <p class='ocr_par' dir='ltr' id='par_1_43' title="bbox 502 2493 2089 2569">
     <span class='ocr_line' id='line_1_43' title="bbox 502 2493 2089 2569; baseline 0.004 -20"><span class='ocrx_word' id='word_1_302' title='bbox 502 2493 631 2550; x_wconf 73' lang='lat' dir='ltr'><strong>Haec</strong></span> <span class='ocrx_word' id='word_1_303' title='bbox 659 2495 901 2552; x_wconf 82' lang='lat' dir='ltr'><strong>oblocuti</strong></span> <span class='ocrx_word' id='word_1_304' title='bbox 927 2507 1076 2561; x_wconf 85' lang='lat' dir='ltr'><strong>sunt,</strong></span> <span class='ocrx_word' id='word_1_305' title='bbox 1114 2498 1319 2568; x_wconf 86' lang='lat' dir='ltr'><strong>inquit,</strong></span> <span class='ocrx_word' id='word_1_306' title='bbox 1356 2500 1448 2569; x_wconf 86' lang='lat' dir='ltr'><strong>qui</strong></span> <span class='ocrx_word' id='word_1_307' title='bbox 1483 2500 1678 2555; x_wconf 89' lang='lat' dir='ltr'><strong>timent</strong></span> <span class='ocrx_word' id='word_1_308' title='bbox 1723 2500 2031 2555; x_wconf 88' lang='lat' dir='ltr'><strong>Dominum.</strong></span> <span class='ocrx_word' id='word_1_309' title='bbox 2069 2519 2089 2555; x_wconf 74' lang='grc' dir='ltr'><strong>ι</strong></span> 
     </span>
    </p>
   </div>
   <div class='ocr_carea' id='block_1_44' title="bbox 501 2584 2095 2660">
    <p class='ocr_par' dir='ltr' id='par_1_44' title="bbox 501 2584 2095 2660">
     <span class='ocr_line' id='line_1_44' title="bbox 501 2584 2095 2660; baseline 0.005 -21"><span class='ocrx_word' id='word_1_310' title='bbox 501 2584 679 2642; x_wconf 86' lang='lat' dir='ltr'><strong>Habet</strong></span> <span class='ocrx_word' id='word_1_311' title='bbox 724 2598 906 2643; x_wconf 84' lang='lat' dir='ltr'><strong>autem</strong></span> <span class='ocrx_word' id='word_1_312' title='bbox 952 2590 1230 2644; x_wconf 88' lang='lat' dir='ltr'><strong>accusatio</strong></span> <span class='ocrx_word' id='word_1_313' title='bbox 1280 2589 1417 2644; x_wconf 90' lang='lat' dir='ltr'><strong>nihil</strong></span> <span class='ocrx_word' id='word_1_314' title='bbox 1463 2601 1660 2660; x_wconf 64' lang='lat' dir='ltr'><strong>praeter</strong></span> <span class='ocrx_word' id='word_1_315' title='bbox 1720 2591 2095 2653; x_wconf 86' lang='lat' dir='ltr'><strong>maledictum.</strong></span> 
     </span>
    </p>
   </div>
   <div class='ocr_carea' id='block_1_45' title="bbox 501 2681 2099 2752">
    <p class='ocr_par' dir='ltr' id='par_1_45' title="bbox 501 2681 2099 2752">
     <span class='ocr_line' id='line_1_45' title="bbox 501 2681 2099 2752; baseline 0.003 -15"><span class='ocrx_word' id='word_1_316' title='bbox 501 2681 866 2752; x_wconf 86' lang='lat' dir='ltr'><strong>morbumque</strong></span> <span class='ocrx_word' id='word_1_317' title='bbox 889 2682 1202 2752; x_wconf 80' lang='lat' dir='ltr'><strong>pestiferum</strong></span> <span class='ocrx_word' id='word_1_318' title='bbox 1251 2684 1534 2740; x_wconf 82' lang='lat' dir='ltr'><strong>evidenter</strong></span> <span class='ocrx_word' id='word_1_319' title='bbox 1585 2686 1946 2744; x_wconf 81' lang='lat' dir='ltr'><strong>demonstrat.</strong></span> <span class='ocrx_word' id='word_1_320' title='bbox 1998 2687 2099 2743; x_wconf 85' lang='lat' dir='ltr'><strong>Est</strong></span> 
     </span>
    </p>
   </div>
   <div class='ocr_carea' id='block_1_46' title="bbox 499 2774 2097 2843">
    <p class='ocr_par' dir='ltr' id='par_1_46' title="bbox 499 2774 2097 2843">
     <span class='ocr_line' id='line_1_46' title="bbox 499 2774 2097 2843; baseline 0.004 -16"><span class='ocrx_word' id='word_1_321' title='bbox 499 2774 645 2827; x_wconf 77' lang='lat' dir='ltr'><strong>enim</strong></span> <span class='ocrx_word' id='word_1_322' title='bbox 680 2782 897 2843; x_wconf 73' lang='lat' dir='ltr'><strong>aegrota:</strong></span> <span class='ocrx_word' id='word_1_323' title='bbox 954 2775 1170 2841; x_wconf 87' lang='lat' dir='ltr'><strong>mentis,</strong></span> <span class='ocrx_word' id='word_1_324' title='bbox 1203 2784 1259 2830; x_wconf 85' lang='lat' dir='ltr'><strong>et</strong></span> <span class='ocrx_word' id='word_1_325' title='bbox 1306 2776 1472 2831; x_wconf 77' lang='lat' dir='ltr'><strong>animi</strong></span> <span class='ocrx_word' id='word_1_326' title='bbox 1514 2777 1652 2833; x_wconf 86' lang='lat' dir='ltr'><strong>ebrii</strong></span> <span class='ocrx_word' id='word_1_327' title='bbox 1701 2777 1810 2833; x_wconf 85' lang='lat' dir='ltr'><strong>Deo</strong></span> <span class='ocrx_word' id='word_1_328' title='bbox 1862 2778 2097 2834; x_wconf 85' lang='lat' dir='ltr'><strong>invisum</strong></span> 
     </span>
    </p>
   </div>
   <div class='ocr_carea' id='block_1_47' title="bbox 504 2864 2101 2943">
    <p class='ocr_par' dir='ltr' id='par_1_47' title="bbox 504 2864 2101 2943">
     <span class='ocr_line' id='line_1_47' title="bbox 504 2864 2101 2943; baseline 0.006 -26"><span class='ocrx_word' id='word_1_329' title='bbox 504 2864 951 2933; x_wconf 82' lang='lat' dir='ltr'><strong>rejectamentum</strong></span> <span class='ocrx_word' id='word_1_330' title='bbox 977 2876 1165 2922; x_wconf 86' lang='lat' dir='ltr'><strong>contra</strong></span> <span class='ocrx_word' id='word_1_331' title='bbox 1196 2866 1366 2924; x_wconf 85' lang='lat' dir='ltr'><strong>Deum</strong></span> <span class='ocrx_word' id='word_1_332' title='bbox 1388 2869 1684 2939; x_wconf 85' lang='lat' dir='ltr'><strong>quidquam</strong></span> <span class='ocrx_word' id='word_1_333' title='bbox 1715 2870 1883 2943; x_wconf 84' lang='lat' dir='ltr'><strong>loqui.</strong></span> <span class='ocrx_word' id='word_1_334' title='bbox 1906 2873 1977 2927; x_wconf 86' lang='lat' dir='ltr'><strong>Se</strong></span> <span class='ocrx_word' id='word_1_335' title='bbox 2005 2887 2101 2926; x_wconf 88' lang='lat' dir='ltr'><strong>au-</strong></span> 
     </span>
    </p>
   </div>
   <div class='ocr_carea' id='block_1_48' title="bbox 504 2952 2101 3026">
    <p class='ocr_par' dir='ltr' id='par_1_48' title="bbox 504 2952 2101 3026">
     <span class='ocr_line' id='line_1_48' title="bbox 504 2952 2101 3026; baseline 0.004 -14"><span class='ocrx_word' id='word_1_336' title='bbox 504 2966 614 3013; x_wconf 82' lang='lat' dir='ltr'><strong>tem</strong></span> <span class='ocrx_word' id='word_1_337' title='bbox 668 2957 804 3014; x_wconf 87' lang='lat' dir='ltr'><strong>tales</strong></span> <span class='ocrx_word' id='word_1_338' title='bbox 850 2952 1130 3015; x_wconf 77' lang='lat' dir='ltr'><strong>sermones</strong></span> <span class='ocrx_word' id='word_1_339' title='bbox 1176 2976 1285 3015; x_wconf 87' lang='lat' dir='ltr'><strong>non</strong></span> <span class='ocrx_word' id='word_1_340' title='bbox 1315 2958 1511 3026; x_wconf 87' lang='lat' dir='ltr'><strong>obiter,</strong></span> <span class='ocrx_word' id='word_1_341' title='bbox 1545 2963 1640 3016; x_wconf 89' lang='lat' dir='ltr'><strong>sed</strong></span> <span class='ocrx_word' id='word_1_342' title='bbox 1694 2964 1932 3019; x_wconf 86' lang='lat' dir='ltr'><strong>studiose</strong></span> <span class='ocrx_word' id='word_1_343' title='bbox 2003 2980 2101 3019; x_wconf 83' lang='lat' dir='ltr'><strong>au-</strong></span> 
     </span>
    </p>
   </div>
   <div class='ocr_carea' id='block_1_49' title="bbox 2192 1856 3774 1927">
    <p class='ocr_par' dir='ltr' id='par_1_49' title="bbox 2192 1856 3774 1927">
     <span class='ocr_line' id='line_1_49' title="bbox 2192 1856 3774 1927; baseline -0.001 -17"><span class='ocrx_word' id='word_1_344' title='bbox 2192 1859 2432 1927; x_wconf 74' lang='grc' dir='ltr'>ἔφασκον</span> <span class='ocrx_word' id='word_1_345' title='bbox 2464 1858 2744 1922; x_wconf 79' lang='grc' dir='ltr'>ἀσυνέτως</span> <span class='ocrx_word' id='word_1_346' title='bbox 2763 1874 2776 1888; x_wconf 89' lang='grc'><strong>·</strong></span> <span class='ocrx_word' id='word_1_347' title='bbox 2820 1877 2839 1909; x_wconf 84' lang='grc' dir='ltr'><strong>ι</strong></span> <span class='ocrx_word' id='word_1_348' title='bbox 2876 1858 3121 1919; x_wconf 82' lang='grc' dir='ltr'>Μάταιος</span> <span class='ocrx_word' id='word_1_349' title='bbox 3145 1859 3174 1910; x_wconf 88' lang='grc' dir='ltr'><strong>ὁ</strong></span> <span class='ocrx_word' id='word_1_350' title='bbox 3198 1858 3462 1911; x_wconf 80' lang='grc' dir='ltr'>δουλεύων</span> <span class='ocrx_word' id='word_1_351' title='bbox 3496 1856 3640 1925; x_wconf 82' lang='grc' dir='ltr'>Θεῷ.</span> <span class='ocrx_word' id='word_1_352' title='bbox 3670 1857 3774 1909; x_wconf 75' lang='grc' dir='ltr'><strong>Καὶ</strong></span> 
     </span>
    </p>
   </div>
   <div class='ocr_carea' id='block_1_50' title="bbox 2190 1944 3771 2017">
    <p class='ocr_par' dir='ltr' id='par_1_50' title="bbox 2190 1944 3771 2017">
     <span class='ocr_line' id='line_1_50' title="bbox 2190 1944 3771 2017; baseline -0.002 -17"><span class='ocrx_word' id='word_1_353' title='bbox 2190 1949 2243 2000; x_wconf 89' lang='grc' dir='ltr'><strong>τί</strong></span> <span class='ocrx_word' id='word_1_354' title='bbox 2279 1948 2462 2001; x_wconf 85' lang='grc' dir='ltr'>πλεῖον</span> <span class='ocrx_word' id='word_1_355' title='bbox 2501 1949 2584 2001; x_wconf 82' lang='grc' dir='ltr'><strong>ὅτι</strong></span> <span class='ocrx_word' id='word_1_356' title='bbox 2615 1947 2962 2017; x_wconf 75' lang='grc' dir='ltr'>ὲφυλάξαμεν</span> <span class='ocrx_word' id='word_1_357' title='bbox 3011 1948 3080 2001; x_wconf 80' lang='grc' dir='ltr'>τὰ</span> <span class='ocrx_word' id='word_1_358' title='bbox 3129 1947 3459 2017; x_wconf 82' lang='grc' dir='ltr'>φυλάγματα</span> <span class='ocrx_word' id='word_1_359' title='bbox 3503 1944 3712 2008; x_wconf 66' lang='lat' dir='ltr'><strong>uinci};</strong></span> <span class='ocrx_word' id='word_1_360' title='bbox 3752 1965 3771 1997; x_wconf 72' lang='grc' dir='ltr'><strong>ι</strong></span> 
     </span>
    </p>
   </div>
   <div class='ocr_carea' id='block_1_51' title="bbox 2205 2040 3778 2111">
    <p class='ocr_par' dir='ltr' id='par_1_51' title="bbox 2205 2040 3778 2111">
     <span class='ocr_line' id='line_1_51' title="bbox 2205 2040 3778 2111; baseline -0.003 -16"><span class='ocrx_word' id='word_1_361' title='bbox 2205 2041 2396 2111; x_wconf 82' lang='grc' dir='ltr'>Ἡμεῖς</span> <span class='ocrx_word' id='word_1_362' title='bbox 2445 2040 2575 2111; x_wconf 89' lang='grc' dir='ltr'><strong>γάρ,</strong></span> <span class='ocrx_word' id='word_1_363' title='bbox 2628 2041 2813 2110; x_wconf 76' lang='grc' dir='ltr'>φησὶν,</span> <span class='ocrx_word' id='word_1_364' title='bbox 2869 2042 2919 2093; x_wconf 82' lang='grc' dir='ltr'>οἱ</span> <span class='ocrx_word' id='word_1_365' title='bbox 2969 2040 3350 2110; x_wconf 78' lang='grc' dir='ltr'>νομοφύλακες</span> <span class='ocrx_word' id='word_1_366' title='bbox 3412 2041 3471 2092; x_wconf 83' lang='grc' dir='ltr'>ὲν</span> <span class='ocrx_word' id='word_1_367' title='bbox 3520 2040 3778 2109; x_wconf 79' lang='grc' dir='ltr'>ἀπορίαις</span> 
     </span>
    </p>
   </div>
   <div class='ocr_carea' id='block_1_52' title="bbox 2194 2129 3778 2203">
    <p class='ocr_par' dir='ltr' id='par_1_52' title="bbox 2194 2129 3778 2203">
     <span class='ocr_line' id='line_1_52' title="bbox 2194 2129 3778 2203; baseline -0.003 -18"><span class='ocrx_word' id='word_1_368' title='bbox 2194 2133 2361 2202; x_wconf 75' lang='grc' dir='ltr'>ἐσμὲν</span> <span class='ocrx_word' id='word_1_369' title='bbox 2402 2134 2497 2186; x_wconf 78' lang='grc' dir='ltr'><strong>καὶ</strong></span> <span class='ocrx_word' id='word_1_370' title='bbox 2544 2131 2799 2202; x_wconf 78' lang='grc' dir='ltr'><strong>πληγαῖς.</strong></span> <span class='ocrx_word' id='word_1_371' title='bbox 2855 2132 3132 2203; x_wconf 81' lang='grc' dir='ltr'>ᾮχήμεθα</span> <span class='ocrx_word' id='word_1_372' title='bbox 3170 2131 3227 2185; x_wconf 88' lang='grc' dir='ltr'>δὲ</span> <span class='ocrx_word' id='word_1_373' title='bbox 3277 2130 3370 2185; x_wconf 78' lang='grc' dir='ltr'>καὶ</span> <span class='ocrx_word' id='word_1_374' title='bbox 3415 2129 3778 2200; x_wconf 76' lang='grc' dir='ltr'>αἰχμάλωτοι,</span> 
     </span>
    </p>
   </div>
   <div class='ocr_carea' id='block_1_53' title="bbox 2193 2222 3780 2298">
    <p class='ocr_par' dir='ltr' id='par_1_53' title="bbox 2193 2222 3780 2298">
     <span class='ocr_line' id='line_1_53' title="bbox 2193 2222 3780 2298; baseline -0.006 -16"><span class='ocrx_word' id='word_1_375' title='bbox 2193 2227 2373 2282; x_wconf 85' lang='grc' dir='ltr'>καίτοι</span> <span class='ocrx_word' id='word_1_376' title='bbox 2423 2228 2863 2298; x_wconf 81' lang='grc' dir='ltr'>προσπίπτοντες</span> <span class='ocrx_word' id='word_1_377' title='bbox 2912 2227 3000 2279; x_wconf 69' lang='grc' dir='ltr'><strong>ἀεὶ</strong></span> <span class='ocrx_word' id='word_1_378' title='bbox 3030 2225 3126 2278; x_wconf 74' lang='grc' dir='ltr'><strong>καὶ</strong></span> <span class='ocrx_word' id='word_1_379' title='bbox 3175 2224 3351 2277; x_wconf 78' lang='grc' dir='ltr'>ἱκέται</span> <span class='ocrx_word' id='word_1_380' title='bbox 3384 2222 3665 2292; x_wconf 83' lang='grc' dir='ltr'>γινόμενοι</span> <span class='ocrx_word' id='word_1_381' title='bbox 3706 2222 3780 2291; x_wconf 84' lang='grc' dir='ltr'>τῷ</span> 
     </span>
    </p>
   </div>
   <div class='ocr_carea' id='block_1_54' title="bbox 2195 2312 3778 2390">
    <p class='ocr_par' dir='ltr' id='par_1_54' title="bbox 2195 2312 3778 2390">
     <span class='ocr_line' id='line_1_54' title="bbox 2195 2312 3778 2390; baseline -0.004 -18"><span class='ocrx_word' id='word_1_382' title='bbox 2195 2317 2387 2388; x_wconf 80' lang='grc' dir='ltr'>Κυρίῳ</span> <span class='ocrx_word' id='word_1_383' title='bbox 2435 2319 2857 2390; x_wconf 81' lang='grc' dir='ltr'>παντοκράτορι.</span> <span class='ocrx_word' id='word_1_384' title='bbox 2895 2318 2958 2370; x_wconf 83' lang='grc' dir='ltr'>Οί</span> <span class='ocrx_word' id='word_1_385' title='bbox 3002 2316 3059 2370; x_wconf 83' lang='grc' dir='ltr'>δὲ</span> <span class='ocrx_word' id='word_1_386' title='bbox 3109 2314 3222 2368; x_wconf 88' lang='grc' dir='ltr'><strong>τῶν</strong></span> <span class='ocrx_word' id='word_1_387' title='bbox 3262 2313 3517 2367; x_wconf 88' lang='grc' dir='ltr'>τοιούτων</span> <span class='ocrx_word' id='word_1_388' title='bbox 3547 2312 3778 2384; x_wconf 86' lang='grc' dir='ltr'>δρῶντες</span> 
     </span>
    </p>
   </div>
   <div class='ocr_carea' id='block_1_55' title="bbox 2196 2404 3778 2482">
    <p class='ocr_par' dir='ltr' id='par_1_55' title="bbox 2196 2404 3778 2482">
     <span class='ocr_line' id='line_1_55' title="bbox 2196 2404 3778 2482; baseline -0.004 -19"><span class='ocrx_word' id='word_1_389' title='bbox 2196 2410 2367 2477; x_wconf 79' lang='grc' dir='ltr'>οὐδὲν,</span> <span class='ocrx_word' id='word_1_390' title='bbox 2408 2410 2471 2463; x_wconf 84' lang='grc' dir='ltr'><strong>ού</strong></span> <span class='ocrx_word' id='word_1_391' title='bbox 2503 2410 2720 2482; x_wconf 81' lang='grc' dir='ltr'>πληγὴν</span> <span class='ocrx_word' id='word_1_392' title='bbox 2765 2409 3004 2480; x_wconf 71' lang='grc' dir='ltr'>ἔχουσιν.</span> <span class='ocrx_word' id='word_1_393' title='bbox 3038 2408 3098 2461; x_wconf 82' lang='grc' dir='ltr'><strong>ού</strong></span> <span class='ocrx_word' id='word_1_394' title='bbox 3132 2408 3315 2461; x_wconf 89' lang='grc' dir='ltr'>πόνον.</span> <span class='ocrx_word' id='word_1_395' title='bbox 3351 2404 3563 2459; x_wconf 81' lang='grc' dir='ltr'>Οὐκοῦν</span> <span class='ocrx_word' id='word_1_396' title='bbox 3600 2421 3778 2475; x_wconf 83' lang='grc' dir='ltr'>μακα-</span> 
     </span>
    </p>
   </div>
   <div class='ocr_carea' id='block_1_56' title="bbox 2200 2497 3781 2574">
    <p class='ocr_par' dir='ltr' id='par_1_56' title="bbox 2200 2497 3781 2574">
     <span class='ocr_line' id='line_1_56' title="bbox 2200 2497 3781 2574; baseline -0.003 -21"><span class='ocrx_word' id='word_1_397' title='bbox 2200 2500 2422 2574; x_wconf 78' lang='grc' dir='ltr'>ρίζομεν</span> <span class='ocrx_word' id='word_1_398' title='bbox 2452 2501 2787 2573; x_wconf 80' lang='grc' dir='ltr'>ἀλλοτρίους.</span> <span class='ocrx_word' id='word_1_399' title='bbox 2816 2520 2835 2552; x_wconf 84' lang='grc' dir='ltr'><strong>ι</strong></span> <span class='ocrx_word' id='word_1_400' title='bbox 2862 2499 2973 2554; x_wconf 74' lang='grc' dir='ltr'><strong>Καὶ</strong></span> <span class='ocrx_word' id='word_1_401' title='bbox 2999 2497 3478 2568; x_wconf 80' lang='grc' dir='ltr'>ἀνοικοδομοῦντες</span> <span class='ocrx_word' id='word_1_402' title='bbox 3505 2497 3781 2559; x_wconf 84' lang='grc' dir='ltr'>ποιοῦντες</span> 
     </span>
    </p>
   </div>
   <div class='ocr_carea' id='block_1_57' title="bbox 2198 2587 3783 2663">
    <p class='ocr_par' dir='ltr' id='par_1_57' title="bbox 2198 2587 3783 2663">
     <span class='ocr_line' id='line_1_57' title="bbox 2198 2587 3783 2663; baseline -0.006 -16"><span class='ocrx_word' id='word_1_403' title='bbox 2198 2591 2417 2662; x_wconf 78' lang='grc' dir='ltr'>ἄνομα,</span> <span class='ocrx_word' id='word_1_404' title='bbox 2454 2593 2796 2663; x_wconf 82' lang='grc' dir='ltr'>ἀντέστησαν</span> <span class='ocrx_word' id='word_1_405' title='bbox 2841 2589 2982 2659; x_wconf 79' lang='grc' dir='ltr'>Θεῷ,</span> <span class='ocrx_word' id='word_1_406' title='bbox 3043 2589 3137 2643; x_wconf 73' lang='grc' dir='ltr'>καὶ</span> <span class='ocrx_word' id='word_1_407' title='bbox 3186 2587 3492 2657; x_wconf 71' lang='grc' dir='ltr'>ἐσώθησαν.</span> <span class='ocrx_word' id='word_1_408' title='bbox 3542 2604 3560 2637; x_wconf 76' lang='grc' dir='ltr'><strong>ι</strong></span> <span class='ocrx_word' id='word_1_409' title='bbox 3616 2588 3783 2639; x_wconf 75' lang='grc' dir='ltr'>Ἀντι-</span> 
     </span>
    </p>
   </div>
   <div class='ocr_carea' id='block_1_58' title="bbox 2199 2675 3785 2752">
    <p class='ocr_par' dir='ltr' id='par_1_58' title="bbox 2199 2675 3785 2752">
     <span class='ocr_line' id='line_1_58' title="bbox 2199 2675 3785 2752; baseline -0.003 -18"><span class='ocrx_word' id='word_1_410' title='bbox 2199 2681 2500 2752; x_wconf 85' lang='grc' dir='ltr'>πράττουσι</span> <span class='ocrx_word' id='word_1_411' title='bbox 2545 2680 2654 2751; x_wconf 88' lang='grc' dir='ltr'><strong>γάρ</strong></span> <span class='ocrx_word' id='word_1_412' title='bbox 2704 2680 2845 2735; x_wconf 86' lang='grc' dir='ltr'><strong>κατά</strong></span> <span class='ocrx_word' id='word_1_413' title='bbox 2887 2679 3145 2751; x_wconf 84' lang='grc' dir='ltr'>ἀλήθειαν</span> <span class='ocrx_word' id='word_1_414' title='bbox 3185 2681 3254 2750; x_wconf 80' lang='grc' dir='ltr'>τῇ</span> <span class='ocrx_word' id='word_1_415' title='bbox 3313 2676 3409 2731; x_wconf 88' lang='grc' dir='ltr'><strong>τοῦ</strong></span> <span class='ocrx_word' id='word_1_416' title='bbox 3463 2675 3603 2730; x_wconf 87' lang='grc' dir='ltr'>Θεοῦ</span> <span class='ocrx_word' id='word_1_417' title='bbox 3659 2675 3785 2747; x_wconf 78' lang='grc' dir='ltr'>δόξῃ</span> 
     </span>
    </p>
   </div>
   <div class='ocr_carea' id='block_1_59' title="bbox 2201 2768 3784 2844">
    <p class='ocr_par' dir='ltr' id='par_1_59' title="bbox 2201 2768 3784 2844">
     <span class='ocr_line' id='line_1_59' title="bbox 2201 2768 3784 2844; baseline -0.006 -16"><span class='ocrx_word' id='word_1_418' title='bbox 2201 2774 2346 2828; x_wconf 88' lang='grc' dir='ltr'><strong>κατά</strong></span> <span class='ocrx_word' id='word_1_419' title='bbox 2388 2771 2619 2837; x_wconf 78' lang='grc' dir='ltr'>πολλοὺς</span> <span class='ocrx_word' id='word_1_420' title='bbox 2660 2773 2897 2844; x_wconf 84' lang='grc' dir='ltr'>τρόπους</span> <span class='ocrx_word' id='word_1_421' title='bbox 2923 2772 2971 2825; x_wconf 82' lang='lat' dir='ltr'><strong>oi</strong></span> <span class='ocrx_word' id='word_1_422' title='bbox 3007 2769 3375 2841; x_wconf 79' lang='grc' dir='ltr'>πλανώμενοι,</span> <span class='ocrx_word' id='word_1_423' title='bbox 3412 2768 3651 2830; x_wconf 76' lang='grc' dir='ltr'>καὶτοῖς</span> <span class='ocrx_word' id='word_1_424' title='bbox 3682 2784 3784 2836; x_wconf 87' lang='grc' dir='ltr'>χω-</span> 
     </span>
    </p>
   </div>
   <div class='ocr_carea' id='block_1_60' title="bbox 2201 2857 3788 2936">
    <p class='ocr_par' dir='ltr' id='par_1_60' title="bbox 2201 2857 3788 2936">
     <span class='ocr_line' id='line_1_60' title="bbox 2201 2857 3788 2936; baseline -0.006 -16"><span class='ocrx_word' id='word_1_425' title='bbox 2201 2867 2419 2929; x_wconf 87' lang='grc' dir='ltr'>νευταῖς</span> <span class='ocrx_word' id='word_1_426' title='bbox 2450 2865 2823 2936; x_wconf 82' lang='grc' dir='ltr'>προσάγοντες</span> <span class='ocrx_word' id='word_1_427' title='bbox 2846 2863 2945 2929; x_wconf 78' lang='grc' dir='ltr'>τὰς</span> <span class='ocrx_word' id='word_1_428' title='bbox 2976 2862 3190 2925; x_wconf 83' lang='grc' dir='ltr'>Θυσίας,</span> <span class='ocrx_word' id='word_1_429' title='bbox 3228 2880 3248 2914; x_wconf 83' lang='grc' dir='ltr'><strong>ι</strong></span> <span class='ocrx_word' id='word_1_430' title='bbox 3288 2862 3400 2916; x_wconf 77' lang='grc' dir='ltr'><strong>Καὶ</strong></span> <span class='ocrx_word' id='word_1_431' title='bbox 3426 2859 3505 2931; x_wconf 83' lang='grc' dir='ltr'>τῷ</span> <span class='ocrx_word' id='word_1_432' title='bbox 3532 2859 3679 2928; x_wconf 82' lang='grc' dir='ltr'>ξύλῳ</span> <span class='ocrx_word' id='word_1_433' title='bbox 3705 2857 3788 2912; x_wconf 74' lang='grc' dir='ltr'>λέ.</span> 
     </span>
    </p>
   </div>
   <div class='ocr_carea' id='block_1_61' title="bbox 2204 2953 3789 3028">
    <p class='ocr_par' dir='ltr' id='par_1_61' title="bbox 2204 2953 3789 3028">
     <span class='ocr_line' id='line_1_61' title="bbox 2204 2953 3789 3028; baseline -0.004 -16"><span class='ocrx_word' id='word_1_434' title='bbox 2204 2974 2421 3028; x_wconf 77' lang='grc' dir='ltr'>γοντες·</span> <span class='ocrx_word' id='word_1_435' title='bbox 2457 2958 2589 3021; x_wconf 88' lang='grc' dir='ltr'>Θεός</span> <span class='ocrx_word' id='word_1_436' title='bbox 2619 2975 2719 3028; x_wconf 86' lang='grc' dir='ltr'><strong>μου</strong></span> <span class='ocrx_word' id='word_1_437' title='bbox 2750 2954 2800 3011; x_wconf 76' lang='grc' dir='ltr'>εἰ</span> <span class='ocrx_word' id='word_1_438' title='bbox 2827 2958 2913 3022; x_wconf 82' lang='grc' dir='ltr'><strong>σὺ,</strong></span> <span class='ocrx_word' id='word_1_439' title='bbox 2947 2957 3043 3010; x_wconf 72' lang='grc' dir='ltr'>καὶ</span> <span class='ocrx_word' id='word_1_440' title='bbox 3072 2954 3150 3022; x_wconf 81' lang='grc' dir='ltr'>τῷ</span> <span class='ocrx_word' id='word_1_441' title='bbox 3180 2954 3312 3025; x_wconf 83' lang='grc' dir='ltr'>λίθῳ</span> <span class='ocrx_word' id='word_1_442' title='bbox 3333 2970 3347 2985; x_wconf 89' lang='grc'><strong>·</strong></span> <span class='ocrx_word' id='word_1_443' title='bbox 3390 2954 3461 3008; x_wconf 82' lang='grc' dir='ltr'><strong>Σὺ</strong></span> <span class='ocrx_word' id='word_1_444' title='bbox 3487 2953 3789 3023; x_wconf 66' lang='grc' dir='ltr'>δγέννησάς</span> 
     </span>
    </p>
   </div>
   <div class='ocr_carea' id='block_1_62' title="bbox 502 3044 2094 3143">
    <p class='ocr_par' dir='ltr' id='par_1_62' title="bbox 502 3049 2094 3120">
     <span class='ocr_line' id='line_1_62' title="bbox 502 3049 2094 3120; baseline 0.003 -13"><span class='ocrx_word' id='word_1_445' title='bbox 502 3050 747 3107; x_wconf 77' lang='lat' dir='ltr'><strong>sctiltare</strong></span> <span class='ocrx_word' id='word_1_446' title='bbox 773 3049 1038 3105; x_wconf 73' lang='lat' dir='ltr'><strong>afﬁrmate</strong></span> <span class='ocrx_word' id='word_1_447' title='bbox 1070 3053 1385 3120; x_wconf 89' lang='lat' dir='ltr'><strong>pronuntiat</strong></span> <span class='ocrx_word' id='word_1_448' title='bbox 1421 3068 1435 3106; x_wconf 90' lang='lat'><strong>:</strong></span> <span class='ocrx_word' id='word_1_449' title='bbox 1479 3072 1499 3107; x_wconf 82' lang='grc' dir='ltr'><strong>ι</strong></span> <span class='ocrx_word' id='word_1_450' title='bbox 1535 3053 1602 3108; x_wconf 89' lang='grc' dir='ltr'>Ει</span> <span class='ocrx_word' id='word_1_451' title='bbox 1635 3056 1865 3109; x_wconf 87' lang='lat' dir='ltr'><strong>attendit</strong></span> <span class='ocrx_word' id='word_1_452' title='bbox 1918 3055 2094 3111; x_wconf 86' lang='lat' dir='ltr'><strong>Domi-</strong></span> 
     </span>
    </p>
   </div>
   <div class='ocr_carea' id='block_1_63' title="bbox 2201 3044 3791 3143">
    <p class='ocr_par' dir='ltr' id='par_1_63' title="bbox 2210 3044 3791 3121">
     <span class='ocr_line' id='line_1_63' title="bbox 2210 3044 3791 3121; baseline -0.005 -18"><span class='ocrx_word' id='word_1_453' title='bbox 2210 3048 2662 3121; x_wconf 76' lang='grc' dir='ltr'>με.›-ιΤαῦτα,</span> <span class='ocrx_word' id='word_1_454' title='bbox 2692 3047 3240 3119; x_wconf 75' lang='grc' dir='ltr'>φησὶ,κατελόιλησαν</span> <span class='ocrx_word' id='word_1_455' title='bbox 3269 3048 3320 3100; x_wconf 84' lang='grc' dir='ltr'>οἱ</span> <span class='ocrx_word' id='word_1_456' title='bbox 3348 3044 3678 3116; x_wconf 78' lang='grc' dir='ltr'>φοϐούμενοι</span> <span class='ocrx_word' id='word_1_457' title='bbox 3702 3044 3791 3099; x_wconf 71' lang='grc' dir='ltr'><strong>τὸν</strong></span> 
     </span>
    </p>
   </div>
   <div class='ocr_carea' id='block_1_64' title="bbox 505 3141 2107 3216">
    <p class='ocr_par' dir='ltr' id='par_1_64' title="bbox 505 3141 2107 3216">
     <span class='ocr_line' id='line_1_64' title="bbox 505 3141 2107 3216; baseline 0.005 -20"><span class='ocrx_word' id='word_1_458' title='bbox 505 3156 630 3209; x_wconf 89' lang='lat' dir='ltr'><strong>nus,</strong></span> <span class='ocrx_word' id='word_1_459' title='bbox 693 3150 746 3196; x_wconf 91' lang='lat' dir='ltr'><strong>et</strong></span> <span class='ocrx_word' id='word_1_460' title='bbox 778 3141 1008 3196; x_wconf 84' lang='lat' dir='ltr'><strong>audivit.</strong></span> <span class='ocrx_word' id='word_1_461' title='bbox 1060 3142 1198 3207; x_wconf 81' lang='lat' dir='ltr'><strong>Quia</strong></span> <span class='ocrx_word' id='word_1_462' title='bbox 1230 3141 1466 3212; x_wconf 88' lang='lat' dir='ltr'><strong>Spiritus</strong></span> <span class='ocrx_word' id='word_1_463' title='bbox 1498 3143 1706 3199; x_wconf 84' lang='lat' dir='ltr'><strong>Domini</strong></span> <span class='ocrx_word' id='word_1_464' title='bbox 1738 3145 1963 3216; x_wconf 82' lang='lat' dir='ltr'><strong>replevit</strong></span> <span class='ocrx_word' id='word_1_465' title='bbox 2015 3162 2107 3203; x_wconf 81' lang='lat' dir='ltr'><strong>or-</strong></span> 
     </span>
    </p>
   </div>
   <div class='ocr_carea' id='block_1_65' title="bbox 508 3234 2104 3305">
    <p class='ocr_par' dir='ltr' id='par_1_65' title="bbox 508 3234 2104 3305">
     <span class='ocr_line' id='line_1_65' title="bbox 508 3234 2104 3305; baseline 0.004 -15"><span class='ocrx_word' id='word_1_466' title='bbox 508 3237 627 3290; x_wconf 88' lang='lat' dir='ltr'><strong>hem</strong></span> <span class='ocrx_word' id='word_1_467' title='bbox 649 3244 936 3301; x_wconf 83' lang='lat' dir='ltr'><strong>terrarum,</strong></span> <span class='ocrx_word' id='word_1_468' title='bbox 953 3245 1005 3291; x_wconf 89' lang='lat' dir='ltr'><strong>et</strong></span> <span class='ocrx_word' id='word_1_469' title='bbox 1022 3234 1125 3291; x_wconf 91' lang='lat' dir='ltr'><strong>hoc</strong></span> <span class='ocrx_word' id='word_1_470' title='bbox 1152 3239 1293 3305; x_wconf 90' lang='lat' dir='ltr'><strong>quod</strong></span> <span class='ocrx_word' id='word_1_471' title='bbox 1317 3237 1557 3292; x_wconf 89' lang='lat' dir='ltr'><strong>continet</strong></span> <span class='ocrx_word' id='word_1_472' title='bbox 1583 3239 1783 3304; x_wconf 88' lang='lat' dir='ltr'><strong>omnia,</strong></span> <span class='ocrx_word' id='word_1_473' title='bbox 1816 3240 2104 3296; x_wconf 80' lang='lat' dir='ltr'><strong>scientiam</strong></span> 
     </span>
    </p>
   </div>
   <div class='ocr_carea' id='block_1_66' title="bbox 513 3326 2109 3400">
    <p class='ocr_par' dir='ltr' id='par_1_66' title="bbox 513 3326 2109 3400">
     <span class='ocr_line' id='line_1_66' title="bbox 513 3326 2109 3400; baseline 0.004 -19"><span class='ocrx_word' id='word_1_474' title='bbox 513 3326 684 3381; x_wconf 85' lang='lat' dir='ltr'><strong>habet</strong></span> <span class='ocrx_word' id='word_1_475' title='bbox 712 3326 858 3381; x_wconf 87' lang='lat' dir='ltr'><strong>vocis</strong></span> <span class='ocrx_word' id='word_1_476' title='bbox 888 3327 989 3381; x_wconf 73' lang='grc'><strong>³⁸.»</strong></span> <span class='ocrx_word' id='word_1_477' title='bbox 1018 3327 1169 3394; x_wconf 86' lang='lat' dir='ltr'><strong>Quod</strong></span> <span class='ocrx_word' id='word_1_478' title='bbox 1196 3329 1241 3383; x_wconf 91' lang='lat' dir='ltr'><strong>si</strong></span> <span class='ocrx_word' id='word_1_479' title='bbox 1271 3330 1398 3398; x_wconf 88' lang='lat' dir='ltr'><strong>quid</strong></span> <span class='ocrx_word' id='word_1_480' title='bbox 1424 3329 1684 3385; x_wconf 88' lang='lat' dir='ltr'><strong>adversus</strong></span> <span class='ocrx_word' id='word_1_481' title='bbox 1713 3330 1951 3384; x_wconf 86' lang='lat' dir='ltr'><strong>divinam</strong></span> <span class='ocrx_word' id='word_1_482' title='bbox 1990 3331 2109 3400; x_wconf 83' lang='lat' dir='ltr'><strong>ejus</strong></span> 
     </span>
    </p>
   </div>
   <div class='ocr_carea' id='block_1_67' title="bbox 458 3416 2108 3489">
    <p class='ocr_par' dir='ltr' id='par_1_67' title="bbox 458 3416 2108 3489">
     <span class='ocr_line' id='line_1_67' title="bbox 458 3416 2108 3489; baseline 0.005 -21"><span class='ocrx_word' id='word_1_483' title='bbox 458 3480 467 3488; x_wconf 31' lang='grc' dir='ltr'><strong>η</strong></span> <span class='ocrx_word' id='word_1_484' title='bbox 507 3416 738 3486; x_wconf 80' lang='lat' dir='ltr'><strong>gloriam</strong></span> <span class='ocrx_word' id='word_1_485' title='bbox 775 3416 981 3473; x_wconf 86' lang='lat' dir='ltr'><strong>dictum</strong></span> <span class='ocrx_word' id='word_1_486' title='bbox 1019 3416 1204 3482; x_wconf 80' lang='lat' dir='ltr'><strong>fuerit,</strong></span> <span class='ocrx_word' id='word_1_487' title='bbox 1241 3419 1289 3472; x_wconf 93' lang='lat' dir='ltr'><strong>id</strong></span> <span class='ocrx_word' id='word_1_488' title='bbox 1312 3419 1418 3473; x_wconf 89' lang='lat' dir='ltr'><strong>erit</strong></span> <span class='ocrx_word' id='word_1_489' title='bbox 1458 3433 1621 3489; x_wconf 77' lang='lat' dir='ltr'><strong>grave</strong></span> <span class='ocrx_word' id='word_1_490' title='bbox 1646 3427 1704 3473; x_wconf 89' lang='lat' dir='ltr'><strong>et</strong></span> <span class='ocrx_word' id='word_1_491' title='bbox 1742 3432 1909 3487; x_wconf 86' lang='lat' dir='ltr'><strong>prOpe</strong></span> <span class='ocrx_word' id='word_1_492' title='bbox 1964 3419 2108 3476; x_wconf 88' lang='lat' dir='ltr'><strong>into-</strong></span> 
     </span>
    </p>
   </div>
   <div class='ocr_carea' id='block_1_68' title="bbox 508 3509 2106 3581">
    <p class='ocr_par' dir='ltr' id='par_1_68' title="bbox 508 3509 2106 3581">
     <span class='ocr_line' id='line_1_68' title="bbox 508 3509 2106 3581; baseline 0.004 -19"><span class='ocrx_word' id='word_1_493' title='bbox 508 3509 789 3565; x_wconf 85' lang='lat' dir='ltr'><strong>lerandum</strong></span> <span class='ocrx_word' id='word_1_494' title='bbox 836 3509 931 3576; x_wconf 70' lang='lat' dir='ltr'><strong>illi,</strong></span> <span class='ocrx_word' id='word_1_495' title='bbox 992 3510 1240 3581; x_wconf 87' lang='lat' dir='ltr'><strong>quamvis</strong></span> <span class='ocrx_word' id='word_1_496' title='bbox 1286 3510 1733 3567; x_wconf 87' lang='lat' dir='ltr'><strong>tolerantissimus</strong></span> <span class='ocrx_word' id='word_1_497' title='bbox 1788 3510 2106 3577; x_wconf 89' lang='lat' dir='ltr'><strong>injuriarum</strong></span> 
     </span>
    </p>
   </div>
   <div class='ocr_carea' id='block_1_69' title="bbox 508 3601 2110 3674">
    <p class='ocr_par' dir='ltr' id='par_1_69' title="bbox 508 3601 2110 3674">
     <span class='ocr_line' id='line_1_69' title="bbox 508 3601 2110 3674; baseline 0.004 -19"><span class='ocrx_word' id='word_1_498' title='bbox 508 3616 631 3656; x_wconf 85' lang='lat' dir='ltr'><strong>esse</strong></span> <span class='ocrx_word' id='word_1_499' title='bbox 666 3602 859 3657; x_wconf 88' lang='lat' dir='ltr'><strong>soleat.</strong></span> <span class='ocrx_word' id='word_1_500' title='bbox 894 3601 1162 3670; x_wconf 84' lang='lat' dir='ltr'><strong>Quocirca</strong></span> <span class='ocrx_word' id='word_1_501' title='bbox 1190 3602 1351 3659; x_wconf 88' lang='lat' dir='ltr'><strong>dicit:</strong></span> <span class='ocrx_word' id='word_1_502' title='bbox 1386 3621 1405 3654; x_wconf 77' lang='grc' dir='ltr'><strong>ι</strong></span> <span class='ocrx_word' id='word_1_503' title='bbox 1441 3602 1810 3674; x_wconf 82' lang='lat' dir='ltr'><strong>lngravabatis</strong></span> <span class='ocrx_word' id='word_1_504' title='bbox 1835 3620 1998 3673; x_wconf 90' lang='lat' dir='ltr'><strong>super</strong></span> <span class='ocrx_word' id='word_1_505' title='bbox 2022 3621 2110 3661; x_wconf 90' lang='lat' dir='ltr'><strong>me</strong></span> 
     </span>
    </p>
   </div>
   <div class='ocr_carea' id='block_1_70' title="bbox 510 3690 2110 3766">
    <p class='ocr_par' dir='ltr' id='par_1_70' title="bbox 510 3690 2110 3766">
     <span class='ocr_line' id='line_1_70' title="bbox 510 3690 2110 3766; baseline 0.004 -22"><span class='ocrx_word' id='word_1_506' title='bbox 510 3690 674 3746; x_wconf 87' lang='lat' dir='ltr'><strong>verba</strong></span> <span class='ocrx_word' id='word_1_507' title='bbox 703 3703 905 3747; x_wconf 84' lang='lat' dir='ltr'><strong>vestra.</strong></span> <span class='ocrx_word' id='word_1_508' title='bbox 938 3710 957 3745; x_wconf 74' lang='grc' dir='ltr'><strong>ι</strong></span> <span class='ocrx_word' id='word_1_509' title='bbox 993 3691 1240 3748; x_wconf 80' lang='lat' dir='ltr'><strong>Oﬂicium</strong></span> <span class='ocrx_word' id='word_1_510' title='bbox 1277 3709 1409 3764; x_wconf 78' lang='lat' dir='ltr'><strong>ergo</strong></span> <span class='ocrx_word' id='word_1_511' title='bbox 1436 3704 1684 3750; x_wconf 89' lang='lat' dir='ltr'><strong>nostrum</strong></span> <span class='ocrx_word' id='word_1_512' title='bbox 1718 3702 1827 3761; x_wconf 89' lang='lat' dir='ltr'><strong>est,</strong></span> <span class='ocrx_word' id='word_1_513' title='bbox 1859 3696 2110 3766; x_wconf 86' lang='lat' dir='ltr'><strong>quamvis</strong></span> 
     </span>
    </p>
   </div>
   <div class='ocr_carea' id='block_1_71' title="bbox 509 3787 2111 3854">
    <p class='ocr_par' dir='ltr' id='par_1_71' title="bbox 509 3787 2111 3854">
     <span class='ocr_line' id='line_1_71' title="bbox 509 3787 2111 3854; baseline 0.001 -12"><span class='ocrx_word' id='word_1_514' title='bbox 509 3787 785 3843; x_wconf 82' lang='lat' dir='ltr'><strong>laboribus</strong></span> <span class='ocrx_word' id='word_1_515' title='bbox 808 3797 863 3843; x_wconf 91' lang='lat' dir='ltr'><strong>et</strong></span> <span class='ocrx_word' id='word_1_516' title='bbox 884 3788 1118 3844; x_wconf 88' lang='lat' dir='ltr'><strong>miseriis</strong></span> <span class='ocrx_word' id='word_1_517' title='bbox 1147 3788 1539 3854; x_wconf 84' lang='lat' dir='ltr'><strong>conﬂictemur,</strong></span> <span class='ocrx_word' id='word_1_518' title='bbox 1559 3791 1666 3845; x_wconf 86' lang='lat' dir='ltr'><strong>Deo</strong></span> <span class='ocrx_word' id='word_1_519' title='bbox 1700 3804 1796 3847; x_wconf 92' lang='lat' dir='ltr'><strong>nos</strong></span> <span class='ocrx_word' id='word_1_520' title='bbox 1816 3792 1883 3844; x_wconf 92' lang='lat' dir='ltr'><strong>ad</strong></span> <span class='ocrx_word' id='word_1_521' title='bbox 1907 3790 2111 3844; x_wconf 90' lang='lat' dir='ltr'><strong>utilita-</strong></span> 
     </span>
    </p>
   </div>
   <div class='ocr_carea' id='block_1_72' title="bbox 510 3880 2110 3952">
    <p class='ocr_par' dir='ltr' id='par_1_72' title="bbox 510 3880 2110 3952">
     <span class='ocr_line' id='line_1_72' title="bbox 510 3880 2110 3952; baseline 0.002 -19"><span class='ocrx_word' id='word_1_522' title='bbox 510 3890 618 3933; x_wconf 87' lang='lat' dir='ltr'><strong>tem</strong></span> <span class='ocrx_word' id='word_1_523' title='bbox 647 3890 889 3934; x_wconf 85' lang='lat' dir='ltr'><strong>nostram</strong></span> <span class='ocrx_word' id='word_1_524' title='bbox 909 3880 1260 3950; x_wconf 86' lang='lat' dir='ltr'><strong>corripiente,</strong></span> <span class='ocrx_word' id='word_1_525' title='bbox 1291 3898 1392 3937; x_wconf 87' lang='lat' dir='ltr'><strong>non</strong></span> <span class='ocrx_word' id='word_1_526' title='bbox 1423 3897 1595 3952; x_wconf 89' lang='lat' dir='ltr'><strong>usque</strong></span> <span class='ocrx_word' id='word_1_527' title='bbox 1618 3881 1754 3938; x_wconf 90' lang='lat' dir='ltr'><strong>adeo</strong></span> <span class='ocrx_word' id='word_1_528' title='bbox 1770 3882 1953 3936; x_wconf 90' lang='lat' dir='ltr'><strong>animo</strong></span> <span class='ocrx_word' id='word_1_529' title='bbox 1976 3897 2110 3936; x_wconf 86' lang='lat' dir='ltr'><strong>eon-</strong></span> 
     </span>
    </p>
   </div>
   <div class='ocr_carea' id='block_1_73' title="bbox 512 3969 2110 4044">
    <p class='ocr_par' dir='ltr' id='par_1_73' title="bbox 512 3969 2110 4044">
     <span class='ocr_line' id='line_1_73' title="bbox 512 3969 2110 4044; baseline 0.004 -21"><span class='ocrx_word' id='word_1_530' title='bbox 512 3969 893 4044; x_wconf 75' lang='lat' dir='ltr'><strong>cidere,863</strong></span> <span class='ocrx_word' id='word_1_531' title='bbox 911 3988 1006 4028; x_wconf 90' lang='lat' dir='ltr'><strong>nec</strong></span> <span class='ocrx_word' id='word_1_532' title='bbox 1022 3983 1214 4043; x_wconf 87' lang='lat' dir='ltr'><strong>putare</strong></span> <span class='ocrx_word' id='word_1_533' title='bbox 1245 3975 1463 4030; x_wconf 86' lang='lat' dir='ltr'><strong>virtutis</strong></span> <span class='ocrx_word' id='word_1_534' title='bbox 1492 3985 1600 4029; x_wconf 91' lang='lat' dir='ltr'><strong>tam</strong></span> <span class='ocrx_word' id='word_1_535' title='bbox 1620 3985 1890 4030; x_wconf 87' lang='lat' dir='ltr'><strong>amantem</strong></span> <span class='ocrx_word' id='word_1_536' title='bbox 1919 3990 2110 4044; x_wconf 87' lang='lat' dir='ltr'><strong>asper-</strong></span> 
     </span>
    </p>
   </div>
   <div class='ocr_carea' id='block_1_74' title="bbox 510 4063 2110 4135">
    <p class='ocr_par' dir='ltr' id='par_1_74' title="bbox 510 4063 2110 4135">
     <span class='ocr_line' id='line_1_74' title="bbox 510 4063 2110 4135; baseline 0.003 -17"><span class='ocrx_word' id='word_1_537' title='bbox 510 4063 631 4118; x_wconf 86' lang='lat' dir='ltr'><strong>nari</strong></span> <span class='ocrx_word' id='word_1_538' title='bbox 662 4063 960 4127; x_wconf 87' lang='lat' dir='ltr'><strong>bouos,sed</strong></span> <span class='ocrx_word' id='word_1_539' title='bbox 984 4067 1163 4135; x_wconf 88' lang='lat' dir='ltr'><strong>potius</strong></span> <span class='ocrx_word' id='word_1_540' title='bbox 1196 4067 1423 4121; x_wconf 89' lang='lat' dir='ltr'><strong>sollicite</strong></span> <span class='ocrx_word' id='word_1_541' title='bbox 1454 4066 1734 4135; x_wconf 85' lang='lat' dir='ltr'><strong>inquirere</strong></span> <span class='ocrx_word' id='word_1_542' title='bbox 1761 4066 1814 4119; x_wconf 92' lang='lat' dir='ltr'><strong>in</strong></span> <span class='ocrx_word' id='word_1_543' title='bbox 1843 4081 1949 4135; x_wconf 92' lang='lat' dir='ltr'><strong>quo</strong></span> <span class='ocrx_word' id='word_1_544' title='bbox 1969 4066 2110 4133; x_wconf 88' lang='lat' dir='ltr'><strong>apud</strong></span> 
     </span>
    </p>
   </div>
   <div class='ocr_carea' id='block_1_75' title="bbox 515 4153 2104 4226">
    <p class='ocr_par' dir='ltr' id='par_1_75' title="bbox 515 4153 2104 4226">
     <span class='ocr_line' id='line_1_75' title="bbox 515 4153 2104 4226; baseline 0.003 -19"><span class='ocrx_word' id='word_1_545' title='bbox 515 4156 680 4207; x_wconf 84' lang='lat' dir='ltr'><strong>Deum</strong></span> <span class='ocrx_word' id='word_1_546' title='bbox 708 4153 1114 4220; x_wconf 74' lang='lat' dir='ltr'><strong>oﬂenderimus,</strong></span> <span class='ocrx_word' id='word_1_547' title='bbox 1136 4166 1190 4211; x_wconf 91' lang='lat' dir='ltr'><strong>et</strong></span> <span class='ocrx_word' id='word_1_548' title='bbox 1215 4157 1287 4210; x_wconf 90' lang='lat' dir='ltr'><strong>ita</strong></span> <span class='ocrx_word' id='word_1_549' title='bbox 1319 4172 1440 4210; x_wconf 90' lang='lat' dir='ltr'><strong>eum</strong></span> <span class='ocrx_word' id='word_1_550' title='bbox 1479 4157 1749 4226; x_wconf 84' lang='lat' dir='ltr'><strong>mitigare,</strong></span> <span class='ocrx_word' id='word_1_551' title='bbox 1785 4165 1837 4209; x_wconf 91' lang='lat' dir='ltr'><strong>et</strong></span> <span class='ocrx_word' id='word_1_552' title='bbox 1886 4156 2104 4211; x_wconf 85' lang='lat' dir='ltr'><strong>miseri-</strong></span> 
     </span>
    </p>
   </div>
   <div class='ocr_carea' id='block_1_76' title="bbox 513 4246 2113 4317">
    <p class='ocr_par' dir='ltr' id='par_1_76' title="bbox 513 4246 2113 4317">
     <span class='ocr_line' id='line_1_76' title="bbox 513 4246 2113 4317; baseline 0.001 -18"><span class='ocrx_word' id='word_1_553' title='bbox 513 4248 751 4301; x_wconf 79' lang='lat' dir='ltr'><strong>cordiam</strong></span> <span class='ocrx_word' id='word_1_554' title='bbox 782 4247 1042 4317; x_wconf 82' lang='lat' dir='ltr'><strong>ﬂagitare.</strong></span> <span class='ocrx_word' id='word_1_555' title='bbox 1078 4248 1231 4315; x_wconf 88' lang='lat' dir='ltr'><strong>Quod</strong></span> <span class='ocrx_word' id='word_1_556' title='bbox 1267 4248 1312 4302; x_wconf 90' lang='lat' dir='ltr'><strong>si</strong></span> <span class='ocrx_word' id='word_1_557' title='bbox 1344 4248 1505 4302; x_wconf 85' lang='lat' dir='ltr'><strong>etiam</strong></span> <span class='ocrx_word' id='word_1_558' title='bbox 1527 4254 1835 4314; x_wconf 89' lang='lat' dir='ltr'><strong>peccatores</strong></span> <span class='ocrx_word' id='word_1_559' title='bbox 1864 4246 2028 4314; x_wconf 89' lang='lat' dir='ltr'><strong>aliqui</strong></span> <span class='ocrx_word' id='word_1_560' title='bbox 2062 4248 2113 4301; x_wconf 93' lang='lat' dir='ltr'><strong>in</strong></span> 
     </span>
    </p>
   </div>
   <div class='ocr_carea' id='block_1_77' title="bbox 514 4339 2112 4409">
    <p class='ocr_par' dir='ltr' id='par_1_77' title="bbox 514 4339 2112 4409">
     <span class='ocr_line' id='line_1_77' title="bbox 514 4339 2112 4409; baseline 0.001 -18"><span class='ocrx_word' id='word_1_561' title='bbox 514 4339 880 4409; x_wconf 85' lang='lat' dir='ltr'><strong>voluptatibus</strong></span> <span class='ocrx_word' id='word_1_562' title='bbox 935 4343 1224 4397; x_wconf 79' lang='lat' dir='ltr'><strong>mundanis</strong></span> <span class='ocrx_word' id='word_1_563' title='bbox 1270 4349 1482 4395; x_wconf 64' lang='lat' dir='ltr'><strong>aetatem</strong></span> <span class='ocrx_word' id='word_1_564' title='bbox 1540 4341 1798 4401; x_wconf 89' lang='lat' dir='ltr'><strong>habeant,</strong></span> <span class='ocrx_word' id='word_1_565' title='bbox 1843 4350 2112 4409; x_wconf 88' lang='lat' dir='ltr'><strong>tempora-</strong></span> 
     </span>
    </p>
   </div>
   <div class='ocr_carea' id='block_1_78' title="bbox 2210 3134 3841 3214">
    <p class='ocr_par' dir='ltr' id='par_1_78' title="bbox 2210 3134 3841 3214">
     <span class='ocr_line' id='line_1_78' title="bbox 2210 3134 3841 3214; baseline -0.004 -18"><span class='ocrx_word' id='word_1_566' title='bbox 2210 3143 2436 3214; x_wconf 85' lang='grc' dir='ltr'>Κύριον.</span> <span class='ocrx_word' id='word_1_567' title='bbox 2481 3161 2499 3193; x_wconf 76' lang='grc' dir='ltr'><strong>ι</strong></span> <span class='ocrx_word' id='word_1_568' title='bbox 2552 3142 2875 3213; x_wconf 83' lang='grc' dir='ltr'>Δυσφημίας</span> <span class='ocrx_word' id='word_1_569' title='bbox 2917 3142 2976 3195; x_wconf 80' lang='grc' dir='ltr'>δὲ</span> <span class='ocrx_word' id='word_1_570' title='bbox 3021 3141 3239 3203; x_wconf 83' lang='grc' dir='ltr'>πάντως</span> <span class='ocrx_word' id='word_1_571' title='bbox 3272 3138 3332 3192; x_wconf 82' lang='grc' dir='ltr'><strong>τὸ</strong></span> <span class='ocrx_word' id='word_1_572' title='bbox 3371 3134 3665 3206; x_wconf 76' lang='grc' dir='ltr'>ἔγκλημα,</span> <span class='ocrx_word' id='word_1_573' title='bbox 3698 3136 3794 3190; x_wconf 78' lang='grc' dir='ltr'>καὶ</span> <span class='ocrx_word' id='word_1_574' title='bbox 3836 3186 3841 3191; x_wconf 71' lang='grc'><strong>,</strong></span> 
     </span>
    </p>
   </div>
   <div class='ocr_carea' id='block_1_79' title="bbox 2210 3229 3791 3306">
    <p class='ocr_par' dir='ltr' id='par_1_79' title="bbox 2210 3229 3791 3306">
     <span class='ocr_line' id='line_1_79' title="bbox 2210 3229 3791 3306; baseline -0.005 -17"><span class='ocrx_word' id='word_1_575' title='bbox 2210 3235 2318 3289; x_wconf 86' lang='grc' dir='ltr'><strong>τῶν</strong></span> <span class='ocrx_word' id='word_1_576' title='bbox 2383 3236 2629 3305; x_wconf 79' lang='grc' dir='ltr'>ἐσχάτων</span> <span class='ocrx_word' id='word_1_577' title='bbox 2693 3234 3147 3306; x_wconf 72' lang='grc' dir='ltr'>ἀρρωστημάτων</span> <span class='ocrx_word' id='word_1_578' title='bbox 3196 3231 3471 3297; x_wconf 80' lang='grc' dir='ltr'>ἀπόδειξις</span> <span class='ocrx_word' id='word_1_579' title='bbox 3526 3229 3791 3300; x_wconf 72' lang='grc' dir='ltr'>ἐναργής.</span> 
     </span>
    </p>
   </div>
   <div class='ocr_carea' id='block_1_80' title="bbox 2209 3318 3793 3400">
    <p class='ocr_par' dir='ltr' id='par_1_80' title="bbox 2209 3318 3793 3400">
     <span class='ocr_line' id='line_1_80' title="bbox 2209 3318 3793 3400; baseline -0.006 -18"><span class='ocrx_word' id='word_1_580' title='bbox 2209 3327 2631 3400; x_wconf 49' lang='grc' dir='ltr'>Νοσούσηςλγάρ</span> <span class='ocrx_word' id='word_1_581' title='bbox 2675 3328 2913 3391; x_wconf 84' lang='grc' dir='ltr'>διανοίας</span> <span class='ocrx_word' id='word_1_582' title='bbox 2956 3329 3006 3380; x_wconf 87' lang='grc' dir='ltr'><strong>οί</strong></span> <span class='ocrx_word' id='word_1_583' title='bbox 3035 3326 3205 3394; x_wconf 88' lang='grc' dir='ltr'>λόγοι,</span> <span class='ocrx_word' id='word_1_584' title='bbox 3252 3324 3343 3378; x_wconf 75' lang='grc' dir='ltr'>καὶ</span> <span class='ocrx_word' id='word_1_585' title='bbox 3379 3322 3673 3394; x_wconf 84' lang='grc' dir='ltr'>μεθύοντος</span> <span class='ocrx_word' id='word_1_586' title='bbox 3700 3318 3793 3374; x_wconf 84' lang='grc' dir='ltr'><strong>νοῦ</strong></span> 
     </span>
    </p>
   </div>
   <div class='ocr_carea' id='block_1_81' title="bbox 2210 3413 3794 3492">
    <p class='ocr_par' dir='ltr' id='par_1_81' title="bbox 2210 3413 3794 3492">
     <span class='ocr_line' id='line_1_81' title="bbox 2210 3413 3794 3492; baseline -0.007 -16"><span class='ocrx_word' id='word_1_587' title='bbox 2210 3422 2501 3490; x_wconf 83' lang='grc' dir='ltr'>θεοστυγὲς</span> <span class='ocrx_word' id='word_1_588' title='bbox 2543 3421 2879 3492; x_wconf 78' lang='grc' dir='ltr'>ἀπόδρασμα</span> <span class='ocrx_word' id='word_1_589' title='bbox 2913 3420 2974 3473; x_wconf 80' lang='grc' dir='ltr'>τὸ</span> <span class='ocrx_word' id='word_1_590' title='bbox 3006 3420 3174 3488; x_wconf 80' lang='grc' dir='ltr'>φάναι</span> <span class='ocrx_word' id='word_1_591' title='bbox 3220 3435 3271 3471; x_wconf 84' lang='grc' dir='ltr'><strong>τι</strong></span> <span class='ocrx_word' id='word_1_592' title='bbox 3308 3418 3447 3471; x_wconf 90' lang='grc' dir='ltr'><strong>κατά</strong></span> <span class='ocrx_word' id='word_1_593' title='bbox 3478 3413 3641 3469; x_wconf 83' lang='grc' dir='ltr'>Θεοῦ.</span> <span class='ocrx_word' id='word_1_594' title='bbox 3669 3413 3794 3466; x_wconf 73' lang='grc' dir='ltr'>Ὀτι</span> 
     </span>
    </p>
   </div>
   <div class='ocr_carea' id='block_1_82' title="bbox 2209 3503 3793 3584">
    <p class='ocr_par' dir='ltr' id='par_1_82' title="bbox 2209 3503 3793 3584">
     <span class='ocr_line' id='line_1_82' title="bbox 2209 3503 3793 3584; baseline -0.006 -16"><span class='ocrx_word' id='word_1_595' title='bbox 2209 3514 2266 3567; x_wconf 84' lang='grc' dir='ltr'>δὲ</span> <span class='ocrx_word' id='word_1_596' title='bbox 2281 3514 2391 3568; x_wconf 86' lang='grc' dir='ltr'><strong>τῶν</strong></span> <span class='ocrx_word' id='word_1_597' title='bbox 2418 3513 2676 3567; x_wconf 86' lang='grc' dir='ltr'>τοιούτων</span> <span class='ocrx_word' id='word_1_598' title='bbox 2701 3514 3044 3584; x_wconf 78' lang='grc' dir='ltr'>ὲπακροᾶται</span> <span class='ocrx_word' id='word_1_599' title='bbox 3062 3510 3237 3579; x_wconf 86' lang='grc' dir='ltr'>λόγων</span> <span class='ocrx_word' id='word_1_600' title='bbox 3261 3503 3373 3563; x_wconf 77' lang='grc' dir='ltr'>οἷον</span> <span class='ocrx_word' id='word_1_601' title='bbox 3394 3507 3455 3561; x_wconf 81' lang='grc' dir='ltr'><strong>οὐ</strong></span> <span class='ocrx_word' id='word_1_602' title='bbox 3474 3506 3793 3577; x_wconf 77' lang='grc' dir='ltr'>παρέργως,</span> 
     </span>
    </p>
   </div>
   <div class='ocr_carea' id='block_1_83' title="bbox 2209 3598 3794 3677">
    <p class='ocr_par' dir='ltr' id='par_1_83' title="bbox 2209 3598 3794 3677">
     <span class='ocr_line' id='line_1_83' title="bbox 2209 3598 3794 3677; baseline -0.007 -16"><span class='ocrx_word' id='word_1_603' title='bbox 2209 3607 2325 3661; x_wconf 87' lang='grc' dir='ltr'>ἀλλ’</span> <span class='ocrx_word' id='word_1_604' title='bbox 2384 3608 2442 3661; x_wconf 83' lang='grc' dir='ltr'>ἐν</span> <span class='ocrx_word' id='word_1_605' title='bbox 2508 3605 2749 3677; x_wconf 79' lang='grc' dir='ltr'>σπουδῇ,</span> <span class='ocrx_word' id='word_1_606' title='bbox 2815 3603 3311 3675; x_wconf 77' lang='grc' dir='ltr'>πεπληροφόρηκεν</span> <span class='ocrx_word' id='word_1_607' title='bbox 3366 3598 3568 3654; x_wconf 82' lang='grc' dir='ltr'>εἰπών·</span> <span class='ocrx_word' id='word_1_608' title='bbox 3628 3616 3648 3649; x_wconf 76' lang='grc' dir='ltr'><strong>ι</strong></span> <span class='ocrx_word' id='word_1_609' title='bbox 3682 3598 3794 3651; x_wconf 79' lang='grc' dir='ltr'><strong>Καὶ</strong></span> 
     </span>
    </p>
   </div>
   <div class='ocr_carea' id='block_1_84' title="bbox 2212 3688 3793 3771">
    <p class='ocr_par' dir='ltr' id='par_1_84' title="bbox 2212 3688 3793 3771">
     <span class='ocr_line' id='line_1_84' title="bbox 2212 3688 3793 3771; baseline -0.007 -19"><span class='ocrx_word' id='word_1_610' title='bbox 2212 3698 2481 3771; x_wconf 83' lang='grc' dir='ltr'>προσέσχε</span> <span class='ocrx_word' id='word_1_611' title='bbox 2503 3697 2730 3767; x_wconf 84' lang='grc' dir='ltr'>Κύριος,</span> <span class='ocrx_word' id='word_1_612' title='bbox 2773 3696 2868 3749; x_wconf 67' lang='grc' dir='ltr'><strong>καὶ</strong></span> <span class='ocrx_word' id='word_1_613' title='bbox 2900 3696 3280 3764; x_wconf 71' lang='grc' dir='ltr'>είοήκουσεν.»</span> <span class='ocrx_word' id='word_1_614' title='bbox 3307 3691 3540 3743; x_wconf 83' lang='grc' dir='ltr'>-ιὊτι</span> <span class='ocrx_word' id='word_1_615' title='bbox 3571 3688 3793 3758; x_wconf 69' lang='grc' dir='ltr'>πνεῦμα</span> 
     </span>
    </p>
   </div>
   <div class='ocr_carea' id='block_1_85' title="bbox 2211 3779 3794 3865">
    <p class='ocr_par' dir='ltr' id='par_1_85' title="bbox 2211 3779 3794 3865">
     <span class='ocr_line' id='line_1_85' title="bbox 2211 3779 3794 3865; baseline -0.01 -18"><span class='ocrx_word' id='word_1_616' title='bbox 2211 3792 2419 3865; x_wconf 84' lang='grc' dir='ltr'>Κυρίου</span> <span class='ocrx_word' id='word_1_617' title='bbox 2463 3790 2793 3861; x_wconf 85' lang='grc' dir='ltr'>πεπλήρωκε</span> <span class='ocrx_word' id='word_1_618' title='bbox 2827 3788 2926 3859; x_wconf 79' lang='grc' dir='ltr'>τὴν</span> <span class='ocrx_word' id='word_1_619' title='bbox 2957 3787 3304 3856; x_wconf 80' lang='grc' dir='ltr'>οἰκουμένην,</span> <span class='ocrx_word' id='word_1_620' title='bbox 3341 3783 3438 3837; x_wconf 74' lang='grc' dir='ltr'>καὶ</span> <span class='ocrx_word' id='word_1_621' title='bbox 3477 3781 3540 3835; x_wconf 84' lang='grc' dir='ltr'>τὸ</span> <span class='ocrx_word' id='word_1_622' title='bbox 3570 3779 3794 3849; x_wconf 81' lang='grc' dir='ltr'>συνέχον</span> 
     </span>
    </p>
   </div>
   <div class='ocr_carea' id='block_1_86' title="bbox 2212 3871 3793 3950">
    <p class='ocr_par' dir='ltr' id='par_1_86' title="bbox 2212 3871 3793 3950">
     <span class='ocr_line' id='line_1_86' title="bbox 2212 3871 3793 3950; baseline -0.007 -15"><span class='ocrx_word' id='word_1_623' title='bbox 2212 3882 2279 3935; x_wconf 73' lang='grc' dir='ltr'>τὰ</span> <span class='ocrx_word' id='word_1_624' title='bbox 2330 3883 2508 3937; x_wconf 88' lang='grc' dir='ltr'>πάντα</span> <span class='ocrx_word' id='word_1_625' title='bbox 2540 3882 2742 3950; x_wconf 86' lang='grc' dir='ltr'>γνῶσιν</span> <span class='ocrx_word' id='word_1_626' title='bbox 2775 3880 2888 3950; x_wconf 75' lang='grc' dir='ltr'>ἔχει</span> <span class='ocrx_word' id='word_1_627' title='bbox 2920 3879 3130 3948; x_wconf 74' lang='grc' dir='ltr'>φωνῆς.</span> <span class='ocrx_word' id='word_1_628' title='bbox 3169 3897 3187 3929; x_wconf 73' lang='grc' dir='ltr'><strong>ι</strong></span> <span class='ocrx_word' id='word_1_629' title='bbox 3237 3877 3301 3930; x_wconf 82' lang='lat' dir='ltr'><strong>Ei.</strong></span> <span class='ocrx_word' id='word_1_630' title='bbox 3343 3876 3400 3930; x_wconf 83' lang='grc' dir='ltr'>δὲ</span> <span class='ocrx_word' id='word_1_631' title='bbox 3442 3874 3505 3945; x_wconf 83' lang='grc' dir='ltr'>δή</span> <span class='ocrx_word' id='word_1_632' title='bbox 3552 3871 3656 3926; x_wconf 89' lang='grc' dir='ltr'><strong>πού</strong></span> <span class='ocrx_word' id='word_1_633' title='bbox 3710 3888 3793 3934; x_wconf 77' lang='grc' dir='ltr'><strong>τις</strong></span> 
     </span>
    </p>
   </div>
   <div class='ocr_carea' id='block_1_87' title="bbox 2213 3959 3795 4041">
    <p class='ocr_par' dir='ltr' id='par_1_87' title="bbox 2213 3959 3795 4041">
     <span class='ocr_line' id='line_1_87' title="bbox 2213 3959 3795 4041; baseline -0.003 -18"><span class='ocrx_word' id='word_1_634' title='bbox 2213 3972 2425 4039; x_wconf 80' lang='grc' dir='ltr'>γένοιτο</span> <span class='ocrx_word' id='word_1_635' title='bbox 2467 3970 2611 4025; x_wconf 84' lang='grc' dir='ltr'><strong>κατά</strong></span> <span class='ocrx_word' id='word_1_636' title='bbox 2652 3972 2753 4041; x_wconf 81' lang='grc' dir='ltr'>τῆς</span> <span class='ocrx_word' id='word_1_637' title='bbox 2791 3970 2943 4033; x_wconf 83' lang='grc' dir='ltr'>θείας</span> <span class='ocrx_word' id='word_1_638' title='bbox 2990 3969 3156 4023; x_wconf 76' lang='grc' dir='ltr'>αὑτοῦ</span> <span class='ocrx_word' id='word_1_639' title='bbox 3195 3968 3352 4038; x_wconf 78' lang='grc' dir='ltr'>δόξης</span> <span class='ocrx_word' id='word_1_640' title='bbox 3394 3967 3586 4035; x_wconf 85' lang='grc' dir='ltr'>λόγος,</span> <span class='ocrx_word' id='word_1_641' title='bbox 3641 3959 3795 4029; x_wconf 77' lang='grc' dir='ltr'>οὗτος</span> 
     </span>
    </p>
   </div>
   <div class='ocr_carea' id='block_1_88' title="bbox 2212 4054 3795 4131">
    <p class='ocr_par' dir='ltr' id='par_1_88' title="bbox 2212 4054 3795 4131">
     <span class='ocr_line' id='line_1_88' title="bbox 2212 4054 3795 4131; baseline -0.003 -18"><span class='ocrx_word' id='word_1_642' title='bbox 2212 4060 2368 4113; x_wconf 74' lang='grc' dir='ltr'>ἔσται</span> <span class='ocrx_word' id='word_1_643' title='bbox 2393 4060 2562 4131; x_wconf 79' lang='grc' dir='ltr'>βαρὺς</span> <span class='ocrx_word' id='word_1_644' title='bbox 2591 4062 2685 4113; x_wconf 75' lang='grc' dir='ltr'>καὶ</span> <span class='ocrx_word' id='word_1_645' title='bbox 2716 4058 2828 4113; x_wconf 77' lang='grc' dir='ltr'>οἷον</span> <span class='ocrx_word' id='word_1_646' title='bbox 2854 4061 3151 4131; x_wconf 75' lang='grc' dir='ltr'>ἀφόρητος,</span> <span class='ocrx_word' id='word_1_647' title='bbox 3174 4059 3352 4112; x_wconf 86' lang='grc' dir='ltr'>καίτοι</span> <span class='ocrx_word' id='word_1_648' title='bbox 3388 4057 3510 4111; x_wconf 86' lang='grc' dir='ltr'>λίαν</span> <span class='ocrx_word' id='word_1_649' title='bbox 3543 4054 3795 4120; x_wconf 75' lang='grc' dir='ltr'>ἀνεξικασ</span> 
     </span>
    </p>
   </div>
   <div class='ocr_carea' id='block_1_89' title="bbox 2214 4148 3796 4225">
    <p class='ocr_par' dir='ltr' id='par_1_89' title="bbox 2214 4148 3796 4225">
     <span class='ocr_line' id='line_1_89' title="bbox 2214 4148 3796 4225; baseline -0.004 -18"><span class='ocrx_word' id='word_1_650' title='bbox 2214 4156 2330 4207; x_wconf 87' lang='grc' dir='ltr'>κεῖν</span> <span class='ocrx_word' id='word_1_651' title='bbox 2365 4152 2597 4207; x_wconf 76' lang='grc' dir='ltr'>εἰωθότι.</span> <span class='ocrx_word' id='word_1_652' title='bbox 2636 4152 2821 4225; x_wconf 82' lang='grc' dir='ltr'>Ταύτῃ</span> <span class='ocrx_word' id='word_1_653' title='bbox 2858 4169 2938 4205; x_wconf 84' lang='grc' dir='ltr'><strong>τοι</strong></span> <span class='ocrx_word' id='word_1_654' title='bbox 2983 4153 3077 4205; x_wconf 70' lang='grc' dir='ltr'><strong>καὶ</strong></span> <span class='ocrx_word' id='word_1_655' title='bbox 3102 4153 3369 4220; x_wconf 77' lang='grc' dir='ltr'><strong>ἔφασκεν⁸</strong></span> <span class='ocrx_word' id='word_1_656' title='bbox 3411 4171 3429 4202; x_wconf 81' lang='grc' dir='ltr'><strong>ι</strong></span> <span class='ocrx_word' id='word_1_657' title='bbox 3469 4148 3796 4220; x_wconf 74' lang='grc' dir='ltr'>Ἐὅαρύνετι</span> 
     </span>
    </p>
   </div>
   <div class='ocr_carea' id='block_1_90' title="bbox 2215 4235 3795 4315">
    <p class='ocr_par' dir='ltr' id='par_1_90' title="bbox 2215 4235 3795 4315">
     <span class='ocr_line' id='line_1_90' title="bbox 2215 4235 3795 4315; baseline -0.004 -16"><span class='ocrx_word' id='word_1_658' title='bbox 2215 4247 2301 4299; x_wconf 75' lang='grc' dir='ltr'><strong>ἐπ’</strong></span> <span class='ocrx_word' id='word_1_659' title='bbox 2332 4244 2432 4315; x_wconf 77' lang='grc' dir='ltr'><strong>ἐμὲ</strong></span> <span class='ocrx_word' id='word_1_660' title='bbox 2462 4246 2588 4307; x_wconf 82' lang='grc' dir='ltr'>τοὺς</span> <span class='ocrx_word' id='word_1_661' title='bbox 2614 4243 2806 4312; x_wconf 86' lang='grc' dir='ltr'>λόγους</span> <span class='ocrx_word' id='word_1_662' title='bbox 2834 4244 3042 4313; x_wconf 77' lang='grc' dir='ltr'>ὑμῶν.)</span> <span class='ocrx_word' id='word_1_663' title='bbox 3066 4246 3157 4297; x_wconf 83' lang='grc' dir='ltr'>Δεῖ</span> <span class='ocrx_word' id='word_1_664' title='bbox 3184 4244 3247 4313; x_wconf 83' lang='grc' dir='ltr'>δὴ</span> <span class='ocrx_word' id='word_1_665' title='bbox 3276 4239 3369 4297; x_wconf 77' lang='grc' dir='ltr'><strong>οὖν</strong></span> <span class='ocrx_word' id='word_1_666' title='bbox 3398 4242 3496 4304; x_wconf 75' lang='grc' dir='ltr'>ἔτι,</span> <span class='ocrx_word' id='word_1_667' title='bbox 3516 4242 3625 4295; x_wconf 77' lang='grc' dir='ltr'>κᾶν</span> <span class='ocrx_word' id='word_1_668' title='bbox 3647 4235 3795 4311; x_wconf 75' lang='grc' dir='ltr'>ὦμεν</span> 
     </span>
    </p>
   </div>
   <div class='ocr_carea' id='block_1_91' title="bbox 2218 4330 3798 4409">
    <p class='ocr_par' dir='ltr' id='par_1_91' title="bbox 2218 4330 3798 4409">
     <span class='ocr_line' id='line_1_91' title="bbox 2218 4330 3798 4409; baseline -0.004 -19"><span class='ocrx_word' id='word_1_669' title='bbox 2218 4339 2275 4391; x_wconf 79' lang='grc' dir='ltr'>ἐν</span> <span class='ocrx_word' id='word_1_670' title='bbox 2303 4338 2506 4401; x_wconf 88' lang='grc' dir='ltr'>πόνοις,</span> <span class='ocrx_word' id='word_1_671' title='bbox 2541 4336 2830 4409; x_wconf 85' lang='grc' dir='ltr'>χρησίμως</span> <span class='ocrx_word' id='word_1_672' title='bbox 2859 4338 3005 4408; x_wconf 81' lang='grc' dir='ltr'>ἡμᾶς</span> <span class='ocrx_word' id='word_1_673' title='bbox 3035 4335 3381 4398; x_wconf 86' lang='grc' dir='ltr'>παιδεύοντος</span> <span class='ocrx_word' id='word_1_674' title='bbox 3409 4333 3501 4387; x_wconf 90' lang='grc' dir='ltr'><strong>τοῦ</strong></span> <span class='ocrx_word' id='word_1_675' title='bbox 3530 4330 3693 4396; x_wconf 85' lang='grc' dir='ltr'>Θεοῦ,</span> <span class='ocrx_word' id='word_1_676' title='bbox 3730 4332 3798 4402; x_wconf 74' lang='grc' dir='ltr'><strong>μὴ</strong></span> 
     </span>
    </p>
   </div>
   <div class='ocr_carea' id='block_1_92' title="bbox 515 4425 2094 4502">
    <p class='ocr_par' dir='ltr' id='par_1_92' title="bbox 515 4432 2094 4502">
     <span class='ocr_line' id='line_1_92' title="bbox 515 4432 2094 4502; baseline 0.001 -17"><span class='ocrx_word' id='word_1_677' title='bbox 515 4433 632 4488; x_wconf 89' lang='lat' dir='ltr'><strong>neis</strong></span> <span class='ocrx_word' id='word_1_678' title='bbox 693 4432 848 4489; x_wconf 87' lang='lat' dir='ltr'><strong>bouis</strong></span> <span class='ocrx_word' id='word_1_679' title='bbox 932 4434 1227 4501; x_wconf 79' lang='lat' dir='ltr'><strong>fruantur,</strong></span> <span class='ocrx_word' id='word_1_680' title='bbox 1280 4434 1517 4488; x_wconf 90' lang='lat' dir='ltr'><strong>rationes</strong></span> <span class='ocrx_word' id='word_1_681' title='bbox 1592 4432 1867 4501; x_wconf 74' lang='lat' dir='ltr'><strong>patientia:</strong></span> <span class='ocrx_word' id='word_1_682' title='bbox 1938 4433 2094 4502; x_wconf 76' lang='lat' dir='ltr'><strong>ipsius</strong></span> 
     </span>
    </p>
   </div>
   <div class='ocr_carea' id='block_1_93' title="bbox 2201 4425 3799 4502">
    <p class='ocr_par' dir='ltr' id='par_1_93' title="bbox 2209 4425 3799 4501">
     <span class='ocr_line' id='line_1_93' title="bbox 2209 4425 3799 4501; baseline -0.003 -19"><span class='ocrx_word' id='word_1_683' title='bbox 2209 4430 2329 4485; x_wconf 91' lang='grc' dir='ltr'>λίαν</span> <span class='ocrx_word' id='word_1_684' title='bbox 2361 4431 2613 4501; x_wconf 85' lang='grc' dir='ltr'>ἀκηδιᾷν,</span> <span class='ocrx_word' id='word_1_685' title='bbox 2656 4430 2796 4499; x_wconf 86' lang='grc' dir='ltr'>μήτε</span> <span class='ocrx_word' id='word_1_686' title='bbox 2832 4430 2937 4499; x_wconf 86' lang='grc' dir='ltr'><strong>μὴν</strong></span> <span class='ocrx_word' id='word_1_687' title='bbox 2982 4429 3190 4482; x_wconf 82' lang='grc' dir='ltr'>οἴεσθαι</span> <span class='ocrx_word' id='word_1_688' title='bbox 3215 4428 3305 4481; x_wconf 82' lang='grc' dir='ltr'><strong>τὸν</strong></span> <span class='ocrx_word' id='word_1_689' title='bbox 3328 4427 3471 4481; x_wconf 77' lang='grc' dir='ltr'>οὓτω</span> <span class='ocrx_word' id='word_1_690' title='bbox 3509 4425 3799 4496; x_wconf 79' lang='grc' dir='ltr'>φιλάρετον</span> 
     </span>
    </p>
   </div>
   <div class='ocr_carea' id='block_1_94' title="bbox 515 4523 2104 4597">
    <p class='ocr_par' dir='ltr' id='par_1_94' title="bbox 515 4523 2104 4597">
     <span class='ocr_line' id='line_1_94' title="bbox 515 4523 2104 4597; baseline 0.002 -18"><span class='ocrx_word' id='word_1_691' title='bbox 515 4541 640 4597; x_wconf 81' lang='lat' dir='ltr'><strong>erga</strong></span> <span class='ocrx_word' id='word_1_692' title='bbox 674 4527 795 4583; x_wconf 87' lang='lat' dir='ltr'><strong>illus</strong></span> <span class='ocrx_word' id='word_1_693' title='bbox 850 4530 916 4583; x_wconf 90' lang='lat' dir='ltr'><strong>ad</strong></span> <span class='ocrx_word' id='word_1_694' title='bbox 947 4544 1198 4583; x_wconf 87' lang='lat' dir='ltr'><strong>arcanam</strong></span> <span class='ocrx_word' id='word_1_695' title='bbox 1240 4526 1635 4597; x_wconf 86' lang='lat' dir='ltr'><strong>providentiam</strong></span> <span class='ocrx_word' id='word_1_696' title='bbox 1669 4523 1872 4579; x_wconf 79' lang='lat' dir='ltr'><strong>referre</strong></span> <span class='ocrx_word' id='word_1_697' title='bbox 1891 4540 2104 4596; x_wconf 70' lang='lat' dir='ltr'><strong>aequum</strong></span> 
     </span>
    </p>
   </div>
   <div class='ocr_carea' id='block_1_95' title="bbox 516 4628 617 4672">
    <p class='ocr_par' dir='ltr' id='par_1_95' title="bbox 516 4628 617 4672">
     <span class='ocr_line' id='line_1_95' title="bbox 516 4628 617 4672; baseline 0 0"><span class='ocrx_word' id='word_1_698' title='bbox 516 4628 617 4672; x_wconf 71' lang='grc' dir='ltr'>Θδι.</span> 
     </span>
    </p>
   </div>
   <div class='ocr_carea' id='block_1_96' title="bbox 2214 4517 3800 4595">
    <p class='ocr_par' dir='ltr' id='par_1_96' title="bbox 2214 4517 3800 4595">
     <span class='ocr_line' id='line_1_96' title="bbox 2214 4517 3800 4595; baseline -0.009 -14"><span class='ocrx_word' id='word_1_699' title='bbox 2214 4525 2509 4595; x_wconf 81' lang='grc' dir='ltr'>ἀφειδῆσαι</span> <span class='ocrx_word' id='word_1_700' title='bbox 2549 4523 2658 4577; x_wconf 87' lang='grc' dir='ltr'><strong>τῶν</strong></span> <span class='ocrx_word' id='word_1_701' title='bbox 2700 4523 2959 4590; x_wconf 58' lang='grc' dir='ltr'>ἀγαθῶν</span> <span class='ocrx_word' id='word_1_702' title='bbox 3002 4519 3464 4592; x_wconf 81' lang='grc' dir='ltr'>περιεργάζεσθαι</span> <span class='ocrx_word' id='word_1_703' title='bbox 3490 4518 3550 4572; x_wconf 81' lang='grc' dir='ltr'>δὲ</span> <span class='ocrx_word' id='word_1_704' title='bbox 3596 4517 3800 4588; x_wconf 83' lang='grc' dir='ltr'>μᾶλλον</span> 
     </span>
    </p>
   </div>
   <div class='ocr_carea' id='block_1_97' title="bbox 2211 4606 3797 4686">
    <p class='ocr_par' dir='ltr' id='par_1_97' title="bbox 2211 4606 3797 4686">
     <span class='ocr_line' id='line_1_97' title="bbox 2211 4606 3797 4686; baseline -0.01 -15"><span class='ocrx_word' id='word_1_705' title='bbox 2211 4618 2279 4671; x_wconf 83' lang='grc' dir='ltr'><strong>τά</strong></span> <span class='ocrx_word' id='word_1_706' title='bbox 2331 4617 2414 4685; x_wconf 69' lang='grc' dir='ltr'><strong>ἐφ’</strong></span> <span class='ocrx_word' id='word_1_707' title='bbox 2472 4612 2553 4679; x_wconf 76' lang='grc' dir='ltr'>οἷς</span> <span class='ocrx_word' id='word_1_708' title='bbox 2609 4613 3181 4686; x_wconf 83' lang='grc' dir='ltr'>προσκεκρούκαμεν,</span> <span class='ocrx_word' id='word_1_709' title='bbox 3240 4606 3689 4683; x_wconf 70' lang='grc' dir='ltr'>ἐκμειλίσσεσθαί</span> <span class='ocrx_word' id='word_1_710' title='bbox 3747 4621 3797 4655; x_wconf 83' lang='grc' dir='ltr'><strong>τε</strong></span> 
     </span>
    </p>
   </div>
   <div class='ocr_carea' id='block_1_98' title="bbox 515 4700 3799 4795">
    <p class='ocr_par' dir='ltr' id='par_1_98' title="bbox 515 4700 3799 4783">
     <span class='ocr_line' id='line_1_98' title="bbox 515 4700 3799 4783; baseline -0.003 -23"><span class='ocrx_word' id='word_1_711' title='bbox 515 4709 677 4777; x_wconf 76' lang='grc' dir='ltr'>οὓτω,</span> <span class='ocrx_word' id='word_1_712' title='bbox 707 4713 799 4765; x_wconf 78' lang='grc' dir='ltr'><strong>καὶ</strong></span> <span class='ocrx_word' id='word_1_713' title='bbox 832 4711 923 4766; x_wconf 83' lang='grc' dir='ltr'><strong>τὸν</strong></span> <span class='ocrx_word' id='word_1_714' title='bbox 961 4711 1107 4765; x_wconf 73' lang='grc' dir='ltr'>ἔλεον</span> <span class='ocrx_word' id='word_1_715' title='bbox 1137 4711 1329 4764; x_wconf 75' lang='grc' dir='ltr'>αἰτεῖν.</span> <span class='ocrx_word' id='word_1_716' title='bbox 1375 4710 1439 4764; x_wconf 77' lang='lat' dir='ltr'><strong>El</strong></span> <span class='ocrx_word' id='word_1_717' title='bbox 1481 4710 1537 4764; x_wconf 83' lang='grc' dir='ltr'>δὲ</span> <span class='ocrx_word' id='word_1_718' title='bbox 1561 4710 1625 4783; x_wconf 81' lang='grc' dir='ltr'>δὴ</span> <span class='ocrx_word' id='word_1_719' title='bbox 1656 4710 1749 4765; x_wconf 90' lang='grc' dir='ltr'><strong>καί</strong></span> <span class='ocrx_word' id='word_1_720' title='bbox 1796 4728 1942 4775; x_wconf 89' lang='grc' dir='ltr'>τινες</span> <span class='ocrx_word' id='word_1_721' title='bbox 1980 4709 2089 4764; x_wconf 86' lang='grc' dir='ltr'><strong>τῶν</strong></span> <span class='ocrx_word' id='word_1_722' title='bbox 2134 4711 2646 4783; x_wconf 83' lang='grc' dir='ltr'>φιλαμαρτημόνων</span> <span class='ocrx_word' id='word_1_723' title='bbox 2710 4712 2767 4762; x_wconf 81' lang='grc' dir='ltr'>ὲν</span> <span class='ocrx_word' id='word_1_724' title='bbox 2836 4708 3156 4771; x_wconf 79' lang='grc' dir='ltr'>εὐπαθείαις</span> <span class='ocrx_word' id='word_1_725' title='bbox 3195 4701 3307 4761; x_wconf 79' lang='grc' dir='ltr'>εἷεν</span> <span class='ocrx_word' id='word_1_726' title='bbox 3342 4705 3659 4775; x_wconf 75' lang='grc' dir='ltr'>κοσμικαῖς,</span> <span class='ocrx_word' id='word_1_727' title='bbox 3708 4700 3799 4766; x_wconf 69' lang='grc' dir='ltr'><strong>τὴν</strong></span> 
     </span>
    </p>
   </div>
   <div class='ocr_carea' id='block_1_99' title="bbox 514 4794 3797 4876">
    <p class='ocr_par' dir='ltr' id='par_1_99' title="bbox 514 4794 3797 4876">
     <span class='ocr_line' id='line_1_99' title="bbox 514 4794 3797 4876; baseline -0.002 -20"><span class='ocrx_word' id='word_1_728' title='bbox 514 4803 621 4856; x_wconf 84' lang='grc' dir='ltr'><strong>τῶν</strong></span> <span class='ocrx_word' id='word_1_729' title='bbox 651 4803 1003 4875; x_wconf 83' lang='grc' dir='ltr'>προσκαίρων</span> <span class='ocrx_word' id='word_1_730' title='bbox 1042 4803 1340 4857; x_wconf 82' lang='grc' dir='ltr'>ἀπόλαυσιν</span> <span class='ocrx_word' id='word_1_731' title='bbox 1405 4794 1639 4874; x_wconf 76' lang='grc' dir='ltr'>ἔχοντες,</span> <span class='ocrx_word' id='word_1_732' title='bbox 1708 4803 2005 4873; x_wconf 83' lang='grc' dir='ltr'>ἀπονέμειν</span> <span class='ocrx_word' id='word_1_733' title='bbox 2031 4803 2323 4858; x_wconf 82' lang='grc' dir='ltr'>ἀκόλουθον</span> <span class='ocrx_word' id='word_1_734' title='bbox 2367 4807 2488 4868; x_wconf 81' lang='grc' dir='ltr'>ταῖς</span> <span class='ocrx_word' id='word_1_735' title='bbox 2571 4804 2907 4876; x_wconf 74' lang='grc' dir='ltr'>ἀπορρήτοις</span> <span class='ocrx_word' id='word_1_736' title='bbox 2949 4801 3282 4871; x_wconf 81' lang='grc' dir='ltr'>οἰκονομίαις</span> <span class='ocrx_word' id='word_1_737' title='bbox 3325 4799 3422 4868; x_wconf 79' lang='grc' dir='ltr'>τῆς</span> <span class='ocrx_word' id='word_1_738' title='bbox 3494 4795 3579 4847; x_wconf 79' lang='grc' dir='ltr'><strong>ἐπ’</strong></span> <span class='ocrx_word' id='word_1_739' title='bbox 3617 4794 3797 4852; x_wconf 70' lang='grc' dir='ltr'><strong>αὐτοῖς</strong></span> 
     </span>
    </p>
   </div>
   <div class='ocr_carea' id='block_1_100' title="bbox 516 4896 1260 4965">
    <p class='ocr_par' dir='ltr' id='par_1_100' title="bbox 516 4896 1260 4965">
     <span class='ocr_line' id='line_1_100' title="bbox 516 4896 1260 4965; baseline -0.001 -13"><span class='ocrx_word' id='word_1_740' title='bbox 516 4897 864 4962; x_wconf 79' lang='grc' dir='ltr'>ἀνεξικακίας</span> <span class='ocrx_word' id='word_1_741' title='bbox 888 4897 1015 4960; x_wconf 83' lang='grc' dir='ltr'>τοὺς</span> <span class='ocrx_word' id='word_1_742' title='bbox 1046 4896 1260 4965; x_wconf 84' lang='grc' dir='ltr'>λόγους.</span> 
     </span>
    </p>
   </div>
   <div class='ocr_carea' id='block_1_101' title="bbox 588 4987 2102 5060">
    <p class='ocr_par' dir='ltr' id='par_1_101' title="bbox 588 4987 2102 5060">
     <span class='ocr_line' id='line_1_101' title="bbox 588 4987 2102 5060; baseline 0.001 -17"><span class='ocrx_word' id='word_1_743' title='bbox 588 4990 753 5045; x_wconf 75' lang='lat' dir='ltr'><strong>Vens.</strong></span> <span class='ocrx_word' id='word_1_744' title='bbox 797 4990 994 5056; x_wconf 73' lang='lat'><strong>16,17.</strong></span> <span class='ocrx_word' id='word_1_745' title='bbox 1036 4987 1106 5043; x_wconf 83' lang='lat' dir='ltr'><strong>Et</strong></span> <span class='ocrx_word' id='word_1_746' title='bbox 1153 4991 1359 5060; x_wconf 78' lang='lat' dir='ltr'><strong>scripsit</strong></span> <span class='ocrx_word' id='word_1_747' title='bbox 1406 4990 1599 5044; x_wconf 86' lang='lat' dir='ltr'><strong>librum</strong></span> <span class='ocrx_word' id='word_1_748' title='bbox 1667 4990 1991 5045; x_wconf 80' lang='lat' dir='ltr'><strong>monumenti</strong></span> <span class='ocrx_word' id='word_1_749' title='bbox 2049 4992 2102 5045; x_wconf 79' lang='lat' dir='ltr'><strong>in</strong></span> 
     </span>
    </p>
   </div>
   <div class='ocr_carea' id='block_1_102' title="bbox 517 5081 2098 5150">
    <p class='ocr_par' dir='ltr' id='par_1_102' title="bbox 517 5081 2098 5150">
     <span class='ocr_line' id='line_1_102' title="bbox 517 5081 2098 5150; baseline -0.001 -14"><span class='ocrx_word' id='word_1_750' title='bbox 517 5093 791 5150; x_wconf 84' lang='lat' dir='ltr'><strong>conspectu</strong></span> <span class='ocrx_word' id='word_1_751' title='bbox 844 5097 938 5134; x_wconf 78' lang='lat' dir='ltr'><strong>suo</strong></span> <span class='ocrx_word' id='word_1_752' title='bbox 990 5081 1072 5134; x_wconf 75' lang='lat' dir='ltr'><strong>Itis</strong></span> <span class='ocrx_word' id='word_1_753' title='bbox 1136 5083 1224 5150; x_wconf 82' lang='lat' dir='ltr'><strong>qui</strong></span> <span class='ocrx_word' id='word_1_754' title='bbox 1292 5082 1469 5136; x_wconf 84' lang='lat' dir='ltr'><strong>timent</strong></span> <span class='ocrx_word' id='word_1_755' title='bbox 1542 5082 1857 5146; x_wconf 86' lang='lat' dir='ltr'><strong>Dominum,</strong></span> <span class='ocrx_word' id='word_1_756' title='bbox 1910 5092 1958 5135; x_wconf 88' lang='lat' dir='ltr'><strong>et</strong></span> <span class='ocrx_word' id='word_1_757' title='bbox 2008 5083 2098 5150; x_wconf 84' lang='lat' dir='ltr'><strong>qui</strong></span> 
     </span>
    </p>
   </div>
   <div class='ocr_carea' id='block_1_103' title="bbox 519 5171 2099 5242">
    <p class='ocr_par' dir='ltr' id='par_1_103' title="bbox 519 5171 2099 5242">
     <span class='ocr_line' id='line_1_103' title="bbox 519 5171 2099 5242; baseline 0.001 -15"><span class='ocrx_word' id='word_1_758' title='bbox 519 5182 818 5227; x_wconf 79' lang='lat' dir='ltr'><strong>reverentur</strong></span> <span class='ocrx_word' id='word_1_759' title='bbox 868 5189 1051 5226; x_wconf 86' lang='lat' dir='ltr'><strong>nomen</strong></span> <span class='ocrx_word' id='word_1_760' title='bbox 1096 5173 1228 5242; x_wconf 79' lang='lat' dir='ltr'><strong>ejus.</strong></span> <span class='ocrx_word' id='word_1_761' title='bbox 1270 5171 1340 5227; x_wconf 91' lang='lat' dir='ltr'><strong>Et</strong></span> <span class='ocrx_word' id='word_1_762' title='bbox 1397 5184 1550 5227; x_wconf 84' lang='lat' dir='ltr'><strong>erunt</strong></span> <span class='ocrx_word' id='word_1_763' title='bbox 1594 5176 1761 5242; x_wconf 82' lang='lat' dir='ltr'><strong>mihi,</strong></span> <span class='ocrx_word' id='word_1_764' title='bbox 1814 5176 1939 5228; x_wconf 82' lang='lat' dir='ltr'><strong>dicit</strong></span> <span class='ocrx_word' id='word_1_765' title='bbox 1989 5173 2099 5228; x_wconf 81' lang='lat' dir='ltr'><strong>Do-</strong></span> 
     </span>
    </p>
   </div>
   <div class='ocr_carea' id='block_1_104' title="bbox 520 5267 2099 5339">
    <p class='ocr_par' dir='ltr' id='par_1_104' title="bbox 520 5267 2099 5339">
     <span class='ocr_line' id='line_1_104' title="bbox 520 5267 2099 5339; baseline 0.003 -22"><span class='ocrx_word' id='word_1_766' title='bbox 520 5270 691 5317; x_wconf 75' lang='lat' dir='ltr'><strong>minus</strong></span> <span class='ocrx_word' id='word_1_767' title='bbox 741 5267 1085 5332; x_wconf 76' lang='lat' dir='ltr'><strong>omnipotens,</strong></span> <span class='ocrx_word' id='word_1_768' title='bbox 1106 5268 1157 5319; x_wconf 86' lang='lat' dir='ltr'><strong>in</strong></span> <span class='ocrx_word' id='word_1_769' title='bbox 1189 5267 1324 5321; x_wconf 87' lang='lat' dir='ltr'><strong>diem</strong></span> <span class='ocrx_word' id='word_1_770' title='bbox 1367 5284 1522 5337; x_wconf 84' lang='lat' dir='ltr'><strong>quam</strong></span> <span class='ocrx_word' id='word_1_771' title='bbox 1552 5285 1646 5338; x_wconf 88' lang='lat' dir='ltr'><strong>ego</strong></span> <span class='ocrx_word' id='word_1_772' title='bbox 1678 5268 1815 5339; x_wconf 80' lang='lat' dir='ltr'><strong>facio</strong></span> <span class='ocrx_word' id='word_1_773' title='bbox 1848 5271 1899 5323; x_wconf 80' lang='lat' dir='ltr'><strong>in</strong></span> <span class='ocrx_word' id='word_1_774' title='bbox 1930 5271 2099 5338; x_wconf 79' lang='lat' dir='ltr'><strong>ncqui-</strong></span> 
     </span>
    </p>
   </div>
   <div class='ocr_carea' id='block_1_105' title="bbox 520 5356 2104 5430">
    <p class='ocr_par' dir='ltr' id='par_1_105' title="bbox 520 5356 2104 5430">
     <span class='ocr_line' id='line_1_105' title="bbox 520 5356 2104 5430; baseline 0.004 -23"><span class='ocrx_word' id='word_1_775' title='bbox 520 5356 785 5417; x_wconf 77' lang='lat' dir='ltr'><strong>sitionem,</strong></span> <span class='ocrx_word' id='word_1_776' title='bbox 824 5365 871 5408; x_wconf 89' lang='lat' dir='ltr'><strong>et</strong></span> <span class='ocrx_word' id='word_1_777' title='bbox 901 5357 1088 5427; x_wconf 83' lang='lat' dir='ltr'><strong>eligam</strong></span> <span class='ocrx_word' id='word_1_778' title='bbox 1112 5376 1197 5413; x_wconf 80' lang='lat' dir='ltr'><strong>eos</strong></span> <span class='ocrx_word' id='word_1_779' title='bbox 1228 5362 1360 5413; x_wconf 75' lang='lat' dir='ltr'><strong>sirut</strong></span> <span class='ocrx_word' id='word_1_780' title='bbox 1382 5360 1522 5430; x_wconf 78' lang='lat' dir='ltr'><strong>eligit</strong></span> <span class='ocrx_word' id='word_1_781' title='bbox 1569 5363 1719 5414; x_wconf 78' lang='lat' dir='ltr'><strong>homo</strong></span> <span class='ocrx_word' id='word_1_782' title='bbox 1749 5362 1921 5428; x_wconf 76' lang='lat' dir='ltr'><strong>[ilium</strong></span> <span class='ocrx_word' id='word_1_783' title='bbox 1951 5378 2104 5415; x_wconf 82' lang='lat' dir='ltr'><strong>suum</strong></span> 
     </span>
    </p>
   </div>
   <div class='ocr_carea' id='block_1_106' title="bbox 520 5446 962 5501">
    <p class='ocr_par' dir='ltr' id='par_1_106' title="bbox 520 5446 962 5501">
     <span class='ocr_line' id='line_1_106' title="bbox 520 5446 962 5501; baseline 0.005 -2"><span class='ocrx_word' id='word_1_784' title='bbox 520 5446 820 5499; x_wconf 70' lang='lat' dir='ltr'><strong>servientem</strong></span> <span class='ocrx_word' id='word_1_785' title='bbox 844 5448 962 5501; x_wconf 69' lang='lat' dir='ltr'><strong>sibi.</strong></span> 
     </span>
    </p>
   </div>
   <div class='ocr_carea' id='block_1_107' title="bbox 1320 5553 1351 5589">
    <p class='ocr_par' dir='ltr' id='par_1_107' title="bbox 1320 5553 1351 5589">
     <span class='ocr_line' id='line_1_107' title="bbox 1320 5553 1351 5589; baseline 0 0"><span class='ocrx_word' id='word_1_786' title='bbox 1320 5553 1351 5589; x_wconf 63' lang='grc' dir='ltr'><strong>δ</strong></span> 
     </span>
    </p>
   </div>
   <div class='ocr_carea' id='block_1_108' title="bbox 600 5712 1527 5789">
    <p class='ocr_par' dir='ltr' id='par_1_108' title="bbox 600 5712 1527 5789">
     <span class='ocr_line' id='line_1_108' title="bbox 600 5712 1527 5789; baseline 0.003 -18"><span class='ocrx_word' id='word_1_787' title='bbox 600 5713 646 5743; x_wconf 74' lang='grc'><strong>⁸⁸</strong></span> <span class='ocrx_word' id='word_1_788' title='bbox 676 5712 876 5774; x_wconf 88' lang='lat' dir='ltr'><strong>.lcrcm.</strong></span> <span class='ocrx_word' id='word_1_789' title='bbox 913 5733 971 5782; x_wconf 83' lang='lat' dir='ltr'><strong>ll,</strong></span> <span class='ocrx_word' id='word_1_790' title='bbox 998 5718 1087 5772; x_wconf 68' lang='grc' dir='ltr'>Ἦ.</span> <span class='ocrx_word' id='word_1_791' title='bbox 1167 5720 1209 5751; x_wconf 62' lang='lat'><strong>9&quot;</strong></span> <span class='ocrx_word' id='word_1_792' title='bbox 1245 5719 1373 5789; x_wconf 67' lang='grc' dir='ltr'>ευρ.</span> <span class='ocrx_word' id='word_1_793' title='bbox 1406 5735 1443 5785; x_wconf 81' lang='grc' dir='ltr'><strong>ι,</strong></span> <span class='ocrx_word' id='word_1_794' title='bbox 1470 5721 1527 5774; x_wconf 89' lang='grc'>7.</span> 
     </span>
    </p>
   </div>
   <div class='ocr_carea' id='block_1_109' title="bbox 2281 4976 3797 5052">
    <p class='ocr_par' dir='ltr' id='par_1_109' title="bbox 2281 4976 3797 5052">
     <span class='ocr_line' id='line_1_109' title="bbox 2281 4976 3797 5052; baseline -0.007 -13"><span class='ocrx_word' id='word_1_795' title='bbox 2281 4983 2390 5039; x_wconf 74' lang='grc' dir='ltr'><strong>Καὶ</strong></span> <span class='ocrx_word' id='word_1_796' title='bbox 2430 4983 2655 5052; x_wconf 66' lang='grc' dir='ltr'>ἔγραψε</span> <span class='ocrx_word' id='word_1_797' title='bbox 2690 4982 2934 5046; x_wconf 67' lang='grc' dir='ltr'>,βιϐλίον</span> <span class='ocrx_word' id='word_1_798' title='bbox 2973 4979 3373 5049; x_wconf 80' lang='grc' dir='ltr'>μνημοσύνου</span> <span class='ocrx_word' id='word_1_799' title='bbox 3403 4976 3665 5030; x_wconf 75' lang='grc' dir='ltr'>ἐνώπιον</span> <span class='ocrx_word' id='word_1_800' title='bbox 3699 4978 3797 5029; x_wconf 71' lang='grc' dir='ltr'><strong><em>(ιὺ-</em></strong></span> 
     </span>
    </p>
   </div>
   <div class='ocr_carea' id='block_1_110' title="bbox 2208 5071 3799 5145">
    <p class='ocr_par' dir='ltr' id='par_1_110' title="bbox 2208 5071 3799 5145">
     <span class='ocr_line' id='line_1_110' title="bbox 2208 5071 3799 5145; baseline -0.007 -12"><span class='ocrx_word' id='word_1_801' title='bbox 2208 5078 2314 5133; x_wconf 83' lang='grc' dir='ltr'><strong>τοῦ</strong></span> <span class='ocrx_word' id='word_1_802' title='bbox 2338 5076 2460 5141; x_wconf 81' lang='grc' dir='ltr'>τοῖς</span> <span class='ocrx_word' id='word_1_803' title='bbox 2497 5073 2892 5145; x_wconf 68' lang='grc' dir='ltr'>φοϐουμένοις</span> <span class='ocrx_word' id='word_1_804' title='bbox 2943 5072 3050 5126; x_wconf 76' lang='grc' dir='ltr'><strong>τὸν</strong></span> <span class='ocrx_word' id='word_1_805' title='bbox 3082 5074 3328 5139; x_wconf 78' lang='grc' dir='ltr'>Κύριον,</span> <span class='ocrx_word' id='word_1_806' title='bbox 3368 5071 3466 5124; x_wconf 79' lang='grc' dir='ltr'>καὶ</span> <span class='ocrx_word' id='word_1_807' title='bbox 3507 5071 3799 5124; x_wconf 70' lang='grc' dir='ltr'><strong>εὐλαϐουο</strong></span> 
     </span>
    </p>
   </div>
   <div class='ocr_carea' id='block_1_111' title="bbox 2203 5161 3794 5244">
    <p class='ocr_par' dir='ltr' id='par_1_111' title="bbox 2203 5161 3794 5244">
     <span class='ocr_line' id='line_1_111' title="bbox 2203 5161 3794 5244; baseline -0.008 -19"><span class='ocrx_word' id='word_1_808' title='bbox 2203 5172 2409 5244; x_wconf 80' lang='grc' dir='ltr'>μένοις</span> <span class='ocrx_word' id='word_1_809' title='bbox 2450 5170 2515 5224; x_wconf 78' lang='grc' dir='ltr'>τὸ</span> <span class='ocrx_word' id='word_1_810' title='bbox 2552 5168 2744 5237; x_wconf 79' lang='grc' dir='ltr'>ὄνομα</span> <span class='ocrx_word' id='word_1_811' title='bbox 2773 5164 2982 5220; x_wconf 85' lang='grc' dir='ltr'>αὐτοῦ.</span> <span class='ocrx_word' id='word_1_812' title='bbox 3019 5162 3131 5219; x_wconf 76' lang='lat' dir='ltr'><strong>Kal</strong></span> <span class='ocrx_word' id='word_1_813' title='bbox 3173 5161 3421 5216; x_wconf 76' lang='grc' dir='ltr'>ἔσονταί</span> <span class='ocrx_word' id='word_1_814' title='bbox 3459 5179 3595 5230; x_wconf 86' lang='grc' dir='ltr'>μοι,</span> <span class='ocrx_word' id='word_1_815' title='bbox 3632 5161 3794 5231; x_wconf 76' lang='grc' dir='ltr'>,λέγει</span> 
     </span>
    </p>
   </div>
   <div class='ocr_carea' id='block_1_112' title="bbox 2215 5251 3800 5335">
    <p class='ocr_par' dir='ltr' id='par_1_112' title="bbox 2215 5251 3800 5335">
     <span class='ocr_line' id='line_1_112' title="bbox 2215 5251 3800 5335; baseline -0.011 -13"><span class='ocrx_word' id='word_1_816' title='bbox 2215 5268 2429 5335; x_wconf 77' lang='grc' dir='ltr'>Κύριος</span> <span class='ocrx_word' id='word_1_817' title='bbox 2471 5260 2916 5330; x_wconf 79' lang='grc' dir='ltr'>παντοκράτωρ,</span> <span class='ocrx_word' id='word_1_818' title='bbox 2952 5260 3041 5323; x_wconf 77' lang='grc' dir='ltr'>εἰς</span> <span class='ocrx_word' id='word_1_819' title='bbox 3081 5256 3342 5325; x_wconf 70' lang='grc' dir='ltr'>ἡμέραν,</span> <span class='ocrx_word' id='word_1_820' title='bbox 3385 5252 3465 5321; x_wconf 80' lang='grc' dir='ltr'><strong>ἣν</strong></span> <span class='ocrx_word' id='word_1_821' title='bbox 3507 5252 3623 5323; x_wconf 78' lang='grc' dir='ltr'>ἐγὼ</span> <span class='ocrx_word' id='word_1_822' title='bbox 3655 5251 3800 5307; x_wconf 81' lang='grc' dir='ltr'>,ποιῶ</span> 
     </span>
    </p>
   </div>
   <div class='ocr_carea' id='block_1_113' title="bbox 2215 5343 3801 5422">
    <p class='ocr_par' dir='ltr' id='par_1_113' title="bbox 2215 5343 3801 5422">
     <span class='ocr_line' id='line_1_113' title="bbox 2215 5343 3801 5422; baseline -0.009 -13"><span class='ocrx_word' id='word_1_823' title='bbox 2215 5358 2300 5421; x_wconf 76' lang='grc' dir='ltr'><strong>είς</strong></span> <span class='ocrx_word' id='word_1_824' title='bbox 2336 5355 2755 5422; x_wconf 77' lang='grc' dir='ltr'>περιποίησιν,</span> <span class='ocrx_word' id='word_1_825' title='bbox 2794 5350 2887 5403; x_wconf 76' lang='grc' dir='ltr'>καὶ</span> <span class='ocrx_word' id='word_1_826' title='bbox 2919 5347 3151 5416; x_wconf 80' lang='grc' dir='ltr'>αίρετιῶ</span> <span class='ocrx_word' id='word_1_827' title='bbox 3195 5345 3438 5409; x_wconf 67' lang='grc' dir='ltr'>αὐτοὺς,</span> <span class='ocrx_word' id='word_1_828' title='bbox 3476 5343 3549 5397; x_wconf 75' lang='grc' dir='ltr'><strong>ἓν</strong></span> <span class='ocrx_word' id='word_1_829' title='bbox 3579 5346 3801 5411; x_wconf 68' lang='grc' dir='ltr'>τρόπον·</span> 
     </span>
    </p>
   </div>
   <div class='ocr_carea' id='block_1_114' title="bbox 2217 5434 3798 5515">
    <p class='ocr_par' dir='ltr' id='par_1_114' title="bbox 2217 5434 3798 5515">
     <span class='ocr_line' id='line_1_114' title="bbox 2217 5434 3798 5515; baseline -0.009 -14"><span class='ocrx_word' id='word_1_830' title='bbox 2217 5446 2476 5515; x_wconf 72' lang='grc' dir='ltr'>αἰρετίζει</span> <span class='ocrx_word' id='word_1_831' title='bbox 2543 5444 2851 5512; x_wconf 74' lang='grc' dir='ltr'>ἅνθρωπος</span> <span class='ocrx_word' id='word_1_832' title='bbox 2907 5442 3012 5495; x_wconf 78' lang='grc' dir='ltr'><strong>τὸν</strong></span> <span class='ocrx_word' id='word_1_833' title='bbox 3055 5439 3190 5493; x_wconf 70' lang='grc' dir='ltr'><strong>υἱὸν</strong></span> <span class='ocrx_word' id='word_1_834' title='bbox 3250 5436 3437 5490; x_wconf 76' lang='grc' dir='ltr'>αὑτοῦ</span> <span class='ocrx_word' id='word_1_835' title='bbox 3495 5434 3591 5488; x_wconf 65' lang='grc' dir='ltr'>τὸν</span> <span class='ocrx_word' id='word_1_836' title='bbox 3661 5434 3798 5489; x_wconf 70' lang='grc' dir='ltr'>δου-</span> 
     </span>
    </p>
   </div>
   <div class='ocr_carea' id='block_1_115' title="bbox 2220 5536 2696 5601">
    <p class='ocr_par' dir='ltr' id='par_1_115' title="bbox 2220 5536 2696 5601">
     <span class='ocr_line' id='line_1_115' title="bbox 2220 5536 2696 5601; baseline -0.004 -9"><span class='ocrx_word' id='word_1_837' title='bbox 2220 5540 2483 5592; x_wconf 65' lang='grc' dir='ltr'>λεύοι-τα</span> <span class='ocrx_word' id='word_1_838' title='bbox 2519 5536 2696 5601; x_wconf 65' lang='grc' dir='ltr'>αἰετῷ.</span> 
     </span>
    </p>
   </div>
  </div>
