3934 6318
122 324 237 379 5335

951 317 1509 377 COMMENTARIUS
1547 320 1612 376 IN
1654 319 2062 377 MALACHIAM
2106 318 2555 377 PROPHETAM.

3321 331 3427 389 834

202 436 340 489 MA'.
398 430 974 505 Κατακερτομούντων
1023 434 1186 488 αὑτὸν
1227 433 1337 489 τῶν
1384 433 1444 500 ἐξ
1488 435 1728 506 Ἰσραὴλ,

1907 431 2042 487 XLI.
2078 432 2352 491 lsraelitas
2387 450 2508 491 sese
2536 435 2909 505 criminantes,
2939 451 2994 496 et
3033 442 3198 514 impie
3251 445 3428 501 blatc~

126 530 227 582 καί
247 528 438 581 ἀνόσια
468 525 589 579 κατ’
621 524 790 580 αὑτοῦ
822 525 1289 597 πεφλυαρηκότων
1318 527 1592 597 προσέσχε
1623 527 1723 598 μὲν

128 621 230 675 καὶ
279 621 623 690 είσήκουσεν.
677 613 810 672 Εἶτα
862 619 979 672 δέον
1026 623 1139 683 τοῖς
1183 620 1595 691 ἡμαρτημένοις
1628 620 1725 691 τὴν

129 712 457 785 πρέπουσαν
482 712 790 783 ὲπαρτῆσαι
817 712 997 782 δίκην,
1030 714 1123 766 καλ⁵
1156 713 1283 777 τοὺς
1304 713 1405 782 τῆς
1433 712 1725 785 ἀθυροστο-

136 805 270 873 μίας
334 802 673 874 πράττεσθαι
735 802 971 871 λόγους,
1031 804 1257 875 πάρεισι
1316 805 1414 875 μὲν
1467 805 1544 869 ὡς
1592 805 1724 869 Θεὸς

133 896 535 968 άμνησικάκως
565 895 861 950 καὶτοῦτο.
898 896 1107 967 Γράφει
1153 896 1210 949 δὲ
1262 896 1465 967 βιϐλίον
1510 914 1725 968 μνημο-

136 991 304 1043 σύνου
345 991 462 1051 τοῖς
493 987 850 1057 φοϐουμένοις
891 987 1071 1052 αὐτὸν,
1112 987 1241 1058 περὶ
1266 980 1363 1051 ὧν,
1400 981 1556 1058 οἶμαί
1598 1004 1723 1051 που,

135 1080 234 1135 καὶ
281 1079 447 1143 αὐτὸς
500 1078 741 1147 ἔφασκεν
811 1080 839 1131 ὁ
896 1077 1063 1131 Δαϐὶδ
1112 1077 1249 1148 πρὸς
1305 1079 1396 1133 τὸν
1443 1078 1729 1149 γράφοντα

136 1170 350 1241 βιϐλίον
371 1187 386 1201 ο
444 1188 465 1221 ι
499 1169 610 1222 Καὶ
642 1167 737 1222 ἐπὶ
786 1166 850 1221 τὸ
897 1167 1102 1239 βιϐλίον
1134 1186 1229 1222 σου
1265 1168 1466 1233 πάντες
1511 1169 1700 1241 γραφή

133 1279 351 1315 σονται.
389 1279 407 1313 ι

205 1353 539 1423 Εὑρήσομεν
567 1349 622 1404 δὲ
648 1349 813 1405 αὑτὸν
853 1350 943 1404 τὸν
975 1349 1180 1423 Κύριον
1208 1350 1366 1422 ἡμῶν
1404 1351 1611 1423 Ἰησοῦν
1636 1351 1728 1406 τὸν

130 1446 375 1517 Χριστὸν
400 1447 514 1509 τοῖς
542 1444 721 1511 ἁγίοις
754 1442 983 1513 λέγοντα
1011 1444 1281 1515 μαθηταῖς
1302 1460 1315 1473 ’
1349 1463 1367 1497 ι
1393 1445 1483 1514 Μὴ
1507 1444 1727 1516 χαίρετε

136 1538 216 1589 in
247 1536 321 1588 τά
341 1535 594 1605 δαιμόνια
629 1534 998 1588 ὑποτάσσεται
1027 1536 1173 1605 ὑμῖν·
1197 1533 1416 1606 χαίρετε
1441 1535 1497 1587 δὲ
1529 1535 1729 1605 μᾶλλον

130 1629 219 1681 ὅτι
247 1626 315 1679 τά
351 1627 592 1696 ὀνόματα
627 1623 780 1695 ὑμῶν
810 1624 1132 1694 ἐγράφησαν
1167 1624 1226 1676 ὲν
1260 1626 1372 1686 τοῖς
1404 1624 1670 1694 οὐρανοῖς.
1702 1641 1723 1676 ι

151 1720 465 1790 Ἐπαρᾶται
505 1716 562 1769 δὲ
604 1715 810 1789 σφόδρα
846 1714 1075 1779 εἰκότως
1122 1718 1151 1768 ὁ
1194 1714 1482 1778 θεσπέσιος
1528 1713 1725 1779 Δαϐὶδ,

1828 534 2013 580 rantes
2042 527 2273 581 attendit
2301 536 2353 581 et
2381 526 2590 582 audivit
2626 528 2786 586 Deus.
2825 532 3028 589 Deinde
3065 550 3186 590 cum
3220 538 3273 592 in
3306 552 3429 592 rens

1828 630 2042 687 pceuam
2067 618 2327 685 aequalem
2380 622 2706 675 constituere
2734 634 3029 693 Oporteret,
3056 637 3111 681 et
3136 630 3427 683 verborum

1827 705 2184 775 petulantium
2220 709 2487 764 rationem
2538 726 2846 780 reposcere,
2892 717 2993 771 hoc
3022 719 3181 771 etiam
3218 720 3430 788 injuria!

1829 809 1887 852 ut
1921 796 2062 855 Deus
2109 800 2396 856 immemor
2448 806 2839 871 praetermittit.
2873 807 3071 863 Scribit
3131 796 3431 868 autem'li-

1829 890 1985 945 hrum
2018 895 2357 948 monumenti
2387 895 2702 951 timentibus
2764 900 2960 966 ipsum,
2992 902 3058 956 de
3104 905 3319 972 quibus,
3374 906 3426 958 ui

1827 981 2007 1048 l'allor,
2029 994 2083 1039 et
2111 985 2224 1054 ipse
2248 984 2420 1041 David
2457 987 2713 1043 scribenti
2759 989 2960 1045 librum
2987 993 3130 1050 hunc
3162 1009 3177 1048 :
3218 1012 3238 1046 ι
3274 994 3339 1049 Ει
3375 997 3426 1051 in

1826 1077 1967 1134 libro
2000 1088 2092 1135 tuo
2120 1094 2310 1135 omnes
2332 1081 2644 1137 scribentur
2668 1082 2734 1137 ".
2765 1102 2786 1135 ι

1906 1346 2232 1403 Dixitetiam
2260 1349 2491 1420 ipsemet
2528 1350 2792 1407 Dominus
2829 1359 3016 1408 noster
3053 1351 3302 1410 Christus
3349 1356 3429 1409 dl-

1832 1436 2058 1506 scipulis
2096 1439 2210 1493 suis
2244 1456 2257 1492 :
2292 1456 2310 1490 ι
2346 1437 2525 1494 Nolite
2547 1440 2783 1509 gaudere
2813 1441 2940 1513 quia
2976 1444 3243 1499 daemonia
3300 1449 3429 1500 sub-

1824 1526 2090 1595 jiciuntur
2113 1530 2266 1585 vobis
2300 1548 2313 1585 :
2348 1531 2575 1601 gaudete
2606 1542 2789 1588 autem
2824 1535 3155 1605 potiusquia
3211 1537 3425 1591 nomina

1830 1631 2011 1677 vestra
2042 1624 2241 1693 scripta
2268 1634 2394 1679 sunt
2429 1625 2481 1678 iu
2521 1625 2677 1680 ctelis
2714 1626 2811 1679 ⁸⁸.»
2853 1626 2987 1682 Male
3013 1638 3266 1695 precatur
3290 1645 3431 1699 quo-

1837 1729 1966 1785 que,
1990 1723 2045 1769 ct
2078 1716 2293 1786 quidem
2338 1717 2654 1787 justissime,
2678 1719 2891 1773 divinus
2926 1719 3090 1775 David
3114 1719 3424 1778 Judaeorum

135 1814 255 1875 τοῖς
298 1809 570 1864 Ἰουδαίων
600 1809 790 1879 δήμοις
820 1808 1144 1861 ἀπεκτονόσι
1166 1807 1423 1879 Χριστὸν,
1466 1806 1609 1860 οῦτω
1641 1806 1727 1860 λὲ-
1754 1791 1758 1850 ί

1848 1809 2043 1878 mpulis
2069 1809 2271 1863 Christi
2296 1808 2739 1864 interfectoribus
2765 1811 2849 1864 bis
2870 1812 3050 1866 verbis
3077 1828 3092 1865 :
3132 1831 3151 1865 ι
3185 1812 3428 1868 Delean-

139 1922 290 1975 γων’
344 1924 363 1958 ι
404 1902 914 1973 Ἐξαλειφθὴτωσαν
971 1901 1037 1954 ἐκ
1094 1899 1273 1969 βίϐλου
1325 1898 1544 1964 ζώντων
1571 1940 1585 1963 ,
1634 1900 1730 1954 κα)⁸

144 1998 293 2069 μετά
328 1996 552 2051 δικαίων
604 1994 680 2066 μὴ
728 1995 1118 2066 γραφήτωσαν.
1164 2012 1183 2044 ι
1236 1991 1514 2065 Γράφεται
1550 1991 1731 2045 τοίνυν

136 2093 203 2147 τὸ
247 2090 345 2145 τοῦ
394 2088 740 2160 μνημοσύνην
785 2085 991 2156 βιϐλίον
1029 2086 1142 2149 τοῖς
1183 2083 1540 2155 φοϐουμένοις
1574 2082 1728 2146 Θεὸν,

141 2182 238 2246 οῦς
270 2182 365 2238 καὶ
399 2180 631 2242 οἰκείους
655 2178 878 2232 ἔσεσθαί
906 2194 1073 2249 φησιν
1097 2175 1278 2248 ἑαυτῷ
1308 2177 1404 2230 καὶ
1436 2168 1729 2247 γνωριμω-

141 2276 344 2338 τάτους
379 2272 523 2328 κατά
557 2287 621 2340 γε
667 2270 759 2324 τὸν
796 2270 894 2342 τῆς
943 2270 1348 2340 περιποιήσεως
1386 2268 1599 2341 καιρὸν,
1642 2270 1731 2323 ὅτε

146 2367 420 2428 καθιεῑται
461 2364 567 2435 μὲν
601 2364 632 2416 ὁ
674 2362 909 2433 Χριστὸς
954 2362 1049 2415 ἐπὶ
1100 2360 1293 2432 θρόνου
1338 2360 1499 2431 δόξης
1541 2361 1729 2428 αὐτοῦ,

146 2457 593 2531 δορυφορούντων
621 2455 869 2525 ἀγγέλων
891 2469 905 2484 ⁸
948 2472 968 2506 ι
1002 2455 1114 2508 Καὶ
1164 2456 1352 2525 στήσει
1380 2453 1450 2508 τά
1482 2453 1581 2525 μὲν
1608 2453 1735 2524 πρό·

147 2552 291 2606 ϐατα
315 2553 383 2605 ἐκ
406 2548 622 2615 δεξιῶν,
651 2547 721 2602 τὰ
750 2546 808 2600 δὲ
837 2546 1025 2616 ἐρίφια
1055 2543 1115 2610 ἐξ
1144 2544 1466 2615 εὐωνύμων,
1499 2545 1595 2598 καὶ
1620 2546 1736 2615 ἐρεῖ

147 2647 261 2709 τοῖς
296 2646 363 2697 ἐκ
396 2641 619 2709 δεξιῶνο
670 2638 860 2703 Δεῦτε,
893 2640 941 2691 oi
985 2638 1343 2709 εὐλογημένοι
1392 2636 1486 2691 τοῦ
1522 2638 1736 2710 Πατρός

152 2755 279 2809 μου,
318 2735 779 2807 κληρονομήσατε
828 2732 928 2803 τὴν
977 2731 1389 2804 ἡτοιμασμένην
1422 2732 1551 2801 ὑμῖν
1582 2730 1737 2801 βασι-

150 2831 301 2885 λείαν
347 2829 459 2884 ἀπὸ
501 2826 811 2899 καταϐολῆς
849 2826 1084 2897 κόσμου.
1120 2844 1140 2878 ι
1194 2825 1328 2878 Τότε
1373 2823 1482 2894 γὰρ
1539 2824 1739 2888 αὐτοὺς

150 2923 408 2995 αίρετιεῖ,
438 2920 717 2974 τουτέστιν
772 2919 1025 2989 αἱρετοὺς
1050 2918 1356 2988 ποιήσεται,
1390 2912 1738 2985 παραχωρῶν

1833 1908 1922 1953 tur
1980 1898 2045 1952 de
2086 1897 2223 1951 libro
2257 1898 2581 1962 viventium,
2610 1906 2666 1953 et
2692 1914 2814 1952 cum
2840 1898 3004 1967 justis
3027 1915 3131 1955 non
3184 1903 3430 1957 scriban-

1833 1997 1922 2045 tur
1953 1990 2025 2044 ".
2067 2007 2085 2040 ι
2122 1987 2400 2045 Scr-ibitur
2431 2003 2560 2058 ergo
2600 1988 2740 2043 liber
2783 1991 3117 2046 monumenti
3184 1993 3429 2048 timenti-

1832 2082 1935 2138 bus
1969 2081 2280 2145 Dominum,
2310 2095 2447 2149 quos
2480 2080 2608 2134 item
2654 2080 2754 2135 sibi
2793 2081 3122 2139 domesticos
3159 2092 3217 2139 et
3267 2084 3424 2139 fami-

1833 2173 2152 2231 liarissimos
2164 2182 2410 2244 tempore
2433 2173 2807 2243 acquisitionis
2820 2172 2935 2230 lore
2953 2174 3204 2241 alﬂrmat,
3217 2179 3433 2247 quando

1832 2268 2041 2323 scilicet
2067 2266 2552 2322 sedebitChristus
2585 2283 2750 2338 super
2782 2268 3036 2324 thronum
3065 2270 3253 2341 gloriae
3297 2287 3430 2339 sum,

1834 2359 2166 2427 stipantibus
2220 2357 2472 2428 angelis:
2507 2376 2526 2410 ι
2565 2359 2631 2413 Ει
2682 2369 2885 2415 statuet
2936 2374 3068 2416 oves
3129 2378 3159 2417 a
3197 2363 3431 2424 dextris.

1836 2449 2019 2505 hazdos
2043 2462 2224 2505 autem
2252 2464 2286 2503 ο
2333 2448 2593 2511 sinistris,
2619 2458 2675 2503 et
2719 2451 2861 2506 dicet
2892 2453 2977 2507 his
3011 2453 3104 2522 qui
3136 2469 3166 2507 a
3228 2455 3435 2509 dextris

1835 2551 1996 2596 erunt
2033 2558 2046 2595 :
2082 2541 2297 2605 Venite,
2332 2540 2601 2595 benedicti
2650 2539 2829 2597 Patris
2869 2548 2995 2611 mei,
3030 2544 3294 2614 percipite
3344 2562 3434 2602 re-

1837 2648 2001 2702 gnum
2082 2631 2229 2701 quod
2304 2630 2464 2685 vobis
2513 2640 2763 2699 paratum
2819 2641 2903 2688 est
2960 2649 2990 2686 a
3046 2635 3435 2690 constitutione

1837 2721 2024 2777 mundi
2050 2721 2119 2776 ".
2158 2738 2179 2773 ι
2210 2720 2366 2775 Tunc
2391 2719 2537 2775 enim
2569 2735 2663 2775 eos
2709 2721 2905 2791 eliget,
2936 2722 3041 2779 hoc
3093 2736 3176 2781 est
3228 2726 3435 2784 electos

1838 2812 2025 2881 faciet,
2063 2814 2420 2883 philostorgia
2473 2820 2527 2868 et
2557 2827 2745 2869 amore
2778 2814 2870 2869 illo
2891 2815 3168 2885 singulari
3188 2817 3325 2873 nihil
3347 2832 3439 2874 ce-

1840 2903 1974 2958 dens
1999 2903 2252 2972 patribus
2276 2901 2604 2971 nostris,qui
2641 2918 2806 2973 super
2835 2904 2961 2960 ﬁliis
2985 2908 3280 2973 exsultant,
3309 2924 3435 2963 cum

150 3016 306 3071 οὐδὲν
339 3016 423 3078 είς
474 3011 858 3083 φιλοστοργίαν
886 3012 999 3074 τοῖς
1033 3009 1156 3063 καθ’
1185 3010 1331 3081 ἡμᾶς
1362 3006 1654 3078 πατράσιν,
1688 3006 1739 3060 οἲ

1848 3003 1971 3049 sunt
1999 3009 2161 3063 quam
2191 2995 2581 3065 sapientissimi
2598 3004 2653 3050 et
2669 2996 2924 3066 morigeri
2957 3015 2971 3052 :
2997 3008 3292 3069 etquorum
3313 3009 3437 3055 satu

151 3110 267 3173 τοῖς
317 3103 471 3170 ίδὶοις
520 3104 877 3173 ὲπιγάνυνται
908 3103 1143 3165 τέκνοις,
1184 3101 1313 3155 ὅταν
1355 3095 1466 3153 εἷεν
1506 3098 1740 3169 μάλιστα

1848 3084 2190 3156 progenerati
2237 3095 2362 3140 sunt
2396 3125 2409 3149 .
2463 3100 2560 3141 eos
2622 3100 2834 3141 summa
2895 3088 3238 3144 observantia
3306 3105 3432 3160 pro-

153 3198 298 3267 σοφά
328 3198 423 3251 κα¹ι
461 3197 676 3268 εὐήνια,
709 3193 806 3249 καὶ
835 3192 924 3248 διὰ
951 3192 1213 3263 πλείστης
1248 3189 1428 3255 αἰδοῦς
1459 3188 1739 3245 ποιοῦνται
1768 3188 1810 3206 “'
1847 3188 2173 3250 sequuntur.

149 3290 283 3353 τοὺς
314 3287 613 3357 φύσαντας.

228 3380 342 3436 Καὶ
385 3378 938 3447 ἐπιστραφήσεσθε,
989 3375 1089 3431 καὶ
1128 3375 1361 3445 ὄψεσθε
1397 3376 1517 3431 ἀνὰ
1549 3376 1749 3445 μέσον

1920 3364 2082 3419 Vens.
2126 3364 2209 3419 [8.
2242 3362 2312 3417 Et
2356 3364 2759 3429 convertimini,
2793 3372 2843 3418 et
2893 3364 3128 3419 videbitis
3177 3365 3304 3435 quid
3370 3366 3440 3419 sit

152 3474 429 3535 δικαίου,
466 3471 564 3524 καὶ
602 3470 719 3524 ἀνὰ
752 3468 948 3539 μέσον
991 3469 1243 3537 ἀνόμου,
1283 3468 1382 3521 καὶ
1406 3466 1527 3523 ἀνὰ
1550 3468 1749 3537 μέσον

1848 3460 1988 3513 inter
2028 3458 2236 3525 justum
2300 3466 2350 3510 et
2394 3457 2694 3524 iniustum,
2753 3466 2800 3510 et
2849 3455 3187 3530 interm
3215 3458 3441 3513 servien-

155 3565 270 3620 τοῦ
340 3562 745 3626 δουλεύοντος
801 3559 883 3625 τῷ
950 3557 1101 3625 Θεῷ,
1150 3559 1251 3616 καὶ
1309 3558 1417 3613 τοῦ
1463 3559 1551 3629 μὴ
1611 3558 1750 3613 δον-

158 3659 478 3721 λεύοντος.
1321 3644 1331 3653 ’

235 3747 370 3804 MB’.
415 3746 551 3800 Τότε
574 3745 673 3815 -δὴ,
710 3743 854 3808 τότε,
886 3742 1041 3814 φησὶ,
1067 3745 1164 3814 τῆς
1197 3742 1339 3796 οὕτω
1382 3740 1647 3812 λαθραίας
1675 3740 1751 3793 εί-

160 3839 497 3909 καιομυθίας
546 3838 1030 3908 ἀποπαυσάμενοιλ,
1079 3837 1174 3889 καὶ
1229 3836 1331 3906 τὴν
1386 3835 1606 3907 ἀκρατῆ
1658 3835 1753 3888 καὶ

162 3931 493 3986 ἀπαίδευτον
522 3929 923 3991 ἀνακόπτοντες
964 3926 1242 3996 γλῶσσαν,
1275 3927 1750 3998 διαλοιδορήσεσθε

168 4027 271 4095 μὲν
315 4024 416 4077 οὒκ
460 4022 539 4075 ἔτι
586 4020 663 4092 τῷ
705 4020 984 4093 φιλαρέτῳ
1024 4019 1179 4091 Θεῷ,
1224 4021 1508 4090 μονονουχὶ
1551 4020 1606 4072 δὲ
1654 4019 1752 4091 τὴν

168 4118 347 4189 μέθην
394 4114 882 4185 ἀποπεμψάμενοι,
927 4115 1023 4168 καὶ
1063 4108 1175 4167 οἷον
1217 4115 1643 4184 ἐπιστρέφοντες
1688 4115 1753 4168 ὲκ

170 4210 409 4279 πλάνης,
434 4203 492 4260 εὖ
532 4207 677 4277 μάλα
716 4205 1093 4277 καταθρήσετε
1125 4206 1248 4259 τότε
1282 4207 1377 4260 καὶ
1405 4208 1528 4260 ὅσον
1553 4209 1674 4260 ἐστὶ
1696 4207 1755 4260 τὸ

173 4299 383 4370 μεταξὺ
412 4298 622 4351 δικαίου
654 4297 748 4351 καὶ
778 4297 1002 4367 ἀνόμου,
1032 4296 1127 4351 τοῦ
1151 4297 1495 4361 δουλεύοντος
1517 4298 1636 4369 Θεῷ
1661 4298 1756 4352 καὶ

168 4392 265 4445 τοῦ
312 4392 389 4461 μὴ
434 4389 798 4452 δουλεύοντος.
827 4390 890 4442 υἱ
922 4388 1022 4458 μὲν
1060 4388 1171 4459 γὰρ
1203 4389 1395 4459 ἄνομοι
1435 4407 1493 4443 τε
1539 4390 1631 4442 καὶ
1667 4390 1756 4457 ἐξ-

1849 3562 1950 3606 tem
1980 3549 2086 3604 Deo
2113 3591 2129 3610 ,
2148 3561 2196 3604 et
2228 3564 2330 3603 non
2352 3550 2659 3604 servientem
2683 3549 2754 3604 ei.

1926 3730 2082 3787 XLII.
2122 3730 2292 3797 Tune,
2318 3738 2467 3798 tunc,
2495 3730 2690 3800 inquit,
2714 3729 2784 3783 ab
2807 3728 2906 3782 ista
2932 3728 3265 3784 clandestina
3291 3730 3442 3783 vani-

1853 3820 2124 3891 loquentia
2151 3819 2484 3883 desinentes,
2541 3829 2595 3871 et
2625 3818 3048 3872 incontinentem
3105 3832 3170 3873 ac
3220 3819 3439 3873 stultam

1854 3916 2091 3983 linguam
2139 3910 2716 3980 compesceutes,Deo
2771 3910 3028 3964 bonitatis
3076 3912 3280 3965 amanti
3334 3926 3441 3966 non

1855 4006 2086 4075 amplius
2114 4003 2501 4074 obloquemini,
2531 4012 2585 4057 et
2614 4003 3001 4073 propemodum
3034 4003 3299 4058 ebrietate
3352 4020 3439 4059 rc-

1857 4099 2098 4171 pudiata,
2126 4104 2180 4150 et
2220 4096 2373 4166 quasi
2408 4096 2545 4165 pede
2568 4096 2636 4150 ab
2669 4108 2859 4149 errore
2883 4103 3157 4161 revocato,
3212 4095 3446 4171 intuebi-

1856 4168 1990 4246 mini
2020 4189 2325 4245 clarissime
2354 4185 2502 4257 quod
2531 4196 2587 4242 et
2633 4195 2894 4256 quantum
2951 4185 3093 4240 inter
3135 4186 3342 4254 justum
3384 4168 3445 4243 ret

1859 4288 2207 4359 iujustnutsit
2233 4285 2547 4347 discrimen,
2594 4283 2734 4338 inter
2765 4282 3091 4338 servientem
3122 4282 3233 4337 Deo
3255 4293 3308 4338 et
3338 4300 3444 4338 non

1859 4376 2453 4448 servientemeprobi
2471 4376 2695 4438 euim,et
2712 4372 2961 4439 rebelles,
2976 4373 3226 4444 etjugum
3240 4364 3357 4440 ejus
3373 4391 3451 4427 rc-

170 4486 335 4555 ήνιοι,
384 4481 480 4534 καὶ
511 4480 601 4534 τὸν
641 4481 741 4552 τῆς
770 4481 861 4533 ὑπ’
911 4477 1062 4549 αύτῷ
1095 4478 1342 4543 δουλείας
1371 4481 1756 4551 ἀποσειόμενοι

1856 4472 2205 4545 jcctantes,in
2222 4468 2578 4539 perditionem
2595 4476 2904 4521 etextrema
2920 4466 3180 4534 supplicia
3194 4468 3449 4519 amanda-

171 4577 340 4646 ζυγὸν
371 4575 680 4645 οἰχήσονται
708 4573 842 4644 πρὸς
869 4573 1145 4628 ἀπώλειαν
1172 4574 1267 4628 καὶ
1295 4577 1375 4636 είς
1403 4574 1759 4645 ἀτελεύτητον

171 4667 418 4722 κόλασιν.
477 4685 495 4716 ι
532 4665 678 4718 Ἑκεί
724 4664 876 4719 ἔσται
923 4667 952 4718 ό
994 4664 1269 4735 κλαυθμὸς
1302 4665 1397 4717 καὶ
1436 4666 1464 4717 ὁ
1517 4663 1760 4734 βρυγμὸς

172 4758 280 4811 τῶν
326 4757 578 4818 ὀδόντων,
614 4774 632 4805 ι
691 4753 835 4809 καθὰ
867 4754 962 4822 γέγ
976 4770 1194 4825 ραπται.
1251 4755 1317 4807 Οἱ
1345 4753 1401 4807 δὲ
1435 4753 1629 4821 ἀγαθοὶ
1665 4753 1757 4806 καὶ

175 4848 438 4916 φιλόθεοι,
490 4848 586 4901 καὶ
627 4845 737 4899 τῶν
781 4845 943 4899 θείων
988 4845 1169 4916 νόμων
1218 4845 1616 4914 ἐπιστήμονες,
1664 4845 1759 4896 καὶ

179 4942 396 5011 ἀπάσης
426 4938 629 5009 ἀρετῆς
659 4936 1011 5008 ἐπιμεληταὶ,
1054 4934 1320 5004 λαμπροὶ,
1352 4935 1449 4986 καὶ
1475 4933 1759 5003 ἡγιασμέ-

178 5048 283 5095 νοι,
325 5030 420 5081 τὸν
450 5029 552 5097 τῆς
583 5024 893 5095 ἀφθαρσίας
941 5024 1298 5095 ἀναδήσονται
1349 5022 1631 5091 στέφανον,
1667 5023 1761 5074 καὶ

180 5124 233 5175 ὲν
276 5123 397 5182 ταῖς
441 5120 553 5173 ἀνω
593 5117 882 5187 γεγονότες
915 5118 1127 5187 μοναῖς,
1155 5114 1625 5185 συνδιαιτήσονται
1666 5112 1763 5184 μὲν

182 5214 353 5282 ἁγίοις
388 5213 663 5281 ἀγγέλοις,
706 5209 952 5265 κοινωνοὶ
990 5208 1048 5263 δὲ
1072 5208 1171 5280 τῆς
1203 5206 1360 5279 δόξης
1389 5207 1762 5276 ἀποφανέντες

183 5305 443 5377 Χριστοῦ,
490 5307 601 5367 τοῖς
654 5305 733 5365 είς
792 5301 1117 5373 μακραίωνα
1170 5298 1284 5370 βίον
1332 5300 1764 5370 ὲντρυφήσουσιδ

184 5399 428 5465 ἀγαθοῖς,
453 5414 473 5447 ι
489 5397 560 5448 ’Δ
586 5393 866 5464 ὀφθαλμὸς
888 5393 990 5445 οὐκ
1011 5387 1141 5457 εἶδε,
1169 5390 1263 5443 καὶ
1284 5386 1379 5453 οῦς
1409 5389 1509 5442 οὐκ
1534 5389 1760 5459 ἤκουσε,

1868 4566 2087 4619 buntur.
2125 4582 2143 4613 ι
2165 4562 2357 4616 lbierit
2376 4559 2533 4613 ﬂetus
2555 4558 2825 4612 etstridor
2841 4559 3080 4612 dentium
3106 4558 3286 4626 njnxta
3303 4556 3450 4611 Scri—

1867 4667 2081 4727 pturam
2109 4657 2177 4708 ·⁹.
2217 4653 2350 4705 Boni
2377 4661 2564 4704 contra
2579 4647 2738 4703 etDei
2758 4647 3448 4714 amantes,divinarumque

1866 4749 2044 4819 legum
2073 4746 2248 4817 gnari,
2284 4743 2682 4809 virtutibusque
2708 4740 2897 4803 dediti,
2929 4738 3215 4809 splendidi,
3240 4747 3296 4791 et
3323 4752 3448 4790 san-

1867 4840 2086 4895 ctiﬁcati
2111 4879 2125 4901 ,
2161 4833 2587 4891 immortalitatis
2618 4846 2819 4887 corona
2852 4830 3163 4897 iuduentnr,
3204 4837 3258 4882 et
3280 4827 3333 4882 in
3360 4841 3451 4881 su-

1868 4947 2063 5005 pernas
2110 4929 2418 4984 mansiones
2468 4926 2667 4994 recepti
2700 4925 2738 4990 ¹,
2772 4937 2893 4976 cum
2955 4921 3159 4991 angelis
3204 4920 3451 4974 fruentur

1868 5038 1986 5080 alvo
2010 5022 2363 5091 sempiterno,
2399 5026 2455 5072 et
2498 5016 2787 5087 participes
2811 5013 2940 5068 facti
2967 5011 3149 5081 gloriae
3197 5009 3397 5065 Christi
3433 5050 3449 5073 ,

1872 5118 1925 5172 in
1958 5115 2114 5186 longa
2147 5112 2341 5168 saecula
2372 5109 2615 5165 suaviter
2642 5117 2867 5176 carpent
2917 5107 3088 5168 bona,
3127 5122 3144 5154 ι
3176 5119 3297 5174 qua:
3350 5118 3451 5157 nec

1864 5208 2055 5265 oculus
2080 5204 2233 5271 vidit,
2274 5218 2375 5259 nec
2406 5204 2552 5257 auris
2597 5200 2823 5262 audivit,
2850 5211 2947 5250 nec
2974 5196 3025 5249 in
3062 5210 3158 5249 cor
3214 5194 3451 5250 hominis

1864 5298 2248 5362 ascenderunt,
2288 5314 2309 5348 ι
2351 5304 2410 5349 ut
2440 5295 2702 5360 scriptum
2733 5290 2878 5342 est’.
2911 5283 3301 5339 Verumtamen
3329 5298 3455 5339 cer-

1867 5400 2056 5446 nentes
2079 5391 2132 5444 in
2166 5390 2268 5443 hac
2299 5388 2406 5441 vita
2424 5386 2672 5441 homines
2693 5379 3019 5451 improbitati
3043 5378 3266 5444 amicos,
3292 5378 3452 5432 rebus

187 5491 277 5544 καὶ
321 5489 416 5540 ἐπὶ
459 5484 693 5555 καρδίαν
736 5482 1026 5555 ἀνθρώπου
1074 5483 1175 5536 οὐκ
1222 5479 1423 5550 ἀνέϐη,
1461 5498 1480 5530 ι
1520 5478 1662 5532 κατὰ
1703 5477 1758 5530 τὸ

1867 5483 2117 5539 secundis
2155 5482 2345 5537 beatos
2378 5493 2441 5533 ac
2497 5474 2771 5539 ﬂorentes,
2826 5471 3154 5541 cogitatione
3209 5470 3451 5526 distracti

257 5698 299 5728 ’⁵
341 5694 483 5749 Psal.
517 5705 783 5752 cxxxvm,
814 5689 900 5743 16.
978 5688 1024 5720 ⁸⁸
1054 5688 1180 5743 Luc.
1220 5702 1271 5754 ι,
1302 5687 1391 5743 20.
1468 5688 1515 5725 ’τ
1540 5688 1683 5745 Psal.
1717 5704 1758 5742 L‘.

1850 5703 1907 5755 ll,
1951 5685 2040 5741 29.

197 5773 213 5803 ι
249 5770 524 5828 luuntv,
567 5763 627 5819 ἓ,
705 5763 723 5794 ²
765 5761 784 5813 l
825 5759 950 5814 Cor.
1000 5774 1061 5827 tt,
1102 5760 1157 5814 9.

2144 5685 2189 5717 "'
2218 5682 2403 5739 Matth.
2431 5698 2557 5750 xxv,
2605 5679 2692 5746 53,
2728 5678 2817 5733 δι.
2898 5677 2941 5710 ³³
2976 5674 3165 5729 Matth.
3196 5687 3313 5736 vut,
3366 5664 3449 5722 ιε.
