3934 6318
516 309 623 364 359

1555 301 1615 357 S.
1658 296 1935 356 CYRILLI
1973 291 2452 352 ALEXANDRINI
2493 290 2815 348 ΑιιοιιιΕΡ.

3707 291 3814 346 διο

516 421 659 487 giam
714 416 1060 473 felicissimos
1107 430 1171 471 ac
1224 416 1525 484 sapientes,
1579 424 1927 483 mentemque
1988 411 2108 481 ejus

2214 408 2533 478 ἀπορρήτου
2569 404 2960 476 μυσταγωγίας
2985 404 3417 474 εὐτυχεστάτους
3450 403 3528 474 (Ι)
3559 404 3811 477 ἀπέφηνα

517 510 823 578 cognitione
879 510 1093 575 plenam
1144 506 1409 560 habentes
1457 504 1658 560 elTecit.
1711 505 1909 559 Verum
1947 504 2114 557 etiam

516 604 583 656 ad
616 603 755 656 hunc
783 601 1126 670 splendorem
1152 599 1393 663 adducti,
1427 616 1443 649 ι
1469 598 1533 652 Et
1561 598 1760 651 divites
1793 597 1942 660 facti,
1961 598 2113 665 juxta

518 693 737 747 verbum
786 693 930 746 beati
980 691 1158 757 Pauli,
1198 691 1248 745 in
1284 690 1432 745 omni
1473 703 1747 751 sermone,
1786 696 1840 741 et
1874 689 1926 742 in
1968 684 2115 740 omni

515 784 765 847 scientia,
826 794 882 837 et
938 764 990 837 in
1044 782 1191 837 Omni
1242 783 1507 852 sapientia
1543 782 1621 848 ’⁷,
1690 782 1934 835 videmus
1976 793 2118 834 nunc

517 880 569 928 in
635 876 856 944 speculo
919 884 975 929 et
1026 876 1078 929 in
1128 876 1449 944 aenigmate,
1504 882 1559 929 et
1623 875 2002 944 cognoscimus
2050 888 2117 926 ex

516 975 669 1033 parte
690 965 751 1020 ‘5.
767 966 932 1036 867
944 964 1135 1019 Veniet
1154 976 1334 1019 autem
1351 964 1642 1033 aliquando
1659 964 1801 1032 quod
1818 963 2116 1032 perfectum

514 1067 600 1111 est
626 1056 688 1119 ³⁵,
724 1076 743 1108 ι
790 1068 838 1111 et
880 1068 989 1109 tum
1027 1056 1349 1123 plenissime
1383 1053 1662 1113 Christum
1692 1067 2112 1124 cognoscemus,

515 1162 640 1203 cum
684 1147 878 1200 iterum
910 1147 977 1200 de
1007 1146 1148 1200 coelo
1192 1146 1348 1201 nobis
1397 1145 1661 1209 illucebit,
1704 1164 1723 1196 ι
1754 1153 1807 1198 et
1835 1143 2118 1199 evacuabit

532 1237 676 1306 quod
708 1252 772 1290 ex
804 1246 957 1306 parte
988 1247 1072 1291 est
1094 1238 1163 1300 '°,
1190 1255 1208 1288 ι
1244 1247 1299 1290 et
1325 1238 1693 1308 cognitionem
1722 1237 1773 1290 in
1813 1236 2034 1306 speculo
2063 1244 2118 1290 et

517 1330 829 1397 anigntate,
874 1338 928 1384 et
971 1338 1227 1398 tanquam
1278 1329 1637 1397 perfectiores
1672 1328 2017 1393 illuminabit,
2062 1335 2117 1381 et

518 1420 703 1476 divina
727 1422 960 1490 quadam
983 1432 1150 1491 atque
1178 1420 1436 1475 ineffabili
1466 1421 1587 1476 luce
1613 1429 1849 1476 mentem
1867 1419 2113 1489 replebit,

518 1523 573 1568 et
615 1511 848 1582 Spiritus
889 1515 1063 1568 sancti
1120 1513 1387 1569 eﬂ‘usione
1431 1513 1784 1567 exhilarabit.
1837 1513 1928 1566 Ait
1971 1513 2115 1567 enim

516 1606 737 1661 divinus
766 1607 970 1661 l‘anlus
999 1625 1012 1660 :
1051 1626 1069 1659 ι
1107 1605 1233 1661 Sive
1261 1607 1557 1677 prophetia:
1602 1608 2032 1670 evacuabuutur,
2064 1614 2118 1660 et

517 1700 758 1755 scientiae
806 1700 1101 1755 cessabunt
1145 1701 1211 1755 ²¹.
1256 1698 1373 1754 Non
1430 1710 1685 1768 putamus
1732 1708 1911 1755 autem
1951 1714 2049 1754 nos
2084 1714 2113 1752 a

2220 502 2313 554 καὶ
2350 499 2796 569 σεσοφισμένους,
2842 494 3098 568 ἔμπλεών
3147 513 3205 550 τε
3249 496 3343 550 τὸν
3374 496 3499 550 νοῦν
3538 496 3643 569 τῆς
3681 508 3812 571 περι

2219 591 2386 647 αὑτοῦ
2420 590 2675 661 γνώσεως
2712 590 2951 660 ἔχοντας.
2991 588 3138 659 Πλὴν
3172 589 3265 642 καὶ
3298 591 3376 653 είς
3406 589 3566 644 τοῦτο
3592 592 3811 662 φαιδρο-

2219 701 2383 755 τητος
2430 684 2942 754 παρενηνεγμένοι,
2984 700 3001 732 ι
3040 680 3501 752 πεπλουτισμένοι
3543 700 3627 746 τε,
3667 684 3813 738 καθά

2220 793 2388 847 φησιν
2441 777 2468 828 6
2506 774 2778 845 μακάριος
2828 771 3061 835 Παῦλος,
3103 774 3160 825 ὲν
3195 772 3357 825 παντὶ
3408 772 3574 844 λόγῳ,
3624 775 3720 827 καὶ
3758 777 3811 827 ὲν

2220 868 2368 937 πάσῃ
2401 865 2619 935 γνώσει,
2660 864 2752 917 καὶ
2793 866 2852 917 ὲν
2896 865 3044 935 πάσῃ
3080 863 3262 934 σοφίᾳ,
3296 864 3569 934 βλέπομεν
3596 865 3726 936 ἀρτι
3760 867 3814 919 ὲν

2220 956 2473 1026 ἐσόπτρῳ
2513 955 2607 1007 καὶ
2637 953 2943 1024 αἰνίγματι,
2975 954 3069 1007 καὶ
3099 953 3443 1023 γινώσκομεν
3483 955 3546 1006 ὲκ
3586 955 3810 1025 μέρους.

2220 1048 2382 1113 Ἥξει
2415 1049 2470 1102 δὲ
2502 1048 2643 1101 κατά
2677 1048 2903 1119 καιροὺς
2949 1047 3011 1099 τὸ
3054 1046 3280 1111 τέλειον,
3318 1066 3335 1097 ι
3376 1047 3469 1100 καὶ
3512 1048 3571 1100 ὲν
3605 1048 3813 1119 πληρε-

2222 1144 2395 1214 στάτῃ
2442 1142 2628 1197 λοιπὸν
2676 1141 2915 1213 ἐσόμεθα
2949 1139 3145 1209 γνώσει
3190 1140 3447 1210 Χριστοῦ,
3488 1141 3654 1194 πάλιν
3682 1142 3814 1215 ήμὶν

2220 1234 2282 1301 ἐξ
2310 1235 2557 1307 οὐρανῶν
2593 1234 3035 1305 ἐπιλάμψαντος,
3077 1252 3095 1285 ι
3138 1234 3232 1289 καὶ
3266 1235 3675 1306 καταργοῦντος
3717 1237 3813 1308 μὲν

2221 1329 2283 1381 τὸ
2308 1330 2373 1382 ὲκ
2407 1329 2630 1400 μέρους,
2667 1348 2684 1381 ι
2725 1329 2817 1383 καὶ
2848 1329 2946 1398 τὴν
2998 1328 3056 1379 ὲν
3096 1328 3348 1400 ἐσόπτρῳ
3397 1330 3490 1381 καὶ
3524 1330 3813 1400 αἰνίγματι

2221 1423 2447 1490 γνῶσιν,
2481 1422 2935 1493 καταλάμποντος
2965 1421 3022 1474 δὲ
3048 1421 3236 1492 ὥσπερ
3268 1424 3380 1485 τοῖς
3408 1420 3809 1493 τελειωτέροις,

2218 1515 2315 1568 καὶ
2344 1513 2488 1567 θείου
2517 1515 2662 1577 τινὸς
2686 1515 2780 1567 καὶ
2813 1514 3128 1585 ἀπορρήτου
3154 1513 3329 1583 φωτὸς
3356 1514 3811 1584 ἀναπιμπλάντος

2219 1608 2310 1661 τὸν
2350 1607 2497 1673 νοῦν,
2549 1609 2643 1660 καὶ
2675 1610 2741 1677 τῇ
2776 1605 2868 1659 τοῦ
2901 1607 3061 1675 ἁγίου
3093 1606 3411 1681 Πνεῦματος
3442 1606 3603 1676 χύσει
3643 1624 3809 1659 κατά-

2220 1699 2630 1770 φαιδρύνοντος.
2662 1700 2807 1770 Ἔφη
2860 1698 2959 1768 μὲν
2992 1697 3102 1770 γὰρ
3147 1700 3175 1751 6
3222 1698 3511 1762 θεσπέσιος
3559 1698 3806 1762 Παῦλος·

517 1793 827 1863 c0gnitione
877 1809 944 1848 ex
1007 1804 1161 1862 parte
1228 1792 1295 1848 ad
1348 1793 1485 1847 nihil
1539 1807 1766 1862 prorsus
1830 1794 2109 1847 sciendum

2225 1808 2243 1841 ι
2287 1790 2408 1843 Εἴτε
2436 1789 2492 1842 δὲ
2519 1791 2850 1862 προφητεῖαι
2879 1787 3419 1860 καταργηθήσονται,
3458 1789 3555 1843 καὶ
3582 1789 3808 1857 γνώσεις

517 1900 892 1955 processuros,
918 1886 1145 1940 multum
1172 1886 1348 1940 abest.
1379 1884 1597 1953 Alioqui
1629 1885 1899 1953 quomodo
1922 1884 2118 1939 futurae

517 1981 630 2050 spei
651 1987 861 2049 tempus
879 1986 1192 2033 sanctorum
1219 1978 1504 2032 animabus
1525 1992 1636 2031 non
1665 1976 2116 2032 detrimentosum

504 2073 643 2138 erit,
675 2073 718 2126 si
746 2073 965 2142 penitus
992 2072 1162 2126 etiam
1203 2086 1324 2141 quae
1361 2071 1627 2126 habemus
1669 2071 1923 2126 amittere
1952 2086 2116 2140 opor-

517 2164 673 2228 tebit,
727 2180 835 2219 non
885 2161 1111 2217 meliora
1167 2161 1527 2231 acquirendo,
1581 2176 1691 2216 non
1746 2161 1813 2215 ad
1860 2161 2115 2231 quiddam

515 2254 801 2310 sublimius
837 2264 1071 2310 mentem
1099 2253 1432 2319 extollendo,
1464 2256 1559 2307 sed
1604 2253 1890 2308 vendendo
1936 2254 2117 2325 potius

514 2348 679 2408 etiam
713 2347 827 2417 jam
877 2355 933 2402 et
978 2362 1084 2401 non
1134 2348 1272 2400 citra
1326 2345 1772 2415 defatigationem
1819 2345 2116 2415 aliquando

514 2436 828 2505 acquisita?
878 2437 1301 2494 Evacuabuutur
1346 2446 1531 2491 autem
1578 2446 1635 2491 ct
1670 2437 2002 2506 prophetiae,
2060 2446 2117 2493 et

513 2529 749 2583 cessabit
796 2528 1049 2595 scientia,
1096 2543 1220 2583 cum
1267 2528 1526 2584 nimirum
1570 2528 1860 2583 animabus
1915 2528 2114 2583 nostris

515 2618 607 2675 illa
635 2620 1076 2689 superexcellens
1115 2635 1177 2676 se
1215 2619 1599 2675 insinuaverit.
1644 2618 2113 2686 Quemadmodum

513 2710 662 2767 enim
685 2712 728 2765 si
755 2711 878 2781 quis
911 2727 1015 2766 una
1050 2712 1102 2765 in
1131 2712 1293 2767 domo
1324 2712 1546 2769 lucente
1582 2711 1828 2780 lucerna,
1852 2722 1909 2768 et
1940 2712 2116 2769 modi-

515 2817 639 2857 cum
686 2803 860 2873 ipsam
914 2803 1253 2858 intuentibus
1295 2803 1478 2859 lumen
1510 2802 1771 2859 fundente
1811 2802 2112 2874 lampadem

516 2894 783 2962 intulerit,
843 2909 1069 2951 necesse
1121 2896 1227 2949 erit
1276 2896 1501 2950 omnino
1551 2895 1730 2950 lumen
1788 2896 1916 2950 illud
1962 2898 2114 2965 prius

516 2996 725 3039 tantum
774 3001 879 3041 non
925 2985 1160 3040 otiosum
1200 3000 1265 3040 ac
1295 2985 1499 3040 nullum
1540 3000 1684 3051 esse,
1726 2986 1928 3041 cedens
1967 2986 2114 3041 vide-

515 3078 645 3132 licet
691 3078 1044 3133 immensitati
1084 3077 1306 3148 majoris
1346 3095 1360 3130 :
1403 3084 1460 3133 et
1496 3078 1640 3132 sicut
1689 3077 1802 3133 sole
1853 3080 2112 3132 mundum

2224 1881 2544 1936 παύσονται.
2583 1900 2602 1933 ι
2645 1881 2830 1952 Φαμὲν
2874 1881 2931 1935 δὲ
2969 1882 3069 1935 οὐκ
3116 1881 3224 1935 ἀπὸ
3264 1880 3358 1936 τοῦ
3411 1881 3711 1951 γινώσκειν
3747 1886 3807 1935 ὲκ

2227 1975 2431 2046 μέρους
2459 1974 2551 2027 ἐπὶ
2578 1973 2640 2027 τὸ
2670 1973 2918 2045 μηδόλως
2941 1973 3142 2026 ειδέναι
3160 1991 3212 2027 τι
3238 1972 3593 2046 βαδιούμεθα,
3614 1977 3805 2029 πολλοῦ

2226 2082 2290 2134 γε
2324 2066 2416 2120 καὶ
2449 2065 2549 2120 δεῖ.
2583 2065 2735 2119 Ἐπεὶ
2762 2065 2884 2119 τίνα
2913 2066 3111 2138 τρόπον
3141 2069 3169 2120 6
3199 2066 3300 2137 τῆς
3329 2067 3635 2140 μελλούσης
3659 2069 3805 2122 ἐλπί-

2219 2158 2308 2222 δος
2354 2159 2544 2230 καιρὸς
2598 2160 2659 2213 οὐ
2701 2158 2839 2230 πρὸς
2879 2157 3085 2229 ζημίας
3128 2159 3281 2213 ἔσται
3325 2164 3445 2225 ταῖς
3480 2162 3593 2214 τῶν
3641 2163 3807 2231 ἁγίων

2217 2251 2438 2322 ψυχαῖς,
2465 2254 2511 2305 εί
2542 2252 2649 2323 χρὴ
2677 2252 2894 2316 πάντως
2916 2252 3011 2305 καὶ
3039 2245 3112 2308 ὧν
3138 2252 3204 2306 ἂν
3237 2252 3457 2324 ἔχοιμεν
3494 2256 3806 2311 ἀπολισθείν

2218 2346 2278 2398 οὐ
2326 2344 2397 2397 τὰ
2442 2344 2653 2415 ἀμείνω
2682 2346 3098 2417 κερδαίνοντας,
3144 2346 3243 2399 οὐκ
3277 2346 3369 2399 ὲπί
3397 2364 3449 2400 τι
3495 2348 3609 2401 τῶν
3640 2349 3806 2421 ὑπερ.

2218 2437 2490 2507 κειμένων
2514 2436 2691 2502 ἱέντας
2720 2438 2811 2492 τὸν
2837 2438 2993 2493 νοῦν’
3026 2439 3496 2510 ἀπεμπωλοῦντας
3519 2442 3579 2494 δὲ
3606 2443 3805 2511 μᾶλλον

2218 2531 2313 2586 καὶ
2339 2530 2400 2585 τὸ
2423 2531 2525 2603 ἤδη
2561 2532 2966 2603 πεπορισμένον
2986 2532 3087 2586 οὐκ
3118 2532 3516 2604 ἀταλαιπώρως
3536 2533 3655 2587 ἐσθ’
3684 2537 3803 2600 ὅτε;

2220 2624 2751 2697 Καταργηθήσονται
2804 2624 2897 2677 καὶ
2957 2627 3307 2696 προφητεῖαι,
3364 2625 3712 2679 πεπαύσεται
3751 2627 3806 2680 δὲ

2218 2718 2313 2772 καὶ
2333 2717 2557 2786 γνῶσις,
2572 2716 3065 2789 ὲπεισκρινομένης
3087 2716 3332 2789 δηλονότι
3360 2718 3479 2780 ταῖς
3503 2719 3806 2789 ἡμετέραις

2217 2808 2414 2879 ψυχαῖς
2459 2811 2557 2879 τῆς
2591 2808 2729 2877 ἀγαν
2758 2807 3180 2880 ὑπερκειμένης.
3211 2808 3423 2879 Ὥσπερ
3464 2809 3577 2878 γὰρ
3628 2811 3684 2862 εῑ
3727 2826 3809 2872 ﬂ;

2218 2899 2337 2963 ἐνὸς
2381 2899 2438 2952 ὲν
2481 2899 2614 2970 οἴκῳ
2649 2898 2931 2968 φαίνοντος
2964 2899 3182 2968 λύχνου,
3211 2897 3305 2950 καὶ
3333 2897 3561 2969 μετρίαν
3601 2901 3660 2953 ὲν
3696 2902 3809 2962 τοῖς

2218 2991 2380 3044 αὑτὸν
2428 2990 2630 3062 ὁρῶσιν
2673 2990 2843 3055 ἱέντος
2891 2991 3089 3062 αὐγὴν,
3139 2992 3474 3061 εἰσκομίσειε
3520 2992 3805 3063 λαμπάδα,

2220 3080 2372 3136 πᾶσά
2406 3097 2522 3144 πως
2554 3081 2771 3153 ἀνάγκη
2805 3082 3091 3153 μονονουχὶ
3112 3083 3206 3135 καὶ
3235 3083 3536 3153 ἀπρακτεῖν
3562 3084 3628 3137 τὸ
3658 3087 3805 3138 ὲκεί-

513 3172 821 3225 illustrante
860 3170 1168 3225 imbecillus
1207 3170 1491 3225 stellarum
1538 3169 1718 3240 fulgor
1764 3170 2109 3238 relinquitur,

2219 3190 2308 3226 νου
2338 3171 2453 3242 φῶς
2477 3172 2576 3244 τὴν
2612 3149 2684 3244 τῇ.
2707 3149 2820 3227 τοῦ-
2854 3149 3101 3243 μείζονος
3143 3149 3383 3247 ἀμετρίᾳ
3409 3175 3803 3249 παραχωροῦν⁹

513 3261 595 3316 sic
638 3261 909 3315 lucidiore
941 3261 1096 3316 nobis
1140 3261 1371 3315 scientia
1423 3270 1734 3330 apportata,
1789 3263 1970 3316 minor
2016 3264 2115 3318 ali-

513 3355 733 3419 quando
776 3353 1153 3406 evacuabitur.
1189 3353 1282 3407 Ait
1329 3362 1385 3405 et
1434 3351 1688 3409 Christus
1722 3354 1928 3408 sanctis
1980 3371 2110 3424 apo-

510 3441 667 3497 stolis
695 3459 710 3497 :
745 3462 763 3494 ι
788 3441 913 3498 llaec
941 3444 993 3497 in
1026 3446 1334 3513 proverbiis
1366 3445 1577 3501 locutus
1608 3463 1727 3503 sum
1761 3448 1936 3502 vobis.
1957 3447 2114 3503 Venit

514 3536 669 3599 hora,
711 3537 926 3604 quando
957 3550 1065 3590 non
1092 3535 1203 3604 jam
1235 3539 1286 3590 in
1341 3539 1647 3607 proverbiis
1691 3537 1885 3608 loquar
1934 3540 2110 3603 vobis,

513 3627 606 3681 sed
666 3627 842 3695 palam
896 3627 961 3681 de
1014 3625 1176 3682 Patre
1230 3642 1350 3683 meo
1408 3630 1748 3684 annttntiabo
1803 3629 1957 3684 vobis
1983 3631 2047 3683 ”.
2085 3649 2105 3683 ι

511 3718 876 3786 Quamobrem
901 3721 1110 3775 sanctis
1130 3721 1222 3790 qui
1244 3735 1439 3775 nomen
1461 3721 1553 3775 Dei
1576 3721 1773 3775 eximie
1796 3720 2108 3787 timuerunt,

509 3820 565 3863 et
620 3810 800 3864 adhuc
854 3825 1143 3879 corporum
1196 3813 1392 3867 inclusi
1450 3814 1804 3882 compagibus
1852 3813 1907 3865 in
1963 3812 2110 3867 omni

512 3914 716 3968 genere
769 3902 989 3957 virtutis
1051 3904 1239 3958 sedulo
1306 3904 1705 3972 elaborarunt,
1764 3905 1934 3959 instar
1983 3904 2112 3958 solis

509 3990 795 4060 cujusdam
838 3993 1065 4061 justitiam:
1095 3995 1350 4051 Christus
1392 3997 1662 4062 illucebit,
1698 3995 2110 4065 perfectissitntc

511 4083 759 4138 scientim
806 4086 990 4141 radios
1040 4088 1367 4154 imntittens,
1420 4098 1475 4142 et
1536 4102 1859 4158 quacunque
1917 4088 2110 4141 animae

512 4175 886 4230 imbecillitate
922 4192 987 4231 ac
1034 4176 1294 4246 languore
1329 4194 1421 4231 eos
1459 4178 1664 4239 levans,
1706 4184 1759 4228 et
1797 4190 1827 4227 a
1878 4176 2108 4244 pristina

512 4266 866 4321 tribulatione
914 4268 1232 4338 longissime
1282 4267 1619 4337 disjungens.
1674 4264 1789 4319 Hoc
1844 4267 1988 4319 enim
2028 4274 2109 4321 est

512 4355 656 4426 quod
685 4358 800 4411 ait:
837 4376 855 4409 ι
892 4357 1114 4415 Sanitas
1148 4370 1231 4414 est
1276 4361 1327 4413 in
1367 4359 1488 4424 alis,
1525 4374 1619 4412 seu
1652 4357 1849 4426 pennis
1874 4356 1991 4427 ejus
2027 4372 2041 4411 :
2081 4377 2100 4410 ι

2217 3266 2309 3318 καὶ
2340 3264 2529 3337 ὥσπερ
2571 3265 2724 3336 ἡλίου
2771 3265 2870 3337 τὴν
2912 3267 3001 3319 ὑπ’
3046 3267 3276 3338 οὐρανὸν
3326 3268 3803 3334 καταυγάζοντος,

2215 3356 2453 3426 ἀδρανὴς
2519 3355 2619 3428 ήδη
2674 3373 2791 3420 πως
2851 3359 2884 3427 ὴ
2950 3355 3056 3409 τῶν
3118 3357 3363 3428 ἀστέρων
3411 3358 3804 3413 ἀπολέλειπται

2213 3449 2537 3520 λαμπρότης
2554 3465 2567 3479 ·
2600 3449 2741 3502 οὕτω
2768 3448 3129 3521 φαιδροτέρας
3152 3451 3285 3520 ἡμῖν
3307 3452 3803 3523 εἰσκεκομισμένης

2214 3540 2468 3609 γνώσεως
2497 3540 2978 3611 καταργηθήσεταί
3013 3559 3129 3605 πως
3164 3543 3196 3610 ἡ
3230 3541 3571 3613 μείων.Ἐφη
3608 3544 3664 3596 δέ
3703 3563 3802 3598 που

2214 3632 2310 3686 καὶ¹
2358 3633 2386 3684 6
2429 3633 2668 3703 Χριστὸς
2698 3635 2809 3695 τοῖς
2852 3631 3028 3700 ἁγίοις
3061 3633 3416 3698 ἀποστόλοις·
3461 3655 3480 3687 ‹
3520 3635 3714 3689 Ταῦτα
3748 3639 3801 3689 ἐν

2215 3724 2539 3796 παροιμίαις
2573 3724 2845 3795 λελάληκα
2868 3726 3016 3796 ὑμῖν.
3047 3726 3309 3797 Ἔρχεται
3330 3726 3469 3798 ὥρα,
3496 3729 3585 3782 ὅτε
3616 3730 3797 3782 οὐκέτι

2213 3819 2272 3871 ὲν
2306 3816 2628 3888 παροιμίαις
2660 3817 2880 3887 λαλήσω
2915 3818 3053 3888 πρὸς
3095 3817 3275 3888 ὑμᾶς’
3322 3818 3435 3873 ἀλλ’
3476 3821 3535 3871 ὲν
3579 3824 3795 3892 παρρη-

2214 3910 2307 3981 σίᾳ
2345 3912 2473 3982 περὶ
2508 3909 2602 3963 τοῦ
2633 3910 2847 3981 Πατρὸς
2874 3910 3160 3978 ἀναγγελῶ
3196 3912 3345 3982 ύμῖν.
3384 3931 3402 3962 ι
3447 3912 3659 3966 Οὐκοῦν
3686 3917 3797 3975 τοῖς

2211 4002 2408 4069 ἁγίοις,
2428 4002 2477 4055 οἳ
2510 4007 2605 4055 καὶ
2628 4002 2832 4071 σφόδρα
2860 4002 3198 4072 πεφόϐηνται
3219 4004 3281 4055 τὸ
3307 4002 3478 4074 ὄνομα
3509 4003 3603 4057 τοῦ
3635 4003 3797 4068 Θεοῦ,

2212 4093 2308 4146 καὶ
2346 4092 2566 4163 ἀπάσης
2602 4094 2803 4163 ἀρετῆς
2856 4094 3188 4163 ἐπιμεληταὶ
3230 4094 3518 4163 γεγόνασιν
3560 4096 3621 4151 ὲν
3662 4094 3797 4166 τῷδε

2210 4183 2288 4254 τῷ
2318 4184 2509 4254 κόσμῳ
2551 4185 2787 4255 Χριστὸς
2816 4184 3148 4254 ἀναλάμψει,
3185 4186 3437 4257 καθάπερ
3467 4205 3552 4253 τις
3584 4190 3793 4245 δικαιο-

2212 4275 2377 4348 σύνης
2427 4277 2577 4347 ἦλιος
2631 4278 2729 4348 τῆς
2774 4278 3117 4350 τελειοτάτης
3168 4277 3416 4348 γνώσεως
3469 4280 3570 4344 τὰς
3622 4284 3793 4350 αὐγάς

2208 4370 2402 4435 ἐνιεὶς,
2461 4370 2557 4423 καὶ
2621 4370 2842 4441 ἀπάσης
2895 4372 3093 4435 αὐτοὺς
3145 4372 3503 4427 ἀπαλλάττων
3550 4375 3791 4445 ψυχικῆς

517 4448 671 4517 quasi
708 4449 776 4502 de
818 4452 1014 4519 aquilis
1054 4461 1109 4505 et
1138 4452 1302 4519 pullis
1344 4465 1530 4504 earum
1568 4449 1902 4518 loqueretur,
1945 4449 2102 4518 juxta

2214 4463 2519 4536 ἀρρωστίας
2540 4503 2555 4527 ,
2602 4464 2696 4516 καὶ
2731 4462 2965 4533 θλίψεως
3016 4464 3115 4534 τῆς
3158 4466 3392 4536 ἀρχαίας
3424 4465 3497 4528 ὡς
3520 4468 3791 4520 ἀπωτάτω

509 4538 638 4593 illud
664 4540 783 4594 sine
809 4542 991 4607 dubio,
1028 4545 1170 4611 quod
1198 4556 1292 4610 per
1322 4540 1509 4595 Mosen
1541 4540 2001 4610 sapientissimum
2033 4544 2099 4599 de

511 4632 639 4701 Deo,
669 4643 722 4688 et
744 4635 810 4688 de
841 4636 1086 4690 liberatis
1110 4637 1176 4689 ab
1199 4633 1439 4705 Egypto
1460 4635 1727 4704 prolatum
1760 4645 1878 4690 est:
1906 4654 1925 4687 ι
1946 4636 2099 4691 Sicut

507 4724 688 4794 aquila
714 4726 991 4794 eooperiet
1014 4727 1197 4779 nidum
1246 4741 1428 4781 suum.
1471 4726 1795 4794 Expandens
1823 4728 1936 4783 alas
1966 4744 2095 4784 suas

506 4818 745 4885 suscepit
773 4832 867 4872 eos
912 4818 983 4873 ³³.
1017 4835 1039 4869 ι
1079 4817 1196 4871 Erit
1244 4818 1435 4887 igitur,
1480 4820 1675 4888 inquit,
1734 4838 1754 4872 ι
1795 4821 2002 4876 sanitas
2036 4821 2093 4877 in

505 4910 700 4976 pennis
735 4908 873 4976 ejus.
905 4927 926 4960 ι
984 4909 1039 4962 ln
1086 4911 1189 4963 hoc
1238 4911 1381 4964 euint
1420 4912 1621 4966 szeculo
1663 4912 1999 4968 exsultantes
2037 4914 2093 4970 its

506 4998 664 5055 nobis
691 4999 875 5052 carnis
909 5009 1083 5054 motus
1117 5016 1446 5070 magnopere
1482 5003 1772 5067 sentimus,
1802 5004 1892 5072 qui
1939 5018 2092 5059 men-

507 5100 614 5146 tem
643 5092 711 5147 ad
742 5092 1090 5147 inconcessas
1121 5093 1292 5164 868
1323 5094 1630 5164 voluptates
1654 5098 2014 5164 exsuscitant,
2038 5105 2095 5151 et

504 5189 658 5244 saevit
697 5188 750 5241 in
798 5187 1060 5243 membris
1110 5190 1315 5244 nostris
1349 5190 1556 5260 peccati
1607 5190 1695 5245 lex
1741 5190 1807 5255 ",
1846 5192 2093 5260 quamvis

503 5279 720 5334 Christo
744 5278 1038 5348 adiuvante
1074 5290 1387 5337 sanctorum
1414 5282 1786 5339 moderatione
1818 5281 2089 5339 interdum

544 5455 643 5527 “il
685 5456 813 5511 Cor.
856 5474 894 5521 t,
935 5457 987 5513 5.
1032 5460 1119 5515 ⁸⁸1
1152 5461 1276 5518 Cor.
1319 5478 1443 5527 xm,
1489 5462 1575 5518 12.
1622 5464 1662 5497 ’⁸
1695 5462 1827 5517 Ibid.
1874 5461 1966 5517 10.
2004 5460 2097 5515 ²⁰Ι

2214 5503 2216 5511 ,
2259 5463 2300 5491 “
2329 5462 2458 5517 Ibid.
2501 5462 2556 5515 8.

504 5524 550 5554 ”
586 5526 739 5583 Itoni.
780 5543 872 5593 \‘ll,
914 5531 1003 5584 ‘25.

2206 4554 2400 4617 τιθείς,
2432 4553 2605 4607 Τοῦτο
2632 4553 2740 4625 γάρ
2770 4556 2888 4607 ἐστι
2916 4555 2978 4607 τό
2997 4569 3009 4582 ·
3049 4574 3066 4605 ι
3094 4555 3265 4619 Ἴασις
3295 4556 3353 4607 ὲν
3383 4557 3503 4617 ταῖς
3534 4555 3792 4627 πτέρυξιν

2205 4645 2374 4699 αὑτοῦ
2399 4661 2413 4676 ·
2445 4640 2558 4700 οἷον
2596 4646 2672 4708 ὡς
2725 4647 2812 4698 ἐπ’
2844 4646 3004 4701 ἀετοῦ
3048 4648 3139 4701 καὶ
3198 4646 3425 4702 νεοττῶν
3477 4650 3788 4719 εἰρημένον,

2202 4740 2322 4792 κατ’
2351 4737 2528 4792 ἐκεῖνό
2569 4757 2670 4793 που
2715 4739 2953 4805 πάντως,
3000 4739 3063 4795 τὸ
3096 4739 3183 4793 διὰ
3225 4739 3321 4793 τοῦ
3355 4740 3634 4808 πανσόφου
3670 4742 3789 4796 Μω⁸

2200 4831 2341 4892 σέως
2372 4831 2700 4902 λελεγμένον
2739 4834 2873 4905 περὶ
2914 4832 3083 4901 Θεοῦ,
3127 4833 3222 4887 καὶ
3264 4833 3372 4887 τῶν
3412 4832 3473 4898 ἐξ
3506 4833 3787 4901 Αἰγύπτου

2198 4924 2639 4996 λελυτρωμένων·
2665 4944 2684 4977 ι
2706 4926 2792 4989 Ὠς
2825 4926 2980 4991 ἀετὸς
3011 4926 3278 4979 σκεπάσει
3312 4924 3534 4979 νοσσιὰν
3564 4924 3784 4979 ἑαυτοῦ

2196 5012 2331 5075 διεὶς
2355 5015 2454 5077 τὰς
2484 5015 2762 5085 πτέρυγας
2787 5014 2973 5080 αὐτοῦ,
3018 5015 3238 5081 ἐδέξατο
3267 5016 3483 5078 αὐτούς.
3530 5032 3549 5065 ι
3591 5015 3787 5071 Ἔσται

2197 5105 2399 5169 τοίνυν,
2433 5106 2568 5177 φησι
2590 5145 2606 5171 ,
2645 5124 2663 5156 ι
2696 5108 2790 5160 καὶ
2823 5107 2962 5171 ῖασις
3004 5109 3062 5160 ὲν
3098 5110 3219 5172 ταῖς
3248 5107 3509 5177 πτέρυξιν
3536 5107 3724 5161 αὑτοῦ.
3762 5125 3781 5158 ι

2212 5197 2299 5249 Ἐν
2346 5195 2448 5266 μὲν
2493 5196 2600 5266 γὰρ
2647 5196 2724 5266 τῷ
2773 5197 2930 5251 αἰῶνι
2974 5198 3148 5270 τούτῳ
3190 5198 3342 5254 δεινά
3384 5198 3500 5262 πώς
3548 5201 3697 5252 ἐστιν
3729 5202 3786 5252 ὲν

2202 5290 2334 5358 ἡμῖν
2370 5288 2467 5358 τῆς
2494 5287 2694 5353 σαρκὸς
2724 5287 2792 5340 τὰ
2820 5291 3169 5360 σκιρτήματα
3190 5307 3202 5322 ·
3231 5290 3533 5360 καταθήγει
3560 5290 3665 5358 γὰρ
3696 5289 3784 5341 τὸν

2637 5463 2679 5492 "
2717 5462 2872 5519 Joan.
2916 5480 3025 5533 xvr,
3064 5465 3153 5520 25.
3197 5465 3240 5496 "
3281 5467 3435 5519 Dum.
3482 5483 3656 5537 xxxii,
3703 5472 3782 5521 lt.

575 5660 645 5731 (³)
681 5664 977 5726 Cotclerius
1009 5667 1273 5740 (Monum.
1342 5667 1488 5724 Eccl.
1524 5666 1617 5723 Gr.
1652 5668 1733 5735 Η,
1794 5668 1919 5737 619)
1987 5666 2104 5736 conj

2275 5670 2725 5741 ὲντεχνεστάτους
2785 5675 2871 5729 vel
2937 5677 3376 5748 ευτεχνοτάτους,
3419 5678 3780 5735 doctissimos.

502 5734 660 5793 Eutr.
