3934 6318
130 294 228 348 361

964 291 1515 351 COMMENTARIUS
1557 291 1623 346 IN
1668 292 2067 349 MALACIllAM
2106 293 2546 350 PROPHETAM.

3293 304 3399 359 33!

132 406 262 461 νοῦν
295 406 378 470 είς
412 402 674 470 ἐκτύπους
708 406 930 478 ἡδονὰς,
959 409 1233 479 ἀγριαίνει
1262 409 1317 462 δὲ
1344 411 1400 461 ἐν
1424 411 1539 470 τοῖς
1568 406 1725 479 μέλε-

1837 410 2095 464 vincatur.
2141 409 2441 463 lnebriatur
2486 417 2665 464 autem
2702 410 3101 478 quodammodo
3138 429 3310 479 metis,
3350 430 3403 471 et

134 515 223 551 σιν
246 496 403 567 ὑμῶν
435 501 532 568 τῆς
561 498 834 570 ἁμαρτίας
856 501 883 552 ὁ
912 499 1094 570 νόμος,
1126 501 1159 571 ἢ
1193 502 1287 553 καὶ
1317 501 1533 553 νικᾶται
1563 499 1720 569 τυχὸν

131 590 222 644 διὰ
255 589 359 660 τῆς
389 590 498 642 τῶν
528 591 701 659 ἁγίων
726 592 1022 655 ἐπιεικείας
1060 592 1428 662 ἐπαμύνοντος
1458 591 1551 644 τοῦ
1584 593 1720 661 Χρι-

138 682 292 736 στοῦ.
342 680 697 751 Καταμεῢύει
737 682 793 734 δέ
826 699 944 745 πως
989 683 1017 734 ὁ
1063 682 1222 747 νοῦς,
1260 684 1354 736 καὶ
1384 680 1503 735 καθ’
1540 680 1725 752 ἕτερον

135 774 344 842 τρόπον
371 774 765 845 πειραζόμενος
793 776 896 828 ὑπὸ
928 775 1116 828 παθῶν
1142 793 1154 807 ’
1196 776 1501 840 ἀλαζονεῖαί
1530 794 1587 828 τε
1617 776 1723 845 γὰρ

137 868 570 936 ἐπισκήπτουσι,
616 867 708 919 καὶ
745 867 1034 934 φιλοδοξίαι
1084 868 1380 937 κοσμικαὶ,
1412 869 1594 939 ὀργαὶ,
1633 868 1724 921 καὶ

138 959 334 1025 φιλοκέ
345 960 536 1029 ρδειαι,
555 962 648 1012 καὶ
678 959 745 1011 τὰ
770 959 932 1031 ἕτερα
959 960 1064 1012 τῶν
1097 961 1305 1014 κακῶν.
1326 961 1540 1030 Ἐπειδὴ
1557 961 1612 1012 δὲ
1634 960 1726 1012 τὸν

138 1052 447 1123 ἀρραϐῶνα
475 1052 569 1105 τοῦ
598 1052 916 1123 Πνεύματος
947 1052 1033 1105 διὰ
1068 1052 1305 1125 Χριστοῦ
1341 1053 1723 1124 πεπλουτὴκα-

140 1163 268 1217 μεν,
298 1148 592 1218 εἰθίσμεθά
632 1166 691 1201 τε
726 1148 1150 1218 κατευμεγεθεῖν
1195 1149 1301 1201 τῶν
1336 1148 1543 1211 παθῶν,
1588 1148 1726 1219 πλὴν

145 1237 376 1309 ἱδρῶτος
408 1240 468 1290 οὐ
500 1239 643 1307 δίχα,
678 1239 817 1293 κατά
844 1238 903 1291 δέ
938 1256 1001 1307 γε
1028 1240 1121 1292 τὸν
1149 1239 1322 1293 αἰῶνα
1345 1239 1433 1292 τὸν
1464 1238 1728 1310 μέλλοντα

137 1329 330 1400 πλήρη
362 1333 459 1399 τῆς
491 1330 820 1397 Θεογνωσίας
867 1329 1081 1400 ἔχοντες
1125 1329 1223 1400 τὴν
1253 1332 1446 1401 αὐγὴν,
1491 1331 1585 1383 καὶ
1630 1330 1727 1401 τὴν

135 1420 493 1491 τελειοτάτην
544 1420 643 1489 τῆς
700 1420 909 1493 δωρεᾶς
983 1420 1078 1473 τοῦ
1136 1420 1292 1489 ἁγίου
1373 1422 1727 1485 πλουτοῦντες

138 1510 486 1581 Πνεῦματος,
516 1512 917 1581 ἀποδυσάμενοί
949 1530 1005 1565 τε
1046 1511 1144 1583 τὴν
1172 1513 1376 1584 φθορὰν
1407 1515 1500 1567 καὶ
1534 1514 1603 1567 τὰ
1630 1517 1729 1585 τῆς

137 1602 352 1671 σαρκὸς
379 1601 549 1673 πάθη,
583 1602 701 1673 Θεῷ
751 1602 1084 1675 λατρεύομεν
1121 1604 1447 1673 όλοτρόπως,
1477 1606 1536 1659 οὐ
1570 1624 1727 1676 μερι-

137 1692 363 1761 ζόμενοι
392 1693 528 1763 πρὸς
550 1694 847 1765 ἁμαρτίαν,
876 1692 999 1746 οὔτε
1034 1693 1139 1763 μὴν
1163 1694 1267 1747 ὑπό
1297 1712 1392 1747 του
1425 1696 1532 1747 τῶν
1560 1697 1725 1749 πάλαι

1828 499 1933 555 alio
1959 500 2116 555 modo
2153 516 2179 554 a
2214 500 2557 570 passionibus
2592 500 2800 555 irritata
2839 527 2851 557 ;
2894 503 3105 558 irruunt
3137 506 3279 560 enim
3320 523 3392 561 ar-

1827 593 2109 662 rogantiae,
2141 600 2194 645 et
2235 608 2386 647 amor
2430 595 2673 648 vanze'ac
2723 598 3007 651 mundanae
3044 598 3247 668 gloriae,
3289 602 3404 663 ira,

1827 683 1959 737 lucri
2013 684 2263 747 aviditas,
2318 694 2369 738 et
2417 685 2532 739 alim
2587 685 2801 739 demum
2858 696 3060 756 pestes.
3112 689 3404 761 Postquam

1829 783 2006 827 autcm
2032 774 2255 844 pignore
2278 773 2510 843 Spiritus
2533 791 2627 845 per
2654 775 2929 832 Christum
2953 780 3106 833 ditati
3133 798 3319 836 sumus
3340 781 3404 847 ’⁸,

1828 866 2058 920 domitas
2108 867 2308 919 habere
2359 867 2700 936 cupiditates,
2751 872 3000 938 quamvis
3056 872 3197 926 haud
3269 875 3406 928 citra

1830 958 2110 1021 sudorem,
2148 958 2549 1023 consuevimus,
2583 966 2635 1013 et
2672 960 3405 1019 secundnmsaeculumfutu-

1829 1062 1948 1100 rum
1995 1046 2149 1116 plena
2195 1045 2313 1100 luce
2351 1046 2547 1101 divina:
2586 1050 2909 1117 cognitionis
2948 1053 3179 1120 pra-diti,
3225 1055 3405 1125 perle-

1828 1141 2009 1197 ctione
2039 1141 2166 1194 doni
2196 1140 2432 1209 Spiritus
2462 1140 2633 1194 sancti
2671 1140 2863 1196 divites
2899 1157 3109 1208 sumus,
3136 1153 3190 1198 et
3220 1160 3410 1200 corru-

1830 1229 2078 1300 ptionem
2100 1228 2487 1297 passionesque
2512 1230 2694 1284 carnis
2721 1231 2993 1293 exuimus,
3013 1232 3121 1287 Deo
3140 1235 3409 1289 servimus

1828 1321 2174 1387 omnimodis,
2220 1336 2324 1374 non
2362 1320 2517 1374 divisi
2551 1332 2770 1392 propter
2803 1332 3117 1392 peccatum,
3153 1340 3328 1395 neque
3377 1344 3406 1379 a

1832 1411 2101 1466 veteribus
2128 1413 2473 1481 passionihus
2508 1413 2717 1483 agitati,
2754 1415 2847 1468 sed
2888 1415 3061 1469 instar
3097 1426 3408 1471 sanctorum

1830 1499 2138 1567 angelorum
2160 1514 2345 1568 puram
2366 1510 2418 1555 et
2437 1501 2773 1555 innocentem
2794 1506 2957 1557 vitam
2976 1505 3245 1560 ducimus.
3263 1506 3413 1561 Scri-

1829 1596 1978 1656 ptum
2001 1596 2084 1640 cst
2105 1589 2248 1641 enim
2277 1590 2343 1642 de
2370 1590 2589 1653 sanctis,
2614 1592 2755 1660 quod
2775 1594 3159 1649 obliviscentur
3186 1596 3410 1651 tribula-

1834 1680 1991 1733 tionis
2014 1694 2123 1733 suaz
2144 1690 2196 1735 et
2216 1696 2319 1734 non
2343 1683 2596 1736 ascendet
2621 1686 2670 1735 in
2689 1697 2783 1736 cor
2804 1699 3011 1739 eorum.
3034 1706 3051 1736 ι
3076 1686 3189 1742 Erit
3207 1695 3408 1750 autem,

139 1782 333 1835 παθῶν
366 1784 761 1853 ἐνοχλούμενοι,
810 1784 922 1838 ἀλλ’
968 1786 1024 1837 ἐν
1074 1784 1163 1855 ἴσῃ
1206 1786 1358 1851 τάξει
1406 1788 1518 1848 τοῖς
1551 1786 1723 1852 ἁγίοις

1837 1771 2025 1840 inquit,
2059 1771 2241 1826 laetitia
2272 1775 2600 1841 sempiterna
2630 1790 2793 1843 super
2820 1778 2994 1846 capita
3025 1792 3238 1843 eorum,
3270 1778 3407 1845 laus,

138 1877 399 1944 ἀγγέλοις
441 1877 533 1929 τὸν
575 1876 814 1946 καθαρὸν
857 1878 951 1930 καὶ
1004 1877 1261 1947 ἀπήμονα
1300 1875 1539 1947 βιοῦντες
1590 1878 1721 1946 βίον.

140 1968 463 2039 Γέγραπται
493 1968 598 2037 γὰρ
625 1970 752 2039 περὶ
778 1968 885 2021 τῶν
917 1968 1109 2037 ἁγίων,
1141 1970 1222 2021 ὅτι
1254 1969 1604 2040 ἐπιλήσονται
1628 1967 1726 2038 τὴν

142 2060 320 2129 θλῖψιν
353 2060 556 2125 αὐτῶν,
582 2063 677 2114 καὶ
695 2063 794 2114 οὐκ
822 2062 993 2133 ἀναϐῇ
1022 2061 1202 2115 αὐτῶν
1235 2062 1327 2114 ἐπὶ
1354 2060 1450 2133 τὴν
1476 2061 1722 2131 καρδίαν.

147 2151 384 2203 «Ἔσται
418 2150 494 2213 δὲ,
538 2152 691 2221 φησὶ,
730 2152 825 2203 καὶ
857 2150 1166 2221 εὐφροσύνη
1202 2150 1417 2211 αἰώνιος
1465 2148 1606 2219 ὑπὲρ
1632 2165 1727 2200 κε-

142 2242 316 2313 φαλῆς
354 2241 554 2307 αὐτῶν,
575 2228 799 2308 αἴνεσις,
820 2242 915 2297 καὶ
944 2242 1272 2313 εὐφροσύνη,
1293 2243 1387 2295 καὶ
1415 2240 1728 2310 ἀγαλλίαμα

142 2333 521 2405 καταλήψεται
551 2334 766 2401 αὐτοὺς,
802 2334 1011 2404 ἀπέδρα
1041 2333 1224 2404 ὀδύνη,
1274 2332 1442 2404 λύπη,
1478 2332 1573 2385 καὶ
1610 2349 1730 2384 στε-

144 2427 376 2498 ναγμός.
409 2446 428 2478 ι
466 2427 651 2498 Ταύτῃ
682 2442 765 2478 τοι
800 2425 962 2496 φησὶν
996 2427 1022 2478 ό
1057 2426 1361 2494 προφήτης,
1395 2425 1513 2494 ήτοι
1542 2422 1670 2485 Θεὸς
1701 2422 1728 2473 ὁ

143 2520 352 2573 τούτων
377 2519 616 2587 ἐργάτης
646 2519 741 2572 καὶ
782 2518 969 2588 δοτὴρ,
1004 2520 1083 2571 ὅτι
1121 2535 1139 2568 ι
1188 2515 1597 2583 Ἐξελεύσεσθε,
1636 2517 1728 2569 καὶ

147 2608 513 2680 σκιρτήσεσθε
544 2609 617 2672 ὡς
651 2608 923 2678 μοσχάρια
949 2610 1011 2660 ὲκ
1035 2607 1248 2677 δεσμῶν
1271 2607 1546 2676 ἀνειμένα.
1572 2606 1731 2656 »Ὦτ-

146 2724 253 2775 περ
285 2705 401 2776 γὰρ
433 2704 501 2757 τὰ
539 2705 807 2773 μοσχάρια
834 2702 902 2755 τὰ
935 2702 1198 2755 ὑπότιτθα
1224 2700 1439 2770 δεσμῶν
1469 2700 1730 2769 ἀνιέμενα

146 2796 578 2865 κατασκαίρουσι
613 2794 720 2847 τῶν
766 2792 970 2864 ἀγρῶν,
1016 2793 1073 2844 ἐν
1116 2791 1331 2844 εὐανθεῖ
1358 2795 1421 2862 τῇ
1456 2790 1564 2861 πόα
1595 2792 1729 2842 ἀπο-

147 2886 409 2958 πηδῶντά
431 2904 491 2938 τε
519 2886 613 2939 καὶ
636 2886 1027 2956 διαμυκώμενα
1047 2901 1059 2914 ·
1087 2883 1230 2937 οὕτω
1262 2881 1404 2935 κατὰ
1433 2884 1656 2953 καιροὺς
1683 2884 1731 2935 oi

146 2980 297 3047 ἀγιοι
332 2978 617 3047 μονονουχὶ
655 2976 870 3046 δεσμῶν
903 2975 1178 3045 ἀνειμένοι
1226 2974 1323 3046 τῆς
1370 2975 1427 3027 ἐν
1474 2974 1608 3044 τῷδε
1656 2971 1735 3043 τῷ

148 3069 251 3139 βίῳ
282 3068 538 3137 θλίψεως,
581 3069 882 3139 φροντίδος,
928 3068 1149 3140 ἱδρῶτός
1182 3085 1241 3120 τε
1280 3068 1375 3122 καλ¹
1413 3068 1610 3134 πόνων,
1653 3069 1733 3130 είς

146 3161 245 3231 τὴν
294 3163 407 3223 τοῖς
455 3160 621 3223 ὁσίοις
680 3160 999 3229 πρέπουσαν
1053 3160 1316 3229 εὐθυμίαν
1368 3161 1727 3229 ἐκὸήσονται,

148 3250 449 3312 πατοῦντες
472 3250 726 3318 ἀνόμους,
758 3250 819 3301 οὐ
854 3249 1192 3319 μαχομένους
1223 3249 1301 3301 ἔτι
1351 3250 1443 3302 καὶ
1469 3247 1732 3317 ἀνθεστη-

148 3342 340 3405 κότας,
410 3342 675 3403 πεσόντας
704 3340 760 3392 δὲ
790 3340 889 3410 ήδη
930 3341 1023 3393 καὶ
1060 3341 1467 3411 νενικημένους,
1499 3339 1593 3392 καὶ
1620 3333 1729 3393 οἷον

150 3432 257 3485 ὑπὸ
306 3433 473 3495 πόδας
508 3432 817 3502 κειμένους,
851 3430 929 3501 τῷ
969 3432 1062 3486 καὶ
1096 3433 1398 3503 ἀνῃρῆσθαι
1454 3431 1727 3493 παντελῶς

1827 1876 1881 1920 et
1922 1865 2129 1933 latitia,
2180 1875 2234 1921 et
2276 1868 2570 1921 exsultatio
2626 1870 3050 1937 comprehendet
3092 1884 3208 1935 eos,
3242 1868 3412 1938 fugiet

1828 1957 2000 2023 dolor,
2028 1957 2269 2021 tristitia,
2296 1967 2344 2011 et
2375 1960 2612 2023 gemitus
2639 1958 2706 2012 ’⁸.
2738 1976 2756 2009 ι
2788 1959 2999 2013 Idcirco
3027 1960 3101 2013 ait
3127 1959 3407 2028 propheta.

1828 2050 1940 2104 sive
1962 2047 2101 2103 Deus
2121 2050 2314 2103 horum
2334 2050 2556 2105 effector
2578 2062 2739 2121 atque
2759 2051 2913 2108 dator
2938 2071 2949 2107 :
2975 2072 2992 2105 ι
3015 2053 3409 2124 Egrediemini,
3488 2086 3499 2091 -

1828 2148 1881 2193 et
1915 2141 2123 2195 salietis
2168 2141 2308 2196 sicut
2339 2142 2489 2195 vituli
2523 2146 2691 2198 teneri
2729 2146 2958 2202 vinculis
2991 2146 3176 2203 soluti.
3208 2167 3226 2200 ι
3258 2146 3410 2202 Sicut

1830 2248 2063 2303 namque
2086 2232 2234 2287 vituli
2255 2233 2432 2289 adhuc
2455 2236 2720 2300 subrnmi,
2752 2252 2847 2292 seu
2874 2237 3156 2304 lactentes,
3180 2240 3413 2294 vinculis

1831 2323 2065 2391 demptis
2105 2337 2199 2393 per
2255 2340 2413 2395 agros
2468 2326 2746 2393 exsiliunt,
2790 2338 2843 2383 et
2895 2329 2947 2383 in
2995 2329 3162 2384 herba
3216 2333 3408 2385 virenti

1830 2413 2139 2468 subsultant
2179 2423 2233 2468 et
2278 2415 2554 2485 mugiunt;
2597 2416 2668 2470 ita
2715 2418 2842 2472 olim
2881 2421 3056 2475 sancti
3095 2420 3254 2490 limus
3292 2422 3412 2475 vita:

1834 2507 2215 2571 tribulationis,
2241 2523 2515 2572 curarunt,
2561 2511 2794 2578 sudoris,
2832 2510 3078 2566 laborum
3108 2515 3260 2583 quasi
3297 2515 3411 2568 vin-

1832 2598 1967 2653 culis
1993 2598 2248 2664 cxsoluti,
2282 2600 2334 2652 in
2357 2599 2751 2667 iucunditatem
2789 2604 2994 2657 sanetis
3024 2616 3409 2671 congruentem

1832 2690 2222 2761 ingredientur,
2277 2700 2332 2745 et
2380 2691 2619 2760 iniquos,
2674 2707 2782 2747 non
2849 2693 2959 2761 jam
3013 2705 3315 2765 pugnantes
3357 2708 3412 2753 et

1834 2780 2172 2844 resistcntes,
2216 2781 2311 2835 sed
2360 2790 2679 2846 prostratos,
2723 2794 2776 2836 et
2821 2784 3014 2851 victos,
3060 2796 3113 2839 et
3157 2797 3411 2856 tanquam

1833 2874 1932 2926 sub
1960 2872 2183 2941 pedibus
2206 2872 2451 2941 jacentes
2480 2873 2893 2941 conculcabunt,
2929 2878 3073 2946 quod
3098 2880 3258 2933 etiam
3289 2880 3411 2934 belli

1834 2963 2059 3018 materia
2096 2971 2148 3016 et
2176 2974 2351 3017 metus
2390 2966 2567 3021 omnis
2610 2967 2676 3020 ab
2707 2968 2836 3035 ipsis
2874 2968 3083 3023 ablatus
3117 2972 3209 3025 sit.
3243 2989 3264 3023 α
3296 2969 3415 3028 Non

1835 3055 1975 3109 enim
2019 3055 2123 3109 erit
2173 3056 2245 3109 ibi
2292 3055 2400 3121 leo,
2443 3072 2617 3126 neque
2666 3058 2769 3112 ulla
2817 3061 3080 3115 malarum
3118 3063 3412 3119 bestiarum

1789 3142 1807 3165 ⁴
1839 3150 2093 3204 ascendet
2137 3151 2269 3220 illic,
2310 3160 2367 3205 ut
2397 3152 2660 3220 scriptum
2694 3161 2811 3217 est;
2852 3154 2946 3209 sed
2981 3155 3084 3209 erit
3119 3155 3297 3224 potius
3329 3159 3411 3211 via

1839 3257 1994 3311 pura,
2040 3251 2093 3295 et
2144 3242 2229 3295 via
2288 3252 2474 3296 sancta
2525 3241 2805 3297 vocabitur
2843 3243 2909 3296 "’.
2959 3262 2977 3293 ι
3032 3244 3231 3299 Exsors
3269 3246 3413 3299 enim

1838 3349 2048 3404 pugnae,
2079 3344 2133 3389 et
2156 3335 2333 3389 omnis
2365 3334 2588 3388 maculae
2622 3350 2751 3405 pura
2794 3335 2881 3390 illo
2915 3336 3253 3405 potissimum
3282 3347 3417 3391 tcm-

1838 3442 1970 3494 pore
2003 3436 2311 3481 sanctorum
2346 3432 2455 3481 vita
2491 3429 2615 3480 erit.

150 3526 243 3580 τὸν
282 3525 411 3593 παρ’
448 3523 628 3575 αὐτῶν
657 3523 911 3591 πόλεμον.
949 3542 966 3573 ι
1002 3523 1075 3576 Οὐ
1111 3524 1219 3593 γὰρ
1277 3523 1427 3576 ἔσται
1460 3523 1576 3573 ἐκεῖ
1607 3520 1769 3583 λέων,
1807 3517 1929 3570 οὐδὲ
1985 3515 2091 3569 τῶν
2128 3514 2332 3587 Θηρίων
2361 3518 2469 3572 τῶν
2503 3516 2751 3587 πονηρῶν
2784 3517 2935 3571 οὐδὲν
2970 3525 3043 3589 μὴ
3068 3521 3240 3592 ἀναϐῇ
3276 3522 3412 3584 ἐκεῖ.

153 3618 294 3673 κατά
320 3618 383 3670 τὸ
407 3616 1093 3687 γεγραμμένον.Ἔσταιδὲ
1128 3617 1325 3687 μᾶλλον
1353 3617 1467 3679 ὁδὸς
1524 3614 1760 3680 καθαρὰ,
1802 3613 1897 3664 καὶ
1979 3611 2094 3674 ὁδὸς
2142 3611 2271 3679 ἁγία
2325 3611 2679 3681 κληθήσεται.
2735 3629 2752 3659 ι
2790 3611 3089 3681 Ἀπόλεμος
3153 3612 3262 3684 γὰρ
3323 3618 3415 3668 καὶ

151 3709 372 3778 ἀπάσης
418 3708 635 3779 κηλίδος
676 3707 1065 3780 ἀπηλλαγμένη
1117 3709 1236 3762 κατ’
1288 3714 1463 3763 ἐκεῖνο
1496 3710 1727 3781 μάλιστα
1766 3707 1860 3762 τοῦ
1896 3705 2087 3776 καιροῦ
2119 3705 2225 3757 τῶν
2292 3705 2461 3772 ἁγίων
2488 3704 2643 3756 ἔσται
2675 3701 2810 3772 ζωή.

224 3802 333 3856 Καὶ
404 3800 533 3853 ἰδοὺ
606 3798 722 3868 ἐγὼ
786 3798 1104 3854 ἀποστελῶ
1157 3801 1300 3867 ὑμῖν
1362 3803 1564 3859 Ἠλίαν
1627 3803 1733 3855 τὸν

157 3893 477 3957 Θεσϐίτην,
524 3889 664 3959 πρὶν
708 3890 907 3944 ἐλθεῖν
946 3890 1059 3957 τὴν
1088 3892 1316 3960 ἡμέραν
1354 3893 1575 3959 Κυρίου
1621 3891 1733 3957 τὴν

150 3984 427 4052 μεγάλην
472 3983 569 4035 καὶ
612 3978 878 4049 ἐπιφανῆ
903 4021 916 4046 ,
953 3980 1014 4046 ὃς
1063 3982 1552 4050 ἀποκαταστήσει
1597 3999 1736 4052 καρ-

154 4075 293 4126 δίαν
322 4072 544 4140 πατρὸς
578 4073 720 4138 πρὸς
768 4072 924 4136 υἱὸν,
978 4070 1078 4124 καὶ
1122 4072 1376 4139 καρδίαν
1420 4072 1734 4140 ἀνθρώπου

1912 3798 2072 3852 Vens.
2096 3797 2147 3861 5,
2178 3796 2229 3849 6.
2260 3792 2395 3849 Ecce
2414 3812 2506 3865 ego
2537 3796 2737 3848 mittam
2763 3796 2899 3847 vobis
2917 3794 3092 3849 Etiam
3121 3796 3413 3858 Thesbiten.

1840 3902 2119 3959 antequam
2154 3889 2322 3940 venint
2355 3889 2463 3940 dies
2492 3886 2703 3940 Domini
2728 3904 2948 3954 magnus
2973 3897 3019 3940 et
3054 3887 3293 3951 illustris,
3329 3893 3416 3959 qui

1841 3983 2072 4035 restituet
2101 3996 2192 4032 cor
2213 3979 2376 4048 patris
2399 3982 2466 4031 ad
2488 3976 2681 4045 ﬁlium,
2706 3989 2751 4031 et
2779 3995 2869 4031 cor
2892 3980 3117 4032 hominis
3141 3981 3208 4032 ad
3236 3983 3417 4049 proxi-

1842 4090 1983 4125 mum
2019 4088 2191 4134 suum,
2220 4086 2281 4123 ne
2305 4071 2502 4123 ueniam
2522 4109 2536 4135 ,
2561 4079 2609 4124 et
2646 4071 2937 4141 percutiam
2964 4082 3163 4127 terram
3186 4075 3412 4141 penitus.

154 4167 305 4234 πρὸς
331 4165 439 4219 τὸν
463 4165 731 4232 πλησίον
761 4164 969 4229 autcf),
1008 4166 1107 4218 ἵνα
1151 4165 1237 4234 μὴ
1273 4167 1445 4230 ἔλθω,
1474 4167 1571 4220 καὶ
1609 4165 1851 4230 πατάξω
1882 4165 1997 4232 τὴν
2022 4163 2140 4234 γῆν
2176 4163 2386 4233 ἄρδην.

225 4262 360 4314 ME’.
422 4260 716 4324 Ἀπόδειξις
798 4261 1134 4331 ἡμερότητος
1216 4264 1309 4317 καὶ
1387 4261 1735 4327 ἀνεξικακίας

1921 4262 2077 4315 XLV.
2124 4262 2515 4329 Argumentum
2566 4259 2997 4314 mansuetudinis
3030 4270 3084 4315 et
3121 4261 3419 4316 tolerantiae

155 4351 314 4417 Θεοῦ,
350 4352 408 4403 τὸ
448 4352 539 4404 καὶ
581 4351 763 4404 Ἠλίαν
797 4353 931 4421 ἡμῖν
959 4353 1050 4405 τὸν
1084 4352 1348 4424 Θεσϐίτην
1382 4354 1735 4425 προαναλάμ-

1845 4352 1962 4418 Dei,
1992 4342 2133 4421 quod
2164 4350 2310 4405 Elias
2342 4350 2628 4405 Thesbitcs
2663 4363 2877 4418 quoque
2909 4351 3065 4404 nobis
3114 4352 3263 4419 prius
3292 4350 3418 4405 olim

156 4442 253 4509 ψαι
287 4439 431 4492 κατά
456 4441 700 4509 καιροὺς,
731 4441 814 4493 ὅτι
842 4441 1111 4511 παρέσται
1134 4442 1318 4494 λοιπὸν
1347 4445 1373 4496 ὁ
1392 4443 1601 4513 κριτὴς,
1626 4446 1735 4507 τοῖς

156 4532 259 4584 ἀνὰ
311 4532 497 4584 πᾶσαν
544 4529 641 4602 τήν
691 4532 1017 4601 οἰκουμένην
1061 4534 1517 4602 προαγγέλλοντα.
1554 4537 1737 4588 Κατα⁵

160 4619 389 4690 ὖήσεται
423 4619 532 4689 γὰρ
563 4620 753 4690 κριτὴς
783 4623 840 4673 ἐν
867 4624 933 4692 τῇ
957 4622 1085 4692 δόξῃ
1111 4622 1202 4675 τοῦ
1228 4624 1359 4676 Θεοῦ
1386 4626 1478 4677 καὶ⁵
1502 4625 1735 4697 Πατρός,

157 4709 603 4781 δορυφορούντων
649 4711 918 4779 ἀγγέλων,
975 4732 992 4762 ι
1032 4712 1142 4764 Καὶ
1183 4713 1451 4767 καθιείται
1497 4715 1596 4786 μὲν
1644 4717 1738 4768 ἐπὶ

160 4801 349 4870 Θρόνου
398 4802 560 4873 δόξης
606 4802 792 4867 αὐτοῦ,
829 4803 1031 4873 κρίνων
1063 4802 1160 4873 τὴν
1197 4804 1518 4874 οἰκουμένην
1563 4805 1617 4856 ἐν
1662 4805 1741 4857 δι-

161 4893 447 4966 καιοσύνῃ,
464 4893 732 4951 ἀποδώσει
760 4894 816 4947 δὲ
845 4894 1063 4959 πάντως
1088 4894 1303 4963 ἐκάστῳ
1328 4895 1467 4947 κατὰ
1491 4895 1550 4947 τὸ
1579 4894 1740 4965 ἔργον

162 4983 339 5037 αὐτοῦ.
382 5004 402 5034 ι
450 4984 668 5056 Ἐπειδὴ
701 4985 755 5037 δὲ
799 4987 856 5038 ἐν
887 4985 1167 5049 πλείσταις
1211 4987 1374 5057 ἐσμὲν
1420 4987 1736 5058 ἁμαρτίαις,

164 5070 476 5141 προὸαδίξει
538 5075 824 5146 χρησίμως
868 5075 896 5126 ὁ
956 5074 1239 5137 Θεσπέσιος
1285 5080 1604 5148 προφήτης,
1659 5079 1737 5140 είς

164 5158 465 5231 ὀμοψυχίαν
491 5162 641 5230 ἄγων
673 5162 797 5226 τοὺς
824 5164 912 5215 ἐπὶ
941 5165 1037 5231 τῆς
1070 5163 1194 5231 γῆς,
1219 5164 1302 5218 ἵνα
1339 5164 1401 5233 δὴ
1427 5165 1739 5235 σύμπαντες

165 5253 242 5313 εἰς
273 5253 500 5323 ἑνότητα
521 5255 620 5325 τὴν
656 5254 745 5307 διὰ
776 5254 1009 5318 πίστεως
1044 5255 1389 5327 συνηγμένοι,
1422 5257 1638 5310 καὶτῶν
1662 5260 1740 5322 εἰς

167 5344 470 5415 φαυλότητα
504 5347 937 5417 σπουδασμάτων
971 5349 1420 5418 ἀποπαυσάμενοι
1448 5390 1462 5415 ,
1499 5350 1737 5421 πληροῦν

166 5433 364 5489 Homo
388 5436 451 5487 τὸ
479 5436 702 5503 ἀγαθὸν,
738 5438 879 5492 οὕτω
909 5455 967 5492 τε
999 5440 1219 5493 σωθείεν
1246 5445 1740 5512 καταφοιτήσαντος

168 5524 260 5578 τοῦ
296 5527 502 5599 κριτοῦ.
534 5528 746 5592 Φθάσας
780 5530 875 5598 μὲν
922 5526 1015 5583 οὖν
1045 5532 1072 5584 ὁ
1105 5534 1374 5604 μακάριος
1428 5534 1740 5605 Βαπτιστής

239 5638 335 5714 ’⁸-1
376 5642 504 5697 Cor.
548 5642 678 5714 t,_5.
720 5642 940 5714 _"_lsa.
983 5660 1144 5708 xxxv,
1188 5645 1275 5699 10.
1356 5647 1399 5680 ⁸⁷
1431 5647 1560 5702 ibid.
1616 5647 1668 5714 8,
1701 5647 1746 5704 9.

1837 5648 1878 5679 "
1918 5646 2105 5702 Matth.
2149 5661 2274 5713 xxv,
2310 5645 2398 5701 5|.

169 5703 440 5771 17;Rom.
485 5727 544 5774 tt,
586 5712 639 5765 6.
717 5712 756 5741 “
801 5711 927 5766 Luc.
958 5732 995 5776 ι,
1034 5717 1117 5767 Π.

402 5805 671 5865 ΡΑτιιοι..
706 5806 816 5868 Gn.
860 5808 1086 5868 LXXII.

1839 4443 2128 4499 affulsnrus
2155 4452 2255 4510 est,
2298 4443 2388 4512 qui
2429 4441 2682 4495 omnibus
2726 4441 2893 4512 869
2921 4442 3239 4497 mortalibus
3278 4441 3418 4501 aflu-

1837 4547 2017 4592 tnrum
2053 4536 2291 4606 judicem
2338 4535 2683 4603 praenuntia.
2731 4535 3033 4588 Descendet
3070 4533 3215 4585 enim
3253 4533 3417 4600 judex

1840 4631 1893 4684 in
1918 4628 2086 4696 gloria
2114 4628 2207 4682 Dei
2254 4637 2307 4680 et
2350 4624 2548 4691 Patris,
2588 4625 2972 4681 comitantibus
3030 4623 3260 4694 angelis,
3305 4643 3323 4676 ι
3356 4625 3417 4680 Et

1840 4718 2051 4775 setiebit
2087 4718 2137 4772 in
2183 4719 2311 4772 sede
2360 4716 2661 4784 maiestatis
2692 4731 2803 4770 suae
2843 4715 2909 4781 ",
2937 4714 3187 4784 judicans
3231 4715 3419 4769 orbem

1842 4819 2108 4864 terrarum
2159 4809 2209 4861 in
2248 4808 2459 4878 jnstitia
2494 4808 2561 4871 ”,
2591 4819 2645 4861 et
2690 4806 2875 4861 reddet
2926 4807 3082 4876 plane
3129 4804 3420 4873 unicuique

1838 4899 2132 4955 secundum
2168 4913 2330 4967 opera
2383 4912 2479 4954 sua
2507 4898 2570 4951 ”.
2624 4917 2644 4951 ι
2693 4898 2957 4963 Quoniam
3008 4906 3189 4951 autem
3238 4895 3419 4950 multis

1838 4990 2077 5062 peccatis
2122 4989 2367 5044 obstricti
2410 5005 2630 5055 sumus,
2668 4989 2871 5042 utiliter
2907 4987 3159 5056 pra-cedit
3205 4985 3419 5040 divinus

1844 5082 2122 5153 prOpbeta,
2167 5081 2415 5136 homines
2455 5095 2550 5149 per
2575 5090 2746 5134 terras
2779 5080 2830 5132 in
2865 5076 3213 5133 concordiam
3262 5077 3412 5131 redu-

1844 5189 1997 5240 cens,
2043 5182 2104 5227 ut
2142 5188 2330 5228 onmcs
2368 5173 2424 5226 in
2476 5173 2735 5227 unitatem
2782 5170 2905 5225 fidei
2947 5169 3259 5237 congregati
3303 5179 3355 5223 et
3390 5184 3419 5222 a

1847 5279 2225 5333 perversurum
2295 5278 2518 5331 operum
2587 5262 2778 5317 studiis
2840 5261 3204 5331 quiescentes,
3279 5265 3419 5330 quod

1846 5356 2046 5409 bonum
2080 5364 2182 5419 est,
2206 5353 2420 5409 eﬂlcere
2446 5353 2632 5418 velint,
2665 5362 2825 5421 atquc
2856 5354 2924 5404 ita
2962 5351 3212 5405 veniente
3240 5349 3420 5417 judice

1847 5444 2143 5500 salventur.
2173 5444 2330 5497 Prius
2350 5443 2511 5512 igitur
2534 5443 2887 5496 venitbcatus
2912 5440 3150 5509 Baptista
3183 5438 3420 5495 Joannes

1852 5551 1869 5585 ι
1901 5534 1953 5588 in
1987 5534 2177 5604 spiritu
2208 5542 2263 5587 et
2298 5536 2495 5587 virtute
2526 5533 2655 5587 Elia;
2678 5533 2742 5585 ³⁸.
2778 5551 2797 5584 ι
2831 5532 2937 5587 Sed
2968 5532 3421 5602 quemadmodum

2476 5647 2519 5678 "
2558 5646 2702 5704 Psal.
2748 5661 2825 5712 lx,
2865 5645 2916 5700 5.
2998 5646 3042 5678 ⁸ο
3076 5644 3267 5700 Matth.
3311 5657 3428 5710 xvt,

2916 5807 2985 5870 l2
