  <div class='ocr_page' id='page_1' title='image "/cluster/home/n/w/nwhite01/storage/ocr_20150623/72/pst.000005712731/205.png"; bbox 0 0 3934 6318; ppageno 0'>
   <div class='ocr_carea' id='block_1_1' title="bbox 554 311 663 368">
    <p class='ocr_par' dir='ltr' id='par_1_1' title="bbox 554 311 663 368">
     <span class='ocr_line' id='line_1_1' title="bbox 554 311 663 368; baseline 0.009 -1"><span class='ocrx_word' id='word_1_1' title='bbox 554 311 663 368; x_wconf 70' lang='grc'><strong>563</strong></span> 
     </span>
    </p>
   </div>
   <div class='ocr_carea' id='block_1_2' title="bbox 554 421 1111 509">
    <p class='ocr_par' dir='ltr' id='par_1_2' title="bbox 554 421 1111 509">
     <span class='ocr_line' id='line_1_2' title="bbox 554 421 1111 509; baseline -0.016 -17"><span class='ocrx_word' id='word_1_2' title='bbox 554 439 670 509; x_wconf 82' lang='lat' dir='ltr'><strong>ipse</strong></span> <span class='ocrx_word' id='word_1_3' title='bbox 719 421 1050 503; x_wconf 64' lang='lat' dir='ltr'><strong>pradlcaliat</strong></span> <span class='ocrx_word' id='word_1_4' title='bbox 1099 449 1111 483; x_wconf 89' lang='lat'><strong>:</strong></span> 
     </span>
    </p>
   </div>
   <div class='ocr_carea' id='block_1_3' title="bbox 556 522 2132 590">
    <p class='ocr_par' dir='ltr' id='par_1_3' title="bbox 556 522 2132 590">
     <span class='ocr_line' id='line_1_3' title="bbox 556 522 2132 590; baseline -0.002 -6"><span class='ocrx_word' id='word_1_5' title='bbox 556 529 718 584; x_wconf 72' lang='lat' dir='ltr'><strong>facite</strong></span> <span class='ocrx_word' id='word_1_6' title='bbox 756 527 977 580; x_wconf 88' lang='lat' dir='ltr'><strong>semitas</strong></span> <span class='ocrx_word' id='word_1_7' title='bbox 1021 525 1111 578; x_wconf 87' lang='lat' dir='ltr'><strong>Dei</strong></span> <span class='ocrx_word' id='word_1_8' title='bbox 1153 523 1346 579; x_wconf 92' lang='lat' dir='ltr'><strong>nostri.</strong></span> <span class='ocrx_word' id='word_1_9' title='bbox 1373 522 1458 590; x_wconf 82' lang='lat'><strong>&quot;;</strong></span> <span class='ocrx_word' id='word_1_10' title='bbox 1491 545 1510 576; x_wconf 69' lang='grc' dir='ltr'><strong><em>ο</em></strong></span> <span class='ocrx_word' id='word_1_11' title='bbox 1545 525 1615 578; x_wconf 86' lang='lat' dir='ltr'><strong>ita</strong></span> <span class='ocrx_word' id='word_1_12' title='bbox 1654 537 1708 579; x_wconf 91' lang='lat' dir='ltr'><strong>et</strong></span> <span class='ocrx_word' id='word_1_13' title='bbox 1742 526 1954 580; x_wconf 81' lang='lat' dir='ltr'><strong>divinus</strong></span> <span class='ocrx_word' id='word_1_14' title='bbox 1990 523 2132 581; x_wconf 87' lang='lat' dir='ltr'><strong>Elias</strong></span> 
     </span>
    </p>
   </div>
   <div class='ocr_carea' id='block_1_4' title="bbox 554 616 2129 687">
    <p class='ocr_par' dir='ltr' id='par_1_4' title="bbox 554 616 2129 687">
     <span class='ocr_line' id='line_1_4' title="bbox 554 616 2129 687; baseline -0.003 -12"><span class='ocrx_word' id='word_1_15' title='bbox 554 621 789 675; x_wconf 84' lang='lat' dir='ltr'><strong>vicinum</strong></span> <span class='ocrx_word' id='word_1_16' title='bbox 816 617 928 687; x_wconf 87' lang='lat' dir='ltr'><strong>jam</strong></span> <span class='ocrx_word' id='word_1_17' title='bbox 954 626 1077 670; x_wconf 90' lang='lat' dir='ltr'><strong>tunc</strong></span> <span class='ocrx_word' id='word_1_18' title='bbox 1105 616 1440 686; x_wconf 71' lang='lat' dir='ltr'><strong>prmdicabit,</strong></span> <span class='ocrx_word' id='word_1_19' title='bbox 1467 626 1519 671; x_wconf 88' lang='lat' dir='ltr'><strong>et</strong></span> <span class='ocrx_word' id='word_1_20' title='bbox 1543 617 1652 684; x_wconf 88' lang='lat' dir='ltr'><strong>jam</strong></span> <span class='ocrx_word' id='word_1_21' title='bbox 1679 617 1787 686; x_wconf 84' lang='lat' dir='ltr'><strong>jam</strong></span> <span class='ocrx_word' id='word_1_22' title='bbox 1812 616 2129 682; x_wconf 72' lang='lat' dir='ltr'><strong>aﬂ‘uturunt,</strong></span> 
     </span>
    </p>
   </div>
   <div class='ocr_carea' id='block_1_5' title="bbox 555 708 2129 780">
    <p class='ocr_par' dir='ltr' id='par_1_5' title="bbox 555 708 2129 780">
     <span class='ocr_line' id='line_1_5' title="bbox 555 708 2129 780; baseline -0.001 -14"><span class='ocrx_word' id='word_1_23' title='bbox 555 732 577 765; x_wconf 72' lang='grc' dir='ltr'><strong>ι</strong></span> <span class='ocrx_word' id='word_1_24' title='bbox 608 721 666 766; x_wconf 90' lang='lat' dir='ltr'><strong>ut</strong></span> <span class='ocrx_word' id='word_1_25' title='bbox 697 710 902 778; x_wconf 85' lang='lat' dir='ltr'><strong>judieet</strong></span> <span class='ocrx_word' id='word_1_26' title='bbox 938 710 1125 762; x_wconf 90' lang='lat' dir='ltr'><strong>orbem</strong></span> <span class='ocrx_word' id='word_1_27' title='bbox 1163 709 1215 762; x_wconf 94' lang='lat' dir='ltr'><strong>in</strong></span> <span class='ocrx_word' id='word_1_28' title='bbox 1255 708 1486 776; x_wconf 88' lang='lat' dir='ltr'><strong>justitia.</strong></span> <span class='ocrx_word' id='word_1_29' title='bbox 1526 729 1544 762; x_wconf 75' lang='grc' dir='ltr'><strong>ι</strong></span> <span class='ocrx_word' id='word_1_30' title='bbox 1598 711 1673 764; x_wconf 87' lang='lat' dir='ltr'><strong>Ac</strong></span> <span class='ocrx_word' id='word_1_31' title='bbox 1725 727 1867 764; x_wconf 90' lang='lat' dir='ltr'><strong>nunc</strong></span> <span class='ocrx_word' id='word_1_32' title='bbox 1914 711 2129 780; x_wconf 84' lang='lat' dir='ltr'><strong>quidem</strong></span> 
     </span>
    </p>
   </div>
   <div class='ocr_carea' id='block_1_6' title="bbox 551 800 2127 870">
    <p class='ocr_par' dir='ltr' id='par_1_6' title="bbox 551 800 2127 870">
     <span class='ocr_line' id='line_1_6' title="bbox 551 800 2127 870; baseline -0.003 -12"><span class='ocrx_word' id='word_1_33' title='bbox 551 802 784 858; x_wconf 69' lang='lat' dir='ltr'><strong>Iortasse</strong></span> <span class='ocrx_word' id='word_1_34' title='bbox 826 801 1089 854; x_wconf 80' lang='lat' dir='ltr'><strong>dissident</strong></span> <span class='ocrx_word' id='word_1_35' title='bbox 1125 800 1368 869; x_wconf 87' lang='lat' dir='ltr'><strong>quidam,</strong></span> <span class='ocrx_word' id='word_1_36' title='bbox 1405 810 1460 853; x_wconf 89' lang='lat' dir='ltr'><strong>et</strong></span> <span class='ocrx_word' id='word_1_37' title='bbox 1507 801 1712 855; x_wconf 86' lang='lat' dir='ltr'><strong>divisus</strong></span> <span class='ocrx_word' id='word_1_38' title='bbox 1751 811 1834 854; x_wconf 90' lang='lat' dir='ltr'><strong>est</strong></span> <span class='ocrx_word' id='word_1_39' title='bbox 1884 812 2036 870; x_wconf 92' lang='lat' dir='ltr'><strong>pater</strong></span> <span class='ocrx_word' id='word_1_40' title='bbox 2075 801 2127 854; x_wconf 92' lang='lat' dir='ltr'><strong>in</strong></span> 
     </span>
    </p>
   </div>
   <div class='ocr_carea' id='block_1_7' title="bbox 551 889 2126 958">
    <p class='ocr_par' dir='ltr' id='par_1_7' title="bbox 551 889 2126 958">
     <span class='ocr_line' id='line_1_7' title="bbox 551 889 2126 958; baseline -0.003 -9"><span class='ocrx_word' id='word_1_41' title='bbox 551 894 740 956; x_wconf 83' lang='lat' dir='ltr'><strong>ﬁlium,</strong></span> <span class='ocrx_word' id='word_1_42' title='bbox 790 892 931 945; x_wconf 83' lang='lat' dir='ltr'><strong>ﬁlius</strong></span> <span class='ocrx_word' id='word_1_43' title='bbox 971 901 1148 943; x_wconf 90' lang='lat' dir='ltr'><strong>autem</strong></span> <span class='ocrx_word' id='word_1_44' title='bbox 1204 890 1255 943; x_wconf 88' lang='lat' dir='ltr'><strong>in</strong></span> <span class='ocrx_word' id='word_1_45' title='bbox 1303 901 1507 958; x_wconf 87' lang='lat' dir='ltr'><strong>patrem</strong></span> <span class='ocrx_word' id='word_1_46' title='bbox 1541 907 1696 944; x_wconf 88' lang='lat' dir='ltr'><strong>suum</strong></span> <span class='ocrx_word' id='word_1_47' title='bbox 1735 891 1800 944; x_wconf 88' lang='grc'><strong>³³.</strong></span> <span class='ocrx_word' id='word_1_48' title='bbox 1852 889 1952 945; x_wconf 85' lang='lat' dir='ltr'><strong>Hic</strong></span> <span class='ocrx_word' id='word_1_49' title='bbox 1984 891 2126 945; x_wconf 88' lang='lat' dir='ltr'><strong>enim</strong></span> 
     </span>
    </p>
   </div>
   <div class='ocr_carea' id='block_1_8' title="bbox 548 983 2123 1052">
    <p class='ocr_par' dir='ltr' id='par_1_8' title="bbox 548 983 2123 1052">
     <span class='ocr_line' id='line_1_8' title="bbox 548 983 2123 1052; baseline -0.005 -10"><span class='ocrx_word' id='word_1_50' title='bbox 548 987 779 1043; x_wconf 87' lang='lat' dir='ltr'><strong>credidit</strong></span> <span class='ocrx_word' id='word_1_51' title='bbox 823 985 872 1038; x_wconf 90' lang='lat' dir='ltr'><strong>in</strong></span> <span class='ocrx_word' id='word_1_52' title='bbox 917 983 1216 1046; x_wconf 89' lang='lat' dir='ltr'><strong>Christum,</strong></span> <span class='ocrx_word' id='word_1_53' title='bbox 1245 983 1333 1034; x_wconf 89' lang='lat' dir='ltr'><strong>ille</strong></span> <span class='ocrx_word' id='word_1_54' title='bbox 1383 985 1436 1036; x_wconf 90' lang='lat' dir='ltr'><strong>in</strong></span> <span class='ocrx_word' id='word_1_55' title='bbox 1479 983 1740 1052; x_wconf 84' lang='lat' dir='ltr'><strong>apostolis</strong></span> <span class='ocrx_word' id='word_1_56' title='bbox 1775 993 2123 1050; x_wconf 88' lang='lat' dir='ltr'><strong>numeratur;</strong></span> 
     </span>
    </p>
   </div>
   <div class='ocr_carea' id='block_1_9' title="bbox 546 1074 2123 1152">
    <p class='ocr_par' dir='ltr' id='par_1_9' title="bbox 546 1074 2123 1152">
     <span class='ocr_line' id='line_1_9' title="bbox 546 1074 2123 1152; baseline -0.004 -19"><span class='ocrx_word' id='word_1_57' title='bbox 546 1079 635 1133; x_wconf 84' lang='lat' dir='ltr'><strong>alii</strong></span> <span class='ocrx_word' id='word_1_58' title='bbox 663 1077 924 1152; x_wconf 86' lang='lat' dir='ltr'><strong>dissident</strong></span> <span class='ocrx_word' id='word_1_59' title='bbox 948 1074 1212 1128; x_wconf 75' lang='lat' dir='ltr'><strong>charitate</strong></span> <span class='ocrx_word' id='word_1_60' title='bbox 1243 1084 1454 1138; x_wconf 90' lang='lat' dir='ltr'><strong>mutua,</strong></span> <span class='ocrx_word' id='word_1_61' title='bbox 1477 1075 1634 1128; x_wconf 86' lang='lat' dir='ltr'><strong>divisi</strong></span> <span class='ocrx_word' id='word_1_62' title='bbox 1668 1086 1888 1144; x_wconf 86' lang='lat' dir='ltr'><strong>propter</strong></span> <span class='ocrx_word' id='word_1_63' title='bbox 1918 1076 2123 1140; x_wconf 90' lang='lat' dir='ltr'><strong>odium,</strong></span> 
     </span>
    </p>
   </div>
   <div class='ocr_carea' id='block_1_10' title="bbox 545 1167 2126 1241">
    <p class='ocr_par' dir='ltr' id='par_1_10' title="bbox 545 1167 2126 1241">
     <span class='ocr_line' id='line_1_10' title="bbox 545 1167 2126 1241; baseline -0.004 -13"><span class='ocrx_word' id='word_1_64' title='bbox 545 1179 602 1228; x_wconf 90' lang='lat' dir='ltr'><strong>et</strong></span> <span class='ocrx_word' id='word_1_65' title='bbox 629 1179 914 1241; x_wconf 82' lang='lat' dir='ltr'><strong>perpetuas</strong></span> <span class='ocrx_word' id='word_1_66' title='bbox 956 1167 1091 1229; x_wconf 85' lang='lat' dir='ltr'><strong>iras,</strong></span> <span class='ocrx_word' id='word_1_67' title='bbox 1124 1178 1177 1221; x_wconf 88' lang='lat' dir='ltr'><strong>et</strong></span> <span class='ocrx_word' id='word_1_68' title='bbox 1213 1168 1592 1221; x_wconf 80' lang='lat' dir='ltr'><strong>contentiones</strong></span> <span class='ocrx_word' id='word_1_69' title='bbox 1622 1183 1783 1238; x_wconf 88' lang='lat' dir='ltr'><strong>super</strong></span> <span class='ocrx_word' id='word_1_70' title='bbox 1807 1182 2126 1237; x_wconf 84' lang='lat' dir='ltr'><strong>quocunque</strong></span> 
     </span>
    </p>
   </div>
   <div class='ocr_carea' id='block_1_11' title="bbox 547 1259 2121 1328">
    <p class='ocr_par' dir='ltr' id='par_1_11' title="bbox 547 1259 2121 1328">
     <span class='ocr_line' id='line_1_11' title="bbox 547 1259 2121 1328; baseline -0.004 -10"><span class='ocrx_word' id='word_1_71' title='bbox 547 1264 730 1318; x_wconf 84' lang='lat' dir='ltr'><strong>mundi</strong></span> <span class='ocrx_word' id='word_1_72' title='bbox 767 1261 998 1324; x_wconf 69' lang='lat' dir='ltr'><strong>negotio.</strong></span> <span class='ocrx_word' id='word_1_73' title='bbox 1049 1259 1319 1312; x_wconf 78' lang='lat' dir='ltr'><strong>Restituet</strong></span> <span class='ocrx_word' id='word_1_74' title='bbox 1364 1268 1542 1312; x_wconf 88' lang='lat' dir='ltr'><strong>autem</strong></span> <span class='ocrx_word' id='word_1_75' title='bbox 1577 1262 1860 1328; x_wconf 84' lang='lat' dir='ltr'><strong>propheta,</strong></span> <span class='ocrx_word' id='word_1_76' title='bbox 1903 1269 1955 1314; x_wconf 88' lang='lat' dir='ltr'><strong>et</strong></span> <span class='ocrx_word' id='word_1_77' title='bbox 1993 1260 2121 1314; x_wconf 90' lang='lat' dir='ltr'><strong>olim</strong></span> 
     </span>
    </p>
   </div>
   <div class='ocr_carea' id='block_1_12' title="bbox 545 1349 2125 1422">
    <p class='ocr_par' dir='ltr' id='par_1_12' title="bbox 545 1349 2125 1422">
     <span class='ocr_line' id='line_1_12' title="bbox 545 1349 2125 1422; baseline -0.006 -11"><span class='ocrx_word' id='word_1_78' title='bbox 545 1356 920 1422; x_wconf 83' lang='lat' dir='ltr'><strong>discrepantes</strong></span> <span class='ocrx_word' id='word_1_79' title='bbox 946 1353 1012 1405; x_wconf 90' lang='lat' dir='ltr'><strong>ad</strong></span> <span class='ocrx_word' id='word_1_80' title='bbox 1045 1366 1204 1404; x_wconf 87' lang='lat' dir='ltr'><strong>ttnam</strong></span> <span class='ocrx_word' id='word_1_81' title='bbox 1235 1349 1393 1403; x_wconf 81' lang='lat' dir='ltr'><strong>ﬁdem</strong></span> <span class='ocrx_word' id='word_1_82' title='bbox 1423 1364 1682 1404; x_wconf 74' lang='lat' dir='ltr'><strong>revocans</strong></span> <span class='ocrx_word' id='word_1_83' title='bbox 1703 1389 1717 1414; x_wconf 93' lang='lat'><strong>,</strong></span> <span class='ocrx_word' id='word_1_84' title='bbox 1767 1367 1784 1400; x_wconf 76' lang='grc' dir='ltr'><strong>ι</strong></span> <span class='ocrx_word' id='word_1_85' title='bbox 1822 1360 1874 1402; x_wconf 90' lang='lat' dir='ltr'><strong>et</strong></span> <span class='ocrx_word' id='word_1_86' title='bbox 1904 1365 2125 1403; x_wconf 87' lang='lat' dir='ltr'><strong>convcr-</strong></span> 
     </span>
    </p>
   </div>
   <div class='ocr_carea' id='block_1_13' title="bbox 546 1439 2120 1511">
    <p class='ocr_par' dir='ltr' id='par_1_13' title="bbox 546 1439 2120 1511">
     <span class='ocr_line' id='line_1_13' title="bbox 546 1439 2120 1511; baseline -0.007 -9"><span class='ocrx_word' id='word_1_87' title='bbox 546 1458 665 1503; x_wconf 87' lang='lat' dir='ltr'><strong>tens</strong></span> <span class='ocrx_word' id='word_1_88' title='bbox 711 1443 980 1500; x_wconf 84' lang='lat' dir='ltr'><strong>hominem</strong></span> <span class='ocrx_word' id='word_1_89' title='bbox 1037 1442 1103 1495; x_wconf 90' lang='lat' dir='ltr'><strong>ad</strong></span> <span class='ocrx_word' id='word_1_90' title='bbox 1167 1443 1474 1511; x_wconf 81' lang='lat' dir='ltr'><strong>proximum</strong></span> <span class='ocrx_word' id='word_1_91' title='bbox 1529 1455 1708 1504; x_wconf 91' lang='lat' dir='ltr'><strong>suum,</strong></span> <span class='ocrx_word' id='word_1_92' title='bbox 1764 1453 1831 1492; x_wconf 91' lang='lat' dir='ltr'><strong>ne</strong></span> <span class='ocrx_word' id='word_1_93' title='bbox 1886 1439 2120 1504; x_wconf 83' lang='lat' dir='ltr'><strong>veniam,</strong></span> 
     </span>
    </p>
   </div>
   <div class='ocr_carea' id='block_1_14' title="bbox 544 1532 2119 1609">
    <p class='ocr_par' dir='ltr' id='par_1_14' title="bbox 544 1532 2119 1609">
     <span class='ocr_line' id='line_1_14' title="bbox 544 1532 2119 1609; baseline -0.006 -15"><span class='ocrx_word' id='word_1_94' title='bbox 544 1539 738 1609; x_wconf 84' lang='lat' dir='ltr'><strong>inquit,</strong></span> <span class='ocrx_word' id='word_1_95' title='bbox 762 1546 818 1590; x_wconf 90' lang='lat' dir='ltr'><strong>et</strong></span> <span class='ocrx_word' id='word_1_96' title='bbox 848 1536 1144 1604; x_wconf 80' lang='lat' dir='ltr'><strong>percutiam</strong></span> <span class='ocrx_word' id='word_1_97' title='bbox 1181 1544 1378 1586; x_wconf 88' lang='lat' dir='ltr'><strong>terram</strong></span> <span class='ocrx_word' id='word_1_98' title='bbox 1405 1532 1644 1601; x_wconf 79' lang='lat' dir='ltr'><strong>penitus,</strong></span> <span class='ocrx_word' id='word_1_99' title='bbox 1667 1551 1686 1584; x_wconf 73' lang='grc' dir='ltr'><strong>ι</strong></span> <span class='ocrx_word' id='word_1_100' title='bbox 1714 1533 1814 1585; x_wconf 86' lang='lat' dir='ltr'><strong>hoc</strong></span> <span class='ocrx_word' id='word_1_101' title='bbox 1843 1542 1946 1595; x_wconf 87' lang='lat' dir='ltr'><strong>est,</strong></span> <span class='ocrx_word' id='word_1_102' title='bbox 1973 1532 2119 1585; x_wconf 87' lang='lat' dir='ltr'><strong>omni</strong></span> 
     </span>
    </p>
   </div>
   <div class='ocr_carea' id='block_1_15' title="bbox 542 1624 2117 1694">
    <p class='ocr_par' dir='ltr' id='par_1_15' title="bbox 542 1624 2117 1694">
     <span class='ocr_line' id='line_1_15' title="bbox 542 1624 2117 1694; baseline -0.005 -9"><span class='ocrx_word' id='word_1_103' title='bbox 542 1632 752 1688; x_wconf 76' lang='lat' dir='ltr'><strong>ratione</strong></span> <span class='ocrx_word' id='word_1_104' title='bbox 793 1637 846 1681; x_wconf 88' lang='lat' dir='ltr'><strong>et</strong></span> <span class='ocrx_word' id='word_1_105' title='bbox 886 1625 1229 1680; x_wconf 84' lang='lat' dir='ltr'><strong>omnimodis.</strong></span> <span class='ocrx_word' id='word_1_106' title='bbox 1273 1624 1429 1678; x_wconf 84' lang='lat' dir='ltr'><strong>Vides</strong></span> <span class='ocrx_word' id='word_1_107' title='bbox 1475 1624 1636 1694; x_wconf 79' lang='lat' dir='ltr'><strong>igitur</strong></span> <span class='ocrx_word' id='word_1_108' title='bbox 1686 1625 1958 1678; x_wconf 82' lang='lat' dir='ltr'><strong>leuitatem</strong></span> <span class='ocrx_word' id='word_1_109' title='bbox 2011 1624 2117 1677; x_wconf 89' lang='lat' dir='ltr'><strong>Do-</strong></span> 
     </span>
    </p>
   </div>
   <div class='ocr_carea' id='block_1_16' title="bbox 543 1715 2119 1783">
    <p class='ocr_par' dir='ltr' id='par_1_16' title="bbox 543 1715 2119 1783">
     <span class='ocr_line' id='line_1_16' title="bbox 543 1715 2119 1783; baseline -0.005 -7"><span class='ocrx_word' id='word_1_110' title='bbox 543 1723 673 1776; x_wconf 85' lang='lat' dir='ltr'><strong>mini</strong></span> <span class='ocrx_word' id='word_1_111' title='bbox 703 1720 969 1776; x_wconf 90' lang='lat' dir='ltr'><strong>omnium.</strong></span> <span class='ocrx_word' id='word_1_112' title='bbox 999 1716 1161 1771; x_wconf 91' lang='lat' dir='ltr'><strong>Prius</strong></span> <span class='ocrx_word' id='word_1_113' title='bbox 1190 1725 1383 1770; x_wconf 92' lang='lat' dir='ltr'><strong>auctor</strong></span> <span class='ocrx_word' id='word_1_114' title='bbox 1417 1725 1499 1769; x_wconf 89' lang='lat' dir='ltr'><strong>est</strong></span> <span class='ocrx_word' id='word_1_115' title='bbox 1531 1715 1868 1777; x_wconf 83' lang='lat' dir='ltr'><strong>mortalibus.</strong></span> <span class='ocrx_word' id='word_1_116' title='bbox 1912 1722 1966 1768; x_wconf 89' lang='lat' dir='ltr'><strong>et</strong></span> <span class='ocrx_word' id='word_1_117' title='bbox 1996 1730 2119 1783; x_wconf 93' lang='lat' dir='ltr'><strong>pro-</strong></span> 
     </span>
    </p>
   </div>
   <div class='ocr_carea' id='block_1_17' title="bbox 1539 311 2771 371">
    <p class='ocr_par' dir='ltr' id='par_1_17' title="bbox 1539 311 2771 371">
     <span class='ocr_line' id='line_1_17' title="bbox 1539 311 2771 371; baseline 0.002 -2"><span class='ocrx_word' id='word_1_118' title='bbox 1539 313 1597 369; x_wconf 77' lang='grc'>8.</span> <span class='ocrx_word' id='word_1_119' title='bbox 1639 312 1910 370; x_wconf 73' lang='lat' dir='ltr'><strong>CYRILLI</strong></span> <span class='ocrx_word' id='word_1_120' title='bbox 1949 311 2415 370; x_wconf 73' lang='lat' dir='ltr'><strong>ALEXANDBINI</strong></span> <span class='ocrx_word' id='word_1_121' title='bbox 2454 315 2771 371; x_wconf 75' lang='lat' dir='ltr'><strong>ARCHIEP.</strong></span> 
     </span>
    </p>
   </div>
   <div class='ocr_carea' id='block_1_18' title="bbox 1165 428 2101 503">
    <p class='ocr_par' dir='ltr' id='par_1_18' title="bbox 1165 428 2101 498">
     <span class='ocr_line' id='line_1_18' title="bbox 1165 428 2101 498; baseline 0.004 -19"><span class='ocrx_word' id='word_1_122' title='bbox 1165 447 1182 479; x_wconf 75' lang='grc' dir='ltr'><strong>ι</strong></span> <span class='ocrx_word' id='word_1_123' title='bbox 1220 428 1414 486; x_wconf 77' lang='lat' dir='ltr'><strong>Par-ate</strong></span> <span class='ocrx_word' id='word_1_124' title='bbox 1467 431 1605 486; x_wconf 87' lang='lat' dir='ltr'><strong>viam</strong></span> <span class='ocrx_word' id='word_1_125' title='bbox 1660 430 1898 498; x_wconf 88' lang='lat' dir='ltr'><strong>Domini,</strong></span> <span class='ocrx_word' id='word_1_126' title='bbox 1958 443 2101 486; x_wconf 82' lang='lat' dir='ltr'><strong>recta</strong></span> 
     </span>
    </p>
   </div>
   <div class='ocr_carea' id='block_1_19' title="bbox 2210 428 3808 503">
    <p class='ocr_par' dir='ltr' id='par_1_19' title="bbox 2247 429 3808 503">
     <span class='ocr_line' id='line_1_19' title="bbox 2247 429 3808 503; baseline 0.002 -19"><span class='ocrx_word' id='word_1_127' title='bbox 2247 430 2503 502; x_wconf 83' lang='grc' dir='ltr'><strong>Ἰωάννης</strong></span> <span class='ocrx_word' id='word_1_128' title='bbox 2564 431 2832 503; x_wconf 81' lang='grc' dir='ltr'><strong>προῆλθεν</strong></span> <span class='ocrx_word' id='word_1_129' title='bbox 2911 449 2930 484; x_wconf 82' lang='grc' dir='ltr'><strong>ι</strong></span> <span class='ocrx_word' id='word_1_130' title='bbox 2975 432 3033 485; x_wconf 73' lang='grc' dir='ltr'><strong>ὲν</strong></span> <span class='ocrx_word' id='word_1_131' title='bbox 3063 429 3354 501; x_wconf 50' lang='grc' dir='ltr'>,πνεύματι</span> <span class='ocrx_word' id='word_1_132' title='bbox 3393 429 3512 484; x_wconf 78' lang='grc' dir='ltr'>-καὶ</span> <span class='ocrx_word' id='word_1_133' title='bbox 3578 431 3808 502; x_wconf 75' lang='grc' dir='ltr'><strong>δυνάμει</strong></span> 
     </span>
    </p>
   </div>
   <div class='ocr_carea' id='block_1_20' title="bbox 3706 317 3810 373">
    <p class='ocr_par' dir='ltr' id='par_1_20' title="bbox 3706 317 3810 373">
     <span class='ocr_line' id='line_1_20' title="bbox 3706 317 3810 373; baseline 0.029 -3"><span class='ocrx_word' id='word_1_134' title='bbox 3706 317 3810 373; x_wconf 70' lang='grc'><strong>364</strong></span> 
     </span>
    </p>
   </div>
   <div class='ocr_carea' id='block_1_21' title="bbox 2247 523 3805 595">
    <p class='ocr_par' dir='ltr' id='par_1_21' title="bbox 2247 523 3805 595">
     <span class='ocr_line' id='line_1_21' title="bbox 2247 523 3805 595; baseline 0.001 -19"><span class='ocrx_word' id='word_1_135' title='bbox 2247 524 2445 578; x_wconf 82' lang='grc' dir='ltr'>Ἠλίου.</span> <span class='ocrx_word' id='word_1_136' title='bbox 2481 543 2499 576; x_wconf 75' lang='grc' dir='ltr'><strong>ι</strong></span> <span class='ocrx_word' id='word_1_137' title='bbox 2561 525 2699 577; x_wconf 81' lang='grc' dir='ltr'>Ἀλλ’</span> <span class='ocrx_word' id='word_1_138' title='bbox 2751 525 2937 595; x_wconf 83' lang='grc' dir='ltr'>ὥσπερ</span> <span class='ocrx_word' id='word_1_139' title='bbox 3002 524 3162 588; x_wconf 80' lang='grc' dir='ltr'>αὐτὸς</span> <span class='ocrx_word' id='word_1_140' title='bbox 3219 523 3534 594; x_wconf 78' lang='grc' dir='ltr'><strong>διεκήρυττε</strong></span> <span class='ocrx_word' id='word_1_141' title='bbox 3598 523 3805 593; x_wconf 80' lang='grc' dir='ltr'>λέγων·</span> 
     </span>
    </p>
   </div>
   <div class='ocr_carea' id='block_1_22' title="bbox 2239 613 3808 684">
    <p class='ocr_par' dir='ltr' id='par_1_22' title="bbox 2239 613 3808 684">
     <span class='ocr_line' id='line_1_22' title="bbox 2239 613 3808 684; baseline 0.003 -20"><span class='ocrx_word' id='word_1_142' title='bbox 2239 631 2255 663; x_wconf 80' lang='grc' dir='ltr'><strong>ι</strong></span> <span class='ocrx_word' id='word_1_143' title='bbox 2280 613 2637 684; x_wconf 81' lang='grc' dir='ltr'><strong>Ἑτοιμάσατε</strong></span> <span class='ocrx_word' id='word_1_144' title='bbox 2663 615 2760 684; x_wconf 79' lang='grc' dir='ltr'>τὴν</span> <span class='ocrx_word' id='word_1_145' title='bbox 2789 615 2904 666; x_wconf 80' lang='grc' dir='ltr'>ὁδὸν</span> <span class='ocrx_word' id='word_1_146' title='bbox 2945 614 3174 684; x_wconf 79' lang='grc' dir='ltr'><strong>Κυρίου,</strong></span> <span class='ocrx_word' id='word_1_147' title='bbox 3203 613 3416 676; x_wconf 76' lang='grc' dir='ltr'>εὐθείας</span> <span class='ocrx_word' id='word_1_148' title='bbox 3463 617 3670 667; x_wconf 76' lang='grc' dir='ltr'><strong>ποιεῖτε</strong></span> <span class='ocrx_word' id='word_1_149' title='bbox 3708 615 3808 677; x_wconf 75' lang='grc' dir='ltr'><strong>τὰς</strong></span> 
     </span>
    </p>
   </div>
   <div class='ocr_carea' id='block_1_23' title="bbox 2231 702 3806 775">
    <p class='ocr_par' dir='ltr' id='par_1_23' title="bbox 2231 702 3806 775">
     <span class='ocr_line' id='line_1_23' title="bbox 2231 702 3806 775; baseline 0.001 -18"><span class='ocrx_word' id='word_1_150' title='bbox 2231 704 2450 774; x_wconf 75' lang='grc' dir='ltr'>τρίϐους</span> <span class='ocrx_word' id='word_1_151' title='bbox 2491 703 2585 756; x_wconf 82' lang='grc' dir='ltr'>τοῦ</span> <span class='ocrx_word' id='word_1_152' title='bbox 2635 704 2769 757; x_wconf 79' lang='grc' dir='ltr'><strong>Θεσῦ</strong></span> <span class='ocrx_word' id='word_1_153' title='bbox 2821 704 3010 775; x_wconf 80' lang='grc' dir='ltr'><strong>ἡμῶν⁹</strong></span> <span class='ocrx_word' id='word_1_154' title='bbox 3043 723 3060 756; x_wconf 74' lang='grc' dir='ltr'><strong>ι</strong></span> <span class='ocrx_word' id='word_1_155' title='bbox 3115 702 3257 756; x_wconf 74' lang='grc' dir='ltr'>οὕτω</span> <span class='ocrx_word' id='word_1_156' title='bbox 3297 704 3390 758; x_wconf 73' lang='grc' dir='ltr'><strong>καὶ</strong></span> <span class='ocrx_word' id='word_1_157' title='bbox 3440 706 3468 757; x_wconf 99' lang='lat'><strong>6</strong></span> <span class='ocrx_word' id='word_1_158' title='bbox 3518 705 3806 769; x_wconf 73' lang='grc' dir='ltr'><strong>θεσπέσιος</strong></span> 
     </span>
    </p>
   </div>
   <div class='ocr_carea' id='block_1_24' title="bbox 2243 794 3804 865">
    <p class='ocr_par' dir='ltr' id='par_1_24' title="bbox 2243 794 3804 865">
     <span class='ocr_line' id='line_1_24' title="bbox 2243 794 3804 865; baseline 0.001 -17"><span class='ocrx_word' id='word_1_159' title='bbox 2243 797 2427 859; x_wconf 82' lang='grc' dir='ltr'>Ἠλίας</span> <span class='ocrx_word' id='word_1_160' title='bbox 2455 797 2620 864; x_wconf 78' lang='grc' dir='ltr'>ἐγγὺς</span> <span class='ocrx_word' id='word_1_161' title='bbox 2659 796 2785 848; x_wconf 73' lang='grc' dir='ltr'>ὅντα</span> <span class='ocrx_word' id='word_1_162' title='bbox 2811 794 3124 865; x_wconf 71' lang='grc' dir='ltr'>διακηρύξει</span> <span class='ocrx_word' id='word_1_163' title='bbox 3151 795 3290 858; x_wconf 88' lang='grc' dir='ltr'>τότε,</span> <span class='ocrx_word' id='word_1_164' title='bbox 3327 797 3418 847; x_wconf 77' lang='grc' dir='ltr'><strong>καὶ</strong></span> <span class='ocrx_word' id='word_1_165' title='bbox 3442 797 3564 848; x_wconf 82' lang='grc' dir='ltr'>ὅσον</span> <span class='ocrx_word' id='word_1_166' title='bbox 3590 796 3804 850; x_wconf 73' lang='grc' dir='ltr'>οὐδέπω</span> 
     </span>
    </p>
   </div>
   <div class='ocr_carea' id='block_1_25' title="bbox 2231 887 3800 960">
    <p class='ocr_par' dir='ltr' id='par_1_25' title="bbox 2231 887 3800 960">
     <span class='ocr_line' id='line_1_25' title="bbox 2231 887 3800 960; baseline 0.001 -20"><span class='ocrx_word' id='word_1_167' title='bbox 2231 891 2624 959; x_wconf 77' lang='grc' dir='ltr'><strong>παρεσόμενον,</strong></span> <span class='ocrx_word' id='word_1_168' title='bbox 2671 907 2689 939; x_wconf 80' lang='grc' dir='ltr'><strong>ι</strong></span> <span class='ocrx_word' id='word_1_169' title='bbox 2732 889 2819 940; x_wconf 86' lang='grc' dir='ltr'>ἵνα</span> <span class='ocrx_word' id='word_1_170' title='bbox 2849 889 3007 960; x_wconf 83' lang='grc' dir='ltr'>κρίνῃ</span> <span class='ocrx_word' id='word_1_171' title='bbox 3036 887 3132 956; x_wconf 79' lang='grc' dir='ltr'>τὴν</span> <span class='ocrx_word' id='word_1_172' title='bbox 3155 889 3479 957; x_wconf 74' lang='grc' dir='ltr'><strong>οἰκουμένην</strong></span> <span class='ocrx_word' id='word_1_173' title='bbox 3506 889 3565 938; x_wconf 80' lang='grc' dir='ltr'>ὲν</span> <span class='ocrx_word' id='word_1_174' title='bbox 3595 888 3800 942; x_wconf 79' lang='grc' dir='ltr'>δικαιο-</span> 
     </span>
    </p>
   </div>
   <div class='ocr_carea' id='block_1_26' title="bbox 2230 977 3801 1052">
    <p class='ocr_par' dir='ltr' id='par_1_26' title="bbox 2230 977 3801 1052">
     <span class='ocr_line' id='line_1_26' title="bbox 2230 977 3801 1052; baseline 0.001 -22"><span class='ocrx_word' id='word_1_175' title='bbox 2230 978 2383 1052; x_wconf 79' lang='grc' dir='ltr'>σύνῃ.</span> <span class='ocrx_word' id='word_1_176' title='bbox 2419 998 2436 1030; x_wconf 71' lang='grc' dir='ltr'><strong>ι</strong></span> <span class='ocrx_word' id='word_1_177' title='bbox 2483 980 2590 1030; x_wconf 68' lang='grc' dir='ltr'><strong>Καὶ</strong></span> <span class='ocrx_word' id='word_1_178' title='bbox 2625 980 2718 1030; x_wconf 73' lang='grc' dir='ltr'>νῦν</span> <span class='ocrx_word' id='word_1_179' title='bbox 2763 979 2860 1048; x_wconf 83' lang='grc' dir='ltr'><strong>μὲν</strong></span> <span class='ocrx_word' id='word_1_180' title='bbox 2893 977 3022 1041; x_wconf 74' lang='grc' dir='ltr'>ἴσως</span> <span class='ocrx_word' id='word_1_181' title='bbox 3058 979 3352 1047; x_wconf 77' lang='grc' dir='ltr'>διχονοοῦσί</span> <span class='ocrx_word' id='word_1_182' title='bbox 3375 996 3540 1042; x_wconf 88' lang='grc' dir='ltr'>τινες,</span> <span class='ocrx_word' id='word_1_183' title='bbox 3578 980 3675 1032; x_wconf 69' lang='grc' dir='ltr'><strong>καὶ</strong></span> <span class='ocrx_word' id='word_1_184' title='bbox 3708 996 3801 1049; x_wconf 79' lang='grc' dir='ltr'>με·</span> 
     </span>
    </p>
   </div>
   <div class='ocr_carea' id='block_1_27' title="bbox 2231 1070 3800 1141">
    <p class='ocr_par' dir='ltr' id='par_1_27' title="bbox 2231 1070 3800 1141">
     <span class='ocr_line' id='line_1_27' title="bbox 2231 1070 3800 1141; baseline 0.001 -19"><span class='ocrx_word' id='word_1_185' title='bbox 2231 1071 2483 1140; x_wconf 84' lang='grc' dir='ltr'>μέρισται</span> <span class='ocrx_word' id='word_1_186' title='bbox 2522 1070 2618 1139; x_wconf 82' lang='grc' dir='ltr'><strong>μὲν</strong></span> <span class='ocrx_word' id='word_1_187' title='bbox 2659 1070 2839 1140; x_wconf 79' lang='grc' dir='ltr'>πατὴρ</span> <span class='ocrx_word' id='word_1_188' title='bbox 2865 1070 3000 1139; x_wconf 77' lang='grc' dir='ltr'>πρὸς</span> <span class='ocrx_word' id='word_1_189' title='bbox 3033 1071 3165 1134; x_wconf 77' lang='grc' dir='ltr'>υἱὸν,</span> <span class='ocrx_word' id='word_1_190' title='bbox 3195 1071 3306 1132; x_wconf 83' lang='grc' dir='ltr'>υίὸς</span> <span class='ocrx_word' id='word_1_191' title='bbox 3330 1071 3385 1123; x_wconf 82' lang='grc' dir='ltr'>δὲ</span> <span class='ocrx_word' id='word_1_192' title='bbox 3417 1072 3492 1134; x_wconf 83' lang='grc' dir='ltr'>ὡς</span> <span class='ocrx_word' id='word_1_193' title='bbox 3529 1072 3667 1141; x_wconf 75' lang='grc' dir='ltr'>πρὸς</span> <span class='ocrx_word' id='word_1_194' title='bbox 3698 1089 3800 1124; x_wconf 83' lang='grc' dir='ltr'>πα-</span> 
     </span>
    </p>
   </div>
   <div class='ocr_carea' id='block_1_28' title="bbox 2225 1161 3797 1233">
    <p class='ocr_par' dir='ltr' id='par_1_28' title="bbox 2225 1161 3797 1233">
     <span class='ocr_line' id='line_1_28' title="bbox 2225 1161 3797 1233; baseline 0.001 -18"><span class='ocrx_word' id='word_1_195' title='bbox 2225 1164 2378 1233; x_wconf 84' lang='grc' dir='ltr'>τέρα.</span> <span class='ocrx_word' id='word_1_196' title='bbox 2412 1163 2467 1215; x_wconf 82' lang='grc' dir='ltr'><strong>Ὀ</strong></span> <span class='ocrx_word' id='word_1_197' title='bbox 2493 1161 2589 1232; x_wconf 84' lang='grc' dir='ltr'>μὲν</span> <span class='ocrx_word' id='word_1_198' title='bbox 2621 1162 2730 1231; x_wconf 77' lang='grc' dir='ltr'><strong>γὰρ</strong></span> <span class='ocrx_word' id='word_1_199' title='bbox 2770 1163 3134 1215; x_wconf 74' lang='grc' dir='ltr'>πεπίστευκεν</span> <span class='ocrx_word' id='word_1_200' title='bbox 3162 1163 3240 1224; x_wconf 86' lang='grc' dir='ltr'><strong>είς</strong></span> <span class='ocrx_word' id='word_1_201' title='bbox 3266 1163 3520 1232; x_wconf 76' lang='grc' dir='ltr'>Χριστὸν,</span> <span class='ocrx_word' id='word_1_202' title='bbox 3540 1167 3568 1216; x_wconf 93' lang='lat'><strong>6</strong></span> <span class='ocrx_word' id='word_1_203' title='bbox 3597 1164 3655 1216; x_wconf 82' lang='grc' dir='ltr'>δὲ</span> <span class='ocrx_word' id='word_1_204' title='bbox 3687 1167 3797 1226; x_wconf 77' lang='grc' dir='ltr'>τοῖς</span> 
     </span>
    </p>
   </div>
   <div class='ocr_carea' id='block_1_29' title="bbox 2224 1253 3795 1324">
    <p class='ocr_par' dir='ltr' id='par_1_29' title="bbox 2224 1253 3795 1324">
     <span class='ocr_line' id='line_1_29' title="bbox 2224 1253 3795 1324; baseline 0.001 -18"><span class='ocrx_word' id='word_1_205' title='bbox 2224 1254 2538 1316; x_wconf 84' lang='grc' dir='ltr'>ἀποστόλοις</span> <span class='ocrx_word' id='word_1_206' title='bbox 2592 1255 2736 1306; x_wconf 81' lang='grc' dir='ltr'>ἐστὶν</span> <span class='ocrx_word' id='word_1_207' title='bbox 2777 1253 3119 1324; x_wconf 77' lang='grc' dir='ltr'>ἐναρίθμιος,</span> <span class='ocrx_word' id='word_1_208' title='bbox 3168 1255 3343 1323; x_wconf 72' lang='grc' dir='ltr'>ἕτεροι</span> <span class='ocrx_word' id='word_1_209' title='bbox 3384 1254 3439 1307; x_wconf 84' lang='grc' dir='ltr'>δὲ</span> <span class='ocrx_word' id='word_1_210' title='bbox 3481 1255 3795 1324; x_wconf 71' lang='grc' dir='ltr'>διεστήκασι</span> 
     </span>
    </p>
   </div>
   <div class='ocr_carea' id='block_1_30' title="bbox 2221 1343 3796 1416">
    <p class='ocr_par' dir='ltr' id='par_1_30' title="bbox 2221 1343 3796 1416">
     <span class='ocr_line' id='line_1_30' title="bbox 2221 1343 3796 1416; baseline -0.001 -20"><span class='ocrx_word' id='word_1_211' title='bbox 2221 1345 2320 1414; x_wconf 78' lang='grc' dir='ltr'><strong>τῆς</strong></span> <span class='ocrx_word' id='word_1_212' title='bbox 2350 1343 2593 1414; x_wconf 84' lang='grc' dir='ltr'>ἀλλήλων</span> <span class='ocrx_word' id='word_1_213' title='bbox 2624 1345 2863 1411; x_wconf 80' lang='grc' dir='ltr'>ἀγάπης,</span> <span class='ocrx_word' id='word_1_214' title='bbox 2912 1345 3275 1414; x_wconf 78' lang='grc' dir='ltr'>διεσχισμένοι</span> <span class='ocrx_word' id='word_1_215' title='bbox 3304 1345 3436 1416; x_wconf 72' lang='grc' dir='ltr'>πρὸς</span> <span class='ocrx_word' id='word_1_216' title='bbox 3469 1344 3672 1415; x_wconf 79' lang='grc' dir='ltr'>ἔχθραν</span> <span class='ocrx_word' id='word_1_217' title='bbox 3702 1345 3796 1398; x_wconf 67' lang='grc' dir='ltr'><strong>καὶ</strong></span> 
     </span>
    </p>
   </div>
   <div class='ocr_carea' id='block_1_31' title="bbox 2221 1432 3798 1505">
    <p class='ocr_par' dir='ltr' id='par_1_31' title="bbox 2221 1432 3798 1505">
     <span class='ocr_line' id='line_1_31' title="bbox 2221 1432 3798 1505; baseline -0.003 -17"><span class='ocrx_word' id='word_1_218' title='bbox 2221 1434 2629 1505; x_wconf 83' lang='grc' dir='ltr'>ἀκαταλήκτους</span> <span class='ocrx_word' id='word_1_219' title='bbox 2677 1434 2844 1505; x_wconf 80' lang='grc' dir='ltr'>ὀργάς</span> <span class='ocrx_word' id='word_1_220' title='bbox 2897 1435 2989 1488; x_wconf 84' lang='grc' dir='ltr'>καί</span> <span class='ocrx_word' id='word_1_221' title='bbox 3054 1437 3151 1496; x_wconf 76' lang='grc' dir='ltr'><strong>τὰς</strong></span> <span class='ocrx_word' id='word_1_222' title='bbox 3204 1434 3289 1502; x_wconf 75' lang='grc' dir='ltr'><strong>ἐφ’</strong></span> <span class='ocrx_word' id='word_1_223' title='bbox 3334 1432 3536 1504; x_wconf 82' lang='grc' dir='ltr'>ὁτῳοῦν</span> <span class='ocrx_word' id='word_1_224' title='bbox 3583 1434 3695 1486; x_wconf 86' lang='grc' dir='ltr'><strong>τῶν</strong></span> <span class='ocrx_word' id='word_1_225' title='bbox 3740 1435 3798 1486; x_wconf 83' lang='grc' dir='ltr'>ὲν</span> 
     </span>
    </p>
   </div>
   <div class='ocr_carea' id='block_1_32' title="bbox 2222 1522 3795 1596">
    <p class='ocr_par' dir='ltr' id='par_1_32' title="bbox 2222 1522 3795 1596">
     <span class='ocr_line' id='line_1_32' title="bbox 2222 1522 3795 1596; baseline 0.001 -20"><span class='ocrx_word' id='word_1_226' title='bbox 2222 1523 2412 1593; x_wconf 84' lang='grc' dir='ltr'>κόσμῳ</span> <span class='ocrx_word' id='word_1_227' title='bbox 2454 1524 2794 1593; x_wconf 80' lang='grc' dir='ltr'>πραγμάτων</span> <span class='ocrx_word' id='word_1_228' title='bbox 2828 1522 3175 1593; x_wconf 80' lang='grc' dir='ltr'>φιλονεικίας.</span> <span class='ocrx_word' id='word_1_229' title='bbox 3219 1525 3690 1596; x_wconf 85' lang='grc' dir='ltr'>Ἀποκαταστήσει</span> <span class='ocrx_word' id='word_1_230' title='bbox 3732 1542 3795 1594; x_wconf 79' lang='grc' dir='ltr'><strong>γε</strong></span> 
     </span>
    </p>
   </div>
   <div class='ocr_carea' id='block_1_33' title="bbox 2225 1615 3795 1688">
    <p class='ocr_par' dir='ltr' id='par_1_33' title="bbox 2225 1615 3795 1688">
     <span class='ocr_line' id='line_1_33' title="bbox 2225 1615 3795 1688; baseline -0.001 -19"><span class='ocrx_word' id='word_1_231' title='bbox 2225 1619 2329 1688; x_wconf 75' lang='grc' dir='ltr'>μὴν</span> <span class='ocrx_word' id='word_1_232' title='bbox 2351 1619 2378 1670; x_wconf 89' lang='grc' dir='ltr'><strong>ὀ</strong></span> <span class='ocrx_word' id='word_1_233' title='bbox 2399 1617 2683 1686; x_wconf 78' lang='grc' dir='ltr'>προφήτης</span> <span class='ocrx_word' id='word_1_234' title='bbox 2704 1657 2718 1682; x_wconf 95' lang='grc'><strong>,</strong></span> <span class='ocrx_word' id='word_1_235' title='bbox 2746 1617 2840 1668; x_wconf 71' lang='grc' dir='ltr'><strong>καὶ</strong></span> <span class='ocrx_word' id='word_1_236' title='bbox 2871 1618 2950 1678; x_wconf 88' lang='grc' dir='ltr'><strong>είς</strong></span> <span class='ocrx_word' id='word_1_237' title='bbox 2985 1615 3113 1686; x_wconf 90' lang='grc' dir='ltr'>μίαν</span> <span class='ocrx_word' id='word_1_238' title='bbox 3136 1616 3386 1684; x_wconf 83' lang='grc' dir='ltr'>συνάγων</span> <span class='ocrx_word' id='word_1_239' title='bbox 3419 1616 3600 1668; x_wconf 87' lang='grc' dir='ltr'>πίστιν</span> <span class='ocrx_word' id='word_1_240' title='bbox 3625 1617 3795 1670; x_wconf 84' lang='grc' dir='ltr'>πάλαι</span> 
     </span>
    </p>
   </div>
   <div class='ocr_carea' id='block_1_34' title="bbox 2220 1706 3795 1779">
    <p class='ocr_par' dir='ltr' id='par_1_34' title="bbox 2220 1706 3795 1779">
     <span class='ocr_line' id='line_1_34' title="bbox 2220 1706 3795 1779; baseline -0.001 -18"><span class='ocrx_word' id='word_1_241' title='bbox 2220 1708 2604 1779; x_wconf 75' lang='grc' dir='ltr'>διῃρημένους,</span> <span class='ocrx_word' id='word_1_242' title='bbox 2642 1728 2658 1758; x_wconf 78' lang='grc' dir='ltr'><strong>ι</strong></span> <span class='ocrx_word' id='word_1_243' title='bbox 2699 1711 2786 1760; x_wconf 74' lang='grc' dir='ltr'><strong>καὶ</strong></span> <span class='ocrx_word' id='word_1_244' title='bbox 2820 1707 3190 1769; x_wconf 76' lang='grc' dir='ltr'>ἀποκαθιστὰς</span> <span class='ocrx_word' id='word_1_245' title='bbox 3221 1707 3508 1778; x_wconf 84' lang='grc' dir='ltr'>ἄνθρωπον</span> <span class='ocrx_word' id='word_1_246' title='bbox 3535 1706 3674 1778; x_wconf 80' lang='grc' dir='ltr'>πρὸς</span> <span class='ocrx_word' id='word_1_247' title='bbox 3703 1707 3795 1760; x_wconf 76' lang='grc' dir='ltr'><strong>τὸν</strong></span> 
     </span>
    </p>
   </div>
   <div class='ocr_carea' id='block_1_35' title="bbox 541 1796 2101 1882">
    <p class='ocr_par' dir='ltr' id='par_1_35' title="bbox 541 1804 2101 1882">
     <span class='ocr_line' id='line_1_35' title="bbox 541 1804 2101 1882; baseline -0.006 -15"><span class='ocrx_word' id='word_1_248' title='bbox 541 1815 826 1882; x_wconf 86' lang='lat' dir='ltr'><strong>pemmlum</strong></span> <span class='ocrx_word' id='word_1_249' title='bbox 872 1817 1206 1881; x_wconf 88' lang='lat' dir='ltr'><strong>protestatur</strong></span> <span class='ocrx_word' id='word_1_250' title='bbox 1247 1821 1342 1877; x_wconf 87' lang='lat' dir='ltr'><strong>per</strong></span> <span class='ocrx_word' id='word_1_251' title='bbox 1367 1820 1558 1860; x_wconf 89' lang='lat' dir='ltr'><strong>vocem</strong></span> <span class='ocrx_word' id='word_1_252' title='bbox 1606 1806 1754 1872; x_wconf 71' lang='lat' dir='ltr'><strong>Elim,</strong></span> <span class='ocrx_word' id='word_1_253' title='bbox 1783 1821 1841 1860; x_wconf 90' lang='lat' dir='ltr'><strong>se</strong></span> <span class='ocrx_word' id='word_1_254' title='bbox 1877 1804 2101 1876; x_wconf 84' lang='lat' dir='ltr'><strong>judiceu;</strong></span> 
     </span>
    </p>
   </div>
   <div class='ocr_carea' id='block_1_36' title="bbox 2210 1796 3792 1882">
    <p class='ocr_par' dir='ltr' id='par_1_36' title="bbox 2218 1798 3792 1872">
     <span class='ocr_line' id='line_1_36' title="bbox 2218 1798 3792 1872; baseline -0.003 -18"><span class='ocrx_word' id='word_1_255' title='bbox 2218 1801 2446 1872; x_wconf 89' lang='grc' dir='ltr'>πλησίον</span> <span class='ocrx_word' id='word_1_256' title='bbox 2477 1801 2660 1862; x_wconf 79' lang='grc' dir='ltr'>αὑτοῦ,</span> <span class='ocrx_word' id='word_1_257' title='bbox 2696 1801 2781 1854; x_wconf 80' lang='grc' dir='ltr'><strong>ἵνα</strong></span> <span class='ocrx_word' id='word_1_258' title='bbox 2815 1800 2889 1871; x_wconf 84' lang='grc' dir='ltr'>μὴ</span> <span class='ocrx_word' id='word_1_259' title='bbox 2920 1799 3077 1861; x_wconf 75' lang='grc' dir='ltr'>ἔλθω,</span> <span class='ocrx_word' id='word_1_260' title='bbox 3111 1801 3264 1869; x_wconf 68' lang='grc' dir='ltr'>φησι,</span> <span class='ocrx_word' id='word_1_261' title='bbox 3299 1800 3393 1853; x_wconf 74' lang='grc' dir='ltr'><strong>καὶ</strong></span> <span class='ocrx_word' id='word_1_262' title='bbox 3430 1798 3656 1862; x_wconf 78' lang='grc' dir='ltr'>πατάξω</span> <span class='ocrx_word' id='word_1_263' title='bbox 3694 1799 3792 1869; x_wconf 73' lang='grc' dir='ltr'><strong>τὴν</strong></span> 
     </span>
    </p>
   </div>
   <div class='ocr_carea' id='block_1_37' title="bbox 538 1895 2110 1964">
    <p class='ocr_par' dir='ltr' id='par_1_37' title="bbox 538 1895 2110 1964">
     <span class='ocr_line' id='line_1_37' title="bbox 538 1895 2110 1964; baseline -0.005 -8"><span class='ocrx_word' id='word_1_264' title='bbox 538 1913 851 1964; x_wconf 76' lang='lat' dir='ltr'><strong>venturum,</strong></span> <span class='ocrx_word' id='word_1_265' title='bbox 890 1908 947 1954; x_wconf 91' lang='lat' dir='ltr'><strong>ut</strong></span> <span class='ocrx_word' id='word_1_266' title='bbox 985 1897 1232 1953; x_wconf 78' lang='lat' dir='ltr'><strong>conversi</strong></span> <span class='ocrx_word' id='word_1_267' title='bbox 1277 1897 1344 1950; x_wconf 89' lang='lat' dir='ltr'><strong>ad</strong></span> <span class='ocrx_word' id='word_1_268' title='bbox 1383 1895 1604 1950; x_wconf 80' lang='lat' dir='ltr'><strong>meliora</strong></span> <span class='ocrx_word' id='word_1_269' title='bbox 1643 1905 1698 1950; x_wconf 91' lang='lat' dir='ltr'><strong>et</strong></span> <span class='ocrx_word' id='word_1_270' title='bbox 1745 1897 1908 1950; x_wconf 85' lang='lat' dir='ltr'><strong>vitam</strong></span> <span class='ocrx_word' id='word_1_271' title='bbox 1959 1911 2110 1949; x_wconf 89' lang='lat' dir='ltr'><strong>suam</strong></span> 
     </span>
    </p>
   </div>
   <div class='ocr_carea' id='block_1_38' title="bbox 537 1988 2108 2061">
    <p class='ocr_par' dir='ltr' id='par_1_38' title="bbox 537 1988 2108 2061">
     <span class='ocr_line' id='line_1_38' title="bbox 537 1988 2108 2061; baseline -0.004 -12"><span class='ocrx_word' id='word_1_272' title='bbox 537 1994 888 2049; x_wconf 84' lang='lat' dir='ltr'><strong>emendantes</strong></span> <span class='ocrx_word' id='word_1_273' title='bbox 918 1991 1008 2061; x_wconf 91' lang='lat' dir='ltr'><strong>qui</strong></span> <span class='ocrx_word' id='word_1_274' title='bbox 1035 2000 1164 2044; x_wconf 91' lang='lat' dir='ltr'><strong>tunc</strong></span> <span class='ocrx_word' id='word_1_275' title='bbox 1193 1989 1429 2043; x_wconf 84' lang='lat' dir='ltr'><strong>vixerint</strong></span> <span class='ocrx_word' id='word_1_276' title='bbox 1474 1989 1526 2043; x_wconf 92' lang='lat' dir='ltr'><strong>in</strong></span> <span class='ocrx_word' id='word_1_277' title='bbox 1562 1988 1741 2052; x_wconf 88' lang='lat' dir='ltr'><strong>terris,</strong></span> <span class='ocrx_word' id='word_1_278' title='bbox 1792 1990 1846 2042; x_wconf 89' lang='lat' dir='ltr'><strong>in</strong></span> <span class='ocrx_word' id='word_1_279' title='bbox 1882 1989 2108 2059; x_wconf 80' lang='lat' dir='ltr'><strong>rigidum</strong></span> 
     </span>
    </p>
   </div>
   <div class='ocr_carea' id='block_1_39' title="bbox 531 2079 2107 2157">
    <p class='ocr_par' dir='ltr' id='par_1_39' title="bbox 531 2079 2107 2157">
     <span class='ocr_line' id='line_1_39' title="bbox 531 2079 2107 2157; baseline -0.005 -14"><span class='ocrx_word' id='word_1_280' title='bbox 531 2088 765 2157; x_wconf 77' lang='lat' dir='ltr'><strong>iudicem</strong></span> <span class='ocrx_word' id='word_1_281' title='bbox 819 2099 887 2139; x_wconf 90' lang='lat' dir='ltr'><strong>ne</strong></span> <span class='ocrx_word' id='word_1_282' title='bbox 933 2084 1196 2148; x_wconf 90' lang='lat' dir='ltr'><strong>incidant,</strong></span> <span class='ocrx_word' id='word_1_283' title='bbox 1250 2095 1280 2135; x_wconf 90' lang='lat' dir='ltr'><strong>a</strong></span> <span class='ocrx_word' id='word_1_284' title='bbox 1333 2098 1438 2150; x_wconf 92' lang='lat' dir='ltr'><strong>quo</strong></span> <span class='ocrx_word' id='word_1_285' title='bbox 1486 2082 1536 2133; x_wconf 91' lang='lat' dir='ltr'><strong>in</strong></span> <span class='ocrx_word' id='word_1_286' title='bbox 1594 2079 1839 2135; x_wconf 81' lang='lat' dir='ltr'><strong>ﬂ.nnmas</strong></span> <span class='ocrx_word' id='word_1_287' title='bbox 1887 2098 1906 2132; x_wconf 74' lang='grc' dir='ltr'><strong>ο</strong></span> <span class='ocrx_word' id='word_1_288' title='bbox 1949 2091 2004 2135; x_wconf 89' lang='lat' dir='ltr'><strong>et</strong></span> <span class='ocrx_word' id='word_1_289' title='bbox 2055 2081 2107 2136; x_wconf 91' lang='lat' dir='ltr'><strong>in</strong></span> 
     </span>
    </p>
   </div>
   <div class='ocr_carea' id='block_1_40' title="bbox 537 2171 2106 2237">
    <p class='ocr_par' dir='ltr' id='par_1_40' title="bbox 537 2171 2106 2237">
     <span class='ocr_line' id='line_1_40' title="bbox 537 2171 2106 2237; baseline -0.006 -2"><span class='ocrx_word' id='word_1_290' title='bbox 537 2179 790 2236; x_wconf 86' lang='lat' dir='ltr'><strong>tenebras</strong></span> <span class='ocrx_word' id='word_1_291' title='bbox 823 2176 1123 2231; x_wconf 80' lang='lat' dir='ltr'><strong>exteriores</strong></span> <span class='ocrx_word' id='word_1_292' title='bbox 1159 2173 1441 2227; x_wconf 87' lang='lat' dir='ltr'><strong>mittantur</strong></span> <span class='ocrx_word' id='word_1_293' title='bbox 1467 2171 1545 2237; x_wconf 73' lang='lat'><strong>“;</strong></span> <span class='ocrx_word' id='word_1_294' title='bbox 1580 2190 1598 2224; x_wconf 75' lang='grc' dir='ltr'><strong>ι</strong></span> <span class='ocrx_word' id='word_1_295' title='bbox 1658 2174 1879 2227; x_wconf 87' lang='lat' dir='ltr'><strong>audiant</strong></span> <span class='ocrx_word' id='word_1_296' title='bbox 1927 2182 2106 2226; x_wconf 88' lang='lat' dir='ltr'><strong>autem</strong></span> 
     </span>
    </p>
   </div>
   <div class='ocr_carea' id='block_1_41' title="bbox 535 2261 2115 2341">
    <p class='ocr_par' dir='ltr' id='par_1_41' title="bbox 535 2261 2115 2341">
     <span class='ocr_line' id='line_1_41' title="bbox 535 2261 2115 2341; baseline 0.009 -34"><span class='ocrx_word' id='word_1_297' title='bbox 535 2270 713 2341; x_wconf 57' lang='lat' dir='ltr'><strong>potius</strong></span> <span class='ocrx_word' id='word_1_298' title='bbox 751 2285 764 2320; x_wconf 84' lang='lat'><strong>:</strong></span> <span class='ocrx_word' id='word_1_299' title='bbox 806 2284 824 2317; x_wconf 78' lang='grc' dir='ltr'><strong>ι</strong></span> <span class='ocrx_word' id='word_1_300' title='bbox 869 2265 1094 2326; x_wconf 84' lang='lat' dir='ltr'><strong>Venite,</strong></span> <span class='ocrx_word' id='word_1_301' title='bbox 1142 2262 1413 2316; x_wconf 84' lang='lat' dir='ltr'><strong>benedicti</strong></span> <span class='ocrx_word' id='word_1_302' title='bbox 1457 2261 1633 2315; x_wconf 88' lang='lat' dir='ltr'><strong>Patris</strong></span> <span class='ocrx_word' id='word_1_303' title='bbox 1676 2261 1814 2326; x_wconf 88' lang='lat' dir='ltr'><strong>mei,</strong></span> <span class='ocrx_word' id='word_1_304' title='bbox 1853 2261 2115 2331; x_wconf 80' lang='lat' dir='ltr'><strong>percipile</strong></span> 
     </span>
    </p>
   </div>
   <div class='ocr_carea' id='block_1_42' title="bbox 534 2351 2071 2431">
    <p class='ocr_par' dir='ltr' id='par_1_42' title="bbox 534 2351 2071 2431">
     <span class='ocr_line' id='line_1_42' title="bbox 534 2351 2071 2431; baseline -0.008 -17"><span class='ocrx_word' id='word_1_305' title='bbox 534 2372 780 2431; x_wconf 86' lang='lat' dir='ltr'><strong>paratum</strong></span> <span class='ocrx_word' id='word_1_306' title='bbox 815 2357 966 2411; x_wconf 87' lang='lat' dir='ltr'><strong>vobis</strong></span> <span class='ocrx_word' id='word_1_307' title='bbox 994 2369 1217 2422; x_wconf 81' lang='lat' dir='ltr'><strong>regnum</strong></span> <span class='ocrx_word' id='word_1_308' title='bbox 1251 2367 1278 2404; x_wconf 90' lang='lat' dir='ltr'><strong>a</strong></span> <span class='ocrx_word' id='word_1_309' title='bbox 1310 2353 1694 2406; x_wconf 84' lang='lat' dir='ltr'><strong>constitutione</strong></span> <span class='ocrx_word' id='word_1_310' title='bbox 1729 2352 1914 2405; x_wconf 90' lang='lat' dir='ltr'><strong>mundi</strong></span> <span class='ocrx_word' id='word_1_311' title='bbox 1950 2351 2016 2406; x_wconf 80' lang='grc'><strong>⁸⁸.</strong></span> <span class='ocrx_word' id='word_1_312' title='bbox 2054 2371 2071 2401; x_wconf 74' lang='grc' dir='ltr'><strong>ι</strong></span> 
     </span>
    </p>
   </div>
   <div class='ocr_carea' id='block_1_43' title="bbox 2217 1889 3787 1962">
    <p class='ocr_par' dir='ltr' id='par_1_43' title="bbox 2217 1889 3787 1962">
     <span class='ocr_line' id='line_1_43' title="bbox 2217 1889 3787 1962; baseline -0.003 -15"><span class='ocrx_word' id='word_1_313' title='bbox 2217 1895 2324 1962; x_wconf 77' lang='grc' dir='ltr'>γῆν</span> <span class='ocrx_word' id='word_1_314' title='bbox 2361 1893 2560 1962; x_wconf 84' lang='grc' dir='ltr'>ἄρδην,</span> <span class='ocrx_word' id='word_1_315' title='bbox 2597 1911 2616 1944; x_wconf 72' lang='grc' dir='ltr'><strong>ι</strong></span> <span class='ocrx_word' id='word_1_316' title='bbox 2677 1891 2956 1944; x_wconf 82' lang='grc' dir='ltr'>τουτέστιν</span> <span class='ocrx_word' id='word_1_317' title='bbox 2993 1891 3300 1962; x_wconf 82' lang='grc' dir='ltr'>ὁλοτρόπως</span> <span class='ocrx_word' id='word_1_318' title='bbox 3349 1890 3444 1944; x_wconf 73' lang='grc' dir='ltr'>καὶ</span> <span class='ocrx_word' id='word_1_319' title='bbox 3486 1889 3787 1952; x_wconf 87' lang='grc' dir='ltr'>παντελῶς.</span> 
     </span>
    </p>
   </div>
   <div class='ocr_carea' id='block_1_44' title="bbox 2229 1981 3789 2056">
    <p class='ocr_par' dir='ltr' id='par_1_44' title="bbox 2229 1981 3789 2056">
     <span class='ocr_line' id='line_1_44' title="bbox 2229 1981 3789 2056; baseline -0.001 -19"><span class='ocrx_word' id='word_1_320' title='bbox 2229 1985 2390 2056; x_wconf 87' lang='grc' dir='ltr'>Ὁρᾷς</span> <span class='ocrx_word' id='word_1_321' title='bbox 2415 1981 2506 2037; x_wconf 80' lang='grc' dir='ltr'>οὖν</span> <span class='ocrx_word' id='word_1_322' title='bbox 2537 1983 2644 2052; x_wconf 77' lang='grc' dir='ltr'>ἄρα</span> <span class='ocrx_word' id='word_1_323' title='bbox 2668 1983 2768 2053; x_wconf 81' lang='grc' dir='ltr'>τὴν</span> <span class='ocrx_word' id='word_1_324' title='bbox 2795 1982 3109 2054; x_wconf 73' lang='grc' dir='ltr'>ἡμερότητα</span> <span class='ocrx_word' id='word_1_325' title='bbox 3130 1982 3223 2036; x_wconf 76' lang='grc' dir='ltr'><strong>τοῦ</strong></span> <span class='ocrx_word' id='word_1_326' title='bbox 3248 1985 3462 2036; x_wconf 85' lang='grc' dir='ltr'>πάντων</span> <span class='ocrx_word' id='word_1_327' title='bbox 3493 1983 3789 2036; x_wconf 83' lang='grc' dir='ltr'>Δεσπότου.</span> 
     </span>
    </p>
   </div>
   <div class='ocr_carea' id='block_1_45' title="bbox 2216 2075 3790 2149">
    <p class='ocr_par' dir='ltr' id='par_1_45' title="bbox 2216 2075 3790 2149">
     <span class='ocr_line' id='line_1_45' title="bbox 2216 2075 3790 2149; baseline -0.001 -19"><span class='ocrx_word' id='word_1_328' title='bbox 2216 2076 2617 2149; x_wconf 87' lang='grc' dir='ltr'>Προαναπείθει</span> <span class='ocrx_word' id='word_1_329' title='bbox 2645 2077 2769 2138; x_wconf 79' lang='grc' dir='ltr'>τοὺς</span> <span class='ocrx_word' id='word_1_330' title='bbox 2801 2076 2894 2126; x_wconf 74' lang='grc' dir='ltr'>ἐπὶ</span> <span class='ocrx_word' id='word_1_331' title='bbox 2922 2075 3018 2144; x_wconf 83' lang='grc' dir='ltr'>τῆς</span> <span class='ocrx_word' id='word_1_332' title='bbox 3060 2076 3183 2146; x_wconf 85' lang='grc' dir='ltr'>γῆς,</span> <span class='ocrx_word' id='word_1_333' title='bbox 3218 2077 3310 2130; x_wconf 76' lang='grc' dir='ltr'><strong>καὶ</strong></span> <span class='ocrx_word' id='word_1_334' title='bbox 3356 2076 3640 2146; x_wconf 73' lang='grc' dir='ltr'>μονονουχὶ</span> <span class='ocrx_word' id='word_1_335' title='bbox 3673 2075 3790 2128; x_wconf 81' lang='grc' dir='ltr'>δια-</span> 
     </span>
    </p>
   </div>
   <div class='ocr_carea' id='block_1_46' title="bbox 2221 2167 3790 2240">
    <p class='ocr_par' dir='ltr' id='par_1_46' title="bbox 2221 2167 3790 2240">
     <span class='ocr_line' id='line_1_46' title="bbox 2221 2167 3790 2240; baseline -0.003 -17"><span class='ocrx_word' id='word_1_336' title='bbox 2221 2169 2553 2240; x_wconf 81' lang='grc' dir='ltr'>μαρτύρεται</span> <span class='ocrx_word' id='word_1_337' title='bbox 2601 2169 2687 2221; x_wconf 81' lang='grc' dir='ltr'><strong>διὰ</strong></span> <span class='ocrx_word' id='word_1_338' title='bbox 2737 2169 2835 2239; x_wconf 80' lang='grc' dir='ltr'>τῆς</span> <span class='ocrx_word' id='word_1_339' title='bbox 2894 2168 3074 2222; x_wconf 84' lang='grc' dir='ltr'>Ἠλίου</span> <span class='ocrx_word' id='word_1_340' title='bbox 3120 2167 3339 2238; x_wconf 83' lang='grc' dir='ltr'>φωνῆς,</span> <span class='ocrx_word' id='word_1_341' title='bbox 3386 2169 3466 2220; x_wconf 83' lang='grc' dir='ltr'><strong>ὅτι</strong></span> <span class='ocrx_word' id='word_1_342' title='bbox 3521 2167 3790 2236; x_wconf 80' lang='grc' dir='ltr'>παρέσται</span> 
     </span>
    </p>
   </div>
   <div class='ocr_carea' id='block_1_47' title="bbox 2213 2257 3790 2331">
    <p class='ocr_par' dir='ltr' id='par_1_47' title="bbox 2213 2257 3790 2331">
     <span class='ocr_line' id='line_1_47' title="bbox 2213 2257 3790 2331; baseline -0.002 -18"><span class='ocrx_word' id='word_1_343' title='bbox 2213 2261 2425 2331; x_wconf 83' lang='grc' dir='ltr'>κριτὴς,</span> <span class='ocrx_word' id='word_1_344' title='bbox 2475 2260 2564 2313; x_wconf 87' lang='grc' dir='ltr'><strong>ἴνα</strong></span> <span class='ocrx_word' id='word_1_345' title='bbox 2612 2263 2730 2322; x_wconf 85' lang='grc' dir='ltr'>ταῖς</span> <span class='ocrx_word' id='word_1_346' title='bbox 2783 2263 2865 2324; x_wconf 87' lang='grc' dir='ltr'><strong>είς</strong></span> <span class='ocrx_word' id='word_1_347' title='bbox 2911 2261 2972 2314; x_wconf 76' lang='grc' dir='ltr'>τὸ</span> <span class='ocrx_word' id='word_1_348' title='bbox 3015 2261 3236 2330; x_wconf 84' lang='grc' dir='ltr'>ἄμεινον</span> <span class='ocrx_word' id='word_1_349' title='bbox 3281 2259 3644 2330; x_wconf 84' lang='grc' dir='ltr'>μεταδρομαῖς</span> <span class='ocrx_word' id='word_1_350' title='bbox 3700 2257 3790 2310; x_wconf 78' lang='grc' dir='ltr'><strong>τὸν</strong></span> 
     </span>
    </p>
   </div>
   <div class='ocr_carea' id='block_1_48' title="bbox 2213 2347 3789 2422">
    <p class='ocr_par' dir='ltr' id='par_1_48' title="bbox 2213 2347 3789 2422">
     <span class='ocr_line' id='line_1_48' title="bbox 2213 2347 3789 2422; baseline -0.001 -18"><span class='ocrx_word' id='word_1_351' title='bbox 2213 2353 2410 2405; x_wconf 78' lang='grc' dir='ltr'>οἰκεῖον</span> <span class='ocrx_word' id='word_1_352' title='bbox 2460 2350 2887 2422; x_wconf 63' lang='grc' dir='ltr'>ἐπανορθοῦντες</span> <span class='ocrx_word' id='word_1_353' title='bbox 2925 2351 3040 2421; x_wconf 89' lang='grc' dir='ltr'>βίον</span> <span class='ocrx_word' id='word_1_354' title='bbox 3082 2353 3131 2404; x_wconf 85' lang='grc' dir='ltr'>οἱ</span> <span class='ocrx_word' id='word_1_355' title='bbox 3172 2350 3232 2404; x_wconf 83' lang='grc' dir='ltr'><strong>τὸ</strong></span> <span class='ocrx_word' id='word_1_356' title='bbox 3280 2350 3533 2420; x_wconf 85' lang='grc' dir='ltr'>τηνικάδε</span> <span class='ocrx_word' id='word_1_357' title='bbox 3585 2347 3789 2412; x_wconf 76' lang='grc' dir='ltr'>ζῶντες</span> 
     </span>
    </p>
   </div>
   <div class='ocr_carea' id='block_1_49' title="bbox 533 2441 3782 2521">
    <p class='ocr_par' dir='ltr' id='par_1_49' title="bbox 533 2441 3782 2521">
     <span class='ocr_line' id='line_1_49' title="bbox 533 2441 3782 2521; baseline -0.004 -15"><span class='ocrx_word' id='word_1_358' title='bbox 533 2454 624 2507; x_wconf 59' lang='grc' dir='ltr'><strong>επὶ</strong></span> <span class='ocrx_word' id='word_1_359' title='bbox 658 2451 758 2521; x_wconf 82' lang='grc' dir='ltr'>τῆς</span> <span class='ocrx_word' id='word_1_360' title='bbox 796 2450 933 2520; x_wconf 80' lang='grc' dir='ltr'>γῆς,</span> <span class='ocrx_word' id='word_1_361' title='bbox 973 2445 1048 2517; x_wconf 88' lang='grc' dir='ltr'><strong>μὴ</strong></span> <span class='ocrx_word' id='word_1_362' title='bbox 1110 2445 1293 2516; x_wconf 85' lang='grc' dir='ltr'>πικρῷ</span> <span class='ocrx_word' id='word_1_363' title='bbox 1362 2443 1705 2514; x_wconf 83' lang='grc' dir='ltr'>περιτύχοιεν</span> <span class='ocrx_word' id='word_1_364' title='bbox 1753 2445 2014 2516; x_wconf 80' lang='grc' dir='ltr'>δικαστῇ,</span> <span class='ocrx_word' id='word_1_365' title='bbox 2065 2443 2340 2515; x_wconf 85' lang='grc' dir='ltr'>πέμποντι</span> <span class='ocrx_word' id='word_1_366' title='bbox 2399 2445 2532 2516; x_wconf 78' lang='grc' dir='ltr'>πρὸς</span> <span class='ocrx_word' id='word_1_367' title='bbox 2556 2444 2745 2513; x_wconf 82' lang='grc' dir='ltr'>φλόγα,</span> <span class='ocrx_word' id='word_1_368' title='bbox 2775 2462 2793 2494; x_wconf 79' lang='grc' dir='ltr'><strong>ι</strong></span> <span class='ocrx_word' id='word_1_369' title='bbox 2853 2444 2945 2497; x_wconf 81' lang='grc' dir='ltr'><strong>καὶ</strong></span> <span class='ocrx_word' id='word_1_370' title='bbox 2974 2444 3053 2507; x_wconf 86' lang='grc' dir='ltr'><strong>είς</strong></span> <span class='ocrx_word' id='word_1_371' title='bbox 3077 2441 3137 2494; x_wconf 85' lang='grc' dir='ltr'><strong>τὸ</strong></span> <span class='ocrx_word' id='word_1_372' title='bbox 3167 2442 3358 2504; x_wconf 86' lang='grc' dir='ltr'>σκότος</span> <span class='ocrx_word' id='word_1_373' title='bbox 3382 2441 3440 2493; x_wconf 69' lang='grc' dir='ltr'>τὸ</span> <span class='ocrx_word' id='word_1_374' title='bbox 3461 2441 3782 2508; x_wconf 72' lang='grc' dir='ltr'>ἐξώτερον.»</span> 
     </span>
    </p>
   </div>
   <div class='ocr_carea' id='block_1_50' title="bbox 544 2532 3785 2610">
    <p class='ocr_par' dir='ltr' id='par_1_50' title="bbox 544 2532 3785 2610">
     <span class='ocr_line' id='line_1_50' title="bbox 544 2532 3785 2610; baseline -0.006 -10"><span class='ocrx_word' id='word_1_375' title='bbox 544 2544 854 2600; x_wconf 79' lang='grc' dir='ltr'>Ἀκούσειαν</span> <span class='ocrx_word' id='word_1_376' title='bbox 887 2541 943 2593; x_wconf 83' lang='grc' dir='ltr'>δὲ</span> <span class='ocrx_word' id='word_1_377' title='bbox 985 2540 1184 2610; x_wconf 81' lang='grc' dir='ltr'>μᾶλλον</span> <span class='ocrx_word' id='word_1_378' title='bbox 1205 2554 1217 2566; x_wconf 88' lang='grc'><strong>·</strong></span> <span class='ocrx_word' id='word_1_379' title='bbox 1258 2557 1276 2588; x_wconf 76' lang='grc' dir='ltr'><strong>ι</strong></span> <span class='ocrx_word' id='word_1_380' title='bbox 1305 2536 1490 2601; x_wconf 77' lang='grc' dir='ltr'>Δεῦτε,</span> <span class='ocrx_word' id='word_1_381' title='bbox 1524 2540 1570 2591; x_wconf 91' lang='grc' dir='ltr'><strong>οί</strong></span> <span class='ocrx_word' id='word_1_382' title='bbox 1617 2537 1969 2609; x_wconf 78' lang='grc' dir='ltr'>εὐλογημένοι</span> <span class='ocrx_word' id='word_1_383' title='bbox 1999 2537 2092 2590; x_wconf 76' lang='grc' dir='ltr'><strong>τοῦ</strong></span> <span class='ocrx_word' id='word_1_384' title='bbox 2167 2538 2380 2610; x_wconf 84' lang='grc' dir='ltr'>Πατρός</span> <span class='ocrx_word' id='word_1_385' title='bbox 2412 2556 2535 2608; x_wconf 89' lang='grc' dir='ltr'>μου,</span> <span class='ocrx_word' id='word_1_386' title='bbox 2608 2537 3049 2608; x_wconf 78' lang='grc' dir='ltr'>κληρονομήσατε</span> <span class='ocrx_word' id='word_1_387' title='bbox 3075 2535 3174 2606; x_wconf 80' lang='grc' dir='ltr'>τὴν</span> <span class='ocrx_word' id='word_1_388' title='bbox 3211 2533 3622 2606; x_wconf 78' lang='grc' dir='ltr'>ἡτοιμασμένην</span> <span class='ocrx_word' id='word_1_389' title='bbox 3654 2532 3785 2600; x_wconf 80' lang='grc' dir='ltr'>ὑμῖν</span> 
     </span>
    </p>
   </div>
   <div class='ocr_carea' id='block_1_51' title="bbox 534 2629 1594 2710">
    <p class='ocr_par' dir='ltr' id='par_1_51' title="bbox 534 2629 1594 2710">
     <span class='ocr_line' id='line_1_51' title="bbox 534 2629 1594 2710; baseline -0.011 -19"><span class='ocrx_word' id='word_1_390' title='bbox 534 2636 806 2710; x_wconf 74' lang='grc' dir='ltr'>βασιλείαν</span> <span class='ocrx_word' id='word_1_391' title='bbox 839 2634 946 2686; x_wconf 85' lang='grc' dir='ltr'><strong>ἀπὸ</strong></span> <span class='ocrx_word' id='word_1_392' title='bbox 970 2630 1275 2701; x_wconf 79' lang='grc' dir='ltr'>καταϐολῆς</span> <span class='ocrx_word' id='word_1_393' title='bbox 1306 2629 1532 2698; x_wconf 84' lang='grc' dir='ltr'>κόσμου.</span> <span class='ocrx_word' id='word_1_394' title='bbox 1576 2649 1594 2680; x_wconf 75' lang='grc' dir='ltr'><strong>ι</strong></span> 
     </span>
    </p>
   </div>
   <div class='ocr_carea' id='block_1_52' title="bbox 600 2720 2102 2790">
    <p class='ocr_par' dir='ltr' id='par_1_52' title="bbox 600 2720 2102 2790">
     <span class='ocr_line' id='line_1_52' title="bbox 600 2720 2102 2790; baseline -0.007 -7"><span class='ocrx_word' id='word_1_395' title='bbox 600 2727 766 2783; x_wconf 68' lang='lat' dir='ltr'><strong>Vnus.</strong></span> <span class='ocrx_word' id='word_1_396' title='bbox 824 2725 880 2780; x_wconf 65' lang='grc'>’1.</span> <span class='ocrx_word' id='word_1_397' title='bbox 922 2723 1240 2778; x_wconf 77' lang='lat' dir='ltr'><strong>Mementote</strong></span> <span class='ocrx_word' id='word_1_398' title='bbox 1288 2721 1416 2790; x_wconf 76' lang='lat' dir='ltr'><strong>legis</strong></span> <span class='ocrx_word' id='word_1_399' title='bbox 1454 2720 1594 2774; x_wconf 80' lang='lat' dir='ltr'><strong>Mosi</strong></span> <span class='ocrx_word' id='word_1_400' title='bbox 1631 2721 1764 2774; x_wconf 73' lang='lat' dir='ltr'><strong>servi</strong></span> <span class='ocrx_word' id='word_1_401' title='bbox 1811 2723 1931 2786; x_wconf 87' lang='lat' dir='ltr'><strong>mei,</strong></span> <span class='ocrx_word' id='word_1_402' title='bbox 1967 2722 2102 2775; x_wconf 74' lang='lat' dir='ltr'><strong>sicut</strong></span> 
     </span>
    </p>
   </div>
   <div class='ocr_carea' id='block_1_53' title="bbox 530 2810 2107 2889">
    <p class='ocr_par' dir='ltr' id='par_1_53' title="bbox 530 2810 2107 2889">
     <span class='ocr_line' id='line_1_53' title="bbox 530 2810 2107 2889; baseline -0.004 -18"><span class='ocrx_word' id='word_1_403' title='bbox 530 2819 751 2889; x_wconf 66' lang='lat' dir='ltr'><strong>pra-cepi</strong></span> <span class='ocrx_word' id='word_1_404' title='bbox 794 2819 840 2870; x_wconf 85' lang='lat' dir='ltr'><strong>ei</strong></span> <span class='ocrx_word' id='word_1_405' title='bbox 877 2818 929 2868; x_wconf 82' lang='lat' dir='ltr'><strong>in</strong></span> <span class='ocrx_word' id='word_1_406' title='bbox 982 2812 1157 2866; x_wconf 85' lang='lat' dir='ltr'><strong>Horeb</strong></span> <span class='ocrx_word' id='word_1_407' title='bbox 1200 2813 1268 2864; x_wconf 82' lang='lat' dir='ltr'><strong>ad</strong></span> <span class='ocrx_word' id='word_1_408' title='bbox 1329 2827 1518 2866; x_wconf 77' lang='lat' dir='ltr'><strong>minem</strong></span> <span class='ocrx_word' id='word_1_409' title='bbox 1567 2810 1737 2867; x_wconf 70' lang='lat' dir='ltr'><strong>Israel</strong></span> <span class='ocrx_word' id='word_1_410' title='bbox 1767 2825 2024 2882; x_wconf 69' lang='lat' dir='ltr'><strong>pracepta</strong></span> <span class='ocrx_word' id='word_1_411' title='bbox 2052 2821 2107 2864; x_wconf 80' lang='lat' dir='ltr'><strong>et</strong></span> 
     </span>
    </p>
   </div>
   <div class='ocr_carea' id='block_1_54' title="bbox 522 2908 750 2982">
    <p class='ocr_par' dir='ltr' id='par_1_54' title="bbox 522 2908 750 2982">
     <span class='ocr_line' id='line_1_54' title="bbox 522 2908 750 2982; baseline 0.004 -22"><span class='ocrx_word' id='word_1_412' title='bbox 522 2908 750 2982; x_wconf 84' lang='lat' dir='ltr'><strong>judicia.</strong></span> 
     </span>
    </p>
   </div>
   <div class='ocr_carea' id='block_1_55' title="bbox 2281 2707 3787 2782">
    <p class='ocr_par' dir='ltr' id='par_1_55' title="bbox 2281 2707 3787 2782">
     <span class='ocr_line' id='line_1_55' title="bbox 2281 2707 3787 2782; baseline -0.002 -14"><span class='ocrx_word' id='word_1_413' title='bbox 2281 2715 2605 2782; x_wconf 75' lang='grc' dir='ltr'>Μνήσθητε</span> <span class='ocrx_word' id='word_1_414' title='bbox 2628 2713 2813 2781; x_wconf 78' lang='grc' dir='ltr'>νόμου</span> <span class='ocrx_word' id='word_1_415' title='bbox 2841 2708 3028 2778; x_wconf 84' lang='grc' dir='ltr'><strong>Μωσῆ</strong></span> <span class='ocrx_word' id='word_1_416' title='bbox 3071 2707 3177 2762; x_wconf 84' lang='grc' dir='ltr'>τοῦ</span> <span class='ocrx_word' id='word_1_417' title='bbox 3209 2707 3431 2762; x_wconf 70' lang='grc' dir='ltr'>δούλου</span> <span class='ocrx_word' id='word_1_418' title='bbox 3459 2726 3598 2778; x_wconf 81' lang='grc' dir='ltr'>μου,</span> <span class='ocrx_word' id='word_1_419' title='bbox 3642 2713 3787 2766; x_wconf 79' lang='grc' dir='ltr'>καθ-</span> 
     </span>
    </p>
   </div>
   <div class='ocr_carea' id='block_1_56' title="bbox 2210 2801 3787 2874">
    <p class='ocr_par' dir='ltr' id='par_1_56' title="bbox 2210 2801 3787 2874">
     <span class='ocr_line' id='line_1_56' title="bbox 2210 2801 3787 2874; baseline -0.001 -15"><span class='ocrx_word' id='word_1_420' title='bbox 2210 2807 2297 2860; x_wconf 83' lang='grc' dir='ltr'><strong>ότι</strong></span> <span class='ocrx_word' id='word_1_421' title='bbox 2323 2806 2710 2874; x_wconf 78' lang='grc' dir='ltr'>ἐνετειλάμην</span> <span class='ocrx_word' id='word_1_422' title='bbox 2735 2803 2896 2868; x_wconf 80' lang='grc' dir='ltr'>αὐτῷ</span> <span class='ocrx_word' id='word_1_423' title='bbox 2923 2803 2992 2854; x_wconf 84' lang='grc' dir='ltr'><strong>ἐν</strong></span> <span class='ocrx_word' id='word_1_424' title='bbox 3039 2801 3248 2869; x_wconf 72' lang='grc' dir='ltr'>Χωρήό</span> <span class='ocrx_word' id='word_1_425' title='bbox 3280 2801 3430 2869; x_wconf 79' lang='grc' dir='ltr'>πρὸς</span> <span class='ocrx_word' id='word_1_426' title='bbox 3455 2801 3656 2855; x_wconf 69' lang='grc' dir='ltr'>πάντα</span> <span class='ocrx_word' id='word_1_427' title='bbox 3680 2804 3787 2858; x_wconf 77' lang='grc' dir='ltr'><strong>τὸν</strong></span> 
     </span>
    </p>
   </div>
   <div class='ocr_carea' id='block_1_57' title="bbox 2133 2882 3437 2964">
    <p class='ocr_par' dir='ltr' id='par_1_57' title="bbox 2133 2882 3437 2964">
     <span class='ocr_line' id='line_1_57' title="bbox 2133 2882 3437 2964; baseline -0.005 -11"><span class='ocrx_word' id='word_1_428' title='bbox 2133 2882 2174 2940; x_wconf 78' lang='lat' dir='ltr'><strong>C</strong></span> <span class='ocrx_word' id='word_1_429' title='bbox 2219 2899 2455 2963; x_wconf 75' lang='grc' dir='ltr'>Ἰσραὴλ</span> <span class='ocrx_word' id='word_1_430' title='bbox 2487 2896 2909 2964; x_wconf 67' lang='grc' dir='ltr'>προστάγματα</span> <span class='ocrx_word' id='word_1_431' title='bbox 2938 2894 3034 2946; x_wconf 81' lang='grc' dir='ltr'>καὶ</span> <span class='ocrx_word' id='word_1_432' title='bbox 3057 2892 3437 2961; x_wconf 77' lang='grc' dir='ltr'>δικαιώματα.</span> 
     </span>
    </p>
   </div>
   <div class='ocr_carea' id='block_1_58' title="bbox 599 2991 2105 3062">
    <p class='ocr_par' dir='ltr' id='par_1_58' title="bbox 599 2991 2105 3062">
     <span class='ocr_line' id='line_1_58' title="bbox 599 2991 2105 3062; baseline -0.004 -10"><span class='ocrx_word' id='word_1_433' title='bbox 599 2994 783 3053; x_wconf 81' lang='lat' dir='ltr'><strong>XLVI.</strong></span> <span class='ocrx_word' id='word_1_434' title='bbox 823 2993 1057 3047; x_wconf 78' lang='lat' dir='ltr'><strong>Rursum</strong></span> <span class='ocrx_word' id='word_1_435' title='bbox 1088 2991 1278 3047; x_wconf 88' lang='lat' dir='ltr'><strong>suadet</strong></span> <span class='ocrx_word' id='word_1_436' title='bbox 1311 2992 1586 3062; x_wconf 63' lang='lat' dir='ltr'><strong>prolthetaa</strong></span> <span class='ocrx_word' id='word_1_437' title='bbox 1614 3006 1894 3046; x_wconf 88' lang='lat' dir='ltr'><strong>sermones</strong></span> <span class='ocrx_word' id='word_1_438' title='bbox 1923 2991 2105 3062; x_wconf 77' lang='lat' dir='ltr'><strong>legen-</strong></span> 
     </span>
    </p>
   </div>
   <div class='ocr_carea' id='block_1_59' title="bbox 530 3082 2104 3154">
    <p class='ocr_par' dir='ltr' id='par_1_59' title="bbox 530 3082 2104 3154">
     <span class='ocr_line' id='line_1_59' title="bbox 530 3082 2104 3154; baseline -0.004 -11"><span class='ocrx_word' id='word_1_439' title='bbox 530 3089 675 3144; x_wconf 81' lang='lat' dir='ltr'><strong>tibus</strong></span> <span class='ocrx_word' id='word_1_440' title='bbox 696 3087 770 3142; x_wconf 93' lang='lat' dir='ltr'><strong>uti</strong></span> <span class='ocrx_word' id='word_1_441' title='bbox 796 3085 1052 3154; x_wconf 77' lang='lat' dir='ltr'><strong>cogitent,</strong></span> <span class='ocrx_word' id='word_1_442' title='bbox 1080 3099 1183 3138; x_wconf 90' lang='lat' dir='ltr'><strong>non</strong></span> <span class='ocrx_word' id='word_1_443' title='bbox 1213 3098 1402 3137; x_wconf 89' lang='lat' dir='ltr'><strong>novam</strong></span> <span class='ocrx_word' id='word_1_444' title='bbox 1431 3092 1522 3137; x_wconf 91' lang='lat' dir='ltr'><strong>aut</strong></span> <span class='ocrx_word' id='word_1_445' title='bbox 1544 3082 1913 3138; x_wconf 86' lang='lat' dir='ltr'><strong>inconsuetam</strong></span> <span class='ocrx_word' id='word_1_446' title='bbox 1944 3099 2104 3153; x_wconf 87' lang='lat' dir='ltr'><strong>super</strong></span> 
     </span>
    </p>
   </div>
   <div class='ocr_carea' id='block_1_60' title="bbox 526 3172 2103 3246">
    <p class='ocr_par' dir='ltr' id='par_1_60' title="bbox 526 3172 2103 3246">
     <span class='ocr_line' id='line_1_60' title="bbox 526 3172 2103 3246; baseline -0.003 -12"><span class='ocrx_word' id='word_1_447' title='bbox 526 3179 746 3234; x_wconf 83' lang='lat' dir='ltr'><strong>Christo</strong></span> <span class='ocrx_word' id='word_1_448' title='bbox 789 3174 1230 3246; x_wconf 70' lang='lat' dir='ltr'><strong>praedicationem</strong></span> <span class='ocrx_word' id='word_1_449' title='bbox 1274 3187 1395 3227; x_wconf 89' lang='lat' dir='ltr'><strong>esse</strong></span> <span class='ocrx_word' id='word_1_450' title='bbox 1437 3172 1657 3237; x_wconf 83' lang='lat' dir='ltr'><strong>factam,</strong></span> <span class='ocrx_word' id='word_1_451' title='bbox 1694 3189 1867 3243; x_wconf 89' lang='lat' dir='ltr'><strong>neque</strong></span> <span class='ocrx_word' id='word_1_452' title='bbox 1910 3190 1939 3227; x_wconf 87' lang='lat' dir='ltr'><strong>a</strong></span> <span class='ocrx_word' id='word_1_453' title='bbox 1989 3175 2103 3229; x_wconf 82' lang='lat' dir='ltr'><strong>solo</strong></span> 
     </span>
    </p>
   </div>
   <div class='ocr_carea' id='block_1_61' title="bbox 529 3263 2101 3334">
    <p class='ocr_par' dir='ltr' id='par_1_61' title="bbox 529 3263 2101 3334">
     <span class='ocr_line' id='line_1_61' title="bbox 529 3263 2101 3334; baseline -0.002 -12"><span class='ocrx_word' id='word_1_454' title='bbox 529 3266 785 3322; x_wconf 68' lang='lat' dir='ltr'><strong>lialachia</strong></span> <span class='ocrx_word' id='word_1_455' title='bbox 826 3265 1238 3334; x_wconf 77' lang='lat' dir='ltr'><strong>praenuntiatam</strong></span> <span class='ocrx_word' id='word_1_456' title='bbox 1263 3302 1277 3328; x_wconf 90' lang='lat'><strong>,</strong></span> <span class='ocrx_word' id='word_1_457' title='bbox 1327 3264 1421 3318; x_wconf 84' lang='lat' dir='ltr'><strong>sed</strong></span> <span class='ocrx_word' id='word_1_458' title='bbox 1453 3263 1518 3316; x_wconf 89' lang='lat' dir='ltr'><strong>ab</strong></span> <span class='ocrx_word' id='word_1_459' title='bbox 1549 3264 1784 3332; x_wconf 88' lang='lat' dir='ltr'><strong>antiquis</strong></span> <span class='ocrx_word' id='word_1_460' title='bbox 1821 3272 1876 3318; x_wconf 89' lang='lat' dir='ltr'><strong>et</strong></span> <span class='ocrx_word' id='word_1_461' title='bbox 1914 3265 2101 3333; x_wconf 86' lang='lat' dir='ltr'><strong>primis</strong></span> 
     </span>
    </p>
   </div>
   <div class='ocr_carea' id='block_1_62' title="bbox 526 3354 2099 3426">
    <p class='ocr_par' dir='ltr' id='par_1_62' title="bbox 526 3354 2099 3426">
     <span class='ocr_line' id='line_1_62' title="bbox 526 3354 2099 3426; baseline -0.002 -15"><span class='ocrx_word' id='word_1_462' title='bbox 526 3356 878 3426; x_wconf 84' lang='lat' dir='ltr'><strong>temporibus,</strong></span> <span class='ocrx_word' id='word_1_463' title='bbox 906 3362 963 3407; x_wconf 87' lang='lat' dir='ltr'><strong>ut</strong></span> <span class='ocrx_word' id='word_1_464' title='bbox 1007 3355 1080 3408; x_wconf 86' lang='lat' dir='ltr'><strong>ita</strong></span> <span class='ocrx_word' id='word_1_465' title='bbox 1117 3355 1312 3420; x_wconf 88' lang='lat' dir='ltr'><strong>dicam,</strong></span> <span class='ocrx_word' id='word_1_466' title='bbox 1358 3354 1552 3422; x_wconf 88' lang='lat' dir='ltr'><strong>quibus</strong></span> <span class='ocrx_word' id='word_1_467' title='bbox 1593 3357 1657 3408; x_wconf 88' lang='lat' dir='ltr'><strong>ad</strong></span> <span class='ocrx_word' id='word_1_468' title='bbox 1709 3355 1799 3408; x_wconf 82' lang='lat' dir='ltr'><strong>Dei</strong></span> <span class='ocrx_word' id='word_1_469' title='bbox 1853 3358 2099 3410; x_wconf 67' lang='lat' dir='ltr'><strong>nodtiam</strong></span> 
     </span>
    </p>
   </div>
   <div class='ocr_carea' id='block_1_63' title="bbox 524 3445 2100 3514">
    <p class='ocr_par' dir='ltr' id='par_1_63' title="bbox 524 3445 2100 3514">
     <span class='ocr_line' id='line_1_63' title="bbox 524 3445 2100 3514; baseline -0.001 -10"><span class='ocrx_word' id='word_1_470' title='bbox 524 3447 689 3504; x_wconf 82' lang='lat' dir='ltr'><strong>Israel</strong></span> <span class='ocrx_word' id='word_1_471' title='bbox 727 3457 949 3501; x_wconf 80' lang='lat' dir='ltr'><strong>vocatus</strong></span> <span class='ocrx_word' id='word_1_472' title='bbox 991 3453 1094 3508; x_wconf 90' lang='lat' dir='ltr'><strong>est,</strong></span> <span class='ocrx_word' id='word_1_473' title='bbox 1132 3445 1345 3514; x_wconf 82' lang='lat' dir='ltr'><strong>quando</strong></span> <span class='ocrx_word' id='word_1_474' title='bbox 1386 3446 1529 3512; x_wconf 82' lang='lat' dir='ltr'><strong>leges</strong></span> <span class='ocrx_word' id='word_1_475' title='bbox 1576 3445 1627 3497; x_wconf 89' lang='lat' dir='ltr'><strong>in</strong></span> <span class='ocrx_word' id='word_1_476' title='bbox 1669 3446 1810 3500; x_wconf 90' lang='lat' dir='ltr'><strong>Oreb</strong></span> <span class='ocrx_word' id='word_1_477' title='bbox 1840 3446 2100 3502; x_wconf 88' lang='lat' dir='ltr'><strong>divinitus</strong></span> 
     </span>
    </p>
   </div>
   <div class='ocr_carea' id='block_1_64' title="bbox 519 3537 2096 3611">
    <p class='ocr_par' dir='ltr' id='par_1_64' title="bbox 519 3537 2096 3611">
     <span class='ocr_line' id='line_1_64' title="bbox 519 3537 2096 3611; baseline 0.001 -20"><span class='ocrx_word' id='word_1_478' title='bbox 519 3538 830 3611; x_wconf 68' lang='lat' dir='ltr'><strong>3701mm</strong></span> <span class='ocrx_word' id='word_1_479' title='bbox 851 3548 996 3591; x_wconf 91' lang='lat' dir='ltr'><strong>sunt.</strong></span> <span class='ocrx_word' id='word_1_480' title='bbox 1023 3537 1312 3591; x_wconf 82' lang='lat' dir='ltr'><strong>Descendit</strong></span> <span class='ocrx_word' id='word_1_481' title='bbox 1332 3537 1472 3590; x_wconf 90' lang='lat' dir='ltr'><strong>enim</strong></span> <span class='ocrx_word' id='word_1_482' title='bbox 1495 3537 1865 3592; x_wconf 82' lang='lat' dir='ltr'><strong>universorum</strong></span> <span class='ocrx_word' id='word_1_483' title='bbox 1887 3538 2026 3592; x_wconf 91' lang='lat' dir='ltr'><strong>Dens</strong></span> <span class='ocrx_word' id='word_1_484' title='bbox 2044 3541 2096 3592; x_wconf 94' lang='lat' dir='ltr'><strong>in</strong></span> 
     </span>
    </p>
   </div>
   <div class='ocr_carea' id='block_1_65' title="bbox 524 3629 2094 3702">
    <p class='ocr_par' dir='ltr' id='par_1_65' title="bbox 524 3629 2094 3702">
     <span class='ocr_line' id='line_1_65' title="bbox 524 3629 2094 3702; baseline -0.002 -15"><span class='ocrx_word' id='word_1_485' title='bbox 524 3634 703 3702; x_wconf 88' lang='lat' dir='ltr'><strong>specie</strong></span> <span class='ocrx_word' id='word_1_486' title='bbox 727 3631 865 3702; x_wconf 74' lang='lat' dir='ltr'><strong>ignis</strong></span> <span class='ocrx_word' id='word_1_487' title='bbox 893 3645 1058 3699; x_wconf 71' lang='lat' dir='ltr'><strong>super</strong></span> <span class='ocrx_word' id='word_1_488' title='bbox 1082 3641 1318 3683; x_wconf 89' lang='lat' dir='ltr'><strong>montem</strong></span> <span class='ocrx_word' id='word_1_489' title='bbox 1344 3629 1496 3694; x_wconf 87' lang='lat' dir='ltr'><strong>Sina,</strong></span> <span class='ocrx_word' id='word_1_490' title='bbox 1517 3632 1868 3700; x_wconf 75' lang='lat' dir='ltr'><strong>apparuitque</strong></span> <span class='ocrx_word' id='word_1_491' title='bbox 1896 3630 2094 3694; x_wconf 83' lang='lat' dir='ltr'><strong>fumus,</strong></span> 
     </span>
    </p>
   </div>
   <div class='ocr_carea' id='block_1_66' title="bbox 522 3720 2097 3789">
    <p class='ocr_par' dir='ltr' id='par_1_66' title="bbox 522 3720 2097 3789">
     <span class='ocr_line' id='line_1_66' title="bbox 522 3720 2097 3789; baseline -0.002 -10"><span class='ocrx_word' id='word_1_492' title='bbox 522 3733 578 3779; x_wconf 84' lang='lat' dir='ltr'><strong>et</strong></span> <span class='ocrx_word' id='word_1_493' title='bbox 627 3724 858 3777; x_wconf 72' lang='lat' dir='ltr'><strong>ﬂantum:</strong></span> <span class='ocrx_word' id='word_1_494' title='bbox 907 3722 958 3775; x_wconf 91' lang='lat' dir='ltr'><strong>in</strong></span> <span class='ocrx_word' id='word_1_495' title='bbox 1010 3720 1225 3775; x_wconf 88' lang='lat' dir='ltr'><strong>sublimi</strong></span> <span class='ocrx_word' id='word_1_496' title='bbox 1276 3722 1561 3783; x_wconf 90' lang='lat' dir='ltr'><strong>micantes,</strong></span> <span class='ocrx_word' id='word_1_497' title='bbox 1613 3731 1665 3776; x_wconf 87' lang='lat' dir='ltr'><strong>et</strong></span> <span class='ocrx_word' id='word_1_498' title='bbox 1713 3722 2097 3789; x_wconf 87' lang='lat' dir='ltr'><strong>aspicientibus</strong></span> 
     </span>
    </p>
   </div>
   <div class='ocr_carea' id='block_1_67' title="bbox 522 3812 2097 3877">
    <p class='ocr_par' dir='ltr' id='par_1_67' title="bbox 522 3812 2097 3877">
     <span class='ocr_line' id='line_1_67' title="bbox 522 3812 2097 3877; baseline -0.002 -8"><span class='ocrx_word' id='word_1_499' title='bbox 522 3814 749 3869; x_wconf 90' lang='lat' dir='ltr'><strong>multum</strong></span> <span class='ocrx_word' id='word_1_500' title='bbox 783 3825 1044 3868; x_wconf 87' lang='lat' dir='ltr'><strong>terrorem</strong></span> <span class='ocrx_word' id='word_1_501' title='bbox 1073 3812 1412 3867; x_wconf 88' lang='lat' dir='ltr'><strong>incutientes.</strong></span> <span class='ocrx_word' id='word_1_502' title='bbox 1437 3813 1600 3866; x_wconf 84' lang='lat' dir='ltr'><strong>Erant</strong></span> <span class='ocrx_word' id='word_1_503' title='bbox 1619 3815 1746 3868; x_wconf 83' lang='lat' dir='ltr'><strong>item</strong></span> <span class='ocrx_word' id='word_1_504' title='bbox 1770 3815 2021 3877; x_wconf 65' lang='lat' dir='ltr'><strong>tenebrae,</strong></span> <span class='ocrx_word' id='word_1_505' title='bbox 2043 3825 2097 3868; x_wconf 90' lang='lat' dir='ltr'><strong>et</strong></span> 
     </span>
    </p>
   </div>
   <div class='ocr_carea' id='block_1_68' title="bbox 522 3903 2091 3976">
    <p class='ocr_par' dir='ltr' id='par_1_68' title="bbox 522 3903 2091 3976">
     <span class='ocr_line' id='line_1_68' title="bbox 522 3903 2091 3976; baseline -0.003 -16"><span class='ocrx_word' id='word_1_506' title='bbox 522 3906 718 3976; x_wconf 78' lang='lat' dir='ltr'><strong>caligo,</strong></span> <span class='ocrx_word' id='word_1_507' title='bbox 748 3914 801 3958; x_wconf 86' lang='lat' dir='ltr'><strong>et</strong></span> <span class='ocrx_word' id='word_1_508' title='bbox 828 3905 1086 3973; x_wconf 89' lang='lat' dir='ltr'><strong>procella,</strong></span> <span class='ocrx_word' id='word_1_509' title='bbox 1119 3915 1171 3958; x_wconf 90' lang='lat' dir='ltr'><strong>et</strong></span> <span class='ocrx_word' id='word_1_510' title='bbox 1196 3905 1402 3958; x_wconf 87' lang='lat' dir='ltr'><strong>sonitus</strong></span> <span class='ocrx_word' id='word_1_511' title='bbox 1429 3906 1568 3958; x_wconf 83' lang='lat' dir='ltr'><strong>tubae</strong></span> <span class='ocrx_word' id='word_1_512' title='bbox 1595 3905 1781 3974; x_wconf 75' lang='lat' dir='ltr'><strong>ingens</strong></span> <span class='ocrx_word' id='word_1_513' title='bbox 1803 3904 1889 3957; x_wconf 74' lang='grc'><strong>³⁵⁸.</strong></span> <span class='ocrx_word' id='word_1_514' title='bbox 1920 3903 2091 3967; x_wconf 87' lang='lat' dir='ltr'><strong>Tunc,</strong></span> 
     </span>
    </p>
   </div>
   <div class='ocr_carea' id='block_1_69' title="bbox 524 3997 2095 4066">
    <p class='ocr_par' dir='ltr' id='par_1_69' title="bbox 524 3997 2095 4066">
     <span class='ocr_line' id='line_1_69' title="bbox 524 3997 2095 4066; baseline -0.002 -15"><span class='ocrx_word' id='word_1_515' title='bbox 524 4009 651 4052; x_wconf 90' lang='lat' dir='ltr'><strong>tunc</strong></span> <span class='ocrx_word' id='word_1_516' title='bbox 688 3997 920 4066; x_wconf 82' lang='lat' dir='ltr'><strong>perculsi</strong></span> <span class='ocrx_word' id='word_1_517' title='bbox 962 3997 1154 4050; x_wconf 87' lang='lat' dir='ltr'><strong>timore</strong></span> <span class='ocrx_word' id='word_1_518' title='bbox 1188 3997 1281 4050; x_wconf 87' lang='lat' dir='ltr'><strong>lilii</strong></span> <span class='ocrx_word' id='word_1_519' title='bbox 1335 3997 1525 4059; x_wconf 84' lang='lat' dir='ltr'><strong>Israel,</strong></span> <span class='ocrx_word' id='word_1_520' title='bbox 1568 3998 1899 4050; x_wconf 82' lang='lat' dir='ltr'><strong>accedebant</strong></span> <span class='ocrx_word' id='word_1_521' title='bbox 1952 3997 2095 4049; x_wconf 82' lang='lat' dir='ltr'><strong>dice-</strong></span> 
     </span>
    </p>
   </div>
   <div class='ocr_carea' id='block_1_70' title="bbox 518 4085 2088 4156">
    <p class='ocr_par' dir='ltr' id='par_1_70' title="bbox 518 4085 2088 4156">
     <span class='ocr_line' id='line_1_70' title="bbox 518 4085 2088 4156; baseline -0.001 -15"><span class='ocrx_word' id='word_1_522' title='bbox 518 4085 758 4156; x_wconf 84' lang='lat' dir='ltr'><strong>bantque</strong></span> <span class='ocrx_word' id='word_1_523' title='bbox 815 4085 1097 4140; x_wconf 89' lang='lat' dir='ltr'><strong>tnediatori</strong></span> <span class='ocrx_word' id='word_1_524' title='bbox 1141 4096 1195 4140; x_wconf 90' lang='lat' dir='ltr'><strong>et</strong></span> <span class='ocrx_word' id='word_1_525' title='bbox 1241 4086 1558 4149; x_wconf 87' lang='lat' dir='ltr'><strong>institutori,</strong></span> <span class='ocrx_word' id='word_1_526' title='bbox 1604 4085 1739 4140; x_wconf 83' lang='lat' dir='ltr'><strong>Mosi</strong></span> <span class='ocrx_word' id='word_1_527' title='bbox 1785 4087 2031 4140; x_wconf 89' lang='lat' dir='ltr'><strong>videlicet</strong></span> <span class='ocrx_word' id='word_1_528' title='bbox 2075 4104 2088 4139; x_wconf 89' lang='lat'><strong>:</strong></span> 
     </span>
    </p>
   </div>
   <div class='ocr_carea' id='block_1_71' title="bbox 523 4175 2087 4247">
    <p class='ocr_par' dir='ltr' id='par_1_71' title="bbox 523 4175 2087 4247">
     <span class='ocr_line' id='line_1_71' title="bbox 523 4175 2087 4247; baseline 0.001 -18"><span class='ocrx_word' id='word_1_529' title='bbox 523 4196 543 4229; x_wconf 78' lang='grc' dir='ltr'><strong>ι</strong></span> <span class='ocrx_word' id='word_1_530' title='bbox 576 4175 844 4247; x_wconf 83' lang='lat' dir='ltr'><strong>Loquere,</strong></span> <span class='ocrx_word' id='word_1_531' title='bbox 864 4186 940 4242; x_wconf 91' lang='lat' dir='ltr'><strong>tu,</strong></span> <span class='ocrx_word' id='word_1_532' title='bbox 967 4178 1216 4241; x_wconf 87' lang='lat' dir='ltr'><strong>nobis,et</strong></span> <span class='ocrx_word' id='word_1_533' title='bbox 1235 4193 1337 4230; x_wconf 92' lang='lat' dir='ltr'><strong>non</strong></span> <span class='ocrx_word' id='word_1_534' title='bbox 1358 4177 1609 4245; x_wconf 88' lang='lat' dir='ltr'><strong>loquatur</strong></span> <span class='ocrx_word' id='word_1_535' title='bbox 1627 4177 1780 4229; x_wconf 90' lang='lat' dir='ltr'><strong>nobis</strong></span> <span class='ocrx_word' id='word_1_536' title='bbox 1811 4177 2087 4242; x_wconf 90' lang='lat' dir='ltr'><strong>Dominus,</strong></span> 
     </span>
    </p>
   </div>
   <div class='ocr_carea' id='block_1_72' title="bbox 2277 2985 3784 3056">
    <p class='ocr_par' dir='ltr' id='par_1_72' title="bbox 2277 2985 3784 3056">
     <span class='ocr_line' id='line_1_72' title="bbox 2277 2985 3784 3056; baseline -0.001 -14"><span class='ocrx_word' id='word_1_537' title='bbox 2277 2988 2426 3055; x_wconf 70' lang='grc' dir='ltr'>Μετ’.</span> <span class='ocrx_word' id='word_1_538' title='bbox 2467 2987 2771 3040; x_wconf 83' lang='grc' dir='ltr'>Ἀναπείθει</span> <span class='ocrx_word' id='word_1_539' title='bbox 2803 2988 2961 3039; x_wconf 84' lang='grc' dir='ltr'>πάλιν</span> <span class='ocrx_word' id='word_1_540' title='bbox 2990 2988 3190 3038; x_wconf 76' lang='grc' dir='ltr'>ἐννοεῖν</span> <span class='ocrx_word' id='word_1_541' title='bbox 3213 2986 3340 3047; x_wconf 76' lang='grc' dir='ltr'>τοὺς</span> <span class='ocrx_word' id='word_1_542' title='bbox 3365 2985 3784 3056; x_wconf 80' lang='grc' dir='ltr'>ἐντευξομένους</span> 
     </span>
    </p>
   </div>
   <div class='ocr_carea' id='block_1_73' title="bbox 2203 3077 3784 3150">
    <p class='ocr_par' dir='ltr' id='par_1_73' title="bbox 2203 3077 3784 3150">
     <span class='ocr_line' id='line_1_73' title="bbox 2203 3077 3784 3150; baseline -0.002 -16"><span class='ocrx_word' id='word_1_543' title='bbox 2203 3085 2316 3144; x_wconf 87' lang='grc' dir='ltr'>τοῖς</span> <span class='ocrx_word' id='word_1_544' title='bbox 2354 3080 2446 3133; x_wconf 78' lang='grc' dir='ltr'>τοῦ</span> <span class='ocrx_word' id='word_1_545' title='bbox 2489 3082 2765 3150; x_wconf 84' lang='grc' dir='ltr'>προφήτου</span> <span class='ocrx_word' id='word_1_546' title='bbox 2808 3078 2986 3148; x_wconf 82' lang='grc' dir='ltr'>λόγοις</span> <span class='ocrx_word' id='word_1_547' title='bbox 3013 3079 3092 3131; x_wconf 84' lang='grc' dir='ltr'>ὅτι</span> <span class='ocrx_word' id='word_1_548' title='bbox 3124 3078 3196 3148; x_wconf 85' lang='grc' dir='ltr'>μὴ</span> <span class='ocrx_word' id='word_1_549' title='bbox 3231 3077 3414 3130; x_wconf 76' lang='grc' dir='ltr'>καινὸν</span> <span class='ocrx_word' id='word_1_550' title='bbox 3447 3077 3478 3146; x_wconf 82' lang='grc' dir='ltr'>ἢ</span> <span class='ocrx_word' id='word_1_551' title='bbox 3514 3077 3784 3148; x_wconf 73' lang='grc' dir='ltr'>ἀσύνηθες</span> 
     </span>
    </p>
   </div>
   <div class='ocr_carea' id='block_1_74' title="bbox 2203 3170 3781 3242">
    <p class='ocr_par' dir='ltr' id='par_1_74' title="bbox 2203 3170 3781 3242">
     <span class='ocr_line' id='line_1_74' title="bbox 2203 3170 3781 3242; baseline 0 -17"><span class='ocrx_word' id='word_1_552' title='bbox 2203 3174 2263 3225; x_wconf 88' lang='grc' dir='ltr'><strong>τὸ</strong></span> <span class='ocrx_word' id='word_1_553' title='bbox 2304 3172 2396 3224; x_wconf 70' lang='grc' dir='ltr'><strong>ἐπὶ</strong></span> <span class='ocrx_word' id='word_1_554' title='bbox 2451 3170 2669 3242; x_wconf 82' lang='grc' dir='ltr'>Χριστῷ</span> <span class='ocrx_word' id='word_1_555' title='bbox 2703 3171 2892 3240; x_wconf 85' lang='grc' dir='ltr'>γέγονε</span> <span class='ocrx_word' id='word_1_556' title='bbox 2941 3173 3223 3242; x_wconf 78' lang='grc' dir='ltr'>κήρυγμα,</span> <span class='ocrx_word' id='word_1_557' title='bbox 3258 3174 3392 3242; x_wconf 83' lang='grc' dir='ltr'>μήτε</span> <span class='ocrx_word' id='word_1_558' title='bbox 3443 3174 3552 3242; x_wconf 78' lang='grc' dir='ltr'>μὴν</span> <span class='ocrx_word' id='word_1_559' title='bbox 3590 3174 3781 3240; x_wconf 79' lang='grc' dir='ltr'>μόναις</span> 
     </span>
    </p>
   </div>
   <div class='ocr_carea' id='block_1_75' title="bbox 2201 3264 3782 3337">
    <p class='ocr_par' dir='ltr' id='par_1_75' title="bbox 2201 3264 3782 3337">
     <span class='ocr_line' id='line_1_75' title="bbox 2201 3264 3782 3337; baseline 0.003 -22"><span class='ocrx_word' id='word_1_560' title='bbox 2201 3267 2321 3326; x_wconf 85' lang='grc' dir='ltr'>ταῖς</span> <span class='ocrx_word' id='word_1_561' title='bbox 2353 3264 2634 3334; x_wconf 81' lang='grc' dir='ltr'>Μαλαχίου</span> <span class='ocrx_word' id='word_1_562' title='bbox 2678 3266 2881 3332; x_wconf 78' lang='grc' dir='ltr'>φωναῖς</span> <span class='ocrx_word' id='word_1_563' title='bbox 2916 3264 3438 3334; x_wconf 82' lang='grc' dir='ltr'>προαπηγγελμένον</span> <span class='ocrx_word' id='word_1_564' title='bbox 3459 3281 3473 3294; x_wconf 94' lang='grc'><strong>·</strong></span> <span class='ocrx_word' id='word_1_565' title='bbox 3502 3264 3642 3318; x_wconf 82' lang='grc' dir='ltr'><strong>ἀλλά</strong></span> <span class='ocrx_word' id='word_1_566' title='bbox 3673 3265 3782 3337; x_wconf 76' lang='grc' dir='ltr'>γὰρ</span> 
     </span>
    </p>
   </div>
   <div class='ocr_carea' id='block_1_76' title="bbox 2201 3354 3778 3426">
    <p class='ocr_par' dir='ltr' id='par_1_76' title="bbox 2201 3354 3778 3426">
     <span class='ocr_line' id='line_1_76' title="bbox 2201 3354 3778 3426; baseline 0.001 -18"><span class='ocrx_word' id='word_1_567' title='bbox 2201 3354 2408 3408; x_wconf 78' lang='grc' dir='ltr'>ἄνωθέν</span> <span class='ocrx_word' id='word_1_568' title='bbox 2439 3371 2496 3406; x_wconf 89' lang='grc' dir='ltr'><strong>τε</strong></span> <span class='ocrx_word' id='word_1_569' title='bbox 2528 3356 2621 3407; x_wconf 73' lang='grc' dir='ltr'>καὶ</span> <span class='ocrx_word' id='word_1_570' title='bbox 2655 3355 2715 3419; x_wconf 80' lang='grc' dir='ltr'><strong>ἐξ</strong></span> <span class='ocrx_word' id='word_1_571' title='bbox 2741 3356 2914 3425; x_wconf 74' lang='grc' dir='ltr'>ἀρχῆς</span> <span class='ocrx_word' id='word_1_572' title='bbox 2934 3397 2946 3420; x_wconf 76' lang='grc'><strong>,</strong></span> <span class='ocrx_word' id='word_1_573' title='bbox 2977 3357 3066 3407; x_wconf 73' lang='grc' dir='ltr'><strong>καὶ</strong></span> <span class='ocrx_word' id='word_1_574' title='bbox 3105 3359 3169 3408; x_wconf 79' lang='grc' dir='ltr'>ἐκ</span> <span class='ocrx_word' id='word_1_575' title='bbox 3199 3355 3448 3426; x_wconf 87' lang='grc' dir='ltr'>πρώτων,</span> <span class='ocrx_word' id='word_1_576' title='bbox 3489 3354 3575 3410; x_wconf 78' lang='grc' dir='ltr'><strong>ἵνα</strong></span> <span class='ocrx_word' id='word_1_577' title='bbox 3603 3357 3778 3422; x_wconf 75' lang='grc' dir='ltr'>οὕτως</span> 
     </span>
    </p>
   </div>
   <div class='ocr_carea' id='block_1_77' title="bbox 2201 3446 3779 3518">
    <p class='ocr_par' dir='ltr' id='par_1_77' title="bbox 2201 3446 3779 3518">
     <span class='ocr_line' id='line_1_77' title="bbox 2201 3446 3779 3518; baseline 0.001 -20"><span class='ocrx_word' id='word_1_578' title='bbox 2201 3448 2467 3516; x_wconf 76' lang='grc' dir='ltr'>εἴπωμεν,</span> <span class='ocrx_word' id='word_1_579' title='bbox 2487 3447 2712 3517; x_wconf 78' lang='grc' dir='ltr'>χρόνων,</span> <span class='ocrx_word' id='word_1_580' title='bbox 2733 3447 2853 3512; x_wconf 79' lang='grc' dir='ltr'>καθ’</span> <span class='ocrx_word' id='word_1_581' title='bbox 2875 3446 2968 3509; x_wconf 82' lang='grc' dir='ltr'><strong>οὓς</strong></span> <span class='ocrx_word' id='word_1_582' title='bbox 2994 3446 3249 3515; x_wconf 86' lang='grc' dir='ltr'>κέκληται</span> <span class='ocrx_word' id='word_1_583' title='bbox 3281 3448 3416 3518; x_wconf 68' lang='grc' dir='ltr'>πρὶς</span> <span class='ocrx_word' id='word_1_584' title='bbox 3445 3447 3779 3514; x_wconf 74' lang='grc' dir='ltr'>θεογνωσίαν</span> 
     </span>
    </p>
   </div>
   <div class='ocr_carea' id='block_1_78' title="bbox 2198 3537 3776 3610">
    <p class='ocr_par' dir='ltr' id='par_1_78' title="bbox 2198 3537 3776 3610">
     <span class='ocr_line' id='line_1_78' title="bbox 2198 3537 3776 3610; baseline 0.001 -18"><span class='ocrx_word' id='word_1_585' title='bbox 2198 3541 2226 3592; x_wconf 93' lang='lat'><strong>6</strong></span> <span class='ocrx_word' id='word_1_586' title='bbox 2262 3538 2494 3610; x_wconf 77' lang='grc' dir='ltr'>Ἰσραὴλ,</span> <span class='ocrx_word' id='word_1_587' title='bbox 2524 3539 2611 3590; x_wconf 80' lang='grc' dir='ltr'><strong>ὅτε</strong></span> <span class='ocrx_word' id='word_1_588' title='bbox 2639 3539 2761 3600; x_wconf 75' lang='grc' dir='ltr'>τοὺς</span> <span class='ocrx_word' id='word_1_589' title='bbox 2790 3540 2847 3590; x_wconf 85' lang='grc' dir='ltr'>ὲν</span> <span class='ocrx_word' id='word_1_590' title='bbox 2869 3537 3069 3608; x_wconf 79' lang='grc' dir='ltr'>Χωρὴὸ</span> <span class='ocrx_word' id='word_1_591' title='bbox 3103 3539 3532 3608; x_wconf 78' lang='grc' dir='ltr'>κεχρησμῲδηκε</span> <span class='ocrx_word' id='word_1_592' title='bbox 3555 3541 3776 3609; x_wconf 87' lang='grc' dir='ltr'>νόμους.</span> 
     </span>
    </p>
   </div>
   <div class='ocr_carea' id='block_1_79' title="bbox 2198 3630 3778 3705">
    <p class='ocr_par' dir='ltr' id='par_1_79' title="bbox 2198 3630 3778 3705">
     <span class='ocr_line' id='line_1_79' title="bbox 2198 3630 3778 3705; baseline 0.001 -19"><span class='ocrx_word' id='word_1_593' title='bbox 2198 3631 2559 3700; x_wconf 74' lang='grc' dir='ltr'>Καταϐέὸηκε</span> <span class='ocrx_word' id='word_1_594' title='bbox 2597 3631 2695 3702; x_wconf 79' lang='grc' dir='ltr'><strong>μὲν</strong></span> <span class='ocrx_word' id='word_1_595' title='bbox 2717 3630 2822 3701; x_wconf 85' lang='grc' dir='ltr'><strong>γὰρ</strong></span> <span class='ocrx_word' id='word_1_596' title='bbox 2847 3633 2874 3684; x_wconf 90' lang='lat'><strong>6</strong></span> <span class='ocrx_word' id='word_1_597' title='bbox 2902 3631 3008 3683; x_wconf 87' lang='grc' dir='ltr'><strong>τῶν</strong></span> <span class='ocrx_word' id='word_1_598' title='bbox 3038 3631 3173 3683; x_wconf 79' lang='grc' dir='ltr'>ὅλων</span> <span class='ocrx_word' id='word_1_599' title='bbox 3207 3631 3336 3695; x_wconf 80' lang='grc' dir='ltr'>Θεὸς</span> <span class='ocrx_word' id='word_1_600' title='bbox 3365 3634 3423 3683; x_wconf 83' lang='grc' dir='ltr'><strong>ἐν</strong></span> <span class='ocrx_word' id='word_1_601' title='bbox 3448 3633 3577 3685; x_wconf 77' lang='grc' dir='ltr'>εῖδει</span> <span class='ocrx_word' id='word_1_602' title='bbox 3605 3636 3778 3705; x_wconf 74' lang='grc' dir='ltr'>πυρὸς</span> 
     </span>
    </p>
   </div>
   <div class='ocr_carea' id='block_1_80' title="bbox 2197 3723 3775 3794">
    <p class='ocr_par' dir='ltr' id='par_1_80' title="bbox 2197 3723 3775 3794">
     <span class='ocr_line' id='line_1_80' title="bbox 2197 3723 3775 3794; baseline 0.001 -18"><span class='ocrx_word' id='word_1_603' title='bbox 2197 3725 2288 3776; x_wconf 77' lang='grc' dir='ltr'><strong>ἐπὶ</strong></span> <span class='ocrx_word' id='word_1_604' title='bbox 2317 3723 2376 3776; x_wconf 81' lang='grc' dir='ltr'><strong>τὸ</strong></span> <span class='ocrx_word' id='word_1_605' title='bbox 2409 3723 2533 3791; x_wconf 75' lang='grc' dir='ltr'>ὅρος</span> <span class='ocrx_word' id='word_1_606' title='bbox 2574 3723 2635 3775; x_wconf 82' lang='grc' dir='ltr'><strong>τὸ</strong></span> <span class='ocrx_word' id='word_1_607' title='bbox 2682 3724 2831 3784; x_wconf 82' lang='grc' dir='ltr'>Σινᾶ,</span> <span class='ocrx_word' id='word_1_608' title='bbox 2879 3723 3159 3791; x_wconf 76' lang='grc' dir='ltr'>ἐφαίνοντο</span> <span class='ocrx_word' id='word_1_609' title='bbox 3188 3723 3243 3774; x_wconf 80' lang='grc' dir='ltr'>δὲ</span> <span class='ocrx_word' id='word_1_610' title='bbox 3295 3725 3490 3776; x_wconf 71' lang='grc' dir='ltr'>καπνοὶ</span> <span class='ocrx_word' id='word_1_611' title='bbox 3523 3725 3645 3794; x_wconf 83' lang='grc' dir='ltr'>μὲν,</span> <span class='ocrx_word' id='word_1_612' title='bbox 3680 3727 3775 3778; x_wconf 77' lang='grc' dir='ltr'><strong>καὶ</strong></span> 
     </span>
    </p>
   </div>
   <div class='ocr_carea' id='block_1_81' title="bbox 2198 3813 3774 3888">
    <p class='ocr_par' dir='ltr' id='par_1_81' title="bbox 2198 3813 3774 3888">
     <span class='ocr_line' id='line_1_81' title="bbox 2198 3813 3774 3888; baseline 0.003 -22"><span class='ocrx_word' id='word_1_613' title='bbox 2198 3817 2395 3884; x_wconf 82' lang='grc' dir='ltr'>φλόγες</span> <span class='ocrx_word' id='word_1_614' title='bbox 2421 3813 2555 3884; x_wconf 62' lang='grc' dir='ltr'>ὑψοῦ</span> <span class='ocrx_word' id='word_1_615' title='bbox 2584 3831 2644 3866; x_wconf 88' lang='grc' dir='ltr'><strong>τε</strong></span> <span class='ocrx_word' id='word_1_616' title='bbox 2678 3814 3010 3873; x_wconf 89' lang='grc' dir='ltr'>διάττουσαι,</span> <span class='ocrx_word' id='word_1_617' title='bbox 3041 3814 3136 3866; x_wconf 73' lang='grc' dir='ltr'><strong>καὶ</strong></span> <span class='ocrx_word' id='word_1_618' title='bbox 3169 3813 3301 3867; x_wconf 83' lang='grc' dir='ltr'>πολὺ</span> <span class='ocrx_word' id='word_1_619' title='bbox 3331 3818 3441 3877; x_wconf 81' lang='grc' dir='ltr'>τοῖς</span> <span class='ocrx_word' id='word_1_620' title='bbox 3475 3815 3774 3888; x_wconf 85' lang='grc' dir='ltr'>θεωμένοις</span> 
     </span>
    </p>
   </div>
   <div class='ocr_carea' id='block_1_82' title="bbox 2196 3901 3774 3978">
    <p class='ocr_par' dir='ltr' id='par_1_82' title="bbox 2196 3901 3774 3978">
     <span class='ocr_line' id='line_1_82' title="bbox 2196 3901 3774 3978; baseline 0.005 -20"><span class='ocrx_word' id='word_1_621' title='bbox 2196 3906 2516 3975; x_wconf 80' lang='grc' dir='ltr'>ἐμποιοῦσαι</span> <span class='ocrx_word' id='word_1_622' title='bbox 2551 3906 2610 3958; x_wconf 83' lang='grc' dir='ltr'>τὸ</span> <span class='ocrx_word' id='word_1_623' title='bbox 2644 3906 2824 3974; x_wconf 79' lang='grc' dir='ltr'>δεῖμα.</span> <span class='ocrx_word' id='word_1_624' title='bbox 2861 3905 3057 3968; x_wconf 80' lang='grc' dir='ltr'>Σκότος</span> <span class='ocrx_word' id='word_1_625' title='bbox 3097 3905 3154 3958; x_wconf 80' lang='grc' dir='ltr'><strong>δὲ</strong></span> <span class='ocrx_word' id='word_1_626' title='bbox 3177 3901 3264 3976; x_wconf 79' lang='grc' dir='ltr'>ἦν,</span> <span class='ocrx_word' id='word_1_627' title='bbox 3293 3907 3386 3959; x_wconf 73' lang='grc' dir='ltr'>καὶ</span> <span class='ocrx_word' id='word_1_628' title='bbox 3420 3911 3637 3978; x_wconf 78' lang='grc' dir='ltr'>γνόφος,</span> <span class='ocrx_word' id='word_1_629' title='bbox 3669 3913 3774 3966; x_wconf 80' lang='grc' dir='ltr'>καὶ</span> 
     </span>
    </p>
   </div>
   <div class='ocr_carea' id='block_1_83' title="bbox 2197 3999 3768 4074">
    <p class='ocr_par' dir='ltr' id='par_1_83' title="bbox 2197 3999 3768 4074">
     <span class='ocr_line' id='line_1_83' title="bbox 2197 3999 3768 4074; baseline 0.003 -22"><span class='ocrx_word' id='word_1_630' title='bbox 2197 3999 2413 4061; x_wconf 83' lang='grc' dir='ltr'>θύελλα,</span> <span class='ocrx_word' id='word_1_631' title='bbox 2457 4000 2551 4052; x_wconf 72' lang='grc' dir='ltr'>καὶ</span> <span class='ocrx_word' id='word_1_632' title='bbox 2602 4002 2753 4070; x_wconf 80' lang='grc' dir='ltr'>φωνὴ</span> <span class='ocrx_word' id='word_1_633' title='bbox 2803 3999 2900 4067; x_wconf 80' lang='grc' dir='ltr'>τῆς</span> <span class='ocrx_word' id='word_1_634' title='bbox 2945 3999 3264 4067; x_wconf 86' lang='grc' dir='ltr'>σάλπιγγος,</span> <span class='ocrx_word' id='word_1_635' title='bbox 3309 4001 3550 4074; x_wconf 70' lang='grc' dir='ltr'>ἡκούσης</span> <span class='ocrx_word' id='word_1_636' title='bbox 3599 4004 3768 4072; x_wconf 82' lang='grc' dir='ltr'>μέγα.</span> 
     </span>
    </p>
   </div>
   <div class='ocr_carea' id='block_1_84' title="bbox 2194 4091 3773 4166">
    <p class='ocr_par' dir='ltr' id='par_1_84' title="bbox 2194 4091 3773 4166">
     <span class='ocr_line' id='line_1_84' title="bbox 2194 4091 3773 4166; baseline 0.004 -23"><span class='ocrx_word' id='word_1_637' title='bbox 2194 4092 2328 4144; x_wconf 86' lang='grc' dir='ltr'>Τότε</span> <span class='ocrx_word' id='word_1_638' title='bbox 2384 4091 2485 4160; x_wconf 84' lang='grc' dir='ltr'><strong>δὴ,</strong></span> <span class='ocrx_word' id='word_1_639' title='bbox 2550 4092 2670 4144; x_wconf 88' lang='grc' dir='ltr'>τότε</span> <span class='ocrx_word' id='word_1_640' title='bbox 2719 4092 3005 4160; x_wconf 77' lang='grc' dir='ltr'>περίφοϐοι</span> <span class='ocrx_word' id='word_1_641' title='bbox 3061 4093 3343 4160; x_wconf 81' lang='grc' dir='ltr'>γεγονότες</span> <span class='ocrx_word' id='word_1_642' title='bbox 3387 4095 3489 4145; x_wconf 71' lang='grc' dir='ltr'>υἱοὶ</span> <span class='ocrx_word' id='word_1_643' title='bbox 3553 4095 3773 4166; x_wconf 78' lang='grc' dir='ltr'>Ἰσραὴλ</span> 
     </span>
    </p>
   </div>
   <div class='ocr_carea' id='block_1_85' title="bbox 2196 4182 3770 4256">
    <p class='ocr_par' dir='ltr' id='par_1_85' title="bbox 2196 4182 3770 4256">
     <span class='ocr_line' id='line_1_85' title="bbox 2196 4182 3770 4256; baseline 0.003 -21"><span class='ocrx_word' id='word_1_644' title='bbox 2196 4182 2508 4252; x_wconf 73' lang='grc' dir='ltr'>προσῄεσαν</span> <span class='ocrx_word' id='word_1_645' title='bbox 2540 4183 2787 4252; x_wconf 87' lang='grc' dir='ltr'>λέγοντες</span> <span class='ocrx_word' id='word_1_646' title='bbox 2815 4201 2892 4253; x_wconf 83' lang='grc' dir='ltr'>τῳ</span> <span class='ocrx_word' id='word_1_647' title='bbox 2919 4185 3112 4256; x_wconf 83' lang='grc' dir='ltr'>μεσίτῃ</span> <span class='ocrx_word' id='word_1_648' title='bbox 3146 4185 3236 4236; x_wconf 77' lang='grc' dir='ltr'>καὶ</span> <span class='ocrx_word' id='word_1_649' title='bbox 3266 4184 3596 4254; x_wconf 83' lang='grc' dir='ltr'>παιδαγωγῷ</span> <span class='ocrx_word' id='word_1_650' title='bbox 3616 4187 3770 4254; x_wconf 75' lang='lat' dir='ltr'><strong>(Mou-</strong></span> 
     </span>
    </p>
   </div>
   <div class='ocr_carea' id='block_1_86' title="bbox 495 4242 2101 4349">
    <p class='ocr_par' dir='ltr' id='par_1_86' title="bbox 495 4242 2087 4335">
     <span class='ocr_line' id='line_1_86' title="bbox 495 4242 2087 4335; baseline 0 -16"><span class='ocrx_word' id='word_1_651' title='bbox 495 4253 586 4322; x_wconf 7' lang='lat' dir='ltr'><strong>ine</strong></span> <span class='ocrx_word' id='word_1_652' title='bbox 628 4242 922 4320; x_wconf 71' lang='lat' dir='ltr'><strong>moriamur</strong></span> <span class='ocrx_word' id='word_1_653' title='bbox 963 4265 1028 4320; x_wconf 77' lang='grc'>⁸⁸.</span> <span class='ocrx_word' id='word_1_654' title='bbox 1062 4284 1080 4319; x_wconf 78' lang='grc' dir='ltr'><strong>ι</strong></span> <span class='ocrx_word' id='word_1_655' title='bbox 1132 4265 1214 4320; x_wconf 82' lang='lat' dir='ltr'><strong>Ad</strong></span> <span class='ocrx_word' id='word_1_656' title='bbox 1245 4281 1364 4334; x_wconf 68' lang='lat' dir='ltr'><strong>quae</strong></span> <span class='ocrx_word' id='word_1_657' title='bbox 1415 4242 1596 4319; x_wconf 88' lang='lat' dir='ltr'><strong>Deus:</strong></span> <span class='ocrx_word' id='word_1_658' title='bbox 1634 4283 1652 4315; x_wconf 81' lang='grc' dir='ltr'><strong>ι</strong></span> <span class='ocrx_word' id='word_1_659' title='bbox 1682 4265 1844 4329; x_wconf 85' lang='lat' dir='ltr'><strong>Bene,</strong></span> <span class='ocrx_word' id='word_1_660' title='bbox 1895 4267 2087 4335; x_wconf 87' lang='lat' dir='ltr'><strong>inquit,</strong></span> 
     </span>
    </p>
   </div>
   <div class='ocr_carea' id='block_1_87' title="bbox 2210 4242 3771 4349">
    <p class='ocr_par' dir='ltr' id='par_1_87' title="bbox 2210 4242 3771 4349">
     <span class='ocr_line' id='line_1_87' title="bbox 2210 4242 3771 4349; baseline 0.002 -21"><span class='ocrx_word' id='word_1_661' title='bbox 2210 4242 2296 4344; x_wconf 66' lang='grc' dir='ltr'>ςής</span> <span class='ocrx_word' id='word_1_662' title='bbox 2337 4242 2492 4338; x_wconf 40' lang='grc' dir='ltr'>οὗτος</span> <span class='ocrx_word' id='word_1_663' title='bbox 2523 4242 2650 4346; x_wconf 27' lang='lat' dir='ltr'><strong>ip):</strong></span> <span class='ocrx_word' id='word_1_664' title='bbox 2691 4295 2708 4326; x_wconf 79' lang='grc' dir='ltr'><strong>ι</strong></span> <span class='ocrx_word' id='word_1_665' title='bbox 2737 4242 3012 4330; x_wconf 44' lang='grc' dir='ltr'>λάλει-σὺ</span> <span class='ocrx_word' id='word_1_666' title='bbox 3047 4242 3180 4346; x_wconf 61' lang='grc' dir='ltr'>πρὸς</span> <span class='ocrx_word' id='word_1_667' title='bbox 3215 4279 3392 4347; x_wconf 78' lang='grc' dir='ltr'>ἡμᾶς,</span> <span class='ocrx_word' id='word_1_668' title='bbox 3425 4242 3632 4349; x_wconf 46' lang='grc' dir='ltr'>καὶ.</span> <span class='ocrx_word' id='word_1_669' title='bbox 3671 4279 3771 4332; x_wconf 75' lang='grc' dir='ltr'>λαο</span> 
     </span>
    </p>
   </div>
   <div class='ocr_carea' id='block_1_88' title="bbox 517 4355 2092 4428">
    <p class='ocr_par' dir='ltr' id='par_1_88' title="bbox 517 4355 2092 4428">
     <span class='ocr_line' id='line_1_88' title="bbox 517 4355 2092 4428; baseline 0 -16"><span class='ocrx_word' id='word_1_670' title='bbox 517 4358 698 4413; x_wconf 85' lang='lat' dir='ltr'><strong>omnia</strong></span> <span class='ocrx_word' id='word_1_671' title='bbox 737 4371 1072 4428; x_wconf 68' lang='lat' dir='ltr'><strong>quaecunque</strong></span> <span class='ocrx_word' id='word_1_672' title='bbox 1116 4358 1281 4410; x_wconf 89' lang='lat' dir='ltr'><strong>locuti</strong></span> <span class='ocrx_word' id='word_1_673' title='bbox 1325 4364 1468 4411; x_wconf 89' lang='lat' dir='ltr'><strong>sunt.</strong></span> <span class='ocrx_word' id='word_1_674' title='bbox 1513 4355 1774 4409; x_wconf 76' lang='lat' dir='ltr'><strong>Excitabo</strong></span> <span class='ocrx_word' id='word_1_675' title='bbox 1815 4356 1923 4410; x_wconf 89' lang='lat' dir='ltr'><strong>illis</strong></span> <span class='ocrx_word' id='word_1_676' title='bbox 1968 4374 2092 4426; x_wconf 84' lang='lat' dir='ltr'><strong>pro-</strong></span> 
     </span>
    </p>
   </div>
   <div class='ocr_carea' id='block_1_89' title="bbox 519 4448 2090 4520">
    <p class='ocr_par' dir='ltr' id='par_1_89' title="bbox 519 4448 2090 4520">
     <span class='ocr_line' id='line_1_89' title="bbox 519 4448 2090 4520; baseline -0.001 -16"><span class='ocrx_word' id='word_1_677' title='bbox 519 4449 736 4520; x_wconf 82' lang='lat' dir='ltr'><strong>phetam</strong></span> <span class='ocrx_word' id='word_1_678' title='bbox 762 4449 829 4504; x_wconf 90' lang='lat' dir='ltr'><strong>de</strong></span> <span class='ocrx_word' id='word_1_679' title='bbox 857 4449 1116 4503; x_wconf 80' lang='lat' dir='ltr'><strong>fratribus</strong></span> <span class='ocrx_word' id='word_1_680' title='bbox 1144 4448 1407 4517; x_wconf 88' lang='lat' dir='ltr'><strong>ipsorum,</strong></span> <span class='ocrx_word' id='word_1_681' title='bbox 1439 4448 1579 4503; x_wconf 89' lang='lat' dir='ltr'><strong>sicut</strong></span> <span class='ocrx_word' id='word_1_682' title='bbox 1614 4458 1684 4512; x_wconf 87' lang='lat' dir='ltr'><strong>te,</strong></span> <span class='ocrx_word' id='word_1_683' title='bbox 1721 4457 1777 4502; x_wconf 90' lang='lat' dir='ltr'><strong>et</strong></span> <span class='ocrx_word' id='word_1_684' title='bbox 1800 4448 1939 4504; x_wconf 88' lang='lat' dir='ltr'><strong>dabo</strong></span> <span class='ocrx_word' id='word_1_685' title='bbox 1966 4465 2090 4504; x_wconf 84' lang='lat' dir='ltr'><strong>ver-</strong></span> 
     </span>
    </p>
   </div>
   <div class='ocr_carea' id='block_1_90' title="bbox 517 4537 2089 4607">
    <p class='ocr_par' dir='ltr' id='par_1_90' title="bbox 517 4537 2089 4607">
     <span class='ocr_line' id='line_1_90' title="bbox 517 4537 2089 4607; baseline -0.001 -11"><span class='ocrx_word' id='word_1_686' title='bbox 517 4543 643 4596; x_wconf 83' lang='lat' dir='ltr'><strong>bum</strong></span> <span class='ocrx_word' id='word_1_687' title='bbox 684 4555 861 4597; x_wconf 91' lang='lat' dir='ltr'><strong>meum</strong></span> <span class='ocrx_word' id='word_1_688' title='bbox 902 4540 954 4594; x_wconf 92' lang='lat' dir='ltr'><strong>in</strong></span> <span class='ocrx_word' id='word_1_689' title='bbox 996 4555 1090 4595; x_wconf 89' lang='lat' dir='ltr'><strong>ore</strong></span> <span class='ocrx_word' id='word_1_690' title='bbox 1116 4537 1254 4606; x_wconf 84' lang='lat' dir='ltr'><strong>ejus,</strong></span> <span class='ocrx_word' id='word_1_691' title='bbox 1301 4550 1357 4592; x_wconf 88' lang='lat' dir='ltr'><strong>et</strong></span> <span class='ocrx_word' id='word_1_692' title='bbox 1401 4538 1648 4607; x_wconf 87' lang='lat' dir='ltr'><strong>loquetur</strong></span> <span class='ocrx_word' id='word_1_693' title='bbox 1675 4539 1756 4594; x_wconf 86' lang='lat' dir='ltr'><strong>eis</strong></span> <span class='ocrx_word' id='word_1_694' title='bbox 1795 4542 2089 4595; x_wconf 88' lang='lat' dir='ltr'><strong>secundum</strong></span> 
     </span>
    </p>
   </div>
   <div class='ocr_carea' id='block_1_91' title="bbox 515 4627 2081 4702">
    <p class='ocr_par' dir='ltr' id='par_1_91' title="bbox 515 4627 2081 4702">
     <span class='ocr_line' id='line_1_91' title="bbox 515 4627 2081 4702; baseline 0.001 -17"><span class='ocrx_word' id='word_1_695' title='bbox 515 4635 694 4686; x_wconf 87' lang='lat' dir='ltr'><strong>omnia</strong></span> <span class='ocrx_word' id='word_1_696' title='bbox 728 4648 846 4701; x_wconf 80' lang='lat' dir='ltr'><strong>qua:</strong></span> <span class='ocrx_word' id='word_1_697' title='bbox 879 4633 1204 4686; x_wconf 83' lang='lat' dir='ltr'><strong>mandavero</strong></span> <span class='ocrx_word' id='word_1_698' title='bbox 1241 4630 1290 4683; x_wconf 91' lang='lat' dir='ltr'><strong>ei</strong></span> <span class='ocrx_word' id='word_1_699' title='bbox 1323 4628 1389 4682; x_wconf 84' lang='lat'><strong>&quot;.</strong></span> <span class='ocrx_word' id='word_1_700' title='bbox 1430 4647 1448 4680; x_wconf 75' lang='grc' dir='ltr'><strong>ι</strong></span> <span class='ocrx_word' id='word_1_701' title='bbox 1481 4627 1642 4684; x_wconf 85' lang='lat' dir='ltr'><strong>Vides</strong></span> <span class='ocrx_word' id='word_1_702' title='bbox 1670 4635 1941 4699; x_wconf 90' lang='lat' dir='ltr'><strong>quomodo</strong></span> <span class='ocrx_word' id='word_1_703' title='bbox 1971 4633 2081 4702; x_wconf 87' lang='lat' dir='ltr'><strong>jam</strong></span> 
     </span>
    </p>
   </div>
   <div class='ocr_carea' id='block_1_92' title="bbox 513 4719 2082 4792">
    <p class='ocr_par' dir='ltr' id='par_1_92' title="bbox 513 4719 2082 4792">
     <span class='ocr_line' id='line_1_92' title="bbox 513 4719 2082 4792; baseline 0.001 -16"><span class='ocrx_word' id='word_1_704' title='bbox 513 4743 540 4776; x_wconf 88' lang='lat' dir='ltr'><strong>a</strong></span> <span class='ocrx_word' id='word_1_705' title='bbox 566 4723 949 4779; x_wconf 80' lang='lat' dir='ltr'><strong>vetustissimis</strong></span> <span class='ocrx_word' id='word_1_706' title='bbox 972 4721 1309 4791; x_wconf 87' lang='lat' dir='ltr'><strong>temporibus</strong></span> <span class='ocrx_word' id='word_1_707' title='bbox 1331 4719 1603 4774; x_wconf 85' lang='lat' dir='ltr'><strong>Christum</strong></span> <span class='ocrx_word' id='word_1_708' title='bbox 1628 4736 1782 4776; x_wconf 84' lang='lat' dir='ltr'><strong>sacra</strong></span> <span class='ocrx_word' id='word_1_709' title='bbox 1805 4720 2082 4792; x_wconf 84' lang='lat' dir='ltr'><strong>Scriptura</strong></span> 
     </span>
    </p>
   </div>
   <div class='ocr_carea' id='block_1_93' title="bbox 511 4813 2082 4886">
    <p class='ocr_par' dir='ltr' id='par_1_93' title="bbox 511 4813 2082 4886">
     <span class='ocr_line' id='line_1_93' title="bbox 511 4813 2082 4886; baseline 0.003 -20"><span class='ocrx_word' id='word_1_710' title='bbox 511 4816 930 4883; x_wconf 65' lang='lat' dir='ltr'><strong>praenuntiavit?</strong></span> <span class='ocrx_word' id='word_1_711' title='bbox 960 4813 1063 4869; x_wconf 88' lang='lat' dir='ltr'><strong>Sed</strong></span> <span class='ocrx_word' id='word_1_712' title='bbox 1115 4822 1169 4868; x_wconf 87' lang='lat' dir='ltr'><strong>et</strong></span> <span class='ocrx_word' id='word_1_713' title='bbox 1213 4814 1260 4868; x_wconf 90' lang='lat' dir='ltr'><strong>si</strong></span> <span class='ocrx_word' id='word_1_714' title='bbox 1317 4813 1438 4882; x_wconf 84' lang='lat' dir='ltr'><strong>quis</strong></span> <span class='ocrx_word' id='word_1_715' title='bbox 1485 4813 1706 4870; x_wconf 82' lang='lat' dir='ltr'><strong>umbras</strong></span> <span class='ocrx_word' id='word_1_716' title='bbox 1753 4816 1896 4885; x_wconf 80' lang='lat' dir='ltr'><strong>ipsas</strong></span> <span class='ocrx_word' id='word_1_717' title='bbox 1946 4816 2082 4886; x_wconf 81' lang='lat' dir='ltr'><strong>legis</strong></span> 
     </span>
    </p>
   </div>
   <div class='ocr_carea' id='block_1_94' title="bbox 509 4903 2080 4978">
    <p class='ocr_par' dir='ltr' id='par_1_94' title="bbox 509 4903 2080 4978">
     <span class='ocr_line' id='line_1_94' title="bbox 509 4903 2080 4978; baseline -0.002 -17"><span class='ocrx_word' id='word_1_718' title='bbox 509 4908 822 4962; x_wconf 70' lang='lat' dir='ltr'><strong>examinare</strong></span> <span class='ocrx_word' id='word_1_719' title='bbox 853 4906 1102 4972; x_wconf 88' lang='lat' dir='ltr'><strong>voluerit,</strong></span> <span class='ocrx_word' id='word_1_720' title='bbox 1151 4903 1427 4960; x_wconf 88' lang='lat' dir='ltr'><strong>Christum</strong></span> <span class='ocrx_word' id='word_1_721' title='bbox 1469 4907 1524 4958; x_wconf 94' lang='lat' dir='ltr'><strong>in</strong></span> <span class='ocrx_word' id='word_1_722' title='bbox 1571 4904 1638 4960; x_wconf 84' lang='lat' dir='ltr'><strong>iis</strong></span> <span class='ocrx_word' id='word_1_723' title='bbox 1669 4916 1724 4961; x_wconf 90' lang='lat' dir='ltr'><strong>et</strong></span> <span class='ocrx_word' id='word_1_724' title='bbox 1769 4909 2080 4978; x_wconf 84' lang='lat' dir='ltr'><strong>mysterium</strong></span> 
     </span>
    </p>
   </div>
   <div class='ocr_carea' id='block_1_95' title="bbox 508 4996 2076 5067">
    <p class='ocr_par' dir='ltr' id='par_1_95' title="bbox 508 4996 2076 5067">
     <span class='ocr_line' id='line_1_95' title="bbox 508 4996 2076 5067; baseline -0.001 -15"><span class='ocrx_word' id='word_1_725' title='bbox 508 4997 624 5066; x_wconf 80' lang='lat' dir='ltr'><strong>eius</strong></span> <span class='ocrx_word' id='word_1_726' title='bbox 667 4999 926 5067; x_wconf 75' lang='lat' dir='ltr'><strong>scriptum</strong></span> <span class='ocrx_word' id='word_1_727' title='bbox 958 4996 1346 5066; x_wconf 85' lang='lat' dir='ltr'><strong>deprehendet.</strong></span> <span class='ocrx_word' id='word_1_728' title='bbox 1389 4997 1572 5066; x_wconf 85' lang='lat' dir='ltr'><strong>Itaque</strong></span> <span class='ocrx_word' id='word_1_729' title='bbox 1597 4997 1809 5053; x_wconf 90' lang='lat' dir='ltr'><strong>dicebat</strong></span> <span class='ocrx_word' id='word_1_730' title='bbox 1835 4997 2076 5052; x_wconf 75' lang='lat' dir='ltr'><strong>Judmis:</strong></span> 
     </span>
    </p>
   </div>
   <div class='ocr_carea' id='block_1_96' title="bbox 515 5086 2075 5152">
    <p class='ocr_par' dir='ltr' id='par_1_96' title="bbox 515 5086 2075 5152">
     <span class='ocr_line' id='line_1_96' title="bbox 515 5086 2075 5152; baseline 0.001 -11"><span class='ocrx_word' id='word_1_731' title='bbox 515 5111 533 5141; x_wconf 81' lang='grc' dir='ltr'><strong>ο</strong></span> <span class='ocrx_word' id='word_1_732' title='bbox 569 5087 625 5145; x_wconf 91' lang='lat' dir='ltr'><strong>Si</strong></span> <span class='ocrx_word' id='word_1_733' title='bbox 667 5088 962 5144; x_wconf 84' lang='lat' dir='ltr'><strong>crederetis</strong></span> <span class='ocrx_word' id='word_1_734' title='bbox 1009 5086 1165 5152; x_wconf 79' lang='lat' dir='ltr'><strong>Mosi,</strong></span> <span class='ocrx_word' id='word_1_735' title='bbox 1216 5091 1508 5144; x_wconf 87' lang='lat' dir='ltr'><strong>crederetis</strong></span> <span class='ocrx_word' id='word_1_736' title='bbox 1547 5091 1772 5145; x_wconf 80' lang='lat' dir='ltr'><strong>forsitan</strong></span> <span class='ocrx_word' id='word_1_737' title='bbox 1806 5099 1859 5144; x_wconf 89' lang='lat' dir='ltr'><strong>et</strong></span> <span class='ocrx_word' id='word_1_738' title='bbox 1889 5090 2018 5144; x_wconf 90' lang='lat' dir='ltr'><strong>mihi</strong></span> <span class='ocrx_word' id='word_1_739' title='bbox 2061 5106 2075 5142; x_wconf 88' lang='lat'><strong>:</strong></span> 
     </span>
    </p>
   </div>
   <div class='ocr_carea' id='block_1_97' title="bbox 506 5179 2080 5258">
    <p class='ocr_par' dir='ltr' id='par_1_97' title="bbox 506 5179 2080 5258">
     <span class='ocr_line' id='line_1_97' title="bbox 506 5179 2080 5258; baseline 0.002 -25"><span class='ocrx_word' id='word_1_740' title='bbox 506 5183 575 5235; x_wconf 86' lang='lat' dir='ltr'><strong>de</strong></span> <span class='ocrx_word' id='word_1_741' title='bbox 601 5194 689 5258; x_wconf 86' lang='lat' dir='ltr'><strong>me</strong></span> <span class='ocrx_word' id='word_1_742' title='bbox 722 5179 867 5234; x_wconf 85' lang='lat' dir='ltr'><strong>enim</strong></span> <span class='ocrx_word' id='word_1_743' title='bbox 897 5179 984 5233; x_wconf 87' lang='lat' dir='ltr'><strong>ille</strong></span> <span class='ocrx_word' id='word_1_744' title='bbox 1006 5179 1227 5249; x_wconf 88' lang='lat' dir='ltr'><strong>scripsit</strong></span> <span class='ocrx_word' id='word_1_745' title='bbox 1252 5181 1316 5232; x_wconf 83' lang='lat'><strong>&quot;&#39;.</strong></span> <span class='ocrx_word' id='word_1_746' title='bbox 1349 5200 1366 5233; x_wconf 72' lang='grc' dir='ltr'><strong>ι</strong></span> <span class='ocrx_word' id='word_1_747' title='bbox 1398 5181 1676 5237; x_wconf 77' lang='lat' dir='ltr'><strong>Plenitudo</strong></span> <span class='ocrx_word' id='word_1_748' title='bbox 1701 5182 1842 5236; x_wconf 88' lang='lat' dir='ltr'><strong>enim</strong></span> <span class='ocrx_word' id='word_1_749' title='bbox 1870 5181 2004 5251; x_wconf 84' lang='lat' dir='ltr'><strong>legis</strong></span> <span class='ocrx_word' id='word_1_750' title='bbox 2024 5189 2080 5236; x_wconf 79' lang='lat' dir='ltr'><strong>et</strong></span> 
     </span>
    </p>
   </div>
   <div class='ocr_carea' id='block_1_98' title="bbox 509 5262 2080 5344">
    <p class='ocr_par' dir='ltr' id='par_1_98' title="bbox 509 5262 2080 5344">
     <span class='ocr_line' id='line_1_98' title="bbox 509 5262 2080 5344; baseline 0.003 -20"><span class='ocrx_word' id='word_1_751' title='bbox 509 5272 892 5339; x_wconf 75' lang='lat' dir='ltr'><strong>prophetarum</strong></span> <span class='ocrx_word' id='word_1_752' title='bbox 937 5270 1206 5336; x_wconf 83' lang='lat' dir='ltr'><strong>Christus,</strong></span> <span class='ocrx_word' id='word_1_753' title='bbox 1240 5288 1336 5342; x_wconf 86' lang='lat' dir='ltr'><strong>per</strong></span> <span class='ocrx_word' id='word_1_754' title='bbox 1378 5288 1561 5344; x_wconf 90' lang='lat' dir='ltr'><strong>quem,</strong></span> <span class='ocrx_word' id='word_1_755' title='bbox 1601 5283 1801 5329; x_wconf 89' lang='lat' dir='ltr'><strong>etcum</strong></span> <span class='ocrx_word' id='word_1_756' title='bbox 1833 5289 1941 5343; x_wconf 89' lang='lat' dir='ltr'><strong>quo</strong></span> <span class='ocrx_word' id='word_1_757' title='bbox 1971 5262 2080 5328; x_wconf 79' lang='lat' dir='ltr'><strong>Deo</strong></span> 
     </span>
    </p>
   </div>
   <div class='ocr_carea' id='block_1_99' title="bbox 505 5350 2077 5434">
    <p class='ocr_par' dir='ltr' id='par_1_99' title="bbox 505 5350 2077 5434">
     <span class='ocr_line' id='line_1_99' title="bbox 505 5350 2077 5434; baseline 0.004 -21"><span class='ocrx_word' id='word_1_758' title='bbox 505 5371 562 5417; x_wconf 73' lang='lat' dir='ltr'><strong>ct</strong></span> <span class='ocrx_word' id='word_1_759' title='bbox 594 5361 742 5416; x_wconf 86' lang='lat' dir='ltr'><strong>Patri</strong></span> <span class='ocrx_word' id='word_1_760' title='bbox 771 5362 960 5430; x_wconf 84' lang='lat' dir='ltr'><strong>gloria,</strong></span> <span class='ocrx_word' id='word_1_761' title='bbox 996 5379 1118 5416; x_wconf 87' lang='lat' dir='ltr'><strong>cum</strong></span> <span class='ocrx_word' id='word_1_762' title='bbox 1153 5365 1496 5418; x_wconf 82' lang='lat' dir='ltr'><strong>sanctissimo</strong></span> <span class='ocrx_word' id='word_1_763' title='bbox 1535 5364 1736 5434; x_wconf 88' lang='lat' dir='ltr'><strong>Spiritu</strong></span> <span class='ocrx_word' id='word_1_764' title='bbox 1769 5365 1822 5419; x_wconf 93' lang='lat' dir='ltr'><strong>in</strong></span> <span class='ocrx_word' id='word_1_765' title='bbox 1865 5350 2077 5419; x_wconf 78' lang='lat' dir='ltr'><strong>omnem</strong></span> 
     </span>
    </p>
   </div>
   <div class='ocr_carea' id='block_1_100' title="bbox 505 5453 1114 5510">
    <p class='ocr_par' dir='ltr' id='par_1_100' title="bbox 505 5453 1114 5510">
     <span class='ocr_line' id='line_1_100' title="bbox 505 5453 1114 5510; baseline 0.007 -4"><span class='ocrx_word' id='word_1_766' title='bbox 505 5453 883 5508; x_wconf 74' lang='lat' dir='ltr'><strong>:eternitatem.</strong></span> <span class='ocrx_word' id='word_1_767' title='bbox 921 5455 1114 5510; x_wconf 85' lang='lat' dir='ltr'><strong>Amen.</strong></span> 
     </span>
    </p>
   </div>
   <div class='ocr_carea' id='block_1_101' title="bbox 2191 4367 3772 4440">
    <p class='ocr_par' dir='ltr' id='par_1_101' title="bbox 2191 4367 3772 4440">
     <span class='ocr_line' id='line_1_101' title="bbox 2191 4367 3772 4440; baseline 0.004 -22"><span class='ocrx_word' id='word_1_768' title='bbox 2191 4367 2353 4419; x_wconf 84' lang='grc' dir='ltr'>λείτω</span> <span class='ocrx_word' id='word_1_769' title='bbox 2383 4367 2518 4438; x_wconf 82' lang='grc' dir='ltr'>πρὸς</span> <span class='ocrx_word' id='word_1_770' title='bbox 2556 4369 2699 4437; x_wconf 77' lang='grc' dir='ltr'>ἡμᾶς</span> <span class='ocrx_word' id='word_1_771' title='bbox 2724 4369 2752 4420; x_wconf 91' lang='lat'><strong>6</strong></span> <span class='ocrx_word' id='word_1_772' title='bbox 2781 4367 2932 4432; x_wconf 81' lang='grc' dir='ltr'>Θεὸς,</span> <span class='ocrx_word' id='word_1_773' title='bbox 2959 4370 3044 4420; x_wconf 84' lang='grc' dir='ltr'><strong>ῐνα</strong></span> <span class='ocrx_word' id='word_1_774' title='bbox 3079 4369 3153 4440; x_wconf 80' lang='grc' dir='ltr'><strong>μὴ</strong></span> <span class='ocrx_word' id='word_1_775' title='bbox 3189 4369 3568 4438; x_wconf 71' lang='grc' dir='ltr'>ἀποθάνωμεν.</span> <span class='ocrx_word' id='word_1_776' title='bbox 3601 4387 3622 4420; x_wconf 77' lang='grc' dir='ltr'><strong>ι</strong></span> <span class='ocrx_word' id='word_1_777' title='bbox 3656 4371 3772 4424; x_wconf 70' lang='grc' dir='ltr'><strong>Καὶ</strong></span> 
     </span>
    </p>
   </div>
   <div class='ocr_carea' id='block_1_102' title="bbox 2191 4457 3769 4530">
    <p class='ocr_par' dir='ltr' id='par_1_102' title="bbox 2191 4457 3769 4530">
     <span class='ocr_line' id='line_1_102' title="bbox 2191 4457 3769 4530; baseline 0.003 -20"><span class='ocrx_word' id='word_1_778' title='bbox 2191 4457 2258 4528; x_wconf 83' lang='grc' dir='ltr'>δὴ</span> <span class='ocrx_word' id='word_1_779' title='bbox 2292 4457 2427 4530; x_wconf 82' lang='grc' dir='ltr'>πρὸς</span> <span class='ocrx_word' id='word_1_780' title='bbox 2467 4457 2641 4511; x_wconf 79' lang='grc' dir='ltr'>ταῦτα</span> <span class='ocrx_word' id='word_1_781' title='bbox 2673 4459 2840 4522; x_wconf 80' lang='grc' dir='ltr'>Θεός·</span> <span class='ocrx_word' id='word_1_782' title='bbox 2889 4478 2906 4509; x_wconf 78' lang='grc' dir='ltr'><strong>ι</strong></span> <span class='ocrx_word' id='word_1_783' title='bbox 2951 4459 3176 4529; x_wconf 81' lang='grc' dir='ltr'>Ὀρθῶς,</span> <span class='ocrx_word' id='word_1_784' title='bbox 3222 4461 3390 4530; x_wconf 77' lang='grc' dir='ltr'>φησὶ,</span> <span class='ocrx_word' id='word_1_785' title='bbox 3438 4460 3617 4514; x_wconf 85' lang='grc' dir='ltr'>πάντα</span> <span class='ocrx_word' id='word_1_786' title='bbox 3666 4461 3769 4516; x_wconf 77' lang='grc' dir='ltr'><strong>ὅσα</strong></span> 
     </span>
    </p>
   </div>
   <div class='ocr_carea' id='block_1_103' title="bbox 2196 4549 3765 4620">
    <p class='ocr_par' dir='ltr' id='par_1_103' title="bbox 2196 4549 3765 4620">
     <span class='ocr_line' id='line_1_103' title="bbox 2196 4549 3765 4620; baseline 0.001 -18"><span class='ocrx_word' id='word_1_787' title='bbox 2196 4549 2483 4618; x_wconf 72' lang='grc' dir='ltr'>ἐλάλησαν.</span> <span class='ocrx_word' id='word_1_788' title='bbox 2515 4549 2809 4620; x_wconf 78' lang='grc' dir='ltr'>Προφήτην</span> <span class='ocrx_word' id='word_1_789' title='bbox 2843 4549 3024 4611; x_wconf 77' lang='grc' dir='ltr'>αὐτοῖς</span> <span class='ocrx_word' id='word_1_790' title='bbox 3053 4550 3343 4619; x_wconf 81' lang='grc' dir='ltr'>ἀναστήσω</span> <span class='ocrx_word' id='word_1_791' title='bbox 3376 4553 3439 4603; x_wconf 85' lang='grc' dir='ltr'>ὲκ</span> <span class='ocrx_word' id='word_1_792' title='bbox 3467 4550 3576 4603; x_wconf 89' lang='grc' dir='ltr'><strong>τῶν</strong></span> <span class='ocrx_word' id='word_1_793' title='bbox 3606 4550 3765 4605; x_wconf 78' lang='grc' dir='ltr'>ἀδελ-</span> 
     </span>
    </p>
   </div>
   <div class='ocr_carea' id='block_1_104' title="bbox 2193 4639 3768 4713">
    <p class='ocr_par' dir='ltr' id='par_1_104' title="bbox 2193 4639 3768 4713">
     <span class='ocr_line' id='line_1_104' title="bbox 2193 4639 3768 4713; baseline 0.003 -21"><span class='ocrx_word' id='word_1_794' title='bbox 2193 4639 2310 4710; x_wconf 86' lang='grc' dir='ltr'>φῶν</span> <span class='ocrx_word' id='word_1_795' title='bbox 2335 4639 2510 4693; x_wconf 75' lang='grc' dir='ltr'>αὺτῶν</span> <span class='ocrx_word' id='word_1_796' title='bbox 2541 4639 2729 4710; x_wconf 89' lang='grc' dir='ltr'>ῶσπερ</span> <span class='ocrx_word' id='word_1_797' title='bbox 2764 4641 2846 4702; x_wconf 81' lang='grc' dir='ltr'>σὲ,</span> <span class='ocrx_word' id='word_1_798' title='bbox 2879 4641 2975 4694; x_wconf 74' lang='grc' dir='ltr'>καὶ</span> <span class='ocrx_word' id='word_1_799' title='bbox 3008 4641 3159 4712; x_wconf 85' lang='grc' dir='ltr'>θήσω</span> <span class='ocrx_word' id='word_1_800' title='bbox 3187 4642 3311 4704; x_wconf 78' lang='grc' dir='ltr'>τοὺς</span> <span class='ocrx_word' id='word_1_801' title='bbox 3334 4640 3524 4710; x_wconf 81' lang='grc' dir='ltr'>λόγους</span> <span class='ocrx_word' id='word_1_802' title='bbox 3553 4660 3654 4713; x_wconf 90' lang='grc' dir='ltr'><strong>μου</strong></span> <span class='ocrx_word' id='word_1_803' title='bbox 3685 4646 3768 4704; x_wconf 77' lang='grc' dir='ltr'><strong>είς</strong></span> 
     </span>
    </p>
   </div>
   <div class='ocr_carea' id='block_1_105' title="bbox 2193 4729 3765 4801">
    <p class='ocr_par' dir='ltr' id='par_1_105' title="bbox 2193 4729 3765 4801">
     <span class='ocr_line' id='line_1_105' title="bbox 2193 4729 3765 4801; baseline 0.002 -17"><span class='ocrx_word' id='word_1_804' title='bbox 2193 4731 2251 4784; x_wconf 82' lang='grc' dir='ltr'><strong>τὸ</strong></span> <span class='ocrx_word' id='word_1_805' title='bbox 2288 4729 2462 4799; x_wconf 88' lang='grc' dir='ltr'>στόμα</span> <span class='ocrx_word' id='word_1_806' title='bbox 2487 4730 2671 4796; x_wconf 78' lang='grc' dir='ltr'>αὑτοῦ,</span> <span class='ocrx_word' id='word_1_807' title='bbox 2710 4730 2804 4784; x_wconf 79' lang='grc' dir='ltr'><strong>καὶ</strong></span> <span class='ocrx_word' id='word_1_808' title='bbox 2832 4731 3051 4801; x_wconf 88' lang='grc' dir='ltr'>λαλήσει</span> <span class='ocrx_word' id='word_1_809' title='bbox 3073 4731 3254 4795; x_wconf 79' lang='grc' dir='ltr'>αὐτοῖς</span> <span class='ocrx_word' id='word_1_810' title='bbox 3276 4732 3416 4785; x_wconf 88' lang='grc' dir='ltr'><strong>κατά</strong></span> <span class='ocrx_word' id='word_1_811' title='bbox 3453 4733 3633 4786; x_wconf 79' lang='grc' dir='ltr'>πάντα</span> <span class='ocrx_word' id='word_1_812' title='bbox 3662 4733 3765 4788; x_wconf 79' lang='grc' dir='ltr'>ὅσα</span> 
     </span>
    </p>
   </div>
   <div class='ocr_carea' id='block_1_106' title="bbox 2190 4822 3765 4896">
    <p class='ocr_par' dir='ltr' id='par_1_106' title="bbox 2190 4822 3765 4896">
     <span class='ocr_line' id='line_1_106' title="bbox 2190 4822 3765 4896; baseline 0.001 -20"><span class='ocrx_word' id='word_1_813' title='bbox 2190 4823 2494 4893; x_wconf 82' lang='grc' dir='ltr'>ὲντέλωμαι</span> <span class='ocrx_word' id='word_1_814' title='bbox 2553 4823 2721 4893; x_wconf 78' lang='grc' dir='ltr'>αὐτῷ.</span> <span class='ocrx_word' id='word_1_815' title='bbox 2761 4841 2779 4874; x_wconf 73' lang='grc' dir='ltr'><strong>ι</strong></span> <span class='ocrx_word' id='word_1_816' title='bbox 2843 4822 3005 4893; x_wconf 72' lang='grc' dir='ltr'>Ὁρᾷς</span> <span class='ocrx_word' id='word_1_817' title='bbox 3054 4825 3203 4886; x_wconf 84' lang='grc' dir='ltr'>ὅπως</span> <span class='ocrx_word' id='word_1_818' title='bbox 3247 4824 3313 4876; x_wconf 84' lang='grc' dir='ltr'>ὲκ</span> <span class='ocrx_word' id='word_1_819' title='bbox 3374 4825 3604 4896; x_wconf 84' lang='grc' dir='ltr'>μακρῶν</span> <span class='ocrx_word' id='word_1_820' title='bbox 3652 4825 3765 4879; x_wconf 85' lang='grc' dir='ltr'><strong>τῶν</strong></span> 
     </span>
    </p>
   </div>
   <div class='ocr_carea' id='block_1_107' title="bbox 2188 4911 3766 4986">
    <p class='ocr_par' dir='ltr' id='par_1_107' title="bbox 2188 4911 3766 4986">
     <span class='ocr_line' id='line_1_107' title="bbox 2188 4911 3766 4986; baseline 0.002 -20"><span class='ocrx_word' id='word_1_821' title='bbox 2188 4911 2394 4966; x_wconf 81' lang='grc' dir='ltr'>ἄνωθεν</span> <span class='ocrx_word' id='word_1_822' title='bbox 2433 4913 2640 4982; x_wconf 86' lang='grc' dir='ltr'>χρόνων</span> <span class='ocrx_word' id='word_1_823' title='bbox 2673 4913 3045 4983; x_wconf 82' lang='grc' dir='ltr'>προανεφὼνει</span> <span class='ocrx_word' id='word_1_824' title='bbox 3071 4913 3304 4984; x_wconf 84' lang='grc' dir='ltr'>Χριστὸν</span> <span class='ocrx_word' id='word_1_825' title='bbox 3332 4915 3392 4967; x_wconf 84' lang='grc' dir='ltr'><strong>τὸ</strong></span> <span class='ocrx_word' id='word_1_826' title='bbox 3429 4915 3672 4986; x_wconf 85' lang='grc' dir='ltr'>Γράμμα</span> <span class='ocrx_word' id='word_1_827' title='bbox 3699 4915 3766 4970; x_wconf 71' lang='grc' dir='ltr'>τὸ</span> 
     </span>
    </p>
   </div>
   <div class='ocr_carea' id='block_1_108' title="bbox 2189 5001 3760 5074">
    <p class='ocr_par' dir='ltr' id='par_1_108' title="bbox 2189 5001 3760 5074">
     <span class='ocr_line' id='line_1_108' title="bbox 2189 5001 3760 5074; baseline 0.003 -20"><span class='ocrx_word' id='word_1_828' title='bbox 2189 5003 2368 5074; x_wconf 82' lang='grc' dir='ltr'>ίερόν;</span> <span class='ocrx_word' id='word_1_829' title='bbox 2407 5001 2569 5055; x_wconf 78' lang='grc' dir='ltr'>Ἀλλὰ</span> <span class='ocrx_word' id='word_1_830' title='bbox 2598 5003 2691 5055; x_wconf 68' lang='grc' dir='ltr'>καὶ</span> <span class='ocrx_word' id='word_1_831' title='bbox 2735 5003 2905 5066; x_wconf 77' lang='grc' dir='ltr'>αὑτὰς</span> <span class='ocrx_word' id='word_1_832' title='bbox 2951 5004 3000 5056; x_wconf 78' lang='grc' dir='ltr'>εἰ</span> <span class='ocrx_word' id='word_1_833' title='bbox 3041 5003 3104 5070; x_wconf 82' lang='grc' dir='ltr'>δὴ</span> <span class='ocrx_word' id='word_1_834' title='bbox 3139 5004 3378 5074; x_wconf 74' lang='grc' dir='ltr'>βούλοιτό</span> <span class='ocrx_word' id='word_1_835' title='bbox 3409 5021 3493 5067; x_wconf 80' lang='grc' dir='ltr'><strong>τις</strong></span> <span class='ocrx_word' id='word_1_836' title='bbox 3529 5007 3630 5069; x_wconf 82' lang='grc' dir='ltr'><strong>τὰς</strong></span> <span class='ocrx_word' id='word_1_837' title='bbox 3665 5004 3760 5058; x_wconf 84' lang='grc' dir='ltr'>τοῦ</span> 
     </span>
    </p>
   </div>
   <div class='ocr_carea' id='block_1_109' title="bbox 2169 5094 3758 5172">
    <p class='ocr_par' dir='ltr' id='par_1_109' title="bbox 2169 5094 3758 5172">
     <span class='ocr_line' id='line_1_109' title="bbox 2169 5094 3758 5172; baseline 0.001 -26"><span class='ocrx_word' id='word_1_838' title='bbox 2169 5096 2352 5172; x_wconf 21' lang='grc' dir='ltr'>,νόμου</span> <span class='ocrx_word' id='word_1_839' title='bbox 2379 5094 2690 5164; x_wconf 78' lang='grc' dir='ltr'>βασανίζειν</span> <span class='ocrx_word' id='word_1_840' title='bbox 2709 5095 3130 5166; x_wconf 77' lang='grc' dir='ltr'>σκιὰς,Χριστδν</span> <span class='ocrx_word' id='word_1_841' title='bbox 3146 5096 3364 5167; x_wconf 78' lang='grc' dir='ltr'>εὑρήσει</span> <span class='ocrx_word' id='word_1_842' title='bbox 3387 5097 3758 5168; x_wconf 80' lang='grc' dir='ltr'>γραφόμενον,</span> 
     </span>
    </p>
   </div>
   <div class='ocr_carea' id='block_1_110' title="bbox 2187 5185 3760 5257">
    <p class='ocr_par' dir='ltr' id='par_1_110' title="bbox 2187 5185 3760 5257">
     <span class='ocr_line' id='line_1_110' title="bbox 2187 5185 3760 5257; baseline 0.001 -19"><span class='ocrx_word' id='word_1_843' title='bbox 2187 5185 2282 5238; x_wconf 77' lang='grc' dir='ltr'><strong>καὶ</strong></span> <span class='ocrx_word' id='word_1_844' title='bbox 2315 5186 2376 5238; x_wconf 81' lang='grc' dir='ltr'>τὸ</span> <span class='ocrx_word' id='word_1_845' title='bbox 2403 5187 2492 5237; x_wconf 77' lang='grc' dir='ltr'><strong>ἐπ’</strong></span> <span class='ocrx_word' id='word_1_846' title='bbox 2523 5185 2670 5255; x_wconf 78' lang='grc' dir='ltr'>αὐτῷ</span> <span class='ocrx_word' id='word_1_847' title='bbox 2706 5188 3022 5257; x_wconf 78' lang='grc' dir='ltr'>μυστήριον.</span> <span class='ocrx_word' id='word_1_848' title='bbox 3053 5187 3162 5240; x_wconf 69' lang='grc' dir='ltr'>Καὶ</span> <span class='ocrx_word' id='word_1_849' title='bbox 3195 5187 3323 5254; x_wconf 82' lang='grc' dir='ltr'>γοῦν</span> <span class='ocrx_word' id='word_1_850' title='bbox 3352 5187 3589 5256; x_wconf 77' lang='grc' dir='ltr'>ἔφασκεν</span> <span class='ocrx_word' id='word_1_851' title='bbox 3628 5187 3760 5240; x_wconf 80' lang='grc' dir='ltr'>Ἰου-</span> 
     </span>
    </p>
   </div>
   <div class='ocr_carea' id='block_1_111' title="bbox 2185 5275 3759 5348">
    <p class='ocr_par' dir='ltr' id='par_1_111' title="bbox 2185 5275 3759 5348">
     <span class='ocr_line' id='line_1_111' title="bbox 2185 5275 3759 5348; baseline 0.001 -20"><span class='ocrx_word' id='word_1_852' title='bbox 2185 5275 2384 5336; x_wconf 82' lang='grc' dir='ltr'>δαίοις’</span> <span class='ocrx_word' id='word_1_853' title='bbox 2439 5296 2456 5326; x_wconf 77' lang='grc' dir='ltr'><strong>ι</strong></span> <span class='ocrx_word' id='word_1_854' title='bbox 2501 5275 2562 5327; x_wconf 80' lang='lat' dir='ltr'><strong>Ei</strong></span> <span class='ocrx_word' id='word_1_855' title='bbox 2594 5279 2905 5328; x_wconf 67' lang='grc' dir='ltr'>ἐπιστεύετε</span> <span class='ocrx_word' id='word_1_856' title='bbox 2951 5278 3122 5348; x_wconf 78' lang='grc' dir='ltr'>Μωσῇ</span> <span class='ocrx_word' id='word_1_857' title='bbox 3149 5317 3164 5342; x_wconf 91' lang='grc'><strong>,</strong></span> <span class='ocrx_word' id='word_1_858' title='bbox 3213 5277 3527 5331; x_wconf 77' lang='grc' dir='ltr'>ἐπιστεύετε</span> <span class='ocrx_word' id='word_1_859' title='bbox 3566 5278 3634 5330; x_wconf 84' lang='grc' dir='ltr'>ἂν</span> <span class='ocrx_word' id='word_1_860' title='bbox 3665 5277 3759 5331; x_wconf 77' lang='grc' dir='ltr'>καὶ</span> 
     </span>
    </p>
   </div>
   <div class='ocr_carea' id='block_1_112' title="bbox 2187 5364 3758 5439">
    <p class='ocr_par' dir='ltr' id='par_1_112' title="bbox 2187 5364 3758 5439">
     <span class='ocr_line' id='line_1_112' title="bbox 2187 5364 3758 5439; baseline 0.003 -24"><span class='ocrx_word' id='word_1_861' title='bbox 2187 5365 2328 5435; x_wconf 77' lang='grc' dir='ltr'>ἐμοί’</span> <span class='ocrx_word' id='word_1_862' title='bbox 2364 5368 2487 5435; x_wconf 71' lang='grc' dir='ltr'>περὶ</span> <span class='ocrx_word' id='word_1_863' title='bbox 2519 5364 2651 5433; x_wconf 83' lang='grc' dir='ltr'>ὲμοῦ</span> <span class='ocrx_word' id='word_1_864' title='bbox 2674 5364 2780 5436; x_wconf 85' lang='grc' dir='ltr'>γὰρ</span> <span class='ocrx_word' id='word_1_865' title='bbox 2804 5368 3007 5428; x_wconf 75' lang='grc' dir='ltr'>ἐκεῖνος</span> <span class='ocrx_word' id='word_1_866' title='bbox 3034 5367 3260 5439; x_wconf 58' lang='grc' dir='ltr'>ἔγραψε.</span> <span class='ocrx_word' id='word_1_867' title='bbox 3286 5387 3304 5420; x_wconf 74' lang='grc' dir='ltr'><strong>ι</strong></span> <span class='ocrx_word' id='word_1_868' title='bbox 3340 5368 3622 5439; x_wconf 84' lang='grc' dir='ltr'>Πλήρωμα</span> <span class='ocrx_word' id='word_1_869' title='bbox 3649 5369 3758 5438; x_wconf 77' lang='grc' dir='ltr'><strong>γὰρ</strong></span> 
     </span>
    </p>
   </div>
   <div class='ocr_carea' id='block_1_113' title="bbox 2186 5451 3756 5529">
    <p class='ocr_par' dir='ltr' id='par_1_113' title="bbox 2186 5451 3756 5529">
     <span class='ocr_line' id='line_1_113' title="bbox 2186 5451 3756 5529; baseline 0.001 -21"><span class='ocrx_word' id='word_1_870' title='bbox 2186 5456 2352 5526; x_wconf 89' lang='grc' dir='ltr'>νόμου</span> <span class='ocrx_word' id='word_1_871' title='bbox 2380 5458 2474 5508; x_wconf 73' lang='grc' dir='ltr'>καὶ</span> <span class='ocrx_word' id='word_1_872' title='bbox 2503 5457 2798 5526; x_wconf 86' lang='grc' dir='ltr'>προφητῶν</span> <span class='ocrx_word' id='word_1_873' title='bbox 2826 5459 2852 5509; x_wconf 89' lang='grc' dir='ltr'>ὁ</span> <span class='ocrx_word' id='word_1_874' title='bbox 2879 5459 3111 5527; x_wconf 67' lang='grc' dir='ltr'>Χριστός</span> <span class='ocrx_word' id='word_1_875' title='bbox 3141 5476 3154 5490; x_wconf 76' lang='grc' dir='ltr'><strong><em>ο</em></strong></span> <span class='ocrx_word' id='word_1_876' title='bbox 3200 5459 3268 5510; x_wconf 82' lang='grc' dir='ltr'>δι’</span> <span class='ocrx_word' id='word_1_877' title='bbox 3297 5454 3378 5524; x_wconf 73' lang='grc' dir='ltr'><strong>οὗ,</strong></span> <span class='ocrx_word' id='word_1_878' title='bbox 3417 5459 3509 5512; x_wconf 71' lang='grc' dir='ltr'><strong>καὶ</strong></span> <span class='ocrx_word' id='word_1_879' title='bbox 3543 5458 3665 5529; x_wconf 80' lang='grc' dir='ltr'>μεθ’</span> <span class='ocrx_word' id='word_1_880' title='bbox 3695 5451 3756 5510; x_wconf 67' lang='grc' dir='ltr'>οὗ</span> 
     </span>
    </p>
   </div>
   <div class='ocr_carea' id='block_1_114' title="bbox 504 5543 2915 5623">
    <p class='ocr_par' dir='ltr' id='par_1_114' title="bbox 504 5543 2915 5623">
     <span class='ocr_line' id='line_1_114' title="bbox 504 5543 2915 5623; baseline 0.003 -25"><span class='ocrx_word' id='word_1_881' title='bbox 504 5545 581 5618; x_wconf 81' lang='grc' dir='ltr'>τῷ</span> <span class='ocrx_word' id='word_1_882' title='bbox 608 5543 726 5616; x_wconf 88' lang='grc' dir='ltr'><strong>Θεῷ</strong></span> <span class='ocrx_word' id='word_1_883' title='bbox 771 5548 863 5601; x_wconf 76' lang='grc' dir='ltr'>καὶ</span> <span class='ocrx_word' id='word_1_884' title='bbox 894 5549 1070 5623; x_wconf 74' lang='grc' dir='ltr'>Πατρὶ</span> <span class='ocrx_word' id='word_1_885' title='bbox 1095 5551 1128 5620; x_wconf 83' lang='grc' dir='ltr'>ἡ</span> <span class='ocrx_word' id='word_1_886' title='bbox 1158 5551 1280 5615; x_wconf 75' lang='grc' dir='ltr'>δόξα</span> <span class='ocrx_word' id='word_1_887' title='bbox 1303 5593 1317 5618; x_wconf 89' lang='grc'><strong>,</strong></span> <span class='ocrx_word' id='word_1_888' title='bbox 1353 5553 1448 5606; x_wconf 77' lang='grc' dir='ltr'><strong>σὺν</strong></span> <span class='ocrx_word' id='word_1_889' title='bbox 1479 5551 1556 5623; x_wconf 85' lang='grc' dir='ltr'>τῷ</span> <span class='ocrx_word' id='word_1_890' title='bbox 1600 5553 1850 5622; x_wconf 88' lang='grc' dir='ltr'>παναγίῳ</span> <span class='ocrx_word' id='word_1_891' title='bbox 1894 5551 2172 5621; x_wconf 85' lang='grc' dir='ltr'>Πνεύματι</span> <span class='ocrx_word' id='word_1_892' title='bbox 2201 5552 2280 5613; x_wconf 81' lang='grc' dir='ltr'><strong>εἰς</strong></span> <span class='ocrx_word' id='word_1_893' title='bbox 2304 5551 2427 5613; x_wconf 78' lang='grc' dir='ltr'>τοὺς</span> <span class='ocrx_word' id='word_1_894' title='bbox 2459 5550 2681 5612; x_wconf 76' lang='grc' dir='ltr'>αἰῶνας.</span> <span class='ocrx_word' id='word_1_895' title='bbox 2726 5551 2915 5622; x_wconf 82' lang='grc' dir='ltr'>Ἀμήν.</span> 
     </span>
    </p>
   </div>
   <div class='ocr_carea' id='block_1_115' title="bbox 577 5655 2070 5735">
    <p class='ocr_par' dir='ltr' id='par_1_115' title="bbox 577 5655 2070 5735">
     <span class='ocr_line' id='line_1_115' title="bbox 577 5655 2070 5735; baseline 0.003 -17"><span class='ocrx_word' id='word_1_896' title='bbox 577 5664 621 5695; x_wconf 83' lang='grc'>⁸¹</span> <span class='ocrx_word' id='word_1_897' title='bbox 660 5663 763 5722; x_wconf 89' lang='lat' dir='ltr'><strong>lsa.</strong></span> <span class='ocrx_word' id='word_1_898' title='bbox 802 5683 892 5731; x_wconf 71' lang='lat' dir='ltr'><strong>XL,</strong></span> <span class='ocrx_word' id='word_1_899' title='bbox 933 5667 1008 5735; x_wconf 73' lang='grc' dir='ltr'>ὃς</span> <span class='ocrx_word' id='word_1_900' title='bbox 1052 5668 1235 5721; x_wconf 79' lang='lat' dir='ltr'><strong>Matth.</strong></span> <span class='ocrx_word' id='word_1_901' title='bbox 1278 5655 1365 5735; x_wconf 74' lang='grc' dir='ltr'>ιιι,</span> <span class='ocrx_word' id='word_1_902' title='bbox 1410 5669 1494 5723; x_wconf 75' lang='grc'>13.</span> <span class='ocrx_word' id='word_1_903' title='bbox 1572 5670 1616 5702; x_wconf 85' lang='grc'><strong>³³</strong></span> <span class='ocrx_word' id='word_1_904' title='bbox 1657 5669 1844 5728; x_wconf 83' lang='lat' dir='ltr'><strong>Matth.</strong></span> <span class='ocrx_word' id='word_1_905' title='bbox 1887 5687 1938 5733; x_wconf 78' lang='grc' dir='ltr'><strong>κ,</strong></span> <span class='ocrx_word' id='word_1_906' title='bbox 1980 5669 2070 5722; x_wconf 78' lang='lat'><strong>55.</strong></span> 
     </span>
    </p>
   </div>
   <div class='ocr_carea' id='block_1_116' title="bbox 501 5730 2101 5810">
    <p class='ocr_par' dir='ltr' id='par_1_116' title="bbox 501 5730 2101 5810">
     <span class='ocr_line' id='line_1_116' title="bbox 501 5730 2101 5810; baseline 0.001 -20"><span class='ocrx_word' id='word_1_907' title='bbox 501 5748 616 5810; x_wconf 68' lang='lat' dir='ltr'><strong>nx,</strong></span> <span class='ocrx_word' id='word_1_908' title='bbox 661 5737 744 5792; x_wconf 86' lang='grc'>18.</span> <span class='ocrx_word' id='word_1_909' title='bbox 810 5730 1002 5810; x_wconf 63' lang='grc' dir='ltr'>σεςιι.’</span> <span class='ocrx_word' id='word_1_910' title='bbox 1043 5739 1088 5769; x_wconf 79' lang='grc'><em>³⁸</em></span> <span class='ocrx_word' id='word_1_911' title='bbox 1129 5730 1302 5794; x_wconf 68' lang='lat' dir='ltr'><strong>Exod.</strong></span> <span class='ocrx_word' id='word_1_912' title='bbox 1349 5730 1438 5805; x_wconf 61' lang='lat' dir='ltr'><strong>ax,</strong></span> <span class='ocrx_word' id='word_1_913' title='bbox 1486 5740 1569 5794; x_wconf 90' lang='grc'><strong>19.</strong></span> <span class='ocrx_word' id='word_1_914' title='bbox 1614 5741 1656 5772; x_wconf 88' lang='grc'>³⁷</span> <span class='ocrx_word' id='word_1_915' title='bbox 1701 5739 1854 5794; x_wconf 87' lang='lat' dir='ltr'><strong>Deut.</strong></span> <span class='ocrx_word' id='word_1_916' title='bbox 1889 5730 2044 5807; x_wconf 81' lang='lat' dir='ltr'><strong>xvm,</strong></span> <span class='ocrx_word' id='word_1_917' title='bbox 2094 5743 2101 5791; x_wconf 80' lang='lat' dir='ltr'><strong>l</strong></span> 
     </span>
    </p>
   </div>
   <div class='ocr_carea' id='block_1_117' title="bbox 2210 5730 2300 5810">
    <p class='ocr_par' dir='ltr' id='par_1_117' title="bbox 2216 5737 2300 5793">
     <span class='ocr_line' id='line_1_117' title="bbox 2216 5737 2300 5793; baseline 0.048 -4"><span class='ocrx_word' id='word_1_918' title='bbox 2216 5737 2300 5793; x_wconf 84' lang='grc'>18.</span> 
     </span>
    </p>
   </div>
   <div class='ocr_carea' id='block_1_118' title="bbox 2177 5666 2743 5732">
    <p class='ocr_par' dir='ltr' id='par_1_118' title="bbox 2177 5666 2743 5732">
     <span class='ocr_line' id='line_1_118' title="bbox 2177 5666 2743 5732; baseline 0.004 -12"><span class='ocrx_word' id='word_1_919' title='bbox 2177 5668 2222 5698; x_wconf 73' lang='grc'>³⁸</span> <span class='ocrx_word' id='word_1_920' title='bbox 2261 5666 2446 5720; x_wconf 85' lang='lat' dir='ltr'><strong>Matth.</strong></span> <span class='ocrx_word' id='word_1_921' title='bbox 2499 5681 2635 5732; x_wconf 66' lang='grc' dir='ltr'>χχιι,</span> <span class='ocrx_word' id='word_1_922' title='bbox 2690 5667 2743 5722; x_wconf 79' lang='grc'>5.</span> 
     </span>
    </p>
   </div>
   <div class='ocr_carea' id='block_1_119' title="bbox 2823 5667 3094 5725">
    <p class='ocr_par' dir='ltr' id='par_1_119' title="bbox 2823 5667 3094 5725">
     <span class='ocr_line' id='line_1_119' title="bbox 2823 5667 3094 5725; baseline 0.007 -2"><span class='ocrx_word' id='word_1_923' title='bbox 2823 5669 2866 5700; x_wconf 81' lang='grc'><strong>³⁵</strong></span> <span class='ocrx_word' id='word_1_924' title='bbox 2906 5667 3094 5725; x_wconf 80' lang='lat' dir='ltr'><strong>Matth.</strong></span> 
     </span>
    </p>
   </div>
   <div class='ocr_carea' id='block_1_120' title="bbox 2415 5735 2866 5804">
    <p class='ocr_par' dir='ltr' id='par_1_120' title="bbox 2415 5735 2866 5804">
     <span class='ocr_line' id='line_1_120' title="bbox 2415 5735 2866 5804; baseline 0.007 -14"><span class='ocrx_word' id='word_1_925' title='bbox 2415 5737 2458 5766; x_wconf 79' lang='grc'><strong>³⁸</strong></span> <span class='ocrx_word' id='word_1_926' title='bbox 2499 5735 2648 5792; x_wconf 77' lang='lat' dir='ltr'><strong>Joan.</strong></span> <span class='ocrx_word' id='word_1_927' title='bbox 2689 5753 2738 5804; x_wconf 91' lang='lat' dir='ltr'><strong>v,</strong></span> <span class='ocrx_word' id='word_1_928' title='bbox 2780 5739 2866 5794; x_wconf 73' lang='grc'><strong>46,</strong></span> 
     </span>
    </p>
   </div>
   <div class='ocr_carea' id='block_1_121' title="bbox 3173 5668 3756 5735">
    <p class='ocr_par' dir='ltr' id='par_1_121' title="bbox 3173 5668 3756 5735">
     <span class='ocr_line' id='line_1_121' title="bbox 3173 5668 3756 5735; baseline -0.007 -11"><span class='ocrx_word' id='word_1_929' title='bbox 3173 5669 3396 5735; x_wconf 70' lang='grc' dir='ltr'>κιιν,54.</span> <span class='ocrx_word' id='word_1_930' title='bbox 3474 5669 3541 5700; x_wconf 77' lang='grc'><strong>³⁸⁸</strong></span> <span class='ocrx_word' id='word_1_931' title='bbox 3583 5668 3756 5724; x_wconf 75' lang='lat' dir='ltr'><strong>Exod.</strong></span> 
     </span>
    </p>
   </div>
  </div>
