3934 6318
66 317 175 373 369
1256 319 1609 378 COMMENT.
1654 319 1719 377 IN
1764 320 2179 380 MATTHA‘JUM

3251 324 3367 379 370

78 431 376 505 ’Δσραάμ,
406 432 500 486 καὶ
530 432 707 486 οὐδενὶ
729 431 1158 506 δεδουλεύκαμεν
1196 435 1435 490 πώποτε.
1460 457 1478 491 ι
1517 438 1670 491 Ἐπεὶ

1814 457 1935 496 nam
1987 442 2312 498 servivimus
2346 443 2384 495 ί.
2418 461 2438 496 ι
2471 441 2603 497 Cum
2648 442 2810 513 igitur
2840 440 2947 496 hoc
2996 447 3162 504 esset,
3210 443 3352 509 quod

67 520 166 577 οὖν
199 522 376 577 τοῦτο
396 519 466 595 ἣν
492 524 521 578 θ
554 523 792 595 μάλιστα
821 523 1019 589 αὐτοὺς
1043 527 1120 588 εἰς
1144 527 1402 582 ἀπόνοιαν
1426 524 1549 600 ᾗρε,
1580 531 1674 583 καί⁵

1807 533 2014 589 naxime
2058 548 2153 589 eos
2208 533 2265 588 in
2312 532 2625 603 superbiam
2666 530 2947 595 eﬂ‘ercbat,
2984 545 3046 585 ac
3074 528 3353 600 perdebat,

70 614 370 681 ἀπώλεσε,
402 616 623 687 πρῶτον
674 616 1046 670 καταστέλλει.
1081 618 1224 689 Ὅρα
1272 619 1327 673 δέ
1371 621 1487 683 πῶς
1537 620 1674 690 μετά

1807 625 2011 679 trimum
2058 625 2348 695 prohibet:
2377 624 2502 681 vide
2564 632 2744 680 autem
2791 622 3064 692 quomodo
3107 636 3230 676 cum
3262 621 3360 677 ho-

71 707 181 776 τῆς
240 710 327 772 εἰς
374 710 467 762 τὸν
513 708 863 780 πατριάρχην
903 710 1093 779 τιμῆς,
1141 712 1239 780 τὴν
1287 712 1426 783 ὑπὲρ
1470 711 1676 766 τούτων

1807 731 1911 772 lore
1951 717 2294 786 patriarchae,
2326 718 2390 771 de
2426 716 2585 772 hisce
2630 716 3022 770 correctionem
3070 713 3355 776 instituat;

73 804 335 855 ποιεῖται
363 802 651 873 διόρθωσιν
672 820 686 834 ’
719 804 891 857 εἰπὼν
916 805 1024 877 γάρ
1048 821 1060 834 ·
1090 825 1108 857 ι
1133 806 1223 875 Μὴ
1255 806 1443 876 δόξητε
1476 806 1676 873 λέγειν,

1807 808 1971 863 licens
2003 809 2147 863 enim
2177 827 2190 863 :
2228 827 2246 861 ι
2290 808 2468 864 Nolite
2489 808 2671 863 dicere
2700 808 2823 875 quia
2844 805 3064 861 Patrem
3096 805 3359 860 habemus

76 887 162 938 ὅτι
205 888 439 960 Πατέρα
462 890 661 961 ἔχομεν
686 894 775 946 τὸν
812 893 1083 964 Ἀὖραάμ,
1118 913 1135 945 ι
1172 895 1271 947 οὐκ
1300 891 1481 947 εἷπεν’
1513 896 1678 948 Οὑδέν

1807 900 2091 965 tbraham;
2131 919 2150 951 ι
2195 914 2305 955 non
2337 900 2498 965 dixit,
2533 897 2681 952 Nihil
2714 896 2860 952 enim
2908 911 3002 951 vos
3048 893 3375 965 patriarcha.

78 976 197 1047 γὰρ
236 979 387 1047 ὑμᾶς
419 982 448 1034 ὁ
501 983 845 1053 πατριάρχης
891 983 1168 1054 ὠφελῆσαι
1219 984 1529 1055 δυνήσεται·
1563 986 1677 1040 ἀλλ’

1807 1003 1967 1044 nvare
1991 998 2186 1058 potest,
2214 991 2309 1045 sed
2344 991 2528 1045 mitius
2566 991 2671 1044 hoc
2699 987 3096 1058 quodammodo
3124 987 3359 1041 insinuat

80 1068 452 1141 ἡμερώτερόν
495 1088 615 1135 πως
666 1072 827 1126 τοῦτο
876 1073 1127 1143 ᾐνίξατο,
1174 1073 1379 1127 εἰπών·
1442 1095 1458 1126 ι
1508 1076 1679 1129 Δύνα-

81 1171 177 1208 ται
208 1158 243 1209 ό
278 1157 414 1222 Θεὸς
470 1160 535 1213 ἐκ
578 1160 686 1212 τῶν
716 1160 880 1214 λίθων
904 1162 1109 1216 τούτων
1154 1165 1365 1234 ἐγεῖραι
1409 1166 1572 1218 τέκνα
1604 1164 1683 1235 τῷ

99 1244 388 1316 Ἁβραάμ.
420 1266 438 1299 ι
474 1248 631 1312 Τινὲς
668 1250 765 1320 μὲν
795 1245 885 1303 οὖν
924 1269 1089 1320 φασιν
1118 1254 1200 1306 ὅτι
1229 1255 1358 1325 περὶ
1384 1255 1493 1308 τῶν
1515 1254 1683 1309 ἐθνῶν

87 1336 277 1390 ταῦτα
332 1338 506 1406 λέγει,
566 1340 745 1404 λίθους
798 1342 992 1406 αὐτοὺς
1046 1344 1429 1415 μεταφορικῶς
1479 1345 1681 1401 καλῶν.

102 1428 259 1495 Ἐγὼ
288 1428 349 1482 δέ
376 1429 468 1483 καὶ
499 1430 692 1502 ἐτέραν
717 1431 927 1486 ἔννοιαν
950 1434 1007 1486 τὸ
1029 1436 1321 1506 εἰρημένον
1352 1439 1494 1508 φημὶ
1517 1438 1680 1509 ἐχειν.

98 1519 282 1573 Ποίαν
312 1520 372 1573 δὲ
399 1521 638 1592 ταύτην;
668 1525 760 1594 Μὴ
786 1524 1066 1595 νομίσητε,
1090 1529 1276 1598 φησὶν,
1301 1529 1385 1581 δτι
1411 1531 1505 1582 ἐάν
1529 1530 1685 1600 ὑμεῖς

92 1610 406 1682 ἀπόλησθε,
438 1612 639 1666 ἄπαιδα
699 1617 953 1686 ποιήσετε
1010 1618 1102 1671 τὸν
1154 1621 1534 1692 πατριάρχην·
1585 1623 1686 1675 οὐκ

94 1704 291 1757 ισταιο
328 1706 405 1775 τῷ
434 1706 542 1777 γὰρ
590 1707 709 1779 Θεῷ
741 1709 963 1764 δυνατὸν
998 1712 1091 1764 καὶ
1137 1712 1245 1764 ἀπὸ
1282 1713 1443 1766 λίθων
1475 1713 1685 1782 ἀνθρώ-

96 1810 244 1858 πους
275 1799 451 1867 τούτῳ
482 1796 687 1861 δοῦναι,
716 1798 813 1850 καὶ
846 1798 926 1861 εἰς
958 1800 1275 1868 συγγένειαν
1303 1802 1514 1855 ἐκείνου
1549 1804 1686 1871 ἀγα-
1719 1785 1761 1839 Β

96 1888 246 1953 τεῖν,
274 1889 400 1941 ἐπεὶ
435 1890 528 1942 καὶ
556 1889 616 1953 ἐξ
649 1889 824 1959 ἀρχῆς
850 1890 1021 1953 οὕτως
1054 1893 1293 1960 ἐγένετο.
1328 1894 1401 1947 Τὸ
1442 1894 1575 1965 γὰρ,
1628 1895 1691 1947 ἐκ

98 1980 273 2034 λίθων
300 1980 625 2051 ἀνθρώπους
649 1982 927 2051 γενέσθαι,
961 1984 1146 2055 ὅμοιόν
1181 1987 1297 2039 ἐστι
1323 1986 1418 2056 τῷ,
1461 1988 1567 2041 ἀπὸ
1592 1991 1692 2060 τῆς

104 2070 328 2139 μήτρας
356 2069 572 2140 Σάρρας
604 2072 819 2143 ἐκείνης
858 2072 958 2143 τῆς
989 2074 1210 2146 στείρας
1246 2077 1533 2147 προελθεῖν
1560 2095 1702 2132 παι-ι.

100 2160 239 2215 δίον.
269 2160 451 2231 Ὅπερ
480 2157 573 2215 οὖν
613 2162 707 2214 καί⁸
750 2165 777 2216 ό
824 2166 1115 2237 προφήτης
1162 2168 1531 2239 αἰνιττόμενος
1578 2169 1692 2223 ἕλε-

104 2264 237 2318 γεν.
278 2269 298 2301 ε
340 2250 679 2321 Ἐμὸλέψατε
721 2255 801 2317 εἰς
851 2254 949 2325 τὴν
982 2255 1209 2327 στερεὰν
1259 2259 1467 2328 πέτραν
1513 2259 1573 2324 ἐξ
1623 2254 1699 2331 ἦς

108 2339 528 2411 ἐλατομήθητε,
576 2342 674 2393 καὶ
724 2345 804 2406 εἰς
860 2344 1083 2414 βόθυνον
1139 2346 1232 2400 τοῦ
1280 2349 1485 2404 λάκκου
1522 2352 1579 2417 ἐξ
1631 2346 1692 2406 οὗ

112 2430 431 2503 ώρύχθητε.
501 2432 837 2503 Ἐμϐλέψατε
885 2437 968 2499 εἰς
1033 2437 1283 2509 ’Δόραάμ
1331 2441 1421 2493 τὸν
1478 2442 1695 2514 πατέρα

113 2521 287 2591 ὑμῶν,
310 2524 406 2575 καὶ
434 2524 511 2587 εἰς
539 2525 757 2597 Σάρραν
787 2528 884 2598 τὴν
908 2527 1205 2584 ὠδίνουσαν
1236 2531 1399 2601 ὑμᾶς.
1427 2552 1445 2583 ι
1477 2534 1695 2605 Ταύτης

109 2612 291 2665 τοίνυν
322 2613 422 2684 τῆς
452 2618 788 2687 προφητείας
816 2620 1015 2682 αὐτοὺς
1035 2621 1465 2693 ἀναμιμνήσκει,
1484 2625 1695 2690 δεικνὺς

115 2701 193 2753 ὅτι
222 2703 271 2753 εἰ
306 2703 369 2769 ἐξ
403 2705 577 2774 ἀρχῆς
604 2708 769 2763 αὑτὸν
803 2708 944 2763 οὕτω
976 2709 1304 2781 θαυμαστῶς
1339 2714 1561 2785 ἐποίησε
1592 2734 1696 2768 πα-

116 2792 273 2861 τέρα,
300 2793 504 2848 ὡσανεὶ
523 2796 585 2849 ἐκ
601 2797 764 2850 λίθων
788 2799 950 2852 αὑτὸν
971 2801 1215 2871 ἐποίησε,
1242 2803 1464 2856 δυνατὸν
1495 2805 1586 2858 καὶ
1604 2806 1696 2859 νῦν

118 2882 274 2938 τοῦτο
307 2886 581 2955 γενέσθαι.
622 2892 733 2944 Καὶ
780 2892 880 2962 ὅρα
925 2893 1043 2956 πῶς
1100 2894 1194 2946 καί¹
1239 2896 1417 2963 φοϐεῖ,
1460 2899 1555 2950 καὶ
1601 2899 1697 2951 ἐκ-

122 2975 331 3031 κόπτει.
365 2978 439 3031 Οὐ
471 2979 581 3050 γάρ
611 2975 764 3035 εἶπεν
812 2984 893 3036 ὅτι.
922 2984 1147 3055 ἤγειρεν
1188 2986 1310 3055 ἥδη,
1340 2987 1426 3039 ἵνα
1456 2988 1530 3059 μὴ
1567 2990 1697 3043 ἀπο-

123 3067 322 3132 γνῶσιν
373 3070 603 3136 ἑαυτῶν,
646 3072 761 3125 ἀλλ’
805 3074 886 3126 ὅτι
921 3073 1143 3127 δύναται
1193 3077 1420 3146 ἐγεῖραι.
1464 3079 1576 3130 Καὶ⁹
1600 3079 1699 3131 οὐκ

122 3154 273 3213 εῐπεν
320 3160 407 3213 ὅτι
466 3162 785 3233 ἀνθρώπους
820 3166 1045 3219 δύναται
1092 3166 1318 3236 ποιῆσαι
1369 3168 1476 3221 ἀπὸ
1514 3168 1697 3233 λίθων,

122 3251 234 3303 ἀλλ’
273 3252 304 3305 δ
334 3252 517 3323 πολλῴ
545 3254 729 3323 μεῖζον
756 3252 845 3328 ἦν,
880 3260 974 3311 καὶ
1002 3261 1285 3326 συγγενεῖς
1312 3259 1343 3330 ἢ
1381 3260 1577 3323 παῖδας
1606 3260 1701 3314 τοῦ

138 3341 413 3413 Ἁϐραάμ.
465 3341 617 3409 Εἶδες
652 3347 770 3409 πῶς
822 3348 960 3412 τέως
1011 3349 1323 3419 ἀπέστησεν
1361 3352 1558 3413 αὐτοὺς
1605 3353 1703 3423 τῆς

125 3435 253 3505 περὶ
282 3434 355 3488 τά
386 3438 679 3505 σωματικά
705 3442 1029 3509 φαντασίας,
1070 3442 1165 3495 καὶ
1184 3443 1285 3510 τῆς
1312 3444 1391 3506 εἰς
1418 3443 1544 3505 τοὺς
1572 3460 1706 3514 προ·

126 3525 316 3591 γόνους
368 3530 714 3599 καταφυγῆς,
748 3530 837 3584 ἵνα
881 3532 940 3583 ἐν
977 3533 1042 3602 τῇ
1088 3532 1265 3603 οἰκείᾳ
1305 3531 1564 3603 μετανοίᾳ
1612 3534 1705 3607 καὶ

131 3615 463 3690 σωφροσύνῃ
494 3619 591 3689 τὴν
621 3619 813 3673 ἐλπίδα
841 3621 938 3692 τῆς
974 3620 1248 3691 σωτηρίας
1277 3621 1495 3692 ἔχωσιν.

194 3708 411 3780 Ὠσπερ
448 3711 555 3779 γάρ
591 3710 690 3781 τὴν
739 3714 973 3779 γυναῖκα
1010 3712 1104 3765 τοῦ
1163 3713 1286 3766 Λὼτ
1334 3714 1702 3781 ἀπελίθωσεν,

123 3798 297 3860 οὕτως
330 3798 557 3854 δυνατὸν
582 3801 731 3872 αὑτῷ
759 3803 856 3855 καὶ
886 3805 951 3855 ἐκ
981 3803 1148 3857 λίθων
1192 3804 1516 3877 ἀνθρώπους
1545 3806 1705 3877 ποιῆ-

127 3907 244 3953 σαι,
276 3889 469 3961 ὥσπερ
492 3893 591 3946 καὶ
622 3894 712 3947 τὸν
747 3895 919 3965 Ἀδὰμ
940 3897 1004 3949 ἐκ
1024 3899 1121 3968 τῆς
1149 3900 1269 3968 γῆς,
1306 3898 1504 3951 Σκόπει
1530 3899 1709 3951 τοίνυν

128 3982 226 4035 καὶ
256 3980 351 4035 διὰ
398 3981 509 4036 τῶν
557 3983 684 4054 ἑξῆς
712 3984 788 4048 ὡς
837 3984 991 4050 abas.
1032 3988 1236 4041 τούτων
1268 3987 1362 4041 τὸν
1395 3987 1581 4056 φόϐον,
1615 3990 1710 4044 καὶ

125 4074 391 4128 ἐπιτείνει
423 4075 524 4146 τὴν
549 4076 813 4144 ἀγωνίαν.
834 4077 1018 4131 Εἰπὼν
1036 4079 1169 4151 γὰρ,
1198 4098 1216 4131 ι
1256 4080 1378 4135 Ὀτι
1421 4080 1641 4135 δύναται
1681 4082 1711 4133 ό

126 4164 262 4229 θεὸς
318 4167 383 4218 ἐκ
427 4165 536 4220 τῶν
600 4166 765 4221 λίθων
834 4169 1040 4224 τούτων
1115 4173 1327 4241 ἐγεῖραι
1400 4170 1564 4226 τέκνα
1630 4171 1709 4243 τῷ

141 4256 421 4328 Ἀϐραὰμ,
470 4278 491 4311 ι
531 4261 844 4333 ἐπήγαγεν

202 4351 362 4420 Ἤδη
395 4350 465 4405 δέ
492 4353 592 4406 καὶ
626 4354 664 4420 ἠ
695 4353 878 4422 ἀξίνη
910 4356 1058 4424 πρὸς
1095 4354 1210 4423 τὴν
1229 4353 1403 4423 ῥίζαν
1433 4356 1551 4411 τῶν
1576 4356 1712 4411 δέν·

133 4444 290 4513 ὅρων
312 4445 523 4499 κεῖται.

196 4539 261 4591 Εἰ
295 4537 353 4591 δὲ
389 4538 592 4607 βούλει,
622 4538 813 4609 ἀξίνην
847 4540 1038 4611 νόησον
1066 4540 1166 4610 τῆς
1200 4539 1577 4611 ἀθεραπεὺτου
1607 4540 1707 4611 ψυ·

133 4628 232 4697 λῆς
257 4629 361 4699 τὴν
389 4631 653 4701 ἐκτομήν.
690 4632 753 4685 Ἥ
792 4632 948 4702 ἀξίνη
981 4632 1141 4695 αὐτός
1171 4632 1319 4684 ἐστιν
1341 4633 1369 4683 ό
1404 4632 1661 4702 Χριστὸς,
1691 4633 1719 4685 ό

133 4719 450 4792 τομώτερος
485 4724 762 4794 μαχαίρας
811 4723 1089 4794 διστόμου,
1121 4724 1149 4776 ό
1192 4722 1402 4794 μέλλων
1427 4723 1718 4777 ἐκκόπτειν

133 4814 257 4877 τοὺς
287 4813 556 4877 ἀπίστους
589 4815 903 4880 Ἰουδαίους,
945 4816 1055 4869 ἀπὸ
1086 4815 1186 4885 τῆς
1219 4813 1330 4867 τῶν
1362 4814 1717 4884 πατριαρχῶν

134 4904 298 4975 τιμῆς
330 4904 430 4956 καὶ
463 4904 768 4969 κοινωνίας,
800 4905 875 4969 ώς
903 4904 1013 4959 ἀπὸ
1044 4904 1200 4975 ῥίζης
1233 4902 1396 4966 τινὸς,
1438 4903 1716 4972 ἐγκεντρίο

136 4994 249 5059 ζειν
298 4996 359 5050 δὲ
390 4998 472 5060 εἰς
501 4997 708 5069 ταύτην
740 4999 867 5063 τοὺς
898 4998 958 5063 ἐξ
986 4997 1157 5052 ἐθνῶν
1185 4995 1587 5059 πιστεύσαντας
1610 4996 1710 5066 (-l).

207 5180 224 5210 ¹
250 5178 417 5236 Joan.
454 5194 573 5247 vm,
600 5179 688 5235 33.
769 5182 787 5211 '
811 5178 911 5235 lsa.
942 5196 1014 5245 LI,
1043 5181 1094 5247 i,
1119 5180 1173 5234 2.

207 5362 286 5433 (ι)
320 5359 493 5433 Aliter
517 5356 719 5433 galeris
763 5358 1011 5433 Gorderii
1041 5356 1268 5433 tom_._gl‘l,
1317 5375 1368 5428 p.
1410 5360 1509 5433 ὅθ,
1543 5364 1706 5433 etiam

145 5428 241 5486 sub
267 5428 497 5486 nomine
527 5428 711 5496 Cyrilli
748 5447 759 5481 :
798 5430 929 5480 Τίνα
956 5429 1105 5497 λέγει
1132 5428 1354 5497 digium;
1393 5430 1556 5483 Οὐδὲν
1585 5431 1714 5485 ἄλλο

146 5501 297 5574 ἢτὴν
331 5497 641 5571 μέλλουσαν
664 5497 884 5574 κόπτειν
911 5499 1017 5574 ἀπὸ
1057 5498 1161 5574 τῶν
1205 5500 1712 5574 star_ptapxéiiv_1obq

153 5569 343 5641 μάτην
366 5569 969 5641 καυχησαμὲνους,λκα“ι
1016 5570 1179 5641 μηδὲν
1211 5586 1271 5641 τι
1306 5571 1715 5638 ἐργασαμένους

154 5638 379 5707 ἀγαθόν·
414 5638 496 5690 δεῖ
536 5639 652 5709 γάρ
683 5640 807 5701 τοὺς
847 5638 952 5690 ἀπὸ
984 5640 1090 5691 τῶν
1130 5638 1387 5709 τοιούτων
1438 5641 1717 5709 ἀκάρπους

159 5712 437 5780 γεγονότας
471 5708 765 5763 ἐκκόπτειν
796 5725 850 5761 τε
889 5711 979 5763 καὶ
1018 5710 1094 5772 εἰς
1126 5708 1234 5779 πῦρ
1277 5708 1507 5778 βάλλειν.
1549 5708 1719 5774 Quam

1782 1081 1967 1137 dicens
1996 1098 2008 1135 :
2046 1100 2064 1133 ι
2104 1080 2305 1138 Potens
2335 1091 2418 1138 est
2448 1081 2589 1137 Deus
2620 1081 2688 1136 de
2731 1080 2999 1150 lapidibus
3028 1078 3146 1133 istis
3183 1078 3358 1132 susci-

1782 1179 1900 1228 tare
1949 1173 2089 1229 ﬁlios
2135 1173 2388 1228 Abrahae.
2428 1189 2449 1225 ›
2504 1172 2736 1240 Quidam
2786 1171 2954 1241 igitur
3005 1169 3179 1233 aiunt,
3246 1169 3371 1221 haec.

1783 1265 1959 1334 ipsum
1996 1267 2061 1321 de
2091 1265 2341 1336 gentibus
2381 1264 2598 1330 dicere,
2619 1262 2827 1332 lapides
2861 1276 2957 1317 eos
2988 1256 3361 1329 metaphorice

1782 1365 2087 1411 vocantem.
2117 1355 2231 1425 Ego
2253 1370 2381 1412 vero
2421 1355 2585 1410 etiam
2621 1354 2788 1408 alium
2830 1366 3051 1408 sensum
3085 1350 3171 1404 aio
3214 1348 3361 1402 dicto

1784 1446 1913 1502 huic
1941 1446 2184 1501 subesse.
2219 1445 2388 1511 Quem
2446 1453 2625 1499 autem
2678 1443 2867 1498 hunc?
2922 1441 3002 1497 Ue
3040 1437 3377 1496 existimetis,

1785 1535 1983 1605 inquit,
2019 1536 2067 1591 si
2098 1550 2193 1590 vos
2218 1534 2513 1603 perieritis,
2559 1534 2800 1588 facturos
2829 1530 3197 1603 patriarcham
3244 1526 3360 1580 sine

1788 1625 2004 1691 liberis;
2044 1641 2147 1680 non
2198 1626 2271 1680 ita
2320 1635 2423 1694 est,
2477 1641 2813 1697 nequaquam
2845 1623 2901 1695 4
2930 1624 3039 1685 hoc
3080 1622 3225 1686 erit;
3256 1618 3364 1674 Deo

1789 1720 1932 1774 enim
1978 1719 2234 1790 possibile
2282 1727 2365 1775 est
2410 1720 2467 1774 ei
2496 1720 2577 1774 vel
2625 1734 2656 1774 e
2695 1718 2962 1787 lapidibus
3019 1713 3160 1768 (ilics
3207 1712 3360 1771 dare,

1791 1813 1930 1867 etin
1978 1814 2358 1882 cognationem
2402 1812 2547 1867 illius
2603 1812 2893 1873 adducere,
2927 1805 3359 1878 quandoquidem

1791 1905 1954 1959 etiam
1982 1905 2049 1960 ab
2077 1905 2233 1958 initio
2255 1906 2327 1958 ita
2370 1904 2570 1959 factum
2598 1904 2688 1958 sit.
2752 1899 3014 1956 Homines
3042 1898 3184 1952 enim
3215 1894 3366 1948 nasci

1792 2010 1858 2051 ex
1895 1996 2168 2066 lapidibus
2210 1996 2390 2051 simile
2420 2004 2506 2051 est
2531 1994 2681 2060 huic,
2710 1993 2776 2048 de
2804 1992 2959 2047 vulva
2993 1989 3144 2045 Sarae
3163 1985 3367 2043 sterilis

1794 2087 1939 2142 illius
1963 2102 2189 2159 puerum
2236 2088 2492 2157 prodire;
2533 2085 2992 2157 quemadmodum
3042 2081 3206 2136 etiam
3236 2092 3364 2147 pro-

1793 2182 1955 2251 pheta
2018 2181 2322 2246 insinuans,
2371 2180 2549 2235 dixit:
2587 2199 2606 2233 (
2668 2175 2958 2233 Intuemini
3024 2174 3079 2230 in
3136 2172 3365 2229 solidam

1794 2282 1999 2342 petram
2025 2287 2089 2327 ex
2120 2287 2224 2341 qua
2262 2270 2429 2343 excisi
2474 2270 2624 2334 estis,
2656 2276 2707 2324 et
2746 2267 2803 2323 in
2851 2266 3101 2322 scrobem
3150 2262 3275 2327 laci,
3300 2273 3363 2314 ex

1794 2379 1900 2432 quo
1949 2362 2131 2419 effossi
2177 2363 2329 2418 estis.
2388 2361 2679 2417 intuemini
2733 2361 2787 2414 in
2834 2359 3108 2415 Abraham
3159 2362 3366 2425 patrem

1796 2461 2057 2517 vestrum,
2084 2452 2220 2509 etin
2254 2450 2443 2506 Saram
2476 2449 2793 2519 genitricem
2820 2456 3059 2503 vestram
3092 2446 3133 2499 ’.
3172 2462 3190 2496 ι
3217 2444 3371 2497 Hanc

1798 2544 1961 2612 igitur
2021 2541 2359 2610 prophetiam
2436 2540 2542 2594 illis
2636 2539 2690 2593 in
2757 2537 3370 2596 memoriamrevocat,

1798 2636 2208 2699 demonstrans,
2253 2632 2397 2701 quod
2425 2632 2467 2686 si
2494 2634 2670 2701 ipsum
2703 2630 2771 2685 ab
2824 2630 2980 2684 initio
3022 2628 3157 2683 adeo
3198 2628 3370 2683 mira—

1800 2726 1894 2783 bili
1942 2727 2100 2781 modo
2146 2734 2358 2795 patrem
2405 2724 2603 2789 etl’ecit,
2661 2723 2816 2792 quasi
2851 2738 2917 2777 ex
2970 2721 3164 2791 lapide.
3197 2720 3387 2790 ipsum.

1799 2815 2036 2882 fecisset,
2068 2830 2226 2885 posse
2280 2822 2333 2868 et
2392 2827 2534 2867 nunc
2564 2812 2616 2866 id
2650 2811 2789 2865 ﬁeri.
2818 2811 2886 2865 Et
2936 2809 3080 2878 vide,
3105 2813 3374 2879 quomodo

1800 2905 1960 2959 etiam
2015 2912 2217 2958 terreat
2271 2910 2326 2958 et
2370 2901 2673 2958 exscindat.
2715 2900 2831 2955 Non
2878 2899 3023 2955 enim
3058 2900 3195 2955 dixit
3226 2901 3369 2969 quod

1795 2998 2115 3068 jampridem
2142 2996 2415 3061 excitarit,
2457 3010 2524 3049 ne
2570 2994 2877 3063 desperent,
2908 2992 3003 3047 sed
3038 2992 3180 3062 quod
3208 2993 3377 3061 possit

1803 3088 2103 3156 suscitare;
2141 3102 2317 3157 neque
2350 3087 2505 3153 dixit,
2542 3086 2789 3140 homines
2820 3100 2880 3140 se
2911 3099 3068 3153 posse
3098 3082 3280 3138 facere
3304 3099 3369 3136 ex

1804 3176 2096 3247 lapidibus,
2128 3179 2221 3234 sed
2270 3177 2414 3247 quod
2448 3176 2616 3231 multo
2649 3175 2823 3246 majus
2850 3183 2953 3242 est,
2988 3174 3149 3228 etiam
3176 3187 3376 3242 cogna-

1805 3280 1888 3327 tos
1942 3279 1996 3326 et
2039 3271 2180 3325 ﬁlios
2231 3269 2485 3324 Abrahae.
2542 3267 2706 3324 Vides
2753 3265 3021 3338 quomodo
3056 3264 3162 3321 huc
3207 3279 3378 3334 usque

1806 3363 2087 3419 abduxerit
2116 3378 2210 3419 eos
2237 3378 2264 3417 a
2290 3377 2550 3433 corporea
2574 3360 2975 3431 imaginatione,
3004 3366 3058 3413 et
3080 3373 3109 3412 a
3148 3371 3371 3413 recursu

1805 3457 1869 3511 ad
1898 3456 2291 3526 progenitores,
2314 3464 2372 3508 ut
2408 3456 2459 3508 in
2488 3456 2704 3527 propria
2727 3452 3066 3525 poenitentia,
3107 3461 3162 3507 et
3194 3466 3379 3510 emen-

1807 3549 2024 3604 datione
2055 3562 2205 3618 spem
2225 3546 2415 3602 salutis
2459 3546 2741 3603 haberent.

1906 3725 2366 3794 Quemadmodum
2424 3725 2569 3780 enim
2628 3718 2852 3777 uxorem
2913 3722 3014 3775 Lot
3053 3720 3105 3774 in
3150 3718 3383 3788 lapidem

1809 3817 2099 3881 convertit,
2159 3815 2233 3871 ita
2299 3828 2365 3869 ex
2434 3812 2703 3884 lapidibus
2764 3809 3010 3866 homines
3081 3807 3379 3877 producere

1809 3916 2039 3979 poterat,
2094 3914 2154 3961 ut
2213 3904 2481 3959 Adamnm
2517 3917 2547 3959 e
2594 3913 2758 3958 terra.
2788 3899 3175 3955 Animadverte
3218 3895 3381 3966 igitur

1810 3999 1973 4054 etiam
2028 4013 2095 4053 ex
2149 3997 2516 4067 sequentibus,
2580 3994 2849 4063 quomodo
2925 3992 3119 4047 horum
3191 3994 3382 4057 augeat

1814 4088 2085 4153 timorem,
2128 4095 2183 4143 et
2235 4095 2510 4142 certamen
2600 4083 2879 4148 intendat;
2943 4082 3130 4137 dicens
3213 4078 3380 4138 enim,

1813 4179 2082 4248 Quoniam
2111 4186 2303 4249 potens
2317 4186 2401 4233 est
2432 4175 2576 4232 Deus
2602 4190 2669 4233 ex
2687 4175 2955 4247 lapidibus
2974 4172 3092 4229 istis
3114 4170 3398 4228 suscitaret

1816 4270 1955 4325 ﬁlios
1977 4270 2231 4336 Abraba,
2257 4286 2278 4321 ι
2317 4268 2595 4339 subiungit
2624 4283 2639 4321 :

1885 4360 2010 4416 Jam
2054 4361 2194 4417 enim
2252 4360 2453 4416 securis
2502 4359 2570 4414 ad
2634 4360 2863 4414 radicem
2907 4357 3153 4413 arborum
3216 4357 3383 4427 posita

1742 4468 1785 4522 ι)
1812 4460 1908 4504 est.

1891 4540 1988 4597 Sin
2030 4556 2160 4597 vero
2216 4542 2323 4607 vis,
2384 4541 2616 4595 securim
2689 4539 2923 4609 intelligo
2975 4538 3386 4593 immedicabilis

1818 4633 2017 4688 animae
2041 4633 2395 4688 excisionem.
2435 4630 2657 4687 Securis
2684 4644 2767 4687 est
2799 4632 2912 4700 ipse
2934 4630 3182 4686 Christus
3214 4628 3399 4699 gladia

1816 4722 2052 4791 ancipite
2102 4722 2333 4787 acutior,
2396 4722 2492 4791 qui
2542 4722 2828 4778 excisurus
2867 4730 2950 4776 est
3004 4720 3248 4775 inﬁdeles
3291 4718 3385 4774 Ju-

1814 4814 1961 4870 dteos
2015 4828 2045 4867 a
2106 4813 2537 4882 patriarcharum
2599 4814 2804 4869 honore
2858 4828 2923 4869 ac
2973 4813 3385 4874 communione,

1816 4904 2270 4975 quemadmodum
2303 4919 2331 4959 a
2364 4904 2549 4960 radice
2578 4905 2775 4975 aliqua,
2812 4907 2866 4960 in
2897 4920 3015 4962 eam
3050 4905 3232 4961 ﬁdeles
3263 4918 3398 4975 gen-

1815 4999 1945 5051 tium
1985 4999 2304 5052 insertat-us.

1814 5359 1939 5411 dicit
1969 5357 2243 5410 securim?
2284 5357 2403 5409 Non
2442 5359 2611 5409 aliam
2632 5373 2784 5425 quam
2828 5372 2943 5424 qua:
2978 5355 3218 5408 excisura
3250 5366 3323 5407 est
3359 5375 3402 5407 a-

1815 5428 2130 5497 patriarchis
2175 5437 2406 5497 posteros
2437 5442 2637 5497 eorum,
2668 5426 2865 5497 [rastra
2908 5437 2953 5478 et
2979 5442 3137 5493 supra
3181 5433 3387 5478 nandum

1819 5495 1881 5549 de
1909 5498 2152 5564 prosapia
2193 5514 2289 5549 sua
2321 5495 2625 5561 gloriantes,
2665 5511 2779 5547 rum
2805 5496 3016 5547 illorum
3047 5496 3391 5548 imitationem

1823 5568 2102 5635 negligant,
2127 5576 2173 5618 et
2200 5564 2327 5635 nihil
2356 5567 2453 5629 ipsi
2482 5564 2601 5617 boui
2633 5576 2807 5633 agant.
2842 5564 3224 5631 quuissimam
3250 5568 3402 5619 enim.

1824 5634 1901 5690 est
1933 5650 1998 5688 ea:
2036 5646 2141 5686 tam
2191 5634 2479 5702 fructi/bris
2518 5640 2716 5687 truncis
2768 5645 2907 5689 ortos
2954 5652 3147 5701 ramos,
3176 5636 3395 5703 proprio

1826 5709 1947 5760 tilio
1979 5704 2176 5760 sterile:
2202 5706 2465 5768 excutere,
2485 5714 2529 5758 et
2563 5706 2614 5757 in
2644 5706 2811 5773 ignem
2846 5706 3043 5774 jacere.
