3946 6316
519 309 616 367 3?!

1517 315 1573 368 Β.
1615 314 1890 371 CYRILLI
1933 314 2400 375 ALEXANDRINI
2430 321 2747 380 ARCHIEP.

3665 317 3772 372 372

589 429 640 498 ξ’)
679 429 884 496 1H,“.
926 433 1044 500 Ipse
1091 447 1177 484 τοι
1215 430 1499 500 baptizabit
1541 433 1594 484 in
1654 431 1858 501 Spiritu
1907 443 2088 487 εαηειο

2261 439 2455 504 Αὐτὸς
2508 439 2663 509 ὑμᾶς
2698 439 2986 503 βαπτίσει
3036 437 3105 493 ἐν
3137 437 3432 506 Πνειίνματι
3472 433 3624 502 ἁγίῳ
3665 431 3767 484 καὶ

521 529 570 573 et
597 520 722 588 igni.

615 610 909 681 Conjunxit
959 621 1138 667 autem
1209 612 1452 683 Baptista
1510 613 1747 685 Spiritus
1809 614 2085 684 signiﬁca-

521 702 652 756 tioni
695 686 840 756 illam
876 703 1037 773 ignis,
1078 718 1182 758 non
1216 705 1268 758 in
1305 705 1425 775 igne
1462 707 1683 759 omnino
1730 705 2086 774 baptizandos

519 807 617 847 nos
677 794 862 850 dicens
915 813 1005 864 per
1053 795 1346 861 Christum,
1380 795 1474 850 sed
1535 795 1799 850 viviﬁcam
1851 796 2086 863 Spiritus

515 884 886 941 eﬂicacitatem
941 902 1036 957 per
1089 887 1543 958 signiﬁcationem
1590 889 1724 957 ignis
1777 889 2081 942 insinuans.

586 1057 787 1125 Ill,12.
829 1061 996 1132 Cujus
1041 1063 1382 1117 ventilabrum
1418 1065 1470 1117 in
1507 1082 1662 1119 manu
1715 1083 1832 1129 sua,
1885 1076 1932 1121 et
1968 1083 2086 1133 per-

2195 534 2356 600 πυρί.

2264 625 2532 693 Συνέδησε
2562 622 2617 675 δὲ
2647 625 2674 676 ό
2698 623 3008 693 Βαπτιστὴς
3031 623 3097 691 τῇ
3136 621 3230 672 τοῦ
3259 617 3566 685 πνεύματος
3598 629 3768 681 angar

2194 715 2283 785 σία
2308 715 2407 782 τὴν
2443 713 2536 767 τοῦ
2580 714 2770 782 πυρὸς,
2806 714 2904 765 οὑκ
2937 715 2993 764 ὲν
3024 710 3159 781 πυρὶ
3207 709 3420 768 πάντως
3457 701 3766 773 parmaeq-

2194 806 2380 859 σεσθαι
2407 805 2582 873 λέγων
2604 807 2752 875 ἡμᾶς
2768 804 2864 857 διὰ
2889 802 3170 870 Χριστοῦ,
3202 800 3331 853 ἀλλὰ
3359 798 3454 867 τὴν
3474 795 3566 849 τοῦ
3601 793 3767 846 πνεύο

2193 913 2363 964 ματος
2397 896 2674 965 ἐνέργειαν
2723 893 2820 964 τὴν
2857 890 3141 954 ζωοποιὸν,
3189 889 3274 941 διὰ
3325 887 3421 954 τῆς
3449 883 3544 937 τοῦ
3594 881 3769 952 πυρὸς

2192 987 2469 1056 σημασίας
2505 985 2784 1055 σημαίνων
2811 984 2909 1054 (1).

2262 1075 2344 1133 Οὗ
2371 1079 2437 1131 τὸ
2466 1079 2655 1130 πτύον
2702 1077 2770 1129 ἐν
2809 1074 2883 1142 τῇ
2925 1073 3071 1143 χειρὶ
3105 1071 3310 1131 αὐτοῦ,
3342 1067 3440 1122 καὶ
3479 1067 3768 1136 διακαθα·

514 1152 789 1206 mundabit
821 1169 998 1207 aream
1027 1170 1198 1218 suam,
1231 1163 1281 1208 et
1316 1157 1644 1226 congregabit
1670 1159 1900 1211 triticum
1932 1175 2082 1213 suum

2227 1169 2304 1223 ιεῖ
2348 1169 2466 1237 τὴν
2502 1169 2704 1223 ἅλωνα
2752 1167 2957 1220 αὐτοῦ.
2994 1165 3103 1219 Καὶ
3150 1161 3399 1225 συνάξει
3441 1159 3548 1213 τὸν
3592 1158 3770 1212 σῖτον

515 1241 569 1293 in
597 1241 860 1298 horreum.

586 1329 771 1386 Justos
820 1336 962 1402 rapit
1011 1335 1062 1388 in
1105 1335 1382 1390 civitatem
1427 1350 1739 1406 supernam,
1772 1347 2084 1407 peccatores

515 1432 694 1476 autem
730 1425 834 1495 igni
867 1428 1101 1480 urendos
1133 1427 1319 1480 tradit.

585 1513 671 1579 IV,
706 1514 756 1567 1.
799 1519 940 1569 Tunc
967 1516 1122 1571 .Iesus
1155 1522 1342 1570 ductus
1371 1524 1446 1570 est
1493 1516 1548 1570 in
1579 1517 1842 1571 desertum
1877 1534 1908 1570 α
1956 1514 2082 1586 Spi-

516 1604 642 1667 ritu,
681 1615 737 1659 ut
758 1615 1052 1660 tentaretur
1081 1625 1111 1662 a
1139 1609 1369 1662 diabolo.

585 1694 946 1751 Consentiens
972 1697 1274 1752 ducebatur
1305 1716 1332 1754 a
1351 1700 1587 1755 diabolo.

585 1801 678 1868 IV,
721 1804 776 1859 '5.
810 1804 876 1858 Et
931 1809 1180 1860 accedens
1233 1816 1483 1873 tentator,
1516 1809 1653 1861 dixit
1696 1807 1762 1872 ei,
1801 1806 1863 1864 Si
1912 1805 2088 1864 Filius
2122 1783 2163 1837 Β

517 1889 618 1945 Dei
639 1909 712 1960 es,
744 1896 828 1949 die
849 1907 902 1950 ut
933 1895 1134 1966 lapides
1159 1899 1247 1952 isti
1283 1915 1442 1970 panes
1475 1901 1630 1969 ﬁant.

594 2074 710 2131 Non
733 2080 1126 2148 obtemperavit
1159 2081 1410 2138 Christus
1441 2083 1654 2139 diabolo
1707 2088 2093 2144 convertendis

518 2171 572 2225 in
604 2184 773 2240 panes
817 2171 1130 2239 lapidibus:
1169 2183 1458 2242 propterea
1501 2176 1643 2244 quod
1683 2178 1814 2232 utile
1854 2179 1954 2249 ipsi
2001 2196 2092 2248 pe-

519 2260 652 2316 tenti
715 2264 1044 2327 postulatum
1111 2261 1212 2317 hoc
1259 2265 1580 2318 miraculum
1621 2282 1725 2320 non
1773 2278 1895 2324 erat
1948 2269 2090 2324 futu-

523 2350 813 2405 rum.Non
873 2353 1016 2405 enim
1072 2361 1130 2406 ut
1194 2356 1442 2408 crederet
1492 2357 1674 2425 sicque
1728 2359 1778 2412 in
1837 2362 2091 2415 amissam

520 2443 818 2512 angelicam
855 2443 1167 2513 dignitatem
1203 2447 1531 2513 postliminio
1568 2452 1786 2514 rediret,
1819 2452 1918 2506 hoc
1950 2462 2096 2520 pete-

520 2536 1013 2604 bat,-pmnitentiae
1068 2536 1332 2606 siquidem
1375 2537 1600 2608 incaan
1654 2550 1757 2606 est,
1813 2545 1903 2596 sed
1947 2547 2090 2599 utin

520 2626 807 2681 elationem
833 2643 1024 2682 vanam
1069 2629 1344 2684 Christum
1382 2634 1642 2687 traheret.
1687 2633 1836 2700 Quod
1899 2637 2096 2692 intelli-

522 2728 652 2784 gens
680 2713 928 2769 Salvator
952 2731 1057 2770 non
1083 2728 1163 2771 est
1187 2719 1476 2774 obsecutus
1501 2719 1596 2776 illi.

593 2824 683 2894 IV,
719 2827 802 2881 12.
840 2826 970 2882 Cum
1003 2839 1174 2882 autem
1213 2831 1441 2885 audisset
1487 2835 1642 2888 Jesus
1686 2835 1824 2904 quod
1859 2833 2094 2892 Ioannes

526 2918 753 2971 traditus
786 2928 940 2985 esset,
974 2921 1180 2973 secessit
1210 2922 1262 2974 in
1296 2919 1594 2979 Galilwam.

596 3005 748 3062 Haud
791 3020 933 3063 metu
981 3014 1241 3078 secessit,
1281 3015 1376 3068 sed
1409 3027 1466 3068 ut
1498 3031 1597 3069 nos
1633 3031 1728 3085 per
1764 3032 1830 3074 ea
1860 3033 1979 3086 quae
2008 3018 2090 3072 fa-

2188 1261 2376 1315 αὑτοῦ
2409 1264 2495 1326 εἱς
2525 1259 2637 1326 τὴν
2665 1261 3000 1325 ἀποθήκην.
3073 1301 3077 1311 ,

2259 1353 2397 1414 Τοὺς
2428 1350 2669 1412 δικαίους
2701 1349 2775 1416 (2)
2801 1348 3038 1418 ἁρπάζει
3063 1347 3142 1407 είς
3164 1344 3261 1414 τὴν
3299 1342 3410 1396 ἄνω
3439 1341 3619 1406 πόλιν,
3639 1337 3769 1402 τοὺς

2187 1439 2243 1498 δὲ
2274 1443 2626 1514 ἁμαρτωλοὺς
2655 1443 2733 1502 εἰς
2764 1440 2822 1491 τὸ
2848 1438 3207 1506 κατακαῆναι.

2266 1535 2401 1588 Τότε
2427 1535 2459 1586 ό
2497 1531 2725 1596 Ἰησοῦς
2766 1530 2998 1597 ἀνήχθη
3026 1530 3112 1591 εις
3139 1526 3250 1592 τὴν
3269 1527 3495 1593 ἔρημον
3516 1520 3637 1576 ὑπὸ
3655 1520 3765 1576 τοῦ

2188 1628 2554 1694 Πνεύματος,
2589 1621 2981 1690 πειρασθῆναι
3017 1620 3132 1673 ὑπὸ
3168 1616 3274 1670 τοῦ
3312 1615 3620 1668 διαϐόλου.

2271 1718 2404 1772 Ὑπὸ
2456 1715 2550 1769 τοῦ
2606 1716 2680 1784 (5)
2727 1713 2970 1767 διαϐόλου
3002 1712 3164 1781 ἤγετο
3208 1710 3344 1764 κατᾶ
3388 1704 3763 1774 συγχώρησιν.

2263 1831 2372 1886 Καὶ
2418 1829 2772 1898 προσελθὼν
2816 1824 2976 1890 αὐτῷ
3007 1828 3038 1879 ό
3082 1821 3399 1891 πειράζων,
3459 1814 3667 1871 εἶπεν
3697 1817 3763 1870 ει

2202 1925 2335 1988 Υἱὸς
2362 1923 2419 1975 εἷ
2452 1921 2559 1974 τοῦ
2595 1919 2765 1983 Θεοῦ,
2800 1917 2933 1971 εἰπὲ
2983 1917 3082 1968 ἵνα
3124 1918 3176 1967 ot
3206 1913 3360 1966 λίθοι
3399 1905 3570 1964 οὗτοι
3598 1905 3764 1974 ἄρτοι

2195 2013 2502 2085 γένωνται.
3445 2087 3469 2094 _
3703 2083 3730 2094 -

2265 2106 2376 2175 Οὐχ
2404 2104 2711 2172 ὑπήκουσεν
2741 2101 2768 2151 ὁ
2800 2095 3031 2169 Χριστος
3050 2094 3142 2147 τοῦ
3166 2091 3409 2144 διαϐόλου
3436 2087 3580 2140 ὥστε
3606 2087 3764 2152 ποιῆο

2196 2214 2287 2251 σαι
2330 2173 2455 2256 τοὺς
2501 2192 2682 2252 λίθους
2735 2189 2966 2258 ἄρτους
3021 2184 3153 2236 διότι
3208 2182 3266 2233 οὑ
3307 2178 3442 2248 πρὸς
3494 2173 3764 2240 ὠφέλειαν

2195 2286 2359 2342 αὑτοῦ
2388 2281 2454 2355 ἦν
2476 2300 2488 2312 ⁸
2527 2285 2587 2335 οὑ
2617 2283 2723 2350 γὰρ
2753 2280 2840 2332 ἵνα
2864 2275 3130 2346 πιστεύσῃ
3159 2273 3252 2325 καὶ
3272 2271 3496 2339 γένηται
3528 2266 3606 2328 ὡς
3632 2265 3765 2333 πρός

2193 2395 2351 2449 τερον
2382 2353 2449 2446 ἦν
2496 2373 2746 2442 ἄγγελος,
2780 2369 2937 2422 τοῦτο
2978 2369 3159 2438 ᾐτεῖτο
3195 2361 3587 2432 (ἀμετανόητος
3612 2353 3764 2424 γὰρ),

2196 2469 2425 2524 ἀλλ’ἵνα
2473 2467 2552 2529 εἰς
2592 2461 2896 2526 κενοδοξίαν
2939 2457 3141 2527 ἐλκύσῃ
3184 2456 3277 2508 τὸν
3326 2450 3594 2523 Χριστόν·
3631 2449 3765 2516 ὅπερ

2197 2563 2349 2624 εἰδὼς
2375 2563 2404 2614 ὁ
2431 2559 2624 2627 Σωτὴρ
2657 2557 2755 2624 οὐχ
2777 2554 3086 2624 ὑπήκουσεν
3121 2548 3307 2604 αὑτοῦ.

2281 2837 2564 2900 Ἀκούσας
2597 2832 2666 2887 δὲ
2694 2835 2726 2886 ό
2766 2828 2994 2896 Ἰησοῦς
3019 2827 3105 2879 ὅτι
3137 2821 3406 2887 Ἰωάννης
3442 2813 3768 2883 παρεδόθη.

2197 2927 2579 2997 ἀνεχώρησεν
2605 2925 2691 2988 εἷς
2720 2921 2835 2988 τὴν·
2860 2916 3213 2972 Γαλιλαίαν.

2487 3017 2574 3070 διὰ
2605 2987 2806 3068 δειλίαν
2847 3009 3225 3079 ὑπεχώρησεν,
3260 3001 3372 3057 ἀλλ’
3404 3001 3434 3071 ἡ
3446 3000 3553 3070 μᾶς
3600 2996 3669 3049 δι’
3698 2987 3774 3091 ὧν

526 3099 699 3153 ciebat
727 3102 964 3155 erudiret
995 3102 1189 3157 cedere
1220 3102 1392 3156 locum
1421 3108 1880 3172 persecutoribus.
1933 3109 2096 3176 Sece-

2233 3089 2371 3162 ποίει
2393 3108 2654 3160 διδάσκων
2683 3102 2986 3172 ὑποχωρεῖν
3009 3101 3124 3159 τοῖς
3153 3096 3464 3149 διώκουσιν
3497 3089 3775 3157 ἀναχωρεῖ

526 3191 604 3244 dit
633 3202 812 3245 autem
844 3208 906 3247 ex
938 3191 1121 3247 Judaza
1170 3194 1236 3247 ad
1273 3205 1493 3263 gentes,
1538 3197 1915 3253 demonstrans
1951 3202 2094 3267 quod

525 3295 636 3334 non
679 3296 822 3335 nunc
865 3281 1206 3350 potissimum
1244 3299 1366 3338 cum
1409 3283 1578 3339 Judtei
1626 3287 1676 3342 in
1714 3290 1885 3358 ipsum
1928 3291 2092 3347 Deum

525 3371 906 3426 contumeliosi
944 3382 1103 3437 sunt,
1146 3375 1353 3429 recedit
1407 3376 1474 3431 ab
1518 3377 1652 3442 illis,
1702 3395 1884 3434 verum
1932 3383 2094 3436 etiam

531 3478 655 3518 cum
696 3464 961 3518 adversus
1020 3474 1236 3519 sanctos
1293 3467 1583 3536 prepbetas
1637 3481 1882 3539 peccant.
1923 3472 2095 3529 Porro

527 3553 618 3608 lux
663 3572 893 3626 magna,
936 3557 1184 3612 Christus
1234 3567 1318 3610 est
1368 3556 1628 3614 Dominus
1677 3571 1892 3626 noster,
1935 3565 2095 3633 cujus

527 3644 754 3701 claritas
811 3649 1124 3717 prmdieatio
1185 3653 1496 3722 evangelica
1553 3669 1674 3711 esse
1737 3656 2094 3725 dignoscitur.

529 3744 672 3818 Ergo
704 3745 874 3820 legem
909 3746 1125 3804 lucerna
1160 3747 1325 3804 veluti
1371 3753 1825 3821 repraesentabat;
1871 3755 2100 3824 ideoque

529 3848 788 3907 perpetua
818 3837 1042 3894 lucerna
1083 3838 1137 3893 in
1175 3840 1522 3896 tabernaculo
1559 3845 1995 3912 accendebatur,
2031 3848 2098 3901 ob

528 3928 942 4011 significandum
973 3930 1226 4000 exiguum
1257 3933 1598 4000 splendorem
1625 3936 1793 4006 legis,
1818 3952 1937 4008 qua:
1966 3953 2102 3992 non-

529 4021 636 4075 nisi
671 4021 814 4075 intra
856 4021 991 4077 lines
1011 4020 1265 4079 Judaicos
1286 4024 1461 4080 lucem
1497 4041 1648 4082 suam
1679 4029 1984 4096 expandere
2007 4044 2104 4096 po-

533 4122 770 4167 terat.—
794 4111 921 4170 Jesu
952 4115 1190 4171 secessio
1215 4157 1232 4181 ,
1273 4119 1642 4184 magisterium
1687 4129 1929 4173 nostrum
1979 4131 2099 4176 est:

530 4204 820 4257 manifeste
860 4205 1004 4258 enim
1045 4206 1202 4261 docet
1247 4208 1335 4261 hic
1377 4208 1689 4276 Scriptura,
1729 4209 2000 4264 neminem
2035 4210 2102 4265 ad

533 4293 912 4364 magisterium
965 4297 1226 4353 accedere
1262 4299 1492 4362 debere,
1523 4299 1623 4352 nisi
1664 4306 1822 4352 antea
1861 4300 2105 4369 baptiza-

534 4393 621 4437 tus
672 4395 1030 4455 sanctumque
1062 4387 1322 4457 Spiritum
1364 4388 1589 4454 adeptus
1624 4386 1825 4450 fuerit,
1875 4399 1931 4443 et
1975 4405 2100 4458 per-

2203 3200 2260 3252 δὲ
2305 3201 2369 3250 ἐκ
2395 3199 2496 3267 τῆς
2531 3195 2791 3257 Ἰουδαίας
2826 3192 2918 3245 ἐπὶ
2965 3189 3033 3243 τὰ
3063 3189 3210 3255 ἔθνη,
3244 3185 3454 3245 δεικνὺς
3488 3185 3571 3235 ὃτι
3613 3181 3774 3249 μόνον

2203 3291 2292 3344 ὅτε
2335 3291 2414 3352 εἰς
2463 3289 2626 3342 αὐτὸν
2659 3287 2749 3339 τὸν
2797 3284 2928 3339 Θεὸν
2977 3280 3349 3352 ἐνυϐρίζουσιν
3400 3276 3451 3328 οἱ
3503 3273 3773 3337 Ἰουδαῖοι,

2203 3382 2495 3450 ἀφίσταται
2553 3378 2753 3440 αὐτῶν,
2807 3375 2943 3431 ἀλλὰ
2987 3375 3083 3426 καλ.
3135 3373 3222 3424 ὅτε
3269 3370 3347 3431 εἰς
3396 3366 3523 3428 τοὺς
3584 3363 3777 3430 ἁγίους

2207 3473 2493 3544 προφήτας
2524 3469 2930 3541 ἁμαρτάνουσι·
2971 3464 3086 3534 φῶς
3118 3463 3176 3516 δὲ
3219 3460 3359 3531 μέγα
3389 3460 3506 3510 ἐστὶ
3538 3453 3778 3544 Χριστὸς

2203 3543 2476 3634 δέΚύριος
2501 3562 2680 3634 ἡμῶν,
2727 3561 2820 3614 καὶ
2851 3561 2884 3627 ἡ
2921 3556 3213 3627 φαιδρότης
3264 3549 3360 3604 τοῦ
3413 3543 3778 3615 εὐαγγελικοῦ

2207 3654 2582 3724 κηρύγματος.
2618 3650 2826 3705 Οὐκοῦν
2854 3652 2882 3702 ὁ
2907 3651 3069 3718 νόμος
3107 3647 3182 3708 ὼς
3214 3643 3394 3712 λύχνῳ
3437 3636 3506 3711 ἦν
3539 3641 3775 3691 ἀπεικα-

2207 3746 2354 3809 σθείς
2379 3763 2392 3776 ·
2413 3745 2493 3798 διὸ
2521 3746 2615 3796 καὶ
2650 3744 2734 3796 ἀεὶ
2759 3745 2816 3795 ὲν
2842 3743 2909 3812 τῇ
2934 3741 3104 3808 σκηνῇ
3131 3737 3320 3807 λύχνος
3343 3733 3580 3794 ἐκαίετο,
3604 3728 3696 3781 διὰ
3717 3725 3780 3778 τὸ

2211 3839 2384 3910 βραχὺ
2415 3837 2514 3906 τῆς
2559 3835 2652 3888 τοῦ
2687 3835 2852 3903 νόμου
2883 3832 3079 3901 αὐγῆς,
3125 3829 3254 3898 ἄχρι
3306 3825 3462 3895 μόνον
3494 3820 3605 3875 τῶν
3642 3820 3780 3872 Ἰου-

2206 3930 2410 3984 δαῖκῶν
2439 3931 2580 3999 ὅρων
2618 3924 2817 3995 ἰσχύων
2849 3921 3128 3992 ἐκπέμψαι
3156 3920 3220 3971 τὸ
3255 3917 3384 3970 ῖδιον
3414 3913 3549 3984 φῶς.
3582 3940 3652 3952 --
3687 3911 3781 3967 Δι-

2207 4021 2503 4081 δασκαλίας
2532 4019 2680 4070 ἐστὶν
2726 4016 2788 4069 τὸ
2820 4015 3120 4084 ἀναχωρεῖν
3168 4010 3257 4063 τὸν
3307 4006 3547 4077 Ἰησοῦν
3587 4001 3777 4068 σαφῶς

2207 4113 2364 4179 λόγος
2388 4110 2629 4164 διδάσκει
2673 4109 2753 4160 ὅτι
2783 4108 2840 4160 οὑ
2868 4107 2970 4177 χρή
3004 4120 3124 4158 τινα
3175 4101 3268 4154 ἐπὶ
3308 4099 3368 4151 τὸ
3404 4093 3778 4149 διδασκαλεῖον

2209 4203 2405 4265 ἐλθεῖν,
2440 4202 2489 4253 εἰ
2517 4199 2590 4270 μὴ
2625 4200 2886 4268 πρότερον
2911 4194 3202 4266 βαπτισθῇ,
3230 4191 3263 4262 ἦ
3290 4189 3427 4261 τύχῃ
3457 4185 3780 4255 Πνεύματος

2210 4295 2383 4362 ἁγίου,
2442 4293 2537 4347 καὶ
2584 4291 2855 4363 νηστεύσῃ
2907 4289 3235 4358 ὁλοκλήρως,
3277 4283 3371 4336 καὶ
3415 4279 3620 4350 νικήσῃ
3673 4275 3779 4326 πᾶν

2211 4383 2350 4448 εἶδος
2385 4381 2714 4454 πειρασμοῦ,
2746 4381 2820 4444 ὡς
2847 4383 2874 4433 ὀ
2903 4380 3069 4442 τύπος
3113 4377 3212 4440 τῆς
3245 4371 3503 4434 ἀληθείας
3551 4364 3778 4439 ἤρξατο,

535 4475 676 4531 recte
717 4476 1081 4547 jejunaverit,
1140 4487 1302 4548 atque
1343 4493 1504 4534 omne
1556 4479 1875 4536 tentationis
1933 4496 2098 4550 genus

2225 4477 2302 4532 tat
2328 4476 2416 4530 διὰ
2443 4472 2682 4546 Χριστοῦ
2715 4473 2945 4542 γίνεται.

535 4570 916 4638 superaverit:
951 4569 1092 4638 quod
1125 4585 1332 4638 reapse.
1366 4570 1612 4627 veritatis
1644 4581 1822 4643 typus,
1859 4573 2106 4630 Christus

535 4659 798 4731 inquam,
831 4662 1045 4716 initium
1081 4662 1270 4732 agendi
1307 4661 1452 4716 fecit.

605 4770 707 4839 Ν,
741 4771 830 4826 16.
870 4771 1134 4841 Populus,
1160 4771 1250 4842 qui
1283 4770 1496 4826 sedebat
1519 4773 1574 4826 in
1606 4774 1851 4839 tenebris,
1883 4776 2105 4830 viditlu-

535 4879 644 4918 cem
684 4879 947 4934 magnam.

610 4953 894 5010 Tenebras
931 4953 1020 5008 hic
1043 4967 1150 5006 non
1187 4954 1285 5008 has
1313 4954 1596 5008 sensibiles
1631 4955 1799 5018 dicit,
1827 4957 1920 5010 sed
1953 4971 2108 5010 erro-

539 5062 652 5099 rem
674 5056 729 5100 et
749 5043 1131 5099 idololatrian].
1153 5041 1357 5098 Idcirco
1372 5046 1519 5098 addit
1544 5045 1930 5101 :cSedentibus
1947 5048 1996 5100 in
2021 5063 2107 5102 re-

538 5137 699 5207 gione
727 5144 783 5188 et
811 5136 999 5187 umbra
1037 5134 1228 5188 mortis
1258 5133 1346 5188 lux
1375 5133 1597 5189 aﬂ'ulsit.
1618 5136 1767 5188 )Mox
1796 5145 1850 5190 ut
1883 5139 2106 5191 demon-

541 5233 677 5278 stret
702 5262 717 5287 ,
748 5221 890 5289 quod
919 5237 1023 5275 non
1052 5222 1150 5290 ipsi
1181 5223 1471 5288 qumrcndo
1499 5222 1824 5287 invenerint,
1854 5225 1946 5276 sed
1973 5224 2109 5276 Deus

539 5314 743 5368 eisdem
779 5324 1014 5379 superne
1049 5327 1109 5367 se
1140 5311 1421 5375 obtulerit,
1447 5329 1466 5361 ι
1498 5309 1618 5379 Ipsa
1652 5311 1740 5365 lux
1768 5312 1957 5366 oborta
1979 5319 2102 5376 est,

615 5464 692 5535 (1)
713 5465 1090 5531 Συνέδησε...
1118 5465 1451 5535 σημαίνων.
1482 5464 1605 5518 Haec
1629 5463 1815 5519 iisdem
1848 5463 1958 5518 fere
1988 5477 2108 5518 vero

541 5535 628 5591 bis
652 5534 905 5595 leguntur
935 5535 1068 5588 infra
1101 5535 1164 5588 ad
1195 5536 1324 5589 an.
1357 5534 1442 5597 ΙΙΙ,
1476 5535 1561 5587 16.
1601 5535 1758 5586 Eure.

616 5606 695 5674 (2)
734 5606 878 5670 Τοὺς
903 5605 1248 5670 δικαίους-ο
1265 5603 1650 5672 κατακαῆναι.
1677 5603 1919 5674 Cramer.
1941 5617 1992 5670 ρ.
2015 5603 2105 5654 ει.

618 5671 693 5747 (ὅ)
737 5675 885 5730 Ὑπὸ
920 5704 990 5718 -
1018 5675 1425 5745 συγχώρησις.
1459 5675 1700 5728 Cramer.
1728 5688 1775 5740 p.
1807 5671 1878 5723 25

2292 4761 2354 4815 '0
2377 4761 2524 4827 λαὸς
2549 4761 2585 4815 δ
2613 4759 2950 4828 καθήμενος
2976 4758 3045 4812 ἐν
3066 4755 3294 4819 σκότει,
3318 4750 3440 4808 εἶδε
3462 4752 3587 4823 φῶς
3607 4749 3776 4821 μέτα.

2288 4944 2362 5013 (5)
2397 4942 2594 5006 Σκότος
2647 4941 2881 4996 ἐνταῦθα
2927 4943 2989 4994 οὐ
3029 4941 3104 5002 ⁴τὸ
3139 4922 3396 5010 αἰσθητὸν
3428 4935 3608 4999 καλεῖ,
3649 4933 3784 4988 ἀλλὰ

2213 5035 2312 5104 τὴν
2367 5035 2574 5102 πλάνην
2629 5034 2722 5086 καὶ
2755 5034 2850 5102 τὴν
2887 5031 3173 5086 ἀσέϐειαν*
3231 5031 3311 5083 διὸ
3366 5029 3460 5081 καὶ
3492 5028 3780 5094 ἐπήγαγε·

2221 5145 2240 5178 ι
2283 5128 2408 5189 Τοῖς
2439 5126 2763 5195 καθημένοις
2801 5127 2858 5177 ἐν
2887 5123 3043 5194 χώρᾳ
3077 5124 3170 5176 καὶ
3224 5124 3350 5192 σκιᾷ
3377 5120 3634 5182 θανάτου,
3671 5116 3784 5186 φῶς

2215 5219 2457 5289 ἔλαμψεν
2485 5220 2684 5277 αὐτοῖς.
2724 5236 2741 5268 ι
2778 5213 2912 5270 Εἶτα
2933 5217 3144 5278 δεικνὺς
3172 5217 3252 5268 ὅτι
3276 5215 3375 5266 οὐκ
3421 5211 3577 5264 αὐτοὶ
3623 5210 3784 5280 ζητή-

2216 5326 2407 5372 σαντες
2439 5301 2617 5378 εὖρον,
2643 5306 2758 5361 ἀλλ’
2785 5310 2813 5360 ὁ
2839 5308 2968 5370 Θεὸς
3001 5307 3184 5369 αὐτοῖς
3217 5303 3424 5358 ἄνωθεν
3452 5303 3652 5370 ἐφάνη,
3683 5314 3786 5369 φη-

2287 5466 2364 5533 <ἱ)
2402 5469 2482 5519 Oi)
2511 5465 2608 5518 διὰ
2645 5492 2715 5504 --
2741 5463 2998 5532 Χριστοῦ
3039 5465 3282 5534 γίνεται.
3317 5457 3442 5515 Mai.
3473 5457 3540 5514 Β.
3587 5457 3661 5514 Ν.
3697 5455 3784 5524 ιιι,

2217 5536 2363 5672 ’Ξὲἦ
2390 5605 2608 5668 Eaedem;
2637 5635 2704 5645 —
2734 5604 3243 5658 ἀπαλλάττεσθαι.
3275 5602 3406 5658 ibid.
