3946 6316
147 345 258 401 573

1323 343 1678 412 COMMENT.
1718 344 1789 399 IN
1827 343 2269 403 HATTHA‘IUM.

3302 347 3417 402 37-1.

153 463 240 516 σίν
260 479 274 492 °
306 480 323 512 ι
362 459 504 514 Αὐτὸ
532 460 592 515 τὸ
620 461 735 530 φῶς
757 460 996 516 ἀνέτειλε
1020 464 1112 517 καὶ
1144 463 1404 537 ἔλαμψεν.
1444 486 1461 520 ι
1495 467 1608 520 Οὐκ
1635 465 1732 520 αὐ-

1846 464 1934 530 ιίι,
1959 478 2022 519 ac
2053 463 2378 532 splenduit,»
2412 476 2516 516 non
2540 461 2641 532 ipsi
2676 462 2886 532 priores
2905 460 2972 520 ad
3009 461 3183 516 lucem
3218 474 3407 517 accur-

153 554 235 606 τοὶ
266 555 530 626 πρότερον
559 553 635 622 τῷ
662 556 800 622 φωτὶ
825 553 1226 626 προσέδραμον·
1262 559 1353 611 καὶ
1386 557 1490 630 γὰρ
1515 559 1572 610 ὲν
1605 557 1732 610 σκό-

151 664 234 698 τει
258 647 328 700 τὰ
349 647 668 720 ἀνθρώπινα
693 643 762 717 ἦν
788 648 890 718 πρδ
922 649 1019 718 τῆς
1037 649 1127 700 τοῦ
1157 650 1391 718 Χριστοῦ
1416 649 1730 720 παρουσίας·

152 738 277 792 οὐδὲ
325 738 435 808 γὰρ
472 736 722 801 ἐϐάδιζον
765 739 823 790 ὲν
880 739 1080 802 σκότει,
1123 739 1236 792 ἀλλ’
1279 739 1565 808 ἐκάθηντο,
1599 740 1733 807 ὅπερ

157 832 385 900 σημεῖον
412 826 482 900 ἦν
504 828 598 882 τοῦ
641 829 715 900 μὴ
745 829 983 894 ἐλπίζειν
1011 831 1210 894 αὐτοὺς
1239 832 1692 885 ἀπαλλάττεσθαι.

227 927 333 981 Kal
365 925 628 991 ἐξῆλθεν
674 927 710 992 ἡ
744 926 896 989 ἀκοὴ
945 926 1134 979 αὐτοῦ
1164 929 1252 992 εις
1296 926 1449 993 ὅλην
1479 925 1592 993 τὴν
1622 928 1734 978 Συ-

155 1013 296 1080 ρίαν
312 1029 324 1040 ·
357 1013 456 1066 καὶ
483 1011 914 1081 προσήνεγκαν
934 1011 1094 1076 αὐτῷ
1118 1012 1348 1076 πάντας
1378 1011 1517 1078 τοὺς
1537 1010 1732 1076 κακῶς

157 1103 436 1172 ἔχοντας,
475 1104 781 1168 ποικίλαις
832 1102 1042 1165 νόσοις
1083 1102 1180 1154 καὶ
1226 1100 1528 1166 βασάνοις
1581 1117 1730 1153 συν-

157 1192 516 1262 εχομένους,
548 1192 645 1245 καὶ
685 1192 1206 1263 δαιμονιζομένους
1245 1192 1340 1246 καὶ
1386 1190 1733 1257 σεληνιαζο-

156 1282 380 1352 μένους
403 1282 500 1335 καὶ
543 1284 1009 1350 παραλυτικοὺς,
1053 1285 1146 1337 καὶ
1196 1281 1600 1350 ἐθεράπευσεν
1628 1284 1733 1336 αὐ-

154 1374 316 1438 τούς.
350 1373 458 1425 Kal
501 1373 928 1440 ἠκολούθησαν
954 1371 1112 1438 αὐτῷ
1151 1373 1321 1443 ὄχλοι
1355 1372 1572 1426 πολλοὶ
1614 1372 1732 1427 ἀπὸ

157 1465 264 1534 τῆς
294 1469 653 1532 Γαλιλαίας,
691 1468 788 1522 καὶ
823 1470 1231 1533 Δεκαπόλεως,
1273 1467 1372 1520 καὶ
1406 1459 1732 1532 Ἰεροσοῖίύ-

155 1574 281 1623 μων
309 1558 408 1610 καὶ
455 1558 772 1623 Ἰουδαίας,
811 1559 908 1611 καὶ
939 1557 1129 1625 πέραν
1153 1557 1259 1610 τοῦ
1291 1556 1606 1620 Ἰορδάνου.

225 1649 463 1718 Νοήσεις
496 1649 554 1702 δὲ
584 1651 675 1702 καὶ
703 1650 768 1703 τὰ
803 1649 1009 1718 ψυχικὰ
1043 1647 1190 1718 πάθη
1216 1648 1385 1717 θυμὸν
1414 1648 1509 1700 καὶ
1543 1645 1733 1700 ἐπιθυ-

156 1742 287 1812 μίαν
329 1741 400 1795 τὰ
450 1740 803 1810 ἑκκωφοῦντα
851 1742 985 1812 πρὸς
1033 1740 1132 1811 τὴν
1173 1738 1530 1809 εὐαγγελικὴν
1579 1736 1730 1790 πολι-

1835 565 2021 610 rerunt
2051 555 2150 626 (5).
2181 555 2382 625 Nempe
2429 570 2515 610 res
2549 555 2796 610 humanae
2817 563 2942 610 ante
2973 552 3175 609 Christi
3204 553 3407 608 adven-

1837 655 1948 700 tum
1972 649 2024 701 in
2057 647 2295 702 tenebris
2323 646 2679 701 versabantur
2707 665 2720 701 :
2759 663 2862 699 non
2886 646 3029 701 enim
3055 643 3408 700 ambulabant
3435 628 3440 632 ’

1835 738 2080 792 homines
2115 741 2170 792 in
2203 739 2440 793 tenebris
2462 779 2477 803 ,
2520 739 2612 793 sed
2657 739 2953 804 sedebant;
2996 738 3137 807 quod
3159 737 3291 790 satis
3321 738 3404 789 in-

1834 828 1991 891 nuit,
2017 845 2120 881 non
2152 845 2396 895 sperasse
2423 845 2516 885 eos
2550 829 2876 884 conditionis
2902 843 3010 884 sum
3029 829 3404 881 mutationem.

1900 923 1957 993 6
1984 921 2070 988 IV,
2100 923 2192 988 24,
2215 923 2308 978 25.
2341 923 2406 976 Et
2457 923 2584 976 abiit
2617 923 2792 990 opinio
2839 922 2953 991 ejus
2993 923 3046 974 in
3092 930 3254 973 totam
3305 918 3408 988 Sy-

1831 1013 1989 1080 riam,
2028 1026 2074 1068 et
2127 1014 2424 1068 obtulerunt
2472 1015 2518 1068 ei
2555 1030 2732 1067 omnes
2781 1014 2921 1066 male
2965 1013 3208 1065 habentes
3244 1009 3405 1065 variis

1831 1105 2167 1176 languoribus
2193 1114 2238 1159 et
2265 1107 2536 1159 tormentis
2569 1111 2984 1174 comprehensos,
3020 1113 3066 1156 et
3089 1103 3176 1172 qui
3209 1103 3406 1154 da'ma-
3481 1133 3488 1142 -

1832 1197 1919 1250 nia
1972 1198 2250 1262 habebant,
2291 1197 2550 1252 lunaticos
2596 1208 2643 1252 et
2695 1197 3031 1266 paralyticos,
3080 1204 3126 1247 et
3206 1192 3406 1246 curauit

1829 1306 1936 1343 eos.
1969 1289 2034 1343 Et
2059 1303 2245 1345 secuta:
2268 1300 2387 1345 sunt
2410 1309 2528 1345 eum
2559 1294 2723 1345 turba:
2752 1290 2928 1343 multae
2975 1288 3038 1342 de
3086 1285 3334 1346 Galila’a,
3360 1294 3419 1338 et-

1831 1379 2100 1446 Decapoli,
2118 1392 2162 1433 et
2195 1383 2257 1436 de
2283 1382 2682 1453 Hierosolymis,
2710 1393 2755 1436 et
2777 1383 2840 1436 de
2859 1380 3135 1444 Judtea,et
3167 1376 3230 1431 de
3263 1387 3407 1429 trans

1829 1469 2141 1525 Iordanem.
2621 1470 2627 1476 ’

1903 1647 2205 1716 Perpendes
2237 1658 2414 1703 autem
2447 1650 2723 1704 naturales
2753 1649 2914 1706 etiam
2941 1649 3241 1718 passiones,
3271 1645 3406 1707 iram

1831 1752 1895 1792 ac
1933 1738 2303 1806 cupiditatem,
2353 1739 2418 1790 ad
2466 1737 2845 1806 Evangelicutn
2901 1735 3144 1804 regimen
3217 1729 3408 1785 surdos

161 1833 308 1886 τείαν
340 1834 468 1894 τοὺς
509 1831 851 1901 ἀνθρώπους.
884 1832 946 1884 Εἰ
985 1830 1041 1882 δέ
1075 1848 1157 1893 τις
1189 1831 1390 1901 ἐρωτᾷ,
1431 1828 1514 1892 τίς
1555 1830 1587 1897 ἠ
1615 1828 1731 1880 διαο

1846 1831 2082 1884 homines
2114 1829 2312 1884 facere.
2352 1829 2407 1883 Si
2440 1831 2564 1898 quis
2590 1843 2717 1883 vero
2752 1825 3126 1894 interrogarit,
3158 1835 3406 1891 quaenam

156 1923 299 1992 φορὰ
334 1922 491 1974 νόσου
529 1922 625 1974 καὶ
658 1921 956 1989 μαλακίας,
1002 1918 1472 1988 ἀποκρινούμεθα.
1505 1919 1585 1970 ὅτι
1634 1935 1735 1988 μα-

157 2013 322 2066 λακία
357 2013 457 2081 μέν
490 2015 639 2065 ἐστιν
670 2014 701 2082 ή
740 2013 1072 2083 πρόσκαιρος
1105 2010 1388 2080 ἀνωμαλία
1425 2009 1517 2061 τοῦ
1552 2009 1736 2080 σώμα-

157 2124 266 2168 τος,
316 2106 475 2165 νόσος
504 2104 560 2157 δὲ
605 2104 960 2174 ἀσυμμετρία
1003 2103 1110 2156 τῶν
1145 2106 1200 2157 ὲν
1234 2102 1312 2174 τῷ
1350 2102 1564 2173 σώματι
1594 2119 1736 2155 στοι-

157 2198 344 2268 χείων.
377 2195 496 2266 Χρὴ
521 2195 574 2248 δὲ
607 2197 700 2248 καὶ
727 2194 884 2247 τοῦτο
921 2193 1383 2264 ἐπισημήνασθαι,
1425 2195 1506 2246 ὅτι
1537 2196 1567 2264 ἡ
1601 2194 1734 2264 κλη-

159 2289 354 2360 ρουχία
376 2288 476 2356 τῆς
499 2289 670 2358 φυλῆς
695 2290 786 2342 τοῦ
818 2286 1124 2348 Ζαϐουλὼν,
1145 2288 1236 2340 καὶ
1259 2287 1578 2356 Νεφθαλεὶμ
1607 2287 1735 2356 ἄχρι

157 2386 390 2448 Σιδῶνος
430 2363 648 2451 ὲθνῖκῆς
676 2381 880 2443 πόλεως
905 2381 1258 2449 παρετέτατο,
1280 2379 1375 2433 καὶ
1399 2379 1600 2448 ἀναμὶξ
1624 2382 1736 2443 τοῖς

158 2480 370 2533 ἔθνεσιν
420 2479 663 2532 Ἰουδαῖοι
697 2476 980 2546 κατῴκουν
999 2475 1206 2528 λοιπόν.
1252 2473 1645 2545 Ἐρμηνεύεται
1678 2473 1736 2526 δὲ

157 2567 450 2622 Ζαϐουλὼν
479 2568 576 2637 μὲν
630 2566 835 2620 εὐοδιά
865 2565 963 2619 καὶ
1007 2566 1254 2635 εὐλογία
1275 2605 1288 2627 ν
1333 2563 1651 2633 Νεφθαλείμ
1679 2563 1736 2616 δὲ

156 2660 456 2728 στέλεχος
476 2657 984 2728 ἀνειμένονῄγουν
999 2659 1192 2728 φυτὸν
1207 2659 1732 2726 παρατεινόμενον.

158 2748 426 2816 Γεγόνασι
443 2750 498 2802 δὲ
514 2748 686 2802 ταῦτα
704 2751 749 2801 οἱ
766 2750 842 2810 εἰς
858 2749 1091 2818 Χριστὸν
1110 2748 1522 2812 πιστεύσαντες·
1542 2747 1736 2810 εὑόδως

158 2841 266 2909 γὰρ
291 2840 654 2910 πορευόμενοι
683 2840 782 2908 τῆς
809 2839 957 2903 θείας
993 2839 1244 2908 εὐλογίας
1272 2838 1601 2909 ἠξιώθησαν.
1643 2838 1738 2890 καὶ

154 2936 268 2998 τοῖς
285 2935 472 2997 καλοῖς
488 2935 688 2988 ἆπασιν
703 2931 1233 3001 ἐνεπλατύνθησανοί
1257 2935 1383 3004 πρὶν
1402 2933 1457 2985 ἐν
1478 2930 1738 3002 Γαλιλαίᾳ

158 3027 334 3089 ὄντες,
389 3027 514 3095 ἥτις
558 3025 805 3078 καλεῖται
861 3023 1303 3090 κατακυλιστὴ,
1367 3023 1650 3077 τουτέστιν
1682 3023 1731 3076 οι

159 3115 624 3170 κατακυλιόιιενοι
653 3115 793 3169 κατὰ
823 3113 930 3168 τῶν
972 3112 1260 3185 βαράθρων
1296 3113 1395 3183 τῆς
1433 3112 1728 3177 ἀπωλείας.
1765 3148 1808 3208 c

230 3294 523 3363 Μακάριοι
551 3297 606 3347 οἱ
646 3293 1028 3362 εἰρηνοποιοί.

229 3384 580 3455 Εἰρηνοποιοί
617 3386 719 3438 εἱσι
767 3385 862 3437 καὶ
900 3386 948 3437 οἱ
987 3385 1114 3447 τοὺς
1159 3385 1423 3448 ἀπίστους
1476 3386 1739 3455 μεταπεί-

159 3477 347 3538 θοντες
387 3474 700 3539 πιστεῦσαι,
744 3473 818 3538 ὡς
843 3477 967 3538 τοὺς
1001 3475 1167 3528 πάλαι
1211 3475 1440 3547 ἐχθροὺς
1465 3476 1559 3530 τοῦ
1601 3477 1737 3531 Θεοῦ

159 3565 634 3637 εἰρηνοποιοῦντες
664 3565 810 3636 αὐτῷ
846 3565 943 3636 (1).

242 3657 432 3727 Ὑμεῖς
457 3658 596 3712 ἐστε
624 3656 689 3710 τὸ
724 3654 849 3726 φῶς
878 3656 985 3711 τοῦ
1023 3657 1276 3726 κόσμου.

235 3747 308 3818 (2)
354 3749 528 3802 Πάλιν
550 3746 642 3800 τοῦ
687 3749 924 3819 κόσμου,
972 3749 1073 3802 οὐκ
1103 3748 1288 3814 ἔθνους
1321 3751 1472 3817 ἑνὸς,
1513 3752 1634 3806 οὐδὲ
1663 3753 1740 3806 εί-

161 3854 284 3892 κοσι
313 3838 546 3901 πόλεων,
576 3839 712 3892 ἀλλὰ
740 3839 838 3908 τῆς
867 3841 1194 3912 οἰκουμένης
1225 3841 1438 3912 ἁπάσης
1461 3858 1474 3872 ·
1515 3844 1606 3897 καὶ
1625 3845 1740 3912 φῶς

161 3927 377 3996 νοητὸν,
431 3929 528 3981 καὶ
576 3930 674 3999 τῆς
708 3929 926 3993 ἀκτῖνος
967 3931 1100 3984 πολὺ
1132 3931 1369 4002 βέλτιον
1428 3932 1616 4006 ὥσπερ
1647 3933 1739 3990 οὖν

161 4019 261 4072 καὶ
299 4017 436 4082 ⁴(ἱλας
469 4021 863 4089 πνευματικὸν,
896 4024 990 4075 καὶ
1021 4023 1285 4094 πρότερον
1319 4023 1471 4088 ἃλας,
1500 4026 1593 4080 καὶ
1618 4027 1737 4082 τότε

161 4109 303 4178 φῶς·
337 4109 423 4162 ἵνα
457 4111 634 4186 μάθῃς
674 4111 861 4182 ἡλίκον
885 4113 995 4166 τῶν
1024 4117 1480 4184 καταστυφόντων
1523 4119 1582 4173 τὸ
1612 4121 1738 4194 κέρ-

160 4201 272 4263 δος,
308 4202 522 4270 καὶτῆς
557 4203 763 4273 σεμνῆς
784 4204 1130 4270 διδασκαλίας
1164 4205 1222 4259 τὺ
1244 4207 1433 4276 ὄφελος
1453 4225 1467 4239 ·
1509 4210 1602 4264 καὶ
1631 4212 1739 4284 γὰρ

158 4293 383 4362 στύφει,
426 4295 520 4346 καὶ
575 4296 676 4348 οὐκ
723 4296 918 4364 ἀφίησι
954 4297 1293 4368 διαρῤεὖσαι,
1323 4301 1416 4354 καὶ
1458 4302 1739 4375 διαϐλέψαι

170 4388 310 4438 ποιεῖ
344 4385 480 4455 πρὸς
504 4386 705 4456 ἀρετὴν
737 4389 1168 4458 χειμγωγοῦσα.
1189 4391 1263 4443 Τὸ
1295 4391 1374 4455 δὲ,
1420 4413 1439 4446 ι
1474 4396 1548 4448 Οὐ
1581 4396 1742 4450 δύνα-

1837 1921 1978 1976 inter
2019 1922 2264 1975 morbum
2307 1937 2370 1975 ac
2411 1921 2783 1974 inﬁrmitatem
2825 1919 2896 1972 sit
2942 1913 3286 1976 diﬂ'erentia,
3330 1925 3412 1966 re-

1836 2012 2224 2081 spondebimus
2280 2011 2645 2064 inﬁrmitatem
2703 2010 2921 2080 quidem
2973 2021 3092 2062 esse
3140 2014 3411 2074 tempora-

1839 2103 1972 2156 riam
2029 2104 2274 2172 corporis
2335 2103 2781 2171 inmqualitatem,
2834 2099 3081 2155 morbum
3131 2110 3264 2151 vero
3305 2094 3446 2176 cleo"

1837 2202 2140 2247 mentorum
2192 2194 2244 2246 itt
2288 2209 2513 2261 corpore
2562 2192 3070 2263 disproportionem.
3110 2188 3241 2242 lllud
3278 2200 3408 2241 vero

1837 2285 2000 2339 etiam
2058 2284 2440 2338 declarandum
2491 2293 2593 2350 est,
2628 2285 2996 2339 litereditatem
3035 2281 3209 2336 tribus
3232 2278 3411 2332 Zabu-

1838 2375 1925 2430 lon
1975 2385 2031 2431 et
2089 2376 2392 2446 Nephtalim
2457 2392 2628 2448 usque
2690 2377 2756 2431 ad
2813 2375 3064 2431 Sidonem
3131 2372 3408 2428 civitatem

1837 2471 2091 2539 gentilem
2146 2471 2453 2542 pertigisse,
2497 2485 2699 2537 eosque
2741 2469 2995 2537 deinceps
3055 2466 3255 2520 mistim
3284 2477 3409 2518 cum

1837 2561 2354 2616 Judmisbabitasse.
2393 2561 2782 2631 Interpretatur
2827 2570 3003 2612 autem
3046 2556 3285 2610 Zabulon
3327 2553 3410 2608 via

1839 2653 2104 2722 felicitatis
2153 2665 2200 2707 et
2247 2653 2582 2719 benedictio;
2620 2653 2950 2721 Nephtalim,
2989 2661 3205 2704 truncus
3261 2663 3408 2701 reso-

1839 2745 2005 2810 lutus,
2057 2747 2170 2800 sive
2205 2745 2381 2816 frutex
2409 2755 2672 2800 extensus.
2714 2743 2865 2798 Facti
2905 2751 3029 2797 sunt
3080 2749 3258 2795 autem
3298 2740 3411 2794 hec

1840 2839 1928 2908 qui
1959 2839 2009 2892 in
2045 2838 2316 2893 Christum
2353 2839 2730 2902 crediderunt;
2763 2846 2913 2891 recte
2954 2834 3097 2900 enim
3135 2831 3416 2890 ambulan-

1839 2938 1922 2984 tes
1965 2929 2060 2983 Dei
2117 2929 2496 2984 benedictione
2526 2929 2674 2998 digni
2724 2927 2892 2983 habiti
2942 2935 3088 2990 sunt,
3137 2939 3200 2979 ac
3253 2921 3448 2979 bonis‘

1839 3024 2088 3078 omnibus
2109 3021 2368 3077 cumulati
2414 3030 2542 3075 sunt
2573 3021 2662 3090 qui
2695 3020 2844 3091 prius
2868 3020 2920 3073 in
2948 3016 3166 3072 Galilasa
3189 3015 3412 3070 exsisteo

1841 3115 1994 3178 bant,
2020 3129 2140 3183 quae
2169 3125 2391 3168 vocatur
2424 3112 2693 3177 devoluta,
2722 3111 2772 3167 id
2801 3119 2884 3167 est
2910 3109 3143 3166 devoluti
3169 3107 3235 3162 ad
3259 3107 3416 3161 bara-

1841 3207 2020 3260 thrum
2054 3206 2398 3275 perditionis.

1911 3295 1953 3349 V
1969 3335 1985 3360 ,
2019 3296 2072 3351 9.
2107 3297 2257 3351 Beati
2276 3298 2505 3366 paciﬁci.

1913 3387 2131 3443 Paciﬁci
2156 3399 2284 3444 sunt
2313 3391 2384 3442 illi
2410 3390 2574 3444 ctiam
2609 3389 2698 3459 qui
2729 3388 2972 3443 inﬁdeles
3003 3389 3070 3442 ad
3101 3387 3257 3440 fidem
3285 3397 3412 3439 con-
3440 3369 3447 3380 ’

1841 3489 2092 3548 vertunt;
2119 3480 2242 3550 quia
2272 3495 2465 3549 nempe
2493 3480 2589 3536 Dei
2612 3481 2741 3536 olim
2773 3479 3023 3535 inimicos
3068 3478 3242 3533 eidem
3276 3490 3408 3532 con-

1839 3569 2044 3624 ciliant.

1911 3657 1958 3712 ν
1979 3699 1993 3721 ,
2029 3658 2112 3712 14.
2162 3665 2262 3713 Vos
2298 3661 2423 3713 estis
2452 3659 2546 3713 lux
2571 3663 2775 3714 mundi.

1915 3748 2130 3806 Rursus
2159 3753 2342 3805 mundi
2383 3752 2623 3806 diciteos
2647 3751 2819 3805 lucem
2843 3789 2858 3813 ,
2891 3762 2996 3802 non
3029 3756 3207 3801 autem
3237 3747 3414 3817 gentis

1840 3842 2002 3895 unius
2028 3841 2112 3894 vel
2139 3841 2414 3895 civitatum
2447 3840 2636 3910 viginti
2661 3880 2675 3904 ,
2707 3839 2800 3893 sed
2825 3839 2992 3891 totius
3013 3839 3102 3904 qui
3132 3836 3438 3890 habitatur

1844 3932 2015 3988 orbis.
2051 3932 2118 3986 Et
2147 3933 2365 4000 quidem
2387 3931 2478 3986 lux
2511 3932 2802 3985 denotatur
2833 3927 3244 3993 intellectualis,
3291 3940 3410 3995 qua

1840 4025 2007 4078 radiis
2025 4024 2296 4078 solaribus
2332 4023 2500 4077 multo
2535 4029 2619 4077 est
2661 4020 3028 4092 praestantior.
3076 4019 3166 4073 Sal
3193 4031 3410 4088 quoque

1839 4115 2085 4185 spiritale
2117 4115 2461 4183 intelligitur;
2491 4114 2601 4168 imo
2631 4113 2780 4181 prius
2815 4109 2887 4183 (v.
2939 4111 3028 4180 l5)
3077 4110 3208 4165 salis
3253 4111 3410 4162 ineu-

1843 4206 1920 4261 tio
1981 4207 2110 4269 fuit,
2171 4206 2369 4261 deinde
2411 4203 2582 4270 lucis;
2632 4210 2692 4258 ut
2729 4215 3027 4273 cognoscas
3067 4209 3304 4271 quantus
3343 4199 3416 4254 sit

1842 4301 2163 4354 acerharttm
2196 4313 2376 4352 rerum
2408 4307 2668 4367 quaestus,
2726 4310 3004 4365 sacraeque
3024 4295 3287 4350 doctrinae
3310 4295 3415 4350 uti-

1841 4390 1986 4444 litas.
2011 4390 2220 4459 Quippe
2255 4390 2369 4443 bzec
2393 4390 2498 4443 vim
2533 4388 2939 4458 constringendi
2977 4387 3198 4448 habent,
3233 4371 3412 4456 neque

133 4522 136 4524 .
164 4493 252 4529 ται
282 4477 441 4540 πόλις
475 4478 766 4548 κρυϐῆναι,
806 4499 824 4531 ι
865 4481 957 4534 καὶ
986 4480 1056 4533 τὰ
1092 4481 1238 4553 ἑξῆς,
1269 4483 1426 4537 τοῦτο
1459 4485 1628 4556 δηλοῖ,
1656 4489 1734 4543 ὅτι

1846 4482 2084 4538 dimitere
2115 4483 2335 4547 sinunt,
2369 4491 2530 4551 atque
2570 4483 2638 4536 ad
2684 4481 2940 4535 virtutem
2981 4491 3232 4546 spectare
3282 4477 3450 4532 sna-‘

162 4568 324 4624 Οὕτω
351 4569 565 4633 ἔσεσθε,
601 4571 784 4642 φησὶν,
805 4573 954 4644 πάσῃ
973 4576 1038 4644 τῇ
1061 4576 1352 4652 οἰκουμένῃ
1377 4585 1734 4648 καταφανεῖς,

163 4661 355 4728 ὥσπερ
403 4662 557 4724 πόλις
607 4664 863 4734 ὑπεράνω
888 4667 1131 4736 κορυφῆς
1163 4667 1320 4738 ὅρους
1369 4673 1620 4744 κειμένη,
1647 4676 1740 4729 καὶ

167 4753 354 4826 ὥσπερ
388 4755 580 4831 λύχνος
607 4760 700 4813 ἐπὶ
738 4760 838 4823 τῖις
870 4760 1094 4831 λυχνίας
1125 4765 1331 4831 φαίνων
1357 4768 1458 4835 (5).

247 5015 443 5082 ’Υμεῖς
475 5017 616 5070 ἐστε
645 5017 711 5070 τὸ
740 5018 894 5085 ἅλας
925 5018 1036 5088 τῆς
1057 5019 1188 5089 γῆς.

237 5107 403 5172 ’Δλας
430 5109 506 5179 (4)
541 5111 696 5162 καλεῖ
718 5111 815 5180 τὴν
849 5113 1124 5182 φρόνησιν.

247 5197 414 5253 Ἰὧτα
441 5197 512 5252 ἓν
538 5198 578 5267 ἢ
604 5202 714 5269 μία
743 5201 948 5268 κεραια
983 5204 1054 5254 οὐ
1075 5200 1160 5271 μὴ
1191 5203 1460 5274 παρέλθῃ
1485 5207 1602 5261 ἀπὸ
1637 5211 1742 5265 τοῦ

168 5291 372 5359 νόμου.

240 5469 314 5534 (l)
349 5467 858 5544 Catena__Corderii_,
891 5469 1129 5544 brevius,
1168 5472 1511 5544 Είρηνοποιοὶ
1550 5475 1732 5544 λέγον-

169 5539 441 5616 uacabat
468 5536 749 5616 πείθοντες
770 5540 894 5616 poi);
917 5536 1474 5616 ἀπίστους-πιστεύειν
1498 5545 1574 5615 τῷ
1595 5536 1728 5616 Θεῷ.

241 5608 315 5674 (ε)
344 5607 556 5660 Πάλιν.
591 5635 662 5647 -
690 5599 786 5660 Mai
817 5599 889 5664 u.’
914 5608 984 5663 ιι.
1022 5609 1106 5674 ιιι,
1141 5599 1240 5664 {28
1272 5622 1326 5664 et
1351 5612 1470 5666 ιδι.
1546 5599 1558 5615 ⁸

244 5679 315 5740 t3)
344 5679 604 5750 φαίνων.
628 5677 796 5750 aliter
823 5678 1017 5750 Catena
1047 5680 1286 5750 Crameri
1327 5699 1378 5750 p.
1418 5683 1486 5736 54
1516 5699 1530 5737 :
1561 5683 1632 5738 Τό
1655 5685 1735 5745 δὲ.

188 5763 206 5795 ‹
240 5749 308 5798 υῦ
342 5747 565 5801 δύναται
598 5746 772 5810 πόλις,
808 5767 823 5800 ι
857 5750 904 5801 ol
942 5749 1032 5802 ἐπὶ
1057 5752 1116 5819 τῇ
1157 5746 1338 5802 πίστεέ
1352 5751 1642 5822 ἱδρυμένοι,
1667 5755 1738 5818 ὡς

1843 4575 2237 4630 dent.—Verha
2263 4584 2442 4629 autem
2466 4592 2486 4624 ι
2513 4573 2629 4628 Νοη
2663 4583 2836 4644 potest
2855 4572 3050 4626 civitas
3079 4569 3361 4631 abscondi,
3389 4589 3406 4618 ι
3438 4567 3447 4574 ’

1839 4675 1892 4720 et
1925 4666 2148 4735 reliqua.
2180 4667 2282 4720 hoc
2308 4665 2742 4734 denotant,quod
2783 4678 2996 4732 nempe,
3031 4661 3123 4716 Sic
3148 4651 3404 4715 universa

1845 4757 2048 4810 mundo
2074 4757 2350 4826 conspicui
2378 4755 2564 4821 eritis,
2598 4755 2753 4809 sicuti
2785 4756 2912 4809 urbs
2933 4756 2986 4807 in
3019 4751 3235 4820 fastigio
3262 4765 3412 4803 mon-

1846 4848 1913 4901 tis
1929 4847 2203 4925 collocata
2227 4888 2239 4908 ,
2275 4855 2328 4901 ct
2347 4847 2505 4902 sicuti
2543 4848 2762 4901 lucerna
2812 4845 2864 4899 in
2897 4843 3226 4899 candelabro
3259 4840 3404 4894 relu-
3445 4836 3448 4840 ’

1845 4951 1994 4990 cens.

1920 5025 1983 5090 V,
2017 5027 2102 5082 l5.
2141 5027 2242 5082 Vos
2271 5030 2389 5083 estis
2420 5029 2498 5082 sal
2539 5039 2709 5082 terra.

1921 5119 2035 5181 Sal,
2069 5121 2120 5173 id
2154 5131 2234 5174 est
2259 5122 2538 5189 sapientia.

1919 5210 1994 5278 V,
2029 5213 2114 5266 ιδ.
2150 5212 2270 5267 Iota
2298 5229 2456 5267 unum
2489 5223 2580 5266 aut
2616 5228 2749 5265 unus
2773 5225 2907 5277 apex
2937 5223 3036 5260 non
3064 5203 3353 5274 prateribit
3379 5222 3409 5256 α

1846 5304 1972 5374 lege.

1839 5481 1922 5551 ἐπ’
1945 5480 2100 5551 ὅρους
2129 5479 2353 5550 ὑψηλοῦ,
2380 5480 2480 5534 οὐκ
2507 5479 2776 5547 ὀφείλουσι
2797 5475 3068 5548 λαθραίως
3091 5476 3122 5547 ἦ
3150 5474 3287 5547 μετά
3305 5475 3408 5533 δορ-

1839 5550 1958 5612 λίας
1982 5550 2171 5604 λαλεῖν
2211 5551 2299 5603 τὸν
2327 5551 2502 5618 λόγον.

1917 5622 1994 5689 (4)
2026 5621 2211 5692 Utta;-
2249 5622 2668 5692 έ-νφρόνησιν.
2710 5618 2954 5692 Gramcr,
2987 5637 3040 5689 p.
3073 5622 3164 5677 33.

1917 5692 1993 5759 (5)
2021 5691 2216 5746 Contra
2254 5691 2586 5761 Pelagianos.
