3946 6316
490 335 593 395 575

1547 361 1607 417 S.
1646 360 1921 416 CYHILLI
1962 359 2434 420 ALEXANDRINI
2477 364 2797 423 ARCHIEP.

3674 366 3783 422 576

583 474 803 529 Carnali
832 474 998 530 cultui
1031 474 1235 531 cultum
1269 477 1323 532 in
1352 479 1547 550 spiritu
1598 498 1662 538 ac
1692 484 1920 539 veritate
1959 483 2070 540 sub

2264 484 2341 555 (1)
2386 486 2531 540 Ἀντὶ
2553 486 2655 556 τῆς
2684 486 2949 557 σαρκιηκῆς
2978 481 3235 553 λατρείας
3275 482 3570 555 εἰσήγαγεν
3600 485 3629 537 6
3666 486 3780 537 Κύο

512 565 689 622 ιιίιυίι
718 565 1000 622 Dominus.
1034 566 1173 635 Quin
1213 571 1349 627 adeo
1391 588 1511 643 quae
1547 589 1613 629 ne
1643 576 1937 631 carnaliter
1970 576 2089 645 qui-

513 659 636 713 dem
668 657 839 712 Judaei
874 657 1108 714 fortasse
1144 662 1413 730 agebant,
1449 663 1563 718 haec
1583 665 1902 735 spiritaliter
1932 665 2088 719 Chri-

508 751 577 805 sti
609 758 775 819 agunt
803 751 1073 822 discipuli.
1111 753 1480 822 Quamobrem
1526 776 1545 810 (
1601 758 1673 811 ait
1708 777 1720 813 :
1783 758 1893 813 lota
1922 772 2085 813 unum

508 851 600 897 aut
636 858 775 898 unus
807 858 943 913 apex
974 860 1082 899 non
1116 847 1567 915 praetermittetur
1615 851 1680 904 de
1729 851 1879 921 lege,
1914 851 2087 907 donec

506 937 688 992 omnia
725 937 875 992 ﬁant.
917 957 936 990 ι
971 938 1319 1009 Perspicuum
1343 952 1459 1011 est,
1500 953 1691 999 cuncta
1737 943 1952 1001 Judacos
1981 961 2085 1000 non

507 1027 724 1095 fecisse,
780 1030 861 1084 vel
892 1030 936 1086 si
976 1032 1106 1086 olim
1142 1033 1421 1101 fecerunt,
1474 1035 1586 1106 jam
1629 1053 1772 1092 nunc
1811 1039 2087 1095 desierant

506 1119 724 1187 facere,
789 1123 1047 1191 prohibiti
1119 1126 1347 1192 scilicet,
1390 1129 1549 1183 modo
1608 1144 1795 1200 regum
1866 1133 2082 1199 timore,

504 1215 667 1267 modo
694 1216 872 1283 templi
898 1218 1289 1284 destructione,
1311 1221 1361 1275 in
1384 1236 1491 1290 quo
1520 1238 1624 1277 uno
1650 1223 1914 1278 sacrificia
1956 1240 2082 1295 per-

505 1304 588 1373 agi
616 1306 919 1374 oportebat.

574 1395 641 1460 V,
678 1396 763 1451 19.
800 1398 905 1464 Qui
929 1400 1137 1455 solverit
1170 1418 1331 1456 unum
1378 1405 1440 1458 de
1493 1404 1755 1459 mandatis
1807 1407 1926 1461 istis
1970 1408 2078 1460 mi-

503 1502 680 1539 mum.

572 1580 675 1645 Qui
704 1581 784 1635 vel
823 1598 984 1638 unum
1021 1584 1155 1655 legis
1180 1596 1508 1657 prmeeptum
1536 1588 1702 1653 delet,
1730 1590 1939 1644 deletur
1967 1590 2081 1659 ipse

499 1683 529 1722 ιι
562 1668 711 1736 Deo,
762 1682 947 1743 utpote
1001 1673 1099 1730 Dei
1155 1677 1533 1745 adversarius,
1572 1688 1627 1733 et
1661 1690 1851 1735 contra
1907 1681 2078 1751 legem

497 1757 618 1826 ejus
643 1776 828 1829 agens.
880 1763 993 1819 lmo
1036 1782 1180 1821 nunc
1234 1768 1303 1823 ab
1353 1769 1667 1839 evangelica
1708 1774 1825 1840 lege
1861 1787 2076 1840 pcenam

496 1851 773 1919 perferet,
813 1871 972 1924 quam
1004 1860 1179 1927 prisca
1214 1859 1296 1913 lex
1351 1875 1455 1915 non
1494 1861 1787 1917 inferebat.
1841 1863 2076 1934 Ideoque

497 1951 553 1995 ct
578 1956 971 2015 consequenter
996 1950 1069 2003 ait
1091 1950 1339 2005 Christus
1368 1970 1382 2007 :
1423 1972 1441 2005 ‹
1478 1952 1591 2007 Νοη
1622 1958 1743 2008 veni
1775 1956 1944 2025 legem
1970 1957 2077 2011 sol-

497 2048 662 2098 vere,
693 2038 790 2092 sed
822 2039 1136 2109 adimplere.
1173 2062 1191 2094 ι
1224 2043 1376 2110 Quod
1411 2046 1555 2099 enim
1593 2046 1663 2100 ibi
1697 2048 1897 2102 dictum
1938 2048 2073 2115 fuit,

498 2124 589 2181 hic
618 2137 701 2181 est
724 2129 1045 2198 perfectum.
1072 2131 1128 2187 In
1160 2134 1309 2205 lege,
1343 2148 1500 2205 puta,
1526 2138 1725 2191 dictum
1755 2138 1852 2194 fuit
1884 2160 1897 2196 :
1932 2160 1950 2192 ι
1973 2142 2077 2197 Co-

495 2231 612 2271 ram
637 2234 771 2275 cano
803 2222 977 2292 capite
1014 2239 1277 2295 consurge
1302 2228 1347 2281 ³.
1379 2248 1397 2280 ο
1456 2230 1565 2284 Et:
1605 2250 1623 2283 ι
1664 2232 1719 2286 Si
1760 2233 1957 2287 videris
1988 2232 2076 2300 ju-

495 2319 741 2365 mentum
796 2313 1001 2369 inimici
1057 2316 1133 2370 tui
1174 2319 1271 2373 sub
1318 2322 1533 2375 sarcina
1562 2322 1809 2391 lapsum,
1860 2325 1941 2377 fer
1973 2325 2072 2394 ipsi

493 2414 653 2469 opem
683 2402 751 2457 ad
786 2403 914 2457 illud
962 2406 1358 2463 sublevandum
1394 2411 1435 2466 δ.
1480 2429 1498 2463 ι
1558 2413 1809 2467 Attamen
1857 2414 1899 2468 si
1954 2416 2074 2483 quis

492 2491 612 2549 haec
638 2505 905 2565 praecepta
937 2508 1307 2569 transgressus
1348 2502 1558 2569 fuisset,
1595 2521 1810 2575 poenam
1871 2508 2070 2563 nullam

490 2583 580 2640 lex
633 2585 907 2657 infligebat
937 2608 951 2645 :
987 2604 1148 2660 quam
1198 2595 1416 2663 quidem
1469 2596 1770 2666 adimplens
1826 2599 2073 2655 Christus

493 2675 606 2741 ait,
664 2678 937 2733 hominem
1001 2682 1307 2752 hujusmodi
1360 2686 1411 2739 in
1449 2701 1616 2757 regno
1665 2688 1758 2743 Dei
1789 2688 1905 2744 fore
1933 2706 2068 2745 con-

493 2770 864 2825 temnendum.
895 2769 1009 2827 Hoc
1040 2774 1222 2844 itaque
1251 2777 1359 2831 etsi
1394 2778 1682 2833 minimum
1717 2792 2067 2851 praeceptum,

492 2858 649 2928 cujus
674 2861 855 2917 violati
891 2863 1019 2917 olim
1055 2866 1197 2920 nulla
1230 2876 1350 2921 erat
1398 2869 1631 2924 vindicta
1655 2912 1669 2937 ,
1711 2873 1755 2925 si
1780 2873 1903 2941 quis
1931 2873 2071 2927 deleo

493 2950 669 3015 verit,
706 2951 793 3006 hic
826 2952 879 3006 in
913 2969 1053 3009 novo
1082 2955 1283 3010 foedere
1310 2972 1525 3025 poenam
1570 2960 1795 3016 referet.

563 3037 614 3106 7
648 3037 749 3103 Qui
784 3052 959 3096 autem
991 3044 1172 3114 fecerit
1199 3058 1248 3098 et
1289 3049 1549 3118 docueril,
1592 3052 1674 3104 hic
1720 3068 1943 3121 magnus
1978 3068 2069 3108 υο-

492 3124 699 3180 cabitur
723 3129 776 3183 in
806 3148 962 3203 regno
995 3134 1264 3190 caelorum.

563 3215 718 3281 Quod
748 3220 835 3276 hic
865 3225 929 3276 de
955 3225 1331 3296 conjungenda
1381 3228 1580 3283 actioni
1614 3230 1861 3287 doctrina
1908 3234 2066 3288 Chri-

492 3318 611 3363 stus
643 3320 852 3378 monet,
891 3323 1022 3381 pulo
1056 3315 1107 3369 in
1149 3317 1267 3387 lege
1301 3317 1666 3388 significatum
1718 3323 2069 3380 distinctione

490 3401 818 3458 mundarnm
850 3408 1154 3476 pecudum;
1189 3426 1422 3479 quarum
1458 3429 1601 3470 unus
1633 3432 1701 3471 ex
1732 3418 2067 3473 characteri-

491 3494 597 3547 bus
624 3505 769 3560 erat,
801 3494 962 3552 ﬁssas
996 3500 1230 3569 ungulas
1257 3504 1454 3572 pedum
1488 3506 1727 3573 habere;
1773 3523 1880 3577 quo
1908 3510 2068 3565 tacite

488 3584 867 3652 praescribitur
908 3589 1119 3644 bisulco
1158 3594 1315 3663 pede,
1342 3597 1798 3665 consideratione,
1821 3600 2063 3670 inquam.

489 3684 545 3730 et
582 3678 766 3747 praxi,
800 3680 1185 3737 ambulandum
1236 3700 1359 3741 esse
1403 3689 1581 3754 nobis,
1610 3699 1670 3745 ut
1710 3706 1884 3761 neque
1930 3707 2064 3764 aga-

489 3784 612 3825 mus
663 3770 785 3826 sine
849 3776 1331 3845 contemplatione,
1384 3795 1562 3851 neque
1637 3784 2067 3853 contemplemur

2196 594 2308 647 ριος
2338 577 2435 649 τὴν
2470 580 2527 632 ἐν
2568 577 2839 649 πνεύματι
2876 576 2970 630 καὶ
3013 575 3245 647 ἀληθείᾳ
3329 577 3423 630 καλ⁵
3455 577 3596 648 τάχα
3631 575 3780 648 ἅπερ

2191 667 2313 720 οὔτε
2340 667 2620 740 σαρκικῶς
2644 669 2859 723 ἐποίουν
2893 670 2941 721 οἱ
2967 668 3233 733 Ἰουδαῖοι,
3261 667 3435 721 ταῦτα
3470 667 3565 721 νῦν
3608 685 3777 721 πνευ-

2195 761 2439 830 ματικῶς
2478 762 2527 812 οἱ
2581 761 2819 829 Χριστοῦ
2875 760 3115 831 μαθηταὶ
3147 759 3392 812 ποιοῦσι*
3440 759 3520 812 διό
3572 775 3774 829 φησιν·

2193 868 2212 901 ι
2252 850 2402 902 Ἰῶτα
2420 850 2476 903 ἓν
2508 850 2540 922 ἢ
2568 852 2665 921 μία
2690 852 2885 922 κεραία
2914 850 2972 904 οὐ
3002 852 3073 921 μὴ
3102 850 3346 921 παρέλθῃ
3375 852 3438 903 ἐκ
3462 851 3555 903 τοῦ
3585 853 3776 920 νόμου,

2188 940 2292 1005 ἓως
2320 943 2498 995 πάντα
2535 943 2791 1012 γένηται*
2829 961 2847 994 ι
2886 943 3041 1012 δῆλον
3071 944 3156 995 ὅτι
3186 943 3245 995 οὐ
3288 943 3467 995 πάντα
3510 943 3778 1013 ἐποίησαν

2187 1035 2235 1087 οἱ
2269 1035 2549 1088 Ἰουδαῖοι·
2578 1035 2609 1105 ἢ
2634 1035 2738 1088 κᾶν
2777 1035 3059 1106 ἐποίησαν,
3112 1034 3417 1087 ἐπαύσαντο
3449 1033 3541 1087 τοῦ
3579 1036 3773 1099 ποιεῖν,

2192 1126 2388 1196 μηκέτι
2421 1126 2863 1198 συγχωρούμενοι
2894 1128 3120 1196 ποιῆσαι
3150 1126 3307 1192 αὐτὰ,
3338 1129 3413 1196 πῆ
3450 1128 3547 1196 μὲν
3574 1127 3665 1180 διὰ
3686 1128 3775 1180 τὸν

2187 1218 2353 1286 φόϐον
2382 1217 2488 1271 τῶν
2514 1218 2801 1288 βασιλέων,
2827 1222 2902 1289 πῆ
2944 1218 2999 1270 δέ
3030 1220 3125 1272 καὶ
3152 1217 3227 1289 τῷ
3253 1219 3657 1272 καταλελύσθαι
3690 1221 3780 1273 τὸν

2186 1308 2331 1369 ναὸν,
2365 1309 2421 1360 ἐν
2457 1302 2500 1376 ᾧ
2524 1309 2667 1379 μόνῳ
2700 1309 2806 1361 ἔδει
2830 1310 2931 1372 τὰς
2965 1308 3157 1372 θυσίας
3195 1310 3583 1364 ἐπιτελεῖσθαι.

2263 1400 2359 1464 Ὃς
2388 1398 2497 1451 ἐὰν
2536 1394 2651 1453 οὖν
2677 1401 2839 1467 λύσῃ
2889 1401 3038 1469 μίαν
3088 1398 3205 1453 τῶν
3237 1400 3504 1455 ἐντολῶν
3544 1402 3781 1455 τούτων

2186 1490 2301 1544 τῶν
2341 1492 2491 1559 ἐλαχ
2500 1492 2702 1544 ἴστων.

2266 1583 2322 1634 Ὀ
2358 1583 2563 1635 ἀθετῶν
2596 1582 2669 1651 (‘2)
2707 1581 2832 1651 μίαν
2861 1581 2967 1633 τῶν
3010 1580 3104 1635 τοῦ
3155 1582 3319 1653 νόμου
3364 1583 3617 1642 ἐντολῶν,
3648 1583 3767 1636 ἀθε-

2181 1674 2354 1723 τεῖται
2391 1672 2538 1740 παρὰ
2565 1670 2657 1723 τοῦ
2685 1671 2818 1723 Θεοῦ
2845 1672 2919 1733 ὠς
2948 1671 3239 1741 θεομάχος,
3283 1671 3377 1723 καὶ
3419 1669 3770 1740 ἀντινομοθε-

2180 1763 2289 1815 τῶν
2314 1762 2391 1832 τῷ
2414 1762 2531 1833 Θεῴ
2566 1763 2640 1832 (5)
2664 1780 2676 1792 ·
2712 1762 2806 1814 καὶ
2830 1761 2924 1815 νῦν
2967 1764 3031 1814 ἐκ
3069 1761 3163 1814 τοῦ
3202 1761 3563 1830 εὐαγγελικοῦ
3605 1762 3767 1832 νόμου

2186 1854 2398 1925 δέχεται
2423 1855 2521 1923 τὴν
2557 1853 2849 1925 τιμωρίαν,
2875 1855 2940 1923 ἢν
2972 1855 2999 1906 6
3031 1853 3195 1923 νόμος
3218 1854 3387 1907 πάλαι
3418 1856 3518 1906 οὐκ
3550 1850 3621 1924 ἦν
3654 1856 3766 1924 ὀρί-

2188 1963 2284 2009 σας
2304 1962 2316 1974 ⁸
2344 1945 2423 1998 διὸ
2454 1946 2547 1998 καὶ
2574 1945 2882 2008 ἀκολούθως
2929 1946 3073 2014 λέγει
3122 1947 3148 1998 ὁ
3181 1946 3437 2016 Χριστὸς,
3477 1947 3559 1999 ὅτι
3590 1965 3608 1997 ‹
3656 1946 3765 2000 Οὐκ

2183 2033 2345 2107 ἦλθον
2375 2036 2680 2089 καταλῦσαι
2709 2036 2797 2087 τὸν
2816 2036 2997 2105 νόμον,
3030 2035 3167 2089 ἀλλὰ
3197 2036 3487 2107 πληρῶσαι
3512 2051 3525 2065 ’
3559 2056 3578 2086 ι
3606 2035 3634 2088 ὃ
3661 2034 3765 2105 γάρ

2183 2130 2300 2182 ἐκεῖ
2334 2129 2539 2195 ἔλεγεν,
2570 2123 2671 2181 ὧδε
2696 2127 2761 2181 ἂν
2787 2127 3078 2198 ἐπληρώθη
3105 2144 3118 2157 ’
3152 2122 3263 2180 οἷον
3285 2130 3340 2180 ὲν
3371 2127 3447 2197 τῷ
3476 2127 3630 2197 νόμῳ
3659 2127 3766 2178 ἐλέ-

2183 2218 2306 2289 χθη·
2347 2237 2365 2269 ι
2417 2219 2547 2271 Ἀπὸ
2584 2218 2876 2289 προσώπου
2917 2218 3101 2271 πολιοῦ
3143 2218 3521 2291 ἐξαναστήσῃ.
3566 2238 3585 2270 ι
3634 2219 3763 2270 Καί’

2188 2328 2207 2361 ‹
2259 2308 2381 2361 Ἐὰν
2408 2309 2523 2381 ἴδῃς
2551 2309 2610 2360 τὸ
2634 2308 2928 2377 ὑποζύγιον
2958 2308 3049 2362 τοῦ
3078 2310 3272 2380 ἐχθροῦ
3317 2327 3424 2367 σοὶ
3442 2311 3762 2360 ἐπιπεπτω-

2181 2401 2276 2464 κδς
2324 2402 2428 2454 ὑπὸ
2476 2403 2566 2454 τὸν
2614 2402 2805 2471 γόμον,
2841 2403 3155 2473 συνέγειρον
3192 2403 3323 2456 αὐτὸ
3358 2403 3477 2472 μετ’
3508 2402 3697 2456 αὑτοῦ.
3738 2422 3757 2453 ι

2184 2493 2366 2546 Ταῦτα
2403 2494 2452 2545 εί
2494 2480 2705 2564 παρέϐη
2731 2511 2834 2557 τις,
2859 2496 2957 2546 οὐκ
2988 2490 3054 2565 ἦν
3083 2495 3322 2564 τιμωρία
3354 2492 3634 2564 ὀρισθεῖσα
3659 2494 3763 2545 ὑπὸ

2178 2585 2272 2639 τοῦ
2299 2586 2488 2654 νόμον,
2517 2586 2584 2656 ἣν
2607 2586 2941 2658 ἀποπληρῶν
2964 2586 2990 2636 6
3016 2587 3250 2657 Χριστός
3276 2603 3461 2655 φησιν,
3486 2587 3568 2638 ὅτι
3606 2586 3663 2636 ἐν
3696 2587 3761 2654 τῇ

2182 2678 2429 2747 βασιλείᾳ
2452 2676 2544 2729 τοῦ
2577 2676 2710 2728 Θεοῦ
2741 2679 2767 2729 ὁ
2792 2677 3032 2740 τοιοῦτος
3072 2676 3577 2746 ἐξουθενηθήσεται.
3614 2673 3762 2726 Ταύ-

2178 2787 2276 2839 την
2303 2766 2396 2822 οῦν
2426 2770 2521 2821 καὶ
2550 2770 2598 2820 εί
2622 2768 2914 2838 ἐλαχίστην
2947 2768 3186 2838 ἐντολὴν,
3212 2769 3298 2836 ἐφ’
3330 2768 3395 2837 ἢν
3422 2768 3522 2820 οὐκ
3549 2762 3618 2836 ἦν
3646 2767 3764 2818 ἐκεῖ

2178 2860 2541 2931 παραϐάσεως
2571 2858 2885 2929 ἐπαγομένη
2912 2860 3153 2923 κόλασις,
3185 2861 3213 2912 6
3245 2857 3476 2925 ἀθετῶν,
3508 2852 3665 2921 οὗτος
3698 2859 3762 2910 ὲκ

2176 2954 2273 3025 τῆς
2305 2956 2431 3016 νέας
2469 2952 2736 3022 διαθήκης
2762 2952 3235 3024 τιμωρηθήσεται.

2252 3050 2347 3113 Ὃς
2372 3047 2424 3100 δ’
2449 3047 2525 3100 ἂν
2546 3045 2772 3113 ποιήσῃ
2803 3047 2897 3099 καὶ
2931 3044 3165 3113 διδάξῃ,
3191 3040 3369 3109 οὗτος
3387 3043 3576 3113 μέγας
3613 3048 3761 3109 atla-

2175 3139 2423 3209 θήσεται
2455 3140 2524 3190 ἑν
2554 3136 2626 3205 τῇ
2651 3136 2939 3202 βασιλείᾳ
2969 3133 3087 3188 τῶν
3115 3134 3405 3201 οὐρανῶν.

2238 3226 2403 3298 Οἶμαι
2432 3229 2489 3281 δὲ
2522 3228 2616 3282 καὶ
2650 3227 2709 3281 τὸ
2735 3226 2950 3297 δίχηλον
2980 3228 3036 3279 ἐν
3061 3226 3137 3295 τῷ
3170 3226 3325 3296 νόμῳ
3357 3223 3515 3277 τοῦτο
3550 3225 3761 3295 σημαί-

2166 3341 2296 3379 νειν·
2320 3322 2381 3374 τὸ
2399 3321 2486 3375 διὰ
2506 3320 2667 3386 λόγου
2692 3320 2786 3372 καὶ
2810 3318 3060 3389 πράξεως
3080 3318 3283 3372 ὁδεύειν
3302 3319 3466 3388 ἡμᾶς·
3493 3318 3590 3370 καὶ
3618 3319 3758 3387 μήτε

2169 3416 2428 3487 πράττειν
2470 3412 2704 3481 ἀλόγως,
2742 3411 2882 3483 μήτε
2913 3410 3073 3478 λόγον
3099 3409 3239 3479 ἔχειν
3272 3408 3523 3480 πράξεως
3547 3410 3719 3479 χωρίς
3742 3426 3758 3441 ·

2167 3509 2215 3559 εί
2244 3507 2299 3559 δέ
2330 3523 2381 3559 τι
2414 3507 2476 3558 ἐκ
2494 3504 2600 3556 τῶν
2624 3501 2880 3556 τοιούτων
2905 3496 3040 3553 εἶναι
3069 3500 3314 3570 βούλεται
3345 3502 3756 3571 μεμονωμένον,

2171 3598 2369 3670 πρᾶξις
2403 3597 2541 3649 ἐστω
2570 3592 2755 3647 λοιπὸν
2782 3592 2875 3646 καὶ
2908 3591 2982 3662 μὴ
3004 3590 3179 3659 λόγος.
3216 3591 3390 3659 Λόγος
3422 3590 3530 3660 γὰρ
3561 3590 3755 3660 ἀχαλι-

2171 3709 2337 3756 νωτος
2360 3688 2504 3745 κατὰ
2550 3686 2814 3760 κρημνῶν
2865 3685 3043 3757 ὢθησε
3086 3684 3348 3748 πολλάκις
3395 3685 3522 3748 τοὺς
3552 3701 3747 3754 κεκτη-

2176 3786 2368 3857 μένους
2391 3800 2402 3812 ·
2431 3781 2629 3852 πρᾶξις
2656 3780 2711 3833 δὲ
2743 3778 3019 3832 οὐδέποτε.

489 3864 609 3919 sine
683 3866 861 3937 praxi.
925 3866 1078 3935 Quod
1111 3871 1158 3924 si
1225 3871 1455 3928 alterum
1502 3876 1695 3931 horum
1740 3879 1808 3932 ab
1857 3878 2031 3934 altero
2064 3880 2426 3950 separandum
2467 3886 2572 3942 est,
2634 3875 2974 3930 tolerabilius
3044 3872 3210 3928 fuerit
3246 3873 3456 3941 praxim
3545 3873 3753 3929 habere

489 3955 683 4021 solam,
713 3972 873 4026 quam
936 3961 1299 4030 cognitionem
1336 3968 1590 4026 otiosam.
1621 3969 1862 4026 Scientia
1921 3972 2065 4026 enim
2088 3972 2449 4043 speculationi
2510 3970 2725 4027 curiose
2753 3968 3132 4035 desidioseque
3168 3966 3453 4037 indulgens
3480 4006 3495 4032 ,
3528 3967 3751 4022 effrenis

486 4051 938 4121 contutnacisque
1001 4063 1210 4110 natura:
1277 4068 1397 4123 est,
1449 4060 1752 4130 multosque
1793 4064 1845 4116 in
1895 4080 2137 4136 praeceps
2184 4064 2395 4133 impulit
2434 4062 2539 4117 sibi
2598 4062 2851 4129 deditos;
2902 4070 3120 4115 actuosa
3165 4075 3296 4113 vero
3348 4061 3458 4115 vita
3502 4061 3748 4117 minimc.

558 4141 622 4206 γ,
656 4142 745 4198 25.
784 4141 842 4201 Si
868 4162 988 4216 ergo
1015 4148 1172 4217 oﬂ'ers
1202 4166 1391 4204 munus
1427 4163 1573 4206 tuum
1605 4154 1673 4207 ad
1707 4156 1897 4212 altare.

555 4322 760 4378 Salutis
790 4330 1183 4398 consequenda:
1219 4346 1500 4401 poenaeque
1530 4334 1759 4389 vitandae
1787 4337 2054 4393 rationem

482 4415 811 4484 excogitavit
845 4417 987 4475 Deus
1018 4422 1393 4489 peccatoribus
1430 4425 1837 4495 pmttitentiam;
1859 4438 2053 4485 etcum

2250 4156 2391 4210 Ἐὰν
2412 4151 2525 4209 οὖν
2553 4154 2904 4224 προσφέρῃς
2932 4153 2996 4206 τὸ
3035 4151 3227 4220 δῶρόν
3255 4167 3371 4205 σου
3410 4150 3512 4204 ἐπὶ
3549 4152 3617 4205 τὸ
3650 4154 3745 4206 θυ-

2165 4250 2539 4316 σιαστήριον.

2236 4342 2313 4411 (4)
2338 4338 2551 4409 Τρὸπον
2578 4338 2851 4409 σωτηρίας
2886 4340 2983 4393 καὶ
3013 4336 3282 4408 διαφυγὴν
3309 4332 3585 4405 τιμωρίας
3633 4335 3750 4395 τοῖς

2163 4433 2572 4503 ἁμαρτάνουσιν
2615 4430 2847 4502 ἐφεῦρεν
2874 4433 2902 4485 6
2930 4431 3063 4496 Θεὸς
3101 4430 3196 4501 τὴν
3237 4428 3604 4500 μετάγνωσιν,
3651 4426 3745 4479 καὶ

478 4502 607 4559 laeso
649 4508 1142 4565 reconciliationem
1200 4512 1367 4566 edixit
1420 4513 1535 4567 fore
1581 4529 1754 4582 patria:
1783 4520 2059 4576 remissio-

2189 4495 2261 4595 ἠν
2282 4495 2375 4577 τοῦ
2400 4495 2779 4594 λελυπημένου
2808 4523 3131 4594 θεραπείαν,
3154 4495 3480 4591 ’ἀνατροπὴν
3519 4518 3745 4571 ἔσεσθαι

479 4610 643 4665 nem;
668 4601 885 4668 quando
914 4603 1133 4672 quidem
1171 4605 1262 4672 qui
1293 4605 1516 4660 fratrem
1554 4624 1712 4664 suum
1750 4627 1853 4668 non
1887 4625 2055 4679 amat,

479 4686 650 4742 Deum
675 4706 780 4745 non
813 4692 1007 4762 diligit.
1043 4692 1140 4747 ilic
1171 4704 1348 4749 autem
1388 4699 1581 4755 merito
1613 4701 1794 4770 illum,
1826 4706 1918 4773 qui
1951 4708 2053 4762 ad-

478 4794 672 4836 versus
721 4781 945 4837 fratrem
996 4782 1258 4838 offensam
1307 4786 1480 4855 fovet,
1532 4788 1637 4845 non
1683 4796 1909 4865 recipit,
1955 4813 2051 4852 ceu

478 4870 693 4926 sincere
732 4874 797 4927 ad
820 4888 879 4927 se
914 4889 1021 4927 non
1057 4877 1430 4933 accedentem.

546 4963 605 5034 8
628 4963 693 5030 ν,
725 4965 814 5018 26.
845 4964 1099 5034 Relinque
1122 4968 1195 5019 ibi
1230 4986 1419 5023 manus
1450 4982 1597 5027 tuum
1627 4985 1749 5029 ante
1778 4977 1972 5041 altare,
2003 4993 2052 5032 et

477 5058 609 5108 unde
636 5070 654 5107 :
682 5058 829 5125 prius
863 5058 1203 5113 reconciliare
1239 5060 1397 5128 fratri
1432 5075 1543 5130 tuo,
1600 5077 1646 5119 et
1689 5079 1810 5120 tunc
1840 5071 2046 5125 veniens

477 5145 664 5215 σπεῖρε
700 5165 888 5202 munus
926 5157 1097 5203 tuum.

553 5385 573 5416 ³
600 5384 772 5440 chit.
799 5404 913 5453 Xlx,
949 5390 1038 5444 32.
1117 5392 1136 5423 ‘
1174 5393 1342 5449 Exod.
1376 5410 1535 5465 xxttt,
1570 5400 1622 5455 5.

852 5578 919 5628 -ς
947 5548 1373 5628 ἐπιτελεῖσθαι..
1398 5554 1536 5609 ibid.

476 5614 620 5739 iﬁgi)
663 5614 715 5666 '0
741 5614 1051 5671 ἀθετῶν-
1081 5624 1570 5691 τιμωρηθήσεται.
1611 5625 1711 5680 Mai
1746 5626 1812 5681 Β.
1849 5628 1918 5681 Ν.
1958 5627 2043 5691 ill,

541 5756 617 5825 (3)
654 5754 959 5827 Fragmcnli
998 5762 1151 5829 hujus
1200 5764 1346 5826 prior
1378 5766 1489 5819 hate
1530 5776 1732 5821 tantum
1788 5769 2047 5835 particula

2163 4613 2431 4684 τιμωρίας
2478 4613 2672 4685 φησίν*
2709 4613 2897 4684 ἐπειδὴ
2928 4616 2955 4666 6
3004 4612 3081 4683 μὴ
3114 4602 3356 4681 [ἀγαπῶν
3392 4610 3485 4663 τὸν
3514 4609 3744 4678 ἀδελφὸν

2163 4705 2349 4767 αὑτοῦ,
2385 4706 2485 4758 οὐκ
2517 4706 2706 4777 ἀγαπᾷ
2732 4706 2821 4757 τὸν
2856 4703 3058 4773 Κύριον
3079 4722 3092 4735 ο
3132 4705 3357 4763 εἰκότως
3403 4701 3493 4753 τὸν
3521 4700 3655 4755 ὄντα
3688 4702 3743 4752 ἐν

2160 4796 2303 4870 λύπῃ
2333 4797 2428 4851 τοῦ
2483 4798 2711 4868 ἀδελφοῦ
2759 4799 2820 4851 οὗ
2850 4797 3230 4868 προσδέχεται,
3278 4796 3353 4858 ὡς
3395 4794 3471 4865 μὴ
3520 4794 3741 4866 ἀληθῶς

2161 4888 2311 4959 αὐτῷ
2350 4889 2661 4961 προσιόντα.

2234 4979 2418 5046 Ἀφες
2451 4979 2580 5033 ἐκεῖ
2598 4978 2665 5031 τὸ
2704 4978 2899 5046 δῶρόν
2938 4993 3076 5043 σου,
3111 4976 3449 5047 ἔμπροσθεν
3492 4976 3601 5029 τοῦ
3642 4980 3739 5031 θυ-

2158 5072 2535 5137 σιαστηρίου,
2573 5070 2672 5126 καὶ
2704 5071 2894 5138 ὕπαγε
2917 5110 2933 5135 ,
2980 5069 3213 5137 πρῶτον
3262 5066 3624 5135 διαλλάγηθι
3662 5064 3739 5130 τῷ

2156 5158 2397 5227 ἀδελφῷ
2433 5174 2570 5223 σου,
2605 5158 2702 5212 καὶ
2731 5160 2863 5211 τότε
2894 5157 3086 5212 ἐλθὼν
3111 5158 3413 5225 πρόσφερε
3451 5155 3518 5209 τὸ
3550 5153 3739 5223 δῶρόν

2156 5267 2292 5304 σου.

2158 5560 2421 5614 hactenus
2474 5560 2750 5628 legebatur
2798 5558 2987 5612 iisdem
3027 5560 3139 5613 fere
3190 5560 3367 5613 verbis
3403 5560 3454 5613 in
3518 5558 3733 5613 P0ssini

2159 5640 2385 5691 catena;
2416 5640 2608 5683 caetera
2645 5644 2776 5683 vero
2816 5628 3108 5682 Vaticanus
3141 5631 3311 5683 codex
3343 5646 3487 5684 nunc
3517 5629 3689 5684 addit.

2232 5700 2307 5769 (εί)
2345 5700 2653 5767 Τρόπρν-
2686 5704 3033 5767 προσιόντα.
3070 5699 3169 5753 Mai
3215 5699 3345 5754 ibid.
