3946 6316
229 355 334 414 3'17
1396 359 1753 418 COMMENT.
1796 363 1864 418 IN
1902 365 2342 426 MATTHEUI.
2443 369 2446 372 ·
3387 341 3490 397 ³⁷³

293 467 549 522 Διδάσκει
582 467 732 540 ἡμᾶς
761 468 994 525 ινταῦϐα
1017 473 1047 526 ό
1071 473 1261 545 Σωτὴρ
1281 475 1382 545 τὴν
1408 480 1679 550 τιμωρίαν
1698 480 1810 534 δια-

1987 485 2151 542 Docet
2181 501 2279 542 nos
2308 487 2410 542 hoc
2439 487 2561 542 loco
2587 487 2860 556 quomodo
2894 486 3218 557 supplicium
3246 486 3474 557 en‘ugete

221 563 418 630 φυγεῖν
448 561 863 632 ἁμαρτάνοντας
882 580 896 594 °
929 565 962 635 ἠ
989 565 1166 619 τοίνυν
1196 567 1534 636 μιτάγνωσις
1566 571 1658 624 ἐπὶ
1695 574 1807 637 τοῖς

1923 581 2178 642 possimus
2211 577 2262 631 in
2298 585 2581 646 peccatum
2621 577 2780 646 lapsi.
2832 575 3100 631 Nimirum
3152 576 3479 646 paenitentia

225 652 610 756 ἁμαρτημασι,
661 654 752 756 καλ
787 654 818 724 ή
860 653 995 756 πρὸς
1041 654 1132 708 τὸν
1184 657 1492 731 λυπηθέντα
1535 664 1623 732 ὑφ’
1649 664 1806 735 ήμῶν

1923 670 2204 734 tommissi,
2242 671 2520 738 reparatio
2548 668 2762 735 injuria:
2785 679 2840 724 et
2879 669 3184 724 satisfactio
3218 685 3313 738 per
3339 670 3480 724 ami-

223 741 610 847 παράκλησις,
658 743 750 797 καὶ
783 747 814 811 ἡ
844 744 943 814 τῆς
979 749 1377 818 συγχωρήσεως
1417 752 1509 804 τοῦ
1555 754 1808 824 ἁμαρτή-

1923 774 2024 812 :am
2067 761 2533 828 eompellationem
2563 759 2682 827 ejus
2717 761 2808 828 qui
2848 777 2878 816 a
2923 762 3080 815 nobis
3120 761 3364 814 molestia
3399 768 3484 814 est

225 849 398 902 ματος
431 835 648 904 αἴτησις
697 835 790 888 καὶ
833 835 926 888 τὸν
966 835 1190 906 ἀδελφὸν
1233 838 1527 910 θεραπεύει
1577 844 1670 895 καὶ
1716 844 1805 896 τὸν

1923 848 2161 914 tﬂ'ectus,
2191 859 2470 917 postremo
2503 851 2700 919 petitio
2734 851 2906 905 veniae
2943 862 2998 906 et
3032 849 3256 905 fratrem
3293 852 3481 905 laesum

205 925 378 978 ,Θεόν.

1923 939 2081 992 ilacat
2113 948 2169 994 et
2210 939 2397 995 Deum.

295 1016 393 1082 Μή
420 1015 568 1070 ποτέ
609 1031 685 1072 σε
734 1017 977 1086 παραδῷ
1016 1020 1050 1074 ὁ
1102 1021 1401 1087 ἀντίδικος
1449 1020 1530 1086 τῷ
1591 1023 1797 1093 κριτῇ,

305 1125 360 1160 τ.
389 1108 420 1160 λ

1977 1027 2049 1095 V,
2081 1029 2175 1084 9.5.
2211 1028 2291 1082 Ne
2316 1041 2362 1084 te
2396 1030 2735 1085 adversarius
2769 1030 2942 1100 judici
2978 1033 3177 1098 tradat,
3207 1041 3312 1088 etc.

224 1125 281 1161 κ.
305 1125 360 1162 τ.

296 1197 376 1267 (Ι)
419 1197 768 1304 ⁸Ὑποκείσοω
802 1205 903 1264 τίς,
928 1199 1113 1270 φησιν,
1144 1204 1230 1272 ἐφ’
1252 1204 1369 1268 ἐνὸς
1395 1205 1502 1259 τῶν
1531 1207 1801 1277 τεταγμέ-

1974 1213 2108 1267 Puta
2129 1227 2252 1268 esse
2281 1211 2514 1282 aliquem
2569 1213 2621 1266 in
2667 1213 2930 1282 dignitate
2953 1213 3336 1278 constitutum,
3386 1215 3476 1282 qui

223 1303 336 1340 νων
384 1288 465 1390 είς
513 1289 707 1358 ἀρχὴν,
754 1291 1055 1360 αἰτιάματά
1105 1310 1226 1346 τινα
1255 1297 1621 1366 ποιησάμενος
1659 1298 1800 1353 κατά

1923 1306 2164 1360 idversus
2209 1315 2260 1358 te
2280 1305 2517 1373 qualibet
2561 1306 2629 1359 de
2673 1319 2831 1358 causa
2874 1306 3209 1372 expostulet,
3246 1305 3480 1372 ideoque

225 1377 323 1486 σοῦ
347 1395 360 1410 ⁸
391 1375 510 1432 εἶτα
531 1383 644 1444 τοῖς
673 1383 970 1451 ἐπάγουσιν
1001 1384 1094 1438 ἐπὶ
1124 1385 1183 1438 τὸ
1206 1386 1555 1458 δικαστήριον
1587 1391 1800 1444 ὑποδεί-

1923 1395 2225 1450 ιοιεΙΙίιὶὺυε
2301 1396 2534 1463 imperet
2615 1405 2674 1449 ut
2745 1395 2812 1450 ad
2875 1395 3110 1450 tribunal
3157 1403 3208 1450 te
3259 1394 3476 1449 ducant.

226 1467 327 1568 ξας
355 1469 729 1572 ἀποφέρεσθαι
763 1474 925 1526 ποιεῖ.
959 1473 1102 1537 Ἕως
1127 1475 1328 1540 τοίνυν,
1359 1479 1513 1548 φησὶ,
1541 1480 1662 1548 μετ’
1698 1480 1795 1532 αὐ-

1923 1486 2172 1552 )ιιαηόίιι,
2213 1487 2419 1556 inquit,
2451 1487 2502 1540 in
2540 1488 2622 1541 via
2652 1501 2774 1541 cum
2819 1486 2910 1540 illo
2936 1502 3029 1550 es,
3066 1485 3332 1547 videlicet,
3371 1499 3474 1537 an-

222 1557 322 1612 τοῦ
361 1554 414 1647 εἴ
435 1560 492 1611 ἐν
522 1562 588 1631 τῇ
623 1560 746 1632 ὁδῷ,
777 1561 1054 1616 τουτέστιν
1077 1567 1207 1633 πρὶν
1236 1567 1526 1635 ἀφικέσθαι
1553 1569 1688 1639 πρὸς
1708 1571 1798 1623 τὸν

1923 1593 2114 1647 equam
2145 1578 2210 1631 ad
2256 1577 2493 1646 iudicem
2526 1577 2817 1642 devenias,
2871 1579 2936 1632 da
2983 1593 3241 1646 operam,
3289 1577 3340 1629 id
3394 1584 3477 1630 est

225 1645 442 1718 κριτὴν,
457 1648 544 1708 δὸς
565 1649 845 1720 ὲργασίαν,
866 1653 985 1705 ἀντὶ
1009 1653 1124 1719 τοῦ,
1142 1655 1326 1709 Πᾶσαν
1352 1657 1537 1712 θέσθαι
1553 1659 1625 1728 μὴ
1644 1659 1799 1730 ὀκνή-

1923 1645 2046 1721 unni
2092 1667 2273 1722 studio
2329 1669 2632 1732 contende,
2683 1677 2742 1721 ut
2792 1669 2859 1722 ab
2904 1683 2968 1723 eo
3023 1645 3294 1722 discedas.
3363 1658 3476 1719 Nisi

226 1753 329 1809 σῃς
358 1740 614 1808 σπουδὴν,
650 1741 737 1794 ἵνα
766 1742 1085 1816 ἀπαλλαγῇς
1113 1747 1206 1799 ἀπ’
1242 1747 1409 1801 αὐτοῦ
1431 1767 1443 1780 ·
1477 1751 1525 1802 ει
1554 1750 1610 1802 δὲ
1638 1751 1796 1802 τοῦτο

1923 1760 2044 1811 enim
2103 1757 2176 1812 ita
2235 1759 2552 1828 contingat,
2604 1759 2776 1827 judici
2831 1759 3288 1826 praesentaberis;
3336 1759 3476 1826 apud

227 1828 354 1901 [μὴ]
373 1829 620 1901 γένηται,
644 1832 956 1905 παραδώσει
983 1852 1040 1888 σε
1055 1837 1132 1907 τῷ
1150 1843 1333 1910 κριτῇο
1355 1836 1472 1894 εἶτα
1491 1843 1566 1894 ὅτ’
1596 1842 1662 1895 ἂν
1687 1843 1801 1896 ἔνο-

1923 1863 2064 1918 ιυειη
2088 1849 2211 1904 aris
2231 1850 2390 1903 alieni
2433 1865 2554 1902 reus
2573 1859 2907 1918 compertus,
2934 1851 3197 1918 quaistori
3224 1848 3476 1912 traderis,

227 1938 321 1992 κος
333 1923 447 1985 τοῖς
463 1922 770 1994 ὀφλήμασιν
784 1926 1006 1996 εὑρεθῇς
1017 1968 1030 1993 ,
1050 1945 1126 1981 πα
1133 1929 1328 2000 ραδοθή
1339 1948 1402 2002 σῃ
1417 1931 1493 2002 τῷ
1512 1933 1802 2004 πράκτορι,

1928 1941 1958 1991 d
1992 1950 2075 1993 est
2103 1941 2444 2008 exigentibus
2502 1942 2784 2004 debitum,
2833 1954 2861 1992 a
2915 1941 3114 2008 quibus
3161 1940 3212 1992 in
3265 1938 3479 1992 vincula

225 2014 474 2064 τουτέστι
503 2016 614 2075 τοῖς
643 2013 992 2084 άπαιτηταῖς,
1032 2020 1269 2072 κάκεῖνοί
1307 2037 1364 2072 σε
1409 2021 1802 2076 κατακλείσαν-

1923 2029 2184 2097 :onjectns
2225 2044 2526 2084 extremum
2581 2045 2796 2099 quoque
2845 2033 3202 2098 quadrantem
3256 2029 3482 2083 reddere

226 2120 317 2166 τες
366 2105 734 2177 ἀπαιτήσουσι
789 2107 976 2160 καὶτὸ
1025 2109 1250 2179 ἔσχατον
1309 2112 1524 2166 λεπτόν.
1589 2114 1802 2168 Οὐκοῦν

1923 2123 2137 2191 :ogeris.
2172 2121 2421 2175 Profecto
2448 2132 2715 2191 quotquot
2740 2123 2792 2175 in
2828 2123 2959 2176 orbe
2990 2121 3220 2173 vivimus
3248 2160 3261 2183 ,
3292 2135 3482 2189 pecca-

226 2193 402 2264 ινοχοι
439 2195 538 2265 μὲν
585 2196 1047 2267 πλημμελήμασίν
1093 2203 1260 2272 ἐσμεν
1303 2203 1542 2268 ἅπαντες
1571 2207 1619 2258 oi
1653 2205 1805 2270 ὅντες

1923 2213 1976 2267 ,ἰε
1999 2212 2402 2266 sumusirretiti
2430 2251 2444 2277 ,
2475 2211 2808 2279 singulorum
2856 2208 3205 2262 adversarius
3235 2217 3288 2260 et
3318 2221 3483 2260 accu-

227 2282 324 2336 ἑπὶ
346 2285 446 2355 τῆς
466 2285 570 2356 γῆς
595 2305 609 2318 ⁸
646 2288 876 2340 ἑκάστου
910 2305 972 2357 γε
1008 2288 1112 2360 μὴν
1151 2291 1418 2356 ἀντίδικος
1451 2294 1544 2347 καὶ
1569 2297 1805 2364 κατήγο-

229 2392 322 2448 ρος
348 2377 376 2428 ὁ
405 2378 667 2443 Σατανᾶς·
691 2379 882 2449 ἐχθρὸς
906 2382 1012 2452 γάρ
1035 2383 1182 2434 ἐστιν
1200 2385 1293 2437 καὶ
1323 2385 1638 2456 ὲκδικητής.
1664 2387 1806 2452 Ἕως

229 2472 413 2525 τοίνυν
446 2473 612 2542 ἐσμὲν
663 2475 720 2526 ὲν
748 2477 812 2545 τῇ
846 2475 971 2546 όδῷ,
1013 2476 1293 2530 τουτέστιν
1342 2479 1446 2542 ἕως
1483 2479 1635 2532 οὔπω
1673 2480 1809 2550 πρὸς

228 2565 289 2617 τὸ
318 2565 420 2634 τῆς
447 2564 632 2618 ἐνθάδε
669 2565 816 2636 ζωῆς
840 2570 1264 2638 κατηντήσαμεν
1293 2569 1465 2633 τέλος,
1491 2571 1810 2639 ἀπαλλαγῶ-

233 2673 333 2725 μεν
363 2657 554 2719 αὐτοῦ,
581 2656 834 2727 λύσωμεν
852 2659 950 2722 τὰς
976 2660 1097 2712 καθ’
1132 2661 1340 2714 ἑαυτῶν
1367 2663 1568 2729 αἰτίας,
1603 2664 1698 2734 τὴν
1723 2664 1811 2718 διὰ

234 2745 471 2816 Χριστοῦ
508 2747 669 2817 χάριν
709 2747 1046 2814 ἁρπάσωμεν
1081 2748 1469 2820 ἑλευθεροῦσαν
1496 2752 1640 2820 ἡμᾶς
1671 2768 1810 2802 παν-

234 2840 321 2902 τὸς
350 2839 670 2909 ὀφλήματος
704 2857 764 2893 τε
797 2841 889 2894 καὶ
918 2840 1094 2910 δίκης,
1121 2841 1226 2907 ἔξω
1263 2841 1504 2912 τιθείσης
1537 2841 1811 2907 κολάσεώς

231 2946 289 2982 τε
317 2929 414 2983 καὶ
459 2930 660 2999 φόϐου·
713 2931 785 3000 μὴ
809 2931 916 3000 ἄρα
948 2949 1063 2994 πως
1104 2931 1469 2986 ἀναπόνιπτον
1521 2932 1812 3002 ἐσχηκότες

232 3022 320 3074 τὸν
346 3021 662 3092 μολυσμὸν,
717 3023 1108 3092 ἀπενεχθῶμεν
1157 3023 1294 3092 πρὸς
1348 3023 1437 3074 τὸν
1471 3022 1688 3093 κριτὴν,
1718 3023 1812 3076 καὶ

1908 2314 2058 2358 sator
2088 2305 2354 2358 Satanas:
2414 2311 2495 2356 est
2538 2303 2683 2356 enim
2739 2301 2826 2354 hic
2863 2300 3113 2353 inimicus
3155 2307 3208 2350 et
3262 2296 3478 2352 vindex.

1908 2391 2155 2457 Quandiu
2199 2391 2363 2460 igitur
2406 2392 2462 2444 in
2502 2391 2586 2443 via
2617 2405 2840 2453 smnus,
2876 2389 2926 2441 id
2959 2397 3040 2442 est
3088 2395 3381 2454 antequam
3415 2385 3482 2438 ad

1910 2483 2068 2551 hujus
2097 2483 2218 2534 vita:
2265 2482 2422 2533 tinem
2455 2481 2837 2541 deveniamus,
2890 2477 2955 2530 ab
3005 2476 3106 2531 hoc
3136 2490 3233 2528 nos
3264 2475 3482 2528 inimico

1910 2573 2295 2640 expediamus,
2355 2570 2543 2639 culpas
2597 2571 2826 2637 quisque
2891 2575 3106 2621 nostras
3154 2579 3479 2634 purgemus,

1909 2665 2109 2718 Christi
2139 2665 2368 2732 gratiam
2399 2661 2767 2730 adipiscamur
2792 2699 2808 2724 ,
2850 2673 2971 2727 qua:
2999 2673 3097 2711 nos
3125 2657 3271 2712 omni
3299 2655 3484 2709 debito

1911 2765 1967 2808 et
2013 2755 2214 2808 ultione
2264 2754 2489 2819 liberet,
2549 2763 2711 2820 atque
2741 2762 2895 2804 extra
2929 2763 3144 2818 poenam
3199 2749 3481 2799 timo-reln-

1912 2861 2016 2918 que
2043 2846 2275 2900 collocet
2303 2886 2319 2910 ,
2373 2860 2440 2898 ne
2472 2843 2684 2897 scilicet
2722 2842 2947 2896 maculis
2999 2839 3137 2893 baud
3169 2838 3392 2902 ablutis,
3417 2837 3485 2890 ad

1908 2941 2145 3012 judicem
2194 2939 2606 3008 pertrabamur,
2665 2937 3052 3004 tradamurqne
3107 2932 3485 2995 exactoribus,

1912 3035 2028 3086 sive
2051 3048 2262 3086 reorum
2289 3030 2598 3083 vindicibus
2621 3067 2636 3091 ,
2665 3043 2894 3097 quorum
2930 3041 3088 3081 nemo
3111 3023 3371 3078 saivitiam
3403 3019 3488 3074 fu-

233 3112 626 3185 παραδοθῶμεν
656 3116 769 3177 τοῖς
796 3114 1154 3184 πράκτορσιν,
1183 3115 1297 3184 ἦτοι
1346 3117 1458 3178 τοῖς
1500 3114 1808 3178 κολασταῖς,

1923 3122 2066 3190 giet;
2121 3120 2227 3173 imo
2271 3133 2398 3173 vero
2455 3117 2696 3183 cujusvis
2742 3115 2945 3182 culpze,
3004 3113 3180 3167 tennis
3235 3124 3388 3178 atque
3424 3123 3490 3163 ac

233 3197 306 3256 ὧν
332 3205 434 3257 οὐκ
473 3203 538 3257 ἄν
581 3221 667 3268 τις
700 3204 940 3276 διαφύγῃ
993 3205 1053 3259 τὸ
1086 3206 1292 3274 ἀπηνές
1319 3222 1331 3233 ·
1380 3205 1814 3276 ἀπαιτηθήσεται

234 3297 286 3348 δὲ
313 3295 519 3366 μᾶλλον
544 3294 644 3358 τὰς
664 3296 756 3349 ἐπὶ
778 3297 942 3350 παντὶ
966 3297 1072 3366 πλη
1083 3296 1266 3367 μμελή
1277 3315 1405 3366 ματι
1429 3297 1603 3362 δίκας,
1637 3295 1816 3367 μικρῷ

235 3388 326 3441 καὶ
358 3387 582 3458 μεγάλῳ
604 3406 616 3417 ·
647 3387 854 3442 τούτων
886 3387 1101 3441 ἔσονται
1125 3387 1338 3458 μακρὰν
1370 3389 1418 3440 οἱ
1443 3387 1529 3439 τὸν
1555 3387 1656 3456 τῆς
1679 3387 1814 3456 Χρι-

236 3480 360 3533 στοῦ
396 3481 703 3551 παρουσίας
756 3481 949 3552 καιρὸν
1003 3481 1412 3551 δοκιμάζοντες,
1473 3480 1568 3533 καὶ
1614 3478 1675 3532 τὸ
1727 3480 1812 3531 ἐπ’

234 3571 379 3641 αὐτῷ
416 3575 714 3643 μυστήριον
738 3573 837 3625 οὐκ
862 3573 1214 3644 ἠγνοηκότες.

311 3663 492 3734 Ἀμὴν
530 3664 688 3734 λέγω
725 3678 846 3727 σοι,
900 3667 972 3719 οὐ
1011 3664 1099 3734 μὴ
1147 3664 1403 3732 ἐξέλθῃς
1434 3662 1664 3719 ἐκεῖθεν
1706 3663 1817 3730 ἕως

234 3755 308 3811 ἂν
339 3755 581 3823 ἀποδῷς
614 3755 723 3811 τὸν
751 3755 1016 3825 ἔσχατον
1050 3756 1408 3824 κοδράντην.

307 3849 372 3902 ’0
399 3847 458 3902 δὲ
485 3847 633 3915 λέγει
668 3846 908 3901 τοιοῦτόν
933 3847 1047 3900 ἐστι
1066 3864 1081 3878 ο
1112 3850 1370 3917 παραινεῖ
1397 3847 1505 3918 γὰρ
1532 3846 1815 3916 εὐγνωμο-

235 3943 361 4004 νεῖν,
398 3939 494 3993 καὶ
536 3937 611 4010 μὴ
652 3940 719 4008 τῇ
762 3938 940 4008 κρίσει
976 3937 1198 4009 θαρρεῖν
1227 3951 1237 3967 '
1270 3939 1318 3990 εἰ
1353 3938 1460 4008 γάρ
1487 3955 1539 3990 τι
1571 3936 1813 4008 συμϐαίη

233 4031 361 4101 παρ’
391 4030 604 4092 ἐλπίδα,
635 4029 730 4082 καὶ
776 4029 1118 4099 κατασχεθῇς
1162 4028 1268 4082 ὑπὸ
1317 4032 1412 4083 τοῦ
1464 4028 1675 4099 κριτοῦ,
1715 4029 1816 4080 οὐκ

233 4119 551 4190 ἀπολυθήσῃ
575 4120 677 4182 ἕως
698 4111 759 4171 οὗ
781 4118 1048 4190 ἀποτίσῃς
1065 4118 1154 4170 τὸν
1172 4116 1398 4189 ἔσχατον
1423 4117 1607 4170 ὀϐολόν
1625 4134 1638 4146 ·
1659 4115 1816 4170 τοῦτο

233 4212 341 4282 γὰρ
366 4211 592 4279 λέγεται
621 4209 941 4281 κοδράντης.

312 4393 371 4447 '0
402 4391 703 4463 κοδράντης
731 4390 788 4442 δὲ
817 4388 1073 4459 σημαίνει
1096 4387 1156 4440 τὺ
1176 4387 1435 4457 τέταρτον
1465 4385 1558 4438 τοῦ
1592 4384 1812 4456 μέτρου.

1917 3225 2126 3279 magna:
2149 3250 2162 3273 ,
2189 3223 2376 3279 poenas
2408 3207 2680 3264 dabimus.
2711 3204 2820 3258 Hac
2852 3215 3033 3258 autent
3059 3201 3367 3277 calamitate
3396 3212 3489 3252 ca-

1919 3305 2108 3357 rebunt
2131 3343 2146 3367 ,
2183 3303 2273 3369 qui
2309 3311 2519 3368 tempus
2545 3297 2892 3352 adventantis
2921 3295 3120 3350 Christi
3157 3301 3305 3346 recte
3340 3290 3489 3346 testi-

1917 3396 2213 3461 maverint,
2239 3403 2292 3448 et
2317 3393 2434 3462 ejus
2458 3390 2781 3460 mysterium
2815 3403 2919 3443 non
2952 3384 3344 3458 ignoraverint.
3447 3408 3452 3412 -

1989 3653 2056 3721 ν,
2093 3653 2184 3708 26.
2225 3654 2387 3706 Amen
2418 3651 2538 3704 dico
2571 3651 2688 3714 tibi,
2720 3664 2822 3702 non
2853 3647 2992 3701 exies
3023 3645 3148 3700 inde
3185 3645 3350 3698 donec
3381 3643 3492 3696 red-

1915 3747 2012 3802 das
2047 3744 2383 3799 novissimum
2410 3742 2780 3811 quadrantem.

1985 3837 2138 3904 Quod
2168 3835 2300 3888 dicit
2347 3834 2486 3886 hanc
2534 3831 2642 3884 vim
2697 3829 2857 3883 habet
2898 3843 2911 3878 :
2947 3824 3141 3880 suadet
3169 3822 3490 3893 placabilem

1917 3940 2036 3982 esse
2069 3940 2133 3978 ac
2170 3920 2545 3977 conciliatiuni
2592 3917 2804 3972 facilem
2837 3933 2852 3971 :
2897 3930 3071 3984 neque
3111 3912 3275 3967 nimis
3303 3912 3369 3966 de
3405 3911 3491 3980 ju-

1889 4017 2048 4074 dicii
2101 4015 2253 4072 exitu
2309 4027 2559 4067 securum
2612 4024 2756 4064 esse.
2806 4008 2864 4061 Si
2909 4006 3041 4077 quid
3093 4006 3236 4058 enim
3293 4012 3494 4072 praeter

1916 4121 2067 4176 spem
2093 4103 2422 4158 accideritet
2444 4098 2810 4169 judicisjussu
2841 4093 3350 4164 comprehendaris,
3382 4105 3491 4145 non

1917 4195 2212 4253 dimitteris
2233 4195 2404 4248 donec
2444 4191 2675 4248 solveris
2706 4189 3062 4244 novissimum
3094 4185 3313 4240 obolum
3341 4201 3356 4252 ;
3389 4184 3493 4239 hoc

1915 4287 2061 4343 enim
2089 4285 2291 4339 dicitur
2319 4283 2618 4352 quadrans.

1986 4378 2044 4448 9
2067 4377 2348 4444 Quadrans
2373 4390 2504 4428 vero
2522 4381 2774 4442 quartam
2806 4385 3072 4426 mensurae
3095 4376 3303 4439 partem
3332 4367 3495 4436 signi-

233 4481 405 4547 Οὗτος
451 4459 594 4538 κατά
623 4459 722 4553 την
754 4480 1019 4552 Ἑϐραίων
1047 4480 1250 4549 φωνὴν,
1283 4479 1376 4532 δύο
1421 4479 1567 4530 ἐστὶν
1611 4477 1810 4541 ὀϐολοὶ,

1923 4468 2043 4522 linat
2070 4484 2084 4519 :
2116 4466 2203 4520 hic
2239 4465 2392 4534 juxta
2420 4463 2770 4516 Hebrmorum
2800 4476 2988 4516 vocem
3022 4462 3158 4514 duos
3195 4459 3328 4514 facit
3357 4460 3493 4514 obo-

229 4581 367 4650 ὅπερ
389 4579 420 4630 ὁ
457 4576 672 4637 Λουκᾶς
701 4569 1024 4642 σαφηνίσας,
1047 4571 1274 4626 λεπτὸν
1294 4569 1599 4638 ὠνόμασεν.
1618 4569 1812 4639 Ἡμεῖς

231 4671 286 4724 δὲ
339 4664 747 4734 ἀπαλλαγῶμεν
799 4663 893 4716 καὶ
941 4662 1035 4715 τοῦ
1083 4661 1275 4732 ἐχθροῦ
1349 4661 1443 4714 καὶ
1507 4660 1814 4732 ὲκδικητοῦ,

231 4762 402 4832 ἤγουν
436 4757 532 4813 τοῦ
563 4755 830 4821 διαϐόλου,
861 4754 966 4818 ἕως
998 4755 1164 4821 ἐσμὲν
1192 4754 1250 4805 ὲν
1283 4755 1346 4823 τῇ
1384 4753 1487 4822 ὁδῷ
1511 4752 1706 4822 ταύτῃ,
1723 4752 1819 4806 καλ⁸

229 4851 340 4907 τῶν
367 4849 474 4919 τῆς
498 4847 720 4918 ἀτιμίας
753 4845 956 4909 παθῶν,
989 4847 1144 4899 ἆτινα
1169 4844 1428 4897 ἀντίδικοι
1457 4846 1488 4913 ἠ
1500 4843 1615 4913 μῶν
1643 4845 1815 4899 ἐστιν.

235 4942 425 5004 Οὐδεὶς
472 4939 584 5010 γὰρ
629 4939 788 5008 ἡμῶν
840 4938 1025 5006 ἕτερος
1075 4935 1362 5001 ἀντίδικος,
1393 4934 1487 4988 ἐὰν
1541 4935 1614 5004 μὴ
1661 4935 1821 5004 ἡμεῖς

237 5031 446 5087 ἑαυτῶν
491 5031 579 5084 διὰ
623 5029 828 5083 τούτων
859 5027 1145 5098 γενώμεθα
1175 5026 1459 5090 ἀντίδικοι,
1491 5024 1584 5078 καὶ
1622 5024 1758 5094 μηδὲ
1786 5024 1819 5094 ἡ

238 5125 548 5194 συνείδησις
597 5120 1054 5190 καταγινωσκέτω
1085 5118 1263 5190 ἡμῶν,
1291 5117 1366 5180 ὡς
1414 5113 1820 5185 καταφρονούνο

236 5233 345 5270 των
393 5215 493 5284 τῆς
541 5213 898 5283 ὑπομνήσεως
941 5211 1132 5280 αὐτῆς,
1172 5211 1381 5279 μήποτε
1427 5205 1820 5276 παραδοθῶμεν

238 5307 316 5377 τῷ
340 5308 500 5380 κριτῇ
535 5305 750 5359 πάντων
774 5303 894 5372 Θεῷ
915 5302 1018 5356 ὑπὸ
1040 5301 1138 5372 τῆς
1171 5299 1522 5370 συνειδήσεως
1542 5297 1820 5368 ἐλεγχθέν·

240 5411 354 5460 τες,
387 5397 417 5447 ὁ
448 5393 506 5446 δὲ
534 5392 846 5464 παραδώσει
888 5393 1002 5454 τοῖς
1036 5391 1338 5462 πράκτορσι
1371 5391 1485 5451 τοῖς
1531 5388 1820 5449 κολασταῖς

247 5485 519 5554 ἀγγέλοις,
548 5486 640 5538 καὶ
669 5482 1103 5553 ἀπαιτησώμεθα
1131 5483 1230 5546 τὰς
1253 5482 1345 5535 ἐπὶ
1379 5481 1542 5535 παντὶ
1563 5479 1818 5550 πλημμεο

249 5575 445 5646 λήματι
481 5573 658 5641 δίκας,
696 5572 876 5644 μικρῷ
917 5571 1009 5626 καὶ
1053 5571 1292 5643 μεγάλῳ.
1331 5570 1451 5623 Κᾶν
1495 5569 1602 5640 γάρ
1641 5568 1818 5638 tit-ipim

316 5754 391 5824 (ί)
439 5753 807 5808 ’Υποκείσθω
846 5781 903 5791 --
927 5753 1035 5805 οὐκ
1067 5750 1448 5820 ἠγνοηκότες.
1482 5745 1610 5800 Ibid.

1919 4557 2020 4622 los,
2049 4557 2191 4624 quod
2218 4554 2394 4609 Lucas
2425 4555 2712 4608 declarans
2750 4553 2946 4619 [cptum
2986 4551 3221 4605 vocavit.
3261 4549 3368 4604 Nos
3397 4565 3493 4603 au-

1923 4657 2028 4702 tem
2062 4647 2357 4700 liberemur
2383 4646 2546 4698 etiam
2574 4648 2642 4696 ab
2668 4644 2890 4697 inimico
2927 4651 2981 4696 et
3012 4642 3352 4703 adversario,
3381 4642 3494 4694 sci-

1919 4741 2046 4796 licet
2073 4738 2306 4804 diubolo,
2339 4739 2462 4790 dum
2491 4752 2678 4789 smnus
2703 4736 2756 4788 in
2786 4735 3024 4806 baclvia,
3061 4743 3114 4786 et
3153 4732 3496 4801 passionibns

1926 4831 2256 4902 ignominiaa,
2291 4844 2412 4898 quae
2435 4826 2764 4882 adversariae
2791 4825 2945 4878 nobis
2979 4833 3124 4878 sunt.
3155 4821 3322 4875 Nemo
3350 4823 3493 4877 enim

1923 4923 2079 4979 nobis
2112 4921 2250 4975 alius
2269 4921 2640 4982 adversarius,
2658 4915 2949 4971 dummodo
2971 4913 3376 4981 nobismetipsis
3399 4927 3496 4982 per

1923 5015 2039 5068 haec
2073 5012 2368 5067 adversarii
2405 5025 2510 5064 non
2541 5009 2758 5072 simus;
2805 5023 2980 5076 neque
3007 5005 3337 5060 conscientia
3363 5020 3496 5059 con-

1923 5107 2144 5162 demnet
2173 5119 2270 5159 nos
2313 5114 2568 5173 tanquam
2602 5102 2747 5156 illius
2781 5099 3206 5155 admonitionem
3251 5105 3494 5150 contem-

1924 5211 2135 5262 nentes,
2178 5211 2245 5250 ue
2295 5210 2531 5265 unquam
2568 5194 2848 5248 tradamur
2890 5189 3060 5261 judici
3108 5187 3348 5243 omnium
3387 5185 3496 5243 Deo

1925 5305 1955 5343 a
1981 5288 2312 5343 conscientia
2356 5284 2694 5354 reprehensi,
2723 5283 2813 5352 qui
2865 5296 2963 5335 nos
3008 5281 3186 5335 tradat
3219 5279 3495 5334 exactori-

1926 5381 2048 5445 bus,
2085 5377 2390 5432 vindicibus
2441 5375 2670 5444 angelis,
2729 5381 2784 5428 et
2833 5369 3104 5442 postulent
3151 5385 3180 5423 a
3229 5369 3385 5425 nobis
3431 5370 3497 5422 de

1927 5470 2176 5527 omnibus
2201 5467 2432 5537 peccatis
2449 5464 2809 5535 expiationem
2839 5474 2948 5519 tum
2974 5463 3208 5535 magnis,
3232 5472 3342 5516 tum
3371 5476 3496 5530 par-

1927 5564 2028 5618 vis.
2067 5559 2123 5615 Si
2159 5560 2302 5615 enim
2329 5558 2553 5616 stultum
2589 5557 2814 5613 fratrem
2841 5557 3160 5622 dixerimus,
3195 5553 3334 5624 quod
3369 5565 3496 5622 par-
