3946 6316
443 309 545 368 379

1441 315 1498 372 8.
1540 316 1811 376 ογιιιιιι
1849 313 2320 370 ΑιειιΑΝυιιιΝι
2357 312 2680 376 ARCHIEP.

3607 309 3715 366 380

447 449 571 489 vmn
611 449 732 490 esse
768 435 1020 500 videtur,
1062 436 1116 490 in
1161 435 1467 506 gehennam
1520 435 1874 504 abripiemur.
1923 433 2028 491 Sin.

2151 434 2213 487 ὸν
2254 430 2484 501 ἀδελφὸν
2515 432 2782 500 εἴπωμεν,
2817 429 2957 500 ὅπερ
2991 427 3141 481 δοκεῖ
3187 427 3385 498 μικρὸν
3430 420 3596 486 εῖναι,
3633 431 3717 489 εις

451 542 578 580 vero
635 527 856 582 stultum
904 543 1169 596 vocasse,
1227 529 1293 583 ad
1344 528 1648 598 gehennam
1706 527 2023 594 pertrahat,

449 621 664 687 quando
693 621 860 673 etiam
897 619 1202 674 maleﬁcum
1234 660 1250 686 ,
1287 629 1339 674 et
1380 620 1731 682 invidiosum,
1762 627 1815 671 et
1849 617 2027 671 inanis

450 709 632 778 gloriae
676 722 1017 779 appetentem
1047 755 1059 774 ,
1119 725 1175 767 et
1230 713 1513 766 innumera
1569 711 1876 777 hujnsn'iodi
1922 710 2027 764 alia

451 803 961 868 nunrnpa\‘et'imns,
1003 815 1262 868 quantum
1321 803 1724 867 nobismetipsis
1773 800 2029 867 gehennm

451 890 625 953 ignem
659 893 1000 946 auxerimus!
1034 894 1165 946 Illud
1191 894 1334 946 enim
1366 893 1526 946 stulte
1557 903 1610 946 et
1635 909 1783 956 rum,
1818 893 1884 946 iis
1910 907 2030 960 qua:

453 983 592 1034 dicta
625 995 744 1034 sunt
779 985 946 1036 multo
978 986 1150 1038 levius
1175 995 1260 1036 est
1291 987 1342 1036 in
1381 985 1591 1036 ratione
1625 984 1854 1051 injurizn.
1883 983 2029 1049 Qua-

454 1083 674 1141 propter
709 1075 794 1126 illa
826 1079 1198 1142 pertransiens
1225 1077 1477 1130 Christus
1497 1079 1610 1129 Incc
1631 1077 1829 1145 posuit,
1861 1089 1917 1127 ut
1945 1075 2030 1128 di-

455 1171 577 1211 scas
595 1164 738 1226 quol
767 1164 808 1214 si
850 1163 980 1216 illud
1012 1165 1182 1218 levius
1205 1167 1407 1217 dictum
1439 1167 1738 1234 gehennam
1765 1172 2029 1229 accersat,

455 1260 642 1304 contra
663 1254 954 1314 dicentem,
979 1255 1146 1308 multo
1184 1256 1352 1324 magis
1388 1256 1439 1309 id
1493 1256 1741 1324 gratiora
1769 1253 2030 1308 cilicium.

457 1338 566 1393 Nos
591 1351 768 1392 autem
803 1359 901 1410 pro
945 1345 1173 1398 ridiculo
1206 1345 1309 1399 hoc
1354 1346 1657 1399 habemus:
1700 1346 1854 1399 stulti
1888 1346 2029 1398 enim

459 1431 677 1484 notuiue
712 1447 854 1499 saepe
879 1435 1236 1500 abstinentes,
1283 1438 1417 1490 alias
1452 1436 1680 1502 injurias
1720 1435 2034 1489 acerbiores

459 1519 785 1587 proferimus
823 1533 1077 1591 tanquam
1111 1525 1238 1577 illud
1277 1524 1450 1577 solum
1481 1539 1676 1577 nomen
1707 1525 2032 1593 supplicium

461 1607 662 1662 habent
697 1626 994 1664 annexum.
1028 1612 1139 1666 lloc
1173 1623 1352 1668 autem
1386 1629 1490 1668 non
1525 1615 1595 1666 ita
1632 1624 1735 1678 est,
1775 1616 1867 1667 sed
1915 1629 2034 1667 om-

459 1703 546 1756 nis
586 1715 900 1768 accusator,
930 1717 982 1760 et
1025 1708 1469 1772 cantumeliosus,
1505 1717 1749 1760 extremo
1774 1707 2036 1776 supplicio

2128 527 2224 596 τὴν
2253 525 2476 592 γέενναν
2505 520 2962 591 ἀπαχθησόμεθα.
2998 521 3062 574 Ei
3092 519 3150 573 δὲ
3181 517 3242 572 τὸ
3277 517 3459 589 μωρὸν
3481 516 3718 571 καλέσαι

2127 617 2351 686 γέενναν
2383 614 2697 684 ἐφέλκεται,
2732 614 2857 666 ὅταν
2885 612 2980 666 καὶ
3008 608 3340 679 κακοῦργον,
3376 610 3470 662 καὶ
3504 609 3719 678 βάσκα-

2129 725 2236 772 νον,
2269 707 2363 759 καὶ
2392 703 2685 768 κενόδοξον,
2727 705 2817 757 καὶ
2856 702 3026 773 μυρία
3058 702 3193 756 ἄλλα
3239 700 3464 757 τοιαῦτα
3507 698 3719 766 ὀνομά-

2130 797 2333 868 ζωμεν,
2371 797 2535 848 πόσον
2577 794 2789 856 ἑαυτοῖς
2815 793 3039 863 γεέννης
3087 791 3423 860 συναύξομεν
3449 788 3566 858 πῦρ
3592 790 3607 842 ι
3629 787 3721 840 ’τὸ

2128 891 2236 959 γὰρ
2259 889 2436 957 μιαρὲ,
2470 889 2562 940 καὶ
2587 888 2647 940 τὸ
2678 886 2857 954 pauit,
2885 885 2992 936 τῶν
3032 883 3340 953 εἰρημένων
3373 879 3552 949 πολλῷ
3587 895 3716 932 κου-

2131 981 2333 1050 φότερα
2378 981 2456 1041 εἰς
2498 979 2708 1049 ὕϐρεως
2743 976 2902 1044 λόγον
2925 975 3058 1028 ἐστί.
3084 959 3284 1042 Διόπερ
3305 975 3489 1026 ἐκεῖνα
3517 971 3720 1042 παρεὶς

2129 1072 2302 1124 ταῦτα
2336 1070 2530 1140 ἔθηκεν
2559 1072 2587 1122 6
2619 1068 2872 1140 Χριστὸς,
2908 1067 2993 1120 ἵνα
3029 1065 3206 1138 μάθῃς
3237 1067 3314 1118 ὅτι
3350 1067 3398 1116 εἰ
3422 1064 3720 1134 φορητότε-

2135 1181 2226 1234 ρον
2252 1161 2438 1232 λεχθὲν
2458 1163 2557 1231 τὴν
2579 1161 2801 1228 γέενναν
2828 1161 3129 1211 ἐπισπᾶται
3160 1157 3301 1210 κατὰ
3325 1155 3417 1208 τοῦ
3441 1157 3718 1224 λέγοντος,

2133 1254 2313 1323 πολλῷ
2345 1253 2543 1322 μᾶλλον
2573 1251 2641 1303 τὰ
2675 1250 2954 1320 βαρύτερα
2988 1247 3149 1302 τοῦτο
3189 1245 3507 1319 ἐργάζεται.
3526 1246 3722 1313 Ἡμεῖς

2132 1348 2188 1401 δὲ
2241 1346 2646 1414 καταγέλαστον
2696 1343 2853 1396 τοῦτο
2904 1340 3188 1409 ποιοῦμεν.
3239 1340 3313 1392 Τὸ
3369 1338 3480 1408 γὰρ
3537 1337 3725 1407 μωρὸς

2135 1439 2306 1507 ὄνομα
2351 1437 2614 1498 πολλάκις
2661 1433 3208 1504 παραφυλαττόμενοι
3237 1473 3250 1495 ,
3288 1431 3483 1501 ἐτέρας
3532 1427 3725 1500 ὕϐρεις

2136 1529 2467 1600 πικροτέρας
2501 1527 2802 1597 ὲπάγομεν,
2836 1527 2910 1589 ὡς
2943 1526 3155 1578 ἐκείνου
3195 1524 3354 1594 μόνου
3383 1521 3480 1574 τοῦ
3523 1523 3725 1590 ὀνόμαο

2135 1637 2224 1683 τος
2275 1620 2372 1689 τὴν
2426 1619 2650 1672 κόλασιν
2697 1618 2933 1688 ἔχοντος.
2967 1617 3040 1668 Τὸ
3079 1614 3137 1667 δὲ
3184 1617 3244 1665 οὐ
3281 1612 3526 1666 τοιοῦτόν
3553 1616 3720 1674 ἐστιν,

2139 1710 2275 1764 ἀλλὰ
2306 1713 2411 1774 πᾶς
2439 1712 2746 1781 κατήγορος
2775 1710 2870 1761 καὶ
2902 1708 3160 1777 λοίδορος,
3198 1706 3296 1775 τῆς
3329 1705 3570 1774 ἐσχάτης
3609 1702 3727 1756 ἐστὶ

460 1795 653 1859 dignus
697 1805 818 1850 est:
859 1817 876 1848 ι
915 1796 1091 1853 Nolite
1149 1801 1292 1853 enim
1345 1816 1554 1861 errare,
1591 1799 1809 1867 inquit:
1861 1814 2034 1866 neque

2151 1803 2408 1865 ιολὰσεως
2431 1804 2598 1868 ἄξιος.
2623 1802 2744 1871 «Μὴ
2777 1800 3050 1854 πλανᾶσθε
3075 1801 3204 1870 γὰρ,
3229 1797 3413 1866 φησίν·
3443 1795 3571 1848 οὔτε
3597 1794 3729 1865 πόρ-

462 1886 766 1949 fornicarii,
819 1905 996 1956 neque
1043 1890 1200 1943 idolis
1257 1893 1580 1952 servientes.
1635 1906 1810 1956 neque
1857 1891 2031 1954 avari,

461 1991 633 2040 neque
687 1978 909 2043 ebriosi,
949 1995 1122 2049 neque
1162 1983 1406 2035 maledici
1452 1998 1675 2050 regnum
1715 1981 1805 2034 Dei
1863 1981 2035 2050 possi-

463 2067 665 2121 debunt
703 2069 744 2120 ⁸.
786 2087 804 2120 ι
845 2069 898 2122 Si
950 2086 1080 2124 vero
1108 2073 1202 2126 tibi
1248 2074 1431 2138 gravia
1479 2088 1602 2127 esse
1638 2073 1889 2124 vitientur
1924 2072 2037 2124 lucc

461 2171 749 2227 praecepta,
789 2162 1126 2231 multumque
1158 2165 1439 2217 comincre
1483 2164 1704 2221 laboris.
1744 2163 2033 2216 considera

461 2262 684 2318 propter
715 2251 993 2306 Clu-istum
1045 2265 1096 2308 te
1151 2256 1266 2309 ham
1309 2255 1507 2320 facere,
1558 2265 1611 2308 et
1646 2270 1827 2307 amara
1878 2262 2038 2306 erunt

462 2339 665 2402 dulcia,
705 2353 760 2396 el.
803 2345 955 2396 lahor
992 2361 1096 2399 non
1147 2347 1382 2415 amplius
1419 2347 1572 2400 lahor
1615 2347 1906 2406 videbitur,
1943 2345 2036 2398 sed

460 2442 665 2501 quanto
696 2437 1006 2489 contentior
1032 2435 1216 2501 fuerit,
1253 2446 1403 2490 tanto
1438 2437 1656 2491 suavior
1685 2436 1775 2488 lict
1822 2447 1873 2489 et
1921 2434 2038 2487 dul-

462 2525 597 2577 cior.
630 2523 748 2579 Non
785 2527 960 2582 solum
998 2539 1179 2583 autem
1225 2544 1320 2597 spe
1362 2529 1666 2582 futurorum
1703 2527 1872 2580 levem
1911 2524 2039 2579 red-

463 2618 600 2671 didit
629 2619 883 2673 virtutem
932 2619 1094 2686 Deus,
1146 2623 1238 2675 scd
1283 2622 1390 2676 alio
1424 2622 1587 2674 etiam
1635 2620 1795 2674 modo
1841 2620 2040 2689 ubique

463 2707 622 2762 nobis
644 2711 989 2776 coniunctus,
1024 2721 1077 2765 et
1105 2713 1157 2766 in
1195 2713 1462 2766 auxilium
1493 2723 1736 2780 paratus.

534 2796 605 2862 ν,
638 2799 730 2855 27.
770 2801 1008 2856 Audistis
1056 2803 1181 2873 quia
1228 2805 1426 2857 dictum
1480 2811 1608 2858 est:
1638 2801 1760 2856 Non
1813 2801 2040 2855 moecha-

467 2891 620 2944 beris.

540 2980 677 3038 Sunt
715 2983 856 3038 forte
891 2986 1132 3039 nonnulli
1164 2987 1255 3055 qui
1291 2993 1496 3040 tantam
1531 2987 1766 3056 gratiam
1811 2998 2042 3053 accepe-

468 3083 595 3127 runt
641 3083 700 3129 ut
739 3076 912 3144 ipsius
944 3078 1413 3146 concupiscentia
1446 3078 1554 3131 sint
1596 3078 1884 3132 immunes.
1925 3077 2043 3132 Cae-

470 3174 643 3218 terum
693 3166 966 3231 Christus,
1003 3184 1100 3237 per
1127 3183 1286 3237 quem
1336 3177 1528 3221 natura
1573 3169 1805 3223 humana
1857 3167 2044 3222 melio-

470 3265 586 3310 rata
629 3269 733 3320 est,
767 3260 1012 3327 quadam
1064 3275 1185 3329 qua:
1226 3276 1385 3330 supra
1421 3260 1588 3330 legem
1622 3269 1748 3314 sunt
1792 3260 2041 3328 imperat,

469 3355 529 3400 nt
562 3363 704 3402 nunc
741 3349 1040 3418 possibilia.
1079 3349 1137 3405 Si
1171 3351 1318 3405 enim
1362 3353 1428 3406 iis
1473 3351 1564 3421 qui
1598 3361 1725 3405 ante
1764 3350 2042 3406 Christum

471 3435 690 3492 fuerunt
740 3441 842 3494 hoc
891 3449 1009 3496 erat
1039 3441 1415 3510 impossibile,
1451 3441 1840 3511 ﬁdelibusjam
1887 3440 2046 3496 facile

467 3535 553 3580 est
583 3531 1050 3597 concupiscentias
1079 3531 1414 3597 rescindere.

547 3617 610 3684 V,
655 3620 742 3678 50.
800 3621 1052 3692 Cyrillus,
1103 3623 1358 3686 Joannes,
1417 3621 1686 3688 Isidorus,
1740 3619 2044 3676 Theodorus

472 3707 808 3764 Heracleam.
861 3713 1055 3766 Dicens
1087 3731 1100 3767 :
1137 3731 1154 3765 ι
1192 3713 1248 3767 Si
1287 3714 1480 3768 oculus
1529 3723 1653 3767 tuus
1708 3711 2046 3766 scandalizet.

472 3809 544 3862 te,
581 3819 600 3854 ι
638 3812 769 3868 etc.,
808 3818 906 3872 per
951 3805 1166 3858 oculum
1207 3806 1666 3876 concupiscentiae
1722 3811 2045 3871 conceptum

472 3890 720 3958 intelligit
746 3908 905 3962 quem
937 3895 1050 3948 erui
1081 3905 1330 3964 oportere
1364 3897 1463 3950 ait.

545 3982 733 4038 Aliter.
772 3982 1113 4041 Eorumdem.
1154 3988 1306 4043 Oculi
1344 3999 1399 4043 et
1428 4002 1618 4041 manus
1649 3985 1869 4040 nomine
1909 3983 2048 4037 ami-

473 4089 571 4129 cus
603 4075 941 4147 intelligitur.
971 4079 1026 4132 Si
1052 4081 1196 4133 enim
1223 4080 1456 4148 aliquem
1475 4090 1535 4132 ut
1555 4076 1769 4132 oculum
1799 4077 2046 4129 dextrum

475 4165 693 4236 diligas,
719 4179 772 4222 et
793 4183 858 4222 ex
887 4185 952 4224 eo
981 4173 1223 4225 eamdem
1255 4171 1545 4225 utilitatem
1581 4168 1852 4237 percipias
1883 4179 2045 4232 quam

475 4273 540 4311 ex
572 4274 732 4311 manu
771 4260 1020 4328 dextera;
1053 4273 1108 4316 et
1133 4264 1370 4318 animam
1413 4273 1555 4316 tuam
1593 4259 1757 4319 laedit.
1800 4271 1931 4311 erue
1954 4269 2050 4310 eos

471 4363 500 4402 a
550 4359 600 4402 te
645 4360 698 4403 et
743 4351 809 4403 ab
845 4352 923 4407 eis
971 4369 1245 4423 Separare.
1301 4353 1436 4408 Cmn
1492 4353 1636 4405 enim
1678 4363 1772 4402 vos
1818 4347 2046 4400 invicem

2136 1914 2235 1954 νοι,
2263 1894 2387 1947 οὔτε
2423 1895 2830 1964 εἰδωλολάτραι,
2855 1893 2980 1946 οὔτε
3010 1891 3350 1950 πλεονέκται,
3378 1889 3437 1941 οὐ
3475 1887 3724 1958 μέθυσοι,

2135 1988 2194 2039 οὗ
2226 1987 2450 2056 λοίδοροι
2484 1986 2758 2054 βασιλείαν
2793 1984 2928 2037 Θεοῦ
2963 1983 3490 2054 κληρονομήσουσιν.
3517 1999 3535 2030 ι
3575 1979 3638 2032 Εἰ
3668 1977 3727 2032 δέ

2139 2095 2220 2130 σοι
2269 2079 2506 2144 φορτικὰ
2553 2073 2691 2129 εἶναι
2741 2076 2890 2128 δοκεῖ
2931 2075 3102 2126 ταῦτα
3130 2073 3196 2126 τὰ
3226 2071 3600 2137 ἐπιτάγματα,
3636 2069 3727 2122 καὶ

2138 2167 2310 2220 πολὺν
2338 2167 2602 2237 παρέχειν
2636 2165 2726 2218 τὸν
2748 2166 2928 2227 πόνον,
2955 2164 3226 2233 ἐννόησον,
3254 2163 3335 2214 ὅτι
3364 2162 3451 2214 διὰ
3482 2160 3575 2212 τὸν
3597 2160 3727 2228 Χρι-

2141 2259 2264 2310 στὸν
2312 2257 2485 2310 ταῦτα
2530 2261 2724 2320 ποιεῖς,
2757 2257 2852 2310 καὶ
2885 2256 2955 2308 τὰ
2984 2255 3206 2325 ).υπηρᾶ
3237 2254 3390 2306 ἔσται
3419 2253 3542 2324 ἤδη,
3576 2253 3671 2305 καὶ
3699 2256 3726 2308 6

2139 2351 2302 2412 πόνος
2351 2350 2533 2403 οὐκέτι
2569 2351 2731 2413 πόνος
2777 2352 3045 2418 φανεῖται,
3085 2348 3196 2400 ἀλλ’
3241 2349 3448 2416 ὅσαπερ
3483 2345 3552 2398 ἂν
3599 2345 3726 2396 ἐπι-

2139 2445 2401 2514 τείνηται,
2430 2445 2672 2515 τοσούτῳ
2700 2443 3033 2513 γλυκύτερος
3065 2443 3159 2496 καὶ
3191 2443 3352 2511 ἡδίων
3380 2441 3610 2509 γίνεται.
3648 2437 3726 2492 οὐ

2146 2540 2305 2607 μόνον
2329 2538 2384 2590 δὲ
2411 2541 2476 2608 τῇ
2507 2537 2615 2589 τῶν
2643 2535 2946 2606 μελλόντων
2966 2535 3140 2587 ἑλπίδι
3165 2534 3372 2602 κούφην
3397 2533 3496 2600 τὴν
3523 2530 3725 2602 ἀρετὴν

2141 2630 2397 2700 ἐποίησεν
2431 2631 2459 2682 ὁ
2488 2629 2640 2692 Θεὸς,
2677 2628 2812 2681 ἀλλὰ
2847 2629 2941 2680 καὶ
2973 2627 3144 2697 ἑτέρῳ
3173 2625 3360 2694 τρόπῳ
3383 2621 3728 2688 συνεφαπτόο

2144 2738 2306 2790 μενος
2340 2723 2472 2790 ἡμῖν
2508 2718 2782 2789 πανταχοῦ
2816 2720 2910 2772 καὶ
2941 2715 3600 2785 συναντιλαμόανόμενος.

2225 2811 2556 2867 Ἠκούσατε
2589 2812 2678 2866 ὅτι
2701 2811 2932 2882 ὲῤῥέθη,
2963 2813 3044 2865 Οὐ
3063 2810 3431 2881 μοιχεύσεις.

2213 2986 2366 3056 Τάχα
2389 2984 2462 3054 (1)
2487 2985 2592 3038 εῑσί
2622 3002 2765 3048 τινες
2785 2983 3027 3038 τοιοῦτον
3041 2982 3298 3046 λαϐόντες
3315 2968 3565 3052 χάρισμα
3586 2979 3728 3035 ὥστε

2071 3127 2114 3185 C
2149 3076 2222 3148 μὴ
2277 3076 2585 3146 ἐπιθυμεῖν.
2619 3077 2824 3148 Πλὴνό
2877 3077 3116 3147 Χριστὸς
3165 3075 3240 3140 ὡς
3301 3069 3731 3145 ἰσχυροποιήσας

2146 3169 2247 3240 τὴν
2271 3166 2572 3238 ἀνθρώπων
2608 3169 2792 3236 φύσιν.
2825 3169 2918 3221 καὶ
2951 3166 3020 3220 τὰ
3051 3165 3194 3234 ὑπὲρ
3227 3166 3390 3235 νόμον
3414 3164 3729 3226 ἐπιτάσσει.

2145 3261 2220 3324 ὡς
2253 3259 2344 3312 νῦν
2367 3259 2730 3332 ἐγχωροῦντα.
2750 3261 2813 3314 Ei
2840 3259 2948 3331 γὰρ
2973 3259 3068 3312 καὶ
3094 3259 3208 3322 τοῖς
3239 3258 3343 3328 πρὸ
3370 3257 3463 3310 τοῦ
3490 3253 3731 3327 Χριστοῦ

2145 3351 2402 3405 ἀδύνατον
2431 3348 2499 3422 ἧν
2549 3351 2728 3417 τοῦτο,
2761 3351 2897 3405 ἀλλὰ
2933 3353 3048 3415 τοῖς
3083 3351 3294 3414 πιστοῖς
3321 3347 3734 3419 εὐκατόρθωτον

2141 3442 2206 3496 τὸ
2232 3443 2329 3505 τὰς
2358 3441 2656 3514 ἐπιθυμίας
2680 3442 2988 3496 ἐκκόπτειν.

2218 3622 2535 3689 Κύριλλος,
2563 3619 2859 3685 Ἰωάννης,
2879 3617 3192 3684 Ἰσίδωρος.
3220 3616 3521 3685 θεόδωρος
3557 3615 3731 3682 Ἡρα·

2147 3715 2370 3780 κλείας.
2403 3711 2588 3766 Εἰπὼν
2601 3713 2728 3781 (2),ι
2767 3711 2900 3764 Ἐὰν
2921 3712 2947 3763 6
2967 3708 3246 3779 ὀφθαλμός
3275 3723 3370 3761 σου
3401 3706 3732 3779 σκανδαλίζῃ

2149 3821 2230 3871 σε,
2257 3827 2275 3856 ι
2306 3807 2399 3859 καὶ
2445 3804 2514 3858 τὰ
2549 3805 2676 3874 ἑξῆς
2701 3821 2714 3835 ·
2744 3800 3020 3872 ὀφθαλμὸν
3044 3800 3193 3868 λέγει
3219 3799 3311 3852 τὸν
3334 3797 3597 3870 λογισμὸν
3630 3797 3732 3868 τῆς

2148 3898 2464 3968 ἐπιθυμίας,
2491 3897 2550 3951 ὃν
2573 3897 2725 3965 λέγει
2744 3895 3128 3949 ἐκκόπτεσθαι.
3233 3903 3236 3906 ’

2222 3991 2467 4055 Ἄλλως.
2510 3987 2633 4042 Τῶν
2661 3987 2880 4044 αὐτῶν.
2913 3985 3218 4056 Ὀφθαλμδς
3243 3983 3337 4037 καὶ
3379 3984 3502 4054 χεὶρ
3533 3985 3734 4036 νοεῖται

2147 4081 2175 4133 ό
2204 4081 2396 4149 φίλος*
2431 4080 2524 4134 ἐὰν
2577 4080 2686 4150 γάρ
2735 4095 2858 4132 τινα
2907 4077 3081 4141 οὕτως
3129 4076 3312 4147 φιλῇς,
3361 4074 3436 4138 ὡς
3482 4076 3542 4126 ἐν
3583 4071 3733 4137 τάξει

2147 4171 2428 4241 ὀφθαλμοῦ
2453 4171 2651 4237 δεξιοῦ,
2670 4170 2766 4224 καὶ
2789 4172 3058 4240 χρήσιμον
3087 4167 3252 4223 αὑτὸν
3288 4166 3530 4236 νομίζεις
3557 4165 3636 4228 ὡς
3678 4164 3733 4216 ἐν

2147 4262 2297 4328 τάξει
2319 4264 2500 4328 δεξιᾶς
2530 4263 2730 4334 χειρὸς,
2762 4263 2854 4316 καὶ
2879 4263 3103 4331 βλάπτει
3132 4278 3226 4314 σου
3257 4260 3356 4330 τὴν
3380 4258 3586 4328 ψυχὴν,
3606 4255 3733 4311 (17:6-

2125 4372 2281 4426 ’τεμε
2321 4355 2540 4419 τούτους
2561 4355 2666 4408 ἀπὸ
2703 4355 2816 4416 σοῦ,
2844 4355 2935 4407 καὶ
2968 4355 3156 4426 πόρρω
3190 4350 3490 4422 χωρίσθητι
3523 4347 3623 4403 ἀπ’
3646 4349 3736 4401 a5-

477 4441 691 4495 salvare
718 4459 822 4497 non
857 4447 1098 4514 possitis,
1128 4448 1236 4500 imo
1265 4461 1392 4498 vero
1431 4446 1590 4497 ambo
1620 4441 1778 4496 simul
1816 4441 2038 4510 perituri

2152 4445 2280 4498 τῶν.
2303 4445 2420 4498 ”υτ“
2455 4445 2521 4498 ἂν
2554 4445 2662 4516 γὰρ
2696 4445 2770 4515 μὴ
2805 4443 3066 4513 ἀλλήλους
3102 4441 3332 4510 σώζητε,
3365 4439 3502 4493 ἀλλὰ
3539 4438 3735 4509 μᾶλλον

475 4531 596 4584 sitis
639 4533 688 4585 in
739 4543 918 4588 mutua
965 4537 1226 4590 societate
1274 4544 1580 4596 manentes.
1613 4533 1784 4587 satius
1820 4541 1927 4598 est,
1957 4532 2050 4586 vel

477 4638 661 4686 unum,
696 4627 762 4680 ab
791 4627 896 4680 alio
926 4638 1251 4696 separatum,
1285 4627 1501 4679 salvari.

548 4714 612 4781 ν,
645 4717 732 4771 51.
780 4719 985 4770 Dictum
1023 4727 1101 4771 est
1133 4734 1152 4772 :
1188 4719 1498 4786 Quicunque
1533 4717 1792 4772 dimiserit
1831 4736 2050 4776 uxorem

468 4823 648 4874 suam,
683 4811 768 4862 det
803 4811 848 4863 ei
883 4810 1113 4862 libellum
1151 4809 1374 4877 repudii.

550 4899 861 4968 Sapientem
927 4916 1146 4954 uxorem
1218 4901 1499 4955 dimittens
1559 4901 1770 4970 copiam
1839 4904 1889 4958 ei
1960 4905 2053 4960 dat

479 4989 566 5043 alii
607 4993 862 5055 nubendi,
901 4993 1041 5060 quod
1092 5002 1174 5046 est
1221 4995 1603 5048 mcechationis
1645 5010 1833 5064 genus,
1887 4998 2042 5064 quasi

478 5082 713 5134 nondum
753 5081 1014 5135 dissoluto
1069 5083 1297 5137 vinculo.
1359 5082 1476 5138 Non
1523 5085 1667 5138 enim
1721 5085 1926 5154 repudii
1981 5086 2048 5140 li-

476 5174 652 5230 bellus
691 5175 828 5242 apud
877 5174 1040 5227 Deum
1088 5177 1489 5231 matrimonium
1539 5176 1718 5244 solvit,
1765 5178 1858 5232 sed
1913 5179 2050 5234 mala

477 5267 672 5332 agendi
707 5267 864 5320 ratio.

555 5355 658 5423 ιο
690 5355 754 5419 V,
783 5356 872 5424 34,
908 5359 995 5416 55.
1050 5359 1231 5429 Neque
1264 5377 1354 5432 per
1385 5359 1567 5415 caelum
1594 5403 1608 5428 ,
1655 5361 1779 5432 quia
1827 5361 2044 5416 thronus

481 5441 580 5497 Dei
606 5457 678 5498 est
699 5460 719 5509 ;
753 5463 912 5517 neque
937 5467 1029 5519 per
1057 5460 1271 5506 terram.

550 5561 572 5592 ⁵
604 5560 626 5613 ι
653 5559 778 5617 Cor.
812 5579 884 5628 vr,
915 5564 968 5620 9.

549 5673 628 5743 (l)
665 5672 818 5739 Τάχα
839 5677 959 5731 εἱσι
995 5706 1057 5722 νο-
1076 5677 1413 5731 ἐκκόπτειν.
1441 5677 1683 5731 Cramer.
1711 5690 1760 5743 p.
1795 5675 1880 5728 57.

552 5742 628 5813 (2)
654 5745 850 5802 Είπὼι·
875 5776 943 5790 -ο
964 5745 1072 5801 ἕνα
1101 5746 1388 5817 σωθῆναι.
1419 5749 1656 5801 Cramer.
1685 5742 1733 5814 ρ.
1761 5744 1850 5798 39.

2151 4537 2462 4608 ἀμφότεροι
2519 4535 2970 4606 προσαπόλλυσθε
3023 4535 3176 4597 ὄντες
3235 4533 3411 4603 ὁμοῦ,
3467 4531 3734 4602 συμφέρει

2147 4626 2512 4698 χωρισθέντα,
2556 4626 2657 4678 κᾶν
2687 4626 2779 4678 τὸν
2807 4625 2904 4678 ἕνα
2942 4625 3198 4692 σωθῆναι.

2234 4718 2468 4787 Ἐῥρέθη
2498 4717 2564 4770 δὲ
2589 4718 2677 4769 ὅτι
2704 4717 2769 4782 ὃς
2808 4716 2886 4769 ἂν
2908 4715 3192 4783 ἀπολύσῃ
3213 4713 3328 4780 τὴν
3355 4711 3617 4782 γυναῖκα
3637 4711 3732 4764 αὑ-

2151 4810 2278 4877 τοῦ,
2306 4811 2456 4863 δότω
2481 4808 2634 4878 αὐτῇ
2653 4807 3056 4861 ἀποστάσιον.

2240 4908 2298 4959 '0
2327 4907 2401 4973 (5)
2431 4906 2530 4975 τὴν
2563 4904 2814 4974 σώφρονα
2839 4902 3114 4956 ἐκϐάλλων
3142 4901 3360 4954 δίδωσιν
3383 4899 3519 4969 αὐτῇ
3552 4897 3732 4952 ἄδειαν

2158 4998 2302 5069 ἄλλῳ
2330 4997 2662 5068 γαμηθῆναι,
2693 4997 2830 5064 ὅπερ
2876 4995 3026 5047 ἐστὶν
3054 4989 3193 5055 εἶδος
3239 4991 3506 5061 μοιχείας,
3535 4989 3728 5042 ὡσανεὶ

2160 5089 2236 5159 μὴ
2285 5089 2539 5157 λυθείσης
2577 5086 2868 5152 συζυγίαςο
2912 5085 2973 5137 οὐ
3030 5083 3136 5155 γὰρ
3168 5083 3235 5136 τὰ
3282 5082 3541 5153 ρεπούδια
3585 5081 3732 5151 παρὰ

2154 5178 2273 5249 Θεῷ
2293 5177 2408 5231 λύει
2439 5179 2529 5233 τὸν
2557 5177 2754 5248 γάμον,
2786 5174 2900 5228 ἀλλ’
2929 5175 2962 5242 ἡ
2995 5171 3197 5234 ἄτοπος
3227 5171 3446 5243 πρᾶξις.

2224 5359 2387 5424 Μήτε
2415 5358 2482 5410 ἐν
2521 5356 2599 5420 τῷ
2631 5354 2884 5424 οὐρανῷ,
2917 5356 3004 5410 ὅτι
3031 5353 3244 5425 θρόνος
3263 5352 3395 5407 ἐστὶ
3415 5351 3524 5406 τοῦ
3549 5345 3694 5404 Θεοῦ
3715 5360 3731 5376 ⁸

2149 5448 2300 5519 μήτε
2325 5448 2394 5501 ἐν
2418 5448 2493 5515 τῇ
2520 5447 2616 5516 γῇ.

2226 5673 2303 5744 (3)
2322 5675 2377 5730 '0
2397 5703 2464 5714 —-
2483 5675 2678 5740 ἄτοπος
2710 5673 2925 5745 πρᾶξις.
2948 5673 3192 5729 Cramer.
3216 5688 3268 5743 p.
3301 5673 3392 5728 39.
