3946 6316
175 322 180 326 ’
245 365 344 422 εει

1412 370 1772 428 εοΜΜΕΝτ.
1813 370 1880 425 lN
1926 371 2375 428 MATTlleUM.

3407 345 3512 431 εει

313 478 412 532 Διὰ
442 477 606 533 τοῦτο
633 481 832 536 κωλύει
861 483 1006 553 ἡμᾶς
1031 484 1258 555 ὀμνύναι
1291 487 1433 540 κατὰ
1460 487 1554 540 τοῦ
1592 487 1814 557 ούρανοῦ

2000 485 2208 542 Idcirco
2253 489 2504 559 prohibet
2557 505 2656 546 nos
2704 491 2886 561 iurare
2924 505 3020 561 per
3062 491 3256 546 emi-um
3297 500 3349 546 et
3399 499 3509 544 ier-

240 573 337 625 καὶ
381 569 483 640 τῆς
532 570 660 641 τῆς,
693 572 780 626 ἵνα
823 576 896 645 μὴ
933 575 1116 645 δῶμεν
1144 580 1209 647 τῇ
1242 577 1417 630 κτίσει
1461 578 1524 630 τὸ
1555 578 1696 648 ὑπὲρ
1724 577 1821 646 τὴν

239 663 419 714 κτίσιν
448 661 687 730 ἀξίωμα,
721 663 1094 729 θεοποιοῦντες
1122 668 1311 738 αὑτήν.
1343 669 1405 720 υἱ
1433 667 1540 738 γὰρ
1562 667 1824 736 ὀμνύντες

239 754 432 822 αὐτὴν,
485 755 653 823 φησιν
702 757 731 808 6
771 757 1131 821 ’Δπόστολος,
1191 778 1210 811 ι
1243 760 1383 813 κατὰ
1430 759 1524 814 τοῦ
1579 758 1822 828 μείζονος

235 845 556 916 ὀμνύουσιν.
593 867 612 898 ι

313 935 401 1002 Τῷ
442 939 712 992 αἰτοῦντί
750 954 826 993 σε
871 930 1074 995 δίδουο
1117 943 1215 995 καί
1265 942 1372 996 τὸν
1413 943 1666 998 θέλοντα
1701 938 1820 994 ἀπὸ

235 1028 358 1084 σοῦ
386 1029 781 1085 δανείσασθαι
810 1032 896 1100 μὴ
925 1033 1338 1100 ἀποστραφῇς.

310 1121 464 1178 Ἐσο,
487 1124 650 1188 φησιν
679 1127 705 1174 ὁ
730 1125 984 1191 Χριστὸς,
1007 1127 1080 1193 μὴ
1109 1127 1242 1194 πρὸς
1270 1124 1330 1176 τὸ
1358 1122 1656 1192 λαμϐάνειν
1680 1121 1821 1173 ἑτοι-

237 1228 361 1278 μος,
394 1212 532 1264 ἀλλὰ
563 1213 697 1279 πρὸς
720 1213 780 1265 τὸ
809 1214 1028 1266 διδόναι.
1067 1213 1138 1266 Τὸ
1163 1215 1260 1283 μὲν
1287 1214 1394 1284 γὰρ
1425 1213 1646 1283 χωρίζει
1672 1211 1820 1280 ἡμᾶς

233 1303 344 1357 ἀπὸ
365 1303 501 1356 Θεοῦ
519 1321 531 1332 ·
562 1304 622 1356 τὸ
650 1305 705 1356 δὲ
731 1305 1024 1358 συνάπτειν
1049 1307 1258 1372 πέφυκε
1280 1321 1293 1334 ·
1319 1307 1412 1358 καὶ
1439 1305 1672 1374 μάλιστα
1693 1305 1820 1356 ὅταν

231 1394 261 1445 δ
294 1394 464 1446 αἰτῶν
506 1394 652 1459 ἄξιος
682 1397 943 1466 τυγχάνῃ,
971 1399 1064 1449 καὶ
1095 1396 1278 1449 δικαία
1307 1399 1338 1465 ἠ
1373 1398 1605 1466 αἴτησις.

301 1484 420 1538 Οὐκ
453 1486 545 1536 ἐπὶ
572 1485 735 1554 ψιλῆς
783 1488 880 1555 τῆς
910 1487 1107 1553 λέξεως
1141 1489 1342 1558 πρέπει
1377 1487 1650 1547 ἵστασθαι,
1685 1484 1821 1538 ἀλλὰ

230 1573 323 1626 τὸν
360 1576 561 1628 σκοπὸν
580 1577 676 1643 τῆς
710 1579 928 1646 ἐντολῆς
959 1577 1232 1644 ἐξετάζειν
1259 1579 1519 1649 ἀκριϐῶς.
1547 1577 1681 1630 Οὕτε
1709 1577 1819 1647 γὰρ

233 1666 399 1718 παντὶ
429 1665 667 1720 αἰτοῦντι
701 1668 911 1721 κελεύει
940 1670 1156 1727 διδόναι.
1191 1669 1294 1722 κᾶν
1329 1669 1402 1737 μὴ
1437 1669 1533 1740 ἔχῃ
1566 1683 1667 1731 τις·
1694 1666 1820 1719 ἁδύ-

231 1772 392 1809 νατον
423 1759 555 1828 γάρ·
583 1758 706 1812 οὔτε
741 1762 846 1828 μὴν
883 1761 977 1814 ἐὰν
1021 1761 1152 1831 ἔχοι,
1189 1762 1366 1830 αἰτοίη
1399 1762 1452 1812 δέ
1482 1778 1566 1823 τις
1601 1758 1816 1821 κακῶς·

231 1820 572 1918 χείρωνγξὰρ
595 1852 626 1916 ἡ
653 1820 818 1913 δόσις,
844 1853 971 1905 ὅταν
997 1856 1022 1906 6
1181 1853 1315 1922 πρὸς
1347 1820 1638 1920 ασὲλγειαν
1668 1852 1814 1920 αἰτῇ,
1853 1820 1892 1873 Β

231 1938 297 1990 σὺ
330 1939 386 1990 δὲ
422 1943 715 2011 παοασχῇς
752 1941 884 2012 ὓλην
936 1944 1035 2013 τῆς
1087 1945 1344 2013 τοιαύτης
1383 1944 1680 2005 ἀκολασίας
1734 1943 1816 1995 δι-

227 2027 375 2089 δούς.

315 2119 459 2186 Ἐγὼ
493 2119 561 2172 δὲ
597 2120 752 2190 λέγω
801 2122 971 2191 ῠμῖν’
1031 2121 1322 2192 Ἀγαπᾶτε
1380 2123 1522 2189 τοὺς
1567 2124 1819 2192 ἐχθροὺς

227 2208 420 2278 ὑμῶν.

312 2300 457 2352 Ἀλλ’
491 2301 621 2364 ἴσως
649 2319 734 2365 τις
763 2305 854 2356 τὸν
888 2305 1158 2375 μακάριον
1207 2305 1416 2358 Παῦλον
1459 2307 1535 2368 ὡς
1571 2306 1820 2373 καταρώ-

229 2408 392 2462 μενον
423 2393 514 2445 τὸν
545 2394 750 2462 χαλκέα
795 2395 1142 2466 Ἀλέξανδρον
1171 2398 1467 2466 προσάγων
1509 2401 1661 2466 ἡμῖν,
1695 2399 1818 2450 πεί-

230 2499 339 2536 σειε
374 2485 452 2553 μὴ
483 2486 608 2547 τοὺς
639 2485 865 2556 ἐχθροὺς
899 2489 1120 2556 ἀγαπᾷν
1171 2489 1314 2556 Πρὸς
1345 2489 1403 2540 ὃν
1439 2489 1584 2541 ἐστιν
1621 2491 1813 2550 εἰπεῖν,

227 2574 311 2627 δτι
335 2574 435 2644 οὐχ
464 2575 539 2638 ὡς
570 2575 700 2628 ἴδιον
729 2578 942 2648 ἐχθρὸν,
968 2579 1081 2631 ἀλλ’
1109 2580 1184 2642 ὼς
1209 2579 1304 2631 τοῦ
1339 2578 1578 2647 Χριστοῦ
1603 2581 1699 2632 καὶ
1724 2580 1816 2632 τοῦ

224 2666 592 2734 Εὐαγγελίου,
627 2671 932 2739 καταρᾶται
978 2673 1006 2723 ὁ
1054 2671 1282 2737 Παῦλος,
1313 2671 1578 2725 διδάσκων
1625 2672 1701 2734 ὠς
1731 2671 1818 2725 ἀεὶ

150 2757 156 2764 ’
231 2760 349 2820 τοῖς
378 2757 648 2823 τοιούτοις
675 2759 778 2830 χρὴ
815 2761 1074 2831 πολεμεῖν
1113 2761 1212 2831 (Ι).

292 2937 371 3007 (2)
429 2938 759 3009 Ἀγαπῶμεν
799 2941 928 3003 τοὺς
984 2939 1252 3010 ἐχθροὺς,
1287 2941 1346 2993 ού
1395 2939 1518 2992 καθ’
1568 2939 1596 2992 δ
1639 2943 1818 3010 μοιχοί

223 3031 364 3081 εἰσιν
386 3029 420 3098 ἢ
446 3033 648 3098 φονεῖς,
685 3031 822 3085 ἀλλὰ
871 3031 1006 3084 καθὸ
1037 3033 1334 3103 ἄνθρωποι.
1372 3032 1444 3084 Τὸ
1474 3030 1582 3101 γὰρ
1631 3031 1814 3101 ἁμαρ-

1930 594 2086 644 ram,
2157 594 2224 633 ne
2286 594 2554 634 creaturae
2620 598 2785 651 supra
2844 592 3152 636 creaturam
3210 583 3513 637 tribuamus

1926 670 2268 738 dignitatem.
2321 672 2639 725 deiﬁrautes
2695 674 2884 739 ipsum.
2945 673 3046 738 Qui
3115 674 3262 726 enim
3321 674 3513 744 jurant

1925 777 2020 830 per
2053 764 2245 830 ipsum,
2289 763 2462 831 inquit
2491 764 2797 832 Aposwlus,
2833 781 2852 814 ι
2893 780 2988 834 per
3017 766 3276 835 majorem
3317 765 3398 820 sui
3421 764 3512 834 ju-

1925 865 2044 908 rant
2075 856 2112 910 ⁸.
2153 875 2170 904 ι

1999 946 2097 1012 ll
2133 944 2196 1007 V,
2239 945 2322 998 ΔΞ.
2362 943 2466 1010 Qui
2493 957 2664 996 autem
2700 945 2826 1012 petit
2860 962 2890 997 ιι
2925 955 2992 1006 te,
3024 945 3093 998 da
3127 945 3193 1010 ei,
3229 954 3277 998 et
3311 945 3508 999 volenti

1921 1037 2156 1088 mutuari
2191 1054 2222 1087 α
2259 1049 2328 1096 te,
2362 1052 2422 1088 ne
2457 1036 2714 1088 avertat-is
2736 1071 2752 1085 .

1997 1124 2104 1187 Sis,
2123 1125 2478 1185 aitChristus,
2495 1142 2598 1175 non
2622 1126 2684 1174 ad
2707 1124 3075 1190 accipiendum
3096 1136 3394 1190 promptus,
3412 1123 3506 1176 sed

1924 1217 1987 1268 ad
2015 1214 2268 1266 dandum.
2306 1213 2460 1266 Prius
2501 1216 2648 1266 enim
2694 1215 2820 1266 illud
2859 1229 2885 1264 a
2923 1215 3029 1265 Deo
3068 1229 3166 1265 nos
3203 1213 3460 1282 disiungit
3489 1254 3502 1267 .

1924 1310 2024 1362 hoc
2060 1318 2234 1359 autem
2272 1309 2444 1359 eidem
2481 1307 2752 1358 admovet.
2805 1305 3118 1358 Prmsertim
3172 1307 3387 1372 quando
3415 1303 3502 1373 qui

1923 1399 2056 1467 petit
2091 1399 2282 1464 dignus
2324 1396 2506 1460 fuerit,
2540 1409 2592 1448 et
2627 1412 2778 1464 mqua
2815 1397 2885 1448 sit
2913 1397 3226 1464 postulatio.

1994 1489 2106 1543 Non
2145 1491 2194 1542 in
2230 1491 2368 1542 nuda
2405 1488 2640 1540 dit-tione
2689 1489 2883 1541 sistere
2927 1490 3197 1550 convenit,
3236 1488 3330 1540 sed
3363 1501 3502 1552 pra:-

1920 1582 2059 1648 cepti
2103 1595 2297 1644 sropus
2341 1586 2528 1630 exacte
2563 1577 2921 1645 indagandus.
2970 1575 3155 1643 Neque
3185 1577 3327 1628 enim
3356 1577 3500 1628 omni

1920 1672 2120 1742 petenti
2157 1672 2287 1723 dare
2331 1669 2594 1737 pra-cipit,
2648 1669 2748 1721 etsi
2795 1668 2915 1734 quis
2955 1668 3087 1720 nihil
3135 1668 3345 1726 habeat,
3385 1666 3499 1719 lieri

1921 1765 2063 1816 enim
2112 1763 2212 1814 hoc
2243 1776 2347 1812 non
2382 1770 2580 1826 potest,
2630 1773 2804 1827 neque
2855 1759 2980 1811 licet
3032 1761 3154 1825 quis
3189 1760 3403 1818 haheat,
3453 1759 3499 1812 si

1923 1852 2058 1904 mala
2114 1852 2217 1904 ﬁde
2260 1851 2495 1918 petierit.
2528 1849 2685 1915 Pejus
2732 1859 2812 1902 est
2854 1851 2996 1902 enim
3053 1850 3226 1916 ipsum
3277 1849 3498 1910 donum,

1920 1945 2136 2012 quando
2179 1943 2300 2011 quis
2352 1941 2416 1994 ad
2454 1944 2756 1993 socordiam
2797 1942 2948 2007 petit,
2985 1949 3039 1992 ιιι
3076 1954 3202 1992 vero
3233 1939 3304 1991 illi
3336 1939 3496 2005 dans,

1921 2037 2202 2089 materiam
2232 2033 2279 2086 ei
2312 2033 2679 2085 dissolutionis
2706 2035 2936 2099 prsehes.

1989 2125 2055 2188 ν,
2099 2126 2187 2178 41.
2234 2123 2343 2194 Ego
2381 2134 2554 2176 autent
2591 2123 2710 2177 dico
2765 2122 2904 2177 vobis
2934 2161 2950 2188 ,
2985 2120 3204 2188 Diligile
3255 2118 3498 2174 inimicos

1919 2230 2139 2272 vestros.
2862 2215 2866 2218 ’

1995 2310 2096 2378 12
2126 2309 2229 2360 Sed
2263 2306 2401 2361 forte
2435 2306 2628 2376 aliquis
2668 2306 2886 2360 beatum
2931 2303 3150 2358 Paulum
3189 2301 3498 2358 Alexandro

1920 2401 2109 2451 a'rario
2143 2397 2232 2449 Dei
2270 2397 2558 2449 vindictam
2593 2396 2976 2464 imprecantem
3006 2393 3162 2446 nobis
3186 2394 3493 2460 producens

1921 2489 1974 2542 in
2007 2491 2238 2541 medium
2263 2489 2306 2550 ⁷,
2337 2489 2568 2540 suadere
2597 2487 2741 2539 volet
2785 2487 3036 2539 inimicos
3074 2501 3177 2536 non
3209 2487 3492 2538 amandos.

1920 2582 2016 2636 Cui
2048 2583 2474 2648 reSpomleudum
2499 2589 2601 2646 est,
2629 2595 2733 2632 non
2768 2592 3017 2646 tauquam
3048 2576 3197 2630 Pauli
3226 2577 3492 2645 privatum

1921 2671 2224 2733 inimicum,
2262 2673 2355 2721 sed
2395 2679 2448 2720 ιιι
2479 2666 2683 2720 Christi
2721 2678 2885 2734 atque
2919 2667 3194 2737 Evangelii
3240 2667 3448 2719 hostem
3473 2703 3489 2723 ,

1919 2761 2168 2815 devotum
2205 2773 2324 2811 esse
2342 2775 2368 2810 a
2392 2758 2555 2811 Paulo
2576 2759 2962 2822 Alexandrum,
2986 2759 3064 2810 sic
3089 2761 3312 2810 docente
3337 2764 3495 2809 teter-

1919 2865 2044 2905 num
2073 2867 2192 2903 cum
2223 2850 2417 2903 talibus
2446 2850 2648 2903 bellum
2687 2851 2980 2918 gerendum
3015 2865 3159 2903 esse.
3319 2839 3328 2846 ’

1993 2944 2287 3011 liiligumus
2314 2943 2584 3005 inimicos,
2614 2958 2718 2995 non
2754 2942 2805 2995 in
2834 2951 3097 3011 quantum
3127 2939 3327 2995 moechi
3367 2947 3492 2993 sunt

1920 3035 2001 3090 vel
2039 3035 2342 3095 homicidae,
2380 3034 2472 3086 sed
2517 3042 2575 3086 ut
2617 3032 2888 3087 homines.
2923 3029 3158 3084 Peccare
3189 3031 3331 3084 enim
3367 3038 3495 3094 ope-

221 3122 410 3175 τάνειν
436 3123 718 3193 ἐνεργείας
749 3125 921 3185 ἐστὶν,
965 3125 1065 3178 οὐκ
1097 3125 1288 3188 οὐσίας
1320 3140 1332 3153 ⁸
1371 3124 1453 3177 διὸ
1482 3121 1606 3176 οὔτε
1648 3123 1810 3194 ἔργον

1941 3128 2142 3181 atiouis
2185 3136 2287 3188 est,
2342 3141 2444 3179 non
2501 3133 2745 3191 naturai;
2781 3125 2902 3179 ideo
2947 3139 3046 3177 nec
3078 3132 3356 3193 peccatqu
3409 3127 3492 3171 est

223 3213 361 3267 Θεοῦ
388 3215 420 3282 ἡ
451 3215 716 3285 ἁμαρτία.

296 3306 636 3374 Προσέχετε
668 3306 780 3373 τὴν
811 3307 1234 3376 ἐλεημοσύνην
1261 3308 1459 3378 ὑμῶν,
1485 3311 1572 3380 μὴ
1618 3308 1813 3364 ποιεῖν

225 3393 575 3463 ἔμπροσθεν
605 3395 725 3448 τὼν
749 3396 1096 3463 ἀνθρώπων.

299 3483 477 3554 (5)1)
515 3485 584 3538 δι’
624 3487 756 3539 αὐτὸ
805 3488 866 3540 τὸ
918 3488 1082 3542 καλὸν
1149 3489 1317 3543 ποιῶν
1375 3491 1596 3563 ἀρετὴν,
1645 3493 1812 3563 ὑπερ-

225 3572 458 3640 κόσμιον
489 3573 604 3643 ἔχει
640 3575 701 3626 τὸ
735 3575 1020 3645 καύχημα.

296 3666 783 3734 Προσευχόμενοι
802 3665 970 3735 δὲμὴ
996 3668 1494 3738 ,βατταλογήσητε
1529 3670 1733 3741 ὥσπερ
1757 3674 1812 3726 οί

225 3752 473 3808 ἐθνικοί.

297 3854 398 3904 Διὰ
430 3851 592 3904 τοῦτο
621 3851 695 3922 (4)
727 3855 756 3906 ό
779 3854 1013 3924 Χριστὸς
1034 3857 1400 3924 παρακελεύει
1429 3859 1516 3912 διὰ
1543 3859 1809 3930 συντόμου

227 3940 327 4002 τὰς
366 3943 682 4011 προσευχὰς
737 3943 1030 4006 ποιεῖσθαι,
1089 3946 1389 4018 ἐπειδήπερ
1413 3943 1520 4001 οἶδε
1564 3949 1657 4002 τὸν
1685 3950 1811 4004 νοῦν

228 4031 620 4101 εὐπαράφορον
664 4031 814 4093 ὄντα,
863 4036 958 4086 καὶ
1007 4035 1072 4088 δι’
1119 4037 1340 4089 ἐννοιῶν
1370 4039 1464 4090 καὶ
1517 4040 1810 4110 φροντίδων

230 4122 479 4192 ματαίων
512 4122 975 4194 ἁποπλανὼμενον
997 4164 1011 4188 ,
1062 4127 1297 4195 μάλιστα
1326 4130 1382 4180 ἐν
1409 4129 1485 4199 τῷ
1514 4131 1612 4200 τῆς
1644 4148 1812 4202 προσ-

227 4216 390 4282 ευχῆς
413 4212 592 4283 καιρῷ
611 4227 628 4245 ο
655 4215 751 4266 καὶ
780 4217 1144 4285 παραγγέλλει
1167 4219 1448 4289 νηφαλέως
1476 4225 1571 4274 καὶ
1599 4222 1811 4291 ταχέως

228 4306 401 4356 αἰτεῖν
429 4305 522 4357 τὸν
553 4305 685 4357 Θεὸν
712 4304 749 4358 ἃ.
778 4305 972 4377 ζητεῖ,
1011 4307 1084 4378 μὴ
1115 4309 1291 4363 πάντα
1339 4311 1438 4364 ὅσα
1467 4312 1607 4364 θέλει
1639 4315 1809 4380 ἀναγ-

225 4395 490 4461 γέλλοντα
509 4413 524 4426 ·
563 4396 722 4449 τοῦτο
749 4398 858 4468 γὰρ
883 4399 982 4467 τῆς
1009 4401 1185 4469 ἄκρας
1209 4403 1325 4453 ἐστὶ
1357 4404 1804 4472 φρενοϐλαϐείας

225 4485 331 4540 οἶδε
364 4490 478 4558 γὰρ
521 4491 551 4542 ὁ
593 4489 725 4551 Θεὸς
754 4491 848 4542 καὶ
879 4491 984 4560 πρὸ
1030 4491 1125 4543 τοῦ
1161 4493 1306 4562 ἡμᾶς
1352 4494 1608 4562 αἰτῆσαι,
1645 4495 1806 4548 τίνων

225 4580 536 4652 χρῄζομεν·
571 4581 892 4651 βατταλογία
927 4583 983 4636 δὲ
1017 4583 1231 4652 λέγεται
1274 4586 1307 4656 ή
1344 4587 1658 4655 πολυλογία,
1699 4587 1807 4640 ἀπὸ

226 4672 436 4726 Βάττου
491 4674 634 4735 τινὸς
665 4674 961 4744 Ἕλληνος,
1020 4677 1260 4746 μακροὺς
1311 4679 1402 4730 καὶ
1454 4679 1806 4750 πολυστίχους

229 4761 432 4830 ὕμνους
481 4764 809 4832 ποιήσαντος
845 4766 924 4827 είς
963 4765 1032 4816 τὰ
1079 4766 1290 4828 εἴδωλα,
1328 4768 1420 4820 καὶ
1452 4771 1808 4839 ταυτολογίαν

230 4849 475 4919 ἑκοντας.
510 4851 840 4919 Βαττολογία
872 4853 987 4904 ἐστὶ
1023 4854 1084 4906 τὸ
1106 4854 1211 4920 ἔξω
1245 4855 1337 4908 τοῦ
1380 4857 1545 4910 καλοῦ
1576 4859 1672 4929 (5).

608 4941 853 4996 Ὲλθέτω
889 4943 928 5010 ή
965 4945 1253 5007 ,βασιλεία
1289 4962 1428 5001 σου.

295 5029 463 5083 Φύσει
492 5030 623 5093 Θεὸς
648 5033 676 5084 ὁ
706 5033 937 5101 Χριστὸς
968 5034 1248 5104 ὑπάρχων,
1286 5035 1382 5088 καὶ⁵
1413 5035 1571 5104 φύσει
1597 5035 1806 5108 ἄνθρω-

237 5134 350 5182 πος,
397 5121 756 5190 οἰκονομικῶς
818 5122 1032 5190 λέγεται
1089 5124 1372 5194 βασιλεὺς,
1406 5128 1682 5180 τουτέστιν
1731 5129 1807 5192 ὡς

230 5208 552 5281 ἄνθρωπος’
589 5211 677 5263 διὰ
709 5212 865 5264 τοῦτο
907 5215 954 5266 οἱ
999 5215 1198 5268 δίκαιοι
1230 5217 1552 5288 ὲπεύχονται
1593 5220 1806 5282 ἑαυτοῖς

305 5386 327 5418 ⁸
357 5385 523 5441 Hebr.
559 5401 632 5449 rt,
665 5385 752 5440 16.
791 5387 810 5418 ⁷
849 5385 1155 5444 llTimOIh.
1181 5389 1252 5454 iv,
1288 5391 1355 5445 14

421 5543 592 5622 Paulo
619 5544 774 5622 aliter
801 5556 988 5622 catena
1010 5546 1288 5622 -Cratneri,
1319 5565 1370 5618 p.
1399 5552 1490 5608 42.

256 5699 266 5724 ι
307 5619 382 5738 (‘1')
433 5615 784 5682 Ἀῑτιπῶμεν
810 5643 878 5654 -
913 5616 949 5680 ἠ
988 5615 1262 5684 ἁμαρτία.
1315 5615 1511 5676 Catena
1548 5623 1808 5687 Crameri,

256 5699 266 5724 ι

239 5697 252 5748 ι
279 5697 403 5823 ’ἓί
431 5757 493 5806 '0
526 5753 599 5804 δι’
627 5754 769 5807 αὐτὸ
826 5785 878 5794 —-
905 5754 963 5806 τί
998 5757 1288 5826 καύχημα.
1327 5761 1456 5815 Ibid.
1483 5776 1532 5829 p.
1566 5761 1649 5814 45.

1913 3235 2047 3290 opus
2081 3217 2196 3272 Dei.

1989 3309 2072 3367 Vl.
2111 3308 2164 3364 1.
2213 3307 2483 3363 Attendite
2515 3323 2578 3362 ne
2607 3307 2983 3378 eleemosynam
3021 3315 3244 3361 vestram
3281 3303 3488 3372 faciatis

1915 3416 2090 3454 eorum
2125 3399 2443 3452 hominibus.

1987 3490 2087 3555 Qui
2149 3497 2372 3559 propter
2434 3487 2722 3543 honestum
2783 3488 2956 3544 solum
3012 3489 3269 3543 virtutem
3322 3485 3488 3554 colit,

1913 3585 2182 3652 egregiam
2212 3581 2419 3634 laudem
2453 3590 2708 3637 meretur.

1983 3672 2083 3734 Vl,
2117 3671 2168 3724 7.
2206 3675 2430 3726 Orontes
2469 3680 2646 3724 autem
2683 3670 2845 3725 nolite
2878 3670 3100 3724 multum
3127 3667 3291 3739 loqui,
3321 3679 3377 3721 ut
3400 3684 3490 3721 w-

1913 3763 2017 3817 lent
2049 3765 2262 3818 ethnici.

1982 3854 2106 3908 Ideo
2129 3854 2382 3906 Christus
2420 3865 2610 3922 preces
2637 3849 2791 3916 iubet
2836 3851 2903 3905 ad
2948 3849 3323 3918 compendium
3363 3861 3490 3900 con-

1915 3945 2088 4009 ferre,
2121 3945 2247 4014 quia
2291 3956 2523 3997 mentem
2559 3953 2799 3997 nostram
2849 3941 3003 3996 facile
3039 3949 3358 4008 evagautem
3393 3953 3490 3992 uo-

1915 4038 2030 4102 vit,
2069 4037 2593 4106 cogitationibusque
2635 4035 2801 4088 variis
2846 4043 2902 4087 et
2929 4034 3074 4086 curis
3101 4032 3484 4094 deerrantem,

1913 4129 2214 4197 praesertim
2245 4139 2487 4195 tempore
2510 4126 2792 4180 orationis.
2830 4123 3048 4178 Mandat
3069 4139 3195 4192 ergo
3220 4135 3277 4175 ut
3309 4122 3488 4175 sobrie

1915 4222 2272 4289 celeriterque
2325 4229 2474 4289 petat
2509 4220 2674 4274 ltomo
2702 4232 2729 4270 a
2764 4218 2872 4271 Deo
2900 4231 3018 4286 quae
3063 4215 3326 4283 requirit,
3377 4227 3484 4266 non

1913 4323 2092 4364 autem
2145 4318 2202 4363 ul.
2249 4311 2466 4373 omnia,
2517 4321 2637 4376 qua:
2661 4307 2804 4369 vult,
2850 4306 3144 4360 enuntiet:
3185 4307 3297 4359 haec
3342 4304 3486 4358 enim

1913 4414 2122 4453 summa
2162 4398 2302 4452 foret
2347 4398 2616 4460 stultitia.
2665 4397 2930 4465 siquidem
2984 4407 3110 4449 ante
3141 4395 3484 4464 petitionem,

1839 4481 1882 4539 D
1915 4493 2092 4545 omnia
2124 4492 2225 4544 scit
2257 4490 2397 4545 Deus
2431 4490 2632 4558 quibus
2668 4503 2908 4557 egemus.
2954 4485 3314 4555 Battologia'm
3363 4497 3488 4536 vero

1907 4583 2090 4635 dicunt
2143 4581 2339 4644 Graeci,
2377 4582 2517 4649 quod
2573 4581 2746 4633 Latini
2789 4579 3206 4644 multiloquium,
3253 4591 3280 4626 a
3334 4573 3492 4628 Batto

1907 4673 2140 4738 quodam
2169 4710 2182 4732 ,
2215 4671 2303 4737 qui
2338 4669 2526 4738 longos
2556 4670 2955 4736 multorumque
2977 4681 3226 4721 versuum
3258 4665 3489 4733 hymnos

1909 4761 1960 4814 in
1993 4761 2129 4813 idola
2169 4754 2330 4823 fecit,
2382 4776 2505 4812 cum
2555 4763 2845 4813 verborum
2895 4760 3238 4827 repetltioue.
3275 4754 3341 4809 Et
3367 4755 3487 4825 qui-

1909 4852 2030 4905 dem
2065 4851 2356 4920 baltologia
2395 4852 2580 4904 vitium
2614 4851 2885 4905 sermonis
2908 4861 3008 4905 est.

1990 4943 2090 5013 l3
2137 4942 2220 5006 Vl,
2263 4943 2350 4996 10.
2391 4944 2654 4996 Adveniet
2687 4959 2901 5010 regnum
2942 4951 3109 4993 tuum.

1983 5037 2115 5089 (lum
2147 5036 2215 5087 sit
2248 5034 2497 5089 Christus
2541 5044 2728 5086 natura
2765 5035 2924 5094 Deus,
2975 5040 3030 5083 et
3061 5038 3248 5082 natura
3285 5026 3482 5091 homo;

1914 5127 2014 5181 hoc
2049 5127 2332 5194 posteriori
2368 5127 2634 5179 duntaxat
2671 5135 2918 5191 respectu
2958 5136 3048 5174 rex
3086 5119 3308 5184 dicitur,
3348 5134 3483 5188 qua-

1914 5228 2070 5272 tenus
2107 5219 2359 5272 nimirum
2391 5226 2476 5272 est
2523 5219 2702 5271 homo.
2741 5216 3032 5283 Prouterea
3081 5214 3134 5266 in
3185 5213 3326 5266 votis
3371 5211 3487 5267 suis

1988 5553 2065 5622 (1)
2097 5553 2199 5622 Διά
2227 5553 2406 5608 τοῦτο
2435 5583 2502 5595 --
2523 5552 2629 5607 τοῦ
2658 5554 2870 5609 καλοῦ.
2900 5553 2998 5608 Μιιί
3033 5554 3095 5607 Β.
3133 5555 3204 5608 Ν.
3239 5552 3326 5620 lll,
3357 5552 3484 5608 150.

1993 5621 2069 5691 (5)
2099 5621 2408 5694 Fragment!
2433 5623 2588 5692 hujus
2612 5639 2735 5694 pars
2759 5628 3006 5679 exstabat
3023 5626 3074 5678 in
3100 5625 3309 5679 Possin.
3341 5623 3483 5687 CaL,

1923 5708 2046 5762 pars
2085 5693 2223 5749 item,
2247 5695 2296 5748 in
2331 5693 2593 5759 C0rder.;
2626 5693 2826 5765 reliqua
2860 5710 3002 5750 nunc
3040 5695 3329 5748 adduntur.
