3946 6316
453 313 555 372 39.3

1492 342 1549 396 8.
1592 344 1866 402 CYRILLI
1904 349 2377 411 ALEXANDRINI
2413 356 2734 417 ARCHIEP.

3621 368 3720 422 384

460 455 665 516 ponunt
691 446 848 517 justi,
880 457 939 505 ut
992 453 1095 519 hoc
1136 454 1237 510 sibi
1286 458 1584 527 contingat,
1634 473 1930 535 regnetque
1972 467 2021 522 in

2142 470 2290 525 τοῦτο
2326 474 2590 546 ὑπάρξειν
2611 494 2624 507 ·
2655 476 2735 530 δτι
2766 477 2824 530 δὲ
2854 477 2947 532 καὶ
2980 480 3090 544 τοῖς
3118 480 3391 547 ἀπίστοις,
3429 484 3516 537 ῖνα
3544 486 3714 553 ὀρῶν-

458 539 605 607 ipsos
635 537 905 597 Christus.
942 543 1081 609 Quin
1113 555 1168 601 ut
1198 556 1254 602 et
1285 549 1353 602 ad
1401 549 1651 607 inﬁdeles
1696 571 1910 627 quoque
1940 575 2029 615 re-

457 643 619 697 gnum
651 633 974 686 extendatur
1009 635 1149 691 istud
1182 639 1405 707 cupiunt
1456 650 1518 696 ut
1560 646 1765 709 apertis
1808 650 1874 701 ad
1934 665 2027 705 ve-

2136 581 2225 626 τες
2258 568 2351 619 καὶ
2384 568 2730 634 πιστεύοντες
2760 572 2838 635 είς
2866 571 3053 640 αὐτὸν,
3074 575 3275 629 οἰκεῖον
3311 577 3521 631 ἑαυτῶν
3562 577 3717 643 [Eum

2135 654 2379 723 βασιλέα.

458 718 634 772 ritatis
667 720 843 775 lumen
875 724 1046 780 oculis
1070 729 1356 786 credentes
1398 733 1451 787 in
1504 734 1700 803 ipsum,
1735 741 2013 809 proprium
2053 718 2151 815 ipsi
2182 764 2398 818 quoque
2432 752 2685 807 eumdem
2739 752 3016 808 Christum
3088 755 3330 812 habeant
3391 771 3719 832 agnoscant-

455 822 560 876 que
598 824 794 880 regem.

526 897 614 961 Vl,
657 900 743 954 Μ.
785 901 842 954 St
890 920 1028 958 enim
1074 906 1379 964 dimiseritis
1419 913 1721 971 hominibus
1771 931 2023 988 peccata,

456 989 679 1045 dimittet
706 994 865 1046 etiam
895 997 1034 1050 vobis
1063 995 1227 1052 Pater
1267 1012 1435 1056 vester
1459 990 1706 1063 ctelestis.

524 1164 713 1221 Potest
741 1183 953 1238 quoque
986 1172 1143 1227 Jesns
1186 1186 1243 1229 ut
1292 1178 1430 1232 Deus
1472 1192 1694 1248 peccata
1730 1186 2021 1260 dimittere,

452 1259 549 1312 sed
582 1267 837 1327 tanquam
877 1264 1054 1318 adhuc
1098 1266 1432 1336 imperfectis
1472 1273 1752 1345 discipulis
1786 1259 2025 1339 nondum

451 1349 520 1403 de
552 1363 649 1404 sua
675 1351 874 1406 deitate
906 1354 1138 1410 instituit
1165 1375 1495 1418 sermonem.

526 1439 633 1513 14
679 1442 757 1503 Vl.
787 1443 877 1497 24.
910 1445 1081 1500 Nemo
1115 1459 1279 1515 potest
1311 1453 1514 1507 duobus
1541 1457 1770 1511 dominis
1795 1464 2027 1530 servire;

452 1539 544 1584 aut
579 1533 717 1586 enim
742 1550 903 1589 unum
938 1539 1058 1590 odio
1092 1540 1319 1608 habebit,
1357 1553 1403 1595 et
1432 1544 1654 1601 alterunt
1689 1550 1906 1620 diliget;
1940 1566 2031 1609 aut

449 1637 613 1675 unum
643 1626 945 1692 sustinebit,
981 1640 1029 1682 et
1055 1634 1280 1686 alterum
1316 1646 1627 1694 contemnet.

520 1708 589 1764 Et
621 1711 945 1780 simpliciter
983 1718 1237 1786 dicendo,
1285 1739 1391 1777 non
1437 1736 1616 1794 potest
1657 1733 1781 1800 quis
1828 1750 1950 1791 sese
1998 1755 2026 1791 a

450 1802 821 1859 materialibus
848 1805 1225 1865 allectionibus
1246 1829 1349 1867 non
1381 1831 1697 1887 segregans,
1726 1826 1805 1877 vel
1836 1826 2024 1895 Deum,

448 1889 534 1945 vel
565 1894 869 1960 proximum
917 1899 1131 1954 sincere
1160 1903 1406 1974 diligere.
1446 1908 1624 1964 Bonus
1666 1915 1884 1981 quidem
1929 1922 2028 1975 do-

450 1982 631 2037 minus
679 1988 920 2041 avaritia:
964 2005 1158 2060 expers
1213 2004 1296 2048 est
1358 1998 1606 2065 animus;
1664 2019 1864 2068 pravus
1904 2024 2028 2065 vero

446 2089 636 2130 amans
677 2080 936 2145 pecunias
972 2099 985 2136 :
1016 2083 1137 2138 ideo
1185 2088 1277 2141 uni
1313 2090 1587 2145 addictum
1635 2110 1756 2152 esse
1788 2112 2025 2169 oportet.

446 2166 564 2220 Non
594 2167 738 2220 enim
777 2162 889 2224 lieri
920 2183 1118 2241 potest,
1152 2185 1209 2230 ut
1258 2178 1465 2237 duobus
1498 2184 1700 2241 diversi
1738 2162 2030 2247 contrarii-

453 2270 554 2325 que
591 2258 807 2312 habitus
842 2261 1176 2329 placeamus.

523 2346 626 2417 15
658 2347 744 2415 Vl,
780 2350 870 2405 25.
911 2351 1039 2407 Ideo
1064 2357 1181 2411 dico
1220 2361 1385 2425 vobis,
1426 2379 1487 2417 ne
1525 2367 1737 2421 solliciti
1764 2372 1877 2425 sitis
1907 2376 2027 2427 ani-

450 2452 547 2490 mae
585 2452 767 2493 vestra:
803 2445 928 2505 quid
978 2450 1326 2520 manducetis,
1382 2471 1547 2525 neque
1594 2465 1805 2529 corpori
1857 2475 2027 2520 vestro

450 2529 572 2598 quid
602 2530 919 2589 induamini.

519 2619 715 2676 Anima
763 2628 1114 2693 praestantior
1147 2641 1229 2686 est
1275 2649 1504 2704 corpore
1551 2650 1740 2711 utpote
1771 2645 1947 2714 imago
1974 2660 2029 2705 et

447 2708 658 2769 aﬂlatus
700 2713 817 2771 Dei.
842 2716 1053 2786 Corpus
1079 2737 1239 2788 porro
1264 2708 1682 2785 instrumentum
1704 2734 1872 2803 ipsius
1908 2754 2031 2793 coo-

450 2812 668 2870 peratur
690 2804 789 2872 ipsi
811 2808 876 2860 ad
895 2810 1094 2877 optima
1121 2828 1364 2883 qumque.
1380 2817 1603 2887 Oportet
1620 2838 1748 2893 ergo
1764 2843 1862 2880 nos
1878 2843 2030 2883 cura-

449 2906 510 2949 re
525 2901 830 2964 tttrumque,
865 2912 927 2951 ac
950 2915 1151 2970 corpus
1176 2905 1392 2972 quidem
1415 2924 1679 2979 quantum
1703 2930 1920 2972 necesse
1946 2930 2029 2975 est

447 2981 515 3036 ad
567 2984 839 3040 vitandum
892 3003 959 3043 ne
1009 2990 1061 3044 id
1116 2993 1503 3063 impedimento
1552 3004 1622 3056 sit
1675 3007 1889 3072 aninne,
1938 3012 2022 3066 cui

447 3074 789 3143 potissimum
862 3080 1248 3153 invigilandum
1317 3101 1435 3156 est,
1508 3109 1834 3168 semperque
1904 3104 2021 3156 eni-

448 3168 671 3223 tendum
728 3181 785 3226 ut
838 3173 1028 3227 demus
1069 3177 1142 3229 illi
1176 3193 1294 3246 qum
1328 3182 1501 3250 ipsam
1561 3187 1788 3255 decent;
1827 3192 2028 3246 refera-

446 3272 676 3330 musque
722 3262 864 3317 illam
916 3280 1011 3333 per
1052 3270 1375 3325 exercitium
1411 3274 1677 3331 virtutum
1711 3284 2022 3360 adcausam

449 3350 591 3405 unde
620 3354 846 3422 prodiit,
880 3356 1047 3411 Deum
1079 3360 1328 3417 videlicet
1360 3368 1451 3433 qui
1486 3373 1693 3425 creavit
1724 3350 1916 3443 ipsam.

521 3439 627 3512 ιθ
666 3440 753 3508 Vl,
795 3445 885 3500 51.
928 3446 1110 3503 Nolite
1155 3468 1276 3521 ergo
1314 3457 1529 3512 solliciti
1581 3477 1693 3516 esse
1736 3439 2023 3524 dicentes:

449 3530 590 3597 Quid
620 3539 1074 3607 manducabimus,
1094 3553 1185 3597 aut
1220 3548 1348 3615 quid
1380 3549 1635 3621 bibemus,
1665 3564 1757 3609 aut
1783 3574 1884 3627 quo
1912 3574 2021 3629 ope-

446 3625 644 3681 riemur
666 3629 692 3682 ι

514 3714 894 3779 Qttaarentibus
939 3738 1059 3792 quae
1113 3728 1179 3783 ad
1235 3730 1472 3786 animam
1525 3737 1820 3803 pertinent,
1880 3739 2022 3796 ultro

445 3803 675 3877 largitur
699 3809 839 3865 Deus
866 3829 985 3882 quae
1009 3832 1146 3885 opus
1179 3831 1305 3875 sunt
1332 3828 1570 3893 corpori.
1603 3827 1756 3894 Quod
1791 3832 1933 3885 scire
1958 3848 2022 3888 ac

446 3896 688 3964 cogitare
732 3915 830 3955 nos
870 3904 1051 3970 decet,
1089 3923 1157 3963 ne
1199 3911 1378 3965 nimia:
1421 3914 1608 3971 talium
1655 3934 1836 3974 rerum
1877 3936 2024 3979 cura

446 3986 830 4054 impedimento
863 3993 972 4049 sint
1003 3997 1155 4054 nobis
1191 4002 1256 4054 ad
1292 4006 1637 4073 operationes
1678 4015 2019 4080 praestantis-

445 4090 634 4135 Stmas.

516 4167 625 4233 Vll,
651 4171 706 4226 Ξ.
749 4172 814 4228 1η
842 4192 943 4245 quo
966 4181 1102 4234 enim
1136 4185 1340 4253 iudicio
1364 4189 1757 4259 judicaveritis,
1794 4195 2017 4263 judica-

2220 927 2361 980 Ἐὰν
2404 928 2513 997 γὰρ
2545 931 2735 1000 ἀφῆτε
2772 934 2896 999 τοῖς
2926 935 3257 1003 ἀνθρώποις
3294 938 3368 992 τὰ
3405 944 3719 1008 παραπτώ-

2130 1034 2309 1086 ματα,
2339 1020 2562 1089 ἀρήσει
2602 1024 2701 1076 καὶ
2741 1024 2883 1095 ὑμῖν
2920 1029 2952 1080 ό
2995 1030 3197 1096 Πατὴρ
3243 1030 3412 1098 ὑμῶν
3462 1034 3496 1085 ὀ
3543 1033 3715 1101 οὐρά-

2134 1132 2280 1182 νιος.

2207 1205 2439 1260 Δύναται
2474 1208 2566 1261 καὶ
2593 1210 2619 1261 ὁ
2656 1209 2862 1279 Ἰησοῦς
2888 1214 2964 1279 ὡς
2996 1215 3129 1280 Θεδς
3157 1217 3374 1286 ἀφιέναι
3419 1220 3713 1289 ἁμαρτίας,

2138 1292 2249 1345 ἀλλ’
2276 1294 2352 1358 ὡς
2401 1294 2480 1348 ἔτι
2534 1297 2750 1353 ἀτελέσι
2800 1303 2912 1364 τοῖς
2955 1303 3247 1374 μαθηταῖς,
3278 1304 3432 1360 οὔπω
3462 1308 3555 1361 τὸν
3588 1310 3714 1379 περὶ

2128 1382 2231 1452 τῆς
2263 1383 2398 1444 ἰδίας
2423 1384 2675 1457 Θεότητος
2710 1390 2995 1459 παρέδωκε
3028 1392 3202 1460 λόγον.

2205 1474 2415 1541 Οὐδεὶς
2436 1475 2685 1532 δύναται
2717 1479 2862 1534 δυσὶ
2894 1483 3126 1550 κυρίοις
3154 1485 3469 1542 δουλεύειν
3489 1506 3502 1521 ·
3536 1490 3575 1555 ἢ
3604 1490 3711 1559 γὰρ

2129 1564 2238 1617 τὸν
2271 1566 2382 1621 ἕνα
2417 1569 2690 1637 μισήσει,
2736 1574 2834 1626 καί
2887 1574 2994 1627 τὸν
3040 1576 3246 1644 ἕτερον
3283 1580 3624 1649 ἀγαπήσει·
3670 1582 3708 1650 ἢ

2130 1652 2268 1719 ἐνὸς
2302 1655 2631 1723 ἀνθέξεται,
2674 1661 2772 1712 καὶ
2810 1661 2915 1715 τοῦ
2950 1663 3158 1730 ἐτέρου
3192 1668 3657 1736 καταφρονήσει.

2060 1753 2102 1807 Β
2201 1747 2312 1799 Καὶ
2363 1748 2551 1811 ἁπλῶς
2603 1752 2890 1814 εἰπεῖν,οὐ
2937 1753 3162 1809 δύναταί
3201 1775 3286 1821 τις
3343 1759 3418 1830 μὴ
3473 1762 3712 1831 χωρίσας

2135 1836 2325 1889 ἑαυτὸν
2356 1840 2452 1909 τῆς
2479 1839 2586 1892 τῶν
2620 1841 2820 1894 ὑλικῶν
2853 1846 3249 1914 προσπαθείας,
3282 1849 3406 1903 οὔτε
3437 1852 3528 1902 τὸν
3556 1852 3710 1913 Θεὸν,

2131 1924 2255 1979 οὔτε
2306 1927 2397 1982 τὸν
2440 1931 2670 2001 πλησίον
2718 1933 3003 2005 ἀγαπῆσαι
3054 1940 3563 2010 γνησίως.Ἀγαθὸς
3616 1946 3713 2013 μὲν

2132 2021 2407 2095 δεσπότης
2450 2027 2477 2078 6
2521 2027 2899 2097 ἀφιλάργυρος
2932 2032 3151 2101 τρόπος,
3190 2035 3393 2102 φαῦλος
3418 2036 3473 2088 δὲ
3508 2039 3537 2090 6
3571 2036 3710 2108 ὲρῶν

2130 2113 2452 2182 χρημάτων,
2478 2115 2559 2168 διὸ
2604 2118 2682 2188 τῷ
2730 2121 2810 2173 ἑνὶ
2856 2120 3202 2190 προσθετέον.
3235 2125 3308 2176 Οὐ
3344 2123 3453 2194 γὰρ
3483 2125 3709 2178 δυνατὸν

2128 2208 2241 2269 τοῖς
2266 2207 2417 2262 δυσὶν
2442 2209 2639 2280 ἀρέσαι
2669 2213 2925 2283 διαφόρου
2953 2216 3047 2267 καὶ
3074 2218 3316 2271 ἐναντίου
3341 2216 3490 2274 οὖσιν
3514 2219 3702 2284 ἕξεως.

2201 2387 2303 2440 Διὰ
2336 2390 2511 2444 τοῦτο
2552 2393 2709 2462 λέγω
2749 2398 2911 2465 ὑμῖν,
2959 2399 3044 2467 μὴ
3085 2400 3403 2469 μεριμνᾶτε
3434 2402 3510 2472 τῇ
3537 2403 3711 2472 ψυχῆ

2128 2474 2314 2543 ὑμῶν,
2347 2479 2405 2531 τί
2436 2480 2692 2549 φάγητε,
2730 2486 2825 2538 καὶ
2858 2488 2914 2540 τι
2942 2490 3134 2557 πίητε,
3168 2491 3325 2560 μηδὲ
3361 2491 3441 2558 τῷ
3480 2493 3710 2563 σώματι

2128 2568 2296 2639 ὑμῶν
2328 2572 2384 2624 τί
2410 2573 2774 2642 ἐνδύσησθε.

2211 2661 2275 2713 Ἦ
2307 2660 2451 2731 ψυχὴ
2480 2666 2578 2733 τῆς
2604 2664 2696 2717 τοῦ
2727 2665 2979 2737 σώματος
3000 2669 3188 2732 οὐσίας
3209 2671 3512 2743 τιμιωτέρα
3538 2675 3705 2740 ἐστὶν,

2127 2752 2203 2814 ὡς
2237 2753 2400 2807 εἰκὼν
2442 2754 2577 2808 Θεοῦ
2622 2759 2714 2811 καὶ
2744 2760 3048 2832 ἐμφύσημα
3070 2778 3082 2791 ·
3115 2764 3175 2815 τὸ
3205 2764 3261 2817 δὲ
3293 2764 3448 2833 σῶμα
3474 2766 3708 2836 ὄργανόν

2128 2842 2277 2895 ἐστιν
2323 2845 2491 2914 αὐτῆς
2540 2847 2633 2899 καὶ
2689 2850 2948 2920 συνεργὸν
2996 2852 3131 2920 πρὸς
3160 2852 3227 2905 τὰ
3261 2854 3545 2910 κάλλιστα.
3584 2858 3704 2928 Χρὴ

2128 2928 2221 2986 οὖν
2271 2935 2419 3003 ἡμᾶς
2468 2937 2796 3007 ἀμφοτέρων
2845 2942 3173 3010 φροντίζειν,
3208 2945 3302 2997 τοῦ
3346 2964 3407 2999 τε
3454 2945 3706 3015 σώματος

2128 3023 2244 3092 ἅμα
2280 3026 2372 3078 καὶ
2414 3027 2516 3095 τῆς
2546 3029 2725 3099 ψυχῆς
2746 3049 2758 3062 ·
2793 3033 2887 3085 καὶ
2918 3033 3011 3085 τοῦ
3048 3035 3146 3104 μὲν
3184 3036 3436 3107 σώματος
3467 3040 3561 3092 ἐπὶ
3591 3057 3705 3093 τοσ-

2051 3099 2093 3156 C
2126 3115 2280 3167 οὗτον
2327 3118 2411 3186 ἐφ’
2445 3119 2567 3172 ὅσον
2617 3122 2796 3175 ἱκανὸν
2828 3124 3010 3193 αὐτῷ,
3044 3099 3139 3179 παὶ
3190 3099 3278 3197 μὴ.
3320 3130 3705 3198 ἐμποδίζεσθαι

2126 3206 2223 3276 τὴν
2271 3208 2483 3278 ψυχήν·
2524 3211 2658 3282 αὐτῇ
2705 3212 2762 3265 δὲ
2795 3213 2973 3268 δοτέον
3017 3217 3102 3270 ἀεὶ
3135 3220 3204 3272 τὰ
3236 3222 3410 3273 οἰκεῖα
3459 3223 3551 3275 καὶ
3591 3226 3706 3277 ἑπι-

2130 3297 2387 3367 μελητέον
2422 3301 2719 3365 παντοίως·
2756 3305 2849 3357 καὶ
2895 3306 3156 3361 ἀνακτέον
3207 3310 3296 3364 διὰ
3340 3312 3449 3366 τῶν
3493 3314 3705 3385 ἀρετῶν

2127 3387 2262 3458 πρὸς
2294 3388 2391 3459 τὴν
2424 3391 2602 3444 αἰτίαν
2641 3394 2810 3465 αὐτῆς
2844 3396 2944 3463 τὴν
2970 3398 3391 3473 δημιουργικὴν.

2194 3479 2290 3546 Μὴ
2318 3479 2431 3535 οὖν
2457 3484 2882 3553 μεριμνήσητε,
2905 3488 3189 3558 λέγοντες
3206 3511 3221 3525 ·
3256 3496 3317 3548 Τί
3338 3497 3637 3567 φάγωμεν,
3664 3499 3700 3566 ἢ

2122 3570 2183 3622 τί
2207 3571 2451 3641 πίωμέν,
2476 3573 2512 3642 ἢ
2543 3577 2601 3629 τί
2624 3579 3101 3650 περιϐαλώμεθας

2193 3756 2321 3820 Τοῖς
2353 3757 2419 3811 τὰ
2444 3758 2544 3829 τῆς
2572 3759 2750 3831 ψυχῆς
2788 3760 3010 3832 ζητοῦσι
3047 3766 3260 3823 δίδωσιν
3288 3774 3315 3825 ό
3356 3772 3486 3837 Θεὸς
3515 3775 3700 3829 καὶτὰ

2123 3850 2232 3912 τοῖς
2278 3848 2526 3918 σώμασιν
2554 3852 2858 3923 ἐπιτήδεια·
2903 3857 2987 3909 ἵνα
3024 3858 3096 3928 μὴ
3134 3861 3507 3929 φροντίζοντες
3541 3867 3700 3937 ἡμεῖς

2124 3938 2264 4008 ὑπὲρ
2296 3939 2404 3994 τῶν
2432 3942 2689 3997 τοιοῦτων
2729 3945 2889 3999 πλέον
2915 3947 3009 4001 τοῦ
3036 3949 3267 4015 δέοντος,
3306 3953 3701 4027 ὲμποδισθησόο

2126 4031 2266 4101 μεθα
2297 4034 2433 4105 πρὸς
2472 4036 2540 4089 τὰ
2566 4037 2854 4093 κάλλιστα.

2201 4208 2302 4261 Ἐν
2328 4206 2373 4282 ᾦ
2399 4210 2509 4278 γὰρ
2537 4213 2770 4281 κρίματι
2801 4216 3050 4283 κρίνετε,
3078 4220 3439 4288 κριθήσεσθε
3458 4239 3472 4255 ·
3504 4223 3604 4279 καί
3632 4228 3700 4279 ἄν

443 4259 646 4326 bimini,
678 4273 725 4316 et
756 4266 810 4319 in
836 4283 939 4338 qua
975 4288 1221 4328 mensura
1252 4278 1415 4331 mensi
1446 4278 1682 4348 fueritis,
1721 4288 2021 4340 remetiatur

443 4352 582 4383 smlu'.

2405 4259 2417 4278 ,
2440 4259 2501 4277 τ
2537 4259 2770 4281 αντη,
2801 4259 2833 4267 ,ν
2876 4259 3050 4280 ηπ...
3079 4259 3111 4270 η
3156 4259 3360 4288 μημιον
3375 4259 3437 4277 υο

2142 4296 2167 4362 β
2192 4259 2385 4368 μέτρᾷ
2407 4302 2691 4370 μετρεῖτε,
2729 4259 3298 4379 ἁντῖμετρηθήθσεται
3320 4314 3480 4383 ὑμῖν.

442 4352 600 4405 vobis.

515 4442 618 4511 Qui
654 4448 720 4502 ad
756 4450 1069 4523 religionem
1119 4459 1352 4515 instituti
1386 4472 1529 4529 sunt,
1560 4464 1697 4518 bona
1730 4469 2015 4535 prudentia

2194 4474 2256 4526 Ol
2286 4475 2421 4547 πρὸς
2468 4476 2753 4531 εὐλάϐειαν
2785 4482 3291 4555 παιδαγωγοῦμενοι
3335 4489 3429 4543 τὸν
3466 4488 3526 4555 ἐξ
3556 4491 3695 4559 ἀγαο

441 4534 651 4593 frenum
680 4541 929 4612 injiciunt
958 4549 1176 4618 lingute,
1207 4562 1265 4606 ut
1289 4554 1379 4607 illa
1412 4556 1584 4609 solum
1620 4534 1765 4627 loqui
1800 4576 2015 4618 assues-

2330 4534 2340 4547 .
2401 4534 2416 4539 ν
3347 4534 3422 4543 -ν-
3466 4534 3526 4555 ν,
3556 4534 3665 4559 ..ι-

2142 4565 2219 4634 ’ἧς
2247 4568 2559 4638 φρονήσεως
2587 4570 2799 4639 χαλινὸν
2817 4574 3218 4649 ἐπιφέρουσιτῇ
3241 4579 3485 4653 γλώσσῃ,
3514 4585 3696 4637 ἐκεῖνα

442 4638 589 4694 cant,
610 4636 952 4700 quaenullum
977 4640 1205 4697 aderant
1235 4656 1651 4713 nocumentum;
1691 4649 1792 4705 huc
1816 4652 2015 4708 docens

2142 4658 2261 4710 ιόνα
2291 4636 2470 4713 λαλεῖν
2497 4636 2902 4732 ἐπιτρέποντες,
2924 4636 3029 4720 δσα
3052 4669 3109 4721 τὸ
3133 4636 3324 4739 βλιίιέοι,
3347 4636 3500 4727 οὐδέν
3524 4679 3695 4729 ποιεῖ·

440 4732 541 4773 nos
580 4723 885 4789 sapientum
936 4729 1131 4798 aliquis
1177 4732 1353 4785 dixit:
1393 4752 1411 4784 ι
1448 4733 1578 4801 Fili,
1623 4739 1889 4808 siquidem
1930 4754 2014 4800 est

2142 4746 2278 4800 τοῦτο
2303 4747 2568 4805 διδάσκων
2598 4723 2680 4815 τις
2706 4723 2981 4824 ἡμᾶςῠτῶν
3014 4723 3405 4832 σοφωνέλεῖγε·
3439 4766 3693 4830 (Τέκνον,

440 4811 536 4865 tibi
565 4829 745 4871 sermo
775 4819 1099 4888 intellectus,
1121 4826 1416 4893 responde;
1443 4829 1525 4883 sin
1555 4838 1758 4897 autem,
1790 4835 1862 4888 sit
1894 4852 2012 4891 ma-

440 4917 544 4958 nus
582 4916 671 4960 tua
705 4923 870 4978 super
894 4926 956 4966 os
995 4923 1167 4979 tuum,
1197 4930 1343 4971 mors
1371 4919 1512 4973 cnim
1536 4929 1590 4973 et
1622 4922 1724 4975 vita
1764 4925 1816 4977 in
1848 4941 2011 4981 manu

437 4993 715 5066 liugum';
752 5019 773 5054 ι
814 5003 863 5056 id
881 5005 1051 5067 est,in
1085 5015 1391 5073 potestate;
1434 5028 1452 5062 ι
1481 5012 1575 5081 qui
1602 5028 1729 5068 vero
1772 5026 2011 5084 potesta-

438 5094 547 5141 tem
569 5088 767 5146 habent
798 5092 961 5158 illius,
992 5096 1155 5150 edent
1203 5098 1410 5154 fructus
1442 5102 1604 5156 illius.
1650 5123 1670 5156 ι
1707 5105 1842 5170 Quia
1883 5122 2012 5165 vero

436 5175 632 5247 lingua:
662 5190 982 5248 potestatem
1014 5186 1211 5242 habere
1237 5206 1339 5243 non
1361 5193 1493 5246 adeo
1524 5192 1681 5249 facile
1710 5205 1813 5263 est,
1847 5214 2008 5269 supe-

439 5267 548 5323 rius
569 5272 731 5325 etiam
756 5273 856 5327 hoc
875 5290 973 5330 nos
993 5280 1266 5346 postulare
1290 5280 1575 5338 Psalmista
1601 5287 1755 5342 docet
1776 5267 1963 5347 dicens
1987 5310 2001 5346 :

449 5378 467 5409 ι
496 5358 661 5426 Pone,
686 5364 934 5430 Domine,
961 5371 1261 5426 custodiam
1303 5377 1383 5428 ori
1412 5392 1533 5431 meo
1552 5376 1572 5408 ’
1597 5392 1612 5443 ;
1640 5396 1656 5430 ι
1682 5396 1747 5434 ne
1773 5381 2003 5437 invicem

439 5449 684 5507 videlicet
712 5454 1090 5529 obloquamur,
1134 5479 1310 5533 neque
1344 5466 1540 5525 fratres
1568 5481 2001 5527 contemnamus.

432 5544 536 5611 Qui
586 5546 732 5601 enim
774 5550 1045 5609 intellectu
1100 5558 1322 5628 regitur,
1359 5577 1463 5617 non
1508 5563 1734 5620 aliorum
1783 5576 2004 5635 peccata

514 5720 533 5749 ⁸
565 5725 708 5784 Ercli
772 5746 819 5801 ι’,
856 5731 947 5794 ll;
984 5733 1116 5791 l‘tov
1181 5753 1327 5798 xm),
1365 5739 1448 5793 '21.
1528 5741 1701 5795 °l‘sal.
1732 5746 1927 5811 cx1.,3.

2118 4839 2167 4889 εί
2199 4839 2295 4909 μὲν
2327 4840 2442 4893 ἐστι
2465 4859 2546 4895 σοι
2576 4844 2731 4912 λόγος
2758 4848 3043 4913 συνέσεως,
3070 4852 3418 4924 ἀποκρίθητι,
3444 4858 3492 4909 εί
3514 4858 3572 4911 δὲ
3595 4860 3692 4930 μὴ,

2119 4928 2241 4997 χεὶρ
2270 4927 2410 4982 ἔστω
2436 4932 2527 4984 ἐπὶ
2559 4935 2786 5003 στόματί
2814 4955 2905 4991 σου
2926 4956 2939 4969 ’
2977 4939 3204 5006 θάνατος
3228 4944 3336 5015 γὰρ
3363 4948 3456 4999 καὶ
3490 4927 3604 5020 ζωὴ
3638 4927 3694 5002 ὲν

2118 5020 2264 5089 χειρὶ
2309 5020 2592 5092 γλώσσης·
2629 5044 2646 5077 ι
2686 5028 2965 5083 τουτέστιν
2996 5032 3054 5084 ὲν
3079 5034 3318 5104 ἐξουσίᾳ·
3364 5038 3413 5089 οἱ
3448 5038 3505 5091 δὲ
3553 5056 3687 5109 κρα-

2119 5110 2520 5182 τοῦντεςαὺτῆς
2543 5115 2747 5170 ἔδονται
2766 5120 2890 5181 τοὺς
2910 5124 3157 5190 καρποὺς
3178 5125 3369 5195 αὐτῆς.
3400 5145 3417 5177 s
3454 5128 3608 5181 Ἐπεὶ
3635 5129 3689 5182 δι

2112 5203 2174 5256 τὸ
2203 5202 2453 5274 γλώσσης
2487 5206 2759 5276 κρατῆσαι
2785 5208 2846 5260 οὐ
2872 5211 3075 5281 σφόδρα
3106 5215 3251 5266 ἐστὶν
3280 5215 3523 5287 εὐχερὲς,
3550 5219 3695 5273 ἀνωι-

2111 5290 2203 5344 θεν
2233 5293 2324 5345 καὶ
2351 5290 2510 5345 τοῦτο
2542 5296 2690 5364 ἡμᾶς
2719 5297 2889 5349 αἰτεῖν
2916 5300 2943 5351 6
2970 5300 3278 5371 Ψαλμῳδὸς
3320 5303 3561 5359 διδάσκει
3606 5307 3691 5359 λέ-

2110 5400 2221 5453 γων
2244 5399 2257 5417 ·
2314 5403 2332 5436 ι
2361 5384 2487 5451 Boii,
2534 5387 2726 5458 Κύριε,
2757 5390 3002 5461 φυλακὴν
3027 5391 3104 5463 τῷ
3136 5392 3365 5464 στόματί
3400 5414 3521 5463 μου,
3559 5416 3577 5448 s
3616 5400 3686 5468 μὴ

2108 5477 2497 5549 καταλαλῶμεν
2519 5480 2805 5551 τοιγαροῦν
2828 5482 3091 5553 ἀλλήλων,
3117 5485 3249 5557 μηδὲ
3270 5489 3685 5559 κατακρίνωμεν

2107 5570 2230 5634 τοὺς
2254 5570 2532 5639 ἀδελφούς.
2550 5572 2608 5625 Ὀ
2637 5572 2736 5644 μὲν
2764 5573 2869 5645 γὰρ
2897 5575 3107 5628 συνέσει
3134 5576 3565 5649 κυδερνὼμενος,
3590 5580 3683 5632 οὐκ
