3946 6316
255 318 363 373 385

1423 314 1778 371 COSIMENT.
1818 316 1884 371 IN
1923 318 2359 375 ΜΑΤΤΠᾹΞΠΜ.

3407 324 3511 382 388

254 437 337 495 είς
384 431 485 492 τὰς
525 431 727 500 ιτὲρων
762 430 1037 501 ἁμαρτίας
1070 430 1192 501 ὁρᾷ,
1240 429 1373 483 ἀλλά
1406 433 1517 494 τοῖς
1573 432 1723 495 Ιδίοις
1756 433 1844 485 ἑν-

1956 433 2189 503 respicit,
2221 433 2313 489 sed
2346 433 2459 489 suis
2489 434 2847 505 ingemiscens
2880 436 3053 500 malis,
3088 438 3256 493 bonas
3300 451 3397 506 pro
3432 441 3514 493 eis

255 522 521 586 ατενίζων
572 526 786 586 κακοῖς,
811 522 975 575 καλὸν
1014 524 1129 593 μετ’
1166 522 1349 585 αὐτοῖς
1398 524 1731 594 καταστήσει
1779 524 1839 576 τὸ

252 616 511 686 δάκρυον,
545 615 631 667 ἵνα
663 615 955 685 κομίσηται
1004 613 1101 684 τὴν
1119 615 1313 682 ἄφεσιν
1330 615 1480 687 παρὰ
1500 615 1652 669 Θεοῦ.
1674 616 1841 687 ’Δμή-

255 723 420 775 χανον
451 706 561 775 γὰρ
594 705 755 769 ὄντας
783 703 1126 774 ἀνθρώπους.
1150 706 1244 759 καὶ⁸
1269 705 1442 770 οὕτως
1466 705 1731 769 ἀσθενεῖς,
1763 706 1838 778 μὴ

257 797 477 860 πάντως
513 797 718 864 ὀλίγοις
759 798 1110 864 περιπίπτειν
1146 798 1483 866 ἀτοπήμασι.
1515 797 1586 849 Τὸ
1609 797 1666 849 δὲ
1704 798 1839 867 μηδ’

255 888 395 949 ὅλως
422 889 759 957 περιπεσεῖν,
791 888 937 957 μόνῳ
963 886 1219 957 πρόσεστι
1252 886 1391 939 κατά
1416 886 1575 955 φύσιν
1600 885 1677 955 τῷ
1700 886 1836 957 Θεῷ.

265 978 449 1046 ἠμᾶς
488 978 545 1030 δὲ
590 979 888 1045 ἀναγκαῖον
934 978 1061 1040 τοὺς
1107 978 1266 1039 ὄντας
1310 977 1368 1029 ὲν
1407 977 1726 1048 ἁμαρτίαις,
1765 977 1840 1048 μὴ

256 1070 374 1131 τοῖς
416 1068 716 1139 ἀλλοτρίοις
766 1068 1059 1139 ἐφήδεσθαι
1106 1070 1312 1131 κακοῖς,
1342 1068 1477 1121 ἀλλά
1512 1069 1838 1137 φροντίζειν,

257 1160 410 1221 ὅπως
436 1158 501 1211 ἂν
533 1159 688 1212 αὐτοὶ
712 1159 823 1212 τῶν
856 1157 1077 1227 φαύλων
1108 1158 1213 1223 ἔξω
1244 1157 1550 1227 γενώμεθα.

343 1269 682 1337 ’Υποκριτὰ,
711 1270 928 1322 ἔκϐαλε
967 1265 1200 1334 πρῶτον
1243 1266 1359 1334 τὴν
1398 1266 1585 1320 δοκὸν
1621 1266 1690 1319 ἐκ
1734 1266 1841 1320 τοῦ

256 1356 573 1425 ὀφθαλμοῦ
613 1372 751 1420 σου,
789 1356 885 1409 καὶ
926 1357 1060 1408 τότε
1091 1354 1439 1423 διαϐλέψεις
1468 1355 1747 1409 ἐκϐαλεῖν
1774 1357 1842 1409 τὸ

257 1447 494 1517 κάρφος
527 1448 594 1500 ἐκ
623 1446 730 1500 τοῦ
759 1446 1070 1516 ὀφθαλμοῦ
1108 1446 1214 1499 τοῦ
1246 1445 1513 1515 ἀδελφοῦ
1544 1462 1680 1501 σου.

339 1541 614 1595 «Ἔκϐαλε
640 1541 855 1611 πρῶτον
875 1542 973 1610 τὴν
1000 1540 1156 1593 δοκὸν
1177 1542 1238 1592 ὲκ
1263 1539 1356 1591 τοῦ
1380 1540 1660 1610 ὀφθαλμοῦ
1690 1557 1835 1605 σου,ι

259 1634 508 1688 τουτέστι
555 1633 753 1687 σαυτὸν
812 1632 1079 1697 ἐπίδειξον
1148 1632 1387 1703 καθαρὸν
1438 1632 1543 1685 τῶν
1592 1633 1843 1703 μεγάλων

260 1724 699 1797 ἁμαρτημάτων,
732 1726 825 1777 καὶ
854 1727 973 1777 τότε
1003 1724 1303 1794 σύμϐουλος
1329 1724 1427 1797 ἔσῃ
1474 1724 1552 1793 τῷ
1597 1725 1841 1778 πταίοντι

1945 524 2214 595 lacrymas
2268 524 2443 580 fundit
2485 535 2540 579 ut
2589 527 2831 581 obtineat
2874 543 2904 581 ιι
2951 526 3061 582 Deo
3107 529 3509 584 remissionem.

1942 613 2084 668 Fieri
2110 616 2253 669 enim
2297 632 2401 670 non
2434 627 2633 685 potest,
2676 634 2797 673 cum
2829 618 3080 674 homines
3119 621 3310 685 simus,
3352 620 3515 676 adeo.

1942 720 2048 774 que
2083 706 2303 774 inﬁrmi,
2336 718 2392 761 ut
2429 708 2478 762 in
2513 724 2707 777 parvos
2750 724 2963 765 errores
3007 726 3110 764 non
3150 711 3510 765 incurramus.

1942 795 2109 851 Planc
2148 806 2325 851 autem
2369 814 2479 853 non
2510 815 2731 867 errare,
2771 801 2879 856 Deo
2919 803 3217 857 secundum
3264 812 3513 858 naturam

1941 886 2124 951 adest;
2165 903 2261 943 nos
2283 903 2410 942 vero
2439 891 2490 943 in
2524 893 2761 959 peccatis
2790 895 3133 960 exsistcntes,
3179 895 3371 949 alienis
3406 911 3511 948 non

1942 979 2304 1033 enndelectari
2357 980 2513 1032 malis
2557 994 2777 1035 necesse
2811 989 2930 1043 est,
2971 982 3072 1051 17
3118 982 3211 1036 sed
3256 983 3515 1036 sollicitos

1942 1084 2065 1124 €598
2103 1080 2161 1123 υῑ
2192 1085 2416 1125 numero
2452 1086 2737 1139 pravorum
2768 1086 2871 1126 non
2898 1088 3300 1126 accenseamur.

2014 1269 2124 1336 νη,
2158 1269 2209 1323 5.
2248 1268 2536 1339 llypocrita
2561 1312 2573 1333 ,
2615 1270 2742 1343 ejice
2768 1272 2999 1340 primum
3042 1271 3242 1325 trabem
3272 1272 3334 1326 de
3364 1273 3514 1325 oculo

1943 1375 2051 1428 tuo,
2094 1372 2142 1416 et
2182 1374 2305 1415 tunc
2348 1363 2541 1417 videbis
2576 1363 2765 1430 ejicere
2800 1363 3052 1431 festucam
3100 1364 3163 1418 de
3201 1363 3351 1417 oculo
3397 1364 3513 1430 [ra-

1944 1456 2043 1507 tria
2080 1455 2174 1507 tui.

2020 1563 2037 1595 ι
2060 1544 2203 1610 Ejice
2220 1545 2372 1615 prius
2398 1543 2602 1598 trabem
2632 1559 2693 1597 ex
2715 1545 2869 1599 oculo
2894 1553 3002 1610 tuo,
3031 1564 3048 1594 ι
3080 1544 3129 1597 id
3156 1554 3257 1608 est,
3282 1546 3514 1613 teipsum

1946 1636 2201 1689 mundum
2240 1637 2437 1689 exhibe
2467 1651 2494 1689 a
2536 1636 2878 1704 gravioribus
2916 1638 3174 1705 peccatis,
3208 1652 3270 1691 ac
3306 1646 3430 1691 tunc
3462 1641 3515 1691 in

1948 1727 2151 1780 minora
2194 1728 2451 1781 incidenti
2499 1728 2770 1783 consules.
2813 1727 2909 1781 Sin
2941 1739 3120 1782 autem
3156 1730 3358 1782 trabem
3408 1744 3516 1783 non

265 1783 585 1889 p.txp.6v:.Ei
614 1817 658 1869 δ’
687 1783 792 1870 οὐκ
820 1783 1103 1878 ἐκϐάλλεις
1142 1815 1241 1885 τὴν
1274 1783 1449 1878 δοκὸν,
1486 1783 1837 1886 κατακρίνεις

1956 1816 2118 1885 ajicis,
2150 1819 2478 1872 condemnas
2524 1833 2650 1872 vero
2678 1816 2937 1872 festucam
2980 1819 3290 1886 habentem,
3324 1820 3519 1874 merito

260 1909 318 1963 ἃ
343 1909 436 1963 τὸν
466 1908 658 1979 ἔχοντα
686 1908 747 1960 τὸ
770 1908 1001 1977 κάρφος,
1034 1906 1273 1974 εὐλόγως
1298 1906 1508 1977 ἀκούσῃ
1529 1908 1588 1959 τὸ
1612 1908 1846 1959 ἀποστο-

262 2001 413 2053 ὶικόν
437 2016 450 2029 °
488 2019 504 2051 ι
529 2001 585 2052 ’0
612 1999 785 2067 λέγων
837 1998 909 2067 μὴ
958 1998 1251 2067 μοιχεύειν,
1290 1995 1584 2066 μοιχεύειςο
1616 1999 1643 2049 ὁ
1670 1995 1845 2063 λέγων

265 2092 340 2161 μὴ
386 2091 660 2155 κλέπτειν,
708 2090 981 2153 κλέπτεις.
1019 2110 1037 2137 ι
1090 2089 1298 2142 Οὐκοῦν
1331 2088 1508 2160 ἑαυτῷ
1547 2089 1646 2157 μὲν
1692 2089 1844 2141 ἔσται

262 2180 585 2242 διδάσκαλος
639 2179 822 2248 σοφὸς,
852 2179 1042 2250 ⁹ιέτερον
1092 2179 1149 2232 δὲ
1198 2180 1258 2231 ού
1305 2182 1645 2247 κατακρινεῖ.
1674 2180 1846 2232 τοῦτο

263 2274 370 2343 γὰρ
404 2271 498 2324 καὶ
534 2272 563 2323 ὁ
589 2270 753 2340 νόμος
780 2272 808 2322 ὁ
834 2270 919 2323 διὰ
952 2270 1198 2333 Μωσέως
1231 2270 1598 2340 παραγγέλλει
1634 2271 1807 2338 λέγων
1829 2287 1841 2299 ·

269 2380 292 2414 ι
321 2361 562 2433 Πρόσεχε
593 2360 820 2431 σεαυτῷ,
855 2380 872 2411 ι
906 2362 1091 2430 φησιν,
1122 2362 1221 2431 οὐχ
1264 2363 1455 2433 ἑτέρῳ.
1478 2363 1550 2415 Τὸ
1576 2364 1631 2415 δὲ
1658 2364 1847 2431 πρόσ-

266 2470 391 2524 εχε,
420 2454 543 2507 ἀντὶ
567 2453 660 2505 τοῦ
708 2453 1069 2524 Παραὸλέπου
1118 2453 1185 2505 τά
1219 2455 1359 2506 κατά
1418 2455 1612 2508 σαυτόν
1645 2472 1658 2486 ο
1690 2458 1717 2507 ὁ
1747 2455 1847 2526 μὲν

262 2546 329 2617 δὴ
364 2545 605 2608 συνετὸς,
640 2543 811 2606 οὕτως
846 2544 1035 2597 ἑαυτὸν
1081 2545 1511 2615 παιδαγωγήσει,
1543 2546 1643 2598 οὐκ
1671 2548 1748 2609 εἰς
1776 2546 1845 2599 τὰ

262 2636 471 2708 ἐτέρων
504 2635 826 2689 ἀποϐλέπων
856 2636 1192 2705 πταίσματα,
1222 2636 1358 2689 ἀλλά
1382 2636 1450 2689 τά
1479 2638 1651 2689 οξκεῖα
1686 2654 1846 2707 περι·-

262 2727 656 2797 εργαζόμενος,
708 2727 801 2778 καὶ
845 2726 985 2793 ὑπὲρ
1034 2724 1213 2777 αὐτῶν
1248 2724 1668 2794 μεταγινώσκων
1704 2724 1842 2794 Θεῷ.

266 2819 389 2871 Etsi
433 2818 492 2871 δέ
525 2834 690 2881 τινες,
723 2816 771 2868 οἳ
801 2815 869 2868 τὰ
905 2817 1003 2885 μὲν
1034 2816 1244 2867 ἑαυτῶν
1280 2815 1377 2884 οὐχ
1405 2814 1602 2885 ὁρῶσιν
1628 2813 1846 2884 ὀλισθή-

268 2924 436 2977 ματα,
470 2908 562 2960 ἐπὶ
593 2906 648 2958 δὲ
676 2907 785 2967 τοῖς
831 2906 1033 2975 ἑτέρων
1064 2906 1453 2975 προσ-κόμμασι
1486 2903 1683 2971 γελῶσι
1713 2903 1848 2955 πλα-

264 2999 330 3051 τύ
351 3016 364 3029 ο
396 3000 446 3051 οἱ
477 2999 648 3069 χαμαὶ
676 2998 919 3067 κείμενοι
954 2997 1078 3059 τοὺς
1105 2995 1345 3058 ἑστῶτας
1377 2995 1845 3065 ὲπιχλευάζουσιν,

263 3089 316 3140 οἱ
345 3089 455 3141 ἀπὸ
488 3087 664 3140 ποδῶν
708 3088 812 3149 ἕως
843 3087 1084 3156 κεφαλῆς
1122 3085 1365 3156 βορϐόρῳ
1408 3087 1843 3157 κατεχρισμένοι,

1946 1910 2131 1963 audies
2166 1910 2294 1963 illud
2320 1909 2557 1977 Apostoli
2590 1925 2603 1962 :
2647 1929 2665 1961 ι
2694 1909 2794 1976 Qui
2827 1910 2963 1963 dicis
2992 1926 3095 1963 non
3134 1911 3517 1963 moeehandum

1945 1998 2258 2062 mteeharis,
2308 2007 2363 2051 et
2408 1999 2500 2066 qui
2552 2000 2811 2066 praedicas
2866 2014 2973 2052 non
3022 1997 3311 2053 furandum
3367 1997 3518 2052 iura-

1946 2090 2021 2146 ris
2049 2091 2113 2145 '°.
2164 2109 2182 2141 ι
2234 2088 2402 2159 Igitur
2435 2090 2652 2159 sapiens
2690 2090 2788 2144 sibi
2840 2090 2937 2159 ipsi
2990 2090 3206 2159 quidem
3248 2089 3352 2143 erit
3400 2105 3519 2143 ma-

1946 2182 2135 2251 gister,
2162 2180 2322 2235 alium
2349 2195 2477 2234 vero
2499 2195 2602 2233 non
2629 2180 3029 2234 condemnabit.
3055 2179 3168 2234 Hoc
3191 2180 3332 2234 enim
3354 2179 3517 2234 etiam

1946 2273 2030 2327 lex
2069 2289 2163 2342 per
2198 2272 2397 2327 Mosem
2442 2272 2564 2325 data
2617 2271 2904 2341 praecepit,
2949 2272 3135 2325 dicens
3169 2286 3182 2323 :
3238 2289 3257 2323 ι
3287 2270 3521 2327 Attende

1946 2364 2040 2419 tibi
2070 2364 2189 2433 ipsi,
2228 2381 2246 2414 ι
2276 2363 2449 2432 inquit
2473 2364 2539 2429 ",
2561 2378 2664 2417 non
2699 2364 2851 2417 alteri
2874 2381 2888 2428 ;
2913 2362 3039 2416 illud
3059 2371 3265 2427 autem,
3286 2363 3516 2427 attende,

1946 2457 2066 2511 loco
2090 2456 2233 2510 illius
2253 2457 2488 2526 ponitur,
2521 2455 2751 2523 Respice
2772 2471 2890 2522 qua:
2909 2464 2996 2507 tua
3020 2464 3177 2519 sunt;
3204 2469 3267 2508 ac
3285 2454 3521 2523 prudens

1947 2549 2017 2603 ila
2042 2550 2278 2616 seipsum
2310 2548 2573 2613 instituet,
2602 2562 2706 2599 non
2733 2546 2959 2598 aliorum
2991 2544 3173 2613 lapsus
3202 2544 3519 2612 respiciens,

1946 2642 2038 2694 sed
2064 2639 2293 2708 propriis
2331 2640 2600 2703 intentus,
2631 2652 2694 2690 ac
2717 2638 2783 2691 de
2813 2636 2877 2689 iis
2905 2636 3175 2703 paenitens
3208 2634 3341 2690 Deo.
3379 2632 3521 2689 Sunt

1949 2739 2127 2783 autem
2179 2729 2453 2793 nonnulli,
2494 2729 2585 2798 qui
2628 2744 2757 2782 suos
2806 2728 3020 2796 quidem
3068 2725 3248 2794 lapsus
3287 2740 3393 2781 non
3435 2725 3519 2778 vi-

1950 2823 2096 2885 dent,
2128 2821 2356 2875 aliorum
2391 2836 2518 2874 vero
2551 2820 2931 2889 cespitationes
2965 2818 3133 2873 effuse
3162 2818 3338 2871 rident
3371 2834 3384 2871 :
3426 2818 3520 2887 qui

1949 2928 2069 2966 cum
2096 2913 2241 2966 humi
2268 2913 2501 2981 iaceant,
2532 2912 2781 2966 derident
2809 2920 3015 2966 stantes
3035 2954 3048 2976 ,
3084 2920 3137 2964 et
3175 2925 3203 2963 a
3235 2919 3412 2978 capite
3452 2911 3521 2963 ad

1947 3005 2149 3060 calcem
2183 3004 2289 3074 18
2318 3004 2427 3058 luto
2460 3004 2683 3067 inuncti,
2726 3005 2936 3057 modica
2989 3002 3165 3071 aliqua
3226 3002 3343 3056 labe
3381 3018 3517 3056 con-

1949 3110 2167 3164 spersos
2218 3096 2599 3149 condemnant.
2650 3096 2986 3165 Quandoque
3034 3096 3174 3149 enim
3229 3095 3293 3149 de
3339 3092 3521 3164 aliquo

265 3182 394 3243 τοὺς
444 3180 623 3247 ὀλίγον
674 3178 895 3248 ἔχοντας
947 3178 1115 3248 ῥύπον
1140 3177 1577 3241 καταδικάζουσι.
1614 3178 1845 3245 Λέγουσι

1956 3190 2137 3243 dicere
2191 3188 2411 3243 solent:
2447 3186 2546 3242 Hic
2587 3188 2749 3243 homo
2794 3188 2961 3242 durus
3017 3196 3120 3250 est,
3169 3187 3517 3249 inhumanus.

268 3276 377 3344 γὰρ
411 3274 523 3327 ἔσθ’
551 3275 639 3326 ὅτε
670 3272 797 3342 περί
824 3287 987 3332 τινοςο
1016 3272 1075 3324 '0
1097 3272 1242 3323 δεῖνα
1268 3272 1520 3342 σκληρὸς,
1553 3270 1845 3342 ἀπάνθρω-

269 3382 393 3430 πος,
422 3363 836 3433 αἰσχροκερδὴς,
874 3362 1227 3432 φιλάργυρος,
1256 3363 1424 3432 ὠμὸς,
1458 3364 1551 3416 καὶ
1598 3363 1843 3433 ἀνόητοςο

272 3451 394 3508 εἶτα
419 3453 595 3506 ταῦτα
621 3451 993 3522 περιτιθέντες
1013 3452 1241 3521 ἑτέροις,
1259 3453 1358 3504 οὐκ
1386 3453 1727 3505 αἰσθάνονται
1758 3452 1848 3505 τὸν

273 3544 487 3599 ἑαυτῶν
534 3542 947 3613 ζωγραφοῦντες
987 3543 1389 3613 τρόπον.”οσην
1420 3543 1475 3595 δὲ
1504 3542 1707 3613 ζημίαν
1736 3542 1847 3612 ἔχει

272 3640 335 3693 τὸ
380 3638 730 3707 κατακρίνειν
772 3637 1012 3708 ἐτέρους,
1046 3636 1136 3689 διὰ
1167 3635 1261 3689 τοῦ
1312 3635 1717 3700 ὲξουθενοῦντος
1756 3635 1849 3689 τὸν

276 3732 529 3802 Τελώνην
543 3731 836 3799 Φαρισαίου
870 3729 1488 3800 μεμαθήκαμεν.Ταῦτα
1516 3725 1607 3782 οὖν
1634 3729 1849 3782 ἅπαντα

276 3821 483 3877 ἀνελὼν
532 3820 619 3873 διὰ
665 3820 763 3889 τῆς
798 3819 968 3887 καλῆς
999 3816 1203 3887 ταύτης
1234 3817 1571 3887 νομοθεσίας,
1604 3821 1849 3889 ἐπήγαγε

277 3914 437 3967 πάλιν
467 3912 654 3981 ἓτερον
685 3908 1074 3978 παράγγελμα,
1105 3907 1279 3976 λέγων
1301 3921 1316 3937 ⁸

348 4026 417 4078 El
437 4019 553 4077 οὖν
578 4022 743 4089 ὑμεῖς
766 4018 1015 4086 πονηροὶ
1041 4018 1211 4083 ὄντες
1238 4018 1440 4072 οἴδατε
1460 4018 1683 4087 δόματα
1710 4019 1846 4088 ἀγα·

281 4119 351 4171 θὰ
382 4114 613 4168 διδόναι
656 4114 782 4177 τοῖς
809 4110 1043 4174 τέκνοις
1092 4108 1280 4177 ὑμῶν,
1329 4110 1499 4171 πόσῳ
1545 4108 1788 4177 μᾶλλον
1817 4112 1850 4163 ὁ

284 4208 483 4275 Πατὴρ
520 4204 687 4275 ὑμῶν
712 4207 744 4258 ό
764 4205 834 4257 ἐν
860 4201 985 4267 τοῖς
1010 4200 1286 4269 οὐρανοῖς
1305 4199 1485 4253 δώσει
1510 4200 1702 4269 ἀγαθὰ
1725 4199 1851 4265 τοῖς

282 4299 554 4353 αἰτοῦσιν
573 4296 761 4350 αὐτόν
779 4310 799 4358 ;

350 4391 573 4459 Δόματα
601 4388 678 4457 (1)
711 4384 890 4453 ἀγαθά
918 4385 1074 4437 καλεῖ
1099 4382 1195 4446 τὰς
1221 4382 1594 4453 πνευματικὰς
1620 4381 1847 4453 δωρεάς·

1952 3279 2093 3346 turpi
2150 3278 2300 3332 lucro
2346 3277 2580 3341 deditus,
2632 3278 2890 3342 crudelis,
2947 3292 3146 3332 avarus
3196 3285 3251 3331 et
3307 3290 3517 3332 amens.

1951 3367 2155 3422 Deinde
2194 3370 2308 3424 haec
2356 3370 2473 3423 aliis
2524 3370 2901 3437 imponentes,
2950 3368 3122 3437 ipsam
3162 3382 3279 3422 sese
3310 3382 3517 3422 morum

1951 3472 2170 3512 suorum
2201 3458 2491 3527 imaginem
2516 3459 2801 3526 depingere
2824 3472 2928 3511 non
2957 3456 3517 3523 sentiunl.'Quanlum

1950 3562 2078 3601 vero
2109 3550 2360 3602 damnum
2394 3548 2622 3613 afferat,
2649 3548 2786 3601 alios
2809 3546 3087 3613 judicare,
3118 3560 3183 3599 ex
3223 3544 3521 3599 Publicano

1949 3638 2285 3695 Pharismum
2355 3648 2731 3695 contenmente
2800 3637 3108 3692 didicimus.
3176 3636 3302 3691 Hmc
3358 3637 3523 3705 igitur

1951 3729 2153 3794 omnia,
2185 3745 2307 3783 cum
2340 3745 2436 3799 per
2475 3729 2667 3783 bonam
2714 3728 2854 3781 hanc
2901 3727 3289 3795 legislationem
3339 3733 3522 3779 sustu-

1952 3822 2125 3887 lisset,
2154 3821 2295 3875 aliud
2328 3834 2515 3874 rursus
2546 3818 2786 3887 adjuuxit
2819 3824 3145 3887 praeceptum
3176 3814 3363 3870 dicens
3394 3829 3410 3866 :

2026 4016 2115 4070 Vll
2139 4057 2154 4082 ,
2190 4015 2273 4069 Il.
2308 4014 2370 4070 Si
2401 4031 2521 4082 ergo
2555 4030 2643 4068 vos
2669 4030 2787 4068 cum
2828 4014 2945 4067 sitis
2980 4013 3140 4078 mali,
3184 4013 3348 4067 nostis
3379 4012 3517 4066 bona

1953 4108 2095 4161 dona
2125 4107 2301 4159 liberis
2326 4107 2506 4159 vestris
2538 4106 2669 4160 dare
2688 4147 2703 4171 ,
2732 4115 2927 4175 quanto
2962 4106 3131 4174 magis
3168 4103 3333 4157 Pater
3354 4116 3521 4157 vester

1955 4197 2175 4251 cteleuis
2211 4196 2346 4249 bona
2379 4193 2527 4249 dabit
2554 4195 2859 4264 rogantibus
2887 4196 2985 4251 se?

2028 4380 2171 4435 Bona
2218 4380 2359 4434 dona
2406 4377 2671 4447 appellat,
2717 4375 2981 4445 spiritalia
3027 4392 3275 4434 munera.
3323 4376 3523 4448 Utique

282 4484 307 4534 ό
357 4479 413 4532 δὲ
448 4479 663 4539 Λουκᾶς
713 4476 941 4545 Πνεῦμα
970 4475 1124 4543 ἆγιον
1173 4470 1325 4527 εἶπεν
1371 4473 1494 4527 ἀντὶ
1524 4472 1619 4525 τοῦ
1653 4472 1847 4536 εἰπεῖν,

1956 4469 2131 4526 Lucas
2190 4470 2232 4501 “
2316 4468 2577 4538 Spiritum
2624 4476 2871 4522 sanctum
2924 4467 3062 4520 dixit
3110 4483 3208 4534 pro
3260 4468 3525 4523 vocabulo

283 4572 463 4641 ἀγαθά
482 4585 495 4600 ·
533 4569 628 4621 καὶ
652 4567 804 4620 οὐδὲν
838 4568 901 4619 τὸ
930 4566 1189 4636 διάφορον
1209 4582 1222 4594 ·
1264 4565 1324 4617 τὸ
1360 4565 1467 4635 γὰρ
1498 4563 1651 4632 ἅγιον
1679 4561 1851 4617 Πνεῦ-

285 4681 382 4733 μα,
408 4659 541 4714 αὑτό
569 4663 683 4713 ἐστι
705 4659 765 4712 τὸ
790 4658 951 4726 φύσει
983 4657 1188 4725 ἀγαθόν
1212 4671 1225 4685 ·
1253 4657 1333 4710 διὸ
1356 4656 1581 4719 καὶτοῖς
1607 4655 1856 4725 μετόχοις

283 4754 448 4809 αὐτοῦ
472 4754 686 4807 δίδωσιν
718 4750 901 4820 ἀγαθά
920 4766 935 4781 ο
967 4750 1083 4811 τοῖς
1114 4747 1170 4800 δὲ
1200 4747 1341 4815 ἄγαν
1376 4750 1652 4817 πονηροῖς,
1671 4746 1761 4799 διὰ
1791 4746 1852 4799 τὸ

282 4844 576 4906 ἀνενδότως
614 4842 969 4912 ἁμαρτάνειν,
1008 4837 1207 4909 τρόπον
1248 4835 1372 4889 τινὰ
1401 4836 1560 4905 φύσις
1598 4836 1784 4897 αὐτοῖς
1819 4835 1853 4903 ἡ

287 4936 454 4990 κακία
489 4934 701 5003 γίνεται
722 4949 735 4962 ·
769 4926 880 4994 οἷός
905 4932 1052 4983 ἐστιν
1078 4929 1367 4990 δΣατανᾶς
1395 4927 1489 4980 καὶ
1516 4927 1563 4979 οι
1580 4926 1853 4995 δαίμονες

285 5026 509 5081 δυνατὸν
546 5022 655 5094 γὰρ
701 5024 795 5076 καὶ
845 5022 1068 5083 τούτους
1097 5018 1255 5088 φύσει
1276 5018 1477 5080 κακοὺς
1511 5019 1704 5083 εἰπεῖν,
1730 5014 1857 5069 καί·

357 5209 398 5238 ⁸ο
433 5205 592 5259 Rom.
621 5220 683 5268 ιι,
707 5201 799 5255 ﬁl.
877 5201 917 5231 "
953 5198 1109 5255 Deut.
1138 5213 1312 5261 xxv",
1345 5197 1400 5250 9.
1484 5196 1526 5226 η
1558 5193 1689 5249 Luc.
1723 5211 1775 5250 ιι
1835 5194 1922 5248 i3.

352 5363 436 5433 ευ)
461 5363 697 5433 adparat
721 5388 793 5400 --
820 5355 1304 5433 ἀπεσκᾴηικ-όζας.
1327 5350 1615 5433 lai_ibid.,
1646 5364 1701 5419 p.
1729 5347 1852 5432 ίξιθ.

360 5365 406 5433 (Ι
461 5365 697 5429 Δόματα
721 5388 793 5400 --
820 5365 1304 5420 “commeat/ac.
1331 5365 1431 5407 Ilal
1460 5365 1615 5414 IDIG.,
1646 5365 1701 5419 p.
1729 5365 1852 5432 tau.

360 5365 437 5503 re;
476 5430 699 5503 Plurimi
732 5425 1053 5503 ωηο-βαξξνεί
1080 5424 1213 5503 _libri
1241 5433 1296 5478 et
1322 5422 1567 5503 codices,
1603 5434 1741 5503 quos
1770 5434 1853 5503 m-

290 5486 379 5557 ter‘
396 5486 812 5569 antiquissimus
848 5493 1286 5569 illeVaticanus,
1321 5490 1519 5545 habent
1547 5486 1689 5569 apud
1720 5486 1853 5542 Luc.

289 5571 464 5639 ἅγιον,
497 5558 758 5639 sanctum,
799 5564 997 5639 ut_hic
1039 5561 1313 5639 _Cyrillu_s;
1361 5574 1522 5639 quam
1566 5558 1855 5639 lectionem

291 5628 591 5710 agnoscunt
624 5628 761 5710 apud
806 5628 1147 5688 Sabateriu'm
1192 5632 1357 5684 etiam
1402 5628 1768 5710 βίοι-συνίησι
1802 5634 1858 5710 et

293 5699 630 5772 A'mbrosius,
658 5699 753 5773 qui
804 5712 983 5759 tamen
1008 5709 1316 5771 postremus
1368 5699 1598 5753 alteram
1641 5709 1856 5767 quoque

1965 4580 1984 4613 ε
2018 4561 2157 4615 bona
2184 4559 2315 4628 »(2),
2338 4557 3063 4624 nilceteroquidiscrepans;
3084 4556 3282 4609 etenim
3308 4566 3527 4611 sanctus

1960 4650 2217 4721 Spiritus,
2272 4650 2387 4717 ipse
2418 4655 2503 4701 est
2534 4656 2725 4714 suapte
2772 4655 2965 4700 natura
3018 4646 3251 4711 bonum;
3297 4646 3528 4716 ideoque

1961 4750 2014 4795 et
2047 4738 2405 4809 participibus
2445 4737 2527 4791 sui
2576 4735 2789 4792 confert
2832 4737 2990 4789 bona.
3024 4734 3193 4789 Secus
3230 4748 3357 4790 vero
3394 4736 3528 4790 insi-

1957 4833 2137 4901 gniter
2166 4828 2427 4898 improbis
2448 4868 2463 4891 ,
2520 4828 2572 4881 id
2605 4836 2689 4882 est
2717 4826 2976 4881 elfrenate
3016 4825 3397 4895 peccantibus,
3428 4840 3528 4879 na-

1961 4921 2149 4976 turalis
2180 4918 2580 4988 quodammodo
2625 4916 2685 4970 nt
2715 4915 2949 4981 malitia;
2989 4913 3287 4981 cuiusmodi
3315 4921 3400 4968 est
3427 4911 3527 4968 Sa-

1959 5024 2116 5068 tanas
2137 5022 2299 5082 atque
2333 5011 2622 5066 daemones.
2657 5007 2808 5063 Licet
2831 5008 2973 5063 enim
3007 5004 3092 5061 his
3122 5019 3335 5074 quoque
3367 5014 3527 5059 natu-

1961 5349 2110 5405 novit
2133 5348 2359 5417 ἀγαθόν,
2383 5347 2434 5401 id
2457 5343 2767 5417 est__vulgati
2792 5340 3307 5417 interpretisbonum
3329 5352 3526 5417 ;qua_m

1962 5434 2141 5482 nemo,
2173 5410 2231 5471 ut
2272 5432 2414 5477 reor,
2456 5410 2734 5468 meliorem
2765 5427 2868 5482 non
2916 5410 3205 5482 reputabit,
3232 5410 3527 5474 praesertim

1961 5490 2087 5557 quia
2116 5476 2254 5555 apud
2282 5476 2641 5557 Ambrosium
2659 5492 2744 5536 est
2777 5480 2940 5557 etiam
2975 5476 3157 5557 datum
3188 5476 3400 5557 bonum,
3428 5493 3525 5530 nec

1960 5546 2067 5613 non
2102 5546 2241 5625 apud
2294 5555 2448 5625 alios
2473 5550 3087 5625 quosdanyﬂmteroqui
3112 5548 3273 5625 “lianc
3320 5546 3524 5601 discre-

1962 5618 2198 5699 pantia'tn
2232 5626 2369 5679 mire
2403 5618 2576 5678 elevat
2606 5621 2861 5689 Cyrillus,
2891 5629 2945 5673 et
2972 5618 3243 5673 conciliat.
