3946 6316
427 268 523 321 58⁶ἲ

1449 258 1507 315 S.
1548 259 1819 315 CYRILLI
1860 258 2329 314 ALEXANDRINI
2369 259 2669 315 ABCHIEP

3567 255 3675 312 538

423 381 589 437 ralem
626 379 1025 448 improbitatem
1079 378 1408 439 attribuere,
1458 390 1763 445 quanquam
1802 389 1993 443 reapse

2119 392 2201 446 τερ
2236 375 2310 446 μὴ
2338 375 2497 443 φύσει
2518 375 2721 437 κακοὺς
2747 374 2809 444 δη
2821 372 3270 443 μιουργηθέντας,
3294 371 3410 426 ἀλλ’
3432 371 3492 436 ἐξ
3513 380 3674 426 αὑτο-

422 474 641 526 miuitne
671 481 856 523 natura
898 470 1019 523 mali
1063 471 1229 523 creati
1277 468 1500 533 fuerim,
1550 469 1642 521 sed
1698 467 1997 521 voluntaria

424 565 627 619 malitia
666 563 1027 615 extabuerint.

495 653 603 717 γυ,
640 654 722 706 lo’.
767 654 1028 706 Attemlite
1060 668 1090 703 a
1134 650 1285 716 falsis
1331 649 1623 717 prapltetis,
1661 646 1747 716 qui
1781 647 1991 701 veniunt

421 747 488 796 ad
520 761 603 796 vos
637 745 688 793 in
717 744 1039 795 vestimentis
1071 742 1262 795 arium.

493 834 554 887 Hi
588 845 714 887 sunt
759 835 1023 897 heretici,
1070 833 1219 887 falsis
1256 840 1309 885 et
1341 830 1597 883 coloratis
1644 828 1990 883 sermonibus

424 928 709 981 noamdlos
745 928 1110 994 decipieutes;
1161 927 1355 992 quibus
1397 924 1441 977 si
1486 923 1642 976 tidem
1678 925 1994 986 adhibeant,

427 1025 551 1070 tunc
589 1033 683 1071 eos
730 1018 794 1069 ad
841 1032 901 1070 ea
937 1015 1180 1070 facienda
1231 1015 1513 1083 impellunt
1554 1032 1675 1083 (tua:
1717 1030 1822 1067 non
1869 1028 1999 1067 eou-

423 1110 594 1161 venit.

501 1198 607 1257 VII,
637 1196 724 1250 26.
765 1194 833 1249 Et
882 1197 1048 1249 omnis
1097 1196 1186 1264 qui
1239 1196 1387 1247 audit
1427 1195 1577 1246 verba
1626 1210 1737 1247 mea
1785 1194 1912 1256 haec,
1948 1204 1996 1247 et

426 1305 528 1342 non
551 1290 674 1353 facit
704 1306 764 1340 ea
789 1328 801 1350 ,
841 1288 1029 1340 similis
1062 1289 1159 1339 erit
1206 1288 1315 1339 viro
1349 1287 1541 1349 stulta,
1586 1288 1672 1355 qui
1721 1286 1996 1353 wdiﬁcurit

426 1383 635 1435 demum
670 1396 819 1432 suam
856 1396 1012 1446 super
1039 1396 1274 1431 arenam.

501 1471 605 1540 19
642 1471 740 1537 Qui
795 1471 1133 1525 solummodo
1174 1484 1441 1525 sermoms
1479 1469 1690 1524 auditor
1733 1475 1848 1534 est,
1892 1482 1996 1521 non

426 1564 552 1617 item
591 1564 785 1625 l'actor,
816 1562 998 1615 domui
1048 1562 1381 1615 assimilatur
1413 1561 1465 1614 in
1508 1574 1668 1615 arena
1701 1560 1995 1625 azdilicataz,

426 1671 542 1724 qua:
577 1664 816 1722 tempore
844 1653 1155 1706 tentationis
1191 1654 1417 1715 corruit,
1446 1660 1499 1706 et
1522 1652 1800 1714 evertitur,
1831 1650 1997 1720 patri-

2102 468 2427 540 προαιρέτου
2454 467 2649 529 κακίας
2670 464 3108 535 ἀπεσκληκότας.

2172 646 2501 715 Προσέχετε
2521 645 2584 698 δὲ
2607 645 2726 699 ἀπὸ
2753 644 2873 697 τῶν
2890 644 3427 713 ψευδοπροφητῶν,
3451 647 3671 709 οἵτινες

2097 736 2371 803 ἔρχονται
2411 736 2560 802 πρὸς
2589 733 2743 802 ὑμᾶς
2766 734 2834 785 ἑν
2867 734 3159 801 ἐνδύμασι
3197 734 3526 801 προϐάτων.

2168 822 2326 880 Οὗτοί
2359 827 2435 894 (1)
2489 828 2626 878 εἰσιν
2674 827 2721 877 οἱ
2772 826 3060 893 αἰρετικοὶ,
3096 826 3214 894 ἦτοι
3262 828 3311 878 oi
3362 826 3451 879 διὰ
3498 827 3673 894 λόγων

2098 917 2351 969 πλαστῶν
2381 918 2477 971 καὶ
2504 918 2823 988 ἀμφιὰσεων
2865 916 3243 980 ἐξαπατῶντες
3275 936 3447 982 τινας,
3476 921 3570 971 καὶ
3594 921 3673 972 ὅτ’

2099 1010 2165 1063 ἂν
2220 1010 2481 1063 πείσωσιν
2504 1052 2518 1075 ,
2545 1011 2665 1064 τότε
2711 1013 2894 1075 αὐτοῖς
2922 1010 3288 1065 ὑποϐάλλουσι
3312 1014 3510 1077 ποιεῖν,
3535 1011 3570 1065 ἃ
3597 1012 3674 1081 μὴ

2099 1101 2256 1171 θέμις

2168 1192 2276 1246 Καὶ
2305 1192 2423 1258 πᾶς
2462 1196 2496 1247 ό
2524 1194 2761 1248 ἀκούων
2792 1212 2912 1263 μου
2955 1194 3096 1261 τοὺς
3136 1198 3355 1265 λόγους
3397 1196 3670 1261 τούτους,

2099 1285 2198 1339 καὶ
2226 1285 2313 1353 μὴ
2340 1284 2529 1339 ποιῶν
2560 1287 2800 1351 αὐτοὺς,
2830 1287 3253 1355 ὁμοιωθήσεται
3287 1286 3461 1354 ἀνδρὶ
3477 1287 3671 1355 μωρῷ,

2100 1374 2269 1437 ὅστις
2289 1376 2638 1443 ᾠκοδόμησε
2656 1376 2769 1443 τὴν
2785 1378 2978 1430 οὶκίαν
2994 1377 3179 1431 αὑτοῦ
3196 1377 3291 1429 ἐπὶ
3323 1378 3438 1443 τὴν
3455 1376 3672 1445 ἄμμον.

2179 1467 2238 1519 '0
2265 1467 2538 1539 ἀκροατὴς
2568 1468 2724 1538 μόνος
2754 1469 2847 1521 τοῦ
2871 1468 3054 1537 λόγου,
3080 1469 3140 1521 οὑ
3169 1470 3274 1540 μὴν
3301 1470 3394 1523 καὶ
3422 1470 3671 1537 ποιητὴς,

2097 1536 2230 1628 οῆῳ
2264 1536 2627 1621 ἀπεικάζεται
2657 1560 2749 1612 ἐπὶ
2776 1560 2874 1630 τῆς
2901 1560 3128 1632 ψάμμου
3155 1536 3581 1631 οἰκοδομηθέντι,
3617 1560 3677 1621 ὃς

2100 1649 2157 1701 ὲν
2190 1649 2363 1719 καιρῷ
2400 1649 2707 1721 πειρασμοῦ
2743 1652 3091 1717 καταπίπτει,
3126 1652 3221 1705 καὶ
3255 1652 3541 1722 χώννυται,
3572 1652 3677 1704 τῶν

424 1723 528 1800 hus
585 1745 888 1814 iniquitatis
937 1745 1292 1814 spirantibus,
1350 1741 1675 1797 turbulentis
1725 1742 1879 1808 aquis
1934 1742 1999 1793 ad

2119 1741 2356 1811 πατέρων
2404 1742 2503 1810 τῆς
2549 1742 2812 1812 πονηρίας
2841 1745 3301 1810 ὲπιπνευσάντων,
3333 1745 3441 1797 τῶν
3477 1761 3676 1814 ταρατ-

427 1838 660 1890 anitnatn
696 1851 866 1904 usque
902 1834 1311 1903 ingruentibus,
1346 1850 1409 1888 ac
1439 1834 1648 1887 turbida
1683 1841 2002 1901 tempestate

428 1928 732 1996 iniquitatis
762 1941 883 1980 eum
916 1936 1315 1987 commovente,
1349 1935 1399 1978 et
1434 1926 1485 1981 in
1523 1936 1825 1979 extremum
1856 1925 2002 1993 peri-

429 2015 605 2070 culum
633 2014 954 2068 adducente.
978 2014 1143 2068 Recte
1173 2015 1412 2082 quidem,
1438 2032 1455 2065 ι
1483 2014 1803 2068 Assimilabo
1821 2029 1998 2078 etim,»

427 2106 494 2159 de
519 2106 761 2173 sapiente
804 2106 970 2171 dixit;
1000 2105 1065 2157 de
1092 2108 1252 2159 stulto
1273 2121 1421 2169 vero,
1457 2123 1475 2155 ι
1515 2104 1937 2161 Assimilabitur.
1978 2123 1998 2157 ι

426 2196 656 2251 Virtutis
705 2198 968 2266 siquidem
1016 2209 1267 2266 operator
1295 2200 1472 2252 omnia
1512 2206 1689 2266 potest
1719 2197 1770 2251 in
1810 2212 1873 2251 eo
1912 2196 2004 2267 qui

429 2291 703 2344 contonat
743 2304 889 2353 eum,
919 2288 1161 2353 Christo,
1198 2304 1226 2341 a
1264 2304 1370 2358 quo
1396 2289 1534 2356 apud
1581 2287 1824 2341 homines
1862 2297 2006 2341 recte

430 2376 598 2442 facta,
633 2393 662 2430 ιι
696 2392 802 2445 quo
832 2377 1121 2445 sapientia,
1148 2386 1199 2429 et
1229 2377 1618 2445 intelligentia,
1650 2386 1706 2431 et
1740 2377 1807 2430 ad
1844 2390 2007 2431 omne

426 2467 624 2521 bonum
665 2467 1007 2520 assitnilatio.
1048 2465 1254 2520 Pravus
1305 2482 1433 2520 vero
1477 2465 1645 2520 Deum
1695 2482 1800 2521 non
1842 2467 2007 2522 habet

425 2556 738 2610 vitiositatis
804 2572 918 2610 suae
964 2572 1028 2609 ac
1081 2558 1366 2610 dementire
1411 2568 1685 2611 auctorem
1722 2576 1735 2611 :
1774 2556 1866 2611 sed
1910 2557 2007 2612 de-

426 2650 591 2702 menti
626 2647 979 2713 assimilatur,
1023 2649 1112 2717 qui
1152 2650 1216 2702 iis
1252 2665 1368 2716 quae
1414 2650 1711 2703 secundum
1759 2659 2005 2705 naturam

425 2750 551 2794 sunt
576 2741 840 2806 abstinet;
872 2755 991 2808 quae
1021 2750 1210 2792 contra
1233 2778 1246 2805 ,
1278 2739 1430 2794 facit.

500 2937 671 2991 Recte
696 2936 837 2990 hunc
871 2935 1096 2990 stultum
1127 2936 1381 3006 appellat.
1417 2935 1554 3003 Quid
1582 2937 1727 2990 enim
1756 2936 2003 2991 insanius

2102 1830 2342 1899 τομένων
2373 1830 2577 1884 ὑδάτων
2607 1832 2714 1895 ἕως
2738 1833 2912 1903 ψυχῆς
2942 1834 3316 1897 εἰσελθόντων,
3344 1836 3439 1887 καὶ
3467 1834 3562 1887 τοῦ
3592 1834 3677 1886 00-

2103 1921 2261 1993 λεροῦ
2306 1922 2607 1996 χειμάρρου
2653 1924 2755 1994 τῆς
2796 1927 3025 1996 ἀνομίας
3068 1926 3228 1978 αὑτὸν
3260 1925 3673 1991 ὲκταράξαντος,

2105 2015 2199 2067 καὶ
2251 2016 2342 2068 τὸν
2389 2017 2519 2086 περὶ
2563 2016 2671 2068 τῶν
2721 2018 2962 2087 ἐσχάτων
3009 2018 3383 2081 ὲπισείσαντος
3413 2017 3674 2070 κίνδυνον.

2105 2105 2301 2168 Καλῶς
2329 2106 2385 2159 δὲ
2402 2108 2493 2161 ἐπὶ
2515 2108 2613 2177 μὲν
2642 2108 2734 2160 τοῦ
2761 2110 3045 2180 φρονίμου,
3083 2128 3101 2160 ι
3137 2109 3414 2179 Ὀμοιὼσω
3442 2108 3628 2171 αὐτὸν,
3656 2127 3675 2159 ›

2106 2196 2257 2251 εἶπεν
2278 2216 2292 2229 ο
2327 2200 2419 2252 ἐπὶ
2452 2200 2509 2251 δὲ
2534 2199 2631 2253 τοῦ
2662 2201 2843 2271 μωροῦ
2895 2220 2913 2253 ι
2957 2202 3397 2273 Ὀμοιωθήσεται.
3434 2222 3454 2254 ι
3488 2202 3682 2272 Ὀμμὶν

2106 2287 2214 2358 γὰρ
2243 2288 2341 2358 τῆς
2375 2289 2574 2358 ἀρετῆς
2609 2290 2847 2359 ἐργάτης
2876 2290 3054 2343 πάντα
3085 2290 3256 2360 ἰσχύει
3282 2294 3339 2341 ὲν
3362 2290 3440 2361 τῷ
3466 2292 3682 2345 ὲνδυνιι⁹

2109 2378 2298 2449 μοῦντι
2349 2379 2510 2432 αὑτὸν
2553 2379 2794 2450 Χριστῷ,
2843 2381 2972 2451 παρ’
3004 2375 3064 2436 οῦ
3118 2383 3246 2452 παρ’
3270 2380 3577 2452 ἀνθρώποις
3620 2381 3681 2434 τὸ

2107 2470 2564 2541 κατορθούμενον,
2614 2472 2744 2543 παρέ
2771 2466 2832 2526 οὗ
2866 2470 3028 2536 σοφία
3061 2472 3155 2525 καὶ
3184 2470 3394 2534 σύνεσις
3422 2472 3516 2523 καὶ
3543 2471 3681 2541 πρὸς

2140 2562 2168 2616 ὸ
2215 2562 2417 2631 ἀγαθὸν
2462 2563 2878 2633 ὲξομοίωσις.⁹0
2906 2564 2964 2617 δὲ
2992 2564 3191 2633 φαῦλος
3235 2566 3355 2634 οὐχί
3392 2564 3525 2618 Θεὸν
3568 2564 3681 2634 ἔχει

2106 2654 2208 2724 τῆς
2235 2654 2430 2708 ἑαυτοῦ
2463 2656 2660 2719 κακίας
2684 2656 2779 2709 καὶ
2816 2657 3127 2727 ἀφροσύνης
3158 2656 3350 2721 αἴτιον,
3381 2656 3494 2710 ἀλλ’
3518 2656 3680 2719 αὐτὸς

2108 2746 2388 2816 ὁμοιοῦται
2431 2747 2507 2818 τῷ
2548 2748 2741 2819 ἄφρονι
2788 2749 2879 2802 τοῦ
2926 2748 3066 2802 κατὰ
3100 2748 3260 2815 φύσιν
3288 2750 3554 2815 ἀποστὰς,
3587 2747 3681 2801 καὶ

2109 2837 2167 2889 ὲν
2197 2836 2273 2907 τῷ
2309 2838 2459 2908 παρὰ
2488 2837 2649 2905 φύσιν
2677 2840 2982 2908 γενόμενος.

2182 2929 2376 2992 Καλῶς
2408 2929 2487 2999 (2)
2523 2929 2580 2982 δὲ
2625 2931 2805 3001 μωρὸν
2833 2932 3059 2985 ἐκάλεσε
3109 2933 3315 2986 τοῦτον.
3357 2930 3422 2984 Τί
3472 2930 3584 3001 γὰρ
3618 2928 3681 2982 ἂν

431 3029 548 3085 ﬁeri
577 3039 783 3096 potest,
811 3044 973 3097 quam
1008 3030 1229 3082 domum
1258 3029 1312 3081 in
1339 3043 1504 3081 arena
1541 3028 1813 3082 a-dilicare
1835 3071 1850 3095 ,
1903 3043 2002 3096 qua

2119 3016 2322 3085 γένοιτο
2368 3020 2723 3090 ἀνοητότερον
2775 3021 2869 3073 τοῦ
2911 3023 3087 3075 οἰκίαν
3139 3021 3541 3093 οἰκοδομοῦντος
3590 3022 3681 3072 ἐπὶ

432 3121 486 3174 in
506 3137 561 3173 re
579 3120 729 3173 labor
753 3119 1047 3187 perfertur,
1075 3119 1280 3172 fructus
1302 3128 1477 3172 autem
1498 3119 1778 3171 nullusant
1794 3120 2006 3186 requies

430 3212 751 3281 acquiritur,
841 3209 952 3263 imo
975 3213 1139 3263 etiam
1172 3211 1552 3263 detrimentum
1590 3211 1821 3278 capitur.
1870 3208 2005 3264 Pro-

432 3301 577 3357 fecto
596 3342 612 3368 ,
648 3300 787 3370 quod
814 3310 867 3353 et
897 3301 1143 3354 homines
1167 3301 1396 3368 improbi
1424 3300 1815 3369 defatigentur,
1846 3316 2004 3354 nemo

432 3409 539 3448 non
572 3395 747 3457 videt;
803 3406 978 3461 neque
1021 3402 1200 3445 tamen
1246 3406 1313 3446 ex
1362 3391 1447 3444 his
1486 3391 1764 3446 laboribus
1795 3394 2001 3446 lucrum

434 3487 649 3554 aliquod
705 3486 1119 3549 nanciscuntur,
1172 3486 1279 3537 imo
1304 3494 1371 3555 _et
1412 3484 1671 3539 damnum
1708 3501 1873 3552 grave
1907 3502 2001 3553 pa-

435 3576 658 3628 tiuntur.
686 3572 755 3628 Ut
782 3563 925 3627 enim
960 3576 1033 3627 ait
1065 3573 1262 3626 Paulus
1292 3591 1304 3625 :
1341 3590 1359 3623 ι
1414 3572 1512 3639 Qui
1545 3572 1595 3625 in
1638 3588 1805 3629 carne
1838 3574 2004 3628 semi-

433 3676 547 3729 nat,
580 3668 644 3721 de
669 3683 831 3722 carne
863 3676 1027 3721 metet
1056 3665 1461 3735 corruptionem
1496 3663 1560 3716 ”.
1606 3685 1624 3712 ο

510 3841 643 3907 νιιί,
680 3843 733 3895 5.
779 3840 929 3905 Volo,
961 3842 1235 3895 mundare.

505 3934 836 4004 Contingens
898 3934 1165 4001 leprosum
1242 3932 1488 3988 Salvator
1554 3935 1765 3989 curavit
1846 3948 2002 3997 eum,

434 4027 724 4080 05tendcns
812 4023 1074 4091 Spiritum
1146 4023 1198 4078 iu
1250 4040 1307 4078 se
1361 4026 1755 4079 inhabitantcm
1814 4039 2007 4078 curare

434 4113 687 4179 morbos;
742 4122 939 4179 Corpus
990 4128 1116 4166 vero
1158 4115 1330 4182 ipsum
1392 4114 1508 4180 ejus
1586 4120 1836 4165 contactu
1905 4123 2005 4164 suo

435 4204 917 4259 sanctiﬁcationem
943 4205 1365 4258 communicare.

506 4294 614 4362 20
630 4294 906 4357 Quodnam
940 4304 1118 4347 autem
1144 4304 1261 4357 erat
1295 4309 1491 4348 munus
1523 4308 1551 4346 a
1579 4292 1791 4362 leproso
1814 4306 2006 4346 secun-

2110 3110 2357 3180 ψάμμου,
2381 3110 2475 3162 καὶ⁸
2503 3111 2594 3162 τὸν
2624 3112 2722 3178 μὲν
2751 3113 2910 3165 πόνον
2935 3114 3317 3183 ὑπομένοντος,
3343 3112 3433 3167 τοῦ
3464 3114 3522 3165 δὲ
3548 3129 3683 3182 καρυ

2111 3199 2211 3251 ποῦ
2245 3200 2459 3270 καὶτῆς
2491 3201 2851 3265 ἀναπαύσεως
2894 3205 3383 3275 ἀποστερουμένου,
3420 3204 3517 3256 καὶ
3562 3205 3682 3257 ἀντὶ

2109 3292 2300 3344 τούτου
2325 3292 2545 3347 κόλασιν
2570 3295 2963 3364 ὑπομένοντος;
2995 3298 3075 3349 ὃτι
3122 3298 3230 3367 γὰρ
3280 3299 3374 3350 καὶ
3402 3299 3450 3349 οἱ
3486 3296 3682 3351 κακίαν

2114 3383 2389 3453 μετιόντες
2443 3384 2737 3454 κάμνουσι,
2794 3387 2956 3440 παντί
2990 3405 3091 3440 που
3140 3388 3297 3458 δῆλόν
3354 3390 3538 3440 ἐστιν’
3567 3388 3679 3440 ἀλλ’

2110 3474 2229 3525 οὐδὲ
2253 3474 2361 3526 ἀπὸ
2385 3474 2493 3527 τῶν
2527 3476 2702 3528 πόνων
2728 3476 2929 3529 τούτων
2955 3478 3289 3548 καρποῦνται
3313 3479 3523 3548 κέρδος,
3549 3476 3681 3531 ἀλλὰ

2111 3566 2207 3618 καὶ
2241 3565 2437 3636 πολλὴν
2472 3568 2803 3636 ὑπομένουσι
2835 3569 2930 3638 τὴν
2959 3568 3021 3638 Cr,
3034 3571 3159 3639 μίαν
3179 3586 3191 3599 δ
3228 3571 3302 3633 ὡς
3322 3571 3429 3639 γάρ
3465 3588 3631 3640 φησιν
3654 3572 3682 3621 ὀ

2112 3653 2339 3731 Παῦλος,
2391 3676 2408 3706 ι
2432 3657 2488 3709 '0
2520 3656 2756 3727 σπείρων
2790 3660 2846 3711 ἐν
2862 3661 2924 3729 τῇ
2958 3660 3142 3727 σαρκὶ,
3160 3661 3223 3713 ὲκ
3253 3661 3350 3731 τῆς
3367 3661 3570 3731 σαρκὸς
3591 3660 3680 3713 08-

2115 3750 2253 3819 ρίσει
2284 3748 2507 3819 φθοράν.
2546 3767 2564 3799 ι

2187 3837 2367 3900 Θέλω,
2399 3839 2809 3905 καθαρίσθητι.

2196 3926 2530 3996 Ἀπτόμενος
2558 3927 2649 3979 τοῦ
2678 3927 2879 3998 λεπροῦ
2911 3930 2937 3982 ὁ
2966 3928 3155 3998 Σωτὴρ
3188 3929 3556 4000 ἐθεράπευσεν
3588 3930 3681 3983 ao-

2112 4017 2223 4081 τὸν,
2253 4017 2510 4070 δεικνύων
2550 4019 2624 4082 ὡς
2669 4021 2730 4070 τὸ
2772 4019 2995 4090 Πνεῦμα
3025 4022 3085 4073 τὸ
3122 4023 3179 4072 ὲν
3211 4022 3359 4092 αὐτῷ
3392 4021 3679 4093 θεραπεύει

2112 4108 2213 4168 τὰς
2240 4108 2445 4171 νόσους.
2478 4110 2550 4161 Τὸ
2579 4110 2634 4163 δὲ
2659 4110 2817 4182 σῶμα
2840 4115 2904 4183 τῇ
2931 4112 3266 4183 προσψαύσει
3292 4114 3383 4167 τὸν
3412 4113 3681 4184 ἀγιασμδν

2114 4197 2429 4265 παρέχεται.

2183 4288 2249 4339 Τί
2281 4288 2336 4341 δὲ
2370 4283 2436 4357 ἦν
2479 4288 2538 4340 τὸ
2568 4287 2736 4361 δῶρον
2778 4290 2838 4341 τὸ
2876 4291 3023 4361 παρὰ
3057 4289 3149 4343 τοῦ
3182 4290 3377 4364 λεπροῦ
3416 4294 3562 4346 κατὰ
3596 4295 3683 4347 τὸν

436 4386 561 4436 dum
588 4386 751 4451 legem
776 4384 1050 4438 oblatum?
1078 4384 1205 4440 Dum
1226 4401 1351 4439 aves
1374 4400 1600 4452 quarum
1620 4401 1779 4437 unam
1802 4396 2002 4439 macta-

2119 4377 2275 4449 νόμον
2306 4381 2745 4449 προσαγόμενον;
2778 4381 2880 4433 Δύο
2918 4381 3147 4451 ὀρνίθια,
3180 4377 3256 4435 ὧν
3287 4384 3349 4435 τὸ
3370 4382 3427 4436 ἓν
3450 4384 3683 4452 ἔσφαξεν

434 4474 528 4527 bat
552 4475 805 4528 Sacerdos
832 4491 993 4544 super
1010 4492 1148 4544 aqua
1174 4476 1313 4541 viva,
1341 4488 1394 4528 el
1414 4475 1684 4541 accipiens
1704 4475 1901 4544 lignum
1923 4491 2013 4530 ce-

416 4558 672 4629 ‘drinum,
703 4579 1032 4632 coccumque
1058 4566 1312 4626 fractum,
1335 4574 1389 4616 et
1418 4565 1704 4633 hyssopum
1728 4581 1744 4629 ;
1771 4581 1834 4617 ac
1852 4565 2007 4619 aliam

436 4664 586 4703 avem
620 4652 818 4715 vivam,
846 4667 1006 4720 quam
1041 4652 1342 4720 intingebat
1378 4652 1430 4705 in
1466 4658 1581 4709 avis
1612 4666 1857 4710 mactata:
1882 4671 2008 4711 san-

433 4742 593 4812 guine
624 4758 784 4812 super
810 4758 945 4812 aqua
979 4744 1119 4809 viva,
1151 4745 1504 4814 mandatique
1527 4747 1722 4816 leprosi
1758 4750 2002 4803 dextram

432 4835 726 4903 iuuugebat
755 4835 1075 4899 auriculam,
1111 4850 1351 4900 manum,
1383 4845 1439 4891 et
1462 4838 1673 4905 pedem,
1723 4854 1875 4892 avem
1909 4855 2006 4893 au-

432 4932 540 4977 tem
570 4926 744 4979 vivam
783 4935 937 4978 extra
970 4925 1250 4979 civitatem
1300 4927 1548 4981 mittebat
1592 4929 1645 4982 in
1691 4944 1910 4997 campos
1939 4929 2002 4982 ¹⁸.

434 5012 669 5069 Observa
707 5016 870 5084 igitur
898 5017 1168 5082 quomodo
1197 5018 1280 5079 iis,
1312 5033 1434 5088 qua:
1480 5019 1621 5072 dicta
1665 5030 1813 5084 sunt,
1860 5030 2005 5075 totus

432 5098 683 5159 Christus
711 5107 1047 5176 depingatut‘.
1087 5108 1190 5163 Per
1220 5124 1375 5163 avem
1410 5111 1556 5164 enim
1588 5112 1790 5175 vivam,
1821 5113 2009 5166 vivens

434 5207 495 5247 ac
531 5196 749 5248 cceleste
796 5193 1024 5249 Verbum
1054 5198 1354 5268 intelliges;
1397 5214 1490 5267 per
1534 5203 1849 5271 sanguinem
1880 5217 2009 5256 vero

435 5293 720 5348 mactatae,
780 5285 1078 5353 pretiosum
1121 5290 1438 5358 sanguinem
1490 5290 1743 5357 patientis
1800 5292 2005 5362 templi.

507 5460 552 5493 ⁸³
581 5461 755 5517 Galat.
785 5480 856 5529 vr,
888 5464 943 5519 8.
1018 5466 1062 5497 “
1089 5467 1261 5523 Levit.
1298 5484 1408 5535 xiv,
1439 5470 1461 5523 Ι
1496 5485 1647 5539 seqq.

509 5641 584 5711 (l)
620 5636 793 5697 Οὗτοι
825 5673 894 5685 -
922 5644 1066 5715 ἇμὴ
1098 5646 1281 5716 θέμις.
1325 5648 1564 5703 Cramer.
1587 5663 1643 5717 ρ.
1677 5649 1765 5703 54.

2111 4473 2140 4523 ό
2175 4472 2351 4541 ἱερεὺς
2378 4471 2461 4539 ἐφ’
2496 4470 2648 4525 ὕδατι
2682 4471 2864 4535 ζῶντι,
2902 4475 2993 4525 καὶ
3025 4472 3203 4527 λαϐὼν
3234 4472 3388 4540 ξύλον
3416 4475 3681 4545 κέδρινον,

2109 4562 2204 4614 καὶ
2250 4561 2615 4632 κεκλασμένον
2643 4564 2915 4628 κόκκινον,
2943 4566 3035 4618 καὶ
3068 4564 3283 4620 ῦσωπον
3307 4582 3319 4596 ·
3357 4569 3449 4621 καὶ
3473 4567 3533 4620 τὸ
3563 4567 3682 4621 ἓτε-

2108 4668 2202 4723 ρον
2251 4651 2485 4724 ὀρνίθιον
2532 4653 2594 4706 τὸ
2637 4654 2766 4721 ζῶν,
2797 4654 3031 4710 ἔδαπτεν
3061 4657 3192 4710 αὐτὸ
3224 4660 3303 4722 εἰς
3338 4658 3398 4712 τὸ
3425 4653 3565 4730 αἷμα
3589 4658 3683 4711 τοῦ

2112 4731 2455 4817 ἐσιραγμένου
2488 4746 2723 4819 ὁρνιθίου
2755 4748 2839 4817 ἐφ’
2868 4748 3020 4802 ὕδατι
3050 4747 3235 4816 ζῶντι,
3262 4749 3358 4803 καὶ
3400 4749 3548 4821 εχριε
3588 4748 3682 4801 τοῦ

2112 4838 2542 4909 καθαριςομένου
2590 4838 2791 4911 λεπροῦ
2842 4839 2911 4892 τὰ
2964 4839 3132 4905 δεξιὰ,
3161 4840 3340 4904 ὠτίον,
3368 4844 3548 4913 χεῖρα,
3588 4843 3682 4893 καὶ

2112 4930 2276 4987 πόδαο
2303 4931 2363 4983 τὸ
2389 4931 2445 4984 δὲ
2480 4931 2714 5003 ὀρνίθιον
2737 4931 2798 4984 τὸ
2829 4930 2959 4997 ζῶν,
2990 4932 3094 4999 ἐξω
3118 4932 3218 5002 τῆς
3252 4933 3458 4996 πόλεως
3505 4935 3584 4996 είς
3623 4934 3680 4984 τὸ

2104 5020 2285 5073 πεδίον
2308 5021 2704 5087 ἐξαπέστειλεν.
2724 5022 3005 5093 Ἐπιτήρει
3030 5017 3123 5076 οὖν
3155 5025 3303 5087 ὅπως
3336 5023 3426 5076 διὰ
3465 5022 3573 5076 τῶν
3603 5026 3676 5075 εἰ-

2110 5112 2359 5182 ρημένων
2401 5112 2692 5183 ὀλόκληρον
2732 5114 2862 5183 ἡμῖν
2904 5114 3266 5185 ζωγραφῆται
3295 5115 3555 5186 Χριστόν.
3583 5115 3679 5167 Διὰ

2109 5203 2205 5272 μὲν
2222 5203 2330 5273 γὰρ
2344 5203 2437 5254 τοῦ
2452 5203 2649 5267 ζῶντος
2665 5204 2897 5273 όρνιθίου
2924 5206 3014 5256 τὸν
3039 5205 3217 5268 ζῶντὰ
3235 5223 3290 5258 τε
3324 5207 3677 5276 καὶοὺράνιον

2107 5295 2316 5363 νοήσεις
2344 5294 2549 5361 Λόγον·
2576 5296 2664 5348 διὰ
2705 5296 2761 5347 δὲ
2810 5294 2904 5348 τοῦ
2942 5296 3171 5365 αἵματος
3199 5297 3294 5350 τοῦ
3334 5296 3675 5367 ἐσφαγμένον

2184 5649 2264 5719 (2)
2294 5648 2504 5715 Καλῶς
2541 5680 2586 5691 -
2630 5654 2848 5721 θερίσει
2874 5653 3120 5722 φθοράν.
3149 5652 3252 5707 Mai
3282 5654 3410 5710 ibid.
