3946 6316
210 294 320 352 389

1382 289 1748 351 .COMHENT.
1790 290 1859 345 IN
1898 292 2340 352 ΜΔΤΤΗΕΙΞΜ.

206 405 272 457 τὸ
309 406 496 475 τίμιον
523 401 661 474 αἷμα
688 403 784 457 τοῦ
817 404 1084 467 παθόντος
1114 404 1263 458 ναοῦ.
1308 406 1480 476 Σαρκὶ
1503 406 1609 476 γὰρ
1641 404 1786 459 αὐτὸς

1906 406 2080 462 Carne
2107 410 2250 463 enim
2282 410 2454 477 ipsum
2490 425 2707 479 passum
2734 428 2854 469 esse
2882 414 3112 473 dicimus
3136 420 3179 453 "
3216 430 3467 493 tanquam

215 497 545 551 πεπονθέναι
582 497 781 565 φαμὲν,
824 496 964 566 πλὴν
1008 495 1083 559 ὼς
1118 498 1176 549 ἐν
1210 496 1323 567 ἰδίῳ
1350 498 1582 566 σώματι.
1617 499 1712 549 Διὰ
1739 496 1797 549 δὲ

211 588 308 641 τοῦ
341 586 585 653 ὑσώπου,
614 589 713 657 τὴν
742 586 833 641 τοῦ
869 588 1181 656 Πνεύματος
1215 588 1364 651 ζέσιν
1398 588 1595 658 (θερμὴ
1628 588 1733 658 γὰρ
1763 588 1795 657 ἡ

213 679 344 742 πόα,
372 680 464 732 καὶ
495 678 604 731 τῶν
641 680 705 731 ἐκ
729 679 1064 749 ψυχρότητος
1100 679 1288 733 παθῶν
1322 682 1622 750 σμηκτική)
1644 696 1656 709 ·
1686 697 1795 732 τοι⁸

210 770 354 842 αῦτη
384 771 442 824 δὲ
472 773 506 841 ἡ
535 770 627 823 τοῦ
663 772 816 838 ἁγίου
852 773 1166 841 Πνεῦματος
1198 774 1450 843 ἐνέργειά
1479 791 1537 826 τε
1587 774 1677 825 καὶ
1707 772 1797 825 δύ-

212 862 427 931 ναμις)·
462 862 551 915 διὰ
578 862 634 913 δὲ
651 862 743 914 τοῦ
774 862 1027 915 κοκκίνου
1054 866 1153 932 τῆς
1183 863 1267 930 ἐφ’
1295 864 1484 931 αἵματι
1524 863 1796 931 Διαθήκης

210 951 505 1020 ὁμολογίαν
527 968 538 979 ·
572 951 657 1003 διὰ
685 951 741 1003 δὲ
773 951 868 1003 τοῦ
912 951 1112 1014 ζῶντος
1160 952 1367 1014 ὓδατος,
1398 951 1493 1021 τὴν
1536 951 1796 1014 ζωοποιὺν

210 1042 307 1094 τοῦ
343 1041 718 1111 βαπτίσματος
752 1043 933 1111 χάριν,
966 1042 1031 1093 δι’
1061 1036 1121 1095 οῦ
1150 1045 1178 1095 ὁ
1210 1042 1508 1113 λεπρωθεὶς
1535 1046 1597 1112 τῇ
1622 1044 1797 1112 ἁμαρ-

212 1132 307 1203 τίᾳ
337 1133 659 1203 καθαίρεται
681 1151 693 1162 '
730 1134 816 1186 διὰ
856 1135 912 1186 δὲ
938 1132 1033 1185 τοῦ
1061 1134 1165 1199 ἔξω
1194 1135 1291 1204 τῆς
1323 1135 1527 1197 πόλεως
1575 1135 1634 1187 τὸ
1686 1128 1795 1198 ζῶν

212 1224 451 1296 ὀρνίθιον
497 1227 943 1291 ἀποστέλλεσθαι,
977 1226 1074 1297 τὴν
1104 1228 1209 1279 ἀπὸ
1242 1226 1335 1280 τοῦ
1380 1228 1583 1296 κόσμον
1634 1226 1796 1296 μετά-

215 1334 411 1372 στασιν
441 1320 535 1372 καὶ
562 1320 660 1390 τὴν
711 1321 790 1382 είς
822 1321 1085 1389 οὐρανοὺς
1131 1320 1417 1372 Ἀνάϐασιν
1442 1319 1531 1371 τοῦ
1559 1318 1794 1388 Χριστοῦ

213 1410 613 1480 διδασκόμεθα·
655 1411 891 1479 γεγονὼς
923 1412 1030 1482 γὰρ
1073 1411 1243 1474 οὕτως
1288 1411 1421 1481 πρὸς
1450 1411 1540 1462 τὸν
1575 1412 1796 1479 Πατέρα

215 1507 311 1557 καὶ
342 1505 497 1565 θεὸν,
527 1505 664 1577 ὑπὲρ
696 1506 849 1575 ἡμῶν
874 1506 1127 1558 ἁπάντων
1162 1505 1521 1570 ἐξιλάσκεται,
1561 1507 1652 1557 καὶ
1696 1524 1795 1560 κα-

215 1589 693 1661 θαρισθησόμεθα’
729 1594 817 1646 διὰ
867 1594 921 1646 δέ
974 1594 1067 1647 τοῦ
1119 1596 1365 1665 χρίεσθαι
1400 1596 1465 1647 τὰ
1513 1596 1658 1659 δεξιὰ
1700 1596 1793 1649 τοῦ

1902 496 1951 547 in
2007 499 2223 566 proprio
2264 493 2534 568 corporef
2568 502 2671 557 Per
2721 506 3006 575 hyssopum
3066 526 3191 565 vero
3239 515 3469 583 Spiritus

1899 583 2166 640 [crvorem
2219 590 2413 656 (calida
2463 593 2605 645 enint
2656 604 2737 648 est
2788 596 2992 662 herba,
3047 601 3469 676 l'rigidornmquc

1900 681 2211 734 morborum
2261 683 2597 757 abstersiva)
2654 688 2775 741 talis
2826 681 3002 745 autem
3042 692 3272 761 Spiritus
3295 704 3466 755 sancti

1900 773 1981 824 vis
2011 784 2114 837 est,
2160 789 2221 827 ac
2272 777 2479 842 virtus;
2523 794 2617 845 per
2666 781 2943 833 coccinum
2978 799 3106 838 vero
3137 788 3465 845 TeSIamenti

1899 862 1951 914 in
1981 864 2241 931 sanguine
2265 870 2706 934 consensionem;
2738 885 2829 938 per
2862 873 3031 924 viratu
3061 888 3240 931 autem
3267 896 3463 948 aquam

1900 951 2162 1004 viviticant
2197 953 2449 1021 baptismi
2477 960 2729 1023 gratiam,
2766 974 2863 1023 per
2884 975 3044 1023 quam
3071 965 3299 1021 infectus
3322 969 3465 1037 lepra

1899 1044 2102 1109 peccati
2142 1047 2464 1110 inundatur;
2510 1062 2602 1113 per
2634 1048 2765 1101 illud
2798 1062 2999 1116 autem,
3035 1058 3174 1119 quod
3208 1070 3359 1111 extra
3389 1062 3465 1114 ci-

1898 1133 2119 1186 vitatem
2155 1136 2270 1188 viva
2297 1138 2412 1189 avis
2446 1139 2764 1203 dimittatur,
2798 1158 2860 1196 ex
2901 1145 3001 1199 hoc
3040 1150 3237 1200 mumlo
3269 1152 3468 1218 migra-

1900 1226 2099 1277 tionem
2140 1236 2192 1279 ct
2221 1226 2417 1280 Christi
2456 1230 2506 1281 iu
2541 1232 2707 1284 caelus
2747 1234 3130 1291 Ascensiouem
3166 1242 3463 1296 docemur:

1896 1315 1971 1369 ita
2006 1318 2147 1370 enim
2182 1320 2320 1385 apud
2346 1318 2511 1372 Deum
2536 1332 2590 1373 et
2620 1320 2831 1376 Patrem
2874 1326 2930 1378 iit
2974 1343 3072 1396 pro
3103 1330 3255 1383 nobis
3284 1335 3464 1402 propi-

1901 1411 2072 1478 tiatio,
2106 1422 2159 1466 et
2187 1414 2602 1481 mundabimur;
2640 1434 2735 1485 per
2758 1418 2882 1473 illttd
2914 1431 3113 1485 autent,
3144 1424 3283 1491 quod
3312 1425 3467 1476 inun-

1896 1512 2053 1571 gatur
2087 1504 2308 1558 dextera
2337 1506 2535 1574 lcprosi
2564 1509 2831 1577 auricula,
2860 1527 3158 1581 manusque
3186 1529 3248 1568 ac
3275 1517 3461 1582 pedes,

1898 1609 1996 1647 nos
2024 1597 2496 1665 contemplatione,
2529 1601 2744 1655 actione
2775 1610 2829 1658 et
2858 1617 3145 1672 progressu
3179 1604 3233 1659 in
3268 1606 3465 1660 divinis

213 1678 444 1749 λεπροῦ,
477 1682 653 1744 ὠτίον,
684 1685 776 1736 καὶ
806 1686 984 1753 χεῖρα,
1021 1686 1112 1736 καὶ⁵
1156 1685 1311 1747 πόδα,
1342 1686 1403 1738 τὸ
1428 1686 1536 1738 δεῖν
1568 1688 1701 1757 πρὸς
1726 1690 1786 1756 τῇ

1901 1688 2099 1740 versari
2132 1688 2346 1742 debere.

214 1770 423 1841 θεωρία
456 1773 549 1824 καὶ
577 1776 641 1843 τῇ
672 1775 867 1845 πράξει
904 1776 996 1827 καὶ
1028 1779 1093 1846 τῇ
1127 1777 1321 1848 πορείᾳ
1367 1779 1427 1831 ἐν
1470 1780 1582 1841 τοῖς
1626 1778 1789 1842 θείοις

211 1862 363 1932 ἡμᾶς
389 1865 661 1932 γενέσθαι.

297 1958 359 2010 '0
388 1959 591 2029 Κύριος
620 1960 676 2013 δὲ
707 1961 792 2014 διὰ
819 1962 917 2031 τῆς
948 1965 1165 2035 ἐπαφῆς
1188 1965 1287 2035 τῆς
1311 1964 1490 2036 χειρὸς
1516 1965 1612 2036 τὴν
1659 1966 1793 2020 κάθ-

212 2065 376 2118 αρσιν
415 2050 507 2102 τοῦ
547 2050 748 2121 λεπροῦ
786 2054 973 2107 τούτου
1005 2057 1317 2127 ἐποιήσατο,
1346 2058 1557 2122 δεικνὺς
1587 2060 1667 2113 ὅτι
1697 2060 1792 2112 καὶ

211 2139 248 2206 ἡ
278 2138 413 2206 ἁγία
440 2140 607 2192 αὑτοῦ
637 2142 773 2211 σὰρξ
800 2144 1065 2215 χρειώδης
1095 2148 1211 2199 ἐστὶ
1238 2148 1373 2219 πρὸς
1396 2149 1686 2217 ἁγιασμόν.
1719 2148 1791 2200 Τὸ

212 2227 315 2297 μιν
351 2231 461 2299 γὰρ
494 2231 714 2302 Πνεῦμα
746 2233 1021 2306 καθαίρει,
1058 2237 1091 2305 ἡ
1116 2236 1173 2290 δὲ
1211 2236 1303 2289 τοῦ
1335 2237 1651 2308 Πνεῦματος
1679 2256 1791 2313 κοι-

208 2319 376 2372 νωνία
416 2322 633 2387 ἐμποιεῖ
659 2323 748 2376 τὸν
779 2325 1070 2394 ἁγιασμόν.

208 2411 523 2478 Κυρίλλου
572 2412 642 2467 ἐκ
690 2412 797 2467 τοῦ
850 2415 1121 2483 πέμπτου
1152 2416 1397 2480 βιϐλίου
1448 2418 1569 2472 τῶν
1616 2420 1791 2475 ’Υπο-

277 2500 606 2567 μνημάτων
656 2501 775 2557 τῶν
803 2506 891 2571 εὶς
942 2504 1006 2558 τὸ
1036 2504 1185 2559 κατὰ
1212 2506 1513 2562 Ματθαῖον
1545 2509 1790 2579 Εὐαγγέ-

279 2594 442 2644 λιον.

281 2681 443 2735 Μετὰ
489 2684 566 2752 (l)
610 2684 666 2737 δὲ
720 2684 814 2739 τοῦ
863 2688 1190 2757 χαρίσασθαι
1237 2690 1335 2759 τὴν
1371 2692 1434 2745 ἐκ
1489 2692 1790 2762 φιλαγάθου

209 2772 525 2843 θελήματος
573 2777 767 2847 ῥοπὴν,
810 2780 902 2832 καὶ
936 2781 1031 2853 τὴν
1080 2782 1166 2835 διὰ⁸
1211 2785 1388 2853 χειρὸς
1426 2786 1566 2856 ἁφὴν
1619 2805 1786 2856 προσο

207 2864 524 2918 επιδίδωσιν
604 2868 690 2921 ἵνα
728 2870 987 2939 μάθωμεν
1042 2875 1204 2943 ἡμεῖς
1280 2876 1355 2939 ὼς
1433 2878 1653 2946 ἐνεργὸν
1711 2883 1790 2945 είς

208 2956 483 3025 κάθαρσίν
523 2958 639 3011 ἐστι
682 2962 743 3011 τὸ
804 2963 957 3030 ἅγιον
1007 2966 1170 3019 αὑτοῦ
1218 2967 1403 3036 σῶμα,
1432 2969 1526 3021 καὶ
1569 2973 1633 3040 τῇ
1670 2971 1789 3041 θείᾳ

1962 1950 2065 2018 21
2129 1950 2381 2005 Dominus
2431 1963 2609 2007 autem
2670 1970 2764 2023 per
2819 1966 3124 2012 contactum
3165 1976 3355 2017 manus
3385 1964 3463 2020 le-

1890 2043 2039 2109 prosi
2084 2041 2244 2109 hujus
2284 2044 2689 2098 inundationem
2727 2058 2982 2115 operatus
3022 2059 3135 2115 est,
3172 2055 3461 2110 ostendens

1892 2145 2135 2187 sanetam
2163 2147 2383 2187 carnem
2420 2149 2573 2189 suam
2603 2137 2789 2190 utilem
2833 2152 2955 2195 esse
2985 2142 3051 2194 ad
3084 2144 3462 2200 sanctiﬁcatio-

1892 2237 2037 2275 netu.
2072 2223 2308 2290 Spiritus
2338 2225 2605 2294 siquidem
2631 2231 2878 2297 mtmdat,
2909 2234 3337 2291 communicatio
3358 2252 3458 2292 au-

1895 2323 2000 2367 tem
2029 2314 2264 2381 Spiritus
2297 2318 2641 2372 sanctitatem
2675 2321 2829 2373 indit.

1892 2412 2083 2482 Cyr-illi
2111 2431 2176 2467 ex
2207 2415 2341 2468 libro
2366 2418 2548 2485 quinto
2581 2422 3072 2475 commentariorum
3120 2426 3173 2477 in
3220 2425 3457 2482 llattkau'

2200 2506 2563 2577 Evangelium.
2608 2509 2837 2581 (Matth.
2872 2528 2999 2579 vm,
3028 2516 3147 2584 15.)

1962 2684 2252 2754 Postquam
2283 2684 2528 2740 benivola
2554 2700 2649 2738 sua
2673 2685 2945 2741 voluntate
2973 2688 3036 2743 be
3053 2688 3303 2745 nel'lcium
3329 2707 3457 2747 con-

1894 2776 2111 2839 tulerat,
2166 2792 2325 2830 manu
2382 2792 2596 2846 quoque
2651 2779 2826 2847 tetigit
2870 2819 2883 2841 ,
2940 2790 2996 2832 ut
3040 2796 3138 2836 nos
3188 2785 3459 2840 discamus

1889 2878 2130 2923 Sanctum
2162 2870 2300 2924 illius
2330 2885 2527 2936 corpus
2555 2871 2658 2923 vim
2712 2875 2969 2941 purgandi
3019 2875 3241 2942 habere,
3300 2878 3459 2946 idquo

1891 2960 2179 3013 utilissime
2219 2976 2339 3013 cum
2373 2960 2553 3014 divina
2590 2963 2867 3016 voluntate
2913 2966 3331 3022 sanctiﬁcationi
3361 2986 3459 3022 no-

207 3046 468 3118 βουλήσει
492 3053 1086 3123 συμπαραλαμϐάνεται
1112 3060 1511 3126 χρειωδέστατα
1542 3063 1677 3132 πρὸς
1700 3064 1786 3115 τὸν

1901 3058 2019 3103 stne
2050 3050 2373 3102 conducere.
2418 3049 2629 3103 Etenim
2666 3068 2693 3103 a
2728 3049 2935 3120 Spiritu
2979 3057 3225 3124 purgatio
3268 3069 3456 3113 nostra

205 3141 289 3201 είς
348 3142 499 3210 ἡμᾶς
554 3144 858 3216 ἁγιασμόνο
892 3149 1157 3219 κάθαρσις
1203 3152 1371 3221 γὰρὴ
1425 3154 1482 3204 ἐν
1513 3154 1786 3223 Πνεύματι

205 3230 449 3283 τελεῖται
478 3232 543 3284 δι’
584 3236 876 3306 ἁγιασμοῦ,
900 3239 957 3291 ὃν
982 3240 1040 3292 τὸ
1086 3242 1178 3294 τοῦ
1217 3243 1467 3314 Σωτῆρος
1502 3245 1656 3314 ἡμῶν
1698 3248 1786 3298 ἐν·

204 3320 394 3390 τίθησι
448 3324 624 3392 σῶμα,
663 3326 756 3379 τοῦ
810 3331 1142 3395 ἐνοικοῦντος
1175 3333 1323 3403 αὑτῷ
1369 3335 1541 3401 Λόγου
1588 3337 1787 3406 φοροῦν

206 3409 307 3479 τὴν
344 3412 648 3482 ἐνέργειαν.

602 3509 902 3574 Κορίλλου
940 3510 1007 3563 ἐκ
1058 3512 1162 3565 τοῦ
1193 3513 1396 3566 αὐτοῦ.

276 3594 698 3665 Τεθεράπευκεν
740 3601 846 3670 γὰρ
891 3602 965 3665 ὡς
991 3603 1120 3663 Θεὸς
1141 3645 1154 3666 ,
1175 3607 1271 3673 τῆς
1308 3605 1441 3667 ἰδίας
1472 3607 1651 3676 χειρὸς
1688 3607 1785 3679 τὴν

204 3689 354 3757 ἁφὴν
387 3692 453 3759 τῇ
480 3692 703 3762 κειμένῃ
736 3691 1095 3763 δωρούμενος.
1134 3697 1239 3747 Καὶ
1266 3696 1353 3748 διὰ
1380 3698 1533 3749 ποίαν
1572 3700 1781 3764 αἰτίανς

205 3777 327 3831 Ἵνα
351 3782 417 3848 τῇ
444 3779 549 3850 ἰδίᾳ
575 3781 752 3848 φύσει,
785 3786 849 3853 τῇ
889 3785 985 3853 τῆς
1016 3785 1263 3856 θεότητος
1290 3787 1448 3855 λέγω,
1482 3790 1784 3846 ίσοσθενοῦν

203 3870 465 3942 ἀποδείξῃ
495 3872 554 3923 τὸ
585 3873 711 3925 ἴδιον
748 3875 905 3943 σῶμα
933 3877 1073 3929 κατά
1107 3894 1170 3944 γε
1195 3877 1291 3948 τὴν
1312 3882 1368 3932 ἐν
1398 3882 1506 3942 τοῖς
1541 3882 1784 3936 νοσοῦσιν

205 3963 489 4033 ἐνέργειαν
507 3980 518 3992 '
539 3962 696 4033 σῶμα
727 3966 834 4034 γάρ
860 3966 1007 4017 ἐστιν
1032 3967 1129 4018 οὐκ
1158 3967 1443 4036 ἀνθρώπου
1473 3970 1614 4032 τινὸς
1631 4009 1645 4033 ,
1668 3970 1782 4023 ἀλλ’

204 4050 371 4104 αὑτοῦ
418 4050 486 4105 τὰ
549 4052 727 4106 πάντα
774 4052 1167 4125 κατορθοῦντος
1218 4057 1311 4108 καὶ
1365 4056 1637 4126 ἰσχύοντος
1681 4060 1783 4111 Λό-

205 4158 327 4211 γου.

607 4259 915 4325 Κυρίλλου
942 4258 1011 4312 ἐκ
1036 4260 1140 4313 τοῦ
1165 4260 1373 4315 αὑτοῦ.

276 4348 437 4416 Λόγῳ
464 4350 751 4419 τοιγαροῦν
789 4351 1016 4420 ἐνεργὴς
1052 4352 1247 4421 ὁρᾶται
1279 4352 1437 4406 πάλιν
1464 4369 1477 4384 ·
1526 4356 1622 4407 καὶ
1648 4356 1778 4408 ποτὲ

208 4435 309 4501 μὲν
351 4423 526 4501 οὗτος,
572 4437 702 4489 ποτὲ
731 4438 786 4491 δὲ
839 4441 1041 4502 ἐκεῖνος
1094 4440 1499 4511 θαυματουργεῖ
1528 4459 1539 4472 υ
1566 4443 1778 4507 δεικνὺς

204 4526 287 4580 ὃτι
311 4527 406 4578 καὶ
431 4526 566 4580 αὐτὸ
592 4528 652 4581 τὸ
680 4528 844 4599 σῶμα
866 4530 926 4582 τὸ
952 4530 1154 4600 ληφθὲν
1181 4533 1312 4602 παρ’
1340 4532 1503 4586 αὑτοῦ
1529 4533 1777 4604 δι’ἡμᾶς,

204 4616 431 4686 ἐνεργόν
462 4620 581 4671 ἐστι
619 4618 741 4673 καθ’
771 4621 952 4687 ἑαυτὸ,
979 4621 1068 4675 διὰ
1106 4622 1197 4675 τὸν
1235 4624 1546 4677 ἐνοικοῦντα
1568 4626 1741 4693 Λόγον
1767 4642 1779 4656 ·

205 4710 300 4761 καὶ
345 4711 376 4761 ό
411 4709 585 4777 Λόγος
619 4711 676 4764 δὲ
720 4712 874 4766 οὐδὲν
922 4708 1104 4785 ἦττον,
1137 4714 1233 4767 καὶ
1262 4715 1311 4767 εί
1343 4714 1421 4785 μὴ
1456 4715 1784 4786 σωματικῶς

206 4797 469 4870 ἐπαφῷτό
508 4818 689 4856 τινων.

289 4889 501 4957 Ὀψίας
519 4890 586 4944 δὲ
605 4892 932 4961 γενομένης
951 4892 1372 4963 προσήνεγκαν
1391 4894 1551 4959 αὐτῷ
1575 4894 1777 4964 δαιμο-

206 4976 543 5047 νιζομένους
574 4982 865 5047 πολλούς.

274 5069 373 5122 Διὰ
406 5069 459 5121 τί
489 5070 699 5142 ἡμέρας
729 5073 788 5124 οὐ
826 5074 1206 5144 προσήνεγκαν
1250 5074 1377 5137 τοὺς
1422 5074 1773 5146 ἀρῤὠστους;

211 5162 365 5216 Ἤτοι
391 5163 775 5234 εὐλαϐούμενοι
805 5167 931 5229 τοὺς
947 5167 1297 5237 Γραμματεῖς
1321 5168 1413 5220 καὶ
1428 5166 1770 5237 Φαρισαίους,

207 5256 239 5324 ἢ
274 5257 338 5309 ἂν
368 5255 530 5311 πάλιν
567 5258 941 5329 αἰσχυνόμενοι
974 5259 1065 5310 ἐπὶ
1090 5261 1209 5321 ταῖς
1240 5243 1543 5322 ἀσθενείαις
1570 5258 1770 5325 αὐτῶν,

282 5428 323 5460 ⁸⁸
358 5430 374 5482 l
408 5430 555 5487 Petr.
589 5447 667 5496 tv,
692 5434 739 5486 1.

277 5609 349 5676 (l)
383 5607 496 5661 Hoc
520 5607 879 5676 fragmentum
906 5620 1025 5659 cum
1052 5607 1259 5660 duobus
1285 5604 1631 5676 sequentibus
1655 5607 1765 5661 edi-

204 5674 443 5747 ditAng.
477 5678 585 5732 Mai
616 5674 685 5729 in
712 5674 780 5729 B.
806 5674 878 5730 N.
913 5685 1056 5731 teuto
1101 5676 1168 5742 ll,
1206 5691 1262 5746 p.
1299 5675 1430 5731 476.
1471 5676 1663 5743 Agitur
1703 5680 1768 5731 de

1894 3141 1972 3205 ﬁt,
2005 3156 2165 3209 quam
2202 3142 2507 3196 Servatoris
2542 3145 2712 3197 nostri
2758 3161 2955 3211 corpus
2984 3149 3198 3201 conlert
3229 3187 3245 3213 ,
3298 3150 3457 3204 inha-

1888 3232 2109 3286 bitantis
2138 3234 2189 3287 in
2230 3234 2343 3303 ipso
2382 3233 2616 3303 Spiritus
2641 3235 2935 3291 emcaciam
2973 3252 3188 3306 gerens.

2338 3512 2527 3583 Cyrillt'
2558 3531 2622 3568 ea:
2650 3517 2823 3569 eodem
2864 3516 3017 3571 libro.

1957 3605 2255 3659 Sanitatem
2286 3614 2470 3673 utpote
2523 3605 2662 3658 Deus
2690 3607 2938 3669 contulit,
2991 3611 3223 3678 propria:
3264 3626 3456 3668 manus

1886 3704 2194 3747 contactum
2253 3692 2456 3758 jacenti
2522 3696 2858 3763 gratillcans.
2907 3694 3317 3761 Quamobrem?
3386 3701 3455 3757 Ut

1886 3783 2119 3851 propriae
2142 3793 2373 3845 naturae,
2408 3783 2601 3834 divina:
2635 3783 2873 3849 inquam,
2911 3799 3066 3852 pares
3093 3787 3289 3840 habere
3314 3788 3455 3845 vires

1885 3888 2081 3942 corpus
2109 3890 2263 3927 suum
2290 3874 2598 3926 ostenderet
2626 3912 2640 3935 ,
2698 3884 2958 3941 quantum
3010 3876 3203 3929 attinet
3246 3878 3314 3931 ad
3361 3895 3451 3934 sa-

1884 3966 2189 4020 naudorum
2226 3979 2489 4033 :rgrorum
2542 3962 2859 4017 efﬁcaciam.
2907 3965 3021 4019 Non
3054 3974 3135 4021 est
3166 3970 3310 4023 enim
3350 3970 3452 4025 hoc

1882 4071 2078 4124 corpus
2100 4055 2386 4123 cujuslibet
2410 4055 2644 4123 Vulgaris
2664 4055 2920 4121 hominis,
2954 4058 3046 4111 sed
3078 4056 3235 4113 Verbi
3255 4074 3449 4116 cuncta

1887 4150 2115 4218 potentis
2146 4164 2400 4218 prospere
2436 4146 2665 4201 eﬂicere.

2336 4257 2522 4328 Cyrilli
2547 4275 2610 4312 ea:
2630 4261 2809 4312 eodem
2840 4258 2995 4313 libro.

1960 4351 2204 4407 Vicissim
2248 4351 2428 4419 itaque
2457 4365 2589 4404 voce
2634 4364 2756 4404 eum
2808 4352 3054 4405 videmus
3102 4352 3334 4419 operari.
3388 4352 3451 4405 Et

1884 4446 2042 4497 modo
2085 4444 2299 4510 quidem
2358 4456 2510 4504 voce,
2560 4441 2719 4495 modo
2769 4441 2933 4495 etiam
2994 4449 3138 4495 tactu
3192 4443 3448 4495 miraculi

1881 4536 1992 4590 edit
2028 4552 2042 4589 :
2081 4548 2271 4601 nempe
2302 4542 2361 4586 ut
2387 4534 2741 4597 demonstret,
2772 4546 2967 4599 corpus
2990 4531 3156 4585 etiam
3190 4534 3331 4599 quod
3356 4547 3449 4600 pro

1882 4626 2038 4680 nobis
2068 4624 2383 4692 assumpsit,
2418 4638 2513 4690 per
2534 4638 2593 4677 se
2630 4638 2753 4677 esse
2795 4620 2987 4677 efﬁcax
3036 4630 3256 4690 propter
3294 4621 3451 4676 inha-

1885 4719 2065 4771 bitans
2096 4716 2351 4779 Verbum,
2384 4711 2733 4783 Vcrbumque
2779 4715 2922 4767 haud
2985 4713 3168 4767 secius
3224 4712 3445 4780 pollere.

1886 4808 2099 4863 etiamsi
2130 4805 2311 4859 nullus
2338 4806 2490 4859 ticret
2510 4804 2808 4874 corporalis
2837 4813 3149 4859 contactus.

1955 4896 2089 4959 VIII,
2122 4896 2206 4950 l6.
2253 4894 2467 4961 Vespere
2500 4906 2673 4950 autem
2710 4895 2873 4963 facta,
2903 4896 3198 4951 obtulerunt
3230 4898 3278 4951 ei
3308 4900 3447 4954 utul-

1884 4998 1963 5043 tos
1986 4987 2246 5041 dwmouia
2272 4985 2536 5039 habentes.

1955 5078 2063 5129 Cur
2110 5076 2174 5130 de
2227 5076 2314 5129 die
2378 5090 2482 5129 non
2536 5074 2811 5129 adducunt
2853 5072 3148 5132 inﬁrmos?
3182 5072 3277 5129 Vel
3322 5079 3445 5144 quia
3501 5152 3505 5156 ἢ

1883 5165 2102 5220 Scribas
2131 5174 2447 5220 reverentur
2499 5176 2554 5218 et
2594 5164 2922 5227 Pltarisaaos,
2955 5172 3042 5217 aut
3082 5179 3273 5221 rursus
3318 5168 3443 5235 quia

1881 5256 2221 5311 inﬁrmitates
2263 5270 2388 5311 suas
2420 5256 2765 5321 erubescunt,
2819 5264 2911 5308 aut
2958 5268 3022 5309 eo
3070 5256 3210 5334 quod
3246 5256 3446 5315 intinxti

1871 5606 2013 5660 Petri
2035 5604 2262 5674 apostoli
2296 5619 2451 5682 socru
2482 5604 2708 5682 (Matth.
2733 5620 2849 5682 vin,
2874 5607 2960 5668 M,
2996 5609 3108 5682 15),
3133 5624 3292 5680 quam
3324 5626 3446 5667 ma-

1876 5692 1976 5731 nus
2014 5685 2260 5731 contactu
2298 5675 2429 5729 febri
2459 5675 2729 5744 expedivit
2754 5676 3033 5733 Servatur.

3364 305 3551 368 590’
