3946 6316
482 303 581 360 ωι

1520 290 1578 348 5.
1619 288 1895 348 οῖιιιιιι
1931 283 2404 342 ΑιΕΧΑΝυιιιΝι
2436 282 2761 341 ARCIIIEP.

3648 284 3750 340 3')!

483 441 593 479 non
653 422 1067 491 aa‘liaimeut
1131 417 1222 488 qui
1284 429 1403 470 sese
1458 417 1525 469 ad
1588 413 1771 469 Iesum
1828 411 2061 465 adduce-

2188 410 2198 479 }
2228 407 2316 462 διὰ
2344 407 2404 460 τὸ
2441 406 2514 478 μὴ
2545 407 2689 477 ἔχειν
2718 407 2844 470 τοὺς
2870 405 3227 469 ἀσθενοῦντάς
3265 421 3419 468 τινας
3465 422 3745 475 apocata-

485 527 708 671 re"\illl,
743 606 824 659 18.
870 602 1062 656 Viden:
1086 612 1261 655 autem
1284 599 1443 654 Iesus
1475 599 1656 651 turbas
1680 597 1875 649 multa:
1914 596 2059 648 circa

482 718 560 766 se,
589 699 753 768 jussit
783 698 859 749 ire
891 706 1036 747 trans
1061 693 1278 761 fretum.

555 789 807 845 Retraxit
863 801 922 841 se
952 785 1208 839 Christus
1241 798 1270 836 a
1299 782 1474 836 turbis
1494 821 1509 846 ,
1542 796 1610 836 ne
1642 780 1913 847 gloriosus
1942 777 2063 846 qui-

481 882 604 937 dam
637 880 918 934 videretur
943 916 959 941 ,
1012 876 1104 945 qui
1154 873 1336 945 populi
1369 874 1617 927 laudibus
1661 871 2064 934 delectaretur;

483 983 647 1043 atque
688 984 746 1025 ut
796 986 863 1024 ne
890 972 1258 1023 irascerentur
1287 967 1389 1021 sibi
1426 966 1687 1020 Pharisazi
1716 1006 1730 1031 ,
1784 964 1875 1033 qui
1925 976 2067 1031 a‘gre

485 1066 776 1120 admodum
846 1062 1094 1118 ferebant
1137 1060 1335 1114 nmltos
1376 1058 1448 1111 illi
1486 1059 1786 1111 adita-rere.
1843 1055 2068 1122 Insuper

485 1158 704 1213 volebat
728 1153 888 1208 Jesus
924 1153 1215 1206 salutarem
1244 1166 1396 1204 suam
1428 1146 1915 1205 circumstantibus
1937 1159 2067 1213 quo.

486 1265 593 1319 que
624 1249 849 1302 urbibus
880 1246 1056 1299 lucem
1100 1242 1323 1297 inferre.

486 1339 674 1411 Cyritli
707 1355 771 1393 ea:
796 1338 1024 1392 secundo
1055 1336 1188 1387 libro
1230 1330 1597 1386 commentarii
1641 1330 1697 1383 in
1743 1328 2062 1382 Matt/neunt

1016 1424 1235 1496 (Matth.
1270 1437 1386 1485 vm,
1417 1421 1534 1490 25).

556 1518 743 1573 Navim
770 1533 900 1587 ergo
926 1532 1048 1570 cum
1078 1530 1144 1568 eo
1167 1514 1536 1567 conscendunt
1565 1510 1854 1577 discipuli;
1896 1510 1942 1562 is
1966 1523 2062 1562 au-

488 1623 596 1667 tem
612 1625 859 1664 somnum
881 1606 982 1661 sibi
1004 1606 1359 1671 obrepentem
1387 1601 1646 1663 admittit,
1669 1598 2068 1666 etdispensati-

2163 502 2281 569 γεῖν
2313 498 2511 561 αὐτοὺς
2538 500 2616 569 τῷ
2652 499 2850 568 Ἰησοῦ.

2250 591 2413 645 Ἰδὼν
2452 590 2519 643 δὲ
2556 587 2794 657 Ἰησοῦς
2820 587 3090 654 πολλοὺς
3118 588 3343 656 ὄχλους
3378 594 3511 655 περὶ
3535 586 3743 652 αὐτὸν,

2164 683 2493 738 ἐκέλευσεν
2541 682 2825 737 ἀπελθεῖν
2874 684 2961 747 εὶς
2998 681 3064 734 τὸ
3108 680 3318 748 πέραν.

2248 776 2554 847 ’Υπεχώρει
2588 775 2663 845 (I)
2698 776 2725 827 ὁ
2749 774 2984 844 Χριστὸς
3029 773 3136 826 ἀπὸ
3164 773 3274 827 τῶν
3306 772 3501 843 ὄχλων,
3551 774 3643 828 ἵνα
3681 774 3751 846 μὴ

2165 870 2293 942 δόξῃ
2343 887 2427 932 τις
2481 869 2818 939 φιλόκομπος
2858 863 3019 929 εἶναι,
3060 866 3265 936 χαίρων
3312 868 3423 929 τοῖς
3464 866 3619 936 παρὰ
3647 866 3748 919 τῶν

2167 963 2381 1015 πολλῶν
2415 963 2677 1027 ἐπαίνοις,
2716 961 2811 1015 καὶ
2842 962 2930 1014 ἴνα
2964 959 3038 1031 μὴ
3072 960 3399 1030 ὀργίξωνται
3431 960 3549 1012 κατ’
3588 958 3749 1012 αὐτοῦ

2166 1055 2451 1123 Φαρισαῖοι
2497 1053 2708 1123 (ἐλύπει
2737 1053 2845 1123 γὰρ
2874 1052 3070 1113 αὐτοὺς
3107 1050 3420 1121 σφόδραπὸ,
3440 1049 3751 1104 ἀκολουθεῖν

2168 1146 2318 1216 αύτῷ
2340 1144 2616 1214 πολλοὺς),
2644 1145 2737 1197 καὶ
2759 1144 2845 1196 ἵνα
2874 1145 2992 1203 ταῖς
3023 1141 3249 1212 πλησίον
3278 1141 3503 1194 πόλεσιν
3532 1141 3753 1211 ἐπιλάμ-

2167 1237 2245 1309 ψῃ
2278 1237 2338 1290 τὸ
2365 1239 2563 1291 οἰκεῖον
2590 1238 2688 1290 καὶ
2726 1237 2992 1306 σωτήριον
3026 1234 3159 1301 φῶς.

2166 1329 2474 1396 Κυριλλου
2537 1328 2606 1381 ἐκ
2656 1326 2762 1381 τοῦ
2842 1325 3126 1393 δευτέρου
3191 1324 3297 1378 τοῦ
3347 1327 3435 1391 εις
3483 1324 3551 1379 τὸ
3610 1324 3754 1379 κατὰ

2562 1413 2620 1464 Μ
2624 1409 2869 1465 ατθαῑον
2916 1411 2927 1428 '
2943 1408 3389 1477 Υπομνήματος.

2242 1501 2687 1555 Συνεισὸαίνουσι
2720 1504 2800 1572 (2)
2839 1501 3021 1554 τοίνυν
3036 1503 3084 1553 οἱ
3105 1500 3365 1571 μαθηται·
3399 1499 3494 1552 καὶ
3528 1499 3751 1568 προσδέ-

2172 1612 2331 1665 χεται
2376 1594 2474 1665 μὲν
2505 1595 2595 1648 τὸν
2632 1594 2799 1647 ὕπνον
2825 1594 3007 1660 αὐτὸς,
3044 1594 3406 1662 οἰκονομικῶς
3440 1592 3750 1662 δὲμάλιστα

486 1715 552 1753 va
586 1700 795 1753 ratione
816 1711 910 1765 per
939 1695 989 1747 id
1022 1704 1233 1761 tempus
1277 1704 1497 1744 carnem
1528 1703 1681 1741 suam
1708 1687 1916 1756 perpeti
1949 1702 2065 1754 qua:

2188 1688 2293 1741 ιατ’
2321 1690 2498 1741 ἐκεῖνο
2528 1687 2722 1759 καιροῦ
2745 1686 2806 1740 τὸ
2826 1686 3014 1739 παθεῖν
3046 1686 3219 1755 ἐφιεὶς
3241 1686 3310 1738 τὰ
3340 1684 3447 1737 ἴδια
3470 1688 3535 1755 τῇ
3570 1687 3748 1755 σαρκὶ,

486 1793 611 1847 huic
685 1800 813 1845 sunt
878 1786 1095 1856 propria
1159 1784 1322 1847 sinit;
1383 1796 1694 1851 quanquam
1761 1778 2065 1833 divinitatis

2188 1781 2343 1833 ιαίτοι
2399 1780 2601 1834 διέπων
2648 1780 2810 1843 αὐτὸς
2864 1778 3009 1833 κατά
3061 1797 3125 1848 γε
3192 1778 3289 1850 τὴν
3350 1779 3451 1847 τῆς
3502 1777 3750 1846 θεότητος

488 1882 696 1938 efﬁcaci
718 1881 766 1933 vi
790 1894 852 1933 ac
873 1886 1066 1931 natura
1092 1875 1289 1929 caelum
1314 1884 1619 1941 terramque
1635 1878 1689 1926 et
1730 1885 2065 1941 quacunque

2188 1872 2452 1941 ἐνέργειαν
2481 1889 2541 1924 τε
2580 1873 2674 1925 καὶ
2702 1870 2866 1940 φύσιν
2894 1871 3157 1941 οὐρανοὺς
3181 1870 3276 1925 καὶ
3302 1870 3404 1939 γῆν
3441 1868 3538 1922 καὶ
3575 1867 3643 1920 τὰ
3665 1868 3751 1920 ἐπὶ

488 1972 626 2025 ultra
651 1986 712 2024 ea
745 1977 872 2023 sunt
906 1967 1242 2038 pervaderet.

558 2060 691 2127 VIII,
719 2061 812 2115 25.
852 2059 1094 2121 Domine,
1124 2056 1267 2109 salva
1297 2071 1410 2114 nos,
1442 2054 1694 2123 perimus.

559 2155 755 2224 Specta
800 2167 923 2206 cum
969 2152 1070 2203 ﬁde
1104 2148 1225 2201 ﬁdei
1262 2146 1601 2214 parvitatem.
1638 2143 1879 2198 Credunt
1910 2143 2072 2212 siqui-

490 2250 611 2302 dem
650 2246 865 2300 salvare
902 2258 1024 2298 eum
1079 2253 1280 2309 posse:
1330 2242 1391 2290 ut
1441 2247 1617 2291 autem
1672 2236 1895 2289 modicae
1948 2237 2069 2289 ﬁdei

488 2337 683 2391 aiunt:
726 2354 744 2386 ι
781 2333 941 2387 Salva
976 2345 1109 2394 nos,
1149 2329 1423 2396 perimus;
1464 2344 1483 2377 ι
1526 2339 1699 2393 neque
1730 2326 1871 2378 enim
1923 2326 2069 2394 peri-

489 2428 665 2482 culum
700 2434 819 2480 erat
852 2422 1109 2494 pereundi
1141 2434 1263 2473 cum
1296 2421 1513 2473 adesset
1544 2418 1655 2473 illis
1693 2418 1738 2471 is
1767 2420 1858 2487 qui
1889 2420 2068 2473 omnia

488 2528 719 2589 poterat.

559 2632 663 2701 23
696 2628 825 2696 VIII,
857 2629 946 2683 ‘29.
990 2626 1057 2679 Et
1083 2643 1198 2681 ecce
1227 2625 1581 2679 clamauerunt
1616 2623 1847 2677 dicentes
1874 2639 1892 2676 :
1927 2622 2070 2689 Quid

490 2726 635 2778 nobis
661 2735 705 2776 et
740 2724 859 2785 tibi,
896 2720 1046 2787 Jesu,
1077 2718 1189 2773 Fili
1225 2717 1356 2771 Dei?
1387 2717 1569 2770 venisti
1600 2716 1697 2769 huc
1727 2725 1848 2771 ante
1869 2725 2069 2782 tempus

488 2826 727 2885 torquere
756 2830 848 2866 nos
867 2815 893 2866 .9

562 2904 618 2958 In
664 2906 937 2973 regionem
983 2912 1163 2957 autem
1205 2901 1492 2971 quamdam
1538 2898 1896 2962 abducuntur,
1925 2896 2069 2951 unde

493 2995 598 3051 illis
626 3009 733 3048 non
760 2993 990 3061 amplius
1022 3002 1105 3046 est
1138 2993 1394 3047 redeundi
1428 2999 1687 3059 potestas,
1726 2989 1817 3041 sed
1848 2988 2067 3041 terribi-

494 3089 595 3142 lem
627 3087 775 3141 illum
808 3088 946 3139 diem
980 3092 1315 3153 exspectant.
1360 3082 1438 3135 Tu
1479 3096 1606 3135 vero
1636 3081 1764 3133 mihi
1798 3083 2067 3149 perpende

493 3179 752 3231 audacter
798 3174 1174 3229 meticulosum
1219 3174 1524 3227 datmonum
1566 3186 1773 3241 genus:
1810 3171 2068 3239 quemad-

493 3272 711 3325 modum
752 3269 894 3321 enim
930 3282 995 3320 ex
1039 3265 1261 3319 audacia
1297 3264 1565 3318 accedunt
1594 3263 1850 3332 quidem,
1882 3263 2067 3317 dicen-

496 3373 618 3415 tes:
655 3378 673 3410 ι
711 3357 848 3424 Quid
902 3357 1030 3410 mihi
1076 3366 1130 3409 et
1175 3355 1308 3409 tibi?
1346 3373 1365 3406 ι
1400 3355 1475 3408 ita
1521 3356 1774 3409 desinunt
1805 3355 1859 3407 in
1906 3353 2067 3407 timo-

495 3464 629 3503 rem.
662 3449 796 3515 Quia
838 3448 1018 3504 divina
1051 3448 1327 3515 Unigeniti
1371 3457 1563 3501 natura
1614 3460 1707 3500 eos
1743 3445 2070 3514 incorrupti-

494 3541 616 3598 hIlis
647 3543 785 3611 ignis
815 3540 1046 3595 ﬂammis
1080 3540 1318 3606 addixit,
1350 3538 1588 3593 clamant
1616 3556 1628 3591 :
1670 3556 1687 3587 ι
1724 3536 1927 3591 Venisti
1965 3537 2070 3590 huc

495 3644 622 3688 ante
662 3645 871 3701 tempus
908 3642 1159 3700 torquere
1205 3645 1340 3695 nos;
1374 3648 1393 3681 ι
1430 3638 1627 3683 norant
1660 3628 1803 3681 enim
1837 3642 1902 3681 ex
1945 3643 2072 3695 pro-

494 3725 721 3793 pheticis
751 3724 1116 3787 sermonibus,
1154 3734 1437 3777 venturum
1469 3720 1769 3783 Christum,
1803 3733 1967 3788 seque
2002 3719 2070 3772 ab

493 3828 559 3869 eo
579 3814 900 3884 judicandos
921 3830 935 3879 ;
959 3815 1100 3883 quod
1126 3823 1303 3866 autem
1332 3813 1493 3867 etiam
1537 3822 1656 3864 ante
1689 3821 1891 3880 tempus
1914 3812 2067 3865 dixe-

494 3908 625 3971 rint,
672 3916 930 3973 tanquam
983 3906 1378 3960 incarnationis
1423 3913 1635 3973 tempus
1669 3904 1831 3959 veluti
1872 3904 2068 3957 intem-

493 3998 759 4066 pestivum
793 4000 1104 4065 increpant;
1135 3997 1267 4051 nihil
1291 3997 1434 4050 cnim
1462 3996 1683 4061 mirum,
1711 4009 1831 4049 cum
1857 4008 2070 4063 semper

498 4089 620 4142 mali
655 4089 786 4154 sint,
820 4091 981 4144 etiam
1028 4091 1131 4145 hoc.
1173 4104 1266 4143 eos
1300 4088 1484 4142 dicere
1525 4087 1767 4141 audere:
1821 4095 1876 4140 et
1920 4096 2069 4140 certe

493 4180 726 4234 scientes
772 4194 831 4233 se
881 4182 1212 4249 puniendos,
1246 4190 1502 4247 tanquam
1548 4186 1944 4246 contemptores
1984 4177 2067 4230 di-

494 4279 659 4323 cunt:
696 4287 714 4320 ι
772 4269 914 4335 Quid
946 4271 1114 4335 nobis,
1154 4281 1201 4324 et
1242 4269 1382 4323 tibi?
1416 4285 1434 4317 ι
1486 4267 1752 4320 rationem
1786 4266 1930 4319 enim
1971 4267 2071 4321 init

488 4362 649 4427 iudex
679 4364 978 4428 nobiscum,
1007 4364 1158 4430 cujus
1184 4361 1434 4415 mandata
1457 4371 1643 4411 sumus
1672 4360 2061 4427 praetergressi.

564 4452 674 4524 24
703 4453 791 4519 IX,
825 4454 879 4508 2.
913 4455 1149 4523 Conﬁde,
1181 4455 1282 4524 ﬁli.

563 4544 755 4597 Filium
798 4548 1007 4599 vocavit
1058 4547 1411 4615 paralyticum
1465 4546 1671 4601 ratione
1723 4544 2062 4599 creationis:

2172 1964 2380 2027 τούτοις
2413 1964 2693 2019 ἐπέκεινα.

2240 2056 2440 2122 Κύριε,
2472 2054 2682 2109 σῶσον
2704 2055 2881 2127 ἡμᾶς,
2906 2054 3320 2123 ἀπολλύμεθα.

2243 2145 2416 2200 Βλέπε
2451 2146 2589 2215 μετὰ
2616 2146 2851 2208 πίστεως
2883 2145 3273 2214 ὀλιγοπιστίαν.
3302 2143 3631 2197 Πιστεύουσι
3657 2142 3749 2213 μὲν

2171 2240 2278 2312 γὰρ
2322 2240 2403 2291 ὃτι
2441 2238 2613 2292 σῶσαι
2653 2237 2874 2291 δύναται
2899 2254 2911 2265 ·
2955 2236 3031 2300 ὡς
3073 2236 3130 2288 δὲ
3173 2234 3506 2303 ὀλιγόπιστοι
3536 2234 3748 2302 λέγουσι

2170 2332 2263 2385 τό·
2322 2351 2339 2383 ι
2369 2332 2569 2395 Σῶσον,
2646 2328 3025 2398 ἀπολλύμεθα.
3063 2345 3082 2377 ι
3136 2327 3209 2378 Οὑ
3254 2326 3361 2394 γὰρ
3413 2320 3481 2394 ἦν
3530 2324 3748 2392 ἐφικτὸν

2171 2423 2467 2477 ἀπολέσθαι
2508 2422 2640 2475 ποτὲ
2694 2422 2943 2484 συνόντος
2975 2420 3161 2480 αὐτοῖς
3189 2416 3284 2469 τοῦ
3319 2416 3500 2470 πάντα
3541 2414 3749 2484 ἰσχύον-

2171 2532 2280 2579 τος.

2244 2627 2351 2681 Καὶ
2397 2628 2525 2681 ἰδοὺ
2559 2628 2822 2695 ἔκραξαν
2848 2627 3167 2696 λέγοντες·
3208 2626 3270 2679 Τί
3311 2624 3455 2696 ἡμῖν
3489 2623 3593 2678 καὶ
3625 2620 3747 2682 σοι,

2184 2720 2407 2788 Ἰησοῦ,
2458 2719 2553 2773 Υἱὲ
2594 2720 2700 2774 τοῦ
2754 2720 2934 2774 θεοῦ·
2960 2716 3175 2784 Ἦλθες
3218 2712 3335 2771 ὧδε
3377 2715 3491 2784 πρὸ
3541 2714 3751 2783 καιροῦ

2166 2813 2505 2876 ,βασανίσαι
2530 2810 2715 2879 ἡμᾶς

2244 2905 2337 2967 Εἰς
2368 2903 2551 2974 χώραν
2575 2903 2630 2955 δέ
2662 2920 2783 2956 τινα
2810 2903 3134 2971 ἀπάγονται,
3166 2900 3348 2954 οὐκέτι
3376 2898 3565 2967 κύριαι
3594 2893 3749 2951 οὖσαι

2170 2997 2513 3049 ἐπανελθεῖν·
2544 2996 2681 3048 ἀλλὰ
2723 2998 2822 3065 τὴν
2858 2996 3095 3065 φοϐερὰν
3130 2996 3342 3064 ἐκείνην
3372 2994 3589 3065 ἡμέραν
3623 2993 3754 3045 ἀνα-

2176 3089 2450 3158 μένουσαι.
2488 3087 2558 3139 Σὺ
2607 3087 2663 3140 δέ
2714 3105 2801 3157 μοι
2845 3089 2945 3158 ὅρα
2979 3087 3037 3139 τὸ
3072 3085 3417 3155 θρασύδειλον
3444 3085 3607 3153 γένος
3647 3082 3752 3136 τῶν

2169 3180 2459 3250 δαιμόνων,
2488 3178 2604 3242 πῶς
2632 3180 2886 3250 ἄρχονται
2917 3180 3016 3247 μὲν
3048 3178 3154 3231 ἀπὸ
3183 3177 3539 3247 θρασύτητος,
3576 3174 3755 3243 λέγον·

2170 3288 2291 3334 τες·
2354 3290 2371 3322 ι
2412 3272 2477 3323 Τί
2521 3273 2652 3340 ἡμῖν
2700 3272 2792 3323 καὶ
2846 3271 2957 3333 σοί;
2995 3288 3012 3320 ι
3067 3269 3361 3322 τελευτῶσι
3405 3270 3484 3330 εἰς
3524 3267 3752 3323 δειλίαν.

2184 3363 2401 3434 Ἐπειδὴ
2436 3364 2469 3433 ἡ
2501 3362 2618 3415 θεία
2649 3362 2740 3414 τοῦ
2772 3361 3108 3430 Μονογενοῦς
3135 3360 3295 3429 φύσις
3332 3359 3597 3430 ἀφράστῳ
3621 3359 3755 3428 πυρὶ

2170 3454 2367 3517 αὐτοὺς
2392 3454 2715 3523 κατέφλεγε,
2754 3455 2916 3521 φασίν
2937 3470 2953 3486 ο
2986 3449 3217 3515 ιἯλθες
3246 3446 3345 3505 ὦδε
3386 3452 3494 3523 πρὸ
3553 3450 3751 3521 καιροῦ

2172 3542 2463 3613 βασανίσαι
2491 3544 2674 3612 ἡμᾶςς
2713 3543 3004 3613 ι’ῌδεισαν
3032 3544 3096 3594 ἐκ
3124 3542 3231 3594 τῶν
3259 3541 3615 3613 προφητικῶν
3644 3540 3753 3610 γὰρ

2170 3632 2364 3701 λόγων,
2395 3635 2477 3686 ὅτι
2508 3634 2601 3685 καὶ
2631 3633 2856 3703 ἔμελλεν
2886 3633 3034 3698 ἥξειν
3058 3633 3086 3683 ὁ
3114 3632 3364 3702 Χριστὸς,
3400 3635 3495 3685 καὶ
3533 3633 3616 3685 δτι
3652 3633 3751 3684 αύ-

2168 3725 2260 3789 τδς
2294 3727 2488 3789 αὐτοὺς
2524 3728 2719 3796 κρινεῖ.
2754 3726 2818 3777 El
2865 3725 2922 3779 δὲ
2967 3726 3061 3777 καὶ
3105 3725 3165 3777 τὸ
3193 3726 3305 3793 πρὸ
3336 3724 3544 3792 καιροῦ
3575 3721 3748 3788 εἷπον,

2170 3820 2246 3881 ὼς
2282 3817 2659 3880 διαϐάλλοντες
2684 3816 2775 3869 τὸν
2801 3816 2899 3885 τῆς
2934 3815 3400 3886 ὲνανθρωπήσεως
3429 3815 3645 3885 καιρὸν,
3676 3816 3752 3879 ὡς

2172 3911 2319 3982 παρὰ
2349 3910 2541 3979 καιρὸν
2570 3911 2853 3979 γεγονότα,
2889 3907 3041 3959 οὐδὲν
3071 3908 3402 3977 θαυμαστὸν,
3435 3909 3487 3961 ει
3522 3909 3751 3980 πονηροὶ

2168 4001 2343 4066 ὄντες,
2376 4000 2652 4054 καὶτοῦτο
2688 4000 2929 4068 τολμῶσι
2972 3998 3150 4065 λέγειν
3171 4014 3185 4030 ο
3225 3998 3402 4052 καίτοι
3436 3997 3640 4062 ειδότες
3670 3999 3749 4052 ὅτι

2169 4094 2666 4163 τιμωρηθήσονται,
2715 4090 2902 4161 ὥσπερ
2952 4089 3257 4159 ὑπερόπται
3310 4090 3565 4159 λέγουσι*
3635 4088 3749 4142 «τι

2169 4187 2301 4255 ἡμῖν
2329 4184 2423 4237 καὶ
2458 4183 2572 4249 eoi;
2608 4184 2790 4253 »Ἔχει
2820 4183 2928 4253 γὰρ
2953 4182 3108 4250 λόγον
3138 4182 3167 4233 ὁ
3198 4182 3389 4253 κριτὴς
3427 4183 3543 4253 μεθ’
3568 4183 3743 4254 ἡμῶν,

2170 4277 2262 4345 ἀφ’
2287 4267 2348 4329 οὗ
2377 4274 2698 4345 παρέόημεν
2725 4274 2823 4337 τὰς
2863 4274 3081 4337 ἐντολὰς
3114 4274 3298 4328 αὐτοῦ.

2098 4471 2142 4525 1)
2243 4459 2478 4526 Θάρσει,
2513 4459 2728 4511 τέκνον

2236 4552 2439 4604 Τέκνον
2470 4550 2695 4603 ἐκάλεσε
2719 4550 2809 4602 τὸν
2840 4551 3227 4621 παραλυτικὸν,
3256 4549 3331 4620 τῷ
3358 4550 3455 4621 τῆς
3486 4550 3745 4621 δημιουρο

493 4644 585 4689 aut
627 4637 751 4704 quia
788 4637 833 4689 is
870 4636 1178 4689 crediderat
1216 4638 1267 4689 in
1304 4639 1497 4705 ipsum,
1531 4652 1762 4705 eumque
1795 4647 1850 4689 ut
1883 4636 2065 4689 Domi-

2188 4641 2289 4704 νίας
2316 4640 2460 4710 λόγῳ
2480 4655 2492 4669 ·
2528 4641 2560 4709 ἢ
2592 4641 2667 4704 ὠς
2700 4640 3069 4694 πιστεύσαντα
3098 4644 3176 4704 εις
3210 4643 3391 4708 αὑτὸν,
3422 4644 3517 4695 καὶ
3550 4644 3746 4709 γνόντα

494 4743 623 4781 num
648 4736 706 4781 et
730 4726 1041 4781 Creatorem
1063 4739 1376 4797 agnoverat.

560 4836 653 4903 IX,
688 4836 740 4892 6.
784 4836 929 4889 Tune
979 4838 1053 4891 ait
1097 4839 1389 4908 paralytico
1419 4857 1437 4894 :
1470 4839 1653 4911 Surge,
1708 4839 1833 4894 tolle
1874 4838 2065 4891 lectum

493 4935 664 4991 tuum,
690 4937 737 4981 et
764 4927 891 4981 vade
925 4928 980 4980 in
1011 4928 1221 4981 domum
1254 4940 1425 4986 tuam.

564 5017 801 5072 Verbum
832 5020 1047 5083 emisit,
1093 5024 1412 5077 miraculum
1463 5025 1728 5093 sequitur.
1777 5025 1889 5080 Cur
1930 5039 2063 5080 vero

492 5106 689 5162 Filium
716 5108 950 5162 hominis
973 5111 1251 5166 remittere
1273 5123 1494 5183 peccata
1523 5113 1679 5180 dixit,
1703 5114 1814 5182 jam
1843 5123 2062 5183 peracta

494 5197 789 5252 divinitatis
818 5199 1292 5257 manifestatione?
1320 5202 1421 5258 Vel
1467 5215 1525 5259 ut
1563 5214 1895 5260 monstraret
1923 5221 1982 5261 se
2009 5207 2062 5260 in

493 5299 741 5343 naturain
791 5290 1082 5360 humanam
1128 5293 1428 5351 divinitatis
1476 5296 1791 5365 dignitatem
1839 5312 1934 5366 per
1981 5297 2065 5351 in-

576 5465 644 5535 II)
684 5467 1000 5550 ’Υπεχώρει
1038 5501 1130 5550 _—_
1158 5472 1452 5541 σωτήριον
1489 5475 1632 5550 φῶς.
1681 5474 2060 5550 Fragmentum

494 5537 619 5619 lim}.
657 5539 799 5619 quod
832 5542 884 5593 in
908 5537 1238 5619 Cortleriana
1284 5537 1965 5619 eatena'dicitur‘Nicetae,
2002 5548 2055 5619 in

494 5606 615 5684 cod.
666 5606 867 5684 _Vatic._
901 5613 1219 5684 nominatim
1252 5615 1505 5684 tribuitur
1556 5615 1809 5684 Κυρίλλῳ
1874 5606 2056 5680 Ἀλεξ-

496 5675 1010 5775 ανδριίαςβιιίίιιη
1034 5682 1348 5752 postliminii
1400 5670 1714 5739 restituitur.
1756 5670 1857 5738 Μιιι
1885 5684 1949 5738 Β.
1980 5670 2055 5737 N.

2166 4731 2327 4785 αὐτὸν
2358 4731 2563 4801 Κύριον
2593 4732 2688 4784 καὶ
2714 4734 3073 4804 Δημιουργόν.

2242 4844 2377 4895 Τότε
2443 4841 2603 4911 λέγει
2632 4842 2712 4908 τῷ
2752 4832 3135 4912 παραλυτικῷ
3175 4862 3188 4876 ⁸
3235 4848 3527 4916 Ἐγερθεὶς
3551 4890 3565 4915 ,
3600 4842 3745 4918 ἆρόν·

2170 4947 2287 4987 σου
2318 4934 2425 4986 τὸν
2450 4934 2763 5002 κράϐατον.
2862 5000 2865 5005 Α

2254 5023 2475 5095 Ἐξῆλθε
2503 5024 2580 5094 (3)
2599 5024 2659 5076 τὸ
2684 5025 2857 5095 ρἧα,
2880 5026 2973 5079 καὶ
3007 5026 3068 5079 τὸ
3102 5026 3286 5095 θαῦμα
3311 5027 3707 5100 ἑπεκολούθησε
3728 5043 3743 5057 ⁸

2170 5115 2258 5167 διὰ
2289 5114 2342 5167 τί
2389 5114 2445 5166 δὲ
2480 5115 2576 5166 καὶ
2625 5114 2753 5167 Υῑὸν
2786 5115 3074 5185 ἀνθρώπου
3118 5113 3270 5171 εἶπεν
3308 5118 3525 5187 ἀφιέναι
3566 5119 3744 5190 ἀμαρ-

2169 5206 2325 5269 τὶας,
2359 5206 2780 5276 ἐπιτελουμένης
2829 5208 3189 5279 θεοσημείας;
3228 5213 3297 5264 Ἢ
3335 5211 3420 5263 ῐνα
3462 5212 3631 5284 δείξῃ,
3662 5213 3744 5266 δτι

2172 5301 2487 5369 κατήγαγεν
2520 5300 2597 5361 εἰς
2644 5289 2739 5369 τὴν
2785 5300 3130 5371 ἀνθρωπίνην
3162 5301 3322 5370 φύσιν
3354 5303 3469 5373 τὴν.
3496 5303 3596 5371 τῆς
3627 5303 3745 5357 θώ-

2174 5476 2837 5620 Ἧέἷὸἕονεισόαίνουσι
2868 5578 2935 5590 ——
2968 5546 3267 5603 ἐπέκεινα.
3319 5552 3444 5615 Mai,
3478 5550 3545 5603 Β.
3578 5548 3648 5604 Ν.
3677 5548 3749 5620 ll,

2157 5616 2287 5671 476.

2232 5686 2309 5755 (5)
2350 5686 2599 5756 Ἐξῆλθε
2631 5718 2698 5728 -
2725 5689 2875 5743 κατὰ
2906 5690 3119 5759 φύσιν.
3150 5691 3397 5748 Cramer.
3438 5704 3493 5761 ι).
3528 5689 3620 5747 66.
