3946 6316
115 336 218 391 ml

1301 350 1656 410 COMMENT.
1702 358 1766 413 IN
1809 361 2245 421 MATTIIIEUM.

3276 369 3379 424 £0!

113 452 304 514 δόξας.
334 452 616 521 Ἔπρεπεν
658 452 881 527 Ἰωάννῃ
926 457 998 521 ὡς
1047 459 1232 532 οἰκέτῃ
1280 464 1369 519 διὰ
1418 469 1520 537 τῆς
1563 470 1689 536 ἆται

1803 478 2231 546 cumagebanlnr
2283 482 2644 550 opinionibus.
2683 486 2913 541 Decebat
2949 487 3230 545 Joannem.
3257 498 3377 540 tan—

117 544 549 613 σκληραγωγίας
598 548 1011 617 κατανεκρῶσαι
1059 550 1129 604 τὰ
1176 554 1273 623 τῆς
1301 558 1500 628 σαρκὸς
1528 560 1696 631 πάθη,

114 633 197 704 τῷ
246 635 304 686 δὲ
343 632 563 704 Χριστῷ
611 634 687 698 ὡς
740 637 1006 709 ἐλευθέρῳ
1038 640 1263 711 δυνάμει
1307 648 1405 716 τῆς
1451 648 1702 719 θεότητος

115 724 549 789 ἐξουσιαστικῶς
581 726 650 778 τὰ
681 727 783 794 τῆς
811 730 1013 799 σαρκὸς
1032 733 1260 803 νεκροῦν
1290 739 1581 806 κινήματα,
1606 742 1700 794 καὶ

116 818 211 869 τὸν
245 818 489 888 ἔμφυτον
516 819 615 888 τῆς
650 821 849 889 σαρκὸς
875 823 1058 890 νόμον,
1080 826 1141 877 οὐ
1169 828 1276 896 μὴν
1299 828 1365 881 δι’
1388 832 1700 897 ἀσκητικῶν

118 909 302 961 πόνων
336 911 414 967 εἰς
447 911 604 963 τοῦτο
640 910 1049 981 βοηθεῖσθαι.⁹0
1085 917 1184 985 μὲν
1225 919 1478 990 Ἰωάννης
1503 922 1697 991 βάπτι-

118 1017 236 1067 σμα
286 999 579 1069 κηρύσσων
630 1002 938 1071 μετανοίας,
985 1005 1156 1058 τύπον
1211 1010 1403 1061 ἑαυτὸν
1455 1013 1697 1083 παρέσχε

118 1091 228 1150 τοῖς
257 1089 533 1157 ὀφείλουσι
568 1090 802 1145 πενθεῖν.
823 1094 881 1144 ’0
915 1094 969 1146 δὲ
997 1095 1200 1165 Κύριος
1236 1097 1515 1167 βασιλείαν
1540 1104 1700 1173 οὐρα-

118 1179 226 1231 νῶν
273 1180 587 1249 κηρύσσων,
616 1183 840 1245 εἰκότως
872 1184 932 1237 τὸ
962 1187 1243 1256 ἀνειμένον
1275 1190 1367 1243 καὶ
1394 1192 1613 1263 φαιδρὸν
1643 1196 1699 1247 ἐν

118 1270 302 1340 ἐαυτῷ
330 1272 694 1336 ἐπεδείκνυτο,
728 1273 792 1325 δι’
816 1270 885 1345 ἦς
914 1278 1025 1339 τοῖς
1054 1283 1264 1342 πιστοῖς
1294 1281 1573 1352 ὑπέγραφε
1601 1286 1699 1356 τὴν

118 1362 390 1432 ἐσομένην
421 1364 796 1434 ἀνὲκφραστον
822 1367 988 1436 ζωὴν,
1034 1370 1127 1422 καὶ
1173 1372 1271 1442 τὴν
1308 1374 1505 1428 ἄπονον
1532 1374 1694 1448 ζωήν.

117 1538 429 1606 Κυρίλλου
493 1540 561 1593 ἐκ
604 1540 709 1594 τοῦ
762 1541 1044 1611 δευτέρου
1108 1546 1217 1601 τοῦ
1274 1550 1361 1615 εἰς
1420 1550 1485 1604 τὸ
1549 1553 1699 1606 κατὰ

506 1631 805 1685 Ματθαῖον
844 1634 1097 1705 Ὑπομναὴ
1097 1654 1276 1706 ματα.

189 1714 363 1772 Ἦλθε
396 1720 492 1789 μὲν
521 1720 595 1790 (1)
620 1720 728 1792 γὰρ
753 1724 1005 1796 Ἰωάννης
1050 1729 1186 1798 μήτε
1209 1729 1423 1796 ἐσθίων,
1454 1734 1589 1805 μήτε
1606 1737 1696 1789 πί-

115 1830 239 1874 νων,
270 1812 394 1865 καθ*
416 1812 448 1865 ἃ
468 1813 773 1882 γέγραπται
794 1831 807 1845 ³
840 1812 970 1886 ἦλθε
999 1817 1100 1870 δὲὸ
1127 1818 1252 1883 Υἱὸς
1278 1822 1373 1875 τοῦ
1408 1823 1696 1894 ἀνθρώπου
1731 1814 1771 1868 Β
1801 1841 2005 1907 bibens,
2042 1844 2199 1898 sicut;

116 1904 314 1955 ἐσθίων
338 1905 433 1956 καὶ
464 1904 652 1959 πίνων.
681 1907 785 1958 Καὶ
813 1907 911 1977 τὴν
946 1908 1138 1961 τούτου
1166 1912 1374 1977 αἰτίαν,
1392 1914 1468 1976 ὡς
1495 1915 1561 1968 ἂν
1585 1912 1697 1971 οἷόν

114 2010 193 2059 τε,
218 1995 317 2047 ὡδὶ
345 1998 518 2047 εἰπεῖν
547 1998 896 2068 πειράσομαι.
926 1999 1122 2068 Γέγονε
1164 2002 1260 2071 μέν
1289 2004 1396 2074 γὰρ
1411 2006 1697 2077 ἄνθρωπος

114 2088 140 2138 ὀ
164 2085 259 2139 τοῦ
294 2086 431 2139 Θεοῦ
475 2088 771 2155 Λόγος,καὶ
802 2090 977 2142 πάντα
1013 2092 1292 2163 πεφόρηκε
1324 2096 1393 2147 τὰ
1427 2097 1691 2169 ἡμέτερα,

114 2176 232 2245 δίχα
280 2178 448 2246 μόνης
498 2180 806 2249 ἁμαρτίας⁸
834 2180 949 2233 ἀλλ’
998 2181 1056 2234 ἐν
1089 2198 1153 2250 γε
1197 2188 1318 2247 ταῖς
1344 2188 1486 2241 κατὰ
1534 2189 1694 2259 σῶμα

114 2272 361 2338 κινήσεσι
401 2273 683 2337 φυσικαῖς,
708 2272 808 2340 τῆς
833 2274 893 2337 ἐξ
930 2273 1085 2336 ἔθους
1110 2277 1240 2344 ἡμῖν
1268 2277 1689 2347 χαλιναγωγίας,

114 2361 278 2413 πόνου
300 2378 384 2426 τε,
425 2364 586 2433 φημὶ,
620 2364 715 2416 καὶ
739 2366 1010 2434 νηστείας,
1042 2367 1158 2431 πῶς
1188 2368 1253 2422 ἂν
1283 2370 1495 2441 ἐδεήθη,
1515 2373 1690 2426 καίτοι

115 2450 255 2504 κατὰ
287 2450 453 2519 φύσιν
503 2453 761 2523 ὑπάρχων
815 2454 967 2518 Θεὸς,
1000 2459 1028 2508 ὁ
1060 2458 1153 2510 καὶ
1211 2459 1475 2528 κρείττων
1516 2463 1690 2534 ἀμαρ-

114 2543 231 2605 tia;
260 2583 276 2605 ,
315 2541 412 2597 καὶ
447 2546 513 2615 τῇ
566 2547 697 2616 παρ’
750 2546 942 2599 ἐαυτοῦ
998 2549 1181 2618 χάριτι
1230 2551 1322 2602 καὶ
1360 2551 1427 2603 τὰ
1468 2554 1525 2605 ἐν
1559 2556 1688 2623 ἡμῖν

116 2634 462 2704 καταραῖζων
514 2636 697 2707 πάθη,
732 2638 931 2709 νεκρὰν
987 2640 1042 2693 δὲ
1098 2640 1189 2693 καὶ
1227 2641 1506 2713 ἄπρακτον
1550 2645 1686 2698 ἀπο·

117 2730 319 2796 φαίνων
351 2731 446 2782 καὶ
480 2730 578 2801 τὴν
612 2731 669 2785 ὲν
698 2732 828 2799 ἡμῖν
857 2730 952 2783 τοῦ
994 2731 1243 2803 σώματος
1274 2735 1472 2806 ὄρεξιν,
1507 2739 1555 2789 εί
1595 2738 1688 2811 καὶ

114 2819 381 2873 διακέοιτὸ
418 2839 530 2883 πως
580 2823 659 2885 είς
692 2821 957 2885 ὲκτόπους
996 2823 1222 2891 ήδονάςς
1259 2826 1688 2897 Κατεσκήνωσεν

117 2912 215 2982 γὰρ
244 2914 302 2964 ἐν
332 2913 465 2982 ἡμῖν
491 2915 517 2965 ὁ
543 2911 633 2964 τοῦ
662 2912 796 2966 Θεοῦ
840 2913 1030 2977 Λόγος,
1063 2916 1157 2967 καὶ
1202 2916 1339 2969 ίδίαν
1393 2919 1688 2987 ἐποιήσατο

117 3004 293 3072 σάρκα
344 3002 442 3073 τὴν
492 3004 854 3073 ἀνθρωπίνην,
881 3004 942 3057 ἵν’
968 3006 1262 3078 ἐπειδήπερ
1287 3008 1577 3072 ἀτίθασσός
1604 3026 1687 3074 τις

116 3093 285 3166 αὐτὴν
323 3094 351 3147 ὁ
382 3095 481 3168 τῆς
528 3097 799 3171 ἁμαρτίας
844 3096 1193 3165 κατεληῖζετο
1216 3098 1379 3168 νόμος
1409 3100 1686 3171 (τετυραν-

117 3203 243 3255 νηκε
293 3185 405 3255 γὰρ
433 3187 491 3239 ὲν
528 3170 640 3249 τοῖς
683 3186 869 3256 μέλεσι
900 3187 1017 3257 τῆς
1052 3190 1253 3260 σαρκὸς
1282 3170 1695 3261 ἀντιστρατευό-

120 3294 274 3345 μενος
310 3276 391 3346 τῷ
422 3276 571 3347 νόμῳ
598 3277 691 3330 τοῦ
744 3279 881 3341 νοὸς,
931 3280 1020 3332 καὶ
1063 3281 1477 3349 αίχμαλωτίζων
1510 3286 1590 3347 εἰς
1625 3286 1691 3339 τὰ

116 3370 333 3437 οἰκεῖα),
368 3370 709 3442 καταργήσει
728 3370 914 3423 τοῦτον
932 3370 997 3423 δι’
1027 3372 1216 3424 ἑαυτοῦ
1246 3391 1258 3403 ·
1299 3374 1389 3426 καὶ
1412 3376 1471 3427 ἐν
1501 3376 1688 3448 πρώτῃ

120 3460 398 3531 νεκρώσας
417 3464 484 3531 τῇ
510 3461 615 3531 ἰδίᾳ
657 3462 841 3532 σαρκὶ,
873 3465 1220 3537 παραπέμψῃ
1255 3465 1438 3520 λοιπὸν
1469 3470 1568 3539 τῆς
1597 3471 1691 3524 ἐπὶ

117 3552 283 3622 τούτῳ
327 3554 551 3623 χάριτος
592 3554 692 3624 τὴν
747 3555 1026 3624 μετάδοσιν
1063 3558 1142 3619 εἰς
1179 3559 1342 3628 ἡμᾶς,
1369 3561 1464 3612 ἆτε
1490 3560 1553 3629 δὴ
1596 3562 1691 3614 καὶ

118 3644 267 3707 ὄντας
290 3646 574 3715 ὁμογενεῖς
596 3646 738 3701 κατά
779 3663 843 3713 γε
868 3647 966 3717 τὴν
992 3650 1091 3717 τῆς
1117 3651 1315 3719 σαρκὸς
1343 3651 1503 3721 φύσιν
1535 3667 1547 3681 '
1585 3654 1691 3705 ἁπ-

117 3734 251 3805 αρχὴ
281 3736 394 3805 γὰρ
430 3736 589 3805 ἡμῶν
630 3736 865 3807 Χριστὸς
885 3777 899 3801 ,
930 3736 1180 3806 δεύτερος
1220 3740 1389 3809 Ἀδὰμ
1421 3743 1691 3813 χρηματί-

121 3840 209 3887 σας
258 3828 383 3893 pst‘
429 3830 637 3881 ἐκεῖνον
675 3828 767 3881 τὸν
797 3832 856 3883 ἐν
909 3831 1104 3901 ἀρχαῖς
1138 3848 1151 3861 ·
1186 3832 1281 3885 καὶ
1330 3832 1547 3902 πρῶτος
1598 3835 1689 3889 ἄν·

120 3914 328 3984 θρωπος
363 3918 605 3988 πέφηνεν
651 3920 743 3972 ἐπὶ
778 3920 900 3991 γῆς,
944 3922 1124 3990 χοῖκὸς
1176 3922 1277 3992 μὲν
1318 3924 1522 3989 οὐκέτι,
1548 3925 1689 3989 θεῖος

118 4007 169 4058 δὲ
208 4008 411 4076 μᾶλλον
444 4011 540 4063 καὶ
584 4012 908 4081 ἐπουράνιος
929 4053 944 4075 ,
976 4015 1251 4083 ἁμαρτίαν
1284 4017 1385 4069 οὐκ
1408 4016 1563 4081 εἰδώς
1584 4035 1598 4048 ·
1620 4018 1688 4070 δι’

118 4096 145 4149 ὃ
187 4100 279 4152 καὶ
316 4102 482 4169 μόνος
520 4103 578 4154 ἐν
639 4106 851 4175 νεκροῖς
899 4103 1200 4176 ἐλεύθερος.
1252 4108 1688 4179 Ἀναμορφουμέ-

118 4204 205 4256 νης
238 4188 531 4259 τοιγαροῦν
565 4192 623 4245 ἐν
646 4192 846 4263 πρώτῳ
878 4195 1097 4266 Χριστῷ
1122 4197 1259 4266 πρὸς
1291 4197 1380 4250 τὸν
1405 4200 1463 4250 ἐν
1494 4199 1689 4269 ἀρχαῖς

118 4278 381 4346 ἁγιασμὸν
421 4282 518 4351 τῆς
552 4285 830 4356 ἡμετέρας
868 4285 1104 4356 φύσεως,
1137 4288 1457 4352 ἐνδοιαζέτω
1496 4291 1686 4363 μηδεὶς

118 4365 185 4427 ὡς
207 4372 285 4433 εἰς
315 4372 464 4426 ἅπαν
495 4374 593 4445 ἤδη
644 4376 705 4430 τὸ
743 4378 1080 4449 ἀνθρώπινον
1122 4380 1416 4446 ἐξετείνετο
1462 4383 1615 4449 γένος
1651 4387 1684 4456 ἡ

1803 584 1961 635 quant
1988 583 2224 633 servum,
2248 587 2344 638 per
2369 574 2554 627 duram
2592 576 2879 629 admodum
2929 576 3051 630 vitae
3105 577 3371 630 rationem

1802 660 1982 713 carnis
2034 659 2349 717 affectiones
2392 665 3044 720 mortificareztjhristum
3095 681 3220 719 vero
3251 676 3374 719 tan-

1801 765 1960 818 quam
1987 752 2231 819 liberum,
2267 756 2465 810 virtute
2498 757 2816 821 divinitatis,
2849 770 3106 829 tanquam
3134 774 3372 828 potesta-

1805 851 1907 894 tem
1965 842 2273 906 habentem,
2312 848 2491 900 carnis
2540 857 2715 901 motus
2762 849 3038 912 edomare,
3070 866 3133 902 ac
3159 851 3375 903 insitam

1801 930 1981 983 carnis
2037 932 2201 999 legem
2256 936 2523 1004 subigere,
2569 952 2673 990 non
2727 949 2904 992 tamen
2956 953 3054 1007 per
3109 942 3373 995 asceticoa

1802 1020 2013 1076 labores
2044 1025 2111 1078 ad
2165 1026 2265 1080 hoc
2312 1027 2508 1097 juvari.
2555 1028 2791 1083 Joannes
2838 1031 3053 1099 quidem
3109 1031 3372 1101 baptisma

1801 1114 2098 1179 pra-dicanti
2152 1118 2499 1185 paenitentiae,
2554 1119 2780 1189 figuram
2829 1136 2887 1175 se
2922 1123 3095 1189 ipsum
3144 1125 3373 1191 praebuit

1801 1203 1982 1269 lugere
2007 1205 2361 1261 debentibus:
2398 1209 2653 1265 Dominus
2688 1226 2816 1267 vero
2851 1228 3070 1283 regnum
3110 1214 3372 1269 calor-mn

1801 1296 2120 1363 praedicans,
2180 1302 2374 1354 merito
2453 1302 2828 1357 remissionem
2891 1319 2956 1359 ac
3012 1306 3254 1360 laetitiam
3318 1307 3369 1359 in

1800 1400 1917 1439 sese
1966 1388 2231 1454 exhibuit,
2270 1404 2365 1458 per
2412 1405 2574 1459 quam
2627 1392 2873 1448 fidelibus
2928 1394 3165 1449 futuram
3208 1399 3369 1451 vitam

1802 1476 2120 1532 ineffabilem
2147 1482 2467 1555 descripsit,
2487 1484 2652 1538 vitam
2697 1487 2898 1541 laboris
2927 1496 3227 1555 expertem.

1800 1565 1991 1635 Cyrillt'
2055 1585 2120 1622 ea:
2184 1569 2317 1624 libro
2374 1587 2411 1625 tt
2455 1551 2859 1629 .Cummemarit'
2920 1551 3371 1632 in'Mattha’um.

2335 1662 2551 1728 (Matth.
2582 1680 2660 1730 XI,
2694 1664 2803 1735 18).

1872 1750 2033 1805 Venit
2076 1752 2217 1804 enim
2258 1751 2492 1809 Joannes
2538 1770 2710 1824 neque
2768 1759 3100 1811 manducans
3130 1798 3145 1822 ,
3190 1772 3383 1828 neque

2231 1846 2488 1913 scriptum
2512 1856 2627 1913 est;
2680 1848 2824 1901 venit
2858 1857 3039 1903 autem
3067 1848 3236 1904 Filius
3268 1850 3379 1903 ho-r

1801 1935 1961 1988 minis
2017 1938 2353 1991 manducans
2393 1948 2447 1992 et
2503 1937 2713 1992 bibens.
2760 1937 3013 1995 Jamvero
3065 1939 3221 2008 hujus
3251 1942 3361 2003 rei,

1799 2034 1956 2090 prout
1992 2025 2105 2077 fieri
2139 2027 2356 2093 poterit,
2388 2041 2605 2080 causam
2645 2028 2730 2080 hic
2780 2028 3019 2081 conabor
3068 2042 3359 2098 exponere.

1802 2113 2041 2169 Factum
2076 2126 2162 2171 est
2204 2118 2365 2173 homo
2415 2120 2507 2173 Dei
2554 2118 2809 2183 Verbum,
2849 2130 3141 2188 nostraque
3184 2122 3363 2176 omnia

1796 2207 2045 2273 gestavit,
2081 2223 2187 2263 uno
2212 2220 2439 2279 excepto
2468 2220 2706 2280 peccato.
2751 2208 2856 2265 Sed
2891 2216 3035 2281 quod
3069 2213 3260 2267 attinet
3295 2214 3361 2266 ad

1793 2296 2045 2367 physicas
2076 2301 2320 2369 corporis
2354 2303 2766 2368 commotiones,
2803 2305 3073 2372 quomodo
3120 2304 3361 2373 eguisset

1793 2399 2053 2444 consueto
2077 2393 2233 2446 nobis
2278 2392 2453 2459 freno,
2510 2393 2692 2448 labore
2721 2396 2975 2449 nimirum
3024 2409 3086 2450 ac
3117 2395 3356 2465 jejunio,

1792 2483 2229 2553 quandoquidem
2266 2485 2410 2540 Deus
2434 2496 2625 2555 suapte
2659 2499 2850 2541 natura
2885 2498 2966 2543 est
2988 2527 3003 2551 ,
3052 2497 3107 2541 et
3133 2500 3359 2556 peccatu

1792 2576 2040 2643 superior
2074 2616 2090 2642 ,
2152 2592 2357 2647 suaque
2405 2580 2579 2648 gratia
2633 2580 2685 2633 in
2735 2581 2890 2639 nobis
2948 2594 3160 2649 quoque
3205 2581 3358 2647 sedat

1791 2667 2113 2733 passiones,
2180 2666 2351 2721 nostri
2397 2668 2644 2735 corporis
2697 2669 2927 2738 impetus
2978 2665 3248 2729 inhibens,
3280 2668 3355 2722 si-

1789 2758 2005 2825 quando
2030 2760 2095 2811 ad
2130 2759 2397 2814 absurdas
2427 2759 2732 2827 voluptates
2763 2757 3057 2828 rapiatur?
3085 2757 3348 2813 Videlicet

1792 2849 1931 2903 inter
1978 2865 2076 2904 nos
2131 2848 2394 2903 habitavit
2442 2849 2535 2903 Dei
2575 2848 2856 2915 Verbum,
2911 2864 3174 2919 suamque
3232 2849 3367 2903 fecit

1788 2955 2008 2994 carnem
2043 2941 2362 3007 humanam,
2395 2948 2452 2995 ut
2482 2942 2611 3010 quia
2651 2942 2791 2995 hanc
2814 2956 3002 3009 aspera
3029 2941 3239 3010 peccati
3269 2940 3355 2995 lex

1790 3031 2019 3084 vexabat
2051 3033 2275 3100 (etenim
2315 3032 2527 3104 tyranni
2556 3034 2728 3085 instar
2758 3042 3043 3102 peccatum
3086 3033 3138 3085 in
3171 3032 3355 3086 carnis

1794 3122 2052 3176 membris
2091 3133 2358 3191 repugnat
2408 3124 2606 3177 mentis
2654 3123 2778 3193 legi,
2812 3123 2865 3176 in
2919 3137 3073 3177 suam
3118 3136 3219 3176 nos
3256 3137 3357 3190 po-

1795 3219 2038 3265 testatem
2073 3213 2368 3282 redigens),
2398 3230 2493 3284 per
2522 3230 2580 3269 se
2608 3214 2782 3283 ipsum
2830 3216 2935 3268 vim
2984 3213 3128 3266 illam
3170 3222 3383 3267 renum

1791 3303 1939 3354 deret
1967 3342 1980 3366 ,
2019 3311 2182 3371 atque
2218 3303 2268 3356 iu
2303 3318 2399 3356 sua
2427 3303 2670 3372 apprime
2707 3318 2875 3358 carne
2893 3318 3010 3357 eam
3047 3302 3215 3371 legem
3260 3316 3363 3370 pe-

1793 3392 2015 3455 rimens,
2061 3393 2246 3463 gratia:
2272 3392 2430 3460 hujus
2461 3395 2928 3463 participationem
2955 3394 3020 3447 ad
3055 3410 3153 3448 nos
3181 3402 3359 3448 trans-

1794 3484 2030 3537 mitteret
2062 3521 2078 3547 ,
2138 3483 2226 3551 qui
2280 3482 2521 3553 ejusdem
2581 3500 2703 3539 cum
2752 3499 2817 3539 eo
2861 3484 3077 3555 generis
3125 3496 3353 3548 sumus,

1791 3572 1931 3640 quod
1992 3572 2186 3626 attinet
2250 3574 2317 3628 ad
2366 3574 2550 3628 carnis
2592 3585 2864 3635 naturam.
2917 3575 3048 3629 Nam
3105 3574 3377 3643 primitite

1793 3674 1990 3719 nostrae
2040 3664 2290 3720 Christus
2335 3676 2418 3721 est
2484 3668 2553 3732 ",
2633 3683 2910 3737 novusque
2987 3669 3225 3725 Adamus
3274 3677 3358 3722 est

1792 3756 2095 3825 pastillum
2143 3758 2234 3827 qui
2294 3756 2396 3812 fuit
2447 3757 2643 3814 initio:
2686 3768 2741 3813 et
2782 3759 3031 3831 princeps
3078 3758 3239 3813 homo
3302 3758 3353 3810 in

1794 3856 1934 3901 terra
1984 3850 2262 3919 apparuit,
2318 3849 2432 3919 jam
2487 3864 2593 3907 non
2639 3860 2934 3915 terrenus,
2990 3850 3084 3905 sed
3137 3850 3354 3904 divinus

1790 3938 1969 4006 potius
2002 3948 2165 4005 atque
2203 3940 2475 4006 ctelestis,
2507 3942 2715 4011 peccati
2762 3942 2977 3999 nescius
3006 3958 3045 4011 ς,
3071 3950 3354 4011 propterea

1790 4028 1940 4082 solus
1982 4029 2146 4087 etiam
2182 4030 2325 4086 inter
2362 4042 2606 4087 mortuos
2662 4032 2819 4087 liber.
2875 4031 3192 4086 Reformata
3228 4046 3359 4100 ergo

1792 4120 1845 4173 in
1884 4118 2098 4176 Christo
2128 4121 2302 4190 primo
2333 4121 2399 4176 ad
2437 4122 2813 4195 primigeniam
2858 4123 3223 4179 sanctitatem.
3265 4136 3359 4174 na-

1794 4219 1910 4264 tura
1943 4220 2149 4279 nostra,
2179 4225 2335 4265 nemo
2362 4212 2569 4267 dubitet
2589 4213 2717 4283 quin
2750 4212 2815 4267 ad
2845 4212 3153 4269 universum
3185 4209 3357 4268 homi-

1792 4319 1916 4356 num
1947 4318 2116 4374 genus
2137 4304 2548 4359 reformationis
2576 4306 2750 4375 gratia
2780 4307 3221 4365 fueritexteusa-
3242 4300 3357 4356 Non

1790 4393 1931 4451 enim
1962 4393 2195 4461 seipsum
2220 4392 2533 4450 reformavit
2566 4394 2821 4463 Verbum,
2861 4410 2983 4450 cum
3012 4392 3155 4448 Deus
3180 4393 3268 4461 sit,
3304 4402 3360 4446 et

115 4459 207 4525 τῆς
225 4463 673 4534 ἀναμορφὼσεως
694 4467 873 4537 χάρις.
904 4470 980 4522 Οὐ
1022 4471 1128 4539 γὰρ
1153 4471 1342 4526 ἐαυτὸν
1373 4473 1682 4545 ἀνεμόρςςου

1795 4459 2132 4553 proprietatis
2157 4484 2400 4541 Paterna:
2430 4500 2691 4555 germana
2727 4459 2896 4561 ﬁgura
2926 4502 2942 4551 ;
2982 4486 3075 4540 sed
3110 4500 3207 4539 nos
3233 4501 3355 4538 cum

118 4550 234 4617 Θεὸς
269 4553 348 4608 ὣν
405 4558 433 4607 ὁ
465 4556 672 4625 Λόγος,
704 4561 799 4613 καὶ
854 4560 951 4629 τῆς
998 4561 1090 4613 τοῦ
1159 4564 1369 4633 Πατρὸς
1427 4565 1683 4636 ἰδιότητος

119 4646 525 4718 ἀπαραποίητος
568 4652 874 4722 χαρακτὴρ,
902 4653 1017 4706 ἀλλ’
1048 4655 1203 4724 ἡμεῖς
1236 4651 1378 4727 ἦμεν
1412 4659 1506 4711 σὺν
1534 4659 1680 4731 αὐτῷ

120 4736 240 4804 πρὸς
272 4740 410 4797 Θερν
461 4740 937 4814 ἀναμορφούμενοι
976 4744 1063 4800 διὰ
1099 4746 1192 4799 τοῦ
1228 4748 1321 4799 καὶ
1350 4748 1488 4821 ὑπὲρ
1517 4750 1677 4818 φύσιν

118 4827 404 4899 ἁγιασμοῦ,
437 4834 797 4902 νεκρουμένου
826 4835 1011 4901 λοιπὸν
1046 4839 1104 4889 ἐν
1132 4840 1241 4901 τοῖς
1274 4838 1491 4906 μέλεσιν
1524 4842 1678 4910 ἡμῶν

117 4918 200 4970 τοῦ
227 4921 393 4989 νόμου
432 4924 531 4991 τῆς
561 4925 851 4995 ἁμαρτίας.
891 4922 1000 4978 τΗν
1035 4921 1128 4980 οὖν
1170 4928 1372 4997 σφόδρα
1408 4928 1513 4981 τῶν
1550 4930 1676 4983 ἀτό-

119 5022 223 5060 πων
269 5010 346 5078 μὴ
385 5012 506 5080 οὐχὶ
563 5013 761 5081 μᾶλλον
791 5017 856 5083 τῇ
908 5013 1009 5081 τῆς
1053 5014 1303 5085 θεότητος
1333 5017 1584 5088 ἐνεργείᾳ
1608 5019 1675 5071 τὰ

118 5099 168 5147 ἐν
185 5099 256 5167 τῷ
278 5100 495 5169 σώματι
515 5102 608 5154 τοῦ
632 5104 865 5174 Χριστοῦ
884 5106 1344 5175 κατανεκροῦσθαι
1372 5107 1538 5178 πάθη,
1556 5127 1678 5163 συν-

117 5189 279 5244 uel.st
316 5192 374 5245 δὲ
403 5193 593 5264 ὥσπερ
617 5195 765 5266 αὐτῷ
791 5196 888 5264 τὴν
921 5197 1192 5266 νηστείαν,
1227 5199 1305 5261 είς
1331 5197 1389 5251 τὸ
1428 5200 1676 5271 καθάπερ

1793 4575 1880 4629 illo
1911 4576 1976 4637 ad
2011 4577 2173 4629 Deum
2203 4576 2477 4631 reformati
2516 4578 3002 4647 fuitntts,propter.
3036 4587 3358 4644 supernatn-
3440 4618 3444 4622 .

1792 4663 1955 4716 ralem
1997 4663 2504 4727 sanctiﬁcationem,
2534 4665 2800 4718 exstincta
2831 4666 3083 4733 deinceps
3114 4664 3167 4717 in
3194 4678 3357 4716 mem-

1790 4753 1898 4807 bris
1925 4752 2127 4805 nostris
2180 4751 2294 4821 lege
2349 4752 2577 4819 peccati.
2628 4753 2796 4808 Valde
2849 4753 3012 4823 igitur
3055 4751 3347 4806 absurdum

1788 4842 1993 4906 fuisset,
2023 4844 2066 4895 si
2110 4857 2216 4894 non
2260 4842 2440 4910 potius
2479 4842 2774 4898 divinitatis
2812 4844 3010 4897 virtute
3050 4842 3110 4898 in.
3151 4841 3350 4897 Christi

1786 4948 2011 5002 corpore
2036 4933 2373 4987 mortificata:
2411 4932 2639 4987 fuissent
2666 4934 2947 5001 passiones
2978 4976 2992 4999 ,
3036 4933 3129 4987 sed
3161 4932 3351 4999 jejuuii

1786 5037 1939 5090 Opem
1975 5021 2352 5091 implorasset,
2397 5031 2454 5074 ut
2505 5031 2756 5092 tanquam
2811 5024 2860 5075 vi
2920 5039 2981 5078 ac
3024 5024 3347 5077 necessitate

1786 5126 2003 5167 carnem
2022 5113 2344 5168 dcbilitaret.
2385 5112 2613 5171 Ubinam
2639 5116 2783 5169 enim
2812 5114 3165 5168 iubabit‘antis
3191 5114 3349 5168 Verbi

1786 5203 2083 5271 passiones,
2125 5204 2171 5257 si
2208 5214 2364 5273 prout
2419 5205 2573 5259 nobis
2620 5205 2905 5269 usuvcnit,
2957 5204 3232 5261 laboribus
3284 5222 3343 5257 at:

116 5295 172 5330 ικ
196 5280 312 5351 βίας
343 5285 439 5336 καὶ
459 5285 705 5355 ἀνάγκης
726 5287 827 5356 τὴν
861 5286 1041 5358 σάρκα
1074 5289 1492 5360 καταξηραίνειν
1523 5309 1536 5324 ·
1576 5290 1676 5345 ποῦ

1795 5292 1990 5362 ieiunio
2021 5295 2298 5363 passiones
2325 5296 2614 5351 sedasset?

116 5374 211 5446 γὰρ
238 5378 271 5446 ἡ
298 5377 385 5431 τοῦ
409 5379 744 5444 ἐνοικοῦντος
766 5381 899 5434 Θεοῦ
923 5382 1097 5455 Λόγου
1129 5382 1376 5452 δύναμις,
1396 5386 1443 5437 εί
1466 5386 1718 5456 καθάπερ
1747 5388 1831 5457 ἐφ’
1867 5388 2025 5458 ἡμῶν
2055 5389 2237 5454 πόνοις
2263 5391 2355 5445 καὶ
2410 5391 2633 5463 νηστείᾳ
2664 5392 2733 5446 τὰ
2769 5391 2916 5465 πάθη
2945 5391 3345 5463 κατηυνάζετος

186 5554 260 5608 ¹⁸Ι
291 5556 413 5613 Cor.
454 5575 543 5622 xv,
574 5561 663 5616 ‘15.

186 5736 253 5805 (Ι)
286 5735 474 5794 Ἦλθε
518 5738 636 5807 μὲν
666 5770 734 5783 -
785 5742 1196 5812 κατηυνὰζετο.
1246 5744 1369 5814 Mai,
1422 5748 1485 5803 B.
1544 5748 1614 5803 Ν.
1659 5749 1721 5820 ll,
1764 5752 1888 5807 477.
