3946 6316
449 270 554 325 60⁸1

1469 272 1525 326 5.
1568 268 1842 323 οιιιιιιι
1882 264 2346 322 ΑιεχΑΝοιιιΝι
2389 267 2705 321 ARCHIEP.

3583 257 3675 314 ‘08

450 390 596 455 quod
654 402 746 442 eos
826 388 1067 443 viderent
1128 386 1401 441 miraculis
1470 387 1701 441 illustres
1763 388 2013 441 evadere.

2149 384 2387 454 ισθητὰς,
2423 384 2658 454 ὁρῶντες
2687 386 2884 446 αὐτοὺς
2914 378 3399 453 λαμπρυνομένους
3422 380 3534 440 τοῖς
3554 378 3672 431 Θαύ-

523 557 710 628 Cyritli
732 558 937 611 exlibra
965 574 1034 613 νει
1075 570 1350 613 comment.
1378 560 1429 612 in
1462 557 1653 612 Matth.
1678 558 2016 627 Ecangelium

2163 492 2305 527 ασιν.

2163 493 2305 527 ασιν.

2120 493 2157 544 μ
2186 568 2485 633 Κυρίλλου
2526 568 2595 620 ἐκ
2617 565 2721 619 τοῦ
2749 564 2793 624 ζ’
2826 565 3066 628 ,βιϐλιου
3104 566 3191 626 εις
3221 562 3287 614 τὸ
3324 562 3513 628 ῥητόν
3534 576 3547 589 ·
3618 564 3678 615 Et

451 666 604 717 super
655 649 830 702 illud:
858 650 918 703 Si
945 667 1036 721 ego
1066 652 1118 703 in
1178 648 1377 719 Spiritu
1409 650 1503 704 Dei
1548 651 1809 704 da’monia
1863 650 2016 718 ejicio

2149 657 2270 710 ’éér
2307 659 2600 727 Πνεύματι
2650 657 2799 710 Θεοῦ
2827 654 2943 724 ἐγὼ
2985 653 3259 707 ἐκϐάλλω
3293 651 3367 706 τὰ
3389 651 3676 721 δαιμόνια.

455 741 668 811 (Matth.
700 758 800 805 xu,
822 742 936 809 98).

523 833 692 887 Nemo
750 834 1148 886 scandalizatur
1200 835 1412 887 etiamsi
1478 835 1627 886 audit
1677 847 2017 886 communem

2186 837 2604 891 Σκανδαλιστέον
2638 836 2712 904 (1)
2757 836 3008 905 οὐδαμῶς
3046 836 3094 886 εἰ
3142 833 3237 886 καὶ
3264 831 3579 885 διαπύθοιτὸ
3607 850 3689 895 τις

457 935 698 978 nostrum
735 923 1080 978 Servatorem
1112 925 1384 978 Christum
1449 924 1803 977 aliirmantem
1860 935 2021 989 atque

2153 927 2211 979 οῦ
2243 928 2457 981 πάντων
2503 928 2661 997 ἡμῶν
2692 927 2945 996 Σωτῆρος
2991 922 3225 994 Χριστοῦ
3273 921 3689 991 διαϐεϐαιουμὲ-

453 1016 723 1069 uirentem
750 1031 809 1069 se
852 1016 904 1068 in
946 1014 1150 1082 Spiritu
1179 1016 1268 1068 Dei
1300 1016 1560 1068 daemonia
1595 1016 1811 1083 ejicere.
1837 1016 1913 1070 Ne
1948 1026 2021 1081 te,

457 1108 698 1175 inquam,
735 1109 1010 1175 perturbet
1042 1107 1210 1162 Filius
1243 1108 1428 1161 dicens
1463 1122 1523 1161 se
1561 1107 1611 1159 iu
1650 1107 1850 1175 Spiritu
1890 1122 2021 1176 ope-

460 1198 561 1250 rari
601 1216 616 1264 ;
651 1200 935 1252 considera
969 1200 1179 1266 potius,
1218 1200 1340 1268 quis
1384 1209 1438 1253 ct
1464 1215 1567 1268 qua
1604 1200 1672 1253 de
1712 1216 1767 1253 re
1805 1208 1929 1252 tunc
1960 1215 2024 1255 eo

459 1290 616 1344 modo
675 1290 884 1344 loculus
920 1291 1012 1344 sit.
1049 1289 1103 1342 lu
1160 1306 1325 1345 carne
1359 1301 1475 1344 erat
1527 1302 1749 1360 propter
1800 1307 1897 1347 nos
1927 1336 1938 1346 .
1972 1302 2027 1345 et

458 1380 673 1446 quidem
703 1394 857 1448 teque
882 1395 944 1434 ac
975 1396 1075 1436 nos
1103 1382 1282 1446 homo,
1332 1382 1472 1434 haud
1513 1383 1681 1452 gloria
1713 1398 1829 1449 qua:
1860 1384 2027 1436 deita-

464 1478 569 1522 tem
618 1470 937 1524 naturaliter
992 1472 1257 1532 decebat.
1312 1473 1407 1525 sed
1440 1482 1647 1526 natura:
1696 1485 1895 1527 nostra:
1932 1472 2024 1526 vili

460 1569 514 1610 et
542 1559 731 1612 humili
762 1561 928 1630 tigura
955 1562 1192 1615 indutus.
1239 1563 1447 1617 Idcirco
1486 1580 1544 1618 se
1580 1565 1629 1617 in
1690 1565 1893 1634 Spiritu
1937 1563 2028 1617 Dei

462 1650 672 1717 operari
700 1650 798 1703 ait.
835 1650 1041 1722 Reapse
1086 1655 1227 1708 enim
1266 1668 1605 1721 nequaquam
1660 1656 1841 1709 carnis
1872 1664 2032 1709 natu-

468 1739 563 1793 rali
592 1742 926 1809 operatione,
974 1759 1147 1814 neque
1200 1746 1551 1800 humanitatis
1604 1748 1802 1801 virtute
1863 1747 2030 1800 vincit
2063 1731 2103 1784 Β

469 1828 723 1883 Satanam
778 1841 833 1885 et
892 1832 1154 1887 adversus
1204 1834 1485 1890 Beelzebul
1537 1837 1816 1904 pratvalet.
1880 1835 2029 1889 Alio—

468 1920 558 1987 qui
591 1920 781 1975 doceat
808 1938 904 1977 nos
929 1924 1142 1992 aliquis,
1169 1926 1212 1979 si
1242 1925 1288 1978 ei
1316 1926 1467 1991 libet,
1492 1943 1589 1981 cur
1614 1927 1648 1980 ii
1668 1927 1759 1995 qui
1790 1925 2031 1997 35ml-

479 2010 592 2061 leni.
646 2021 967 2078 potestatem
1021 2015 1071 2068 in
1137 1998 1378 2084 impuros
1424 2018 1697 2073 dzemones
1738 2032 2030 2082 exercere,

472 2098 851 2167 impediantur,
889 2102 931 2154 si
966 2102 1017 2155 id
1050 2118 1257 2159 carnea:
1286 2116 1490 2160 natura:
1520 2122 1655 2176 opus
1686 2116 1787 2162 est.
1842 2108 2033 2162 Cuncti

470 2189 610 2241 enim
643 2188 695 2242 in
728 2204 890 2245 carne
916 2207 1120 2257 sumus,
1150 2210 1362 2262 unaque
1399 2196 1449 2249 in
1481 2199 1691 2252 cunctis
1723 2207 1806 2252 est
1845 2198 2037 2251 huma-

472 2280 663 2334 nitatis
710 2281 868 2335 ratio.
923 2281 1030 2336 Sed
1080 2298 1264 2337 revera
1319 2301 1492 2353 neque
1541 2288 1816 2356 pr0priutn
1857 2287 2037 2341 carnis

471 2386 607 2439 (qius
636 2379 738 2437 est,
778 2387 951 2441 neque
978 2385 1184 2429 naturae
1209 2375 1460 2431 humanm
1505 2378 1768 2432 adversus
1814 2378 2039 2446 spiritus

474 2464 765 2529 praevalere
795 2480 812 2529 ;
848 2465 966 2518 ideo
992 2480 1091 2520 nec
1123 2481 1313 2521 omnes
1344 2468 1393 2520 id
1419 2468 1639 2522 efﬁcere
1668 2479 1896 2539 queunt,
1945 2470 2038 2524 sed

474 2568 595 2606 eam
645 2567 756 2606 rem
805 2557 1083 2625 operantis
1128 2558 1308 2625 potius
1356 2557 1587 2627 Spiritus
1632 2559 1881 2614 eifectum
1922 2575 2041 2615 esse

477 2644 861 2712 conspicimus.
908 2643 1044 2699 Vere
1075 2647 1257 2713 itaque
1312 2646 1569 2701 Servator
1611 2651 1786 2715 dixit,
1841 2656 2033 2718 quate—

477 2747 578 2787 nus
601 2747 729 2786 caro
761 2741 814 2786 et
849 2734 1010 2787 immo
1041 2735 1154 2803 ipse
1182 2735 1521 2804 intelligitur,
1554 2752 1688 2807 Opus
1724 2734 2035 2806 hujusmotli

477 2838 509 2876 ο
546 2822 748 2892 Spiritu
781 2824 919 2886 tieri,
946 2832 1051 2877 non
1087 2838 1219 2879 vero.
1244 2840 1461 2880 carnem
1487 2831 1603 2883 sive
1646 2827 2037 2883 humanitatem

480 2914 735 2967 adversus
765 2916 1032 2968 dmmoncs
1057 2915 1104 2966 vi
1128 2915 1350 2983 pollere.
1403 2916 1659 2972 Sanctum
1708 2919 1825 2973 sine
1881 2920 2042 2973 dubio

478 3004 680 3058 Christi
718 3016 914 3074 corpus
948 3015 1051 3068 est,
1081 3021 1403 3076 omnemque
1430 3008 1592 3063 habet
1623 3010 1883 3064 adversus
1921 3026 2041 3063 mn-

482 3113 604 3151 nem
631 3097 874 3151 morbum
899 3106 1237 3166 potestatem,
1279 3099 1373 3153 sed
1411 3108 1529 3153 erat
1554 3110 1742 3169 estque
1777 3110 2042 3166 sanctum,

488 3204 595 3241 non
650 3198 918 3257 quatenus
967 3198 1249 3257 reputatur
1294 3189 1619 3258 simpliciter
1657 3206 1809 3255 caro,
1852 3192 1907 3245 in
1965 3192 2045 3245 sui

488 3276 683 3331 moduli
711 3277 925 3331 ratione
949 3278 1299 3343 consistens;
1345 3280 1441 3335 sed
1478 3290 1749 3351 quatenus
1786 3283 2047 3351 templum

486 3368 933 3424 rstiohabitantis
949 3370 1131 3441 inipsa
1156 3370 1340 3435 Verbi,
1361 3372 1501 3440 quod
1523 3372 1798 3441 propriam
1826 3388 2045 3426 carnem

489 3456 914 3526 sanetiiieatper
942 3465 1190 3513 sanctum
1229 3458 1512 3527 Spiritum.
1560 3458 1903 3529 Aiebatergo
1939 3460 2053 3528 ipse

490 3549 541 3600 in
566 3562 663 3600 sua
696 3547 761 3600 ad
797 3549 1075 3602 cmicsteut
1102 3546 1318 3603 Patrem
1365 3563 1464 3616 pro
1486 3549 1644 3603 nobis
1666 3548 1999 3603 allocutione
2036 3566 2049 3601 :

496 3657 516 3690 ο
547 3638 658 3709 Ego
680 3639 960 3695 sanetitico
976 3648 1061 3694 me
1082 3640 1281 3708 ipsum,
1314 3649 1371 3693 ut
1393 3639 1505 3694 sint
1523 3649 1578 3694 et
1604 3640 1703 3710 ipsi
1737 3640 2053 3695 sanctiﬁcati

490 3730 652 3785 simul
684 3730 752 3784 “.
798 3749 821 3782 ο

488 3946 489 3949 η
563 3924 632 3978 Et
656 3937 769 3992 post
802 3924 931 3983 diu.

561 4015 828 4083 Quoniam
868 4018 1032 4075 ﬁdem
1078 4021 1440 4079 ineat-nationi
1494 4020 1739 4090 pmbere
1793 4032 1900 4071 non
1959 4031 2058 4071 ex-

499 4108 833 4175 horrescitis,
867 4112 1055 4180 quidni
1114 4113 1464 4167 admiremini
1491 4112 1766 4166 hominem
1809 4124 1964 4177 aequo
1995 4122 2058 4161 ac

499 4214 596 4254 nos
624 4200 848 4266 factum,
897 4200 1004 4271 35
1067 4214 1123 4255 ut
1166 4204 1309 4272 quod
1343 4213 1600 4269 tauquam
1629 4201 1773 4253 Deus
1805 4199 2055 4263 habebat,

497 4290 662 4344 nostri
684 4304 849 4345 causa
885 4333 901 4358 ,
926 4302 1193 4361 quatenus
1221 4296 1380 4346 homo
1404 4299 1549 4353 erat,
1594 4290 1882 4356 acciperet,
1926 4286 2057 4354 Spi-

2122 1037 2211 1073 νου
2236 1020 2329 1072 καὶ
2368 1020 2666 1087 φάσκοντος
2705 1018 2983 1085 Πνεῦματι
3013 1016 3147 1069 Θεοῦ
3180 1015 3461 1068 ἐκϐάλλειν
3485 1014 3551 1066 τὰ
3579 1014 3690 1066 δαι-

2126 1112 2317 1181 μόνια·
2358 1111 2431 1181 μὴ
2456 1112 2564 1180 γὰρ
2594 1111 2657 1180 δή
2697 1127 2757 1162 σε
2793 1109 3090 1178 θορυόεετω
3131 1107 3354 1172 λέγωνὸ
3390 1105 3519 1168 Υἱὸς
3556 1107 3695 1175 ἐνερ-

2123 1208 2239 1272 γεῖν
2287 1205 2343 1255 ἐν
2392 1202 2669 1270 Πνεύματι
2697 1219 2708 1232 ·
2743 1200 3100 1266 καταλογίζου
3136 1197 3190 1249 δὲ
3245 1196 3445 1266 μᾶλλον
3495 1196 3579 1258 τίς
3623 1195 3695 1246 ὢν

2124 1295 2233 1365 ἄρα
2268 1294 2362 1345 καὶ
2409 1294 2469 1344 ὲν
2515 1293 2655 1344 τίσιν
2691 1292 2753 1344 τὸ
2805 1288 3059 1358 τηνικάδε
3110 1286 3177 1341 τὰ
3227 1284 3454 1339 τοιαῦτά
3503 1302 3695 1353 φησιν’

2124 1382 2191 1456 ἦν
2226 1385 2324 1453 μὲν
2352 1382 2460 1452 γὰρ
2488 1383 2546 1435 ὲν
2579 1383 2741 1452 σαρκὶ
2777 1381 2843 1434 δι’
2877 1381 3023 1449 ἡμᾶς
3064 1395 3079 1410 ο
3120 1377 3251 1431 αὐτὸ
3286 1376 3350 1446 δὴ
3388 1375 3549 1428 τοῦτο
3582 1374 3698 1427 καθ’

2128 1476 2274 1546 ἡμᾶς
2313 1472 2598 1543 ἄνθρωπος
2625 1473 2726 1524 οὐκ
2760 1475 2816 1525 ἐν
2871 1470 2999 1541 δόξῃ
3032 1472 3098 1538 τῇ
3154 1467 3365 1535 eadem
3417 1465 3511 1518 mi.
3558 1463 3701 1532 αὐτῷ

2130 1567 2414 1638 πρεπούσῃ
2475 1563 2743 1633 φυσικῶς,
2794 1563 2928 1615 ἀλλὰ
2972 1561 3072 1630 τῆς
3107 1560 3384 1630 ἡμετέρας
3409 1557 3704 1627 φύσεωςτο

2135 1656 2546 1728 σμικροπρεπὲς
2586 1655 2679 1707 καὶ
2723 1655 2783 1706 τὸ
2826 1654 3085 1706 ταπεινὸν
3128 1652 3287 1704 τοῦτο
3326 1648 3704 1719 περικείμενος

2134 1751 2316 1817 σχῆμα
2341 1764 2354 1777 ·
2399 1746 2488 1799 διὰ
2511 1746 2667 1799 τοῦτό
2696 1761 2858 1813 φησιν
2887 1746 3125 1813 ἐνεργεῖν
3149 1743 3208 1794 ὲν
3240 1739 3522 1809 Πνεῦματι
3550 1736 3703 1790 Θεοῦ.

2132 1839 2241 1891 Καὶ
2272 1837 2380 1906 γάρ
2413 1853 2496 1888 τοι
2547 1834 2685 1887 κατὰ
2734 1833 2794 1885 τὸ
2840 1831 3036 1899 ἀληθὲς
3097 1830 3158 1882 οὐ
3205 1827 3404 1897 σαρκὸς
3459 1822 3706 1891 ἐνεργείᾳ

2134 1929 2334 1996 φυσικῇ
2382 1925 2477 1978 καὶ
2537 1922 2958 1993 ἁνθρωπότητος
3016 1920 3246 1988 δυνάμει
3299 1913 3573 1987 παραλύει
3621 1912 3707 1963 τὸν

2134 2020 2377 2073 Σατανᾶν
2420 2017 2513 2071 καὶ
2567 2013 2853 2083 κατισχύει
2878 2012 2970 2066 τοῦ
3004 2008 3357 2075 Βεελζεᾶρύλ·
3400 2005 3525 2058 ἐπεὶ
3569 2004 3710 2057 διδα-

2136 2111 2313 2169 σκέτω
2366 2126 2469 2173 τις,
2501 2110 2549 2160 εἰ
2590 2105 2861 2176 βούλεται,
2894 2105 2946 2157 τί
2987 2104 3048 2155 τὸ
3085 2102 3294 2155 κωλῦον
3321 2100 3431 2159 τοῖς
3466 2095 3708 2149 ἐθέλουσι

2136 2198 2458 2268 προκεῖσθαι
2493 2197 2591 2265 τὴν
2622 2194 2874 2259 ἐξουσίαν
2922 2192 3021 2262 τὴν
3076 2189 3214 2244 κατὰ
3263 2186 3589 2256 πνευμάτων
3615 2224 3631 2246 ,
3666 2183 3711 2234 εἰ

2136 2289 2293 2342 τοῦτο
2356 2288 2567 2357 ἐνεργεῖ
2628 2284 2831 2354 σαρκὸς
2886 2283 3064 2350 φύσις.
3116 2279 3322 2341 Πάντες
3383 2276 3489 2346 γάρ
3548 2275 3712 2342 ἐσμεν

2138 2380 2196 2430 ὲν
2232 2379 2416 2447 σαρκὶ,
2446 2378 2540 2429 καὶ
2566 2371 2644 2438 εἷς
2675 2374 2817 2427 κατὰ
2859 2372 3078 2426 πάντων
3106 2371 3135 2423 ὁ
3163 2370 3260 2439 τῆς
3296 2365 3713 2436 ἀνθρωπότητος

2138 2470 2316 2537 λόγος.
2374 2468 2513 2521 Ἀλλ’
2554 2467 2677 2521 οὔτε
2732 2466 2930 2536 σαρκὸς
2968 2464 3124 2535 ἔργον
3171 2462 3381 2523 ἰδικῶς,
3430 2459 3557 2511 οὔτε
3617 2456 3714 2525 μὴν

2140 2558 2552 2630 ἀνθρωπότητος
2596 2556 2655 2609 τὸ
2710 2551 3034 2623 κατισχῦσαι
3078 2549 3432 2619 πνευμάτων.
3467 2546 3594 2599 ἐπεὶ
3646 2545 3713 2614 μὴ

2142 2652 2341 2713 πάντες
2370 2649 2662 2719 ἰσχύουσιν,
2705 2646 2982 2717 ἐνεργείας
3023 2644 3081 2699 δὲ
3117 2643 3313 2714 μᾶλλον
3358 2642 3552 2711 ὁρᾶται
3592 2655 3717 2691 κατ-

2142 2742 2364 2814 όρθωμα
2385 2740 2484 2811 τῆς
2514 2740 2600 2793 διὰ
2635 2738 2967 2808 Πνεῦματος.
2994 2734 3201 2788 Οὐκοῦν
3223 2732 3418 2801 ἀληθὲς
3441 2729 3666 2798 εἴρηκεν
3694 2730 3719 2780 ὁ

2144 2832 2332 2900 Σωτὴρ
2354 2831 2472 2883 καθ’
2491 2829 2517 2881 ὃ
2540 2831 2736 2881 νοεῖται
2765 2826 2900 2897 σὰρξ
2931 2825 3022 2878 καὶ
3046 2823 3351 2894 ἄνθρωπος,
3373 2819 3718 2886 ὅτιΠνεὺμα-

2144 2940 2232 2983 τος
2257 2922 2414 2990 ἔργον
2443 2918 2529 2991 ἦν,
2560 2922 2653 2972 καὶ
2676 2919 2795 2987 οὐχὶ
2833 2917 2919 2970 διὰ
2951 2917 3047 2987 τῆς
3076 2915 3296 2987 σαρκὸς,
3322 2915 3489 2984 ἠγουν
3513 2912 3721 2982 ἀνορω-

2148 3015 2465 3085 πότητος,ἡ
2518 3012 2660 3066 κατὰ
2713 3010 2820 3062 τῶν
2870 3010 3137 3075 δαιμόνων
3179 3005 3349 3074 ἰσχύς.
3397 3004 3590 3069 Ἀγιον
3630 3000 3723 3070 μὲν

2151 3108 2259 3176 γὰρ
2291 3104 2735 3176 ὁμολογουμένως
2767 3102 2915 3153 ἐστὶν
2951 3100 3012 3151 τὸ
3044 3098 3202 3166 σῶμα
3228 3096 3323 3149 τοῦ
3347 3094 3612 3167 Χριστοῦ,
3636 3095 3726 3145 καὶ

2153 3198 2332 3248 πᾶσαν
2380 3194 2503 3264 ἕχον
2554 3192 2696 3245 κατὰ
2747 3192 2928 3261 πάσης
2968 3188 3125 3241 νόσου
3174 3186 3272 3257 τὴν
3312 3187 3541 3253 δύναμιν
3573 3202 3583 3212 ·
3614 3180 3725 3235 ἁ>λ’

2152 3282 2217 3356 ἦν
2256 3302 2314 3338 τε
2340 3287 2432 3337 καὶ
2464 3285 2611 3337 ἔστιν
2664 3283 2839 3351 ἆγιον,
2882 3282 2981 3334 οὐκ
3020 3280 3249 3349 ἐπείπερ
3301 3277 3484 3339 ἁπλῶς
3525 3276 3726 3326 νοεῖται

2156 3373 2310 3443 σὰρξ,
2340 3376 2396 3427 ἐν
2432 3374 2609 3442 μόνοις
2643 3369 2778 3425 οὖσα
2809 3375 2921 3433 τοῖς
2945 3370 3096 3433 ἰδίοις
3122 3369 3320 3436 λόγοις,
3354 3366 3466 3419 ἀλλ’
3495 3366 3578 3418 ὅτι
3604 3363 3727 3425 ναός

2154 3467 2270 3518 ἐστι
2298 3465 2390 3519 τοῦ
2417 3463 2797 3527 κατοικοῦντος
2836 3466 2893 3516 ὲν
2920 3463 3056 3532 αὐτῇ
3087 3457 3222 3513 Θεοῦ
3248 3460 3445 3527 Λόγου,
3474 3455 3729 3525 ἁγιάζον-

2155 3556 2245 3618 τός
2289 3572 2349 3607 τε
2401 3555 2497 3625 τὴν
2540 3554 2677 3607 ἰδίαν
2726 3552 2904 3623 σάρκα
2939 3553 3025 3605 διὰ
3070 3551 3164 3604 τοῦ
3201 3550 3356 3619 ἁγίου
3387 3548 3725 3616 Πνεύματος.

2160 3647 2307 3716 Ἔφη
2331 3646 2461 3714 γοῦν
2496 3644 2657 3707 αὐτὸς
2699 3643 2835 3714 πρὸς
2870 3643 2961 3695 τὸν
3004 3645 3061 3695 ὲν
3098 3644 3209 3704 τοῖς
3233 3640 3479 3712 οὐρανοῖς
3510 3639 3729 3705 Πατέρα

2156 3739 2255 3802 τὰς
2273 3737 2539 3803 διαλέξεις
2558 3735 2879 3806 ποιούμενος
2899 3735 3036 3805 ὑπὲρ
3056 3734 3235 3787 αὐτῶν
3261 3751 3273 3763 ·
3299 3747 3318 3783 r
3353 3729 3497 3800 Ἐγὼ
3517 3730 3728 3798 ἁγιάζω

2156 3829 2422 3899 ἐμαυτὸν,
2468 3827 2554 3880 ἵνα
2594 3821 2695 3879 ὦσι
2722 3826 2818 3880 καλ⁵
2867 3825 3021 3879 αὐτοὶ
3048 3823 3370 3895 ἡγιασμένοι
3404 3822 3483 3885 εις
3505 3820 3585 3875 ἓν.
3634 3838 3653 3871 ι

2231 3919 2339 3975 Kal
2360 3919 2488 3989 μεθ’
2517 3918 2707 3987 ἔτερα.

2244 4010 2386 4063 Ἀνθ’
2436 4011 2558 4062 ὅτου
2610 4009 2673 4080 δὴ
2716 4008 2857 4079 μετὰ
2899 4007 3099 4078 σαρκὸς
3136 4004 3447 4075 οἰκονομίαν
3474 4003 3535 4056 οὐ
3565 4019 3731 4055 κατα-

2162 4100 2459 4169 πέπληχϐε,
2515 4100 2717 4169 φησὶν,
2751 4098 2838 4152 διὰ
2893 4098 2944 4152 τί
2993 4099 3067 4169 μὴ
3113 4095 3423 4166 θαυμάζετε
3473 4094 3567 4147 τὸν
3614 4091 3730 4145 καθ’

2163 4194 2307 4264 ἡμᾶς
2338 4191 2626 4259 γενόμενον
2674 4189 2958 4259 ἄνθρωπον
2985 4232 2999 4251 ,
3035 4188 3121 4240 ἴνα
3158 4188 3292 4259 ὅπερ
3323 4186 3433 4256 ἔχει
3486 4184 3732 4253 φυσικῶς

2163 4284 2236 4347 ὼς
2268 4282 2419 4347 θεὸς,
2446 4280 2624 4333 λαϐὼν
2652 4280 2720 4333 δι’
2765 4282 2913 4350 ἡμᾶς
2956 4282 3031 4343 ὡς
3078 4277 3381 4350 ἄνθρωπος,
3417 4276 3562 4346 φημλ⁵
3593 4276 3645 4328 δὲ
3677 4277 3734 4328 τὸ

499 4384 658 4433 ritum
686 4381 927 4452 inquam,
956 4383 1111 4451 cujus
1133 4385 1361 4452 gratiam
1393 4378 1457 4434 ad
1498 4394 1596 4434 nos
1626 4378 2043 4432 transmitteret‘

2168 4374 2411 4444 Πνεῦμα,
2449 4372 2793 4444 παραπέμψῃ
2843 4374 2937 4425 καὶ
2988 4374 3070 4435 εἰς
3109 4372 3254 4441 ἡμᾶς
3286 4369 3381 4440 τὴν
3404 4369 3601 4439 χάρινς
3634 4369 3733 4436 Ζη-

499 4471 707 4526 Etenim
736 4487 860 4527 cum
893 4472 1127 4542 Spiritus
1153 4474 1381 4543 gratiam
1404 4512 1419 4537 ,
1464 4471 1534 4525 ob
1578 4471 1851 4539 antiquam
1883 4479 2058 4525 trans-

498 4567 831 4635 gressionem
891 4576 1079 4620 natura
1113 4567 1421 4628 amisisset,
1484 4577 1670 4617 rursus
1710 4576 1829 4617 eam
1868 4563 2060 4632 adepta

497 4668 581 4711 est
623 4672 716 4726 per
748 4659 987 4727 primum
1017 4658 1147 4712 etin
1180 4671 1288 4726 quo
1320 4657 1494 4725 prima
1541 4653 1640 4707 l‘uit
1677 4652 1917 4707 Christo.
1967 4652 2064 4707 Hic

497 4752 642 4805 enim
684 4751 935 4821 apparuit
963 4750 1203 4805 ccelestis
1238 4749 1433 4811 homo,
1477 4747 1716 4799 Adamus
1752 4743 1913 4807 alter,
1957 4743 2052 4813 qui

498 4843 600 4896 sibi
634 4843 921 4896 humanam
962 4849 1213 4894 naturam
1254 4837 1574 4893 instauravit
1624 4839 1691 4891 ad
1742 4837 1864 4889 vita:
1906 4835 2060 4887 novi-

501 4944 687 4988 tatem.
721 4934 853 4990 Cum
876 4947 1006 4999 ergo
1037 4946 1249 5000 semper
1273 4931 1468 4983 habeat
1490 4930 1765 4998 pr0prium
1799 4925 2063 4995 Spiritum

505 5028 758 5082 Christus
787 5066 803 5091 ,
855 5034 1123 5095 quatenus
1159 5022 1476 5091 intelligitur
1530 5030 1584 5072 ct
1624 5028 1705 5071 est
1749 5017 2069 5072 naturaliter

504 5124 663 5180 Deus,
698 5117 796 5186 qui
840 5116 1005 5171 etiam
1058 5114 1202 5168 illum
1262 5114 1501 5181 recipere
1538 5111 1739 5163 dicitur
1788 5118 2058 5178 quatenus

505 5218 665 5268 homo
688 5220 791 5277 est,
837 5206 1078 5279 profecto
1125 5207 1371 5277 pervenit
1429 5206 1479 5259 iu
1534 5219 1634 5257 nos
1700 5216 1916 5272 regnum
1951 5199 2067 5254 Dei.

574 5388 617 5418 "
645 5383 801 5437 Joan.
837 5397 968 5444 xvu,
1000 5382 1085 5436 19.

2173 4468 2435 4537 μιωθεῖσα
2464 4466 2573 4535 γὰρ
2602 4468 2635 4536 ἡ
2672 4465 2833 4533 φύσις
2858 4464 2952 4536 τὴν
2980 4463 3071 4517 τοῦ
3110 4461 3426 4530 Πνεῦματος
3456 4461 3620 4530 χάριν
3654 4458 3737 4511 διὰ

2163 4559 2264 4629 τὴν
2302 4559 2359 4610 ὲν
2397 4557 2538 4627 ἀρχῇ
2595 4556 2927 4625 παράϐασιν,
2981 4552 3325 4620 πεπλούτηκε
3362 4551 3523 4603 πάλιν
3568 4549 3735 4618 αὐτὴν

2164 4648 2251 4701 διὰ
2288 4646 2503 4718 πρώτου
2542 4663 2601 4699 τε
2631 4647 2725 4699 καὶ
2765 4648 2822 4700 ὲν
2870 4644 3070 4716 πρώτῳ
3112 4642 3351 4714 Χριστῷ.
3388 4641 3603 4709 Πέφηνε
3635 4639 3737 4708 γὰρ

2162 4738 2412 4808 οὐράνιος
2466 4737 2750 4808 ἅνθρωπος
2792 4737 2884 4789 καὶ
2911 4735 3157 4805 δεύτερος
3210 4730 3380 4799 Ἀδὰμ
3431 4729 3737 4793 ἀνακτίζων

2167 4829 2342 4900 ἐαυτῷ
2375 4830 2473 4899 τὴν
2506 4828 2667 4896 φύσιν
2694 4829 2774 4890 εἰς
2821 4827 3111 4896 καινότητα
3147 4824 3315 4892 ζωῆς.
3349 4823 3605 4890 Ἔχοντος
3638 4821 3739 4871 τοί-

2164 4939 2258 4975 νυν
2285 4922 2370 4974 ἀεὶ
2400 4922 2462 4973 τὸ
2499 4920 2626 4972 ἴδιον
2658 4918 2882 4988 Πνεῦμα
2911 4915 3171 4987 Χριστοῦ,
3205 4912 3326 4967 καθ’
3364 4913 3393 4964 ὃ
3418 4914 3621 4966 νοεῖται
3651 4912 3739 4962 καὶ

2165 5015 2281 5068 ἔστι
2312 5013 2442 5075 Θεὸς
2475 5013 2617 5066 κατὰ
2652 5011 2810 5079 φύσιν
2834 5050 2850 5072 ,
2880 5008 3173 5078 λεγομένου
3206 5023 3264 5059 τε
3294 5004 3480 5057 λαϐεῖν
3579 5003 3737 5070 γέγο-

2166 5121 2253 5159 νεν
2305 5104 2619 5175 ἄνθρωπος,
2659 5101 2892 5171 ἔφθασεν
2944 5101 3028 5168 ἐφ’
3068 5100 3217 5168 ἡμᾶς
3278 5099 3312 5167 ἡ
3364 5095 3610 5164 βασιλεία
3650 5090 3741 5144 τοῦ

2166 5194 2324 5249 Θεοῦ.
2372 5195 2443 5246 Τὸ
2486 5195 2592 5264 γὰρ
2655 5193 2915 5264 μετόχους
2973 5190 3221 5260 γενέσθαι
3268 5186 3361 5241 τοῦ
3398 5187 3740 5256 Πνεῦματος,

573 5546 646 5615 (1)
682 5542 1182 5598 Σκανδατῑιστὲον.
1211 5541 1587 5610 Fragmentum
1616 5540 1713 5593 hoc
1741 5553 1862 5591 cum
1896 5536 2043 5589 tribu:

2149 5530 2459 5600 equetttibus
2490 5531 2653 5584 edidit
2688 5529 2822 5598 Aug.
2860 5527 2960 5582 Mai
2989 5529 3037 5581 tu
3078 5526 3214 5581 Bibi.
3284 5542 3415 5579 nova
3500 5521 3741 5584 Patrum,

512 5619 576 5683 il,
613 5615 738 5671 478.
