3946 6316
395 276 502 331 ιιδ

1375 269 1432 321 S.
1476 266 1745 322 CYRILLI
1788 261 2248 318 ALEXANDRINI
2286 260 2606 316 ABCHIEP.

3549 249 3660 307 ιιι

396 389 653 461 gnitionis
687 386 787 443 sibi
827 385 1057 456 reponit.
1095 382 1217 438 Ideo
1240 383 1427 437 beatos
1464 384 1592 438 dicit
1614 383 1965 451 comprehen—

2077 375 2321 443 γνώσεως
2344 375 2524 445 ἐαυτῷ
2551 373 2903 443 ἀποθέμενος.
2926 371 3016 425 Διὸ
3049 368 3341 441 μακαρίζει
3372 367 3495 429 τοὺς
3527 385 3657 420 συν-

398 486 587 535 dentes
627 481 678 532 in
721 495 779 533 se
819 478 1041 545 legalem
1086 487 1140 529 et
1184 478 1550 545 evangelicam
1593 476 1963 545 disciplinain,

398 573 470 625 ita
509 584 564 623 ιιι
601 578 848 639 promant
880 585 945 622 ex
972 570 1229 621 thesauro
1265 583 1362 621 suo
1401 584 1534 621 nova
1565 578 1617 622 et
1654 578 1871 623 vetera:
1910 576 1965 621 ut

400 658 562 709 etiam
602 656 725 708 alibi
768 656 843 709 ait
881 673 894 708 :
938 674 955 704 ι
996 654 1200 707 Mittam
1239 656 1390 710 vobis
1430 658 1703 725 sapientes
1739 665 1794 710 et
1833 656 1970 710 scri-

399 746 517 798 bas.
559 763 576 793 »
617 744 843 797 Videsne
877 746 1146 811 quomodo
1183 746 1427 800 Veterem
1465 760 1570 798 non
1610 746 1837 813 rejiciat,
1874 748 1966 800 sed

397 837 578 890 lmdet
610 836 801 905 legem,
836 838 1148 889 thesaurum
1181 852 1298 889 eam
1328 837 1560 891 vocans?
1592 838 1736 891 Adeo
1764 847 1820 890 ut
1849 838 1967 905 qni-

399 942 609 995 cunque
635 929 937 982 divinarum
969 928 1372 993 Scripturarum
1405 929 1574 998 ignari
1603 939 1748 993 sunt,
1768 936 1971 997 patres-

402 1016 631 1071 l'amilias
661 1034 779 1071 esse
811 1034 914 1070 non
939 1018 1142 1085 possint
1167 1034 1181 1082 ;
1215 1034 1389 1086 neque
1420 1020 1637 1081 divites,
1665 1021 1959 1087 quicunqm

400 1123 575 1175 neque
604 1110 700 1173 ipsi
731 1109 948 1171 habent,
979 1124 1074 1164 nec
1102 1111 1165 1164 ab
1195 1110 1316 1163 aliis
1333 1100 1637 1177 accipiunt.
1666 1112 1758 1163 sed
1788 1110 1973 1162 vident

403 1200 609 1267 seipsos
641 1199 780 1253 l'ame
812 1212 1096 1269 pereuntes
1124 1216 1140 1254 :
1175 1217 1281 1255 non
1316 1211 1523 1256 tantum
1556 1213 1733 1255 autem
1768 1202 1852 1264 hi,
1882 1216 1972 1255 ve-

402 1305 521 1342 rum
549 1291 711 1344 etiam
744 1293 979 1346 haeretici
1015 1293 1196 1361 procul
1228 1294 1295 1346 ab
1327 1293 1426 1351 hac
1458 1291 1792 1347 beatitudine
1821 1300 1968 1345 sunt.

400 1380 515 1433 Non
565 1384 708 1436 enim
755 1385 1037 1451 proferunt
1096 1401 1230 1437 nova
1287 1395 1338 1440 et
1390 1395 1601 1450 vetera;
1648 1400 1822 1454 neque
1856 1385 1968 1453 jam

400 1479 579 1522 vetera
610 1471 828 1537 habent,
888 1473 1113 1540 idquue
1167 1488 1340 1542 neque
1401 1490 1555 1529 nova.
1610 1474 1968 1540 Quamobrem

396 1561 563 1630 igitur
595 1563 647 1616 hi
680 1564 769 1631 qui
803 1578 938 1620 nova
972 1580 1076 1618 non
1116 1566 1334 1631 habent,
1364 1575 1419 1621 et
1447 1563 1641 1630 Judaei,
1675 1582 1850 1634 neque
1879 1581 1971 1621 ve-

397 1659 511 1706 tera
555 1654 774 1720 habent,
811 1656 904 1709 sed
949 1656 1191 1723 utrisque
1237 1658 1433 1727 privati
1481 1668 1628 1721 sunt,
1671 1660 1783 1713 haec
1824 1659 1967 1712 enim

398 1743 499 1797 sibi
541 1744 770 1799 invicem
815 1746 1060 1813 colligata
1102 1760 1229 1802 sunt
1284 1760 1337 1802 et
1378 1765 1639 1803 connexa.
1671 1750 1968 1806 Audiamus

398 1833 585 1901 igitur,
625 1835 932 1903 quicunque
971 1826 1255 1890 lectionem
1300 1837 1703 1906 Scripturarum
1749 1839 1971 1907 negligi-

402 1938 542 1987 mns,
563 1924 721 1991 quale
746 1925 999 1980 damnum
1024 1928 1313 1995 patiamur,
1337 1936 1592 1995 quantam
1618 1930 1927 1997 pauperiem
1952 1947 1967 1983 :

400 2028 508 2068 non
551 2016 692 2067 enim
743 2030 962 2084 Operam
1011 2018 1455 2085 gubernationem
1500 2020 1833 2086 accipimus,
1878 2020 1969 2087 qui

400 2104 542 2171 ipsas
561 2103 702 2175 leges
730 2107 923 2173 quibus
952 2108 1284 2174 gubernandi
1317 2124 1501 2163 sumus
1538 2110 1830 2164 nescimus.
1861 2108 1971 2180 45

400 2191 501 2259 Qui
566 2210 693 2249 vero
759 2196 949 2251 divites
1003 2206 1148 2261 sunt,
1220 2198 1435 2251 assidue
1495 2200 1814 2253 vestimenta
1873 2215 1969 2254 sua

400 2288 704 2353 excutiunt,
734 2302 798 2341 ne
828 2289 1091 2342 tinearum
1111 2304 1249 2344 esca:
1278 2291 1436 2355 tiant;
1466 2306 1563 2345 nos
1580 2301 1780 2357 autem,
1813 2294 1969 2347 tineis

401 2378 633 2446 pejurem
688 2380 927 2434 videntes
953 2382 1149 2436 anima:
1175 2392 1371 2436 nostra:
1398 2382 1718 2439 obicientem
1746 2386 1969 2440 oblivio-

402 2483 548 2533 nem,
577 2484 682 2522 non
709 2469 1007 2524 insistimus
1035 2471 1207 2538 libris,
1238 2487 1333 2540 per
1357 2489 1492 2542 quos
1517 2475 1697 2529 anima
1725 2485 1967 2534 ornatur.

471 2655 612 2720 XIII,
648 2658 738 2713 54.
781 2657 850 2711 Et
877 2660 1079 2712 reuieus
1108 2660 1161 2711 in
1188 2657 1415 2726 patriam
1448 2672 1621 2711 suam.

468 2749 750 2804 Civitatem
784 2768 934 2804 suam
974 2750 1293 2803 Nazaretum
1333 2765 1454 2803 esse
1507 2750 1728 2813 fatetur,
1779 2759 1965 2818 quate-

400 2856 503 2895 nus
561 2841 806 2893 videlicet
858 2842 1079 2893 deliuito
1127 2841 1177 2892 iu
1227 2854 1455 2907 corpore
1513 2850 1662 2905 erat,
1705 2850 1759 2893 et
1807 2856 1971 2894 carne

405 2931 775 2986 tantummodo
806 2931 1100 2993 liniitatus,
1139 2930 1184 2985 is
1236 2931 1325 2997 qni
1362 2931 1561 2999 alioqui
1614 2933 1971 2987 imniensura-

2072 468 2391 535 ενεγκόντας
2419 469 2476 520 ἐν
2510 469 2721 528 ἐαυτοῖς
2751 462 2980 534 νομικὴν
3013 461 3263 515 παιδείαν
3295 460 3387 512 καὶ
3418 459 3660 527 εὐαγγε-

2070 561 2248 630 λικὴν,
2281 560 2419 612 ὥστε
2462 558 2741 612 ἐκὸάλλειν
2768 558 2831 609 ἐκ
2860 555 2951 608 τοῦ
2980 551 3258 624 θησαυροῦ
3298 552 3394 605 νέα
3421 553 3514 603 καὶ
3549 568 3660 603 πα-

2071 650 2197 703 λαιά
2217 670 2228 681 ·
2276 650 2457 713 καθὼς
2504 651 2598 701 καὶ
2640 647 2871 717 ἀλλαχοῦ
2904 664 3067 717 φησιν
3091 662 3105 675 ο
3148 665 3166 695 ι
3189 643 3496 697 Ἀποστελῶ
3527 644 3659 711 ὑμῖν

2075 744 2271 811 σοφοὺς
2306 744 2399 795 καὶ
2432 741 2815 810 γραμματέας.
2850 759 2867 789 ι
2901 736 3052 799 Εἶδες
3094 736 3210 798 πῶς
3255 736 3354 788 οὐκ
3404 734 3658 787 ἐκὸάλλει

2070 836 2167 904 τὴν
2205 833 2467 899 Παλαιὰν,
2496 833 2630 886 ἀλλὰ
2662 834 2753 886 καὶ
2783 830 3142 901 ἐγκωμιάζει,
3176 827 3446 899 θησαυρὸν
3486 827 3660 895 αὐτὴν

2071 926 2285 990 καλῶν;
2321 928 2479 977 Ὥστε
2516 925 2629 977 ὅσοι
2657 923 2764 975 τῶν
2798 922 2956 975 θείων
2989 923 3125 974 εἰσιν
3157 918 3373 988 ἄπειροι
3398 916 3655 986 Γραφῶν,

2070 1018 2170 1069 οὐκ
2216 1016 2280 1070 ἂν
2326 1013 2433 1069 εἷεν
2475 1014 2871 1075 οἰκοδεσπόται,
2907 1013 3027 1066 οὐδὲ
3071 1011 3335 1074 πλούσιοι,
3368 1011 3481 1062 ὅσοι
3517 1011 3657 1079 μήτε

2072 1109 2226 1160 αὐτοὶ
2273 1107 2453 1176 ἔχουσι
2501 1108 2637 1176 μήτε
2688 1105 2817 1174 παρ’
2848 1105 3048 1174 ἐτέρων
3095 1102 3487 1171 λαμϐάνουσιν.
3521 1100 3657 1153 ἀλλὰ

2072 1198 2397 1268 περιορῶσιν
2435 1199 2657 1260 ἑαυτοὺς
2688 1196 2832 1266 λιμῷ
2864 1194 3276 1266 φθειρομένουςο
3310 1195 3405 1263 οὐχ
3433 1187 3579 1246 οὗτοι
3601 1193 3660 1245 δὲ

2075 1290 2255 1359 μόνον,
2289 1288 2424 1340 ἀλλὰ
2458 1290 2551 1341 καὶ
2589 1289 2635 1339 οἱ
2666 1285 2934 1357 αἱρετικοὶ
2968 1285 3124 1347 ἐκτός
3155 1286 3258 1337 εἰσι
3289 1284 3381 1337 τοῦ
3414 1300 3657 1353 μακαρι-

2072 1378 2210 1449 σμοῦ
2254 1378 2462 1431 τούτου.
2496 1378 2569 1429 Οὐ
2602 1377 2708 1445 γὰρ
2739 1375 3058 1430 ἐκϐάλλουσι
3091 1373 3254 1427 καινὰ
3282 1373 3375 1425 καὶ
3405 1371 3653 1425 παλαιάο

2070 1469 2190 1522 οὐδὲ
2234 1470 2342 1539 γάρ
2398 1468 2578 1537 ἔχουσι
2626 1467 2696 1519 τὰ
2742 1466 2968 1529 παλαιὰ,
3021 1464 3102 1518 διὸ
3153 1466 3247 1518 καὶ
3298 1464 3419 1517 οὐδὲ
3471 1464 3651 1517 καινά.

2075 1562 2281 1631 Ὥσπερ
2319 1556 2412 1614 οὖν
2454 1560 2502 1612 οἱ
2536 1559 2699 1613 καινὰ
2734 1560 2835 1612 οὐκ
2861 1558 3096 1627 ἔχοντες,
3127 1558 3203 1619 ὡς
3242 1556 3503 1617 Ἰουδαῖοι,
3536 1555 3657 1607 οὐδὲ

2073 1654 2280 1707 παλαιὰ
2337 1652 2573 1722 ἔχουσιν,
2623 1651 2737 1705 ἀλλ’
2770 1651 3046 1720 ἑκατέρων
3093 1650 3435 1719 ἐστέρηνται.
3470 1647 3657 1700 Ταῦτα

2076 1744 2183 1815 γὰρ
2213 1744 2461 1811 ἀλλήλοις
2503 1743 2805 1795 συνδέδεται
2845 1741 2938 1794 καὶ
2972 1738 3654 1810 συμπλέκεται.’Δκούσω-

2080 1854 2178 1906 μεν
2220 1838 2399 1889 τοίνυν
2446 1838 2559 1889 ὅσοι
2606 1836 2704 1906 τῆς
2734 1834 3089 1903 ἀναγνώσεως
3117 1833 3223 1887 τῶν
3257 1834 3487 1903 Γραφῶν
3520 1836 3658 1902 άμε-

2076 1926 2293 1997 λοῦμεν,
2330 1928 2460 1997 ὅσην
2511 1928 2855 1997 ὑπομένομεν
2907 1925 3133 1996 βλάϐην,
3167 1926 3297 1993 ὅσην
3345 1924 3567 1976 πενίαν·
3595 1925 3659 1976 οὐ

2077 2020 2186 2089 γάρ
2218 2037 2346 2073 ποτε
2375 2020 2475 2089 τῆς
2496 2019 2584 2073 διὰ
2610 2019 2719 2071 τῶν
2750 2017 2926 2087 ἔργων
2956 2017 3326 2086 ἐπιλαϐόμεθα
3360 2015 3656 2077 πολιτείας,

2076 2114 2126 2165 οἱ
2170 2112 2305 2182 μηδὲ
2350 2113 2547 2175 αὐτοὺς
2584 2112 2710 2175 τοὺς
2742 2112 2940 2180 νόμους
2986 2110 3186 2172 εἰδότες
3230 2109 3346 2162 καθ’
3374 2107 3468 2171 οὓς
3507 2109 3659 2161 πολι-

2076 2203 2327 2255 τεύεσθαι
2396 2204 2537 2274 χρή⁶
2589 2202 2703 2255 ἀλλ’
2745 2204 2791 2255 οἱ
2850 2203 2945 2272 μὲν
3004 2200 3359 2263 πλουτοῦντες
3420 2200 3659 2269 συνεχῶς

2076 2294 2416 2351 τινάσσουσιν
2466 2292 2643 2345 αὐτῶν
2690 2291 2759 2345 τὰ
2805 2292 3014 2361 ἱμάτια,
3045 2291 3185 2344 ὥστε
3218 2290 3290 2358 μὴ
3336 2290 3660 2360 σητόϐρωτα

2077 2386 2551 2455 γίνεσθαι.¹Ημεῖς
2595 2384 2653 2437 δὲ
2701 2383 2863 2454 σητὸς
2907 2381 3287 2453 χαλεπώτερον
3325 2382 3558 2452 ὁρῶντες
3590 2383 3657 2451 τῇ

2076 2478 2217 2549 λήθῃ
2246 2476 2647 2546 λυμαινομένην
2688 2476 2844 2545 ἡμῶν
2888 2478 2987 2546 τὴν
3034 2474 3232 2544 ψυχὴν,
3262 2474 3362 2527 οὐκ
3388 2474 3659 2543 ἐντυγχά-

2078 2585 2241 2639 νομεν
2278 2566 2504 2637 βιϐλίοις
2528 2566 2595 2619 δι’
2624 2559 2698 2619 ὧν
2733 2565 3131 2629 καλλωπίζεται
3166 2567 3198 2636 ἡ
3226 2565 3395 2635 ψυχή.

2148 2657 2259 2711 Καὶ
2287 2657 2481 2712 ἐλθὼν
2519 2659 2607 2723 εὶς
2652 2658 2764 2725 τὴν
2806 2657 3057 2725 πατρίδα
3088 2655 3296 2721 αὑτοῦ.

2149 2749 2309 2803 Πόλιν
2346 2750 2422 2819 (1)
2451 2750 2508 2802 δὲ
2558 2748 2763 2801 οἰκείαν
2807 2748 3059 2818 ὁμολογεῖ
3113 2747 3210 2816 τὴν
3265 2746 3542 2816 Ναζαρὲτ.
3581 2746 3660 2807 ὡς

2080 2841 2473 2911 πεποσωμένος
2503 2840 2593 2893 διὰ
2622 2839 2685 2893 τὸ
2716 2840 3007 2909 σῶμα,καὶ
3027 2838 3112 2891 διὰ
3148 2838 3311 2909 μόνην
3342 2839 3441 2906 τὴν
3474 2838 3659 2908 σάρκα

2081 2932 2449 3003 μετρούμενος
2482 2971 2496 2994 ,
2526 2931 2704 2985 καίτοι
2752 2930 2890 2983 κατὰ
2924 2930 3084 2997 φύσιν
3119 2930 3423 2999 ἀμέτρητος
3474 2928 3551 2981 ὣν
3582 2928 3660 2991 ὡς

400 3021 521 3073 bilis
547 3033 659 3073 erat
690 3020 849 3073 Deus.
877 3020 1006 3074 Nam
1037 3024 1162 3089 quia
1193 3020 1331 3074 Deus
1363 3022 1521 3073 simul
1554 3023 1821 3090 homoque
1855 3032 1960 3086 est,

2077 3024 2236 3087 Θεός’
2267 3024 2452 3092 ἐπειδὴ
2504 3023 2614 3093 γὰρ
2663 3023 2719 3075 ὲν
2771 3020 2953 3090 ταυτῴ
3005 3021 3139 3084 Θεός
3184 3019 3243 3073 τέ
3275 3023 3389 3073 ἐστι
3433 3022 3529 3075 καὶ
3568 3021 3663 3073 ἇν-

402 3112 559 3164 modo
588 3112 801 3180 quidem
831 3122 1101 3181 quatenus
1133 3109 1367 3169 Verbum
1395 3124 1478 3165 est
1507 3114 1572 3167 de
1612 3113 1771 3167 Patre
1815 3114 1969 3167 ell'nl-

399 3218 552 3270 gens,
582 3214 728 3256 totus
772 3219 867 3257 ceu
900 3204 1016 3256 talis
1057 3204 1110 3256 in
1165 3219 1329 3257 carne
1376 3218 1589 3272 quoque
1633 3206 1969 3275 intelligitur.

403 3293 655 3348 Vicissim
707 3294 998 3362 aliquando
1026 3302 1293 3363 quatenus
1332 3311 1457 3350 caro
1482 3306 1603 3360 est,
1642 3299 1850 3353 etiamsi
1885 3316 1974 3354 na-

400 3386 649 3440 turaliter
690 3383 924 3439 Vettium
951 3396 1071 3451 est,
1131 3397 1185 3440 et
1236 3388 1286 3441 in
1333 3403 1431 3441 sua
1493 3390 1727 3443 naturali
1773 3392 1969 3446 unione

401 3477 723 3538 consistens,
759 3491 852 3529 ceu
880 3475 923 3529 si
959 3485 1099 3529 totus
1136 3478 1297 3530 homo
1331 3486 1493 3542 esset,
1526 3480 1753 3550 intelligi
1781 3481 1958 3536 solet:

398 3568 477 3621 ita
509 3576 566 3621 ut
600 3567 893 3621 divinitatis
918 3567 1080 3620 etiam
1129 3569 1387 3622 attributa
1434 3572 1757 3625 naturaliter
1798 3573 1967 3641 appli—

393 3669 591 3712 centur
616 3674 709 3712 ceu
744 3658 862 3712 sine
902 3672 1065 3713 carne
1105 3660 1391 3713 exsistenti
1432 3662 1600 3729 quiin
1644 3678 1809 3717 carne
1854 3675 1968 3731 est;

398 3750 743 3818 vicissimque
769 3751 1119 3805 lnnnanitatis
1153 3753 1417 3807 attributa
1439 3756 1790 3825 assignentur
1813 3758 1968 3825 quasi

398 3841 594 3895 divina:
643 3850 848 3895 natura:
904 3843 1265 3910 preprietates
1299 3859 1408 3898 non
1447 3845 1710 3912 habenti,
1754 3848 1969 3902 etiamsi

400 3944 586 3982 revera
610 3927 749 3982 Deus
779 3940 967 3998 suapte
993 3940 1179 3986 natura
1195 3944 1298 3987 est.
1319 3934 1766 4003 lgiturquatenns
1832 3938 1973 3992 Deus

401 4023 739 4090 intelligitur,
769 4021 969 4076 nullum
1012 4026 1366 4095 requietionis
1395 4042 1507 4081 sua:
1539 4027 1714 4082 locum
1766 4028 1970 4095 habet,

398 4114 524 4181 quia
567 4114 723 4176 loco,
780 4116 1288 4185 circumscriptione
1317 4156 1333 4180 ,
1390 4133 1641 4171 mensura
1691 4119 1973 4189 ﬁguraque

399 4210 543 4262 omni
578 4209 844 4264 excelsior
891 4220 993 4266 est.
1034 4210 1312 4278 Quatenus
1342 4220 1522 4264 autem
1557 4225 1709 4279 atque
1762 4227 1825 4264 ac
1875 4227 1972 4268 nos

401 4298 562 4354 homo
602 4300 947 4370 intelligitur,
1000 4318 1221 4371 prorsus
1276 4316 1397 4355 cum
1451 4315 1614 4354 carne
1669 4317 1765 4355 sua
1819 4312 1874 4356 et
1917 4304 1968 4357 in

400 4390 533 4445 locis
558 4400 663 4453 est,
692 4400 746 4444 et
779 4395 1052 4461 propriam
1076 4394 1355 4449 civitatem
1390 4392 1646 4447 habuisse
1674 4393 1894 4450 dicitur.

469 4479 609 4546 XIV,
643 4482 730 4537 15.
765 4483 979 4539 Dimitte
1008 4484 1208 4536 turbas.

464 4574 602 4640 Quid
633 4574 758 4631 illud
789 4577 991 4631 dimitte
1019 4578 1109 4636 sit,
1137 4575 1421 4644 diligenter
1446 4575 1804 4645 iuquiramns.
1835 4577 1964 4643 Qui-

395 4667 518 4717 dam
551 4666 695 4721 enim
730 4682 914 4720 eorum
948 4666 1039 4733 qui
1072 4664 1346 4720 Christum
1380 4669 1745 4732 sequebantur
1774 4681 1825 4725 et
1859 4674 1962 4727 sub

397 4760 762 4826 improborum
802 4768 1083 4827 parentmn
1121 4756 1441 4810 tenebantur
1473 4769 1757 4826 potestate,
1795 4763 1861 4815 ab
1899 4764 1962 4818 iis

397 4848 612 4903 liberari
656 4851 947 4918 rogabant;
986 4846 1073 4899 alii
1126 4861 1253 4901 vero
1293 4846 1361 4902 ab
1396 4849 1517 4905 aliis
1561 4850 1963 4909 inﬁrmitatibus

465 5033 509 5064 “
536 5029 722 5086 Matth.
754 5047 906 5095 χχιιι,
935 5029 1024 5084 54.

466 5186 541 5252 (1)
584 5185 768 5237 Πόλιν
799 5212 865 5222 --
894 5177 1239 5252 ἐσχηκέναι.
1282 5179 1381 5252 Mai
1427 5178 1496 5252 AB.
1541 5177 1611 5232 Ν.
1647 5179 1708 5243 Il,
1742 5197 1792 5249 p.
1833 5181 1956 5236 480.

469 5250 545 5324 (‘2)
574 5251 852 5324 Ταυτότης
881 5252 981 5302 hoc
1016 5250 1129 5301 loco
1165 5250 1374 5324 nonnisi
1407 5250 1471 5324 de
1519 5252 1765 5324 duarqu
1800 5262 1961 5324 nam-

398 5320 577 5377 rarum
613 5324 711 5375 sub
751 5320 907 5371 unica
968 5334 1192 5384 persona
1230 5320 1554 5372 adunatione
1603 5320 1823 5388 intelligi
1870 5336 1961 5389 po-

398 5402 525 5453 test,
555 5408 675 5445 cum
712 5391 917 5444 centies
940 5389 1063 5441 alibi
1100 5390 1381 5455 utriusque
1410 5389 1462 5442 in
1503 5390 1719 5443 Christo
1756 5403 1961 5444 natura:

400 5460 865 5529 conservationem
916 5457 1147 5529 Cyrilltts
1210 5457 1581 5512 aﬂirmaverit.
1642 5458 1958 5526 llnjusmodi

399 5531 602 5583 dictum
631 5528 771 5581 aliud
800 5527 981 5597 Cyrilli
1019 5528 1228 5582 celebre
1270 5529 1371 5582 fuit
1410 5529 1461 5581 in
1502 5542 1588 5595 ep.
1624 5529 1688 5580 ad
1722 5531 1962 5583 Succen-

404 5614 521 5651 sum
555 5618 567 5652 :
601 5614 705 5651 una
727 5609 800 5651 est
836 5597 931 5652 Dei
962 5597 1111 5652 Verbi
1142 5599 1420 5651 incuruata
1460 5608 1669 5650 natura.
1709 5599 1958 5651 Attamen

402 5668 649 5724 vocabuli
687 5667 841 5739 hujus
874 5667 1137 5739 ταυτότης
1166 5683 1352 5728 causa.
1399 5676 1526 5737 puto
1558 5665 1961 5736 Menephysitas

2077 3115 2313 3187 θρωπος,
2347 3115 2477 3169 ποτὲ
2518 3114 2615 3184 μὲν
2654 3109 2686 3185 ᾗ
2720 3114 2890 3181 Λόγος
2923 3113 3070 3166 ἐστὶν
3088 3114 3152 3164 ἐκ
3177 3112 3391 3182 [ἰατρὸς
3420 3112 3663 3182 ἀναλάμ-

2075 3208 2200 3277 φας,
2234 3207 2353 3270 ὅλος
2402 3206 2476 3268 ὡς
2512 3204 2671 3257 τοῦτο
2713 3204 2973 3275 ὑπάρχων
3006 3205 3207 3256 νοεῖται
3238 3203 3377 3272 μετὰ
3414 3202 3617 3272 σαρκός
3642 3218 3657 3232 ο

2074 3300 2205 3352 ποτὲ
2253 3298 2309 3351 δέ
2356 3290 2584 3369 πάλινῇ
2640 3296 2864 3364 γέγονεν
2901 3294 3057 3365 σὰρξ,
3105 3295 3284 3348 καίτοι
3314 3293 3454 3346 κατὰ
3495 3294 3660 3360 φύσιν

2075 3390 2335 3458 ὑπάρχων
2363 3387 2554 3454 Λόγος,
2597 3387 2689 3439 καὶ
2717 3386 2772 3436 ἐν
2801 3384 3093 3452 ταυτότητι
3133 3383 3209 3454 (ἓ)
3247 3384 3345 3451 τῆς
3387 3382 3525 3445 ἰδίας
3561 3382 3661 3450 φύ-

2075 3499 2211 3544 σεως
2257 3479 2643 3551 ἐρηρεισμένος
2673 3518 2688 3541 ,
2718 3480 2917 3530 νοεῖται
2962 3477 3123 3529 πάλιν
3161 3476 3235 3538 ὡς
3279 3476 3398 3537 ὅλος
3431 3476 3510 3526 ὢν
3563 3476 3657 3529 άν-

2074 3572 2291 3643 Θρωπος
2313 3589 2325 3602 ο
2355 3572 2431 3634 ὡς
2465 3572 2557 3624 καὶ
2590 3571 2715 3632 τοὺς
2738 3570 2834 3639 τῆς
2866 3569 3117 3637 θεότητος
3151 3567 3297 3638 αὐτῷ
3328 3568 3469 3620 κατὰ
3496 3569 3658 3635 φύσιν

2073 3663 2466 3734 ἐναρμόζεσθαι
2491 3663 2684 3729 λόγους
2706 3700 2720 3723 ,
2753 3661 2829 3722 ὡς
2864 3661 3095 3731 ἀσάρκῳ
3126 3661 3262 3729 μετὰ
3295 3660 3533 3731 σαρκός’
3563 3660 3657 3713 καὶ

2071 3756 2199 3818 τοὺς
2230 3757 2328 3825 τῆς
2359 3754 2800 3826 ἁνθρωπότητος,
2849 3752 2922 3813 ὡς
2953 3752 3054 3804 οὐκ
3100 3752 3278 3821 ἔχοντι
3320 3752 3463 3805 κατὰ
3493 3753 3655 3820 φύσιν

2071 3846 2140 3899 τὰ
2171 3846 2271 3914 τῆς
2306 3847 2557 3916 θεότητος
2588 3844 2716 3906 ἴδια,
2742 3844 2835 3906 καῗι
2869 3846 2915 3896 εἰ
2946 3843 3076 3907 Θεὸς
3104 3845 3247 3896 κατὰ
3272 3842 3434 3911 φύσιν
3466 3845 3615 3898 ἐστίν
3636 3862 3651 3877 ο

2072 3931 2322 4009 οὑκοῦνῇ
2353 3937 2454 4007 μὲν
2485 3939 2685 3991 νοεῖται
2723 3936 2874 3999 Θεὸς,
2904 3935 3093 3989 οὐδένα
3120 3935 3219 4006 τῆς
3248 3936 3653 4001 καταπαύσεως

2073 4028 2183 4097 ἔχει
2211 4028 2374 4083 τόπον
2394 4045 2406 4057 ·
2439 4028 2697 4098 ἀνωτέρω
2721 4028 2828 4097 γὰρ
2858 4027 3026 4081 τόπου
3066 4028 3160 4080 καὶ
3188 4028 3541 4097 περιγραφῆς
3561 4030 3655 4083 καὶ

2076 4121 2274 4191 μέτρου
2320 4123 2412 4174 καὶ
2474 4121 2749 4191 σχήματος
2774 4137 2786 4149 ·
2891 4119 2947 4173 δέ
2984 4122 3186 4174 νοεῖται
3215 4119 3336 4173 καθ’
3375 4122 3526 4191 ἡμᾶς
3557 4122 3652 4175 άν-

2073 4213 2313 4283 θρωπος,
2349 4212 2509 4281 δῆλον
2532 4213 2615 4265 ὅτι
2651 4211 2792 4281 μετὰ
2850 4212 3053 4281 σαρκὸς
3083 4212 3175 4265 καὶ
3203 4214 3260 4265 ἐν
3287 4212 3475 4275 τόποις
3513 4214 3650 4278 ἐστὶ,

2072 4305 2170 4358 καὶ
2204 4304 2357 4359 πόλιν
2407 4303 2541 4358 ἰδίαν
2578 4302 2871 4373 ἐσχηκέναι
2906 4301 3123 4371 λέγεται
3164 4303 3261 4373 (5).

2153 4487 2487 4541 Ἀπόλυσον
2518 4485 2659 4551 τοὺς
2694 4484 2939 4553 ὄχλους.

2142 4579 2207 4631 Ti
2252 4578 2313 4630 τὸ
2343 4578 2661 4631 ἀπόλυσον
2698 4575 2867 4640 ἐστὶν,
2900 4573 3240 4644 ἐξετάσωμεν
3284 4575 3555 4646 ἀκριϐῶς.
3589 4578 3653 4630 Oi

2073 4671 2173 4742 μὲν
2204 4670 2312 4723 τῶν
2338 4669 2771 4723 ἀκολουθούντων
2796 4667 2873 4737 τῷ
2906 4665 3149 4736 Χριστῷ,
3188 4667 3445 4736 πονηρῶν
3485 4670 3655 4722 πατέ-

2073 4780 2178 4834 ρων
2206 4764 2535 4833 συνεχόντων
2563 4764 2776 4824 αὐτοὺς,
2800 4757 3236 4813 ἀπαλλάττεσθαι
3260 4760 3610 4827 παρεκάλουν
3636 4779 3647 4791 '

2066 4855 2113 4907 οἱ
2152 4852 2210 4906 δὲ
2242 4854 2335 4907 καὶ⁵
2375 4853 2573 4925 ἐτέρων
2614 4848 3064 4923 ἀρρωστημάτων
3093 4848 3321 4918 ἐζήτουν
3362 4847 3650 4903 ἀπόθεσιν.

2068 5184 2210 5266 inter
2243 5199 2339 5239 sua
2382 5200 2447 5239 ex
2499 5182 2702 5255 Cyrillo
2749 5194 3001 5254 excerpta
3053 5187 3154 5241 hoc
3204 5187 3365 5242 etiam
3414 5188 3650 5246 colloca-

2070 5268 2229 5308 νιεεο.

2139 5324 2218 5390 (5)
2256 5323 2813 5395 Αιιιῃὶτειιιιιι-Αξιιηιιιο
2853 5324 2906 5378 in
2941 5324 3041 5395 hoc
3073 5326 3289 5395 egregio
3343 5326 3648 5395 fragmento

2069 5395 2306 5462 studium
2343 5391 2526 5462 Cyrilli
2574 5392 2899 5447 aﬂirmanda:
2946 5391 3355 5449 Verbi'deitatis
3404 5391 3642 5450 nitentat.

2069 5461 2214 5534 Tulit
2244 5462 2434 5534 utique
2463 5462 2790 5534 Alexandria
2837 5464 3061 5529 Arium;
3095 5465 3186 5517 sed
3230 5465 3354 5534 huic
3395 5468 3644 5534 opposuit

2069 5532 2248 5601 divina
2286 5531 2625 5601 providentia
2670 5546 2733 5601 ex
2764 5533 2877 5601 ipsa
2910 5534 3043 5585 urbe
3062 5531 3644 5587 Alexandrina't‘rimn-

2069 5599 2256 5671 phales
2272 5598 2647 5661 debellatores,
2676 5598 2887 5655 Petrum
2918 5612 3230 5671 martyrem,
3251 5602 3636 5671 Alexandrum,

2072 5670 2155 5738 (de
2189 5684 2296 5737 quo
2331 5684 2429 5723 nos
2464 5670 2690 5739 postea),
2728 5670 3109 5735 Athanasium,
3146 5670 3425 5739 Cyrillum.
