3946 6316
394 206 454 257 Η
467 205 496 256 'i
1454 200 1509 256 8.
1551 197 1827 255 ογιιιιιι
1865 195 1975 251 AL!

2085 194 2331 249 .NDRINI
2373 192 2690 249 ARCHIEP.

394 324 466 375 ad
509 336 808 392 vesperam,
836 331 891 375 ut
928 322 1179 376 ostendat
1218 334 1321 374 non
1368 317 1524 373 facile
1566 317 1781 370 tmdinm
1830 314 1972 367 illius

2085 312 2331 382 ἑσπέρας,
2366 313 2450 363 ἵνα
2487 308 2637 381 δείξῃ
2674 309 2753 361 ὅτι
2794 310 2853 361 οὐ
2899 308 3004 380 χρὴ
3038 308 3316 380 ἀψικόρως
3355 309 3502 380 ἐχειν
3533 313 3651 382 περὶ

398 429 500 467 nos
534 414 714 469 subire
776 414 995 473 debere.
1027 413 1118 466 sed
1153 408 1571 476 exspectandum
1607 421 1745 470 esse,
1777 421 1838 457 ac
1863 403 1970 458 lon-

402 504 765 569 ganimitatem
787 502 1141 555 exhibendam
1169 518 1182 553 :
1214 500 1304 553 hic
1348 499 1565 568 quidem
1600 497 1758 567 igitur
1789 510 1971 549 ascen-

404 594 499 653 .lit,
530 591 710 658 ibique
742 591 937 644 oravit.
980 590 1234 658 Discipuli
1290 604 1418 643 vero
1457 588 1652 641 iterum
1696 587 1971 656 jactantur

402 680 652 735 ﬂuctibus
682 697 743 735 ac
773 682 1005 735 hiemem
1059 682 1202 734 velut
1244 690 1370 734 ante
1419 680 1703 741 sustinent,
1729 678 1820 732 sed
1846 686 1971 731 tunc

400 772 616 838 quidem
646 785 767 825 eum
794 771 967 840 ipsum
1001 773 1261 825 baberent
1299 772 1352 824 in
1387 770 1528 832 navi,
1557 770 1607 821 id
1638 768 1794 837 passi
1824 777 1969 829 sunt,

403 877 544 914 nunc
576 876 760 915 seettm
814 863 1141 917 exsistentes
1173 862 1310 926 soli;
1340 861 1566 915 seorsim
1602 859 1745 913 enim
1785 859 1972 928 paula-

404 953 497 1005 tim
526 953 590 1006 ad
650 953 853 1023 majora
895 969 988 1006 eos
1044 954 1287 1022 perducit
1336 953 1650 1019 animatque
1704 960 1763 1004 ut
1814 966 1973 1020 gene-

406 1062 527 1101 roso
583 1047 762 1099 animo
812 1046 989 1099 omnia
1055 1044 1296 1114 perferre
1362 1044 1593 1099 discant.
1661 1038 1970 1109 Pmpterea,

402 1154 521 1192 cont
557 1138 731 1207 primo
766 1138 982 1207 quidem
1021 1136 1478 1206 periclitarentur,
1511 1133 1697 1185 aderat
1734 1133 1971 1198 quidem,

403 1230 497 1283 sed
552 1228 872 1293 dormiebat,
904 1229 1038 1281 adeo
1086 1237 1142 1279 ut
1190 1236 1410 1295 paratus
1458 1225 1679 1276 minime
1730 1231 1872 1276 esset
1909 1222 1973 1274 ad

406 1321 682 1373 ferendum
718 1320 826 1374 illis
865 1318 1140 1372 solatium.
1180 1316 1332 1370 Nunc
1369 1329 1495 1370 vero
1535 1315 1600 1369 ad
1650 1315 1850 1380 majora
1880 1327 1974 1366 eos

409 1416 631 1471 ducens,
673 1425 738 1464 ne
801 1410 898 1464 hoc
957 1409 1170 1479 quidem
1232 1418 1470 1478 prtestat,
1526 1406 1617 1460 sed
1651 1405 1779 1467 abit,
1824 1412 1876 1456 et
1921 1403 1972 1455 in

406 1502 579 1554 medio
608 1502 739 1552 mari
770 1500 1037 1567 permittit
1083 1499 1316 1552 hiemem
1371 1510 1687 1567 exsurgere,
1731 1506 1787 1548 ut
1837 1494 1977 1546 unde

400 1606 550 1661 spem
569 1588 1163 1658 salutisexspectarent,
1186 1588 1292 1657 5o
1311 1604 1415 1641 non
1444 1589 1737 1650 haberent;
1774 1600 1837 1638 ac
1867 1592 1976 1637 tota

2077 403 2265 465 αὐτοῦ,
2314 402 2426 455 ἀλλ’
2456 401 2767 471 ὑπομένειν,
2816 401 2911 453 καὶ
2958 399 3334 471 μακροθυμίαν
3390 401 3647 455 ἐνδείκνυ-

2080 493 2202 547 σθαι
2240 492 2409 565 (1).ὐ
2439 494 2535 562 μὲν
2570 488 2663 545 οὖν
2696 493 2980 545 ἀνέϐαινεν
3030 493 3226 556 ἐκεῖσε,
3272 493 3362 545 καὶ
3418 492 3652 561 προσηύ-

2078 600 2223 656 χετο·
2251 585 2300 637 oi
2331 583 2386 638 δέ
2413 582 2652 654 μαθηταὶ
2677 583 3094 648 κλυδωνίξονται
3118 582 3281 634 πάλιν
3302 584 3394 635 καὶ
3411 583 3652 652 χειμῶνα

2080 676 2443 745 ὑπομένουσιν
2468 670 2578 727 οἷον
2606 676 2698 727 καὶ
2730 675 3013 744 πρότερον.
3034 673 3195 728 Ἀλλά
3224 673 3345 726 τότε
3376 674 3475 743 μὲν
3508 673 3654 743 έχον-

2077 785 2166 831 τες
2197 768 2360 819 αὑτὸν
2386 770 2443 821 ἐν
2472 766 2549 837 τῷ
2578 767 2747 837 πλοίῳ
2787 764 2946 819 τοῦτο
2990 764 3254 835 ἔπασχον,
3286 761 3403 819 νυνὶ
3442 765 3499 817 δὲ
3527 766 3656 818 καθ’

2079 861 2304 923 ἑαυτοὺς
2332 862 2483 923 ὄντες
2512 860 2683 932 μόνοι.
2706 860 2813 914 Καὶ
2833 859 2941 929 γάρ
2964 861 3149 929 ἡρέμα
3178 860 3268 911 καὶ
3292 859 3434 911 κατὰ
3464 858 3656 929 μικρὸν

2080 952 2170 1004 ἐπὶ
2202 954 2267 1005 τὰ
2299 952 2520 1022 μείζονα
2551 953 2747 1015 αὐτοὺς
2780 951 2990 1018 ἀνάγει,
3030 952 3122 1003 καὶ
3154 950 3439 1018 ἐμϐιϐάζει
3481 952 3562 1012 είς
3600 948 3656 1002 τὸ

2082 1045 2265 1113 φέρειν
2293 1046 2470 1097 πάντα
2503 1045 2763 1110 γενναίως
2785 1060 2798 1073 ·
2834 1043 2919 1096 διὰ
2953 1044 3017 1114 δὴ
3046 1043 3226 1105 τοῦτο,
3249 1044 3335 1095 ὅτε
3373 1042 3473 1112 μὲν
3508 1041 3654 1112 πρῶο

2079 1151 2170 1187 τον
2201 1134 2530 1187 κινδυνεύειν
2563 1133 2809 1203 ἔμελλον,
2838 1132 3017 1203 παρῆν
3044 1133 3160 1201 μὲν,
3193 1133 3451 1185 ἐκάθευδε
3485 1130 3564 1193 δὲ,
3585 1131 3658 1192 ὡς

2085 1226 2159 1295 μὴ
2199 1225 2414 1295 ἕτοιμος
2456 1225 2639 1277 δοῦναι
2682 1225 2780 1295 τὴν
2826 1224 3175 1295 παραμυθίαν
3202 1225 3418 1286 αὐτοῖς·
3456 1225 3577 1277 νυνὶ
3604 1223 3657 1276 δὲ

2083 1318 2172 1368 ἐπὶ
2205 1314 2425 1385 μείζονα
2454 1317 2600 1383 ἄγων
2626 1317 2820 1379 αὐτοὺς
2843 1316 3141 1388 ὑπομονὴν,
3164 1316 3282 1368 οὐδὲ
3311 1316 3497 1368 τοῦτο·
3533 1314 3659 1368 ἀλλ’

2083 1409 2267 1462 ἄπεισι
2301 1407 2393 1459 καὶ
2429 1410 2485 1459 ἐν
2526 1407 2665 1478 μέσῃ
2707 1407 2946 1479 θαλάσσῃ
2978 1409 3251 1477 συγχωρεῖ
3281 1407 3370 1458 τὸν
3412 1405 3657 1475 χειμῶνα

2082 1498 2445 1568 διεγερθῆναι,
2478 1500 2617 1552 ὥστε
2664 1499 2799 1568 μηδὲ
2846 1498 3212 1568 προσδοκῆσαί
3259 1498 3419 1550 ποθεν
3466 1497 3658 1553 ἐλπίδα

2086 1590 2380 1658 σωτηρίας,
2415 1591 2508 1642 καὶ
2552 1588 2681 1658 ὅλην
2709 1590 2807 1660 τὴν
2837 1590 3005 1642 νύκτα
3047 1588 3271 1660 ἀφίησιν
3300 1590 3498 1653 αὐτοὺς
3532 1588 3658 1642 κλυ-

404 1694 561 1738 nocte
609 1696 703 1759 eos
736 1681 929 1755 jactari
956 1682 1106 1743 sinit,
1137 1690 1491 1742 excaecatum,
1518 1688 1575 1731 ut
1623 1693 1722 1746 ego
1759 1676 1972 1745 quidem

2085 1680 2263 1744 Βωνίζε
2277 1680 2413 1745 σθαι,
2444 1681 2726 1749 διεγείρων
2756 1680 2958 1744 αὐτῶν,
2985 1681 3061 1743 ὡς
3102 1675 3277 1750 οἶμαι.
3309 1680 3659 1749 πεπωρωμέ-

402 1773 659 1837 arbitror,
708 1787 896 1827 eorum
960 1786 1056 1826 cor
1123 1770 1491 1824 excitansntt
1545 1775 1694 1820 tanto
1763 1767 1971 1823 timore.

403 1880 562 1931 quem
595 1872 646 1916 et
686 1872 898 1931 tempus
951 1871 1001 1916 et
1054 1870 1343 1931 tempestas
1400 1859 1685 1923 faciebant,
1717 1856 1976 1926 perculsis

404 1954 575 2022 majus
614 1955 695 2008 sui
734 1954 1065 2008 desiderium
1114 1968 1176 2006 ac
1236 1952 1529 2006 firmiorem
1600 1958 1655 2004 et.
1705 1949 1973 2003 assiduam

407 2050 721 2102 memoriam
776 2047 1150 2117 conciperent.
1203 2045 1325 2099 Ideo
1378 2060 1483 2098 non
1514 2044 1694 2098 statim
1749 2044 1828 2096 eis
1876 2043 1973 2095 ad—

405 2140 564 2195 stitit.

474 2228 611 2296 XlV,
651 2230 740 2285 27.
776 2229 1061 2300 Con/idite,
1088 2247 1178 2301 ego
1206 2246 1343 2284 sum.

475 2321 692 2387 Dicetts,
732 2342 748 2375 ι
783 2322 1068 2387 Confidite,
1110 2341 1127 2373 ι
1163 2322 1321 2376 fidem
1348 2319 1544 2388 repetit
1571 2334 1665 2389 per
1684 2333 1844 2388 quam
1871 2317 1977 2370 Sal-

406 2422 562 2466 ratur
591 2413 963 2480 unusquisque
989 2412 1040 2463 in
1071 2412 1345 2465 Christum
1371 2411 1581 2464 sincere
1608 2408 1975 2470 credentium;

405 2505 605 2559 addens
651 2518 796 2568 vero,
852 2521 869 2553 ‹
901 2502 1009 2571 Ego
1063 2516 1203 2569 sum,
1241 2520 1259 2553 ι
1315 2516 1531 2556 omnem
1573 2501 1822 2554 timorem
1870 2500 1977 2553 sol-

405 2598 477 2650 rit
512 2614 526 2650 :
558 2594 668 2665 Ego
700 2595 842 2648 enim
864 2634 879 2659 ,
916 2594 1107 2660 inquit,
1132 2608 1273 2657 sum,
1302 2607 1402 2662 ego
1437 2592 1527 2662 qui
1552 2592 1729 2646 omnia
1760 2605 1975 2660 possum

405 2688 603 2745 facere.

479 2780 584 2852 51
628 2775 743 2844 XV,
777 2776 831 2830 7.
866 2774 1087 2829 Irritum
1137 2776 1334 2844 fecistis
1380 2772 1686 2827 mandatum
1722 2770 1815 2824 Dei
1851 2788 1976 2839 pro-

401 2880 514 2937 pter
537 2870 871 2925 traditionem
918 2877 1162 2919 vestram.

502 2959 862 3017 Accesserunt
928 2958 1144 3027 quidam
1203 2955 1510 3011 Judaeorum
1557 2966 1613 3010 et
1657 2970 1978 3010 consecrare

405 3055 691 3107 soluerunt
740 3051 952 3104 animas
988 3065 1113 3103 suas
1148 3049 1275 3112 Deo,
1302 3059 1555 3117 tanquam
1581 3050 1632 3099 in
1665 3048 1833 3118 ﬁgura
1868 3048 1979 3116 qui-

406 3145 523 3194 dem
585 3141 762 3201 adltuc
785 3148 838 3193 et
870 3140 922 3193 in
952 3138 1174 3201 umbra;
1205 3137 1502 3190 secundum
1569 3135 1737 3206 legent
1799 3145 1976 3189 tamen

406 3232 750 3293 confitentes,
778 3244 997 3284 suorum
1048 3230 1285 3296 ipsorum
1352 3227 1523 3296 pretia
1589 3226 1978 3289 sacerdotibus,

404 3341 471 3378 ac
528 3323 707 3375 divino
770 3322 925 3374 altari
976 3318 1371 3373 alieruntzsed
1429 3319 1713 3388 cupiebant
1763 3319 1977 3388 quidem

406 3413 647 3469 nonnulli
692 3415 832 3467 hanc
857 3411 1103 3482 gloriam,
1145 3412 1342 3474 sancti,
1369 3410 1610 3479 inquam,
1640 3426 1764 3464 esse
1793 3426 1859 3464 ac
1894 3426 1982 3464 sa—

408 3509 513 3571 «τὶ,
563 3507 912 3571 divinumque
969 3505 1296 3569 anathema;
1354 3504 1529 3571 inopia
1588 3514 1766 3556 autem
1821 3518 1981 3570 pecu-

411 3599 619 3650 niarum
679 3596 1029 3663 cupiditatem
1090 3594 1232 3649 hanc
1284 3593 1735 3662 prmscindebant.
1772 3592 1979 3645 Adhor-

409 3690 646 3742 tantibus
674 3697 855 3741 autem
899 3701 1011 3750 eos,
1041 3700 1160 3738 cum
1195 3698 1332 3752 opus
1365 3694 1530 3748 esset,
1555 3684 1619 3736 ad
1653 3686 1754 3737 huc
1777 3681 1980 3736 Scribis

409 3795 471 3835 ac
502 3777 794 3832 Pharisazis
850 3776 1174 3843 (admodum
1234 3774 1378 3828 enim
1435 3776 1784 3843 pecuniarum
1824 3781 1981 3827 erant

406 3869 712 3939 amantes),
752 3866 1109 3921 reverentiam
1167 3866 1218 3919 in
1264 3874 1512 3934 parentes
1551 3865 1975 3935 prietendehant,

408 3976 641 4029 vereque
687 3959 939 4014 dicebant
986 3960 1075 4012 vix
1120 3972 1281 4027 posse
1323 3972 1380 4011 se
1432 3956 1535 4009 sibi
1593 3956 1723 4023 ipsis
1769 3955 1980 4022 illisque

409 4051 719 4106 necessaria
752 4048 1114 4118 suppeditare.
1156 4048 1219 4101 Hi
1284 4062 1412 4102 vero
1442 4062 1473 4101 e
1518 4056 1704 4101 contra
1750 4047 1979 4107 suadere

408 4144 695 4206 audebant,
721 4155 818 4209 pro
870 4141 1036 4193 nihilo
1077 4140 1348 4193 ducendas
1395 4152 1515 4191 esse
1570 4140 1829 4205 pecunias
1857 4150 1978 4202 pro-

408 4245 526 4307 pter
562 4236 755 4297 Deum,
806 4242 861 4286 et.
898 4233 941 4286 si
984 4232 1307 4287 accederent
1358 4239 1611 4298 parentes
1662 4236 1975 4281 consuetum

2077 1788 2173 1840 νην
2213 1771 2310 1842 τὴν
2339 1772 2584 1842 καρδίαν.
2619 1773 2727 1824 Καὶ
2752 1772 2859 1841 γὰρ
2887 1772 3126 1825 τοιοῦτον
3155 1774 3182 1825 ὁ
3214 1773 3398 1840 φόϐος,
3426 1771 3485 1824 δν
3519 1772 3659 1841 μετά

2077 1863 2343 1933 χειμῶνος
2372 1864 2465 1916 καὶ
2489 1863 2516 1914 ὁ
2547 1864 2737 1933 καιρὸς
2766 1865 2938 1917 ἐποίει
2962 1880 2975 1894 ⁸
3018 1865 3156 1934 μετά
3189 1864 3245 1917 δὲ
3276 1866 3375 1935 τῆς
3420 1863 3661 1919 κατανύο

2077 1954 2211 2020 ξεως
2243 1958 2334 2008 καὶ
2362 1957 2441 2017 είς
2474 1953 2768 2023 ἐπιθυμίαν
2804 1954 3023 2024 μείζονα
3050 1955 3247 2017 αὐτοὺς
3293 1954 3514 2009 ἐνέϐαλε
3557 1956 3658 2024 τὴν

2077 2043 2294 2105 ἑαυτοῦ,
2330 2046 2424 2098 καὶ
2456 2046 2533 2108 εἰς
2574 2047 2794 2115 μνήμην
2833 2044 3078 2116 διηνεκῆ’
3107 2044 3194 2097 διὰ
3224 2046 3381 2099 τοῦτο
3418 2045 3519 2098 οὐκ
3569 2046 3658 2097 εύ-

2079 2134 2214 2198 θεώς
2244 2135 2425 2199 αὐτοῖς
2451 2136 2675 2206 ἐπέστη.

2152 2226 2451 2294 Θαρσεῖτε,
2636 2231 2771 2297 ειμι.

2146 2318 2331 2382 Ek:qu
2364 2318 2465 2390 (‘2),
2497 2338 2515 2369 ι
2546 2319 2808 2391 Θαρσεῖτε
2832 2359 2849 2385 ,
2893 2339 2911 2372 ι
2955 2322 3051 2392 τὴν
3083 2322 3262 2376 πίστιν
3302 2322 3551 2375 ἀπαιτεῖ·
3591 2322 3653 2376 δι’

2079 2406 2144 2483 ἧς
2177 2411 2406 2473 ἕκαστος
2435 2410 2542 2464 τῶν
2572 2411 2881 2481 εἰλικρινῶς
2925 2415 3004 2477 εἰς
3034 2415 3267 2484 Χριστὸν
3293 2416 3661 2470 πιστευόντων

2082 2497 2350 2562 σώζεται·
2389 2497 2687 2565 ἐπαγαγὼν
2715 2499 2794 2561 δὲ,
2841 2519 2860 2552 ί
2911 2501 3050 2570 Ἑγὼ
3078 2505 3224 2571 εἰμι,
3266 2522 3283 2554 ›
3330 2502 3446 2556 λύει
3482 2504 3659 2557 πάντα

2081 2590 2273 2655 φόϐον·
2317 2587 2459 2656 Ἐγὼ
2493 2587 2620 2659 γὰρ,
2673 2591 2857 2661 φησὶν,
2888 2594 3027 2662 εἰμὶ,
3058 2592 3085 2643 ὁ
3139 2594 3319 2646 πάντα
3363 2594 3658 2661 δυνάμενος

2081 2697 2327 2748 ποιησαι.

2162 2772 2529 2839 Ἠκυρὼσατε
2579 2774 2692 2842 τὴν
2737 2775 2999 2842 ἐντολὴν
3041 2775 3146 2828 τοῦ
3200 2775 3348 2829 θεοῦ
3395 2776 3497 2830 διὰ
3546 2775 3659 2843 τὴν

2079 2861 2417 2930 παράδοσιν
2458 2863 2646 2934 ὑμῶν.

2151 2958 2469 3033 Προσῄεεάν
2524 2975 2673 3022 τινες
2727 2957 2837 3011 τῶν
2889 2958 3156 3011 Ἰουδαίων
3216 2958 3311 3012 καὶ
3369 2958 3659 3031 καθιεροῦν

2081 3050 2407 3114 ἐσπούδαζον
2452 3051 2531 3120 τῷ
2576 3050 2692 3121 Θεῷ
2722 3050 2818 3113 τὰς
2846 3049 3056 3103 ἑαυτῶν
3084 3049 3283 3119 ψυχὰς,
3313 3051 3389 3112 ὡς
3419 3051 3475 3102 ἐν
3501 3050 3660 3122 τύπῳ

2082 3143 2181 3212 μὲν
2229 3141 2308 3195 ἔτι
2358 3131 2452 3197 καὶ
2499 3145 2656 3213 σκιᾷ·
2690 3142 2831 3212 πλὴν
2877 3142 3019 3195 κατὰ
3052 3141 3138 3194 τὸν
3180 3142 3342 3211 νόμον
3384 3141 3483 3203 τὰς
3532 3144 3660 3211 περὶ

2082 3232 2229 3300 σφῶν
2275 3233 2455 3286 αὐτῶν
2500 3215 2888 3303 ὁμολογοῦντες
2917 3230 3084 3299 τιμὰς
3127 3234 3238 3294 τοῖς
3282 3230 3531 3301 ἱερᾶσθαι
3570 3232 3661 3285 λα-

2082 3322 2274 3393 χοῦσι,
2333 3325 2425 3376 καὶ
2474 3323 2550 3393 τῷ
2594 3323 2723 3392 θείῳ
2781 3320 3201 3393 προσεδρεύουσι
3247 3320 3659 3392 θυσιαστηρίῳ’

2081 3413 2196 3466 ἀλλ’
2225 3410 2364 3484 ἦσάν
2412 3431 2557 3477 τινες
2602 3414 2878 3483 ἐφιέμενοι
2930 3412 3027 3481 μὲν
3072 3413 3170 3481 τῆς
3218 3412 3430 3465 τοιᾶσδε
3476 3414 3659 3481 δόξης,

2081 3504 2174 3557 τοῦ
2197 3505 2530 3574 ἡγιασμένοι
2557 3500 2716 3570 εἶναι,
2747 3504 2909 3574 φημὶ,
2935 3505 3027 3556 καὶ
3052 3506 3206 3573 ἱεροὶ,
3239 3505 3333 3556 καὶ
3358 3503 3502 3557 θεῖον
3530 3505 3663 3558 ἀνά-

2082 3596 2232 3665 θημα
2252 3613 2265 3627 ο
2301 3597 2492 3650 σπάνει
2520 3596 2575 3649 δὲ
2600 3596 2896 3667 χρημάτων
2923 3596 3315 3657 ἀνακόπτοντες
3344 3596 3440 3666 τὴν
3465 3596 3658 3649 ἐπιθυ-

2085 3688 2230 3757 μίαν.
2268 3689 2690 3757 Προτρεπόντων
2719 3688 2775 3740 δέ
2805 3687 3000 3749 αὐτοὺς
3023 3688 3114 3738 ἐπὶ
3138 3687 3198 3738 τὸ
3227 3687 3336 3740 δεῖν
3358 3683 3497 3742 εἶναι
3523 3689 3659 3759 πρὶς

2080 3779 2237 3831 τοῦτο
2269 3779 2373 3831 τῶν
2404 3779 2711 3849 Φαρισαίων
2741 3778 2834 3832 καὶ
2855 3779 3232 3849 Γραμματέων
3264 3783 3658 3851 (ἐρασιχρήμα-

2079 3885 2161 3921 τοι
2198 3863 2342 3923 οὗτοι
2370 3868 2548 3939 λίαν),
2595 3867 2690 3935 τὴν
2732 3868 2810 3930 εἰς
2852 3867 3047 3933 γονέας
3090 3866 3221 3919 αίδὼ
3265 3869 3656 3936 προετείνοντο,

2080 3958 2175 4011 καὶ
2207 3957 2557 4027 ἀληθεύοντες
2589 3956 2793 4023 ἔλεγον,
2826 3956 2977 4025 μόλις
3023 3955 3282 4009 δύνασθαι
3312 3957 3529 4020 ἑαυτοῖς
3555 3959 3658 4010 κά-

2080 4048 2279 4111 κείνοις
2300 4049 2367 4100 τὰ
2393 4047 2616 4117 ζωαρκῆ
2644 4047 2982 4117 πορίζεσθαι.
3008 4049 3070 4099 Οἱ
3091 4047 3144 4100 δὲ
3169 4047 3485 4101 ἀναπείθειν
3509 4049 3661 4103 ἐτόλρ

2083 4157 2197 4210 μων
2224 4140 2351 4211 παρ’
2384 4138 2534 4191 οὐδὲν
2564 4138 2809 4208 ἡγεῖσθαι
2841 4138 2902 4191 τὸ
2926 4139 3114 4209 χρῆμα
3138 4138 3226 4192 διὰ
3257 4140 3347 4192 τὸν
3376 4140 3528 4204 Θεὸν,
3554 4142 3659 4195 κᾶν

2080 4231 2353 4302 προσίοιεν
2394 4232 2443 4282 οἱ
2488 4230 2874 4299 γεγεννηκότες
2914 4230 3011 4298 τὴν
3067 4230 3270 4300 συνήθη
3321 4230 3447 4299 παρ’
3478 4232 3659 4286 αὐτῶν

411 4328 480 4381 ab
540 4325 620 4379 eis
676 4322 1042 4377 ministerium
1104 4320 1458 4389 postulantes,
1510 4316 1795 4369 dicendum
1858 4330 1975 4368 esse

2085 4321 2365 4391 ζητοῦντες
2413 4320 2750 4391 ἐπικουρίαν,
2794 4321 2988 4390 χρῆναι
3033 4320 3210 4389 λέγειν
3257 4323 3535 4376 ἐδίδασκον
3583 4327 3660 4395 τῷ

409 4416 676 4472 docebant
697 4416 832 4484 patri
863 4426 955 4467 aut
986 4413 1142 4466 matri
1172 4431 1186 4465 :
1221 4429 1239 4461 ‹
1277 4410 1469 4462 Munus
1494 4417 1594 4470 est,
1622 4407 1978 4475 quodcunque

411 4527 475 4563 cx
529 4523 613 4563 me
646 4508 741 4562 tibi
795 4506 1084 4575 profuerit,
1142 4522 1159 4552 ι
1198 4504 1247 4555 id
1283 4511 1385 4563 est,
1425 4499 1791 4566 Quodcunque
1829 4514 1856 4550 a
1890 4513 1974 4552 me

411 4599 704 4666 acceperis,
758 4610 1025 4667 cognosce
1082 4593 1259 4647 divino
1297 4590 1616 4658 derogatum
1671 4604 1795 4642 esse
1847 4605 1978 4641 ana-

413 4692 659 4754 themati,
689 4699 743 4743 et
800 4690 970 4743 sacris
1019 4686 1262 4755 pecuniis
1319 4698 1506 4735 manus
1555 4696 1674 4736 esse
1728 4681 1973 4749 injeclas.

412 4784 733 4839 (Ionsecravi
772 4782 913 4835 enim
944 4788 1140 4833 memet
1188 4776 1315 4841 Deo,
1349 4782 1402 4827 et
1427 4785 1679 4843 tanquam
1711 4773 1853 4827 dono
1881 4774 1977 4827 ad-

410 4877 541 4929 dixi.
573 4875 830 4928 Parentes
856 4886 983 4923 vero
1010 4883 1188 4922 rerum
1210 4881 1487 4919 sacrarunt
1524 4866 1776 4918 damnum
1795 4864 1973 4928 veriti,

411 4966 725 5038 legibusque
748 4964 811 5016 de
840 4962 923 5014 his
956 4961 1075 5011 latis
1114 4956 1369 5026 perculsi,
1414 4972 1534 5008 cum
1596 4955 1851 5024 patientia
1878 4956 1979 5008 hoc

413 5057 839 5126 concoquebant,
892 5067 955 5105 ac
1007 5050 1114 5120 52
1164 5050 1473 5118 religionem
1525 5048 1577 5099 in
1649 5045 1818 5098 Deum
1875 5046 1979 5100 sibi

414 5149 526 5201 ilori
587 5147 745 5200 famis
791 5152 1113 5213 praetentum
1156 5139 1535 5209 patiebantur,
1562 5139 1979 5190 obmurmuran-

414 5250 492 5291 tes
521 5237 661 5289 forte
689 5236 851 5287 etiam
883 5233 1062 5287 divino
1099 5240 1365 5303 praecepto
1399 5230 1449 5282 itt
1496 5244 1623 5282 suas
1662 5226 1977 5297 opportuni-

483 5393 563 5460 (l)
591 5390 791 5460 Catena
821 5389 1062 5460 (Στειριειῆ
1093 5405 1144 5458 p.
1175 5388 1274 5460 H_8
1300 5387 1447 5460 addit.
1475 5403 1489 5440 :
1519 5386 1769 5441 Διδάσκει
1792 5388 1847 5442 δὲ
1880 5390 1975 5442 καὶ

409 5453 569 5521 τοῦτὸ
594 5476 609 5492 ο
655 5458 794 5513 ὥστε
834 5462 891 5513 ἐν
925 5453 971 5528 ᾧ
1005 5453 1183 5530 χρεία,
1230 5457 1529 5530 ὀφείλομεν
1559 5460 1625 5510 τὰ
1673 5460 1973 5529 κοινωφελῆ

413 5532 592 5601 λαλεῖν
636 5534 745 5594 τοῖς
803 5529 1218 5599 ἐντυγχάνουσιν
1243 5568 1258 5591 ,
1285 5530 1376 5601 καὶ
1411 5529 1545 5601 μετὰ
1572 5529 1667 5596 τὴν
1719 5530 1972 5601 τοιαύτην

412 5597 643 5667 διάλεξιν
695 5604 785 5653 καὶ
836 5597 1217 5662 διδασκαλίαν,
1248 5597 1338 5649 ἐπὶ
1380 5598 1478 5665 τὴν
1519 5598 1825 5666 προσευχὴν
1870 5597 1978 5667 χω.

2082 4412 2249 4481 πατρὶ
2282 4411 2312 4481 ἦ
2346 4414 2410 4482 τῇ
2438 4411 2624 4481 μητρὶ,
2649 4411 2729 4464 ὅτι
2757 4431 2774 4461 ι
2794 4410 2974 4481 Δῶρόν
2996 4412 3166 4477 ἐστιν,
3186 4413 3324 4484 ὅπερ
3351 4414 3416 4467 ἂν
3438 4415 3498 4481 ἐξ
3522 4415 3658 4487 ἐμοῦ

2080 4502 2385 4573 ὠφεληθῇς,
2422 4521 2438 4553 t
2471 4502 2766 4563 τουτέστιν,
2792 4503 2969 4573 Ὅπερ
2991 4502 3055 4556 ἂν
3076 4502 3134 4569 ἐξ
3172 4503 3305 4573 ἐμοῦ
3335 4504 3543 4568 λάϐοις,
3578 4506 3660 4574 γι-

2081 4612 2255 4647 νωσκε
2280 4594 2341 4645 τὸ
2361 4594 2500 4646 θεῖον
2525 4593 2931 4664 παραϐλάπτων
2962 4594 3135 4663 άνάθη
3144 4612 3239 4663 μα,
3265 4596 3359 4648 καὶ
3379 4597 3485 4667 χρή
3496 4613 3660 4665 μασιν

2083 4687 2245 4756 ἱεροῖς
2273 4685 2371 4749 τὰς
2410 4688 2599 4756 χεῖρας
2643 4684 2862 4752 ἐπάγων
2885 4702 2899 4716 ·
2934 4685 3259 4738 ἀνα-τέθεικα
3287 4689 3395 4757 γάρ
3424 4687 3657 4756 ἐμαυτὸν

2083 4778 2178 4830 καὶ
2221 4778 2295 4841 ὡς
2334 4777 2505 4848 δῶρον
2547 4779 2890 4847 ἐπήγγελμαι
2924 4777 3003 4845 τῷ
3040 4777 3178 4847 Θεῷ.
3210 4780 3271 4831 Οί
3299 4777 3354 4831 δὲ
3384 4781 3565 4846 γονεῖς
3594 4782 3658 4832 τὰ

2084 4871 2147 4921 ἐκ
2176 4870 2273 4940 τῆς
2305 4870 2608 4940 ἱεροσυλίας
2639 4869 2868 4933 δεδιότες
2909 4869 3102 4941 βλάϐη,
3136 4871 3229 4925 καὶ
3259 4871 3385 4934 τοὺς
3409 4871 3502 4924 ἐπὶ
3526 4869 3658 4940 τῷδι

2083 4961 2279 5031 νόμους
2315 4961 2730 5032 διαπεφρικότες
2759 4961 3147 5032 διεκαρτέρουν
3187 4960 3539 5030 οἰμώζοντες,
3568 4964 3657 5015 καὶ

2081 5053 2181 5125 τὴν
2219 5053 2298 5117 εἰς
2342 5054 2476 5107 Θεὸν
2526 5053 2811 5106 εὐσέϐειαν
2857 5054 3131 5123 πρόφασιν
3180 5055 3361 5116 αὐτοῖς
3406 5054 3655 5122 γενέσθαι

2081 5144 2239 5217 λιμοῦ
2274 5144 2606 5209 διετείνοντο,
2645 5145 3125 5216 κατακεκραγότες
3152 5146 3295 5217 τάχα
3319 5163 3422 5199 που
3443 5146 3657 5216 καὶτῆς

2083 5233 2234 5297 θείας
2259 5232 2480 5303 ἐντολῆς
2506 5230 2797 5302 ἀδικούσης
2832 5232 3028 5294 αὐτοὺς
3061 5233 3144 5294 είς
3184 5234 3253 5286 τά
3300 5233 3653 5305 καιριώτατα.

2080 5404 2457 5528 ρεῖἓωὶπὼν
2488 5488 2556 5501 -
2602 5456 2871 5528 ποιῆσαι·
2926 5457 3172 5513 οτθωενο
3220 5465 3274 5528 β’
3306 5456 3431 5513 "8’
3482 5457 3651 5528 wh.

2077 5525 2310 5610 οτιάντα
2339 5527 2633 5595 δυνάμενος
2667 5525 2886 5596 ποιῆσαι
2923 5528 3195 5583 adduntur
3216 5525 3281 5583 ex
3321 5537 3515 5584 catena
3549 5525 3645 5582 Va-

2087 5610 2286 5652 ttrana.

3860 70 3877 323 ι

3874 368 3879 477 i

3872 578 3889 959 ξ
