3946 6316
505 287 609 342 λεδ

572 403 1038 471 Quemadmodum
1072 402 1344 457 additioue
1390 400 1630 454 materia:
1664 414 1891 453 accensa
1924 397 2071 452 ﬂum-
2101 405 2144 458 Δ

506 512 615 562 ma,
649 498 703 549 in
732 494 905 560 majus
951 494 1239 557 excrescit,
1270 492 1342 544 ita
1396 491 1559 545 etiam
1607 490 2074 561 persecutionibus

504 587 709 641 Christi
764 585 1062 640 Ecelesiam
1113 585 1293 637 delere
1353 584 1650 645 studentes.
1693 581 1760 635 ad
1818 581 2074 648 majorem

505 679 731 748 gloriam
757 692 820 730 ac
852 679 1108 730 virtutem
1139 691 1257 729 eam
1282 688 1601 743 provexere.
1640 672 1696 726 Si
1733 687 1861 726 vero
1898 671 2078 724 Eccle-

506 772 616 835 siae,
656 770 982 838 iuquit,n0n
1013 770 1431 836 praevaluerunt,
1471 765 1637 819 multo
1687 765 1865 818 minus
1909 762 2072 816 mihi:

507 861 688 928 itaque
711 875 777 912 ne
805 859 1065 921 tui-beris,
1098 859 1274 919 Petre,
1302 873 1425 910 cum
1462 857 1746 909 auditurus
1786 871 1845 909 es
1869 856 2079 907 traden-

505 949 631 1003 dum
665 965 749 1003 me
785 952 1043 1018 crucique
1087 950 1427 1018 alligandum.
1492 948 1620 1001 Dein
1671 948 1831 999 alium
1866 960 2079 1014 quoque

509 1041 768 1094 honorem
806 1042 1033 1106 profert.

580 1146 684 1215 55
710 1145 850 1208 XVI,
886 1148 968 1200 l8.
1010 1146 1181 1215 Super
1206 1146 1340 1199 hanc
1364 1157 1559 1215 petram
1590 1147 1862 1214 wdiﬁcabo
1899 1144 2079 1198 Eccle—

507 1240 637 1291 siam
665 1255 851 1292 meam.
898 1240 961 1292 Et
993 1240 1126 1292 dabo
1157 1239 1249 1291 tibi
1278 1240 1443 1291 claves
1472 1238 1612 1305 regni
1644 1238 1910 1290 caelorum.

576 1438 962 1493 Animadverte
1014 1437 1285 1507 quomodo
1335 1435 1618 1489 Dominum
1668 1450 1727 1489 se
1764 1436 2072 1489 summatim

511 1531 633 1585 εωιί
673 1540 940 1598 ternaque
974 1530 1233 1584 declarat.
1277 1526 1550 1581 Prontittit
1598 1528 1741 1580 enim
1765 1542 1882 1595 qua:
1914 1543 2074 1594 supra

509 1633 747 1673 nostram
808 1632 1057 1673 naturam
1114 1627 1276 1683 sunt,
1331 1620 1437 1671 imo
1468 1626 1519 1670 et
1568 1633 1726 1686 supra
1778 1618 2076 1687 angelicam

1497 285 1554 338 S.
1598 281 1869 358 CYIllLLI
1911 278 2379 336 ALEXANDRINI
2420 276 2738 334 ARCHIFJ’.

3649 275 3754 330 εει

2251 397 2463 465 Ὥσπερ
2501 395 2553 446 οἱ
2592 396 2658 463 τῇ
2705 390 2991 462 προσθήκῃ
3030 390 3128 462 τῆς
3164 389 3297 461 ὕλης
3328 391 3633 460 καιομένης
3659 393 3756 443 ἐπὶ

2175 486 2236 539 τὸ
2270 484 2457 555 μεῖζον
2483 484 2727 553 αἴροντες
2754 484 2852 553 τὴν
2882 482 3076 549 φλόγα,
3111 481 3285 543 οὕτως
3312 481 3407 533 καὶ
3432 483 3477 533 οί
3505 480 3753 533 καθελεῖν

2174 578 2275 647 τὴν
2307 574 2403 629 τοῦ
2449 573 2684 644 Χριστοῦ
2727 574 3052 642 Ἐκκλησίαν
3094 572 3495 634 σπουδάσαντες
3537 572 3627 625 διὰ
3664 574 3754 624 τὶν

2177 667 2413 737 διωγμὸν
2439 668 2607 735 αὐτὴν
2642 667 2719 727 εἰς
2754 663 2939 734 μεῖζον
2974 664 3131 733 δόξης
3174 664 3491 731 προήγαγον
3537 661 3635 714 καὶ
3662 660 3754 713 δυ-

2177 761 2410 828 νάμεως.
2431 758 2492 811 Εἰ
2517 758 2574 809 δὲ
2591 756 2690 826 τῆς
2708 756 3049 825 Ἐκκλησίας,
3066 754 3250 825 φησὶν,
3271 754 3328 805 ού
3343 751 3750 822 κατισχύσουσι,

2178 849 2354 919 πολλῷ
2408 850 2607 919 μᾶλλον
2658 848 2982 917 ἑμοῦ.Ὢστε
3020 848 3093 917 μὴ
3145 848 3210 900 σὺ
3262 846 3526 915 φοόηθῇς,
3556 846 3749 914 Πέτρε,

2178 942 2393 994 ἐπειδὰν
2448 936 2663 1010 μέλλεις
2712 939 2965 1001 ἀκούειν,
3029 941 3109 991 ὅτι
3160 938 3613 1009 παραδοθήσομαι
3663 938 3755 989 καὶ

2180 1033 2659 1105 σταυρωθήσομαι.
2690 1028 2822 1084 Εἶτα
2855 1033 2946 1084 καὶ
2975 1032 3167 1101 ἑτέραν
3200 1031 3351 1097 λέγει
3386 1034 3573 1100 τιμήν.

2261 1144 2382 1196 Ἐπί
2405 1145 2587 1211 ταύτῃ
2625 1141 2701 1205 τῇ
2736 1142 2921 1210 πέτρᾳ
2947 1141 3321 1209 οἰκοδομήσω
3339 1160 3459 1211 μου
3492 1141 3609 1208 τὴν
3630 1140 3747 1193 Ἐκ-

2180 1236 2464 1303 κλησίαν.
2518 1235 2622 1286 Kal
2670 1234 2837 1286 δώσω
2902 1250 2999 1287 σοι
3054 1233 3159 1297 τὰς
3204 1232 3366 1298 κλεῖς
3412 1231 3521 1299 τῆς
3570 1233 3757 1295 ,ϐασι-

2171 1323 2345 1391 λείας
2372 1324 2488 1377 τῶν
2525 1324 2814 1392 οὐρανῶν.

2254 1440 2352 1492 Ἀθ
2363 1456 2441 1508 ρει
2460 1438 2533 1509 (2)
2555 1440 2702 1500 ὅπως
2722 1437 2923 1508 Κύριον
2943 1438 3129 1489 ἑαυτὸν
3147 1435 3431 1505 ἀποφαίνει
3455 1433 3757 1504 συλλήϐδην

2175 1528 2407 1597 ούρανοῦ
2439 1529 2533 1580 καὶ
2564 1528 2665 1597 γῆς
2687 1544 2699 1557 ο
2725 1529 3064 1597 ὑπισχνεῖται
3088 1526 3196 1596 γάρ
3220 1527 3287 1578 τὰ
3312 1526 3450 1595 ὑπὲρ
3477 1524 3640 1593 φύσιν
3662 1526 3758 1595 τὴν

2182 1621 2302 1674 καθ’
2335 1621 2503 1690 ἡμᾶς,
2533 1620 2732 1689 μᾶλλον
2753 1618 2808 1671 δὲ
2841 1619 2935 1671 καὶ
2965 1618 3170 1681 τάξεως
3193 1618 3290 1686 τῆς
3320 1616 3643 1684 ἀγγελικῆς,
3663 1616 3758 1667 καὶ

509 1712 872 1764 touditionetu
898 1750 911 1774 ,
940 1726 1058 1778 quae
1089 1709 1320 1778 denique
1352 1709 1440 1760 ttni
1477 1718 1530 1761 et
1577 1708 1854 1761 excedenti
1887 1723 2075 1762 omnes

2190 1713 2279 1765 ὅσα
2311 1713 2443 1783 μόνῃ
2481 1712 2677 1781 πρέπει
2710 1709 3030 1782 χαρίζεσθαι
3054 1711 3117 1780 τῇ
3150 1709 3408 1761 ἀνωτάτω
3435 1708 3628 1759 πασῶν
3657 1706 3755 1775 φύ-

510 1814 716 1854 ιιιιιιπτε
746 1811 797 1854 et
830 1800 1096 1867 majestati
1148 1792 1444 1851 attribuere
1483 1798 1659 1850 decet.
1714 1795 1899 1851 Primo
1953 1797 2076 1865 qui-

510 1893 629 1945 dem
683 1904 804 1944 esse
846 1889 1144 1943 Ecclesium
1195 1889 1246 1940 in
1281 1896 1546 1956 potestate
1584 1902 1681 1939 sua
1716 1888 1847 1941 dicit
1872 1928 1885 1951 ,
1912 1903 2073 1956 quam

512 1983 707 2049 alioqui
737 1997 905 2034 sacra:
940 1980 1158 2033 Littera:
1186 1981 1292 2032 Deo
1322 1978 1500 2046 p0tius
1542 1995 1700 2046 quam
1743 1980 1836 2032 ulli
1872 1980 2074 2033 homini

511 2073 807 2141 sulijectam
860 2071 1147 2125 allirmant.
1192 2072 1280 2123 Ait
1314 2073 1511 2139 quippe
1545 2069 1766 2135 Paulus,
1804 2069 2077 2124 Christum

511 2162 611 2216 sibi
644 2164 785 2216 illam
812 2176 1155 2230 comparasse
1180 2162 1368 2230 quavis
1400 2161 1604 2214 macula
1639 2175 1875 2232 rugaque
1892 2178 2079 2215 caren-

521 2265 627 2311 tem
657 2256 701 2287 ”
730 2274 742 2309 :
770 2272 925 2324 quant
962 2255 1121 2307 etiam
1149 2256 1401 2306 fundasse
1424 2253 1581 2319 dicit,
1617 2253 1869 2307 ﬁrmitate
1907 2255 2077 2308 eidem

513 2346 788 2406 attributa,
828 2357 984 2397 cuum
1020 2345 1091 2396 sit
1140 2341 1253 2410 ipse
1297 2344 1552 2393 virtutum
1614 2342 1889 2404 Dominus,
1921 2351 2081 2409 atque

511 2439 635 2489 huic
666 2435 878 2487 Petrum
910 2445 1180 2501 pastorem
1214 2430 1848 2502 praeposuit(l).—Tum
1870 2433 2075 2485 subdit:

516 2547 535 2580 ι
557 2527 622 2581 Ει
652 2527 741 2580 tibi
774 2528 910 2579 dabo
945 2524 1120 2579 claves
1153 2527 1299 2595 regni
1341 2524 1623 2579 ccclorum.
1645 2543 1661 2574 ι
1680 2522 1829 2577 Hanc
1847 2538 1969 2575 vero
1986 2538 2080 2575 vo-

509 2635 623 2671 cem
661 2633 762 2670 nou
788 2616 1027 2684 angelus,
1059 2631 1161 2668 non
1193 2618 1296 2669 alia
1322 2617 1527 2684 quaevis
1550 2615 1827 2668 rationalis
1844 2625 2080 2683 potestas

510 2709 749 2778 proferre
781 2716 978 2776 potest.
1016 2709 1179 2762 Decet
1222 2717 1400 2761 autem
1431 2708 1608 2778 potius
1631 2707 1872 2759 omnium
1906 2706 2079 2759 domi-

510 2809 752 2851 natorem
791 2799 993 2860 Deum,
1032 2799 1121 2865 qui
1183 2797 1304 2851 caeli
1346 2773 1609 2866 terraeque
1661 2806 1803 2850 tenet
1840 2807 2079 2864 potesta-

511 2898 645 2945 tem.
670 2888 905 2955 Tempus
931 2896 1106 2941 tamen
1138 2888 1261 2940 doni
1304 2888 1719 2941 resurrectionis
1765 2888 1895 2940 liora
1933 2888 2033 2939 fuit
2060 2926 2075 2952 ,

509 2995 630 3033 cum
667 2980 834 3032 dixit:
869 2998 887 3029 ‹
923 2980 1164 3048 Accipite
1200 2978 1460 3047 Spiritum
1499 2992 1770 3035 sanctum.
1800 2980 2070 3046 Quorum-

2184 1823 2264 1857 σει
2286 1821 2346 1857 τε
2386 1804 2483 1857 καὶ
2520 1804 2677 1873 δόξῃ”
2710 1802 2923 1874 πρῶτον
2952 1802 3052 1872 μὲν
3093 1803 3200 1872 γάρ
3229 1818 3394 1870 φησιν
3432 1800 3517 1867 ἐφ’
3565 1798 3756 1851 ἑαυτοῦ

2180 1891 2317 1948 εἶναι
2343 1896 2440 1965 τὴν
2482 1893 2808 1963 Ἐκκλησίαν
2834 1910 2845 1921 ·
2880 1893 3057 1947 καίτοι
3087 1894 3192 1946 τῶν
3220 1892 3376 1963 ἱερῶν
3406 1891 3755 1962 Γραμμάτων

2181 1986 2298 2055 Θεῷ
2324 1985 2523 2056 μᾶλλον
2551 1986 2644 2038 καὶ
2673 1986 2848 2039 οὐδενὶ
2891 1985 2999 2037 τῶν
3044 1984 3342 2055 ἀνθρώπων
3389 1983 3755 2054 ἀφιερούντων

2180 2078 2352 2147 αὐτήν
2370 2090 2381 2105 ·
2409 2077 2511 2148 ἔφη
2544 2076 2653 2146 γὰρ
2678 2078 2705 2129 ό
2726 2076 2955 2140 Παῦλος,
2978 2078 3057 2129 ὅτι
3089 2078 3256 2146 αὐτὴν
3285 2076 3459 2146 ἑαυτῷ
3484 2077 3757 2145 παρέστη-

2183 2185 2273 2221 σεν
2313 2171 2340 2221 ὁ
2386 2169 2619 2238 Χριστὸς
2666 2168 2741 2239 μὴ
2781 2168 3008 2239 ἔχουσαν
3041 2169 3227 2220 σπῖλον
3263 2168 3294 2238 ἢ
3345 2167 3565 2238 ρυτίδα’
3603 2167 3753 2236 ἡνδὴ

2181 2260 2276 2312 καὶ
2301 2259 2583 2330 Θεμελιοῦν
2615 2261 3025 2328 ἐπαγγέλλεται,
3076 2260 3137 2312 τὸ
3178 2262 3570 2312 ἀκατάσειστον
3618 2260 3751 2329 αὐτῇ

2181 2349 2523 2420 προσνέμων,
2548 2336 2620 2414 ῶς
2644 2352 2804 2412 αὐτὸς
2825 2351 3082 2421 ὑπάρχων
3103 2351 3208 2402 τῶν
3230 2351 3506 2419 δυνάμεων
3526 2348 3750 2420 Κύριος·

2182 2440 2274 2492 καὶ
2301 2438 2503 2508 ταύτης
2532 2442 2765 2510 ποιμένα
2810 2442 2897 2493 τὸν
2944 2442 3149 2511 Πέτρον
3184 2442 3492 2509 ἐφίστησιν.
3517 2471 3588 2480 ——
3622 2436 3751 2492 Εἶτα

2183 2531 2313 2602 ἔφη·
2352 2520 2387 2583 ι’
2417 2535 2525 2585 Καὶ
2557 2533 2712 2586 δώσω
2742 2551 2823 2586 σοι
2878 2536 2973 2596 τάς
3008 2534 3155 2596 κλεῖς
3192 2535 3290 2604 τῆς
3333 2534 3613 2603 βασιλείας
3652 2533 3753 2586 τῶν

2181 2622 2441 2693 οὐρανῶν.
2488 2642 2506 2674 ›
2552 2623 2770 2695 Ταύτην
2794 2624 2849 2675 δὲ
2884 2626 3063 2693 φωνὴν
3094 2624 3193 2676 οὐκ
3221 2623 3471 2692 ἄγγελος,
3501 2625 3601 2675 ούκ
3625 2624 3753 2691 ἄλλη

2181 2729 2263 2774 τις
2293 2711 2480 2783 λογικὴ
2517 2713 2741 2783 δύναμις
2788 2714 3121 2782 φθέγξασθαι
3155 2712 3398 2768 δύναται.
3450 2714 3661 2784 Πρέπει
3702 2714 3756 2767 δὲ

2184 2802 2384 2872 μᾶλλον
2432 2802 2509 2872 τῷ
2566 2804 2780 2856 πάντων
2832 2804 3119 2873 κρατοῦντι
3173 2803 3329 2872 Θεῷ,
3368 2805 3462 2855 καὶ
3508 2804 3758 2868 ἐξουσίαν

2183 2893 2357 2962 ἔχοντι
2378 2894 2479 2963 γῆς
2507 2894 2598 2945 καὶ
2626 2891 2875 2962 ούρανοῦ,
2914 2894 3051 2962 πλὴν
3080 2893 3108 2943 ὁ
3142 2893 3232 2945 τού
3263 2892 3434 2962 δώρου
3475 2892 3669 2962 καιρὸς
3692 2887 3758 2962 ἦν

2183 2984 2216 3053 ἡ
2249 2982 2346 3053 τῆς
2376 2983 2721 3043 ἀναστάσεως
2751 2981 2888 3052 ὥρα,
2918 2983 3003 3034 ὅτε
3034 2976 3155 3033 εἷπε
3179 2998 3194 3013 ο
3238 3000 3255 3031 t
3297 2981 3506 3034 Λάϐετε
3533 2981 3758 3050 Πνεῦμα

508 3086 719 3139 cunque
791 3071 1104 3125 dimiseritis
1179 3083 1420 3140 peccata,
1484 3074 1830 3124 remittuntur
1878 3072 1988 3139 eis,
2031 3081 2075 3127 et

2190 3075 2340 3141 ἆγιον
2361 3090 2372 3101 ·
2406 3073 2469 3125 ἄν
2495 3090 2654 3125 τινων
2700 3074 2871 3142 ἀφῆτε
2921 3075 3017 3136 τὰς
3052 3073 3344 3145 ἁμαρτίας,
3379 3074 3631 3141 ἀφίενται
3661 3073 3761 3127 αὐ-

508 3175 735 3230 quorum
772 3161 1134 3224 retinueritis,
1175 3172 1376 3216 retenta
1412 3172 1535 3217 sunt
1566 3163 1630 3215 '°.
1663 3180 1680 3212 ›

582 3274 738 3338 XVI,
778 3276 869 3330 27.
906 3274 1082 3330 Filius
1126 3278 1264 3330 enim
1300 3278 1528 3330 hominis
1577 3285 1820 3331 venturus
1850 3286 1925 3331 est
1960 3294 2076 3331 cum

508 3366 683 3435 gloria
710 3368 880 3435 patris
920 3367 1021 3420 sui.
1956 3436 1959 3439 ἰ

580 3456 818 3512 Gloriam
847 3459 975 3513 dicit
1003 3460 1527 3528 transligurationem
1557 3458 2075 3517 commutationeme

509 3566 612 3619 que
643 3563 846 3604 uaturm
879 3561 1109 3617 nostrae,
1166 3567 1285 3621 quze
1322 3553 1549 3622 gloriam
1594 3552 2071 3621 incomparabilem

511 3641 753 3705 lianc-bit,
784 3657 892 3710 prin
923 3641 1162 3709 qualibet
1197 3644 1378 3711 specie
1401 3643 1452 3697 in
1479 3644 1889 3712 praesentiarum
1920 3658 2074 3713 spec-

508 3732 679 3786 ιὶὶινίΙί.

576 3824 683 3895 56
717 3823 853 3877 XVI.
883 3825 973 3889 24,
1012 3824 1103 3889 25,
1142 3823 1232 3878 28.
1265 3825 1489 3893 Abneget
1523 3826 1943 3893 semetipsum...
1973 3825 2079 3891 Qui

507 3930 644 3965 emm
696 3913 913 3964 voluerit
952 3914 1182 3966 animant
1230 3929 1379 3967 suam
1424 3914 1623 3967 salvam
1658 3914 1850 3981 facere,
1900 3914 2077 3981 perdet

506 4019 621 4055 eam
645 4017 665 4065 ;
695 4003 783 4068 qui
816 4012 991 4055 autem
1011 4003 1292 4067 perdiderit
1316 4004 1543 4056 animam
1568 4019 1717 4056 suam
1745 4014 1953 4072 propter
1973 4019 2073 4069 me,

506 4093 723 4146 inveniet
755 4109 966 4147 eam....
991 4091 1123 4147 Sunt
1157 4095 1368 4161 quidam
1385 4095 1448 4146 de
1470 4093 1554 4146 Itic
1584 4096 1840 4146 stantibus
1861 4095 1948 4162 qui
1975 4109 2078 4147 non

504 4186 781 4252 gustabunt
815 4200 897 4237 mo
912 4195 1059 4236 rtem.

572 4276 704 4328 Cum
752 4276 985 4328 nondum
1022 4290 1087 4327 ex
1128 4273 1232 4329 alto
1262 4273 1512 4327 virtutem
1541 4273 1875 4340 accepissent
1910 4272 2077 4328 disci.

504 4366 634 4432 puli,
655 4380 750 4433 par
778 4375 1003 4418 erateos
1031 4365 1168 4419 forte
1197 4366 1246 4418 in
1290 4366 1550 4417 humanas
1588 4362 1821 4415 incidere
1849 4363 2077 4417 inlirmi-

509 4465 684 4523 tates,
725 4470 788 4509 ac
835 4456 1012 4510 simile
1068 4457 1193 4525 quid
1223 4456 1518 4525 cogitantes
1552 4454 1732 4507 dicere
1762 4471 1775 4507 :
1800 4454 2076 4520 Quomodo

501 4547 787 4617 abnegabit
828 4547 948 4615 quis
975 4545 1248 4615 seipsum?
1275 4556 1366 4598 aut
1388 4545 1675 4613 quomodo,
1711 4547 1800 4612 qui
1832 4546 2076 4614 perdide-

504 4637 571 4689 rit
618 4637 853 4691 animam
886 4651 1060 4701 suam,
1109 4637 1345 4688 inveniet
1393 4634 1545 4687 eam?
1595 4635 1859 4702 quodnam
1894 4648 2072 4690 autem

502 4727 603 4781 illis
630 4732 739 4781 haec
763 4727 1089 4797 patientibus
1117 4741 1213 4795 par
1238 4724 1552 4794 praemium?
1581 4725 1871 4794 Propterea
1904 4736 1961 4780 ut
1980 4743 2073 4781 eos

500 4820 567 4871 ab
590 4817 851 4889 ejusmodi
886 4817 1299 4885 rogitationibns
1333 4826 1560 4882 avertat,
1592 4823 1645 4867 (ιι
1675 4818 2069 4884 quodammodo

500 4919 671 4963 armet
700 4910 763 4962 ad
793 4906 1158 4962 fortitudinem
1184 4946 1198 4970 ,
1234 4906 1424 4959 futura:
1452 4907 1556 4959 illis
1589 4906 1770 4978 gloria:
1801 4907 2067 4973 cupidita-

500 5007 606 5050 tem
634 4999 901 5058 excitans,
925 4995 999 5047 ait
1032 5011 1044 5046 :
1083 5012 1100 5044 ι
1131 4994 1495 5061 Snntquidam
1518 4996 1585 5048 de
1613 4996 1696 5048 hic
1719 4996 2005 5057 stantibus,
2043 5014 2062 5048 ι

497 5096 602 5138 etc.
628 5128 642 5151 ,
679 5083 892 5138 Petrum
930 5084 1208 5136 insinuans
1242 5100 1304 5137 ac
1336 5084 1472 5138 lilios
1504 5084 1745 5138 Zebedtei
1790 5108 1803 5139 -.
1842 5086 1891 5138 lii
1925 5087 2065 5139 enim

498 5174 549 5229 in
582 5173 1061 5230 translormatione
1097 5174 1254 5228 simul
1288 5175 1547 5241 assumpti
1578 5183 1733 5240 sunt,
1766 5189 1924 5243 quam
1957 5172 2061 5244 57

561 5347 605 5379 ⁹⁹
640 5347 833 5414 Ephcs.
875 5362 923 5409 ν,
956 5346 1045 5399 27.
1124 5347 1167 5378 ³⁸
1198 5345 1356 5400 Joatt.
1393 5363 1482 5409 xx,
1513 5347 1603 5401 ‘25.

567 5504 642 5571 (Ι)
683 5500 1065 5557 Animadverte
1133 5503 1494 5556 testimonium
1564 5516 1663 5570 pro
1731 5502 1869 5557 Petri
1945 5505 2054 5572 pri—

497 5583 863 5713 "“gi.'A0pst
887 5674 950 5687 --
978 5645 1030 5697 τέ
1046 5662 1079 5697 ν
1109 5644 1331 5711 Πέτρον
1363 5642 1704 5710 ἐφίστησιν.
1742 5643 1841 5696 Mai
1875 5642 1936 5695 Β.
1980 5641 2045 5697 Ν.

2180 3165 2315 3226 τοῖς,
2348 3161 2411 3215 ἄν
2441 3178 2599 3216 τινων
2628 3163 2888 3234 κρατῆτε,
2928 3164 3312 3233 κεκράτηνται.
3345 3182 3364 3215 s

2246 3275 2470 3329 Μέλλει
2507 3274 2616 3345 γὰρ
2641 3277 2671 3328 ό
2721 3274 2850 3341 Υἱός
2882 3273 2988 3328 τοῦ
3018 3274 3331 3343 ἀνθρώπου
3364 3276 3647 3344 ἔρχεσθαι
3690 3276 3759 3328 ἐν

2178 3364 2251 3434 τῇ
2275 3365 2421 3435 δόξῃ
2448 3365 2549 3419 τοῦ
2580 3366 2810 3434 Πατρός
2834 3366 3042 3421 αὐτοῦ.

2248 3456 2415 3523 Δόξαν
2455 3454 2533 3527 (3)
2566 3459 2700 3528 φησὶ
2729 3457 2818 3511 τὸν
2866 3459 3386 3528 μετασχηματισμὸν
3418 3458 3515 3512 καὶ
3550 3459 3756 3528 μεταλ-

2178 3549 2385 3619 λαγμὸν
2432 3549 2530 3619 τῆς
2578 3550 2856 3621 ἡμετέρας
2891 3550 3125 3620 φύσεως,
3172 3551 3505 3622 ἀσύγκριτον
3554 3552 3757 3623 έχοντα

2178 3637 2334 3706 δόξαν
2366 3640 2514 3712 παρά
2540 3641 2599 3692 τὸ
2636 3640 2728 3694 νῦν
2761 3639 3033 3712 ὁρώμενον
3071 3642 3275 3712 σχῆμα.

2261 3819 2736 3886 Ἀπαρνησάσθω
2784 3819 3001 3872 ἑαυτόν
3042 3859 3056 3872 .
3095 3859 3111 3875 .
3150 3860 3164 3873 .
3214 3824 3321 3887 Ὃς
3362 3820 3470 3891 γὰρ
3497 3819 3574 3874 ἂν
3606 3822 3753 3888 θέλῃ

2177 3906 2292 3973 τὴν
2316 3908 2527 3974 ψυχὴν
2555 3908 2740 3961 αὑτοῦ
2770 3905 2985 3973 σῶσαι,
3018 3907 3305 3962 ἀπολέσει
3338 3910 3529 3975 αὐτήν
3548 3927 3559 3939 ο
3603 3910 3671 3977 ὃς
3697 3910 3751 3962 δ’

2179 3995 2257 4048 ἂν
2308 3998 2584 4064 ἀπολέσῃ
2612 3989 2746 4065 ’τὴν
2799 3999 3012 4066 ψυχὴν
3053 4000 3278 4064 αὐτοῦ,
3330 4001 3537 4054 ἕνεκεν
3581 4002 3749 4072 ἐμοῦ,

2178 4088 2421 4155 εὑρήσει
2450 4089 2661 4153 αὑτήν.
2704 4130 2720 4143 .
2752 4127 2766 4140 .
2800 4092 2939 4143 Είσί
2974 4108 3134 4156 τινες
3178 4091 3297 4144 τῶν
3320 4089 3437 4145 ὧδε
3476 4094 3751 4147 ἑστώτων

2178 4179 2395 4243 οἵτινες
2425 4180 2495 4230 οὐ
2520 4178 2605 4247 μὴ
2636 4181 2966 4247 γεύσωνται
3001 4183 3283 4237 θανάτου.

2260 4266 2411 4319 Ἐπεὶ
2438 4266 2588 4320 οὔπω
2616 4270 2710 4340 τὴν
2741 4271 2798 4337 ἐξ
2837 4271 3001 4341 ὕψους
3037 4274 3263 4345 δύναμιν
3292 4276 3591 4345 ἐσχηκότας
3628 4279 3750 4338 τοὺς

2183 4357 2447 4427 μαθητὰς,
2482 4361 2626 4423 εἰκὸς
2669 4356 2736 4431 ἦν
2775 4364 2915 4433 τάχα
2942 4381 3043 4416 που
3076 4366 3169 4419 καὶ
3198 4368 3571 4436 ἀνθρωπίναις
3605 4387 3749 4438 περι-

2186 4452 2370 4502 πεσεῖν
2397 4451 2719 4518 ἀσθενείαις,
2752 4456 2842 4506 καί
2874 4472 2926 4507 τι
2961 4456 3197 4509 τοιοῦτον
3228 4460 3637 4527 ἐννενοηκότας,
3671 4462 3748 4511 εί-

2185 4544 2304 4593 πεῖν
2326 4558 2339 4571 °
2390 4542 2513 4605 Πῶς
2547 4546 2843 4615 ἀρνήσεταί
2876 4564 2957 4610 τις
2986 4550 3209 4615 ὲαυτόν;
3243 4550 3275 4619 ἢ
3305 4550 3420 4613 πῶς
3460 4551 3748 4613 ἀπωλέσας

2181 4630 2277 4701 τὴν
2310 4632 2500 4685 ἑαυτοῦ
2538 4632 2736 4703 ψυχὴν,
2773 4637 2993 4707 εὑρήσει
3028 4640 3237 4709 abripi;
3268 4640 3329 4691 Τί
3368 4640 3423 4692 δὲ
3457 4644 3571 4703 τοῖς
3593 4642 3748 4695 τοῦτο

2181 4721 2441 4774 παθοῦσιν
2478 4726 2752 4795 ίσοτιμοῦν
2797 4729 2999 4798 γέρας;
3050 4732 3147 4784 Διὰ
3176 4733 3353 4795 τοῦτο,
3383 4733 3467 4784 ἵνα
3502 4734 3614 4785 τῶν
3646 4752 3749 4787 τοι-

2175 4813 2346 4867 ούτων
2363 4818 2556 4880 αὐτοὺς
2578 4819 2864 4893 ἀποστήσῃ
2889 4820 3185 4891 λογισμῶν,
3215 4824 3307 4875 καὶ
3334 4820 3445 4875 οἷον
3478 4825 3750 4894 μεταχαλο

2174 4908 2347 4980 κεύσῃ
2375 4908 2507 4977 πρὸς
2537 4911 2822 4983 εὐανδρίαν
2848 4912 2946 4983 τῆς
2981 4916 3243 4983 ἐσομένης
3272 4918 3453 4979 αὐτοῖς
3475 4918 3749 4982 εὐκλείας,

2175 4997 2473 5066 ἐπιθυμίαν
2523 4999 2783 5066 ἐντεκὼν,
2834 5005 3028 5072 φησίν·
3080 5025 3096 5055 ι
3133 5006 3251 5057 Είσί
3301 5024 3441 5069 τινες
3494 5008 3603 5059 τῶν
3650 5002 3749 5060 ὧδε

2174 5088 2502 5155 ἑστηκότων,
2539 5108 2555 5140 ι
2589 5093 2681 5143 καὶ
2712 5092 2778 5144 τὰ
2807 5092 2952 5163 ἑξῆς,
2985 5095 3189 5166 Πέτρον
3224 5098 3624 5166 αἰνιττόμενος,
3655 5101 3747 5151 καὶ

2173 5178 2299 5240 τοὺς
2328 5178 2477 5242 υἱοὺς
2509 5179 2791 5235 Ζεϐεδαίου
2813 5199 2826 5213 ⁶
2861 5176 3005 5236 οὗτοι
3037 5186 3143 5255 γὰρ
3173 5187 3231 5237 ὲν
3268 5189 3333 5257 τῇ
3380 5188 3745 5257 μεταμορφώ-

2164 5504 2250 5563 Ill,
2295 5507 2409 5587 15_l_.
2447 5506 2671 5587 Reliqua
2722 5528 2783 5565 cx
2838 5514 3095 5567 Corde-rio
3128 5519 3215 5585 qui
3271 5518 3319 5569 in
3368 5520 3736 5587 superioribus

2170 5579 2419 5629 nonnulla
2466 5583 2683 5634 utn'.t.it.

2234 5648 2311 5715 (ὃ)
2342 5648 2534 5711 Δόξαι·
2560 5680 2625 5687 -
2648 5650 2872 5722 σχῆμα,
2918 5655 3013 5708 Mai
3050 5656 3107 5708 Β.
3154 5655 3220 5710 Ν.
3253 5656 3336 5723 Ill,
3371 5657 3488 5712 151.
