3946 6316
201 295 306 350 ιεε

1355 297 1711 354 COMMENT.
1754 296 1818 351 IN
1858 294 2293 352 MATTIIZEUM.

3330 311 3434 367 ιεσ

199 430 284 467 σει
334 410 895 483 συμπαρελήφθησαν,
932 414 998 483 ἣν
1029 412 1185 467 καλεῖ
1226 413 1523 483 βασιλείαν,
1554 414 1629 479 ὼς
1673 415 1763 467 ἰκ-

1888 428 2086 482 egnum
2128 422 2284 469 vocat
2310 423 2560 483 tanquam
2595 412 2917 473 indicantem
2968 420 3291 480 ineffabilem
3338 443 3435 497 po-

200 506 449 574 φήνασαν
489 503 587 572 τῆς
633 502 881 569 ἔξουσίας
921 503 982 555 τὸ
1017 503 1242 573 ἄφατον,
1271 503 1488 574 καὶτῆς
1516 506 1651 575 πρὸς
1679 504 1770 557 τὸν

201 594 424 666 Πατέρα
455 594 807 665 γνησιότητος
833 594 895 647 τὸ
923 594 1468 665 ἀπαράλλακτον.Ἐν
1506 596 1643 665 αὐτῇ
1690 596 1765 659 δὲ,

200 686 298 739 καὶ
351 687 450 756 τῆς
504 685 763 755 δευτέρας
808 686 1106 757 παρουσίας
1156 685 1219 740 τὸ
1265 686 1519 758 ἀξίωμα,
1555 689 1649 741 καὶ
1707 688 1769 739 τὸ

200 774 431 847 φρικτὸν
462 776 775 846 ὑπεδήλωσε
811 777 1119 847 προοίμιον,
1163 777 1367 850 ταύτην
1406 778 1644 848 ἐκείνης,
1675 780 1768 832 καὶ

195 864 309 921 οἷον
338 866 627 936 βεϐαίωσιν
657 867 1059 936 ὲνδειξάμενος’
1097 868 1216 938 ἡξει
1250 869 1357 939 γὰρ
1401 870 1459 923 ὲν
1502 868 1630 941 δόξῃ
1673 869 1766 922 τοῦ

196 957 334 1011 Θεοῦ
383 957 475 1010 καὶ
525 957 773 1026 Πατρὸς,
814 959 912 1011 οὐκ
965 960 1024 1012 ὲν
1077 960 1481 1031 μικροπρεπεία
1524 964 1588 1031 τῇ
1634 961 1768 1015 καθ’

196 1049 365 1117 ἡμᾶς.
620 1095 627 1100 -

263 1142 368 1205 Eli;
396 1140 528 1207 ὄρος
563 1138 824 1206 ὑψηλόν.

268 1233 364 1293 Εἰς
406 1230 469 1282 τὸ
511 1230 636 1299 ὅρος
664 1228 859 1293 ἀνεισι,
894 1229 1130 1294 δεικνὺς,
1170 1231 1253 1283 ὅτι
1280 1230 1555 1302 χθαμαλὸς
1586 1234 1613 1285 ό
1641 1234 1765 1297 νοῦς

195 1322 297 1373 οὐκ
326 1318 392 1373 ἂν
419 1317 628 1386 γένοιτο
655 1316 788 1387 πρὸς
817 1316 1047 1386 θεωρίαν
1081 1317 1401 1387 ἐπιτήδειος,
1433 1318 1548 1372 ἀλλ’
1576 1321 1605 1371 ὁ
1635 1323 1763 1374 κατ’

198 1411 336 1463 ίδίαν
373 1407 633 1477 γεγονὼς,
662 1408 757 1460 καὶ
790 1406 895 1472 ἔξω
923 1407 1216 1477 φροντίδων
1249 1406 1515 1478 βιωτικῶν
1545 1411 1602 1463 ὲν
1632 1412 1763 1481 ἠσυ-

194 1518 312 1569 xta.

269 1590 378 1643 Kal
409 1589 830 1660 μετεμορφώθη
864 1591 1205 1659 ἔμπροσθεν
1234 1594 1451 1649 αὐτῶν.

269 1682 591 1753 Πεπράχθαι
637 1683 694 1736 δέ
736 1699 917 1752 φαμεν
943 1684 1039 1754 τὴν
1070 1686 1512 1756 μεταμόρφωσιν,
1539 1686 1660 1758 οὐχὶ
1686 1688 1772 1759 δή·

1870 511 2143 569 tcstatem,
2183 512 2237 559 et
2265 504 2555 574 genuinum
2585 520 2706 560 eum
2739 522 2859 567 esse
2886 508 3064 567 Patris
3097 511 3316 570 Filium.
3373 519 3434 573 In

1868 594 1981 662 ipsa
2021 608 2147 651 vero
2174 610 2387 665 quoque
2416 599 2660 652 secundae
2688 602 2986 667 praesentiae
3014 605 3353 675 dignitatem,
3374 621 3439 665 et

1870 685 2105 740 terribile
2132 685 2489 741 subindicavit
2519 686 2729 743 initium
2775 691 2939 758 illius,
2963 709 3029 749 ac
3057 697 3212 764 quasi
3235 700 3433 754 conﬁr—

1868 775 2156 831 mationem
2209 777 2476 845 ostendit;
2507 778 2687 835 veniet
2728 782 2869 838 enim
2920 785 2971 837 in
3020 785 3187 853 gloria
3244 788 3339 843 Dei
3378 803 3435 845 et

1867 865 2064 944 Patris,
2093 882 2195 923 non
2223 869 2276 923 in
2300 879 2482 926 nostra
2512 874 2796 928 tenuitate.

1940 1135 2099 1204 XVII,
2132 1142 2181 1196 I.
2214 1139 2281 1195 In
2307 1149 2531 1195 montem
2556 1142 2836 1199 excelsum.

1936 1230 1995 1285 In
2024 1238 2259 1286 montem
2280 1232 2544 1298 ascendit,
2571 1236 2863 1290 ostendens
2895 1244 3165 1294 terrenam
3196 1251 3429 1300 mentem

1865 1322 1931 1376 ad
1980 1319 2489 1391 contemplationem
2544 1324 2765 1379 minime
2824 1326 3072 1382 idoneam
3120 1344 3279 1396 esse,
3333 1335 3430 1389 sed

1862 1408 2185 1473 solitariam,
2214 1416 2268 1463 et
2287 1415 2438 1463 extra
2464 1411 2786 1481 temporales
2814 1428 2977 1471 curas
3008 1416 3059 1470 in
3086 1418 3268 1486 quiete
3297 1434 3428 1473 ron-

1862 1504 2125 1558 stitutam.

1951 1597 2113 1663 XVII,
2141 1599 2196 1653 2.
2239 1599 2307 1653 Et
2335 1600 2743 1669 transﬁguratus
2774 1608 2849 1653 est
2884 1610 3009 1654 ante
3029 1617 3137 1656 eos.

1950 1685 2169 1742 Factam
2214 1698 2391 1743 autem
2440 1688 2971 1759 transﬁgurationem
3015 1705 3135 1745 esse
3177 1691 3445 1757 dicimus,

194 1786 299 1822 που
332 1772 393 1824 τὸ
430 1774 589 1843 σῶμα
632 1774 695 1826 τὸ
737 1773 1077 1846 ἀνθρώπινον
1108 1775 1504 1845 μεταϐαλόντος
1531 1778 1627 1832 τοῦ
1659 1780 1765 1834 σώ-

1888 1795 1982 1834 aon
2017 1780 2159 1850 quod
2206 1795 2403 1850 corpus
2448 1782 2740 1836 humanum
2791 1781 2895 1836 alio
2926 1796 3152 1851 corpore
3198 1785 3443 1849 mutarit.

195 1877 390 1928 ματος,
426 1864 566 1917 ἀλλά
593 1862 754 1934 δόξης
786 1865 929 1928 τινὸς
959 1865 1283 1933 φωτοειδοῦς
1311 1868 1768 1941 περιστελλούσης

190 1953 327 2006 αὑτό
345 1970 359 1984 ⁸
398 1955 678 2026 μείναντος
698 1955 807 2028 γάρ
827 1956 921 2010 τοῦ
947 1954 1196 2028 σώματος
1226 1960 1317 2013 ἀπὶ
1344 1957 1438 2013 τοῦ
1468 1962 1766 2032 σχήματος,

190 2047 290 2098 ἐπὶ
332 2046 394 2099 τὸ
444 2047 781 2119 ἐνδοξότερον
823 2049 873 2101 oi
926 2050 1273 2124 χαρακτῆρες
1322 2050 1409 2105 διὰ
1450 2052 1770 2121 φωτοειδοῦς

189 2134 487 2205 χρώματος
514 2136 922 2209 διεχρώννυντο.

281 2243 647 2312 ’Δποκριθεὶς
676 2242 745 2296 δὲ
774 2245 808 2297 d
836 2242 1053 2311 Πέτρος
1082 2238 1211 2296 εἶπε
1254 2242 1333 2309 τῷ
1372 2242 1564 2311 Ἰησοῦ
1591 2259 1604 2273 ·
1648 2243 1766 2298 Κύ-

188 2350 308 2402 ριε,
340 2335 534 2388 καλόν
555 2334 727 2387 ἐστιν
758 2330 908 2402 ἡμᾶς
922 2327 1038 2386 ὦδε
1053 2330 1204 2387 εἶναι
1224 2349 1236 2363 ·
1271 2336 1321 2387 el
1354 2334 1568 2397 θέλεις,
1594 2331 1765 2398 ποιή-

192 2440 403 2495 σωμεν
433 2420 549 2479 ὦδε
586 2428 741 2493 τρεῖς
766 2426 1022 2494 σκηνὰς,
1066 2426 1166 2479 σοί
1193 2426 1360 2495 μίαν,
1398 2425 1494 2478 καὶ
1541 2424 1766 2494 Μωῦσῇ

187 2518 361 2585 μίαν,
389 2517 486 2571 καὶ
521 2518 663 2585 μίαν·
698 2517 890 2584 Ἠλίᾳ.

266 2609 386 2661 Οὐκ
419 2609 537 2679 ᾔδει
564 2607 618 2661 τί
648 2608 843 2662 ἐλάλει.
878 2608 992 2678 Πρὸ
1018 2608 1127 2679 γὰρ
1164 2608 1255 2661 τοῦ
1290 2608 1492 2671 πάθους
1540 2609 1632 2661 καὶ
1667 2609 1766 2678 τῆς

193 2700 546 2763 ἀναστάσεως
589 2699 683 2752 τοῦ
728 2699 1000 2769 Σωτῆρος,
1037 2700 1132 2753 καὶ
1157 2699 1256 2769 τῆς
1282 2699 1633 2763 καταλύσεως
1670 2699 1766 2753 τοῦ

195 2790 457 2851 θανάτου,
479 2792 574 2842 καὶ
604 2790 698 2859 τῆς
727 2792 930 2861 φθορᾶς
954 2789 1062 2842 τῶν
1084 2790 1349 2859 σωμάτων
1374 2791 1405 2859 ἡ
1415 2789 1551 2858 μῶν,
1576 2789 1768 2843 ἀδύνα-

191 2895 286 2932 τον
316 2876 389 2951 ἦν
417 2880 510 2933 τὸν
543 2880 748 2951 Πέτρον
786 2883 1021 2933 συνεῖναι
1066 2879 1304 2949 Χριστῷ,
1335 2879 1428 2932 καὶ
1474 2879 1582 2932 τῶν
1633 2897 1766 2949 σκη-

192 2969 303 3023 νῶν
345 2970 593 3038 ὲςρίεσθαι
629 2972 703 3042 (I)
732 2972 839 3024 τῶν
871 2973 927 3025 ἐν
961 2972 1194 3042 οὐρανῷ.
1224 2971 1407 3025 Ταῦτα
1435 2971 1545 3044 γάρ
1574 2973 1654 3025 δεῖ
1681 2988 1766 3041 γε-

192 3056 386 3110 νέσθαι
444 3058 582 3127 μετά
632 3059 730 3130 τὴν
779 3058 872 3113 τοῦ
912 3061 1158 3131 Σωτῆρος
1190 3063 1489 3116 ἀνάστασιν
1541 3063 1638 3115 καὶ
1687 3066 1835 3135 alga

192 3148 424 3219 οὐρανὸν
452 3149 737 3204 ἀνάϐασιν.

266 3240 382 3293 Καὶ
419 3242 791 3308 ἀκούσαντες
831 3246 885 3298 οἱ
912 3246 1168 3313 μαθηταὶ
1198 3246 1423 3300 ἔπεσον
1449 3246 1546 3301 ἐπὶ
1584 3248 1768 3315 πρόσ-

193 3348 363 3384 ωπον
389 3332 587 3385 αὐτῶν
622 3335 718 3387 καί
742 3335 1127 3404 ἐφοϐήθησαν
1151 3337 1404 3407 σφόδρα.

280 3422 348 3475 Ἦ
385 3424 483 3492 μὲν
514 3423 610 3477 τοῦ
653 3424 787 3477 Θεοῦ
837 3427 930 3480 καὶ
964 3428 1175 3499 Πατρὸς
1205 3429 1355 3501 φωνὴ
1392 3430 1531 3500 καλή
1572 3448 1631 3482 τε
1675 3432 1769 3483 καὶ

197 3513 556 3581 ἁξιάγαστος’
588 3513 811 3583 ἀκράτῳ
840 3516 897 3568 δὲ
929 3517 1031 3587 ἤδη
1063 3519 1411 3589 κατεχόμενοι
1446 3520 1660 3589 δείματι
1687 3520 1770 3572 πί-

198 3619 429 3657 πτουσιν
479 3608 528 3658 οί
580 3609 836 3679 μαθηταὶ,
867 3609 953 3661 ἵνα
985 3609 1049 3681 δὴ
1090 3611 1254 3663 πάλιν
1301 3610 1396 3665 καὶ
1447 3611 1533 3665 διά
1579 3612 1768 3664 τούτου

201 3695 485 3765 μάθωμεν,
522 3698 597 3759 ὡς
627 3699 1028 3769 ἀναγκαιοτάτη
1068 3704 1180 3763 τοῖς
1208 3702 1299 3753 ἐπὶ
1324 3702 1427 3770 γῆς
1458 3704 1489 3773 ἡ
1521 3703 1614 3755 τοῦ
1659 3704 1768 3756 Σω-

196 3788 362 3857 τῆρος
390 3788 546 3857 ἡμῶν
573 3789 946 3857 ἀναπέφανται
978 3789 1241 3859 μεσιτεία,
1275 3790 1538 3863 νοουμένη
1569 3790 1769 3862 δηλαδὴ

197 3876 341 3929 κατά
386 3878 478 3929 τὸν
522 3878 622 3948 τῆς
673 3878 1137 3951 ὲνανθρωπήσεως
1168 3879 1401 3948 τρόπον·
1450 3881 1499 3932 εί
1551 3880 1625 3951 μὴ
1663 3881 1770 3953 γάρ

198 3966 390 4033 γέγονε
442 3968 565 4020 καθ’
592 3969 759 4038 ἡμᾶς,
799 3969 880 4032 τίς
915 3968 979 4021 ἀν
1010 3969 1167 4039 ἡμῶν
1200 3969 1432 4039 ἤνεγκεν
1466 3969 1576 4022 ἀνω
1605 3986 1772 4040 προσ-

196 4054 463 4107 Mileum
490 4056 643 4121 Θεὸν,
678 4058 771 4109 καὶ
817 4056 914 4127 τὴν
963 4058 1168 4126 ἄφατον
1202 4058 1370 4111 αὑτοῦ
1410 4057 1568 4122 δόξαν
1596 4058 1772 4112 οὐδενὶ

195 4147 337 4215 τάχα
381 4146 491 4199 τῶν
524 4148 798 4218 γεννητῶν
848 4150 1092 4221 φορητὴν
1122 4150 1478 4221 ὲμφαίνοντα;
1515 4150 1633 4212 Φῶς
1663 4152 1771 4218 γὰρ

195 4239 369 4290 οἰκεῖν
396 4237 556 4290 αὐτὸν
584 4238 876 4311 ἀπρόσιτον
912 4243 1002 4293 καὶ
1034 4244 1061 4293 ὁ
1110 4240 1379 4312 μακάριος
1422 4241 1591 4312 ἔφησε
1622 4242 1770 4295 Παῦ-

197 4328 306 4392 λος.

1873 1871 1968 1927 sed
2001 1872 2170 1942 gloria
2212 1872 2443 1942 quadam
2481 1875 2655 1929 instar
2681 1874 2819 1930 lucis
2848 1873 2976 1929 illud
3021 1873 3185 1929 fuerit
3211 1875 3447 1930 circnm-

1876 1962 2081 2018 datum.
2131 1960 2388 2032 Corporis
2426 1966 2569 2019 enim
2597 1975 2952 2033 permanente
2986 1965 3182 2036 ﬁgura,
3229 1965 3349 2036 eius
3377 1965 3448 2020 li-

1876 2060 2163 2106 neamenta
2182 2052 2472 2123 gloriosius
2489 2053 2763 2109 luciformi
2780 2055 3017 2124 quodam
3037 2054 3217 2111 colore
3239 2056 3442 2112 imbuta

1878 2141 2120 2198 fuerunt.

1939 2240 2049 2312 58
2078 2239 2242 2310 XVII,
2283 2242 2338 2299 ι.
2381 2242 2719 2311 Respondeas
2749 2252 2922 2298 autem
2964 2241 3156 2299 Petrus
3189 2245 3325 2301 dixit
3366 2246 3435 2299 ad

1867 2330 2047 2387 Iesum
2074 2349 2093 2386 :
2131 2333 2373 2399 Domine,
2405 2335 2593 2389 bonum
2627 2347 2701 2390 est
2730 2353 2822 2391 nos
2855 2337 2940 2390 hic
2964 2354 3074 2393 esse
3103 2337 3122 2393 ἐ
3150 2342 3197 2393 si
3225 2340 3318 2400 vis,
3350 2339 3437 2406 {a-

1868 2424 2067 2477 ciamus
2120 2424 2204 2476 hic
2232 2425 2335 2477 tria
2380 2425 2739 2493 tabernacula,
2792 2427 2889 2481 tibi
2944 2444 3127 2495 unum,
3160 2439 3213 2483 et
3262 2429 3437 2498 Moysi

1869 2528 2052 2576 unum,
2076 2523 2121 2566 et
2150 2512 2287 2567 Elia:
2317 2530 2497 2568 unum.

1941 2601 2225 2656 Nesciebat
2255 2603 2385 2672 quid
2422 2603 2642 2658 diceret.
2695 2605 2835 2660 Ante
2868 2606 3172 2675 passionem
3204 2607 3346 2662 enim
3384 2616 3440 2662 ct

1872 2694 2325 2749 resurrectionem
2355 2692 2653 2750 Salvatoris
2681 2697 3211 2768 destructionemque
3238 2701 3429 2755 mortis

1869 2791 1924 2838 et
1981 2785 2376 2853 corruptionem
2457 2802 2742 2856 corporum
2798 2798 3103 2844 nostrorum
3165 2790 3281 2846 fieri
3332 2807 3437 2847 non

1868 2879 2081 2939 poterat
2102 2881 2158 2925 ut
2188 2873 2376 2927 Petrus
2400 2884 2544 2929 esset
2573 2890 2693 2930 cum
2719 2876 2935 2932 Christo
2967 2887 3023 2933 et
3079 2880 3439 2935 tabernaculis

1868 2962 2180 3018 caelestibus
2208 2963 2499 3021 frueretur.
2555 2966 2680 3022 Ilaec
2710 2969 2851 3022 enim
2891 2969 3155 3024 duntaxat
3195 2970 3310 3025 iieri
3358 2971 3437 3025 fas

1867 3060 1951 3105 est
1988 3060 2108 3121 post
2138 3054 2594 3111 resurrectionem
2640 3055 2940 3114 Salvatoris
2980 3069 3033 3113 et
3064 3061 3435 3115 ascensionem

1871 3140 1923 3194 in
1950 3142 2165 3197 ctelum.

1941 3232 2050 3304 59
2084 3232 2245 3301 XVII,
2282 3234 2334 3290 6.
2376 3235 2446 3290 Et
2469 3238 2736 3293 audientes
2768 3240 3010 3310 discipuli
3040 3242 3334 3297 ceciderunt
3383 3245 3437 3296 in

1871 3324 2059 3391 faciem
2091 3342 2241 3381 suam
2266 3335 2313 3381 et
2345 3328 2631 3382 timuerunt
2656 3329 2822 3385 valde.

1941 3417 2034 3473 Dei
2070 3419 2282 3486 quidem
2308 3429 2359 3473 et
2381 3418 2559 3475 Patris
2589 3436 2693 3475 vox
2736 3421 2871 3475 bona
2911 3431 2962 3477 et
2997 3437 3179 3479 amore
3233 3425 3432 3494 digna;

1871 3509 1965 3563 sed
2006 3523 2154 3564 mero
2190 3518 2334 3563 metu
2372 3508 2482 3577 jam
2534 3510 2767 3580 perculsi
2817 3512 3016 3566 cadunt
3067 3512 3337 3584 discipuli,
3383 3524 3443 3568 ut

1874 3612 2064 3652 rursus
2097 3612 2194 3668 per
2226 3601 2327 3654 hoc
2370 3601 2531 3654 etiam
2574 3601 2868 3673 discamus,
2895 3619 3055 3673 quant
3084 3607 3316 3660 maxime
3346 3621 3441 3660 ne‘

1873 3687 2163 3757 cessarium
2204 3702 2343 3752 esse,
2392 3698 2447 3742 ut
2482 3689 2547 3744 iis
2588 3691 2678 3759 qui
2730 3691 2781 3743 in
2817 3699 2957 3745 terra
2993 3703 3138 3761 sunt,
3188 3696 3441 3749 mediatio

1872 3777 2182 3847 apparuerit
2211 3776 2531 3844 Salvatoris,
2580 3781 2849 3835 intellecta
2887 3783 3096 3837 scilicet
3128 3798 3224 3852 per
3255 3786 3437 3839 incar-

1875 3868 2109 3922 nationis
2165 3869 2403 3923 modum.
2437 3868 2548 3925 Nisi
2607 3871 2751 3924 enim
2796 3872 2948 3925 nobis
3014 3873 3206 3929 similis
3262 3874 3437 3930 factus

1874 3959 2088 4025 fuisset,
2121 3962 2241 4029 quis
2284 3962 2469 4029 utique
2511 3977 2743 4031 superne
2786 3963 3199 4021 descendentem
3245 3982 3442 4038 capere

1874 4053 2154 4120 potuisset,
2186 4069 2247 4107 ac
2285 4052 2607 4107 ineﬂ'abilem
2642 4054 2783 4109 illius
2819 4054 3044 4125 gloriam
3076 4072 3236 4127 quam
3284 4074 3444 4116 nemo

1877 4144 2100 4199 fortasse
2130 4159 2314 4199 eorum
2350 4146 2439 4214 qui
2470 4145 2578 4200 nati
2610 4155 2734 4201 sunt
2773 4146 2914 4201 ferre
2944 4158 3139 4218 potest,
3180 4164 3443 4221 apparen-

1874 4233 2028 4287 tem?
2087 4235 2282 4288 Lucem
2314 4235 2456 4289 enim
2490 4249 2610 4290 eum
2661 4237 2961 4294 inhabitare
3011 4239 3438 4299 inaccessibilem

1877 4325 2066 4379 beatus
2095 4325 2289 4380 Paulus
2322 4326 2456 4381 dixit
2480 4326 2545 4380 ³¹.

272 4422 410 4473 Τότε
461 4421 741 4491 συνῆκαν
777 4427 829 4477 οἱ
871 4426 1127 4493 μαθηταί
1177 4424 1263 4480 ὅτι
1313 4427 1443 4496 περὶ
1487 4428 1767 4484 Ἰωάννου

1950 4415 2109 4482 XVII,
2153 4417 2237 4471 I3.
2306 4416 2451 4471 Tunc
2493 4417 2860 4474 intellexerunt
2906 4421 3155 4491 discipuli
3206 4426 3330 4494 quia
3379 4423 3443 4479 de

196 4511 301 4565 τοῦ
328 4513 670 4566 Bantia-toi)
702 4510 871 4569 εἶπεν
896 4516 1117 4582 αὐτοῖς.

264 4605 549 4659 Δείκνυσιν
578 4607 607 4657 ὁ
631 4607 861 4675 Χριστὸς
889 4607 1013 4671 τοὺς
1053 4608 1337 4673 Ἰουδαίους
1366 4610 1484 4664 λίαν
1513 4612 1767 4680 ἀγνοοῦν-

195 4711 297 4756 τας
329 4694 427 4757 τάς
472 4695 511 4749 Γ
514 4695 691 4772 ραφάς
712 4736 725 4758 ,
759 4696 818 4761 ἐξ
846 4690 921 4753 ὧν
950 4698 1040 4750 τὸν
1076 4700 1327 4771 Ἰωάννην
1352 4700 1451 4754 οὐκ
1481 4701 1724 4770 ἔγνωσαν
1749 4721 1760 4733 ·

196 4784 446 4835 τουτέστι
487 4783 579 4837 τὸν
626 4784 842 4853 πρῶτον
877 4785 1098 4850 Ἠλίαν,
1141 4787 1232 4839 τὸν
1269 4786 1366 4857 τὴν
1393 4786 1509 4841 ὁδὸν
1548 4790 1768 4859 ἑτοιμά-

197 4892 364 4929 σαντα
394 4876 489 4928 τοῦ
519 4877 725 4947 Κυρίου
746 4895 758 4908 ’
791 4876 850 4930 ὃν
877 4877 1195 4945 ἀγνοοῦντες
1227 4879 1320 4931 καὶ
1349 4880 1767 4944 ἀποκτείναντες

194 4967 281 5019 τὸν
308 4968 399 5020 τοῦ
442 4965 679 5037 Χριστοῦ
710 4967 1029 5041 πρόδρομον,
1063 4968 1156 5022 καὶ
1188 4970 1348 5022 αὑτὸν
1376 4964 1647 5040 ἠγνόησαν
1678 4972 1766 5024 τὸν

196 5059 402 5129 Κύριον
436 5059 533 5112 καὶ
564 5059 888 5115 ἀπέκτειναν
923 5060 1105 5115 αὐτόν.

263 5145 337 5205 Ὦ
372 5152 553 5219 γενεὰ
581 5149 832 5217 ἄπιστος
863 5152 960 5206 καὶ
992 5152 1447 5223 διεστραμμένη,
1489 5155 1596 5219 ἕως
1624 5156 1767 5209 πότε

196 5242 405 5309 ἔσομαι
428 5240 559 5309 μεθ’
583 5240 779 5308 ὺμῶν;
808 5240 918 5305 ἓως
950 5242 1094 5295 πότε
1120 5242 1403 5312 ἀνέξομαι
1439 5244 1640 5313 optim;

267 5332 412 5395 Ἕως
465 5331 621 5397 πότε,
658 5332 811 5403 φησι,
849 5333 1233 5404 συνδιαιτῶμαι
1262 5336 1389 5405 ὑμῖν
1422 5338 1534 5399 τοῖς
1588 5335 1762 5399 οὕτως

261 5511 300 5543 ⁸¹
334 5511 351 5565 l
384 5511 710 5575 Timothm,
745 5510 831 5565 I6.

267 5671 343 5741 (I)
368 5668 479 5724 Pro
514 5667 763 5736 ἐφίεσθαι
790 5667 1037 5736 suspicor
1071 5668 1351 5735 legendum
1380 5667 1686 5736 ἐφικέσθαι.

517 5759 792 5819 ΡΑτιιοι.
841 5758 958 5819 Gn.
1006 5758 1258 5819 LXXII.

1875 4511 2079 4565 Joanne
2112 4510 2353 4577 Baptista
2378 4511 2593 4564 dixisset
2618 4514 2713 4565 eis.

1944 4600 2188 4655 Ostendit
2208 4599 2420 4655 Iudaeos
2446 4601 2498 4655 in
2521 4616 2703 4657 crassa
2736 4613 2790 4657 et
2820 4602 3009 4670 supina
3038 4602 3437 4673 Scripturarum

1876 4692 2213 4763 ignoratione
2248 4692 2452 4759 jacere,
2484 4706 2547 4746 ex
2578 4709 2642 4748 eo
2677 4698 2816 4763 quod
2856 4696 3064 4749 illarum
3110 4696 3306 4751 indicio
3337 4712 3440 4751 non

1880 4785 2193 4855 agnoverint
2240 4781 2519 4847 Joannem,
2552 4784 2654 4839 hoc
2689 4794 2769 4839 est
2821 4788 3053 4856 primum
3101 4788 3290 4851 Eliam,
3320 4802 3441 4843 cum

1880 4876 1968 4943 qui
1998 4875 2135 4928 viam
2168 4873 2374 4927 Domini
2406 4875 2728 4944 praeparavit
2763 4891 2776 4927 :
2810 4891 2916 4946 quo
2962 4876 3071 4947 60
3115 4878 3360 4947 ignorate
3392 4886 3446 4929 et

1878 4964 2160 5019 interiecto
2210 4964 2413 5019 Christi
2467 4980 2832 5034 praecursore,
2890 4983 2955 5023 ne
3001 4970 3173 5035 ipsum
3222 4969 3437 5037 quidem

1875 5066 2206 5126 agnoverunt
2235 5056 2537 5122 Dominum,
2561 5073 2719 5128 quem
2752 5060 2962 5131 tandem
2986 5057 3321 5111 occiderunt.

1945 5146 2106 5214 XVII,
2141 5149 2224 5203 I7.
2252 5146 2296 5202 0
2320 5149 2582 5218 generatio
2608 5148 2876 5202 incredula
2898 5158 2943 5201 et
2963 5164 3221 5217 perversa,
3246 5165 3442 5217 quous-

1872 5254 1970 5306 que
1998 5254 2085 5293 ero
2116 5238 2421 5293 vobiscum?
2450 5255 2708 5309 usquequo
2736 5239 2907 5303 patiar
2932 5241 3059 5293 vos?

1931 5328 2198 5395 Quandiu,
2218 5330 2407 5397 inquit,
2428 5330 2680 5385 vcrsabor
2698 5328 2990 5403 vobiscum,
3010 5328 3079 5382 ita
3098 5326 3450 5397 contumelio‘

3046 5758 3118 5819 14
