  <div class='ocr_page' id='page_1' title='image "/cluster/home/n/w/nwhite01/storage/ocr_20150623/72/pst.000005712731/237.png"; bbox 0 0 3946 6316; ppageno 0'>
   <div class='ocr_carea' id='block_1_1' title="bbox 511 296 616 351">
    <p class='ocr_par' dir='ltr' id='par_1_1' title="bbox 511 296 616 351">
     <span class='ocr_line' id='line_1_1' title="bbox 511 296 616 351; baseline -0.029 0"><span class='ocrx_word' id='word_1_1' title='bbox 511 296 616 351; x_wconf 67' lang='grc' dir='ltr'><strong>ιετ</strong></span> 
     </span>
    </p>
   </div>
   <div class='ocr_carea' id='block_1_2' title="bbox 1497 286 2726 349">
    <p class='ocr_par' dir='ltr' id='par_1_2' title="bbox 1497 286 2726 349">
     <span class='ocr_line' id='line_1_2' title="bbox 1497 286 2726 349; baseline -0.005 0"><span class='ocrx_word' id='word_1_2' title='bbox 1497 293 1553 349; x_wconf 88' lang='lat' dir='ltr'><strong>S.</strong></span> <span class='ocrx_word' id='word_1_3' title='bbox 1605 291 1872 348; x_wconf 71' lang='lat' dir='ltr'><strong>CYRILLI</strong></span> <span class='ocrx_word' id='word_1_4' title='bbox 1914 286 2372 347; x_wconf 68' lang='lat' dir='ltr'><strong>ALEXANDRINI</strong></span> <span class='ocrx_word' id='word_1_5' title='bbox 2410 288 2726 343; x_wconf 79' lang='lat' dir='ltr'><strong>ARCIIIEP.</strong></span> 
     </span>
    </p>
   </div>
   <div class='ocr_carea' id='block_1_3' title="bbox 3632 288 3738 345">
    <p class='ocr_par' dir='ltr' id='par_1_3' title="bbox 3632 288 3738 345">
     <span class='ocr_line' id='line_1_3' title="bbox 3632 288 3738 345; baseline 0.019 -2"><span class='ocrx_word' id='word_1_6' title='bbox 3632 288 3738 345; x_wconf 66' lang='grc' dir='ltr'><strong>4⁸ξὸ</strong></span> 
     </span>
    </p>
   </div>
   <div class='ocr_carea' id='block_1_4' title="bbox 512 402 2070 483">
    <p class='ocr_par' dir='ltr' id='par_1_4' title="bbox 512 410 2070 483">
     <span class='ocr_line' id='line_1_4' title="bbox 512 410 2070 483; baseline -0.004 -14"><span class='ocrx_word' id='word_1_7' title='bbox 512 415 654 469; x_wconf 86' lang='lat' dir='ltr'><strong>siset</strong></span> <span class='ocrx_word' id='word_1_8' title='bbox 675 414 1008 470; x_wconf 77' lang='lat' dir='ltr'><strong>incredulis?</strong></span> <span class='ocrx_word' id='word_1_9' title='bbox 1046 415 1333 469; x_wconf 81' lang='lat' dir='ltr'><strong>ostendens</strong></span> <span class='ocrx_word' id='word_1_10' title='bbox 1363 412 1479 483; x_wconf 75' lang='lat' dir='ltr'><strong>cogi</strong></span> <span class='ocrx_word' id='word_1_11' title='bbox 1521 425 1579 466; x_wconf 88' lang='lat' dir='ltr'><strong>se</strong></span> <span class='ocrx_word' id='word_1_12' title='bbox 1607 426 1706 482; x_wconf 91' lang='lat' dir='ltr'><strong>per</strong></span> <span class='ocrx_word' id='word_1_13' title='bbox 1740 410 2070 482; x_wconf 72' lang='lat' dir='ltr'><strong>praesentiam</strong></span> 
     </span>
    </p>
   </div>
   <div class='ocr_carea' id='block_1_5' title="bbox 2178 402 3735 483">
    <p class='ocr_par' dir='ltr' id='par_1_5' title="bbox 2178 402 3735 477">
     <span class='ocr_line' id='line_1_5' title="bbox 2178 402 3735 477; baseline 0.002 -21"><span class='ocrx_word' id='word_1_14' title='bbox 2178 405 2455 473; x_wconf 77' lang='grc' dir='ltr'>ὑϐρισταῖς</span> <span class='ocrx_word' id='word_1_15' title='bbox 2484 405 2576 458; x_wconf 57' lang='grc' dir='ltr'><strong>καὶ¹</strong></span> <span class='ocrx_word' id='word_1_16' title='bbox 2595 404 2880 467; x_wconf 87' lang='grc' dir='ltr'>ἀπίστοις;</span> <span class='ocrx_word' id='word_1_17' title='bbox 2912 402 3171 457; x_wconf 69' lang='grc' dir='ltr'>δεικνύων</span> <span class='ocrx_word' id='word_1_18' title='bbox 3201 404 3285 460; x_wconf 82' lang='grc' dir='ltr'>ὅτι</span> <span class='ocrx_word' id='word_1_19' title='bbox 3310 404 3341 475; x_wconf 79' lang='grc' dir='ltr'><strong>ἡ</strong></span> <span class='ocrx_word' id='word_1_20' title='bbox 3371 405 3506 475; x_wconf 87' lang='grc' dir='ltr'><strong>μετά</strong></span> <span class='ocrx_word' id='word_1_21' title='bbox 3536 408 3735 477; x_wconf 70' lang='grc' dir='ltr'>σαρκὸς</span> 
     </span>
    </p>
   </div>
   <div class='ocr_carea' id='block_1_6' title="bbox 511 501 2075 573">
    <p class='ocr_par' dir='ltr' id='par_1_6' title="bbox 511 501 2075 573">
     <span class='ocr_line' id='line_1_6' title="bbox 511 501 2075 573; baseline -0.003 -14"><span class='ocrx_word' id='word_1_22' title='bbox 511 506 564 560; x_wconf 86' lang='lat' dir='ltr'><strong>in</strong></span> <span class='ocrx_word' id='word_1_23' title='bbox 600 520 762 561; x_wconf 85' lang='lat' dir='ltr'><strong>carne</strong></span> <span class='ocrx_word' id='word_1_24' title='bbox 787 505 1095 560; x_wconf 73' lang='lat' dir='ltr'><strong>conversari</strong></span> <span class='ocrx_word' id='word_1_25' title='bbox 1127 519 1250 559; x_wconf 91' lang='lat' dir='ltr'><strong>cum</strong></span> <span class='ocrx_word' id='word_1_26' title='bbox 1285 518 1389 559; x_wconf 90' lang='lat' dir='ltr'><strong>non</strong></span> <span class='ocrx_word' id='word_1_27' title='bbox 1418 502 1590 571; x_wconf 86' lang='lat' dir='ltr'><strong>bonis,</strong></span> <span class='ocrx_word' id='word_1_28' title='bbox 1632 514 1693 557; x_wconf 95' lang='lat' dir='ltr'><strong>ut</strong></span> <span class='ocrx_word' id='word_1_29' title='bbox 1722 504 1865 573; x_wconf 87' lang='lat' dir='ltr'><strong>ipsos</strong></span> <span class='ocrx_word' id='word_1_30' title='bbox 1904 501 2075 557; x_wconf 84' lang='lat' dir='ltr'><strong>corri-</strong></span> 
     </span>
    </p>
   </div>
   <div class='ocr_carea' id='block_1_7' title="bbox 509 607 678 666">
    <p class='ocr_par' dir='ltr' id='par_1_7' title="bbox 509 607 678 666">
     <span class='ocr_line' id='line_1_7' title="bbox 509 607 678 666; baseline 0 -14"><span class='ocrx_word' id='word_1_31' title='bbox 509 607 678 666; x_wconf 77' lang='lat' dir='ltr'><strong>geret.</strong></span> 
     </span>
    </p>
   </div>
   <div class='ocr_carea' id='block_1_8' title="bbox 579 682 2073 758">
    <p class='ocr_par' dir='ltr' id='par_1_8' title="bbox 579 682 2073 758">
     <span class='ocr_line' id='line_1_8' title="bbox 579 682 2073 758; baseline -0.004 -15"><span class='ocrx_word' id='word_1_32' title='bbox 579 689 812 743; x_wconf 85' lang='lat' dir='ltr'><strong>lntidelis</strong></span> <span class='ocrx_word' id='word_1_33' title='bbox 835 686 1230 758; x_wconf 79' lang='lat' dir='ltr'><strong>quodammodo</strong></span> <span class='ocrx_word' id='word_1_34' title='bbox 1255 685 1417 741; x_wconf 88' lang='lat' dir='ltr'><strong>etiam</strong></span> <span class='ocrx_word' id='word_1_35' title='bbox 1451 698 1736 756; x_wconf 85' lang='lat' dir='ltr'><strong>perversus</strong></span> <span class='ocrx_word' id='word_1_36' title='bbox 1762 692 1865 748; x_wconf 91' lang='lat' dir='ltr'><strong>est,</strong></span> <span class='ocrx_word' id='word_1_37' title='bbox 1900 682 2073 738; x_wconf 84' lang='lat' dir='ltr'><strong>nullo-</strong></span> 
     </span>
    </p>
   </div>
   <div class='ocr_carea' id='block_1_9' title="bbox 509 776 2074 847">
    <p class='ocr_par' dir='ltr' id='par_1_9' title="bbox 509 776 2074 847">
     <span class='ocr_line' id='line_1_9' title="bbox 509 776 2074 847; baseline -0.004 -14"><span class='ocrx_word' id='word_1_38' title='bbox 509 794 612 847; x_wconf 79' lang='lat' dir='ltr'><strong>que</strong></span> <span class='ocrx_word' id='word_1_39' title='bbox 661 780 820 834; x_wconf 87' lang='lat' dir='ltr'><strong>modo</strong></span> <span class='ocrx_word' id='word_1_40' title='bbox 864 788 1011 833; x_wconf 87' lang='lat' dir='ltr'><strong>recte</strong></span> <span class='ocrx_word' id='word_1_41' title='bbox 1059 792 1219 847; x_wconf 86' lang='lat' dir='ltr'><strong>agere</strong></span> <span class='ocrx_word' id='word_1_42' title='bbox 1249 777 1418 833; x_wconf 81' lang='lat' dir='ltr'><strong>novit.</strong></span> <span class='ocrx_word' id='word_1_43' title='bbox 1473 777 1605 832; x_wconf 87' lang='lat' dir='ltr'><strong>Cum</strong></span> <span class='ocrx_word' id='word_1_44' title='bbox 1637 776 1906 831; x_wconf 76' lang='lat' dir='ltr'><strong>similibus</strong></span> <span class='ocrx_word' id='word_1_45' title='bbox 1942 788 2074 829; x_wconf 77' lang='lat' dir='ltr'><strong>vero</strong></span> 
     </span>
    </p>
   </div>
   <div class='ocr_carea' id='block_1_10' title="bbox 506 867 2077 939">
    <p class='ocr_par' dir='ltr' id='par_1_10' title="bbox 506 867 2077 939">
     <span class='ocr_line' id='line_1_10' title="bbox 506 867 2077 939; baseline -0.003 -15"><span class='ocrx_word' id='word_1_46' title='bbox 506 868 753 925; x_wconf 75' lang='lat' dir='ltr'><strong>Christus</strong></span> <span class='ocrx_word' id='word_1_47' title='bbox 781 882 903 925; x_wconf 85' lang='lat' dir='ltr'><strong>esse</strong></span> <span class='ocrx_word' id='word_1_48' title='bbox 943 870 1281 939; x_wconf 76' lang='lat' dir='ltr'><strong>dedignatur,</strong></span> <span class='ocrx_word' id='word_1_49' title='bbox 1326 878 1383 923; x_wconf 90' lang='lat' dir='ltr'><strong>et</strong></span> <span class='ocrx_word' id='word_1_50' title='bbox 1408 869 1451 922; x_wconf 87' lang='lat' dir='ltr'><strong>si</strong></span> <span class='ocrx_word' id='word_1_51' title='bbox 1482 867 1613 936; x_wconf 91' lang='lat' dir='ltr'><strong>quid</strong></span> <span class='ocrx_word' id='word_1_52' title='bbox 1660 868 1898 921; x_wconf 82' lang='lat' dir='ltr'><strong>humano</strong></span> <span class='ocrx_word' id='word_1_53' title='bbox 1927 878 2077 929; x_wconf 84' lang='lat' dir='ltr'><strong>more</strong></span> 
     </span>
    </p>
   </div>
   <div class='ocr_carea' id='block_1_11' title="bbox 508 957 2075 1025">
    <p class='ocr_par' dir='ltr' id='par_1_11' title="bbox 508 957 2075 1025">
     <span class='ocr_line' id='line_1_11' title="bbox 508 957 2075 1025; baseline -0.003 -9"><span class='ocrx_word' id='word_1_54' title='bbox 508 962 790 1016; x_wconf 91' lang='lat' dir='ltr'><strong>dicendum</strong></span> <span class='ocrx_word' id='word_1_55' title='bbox 830 971 935 1025; x_wconf 89' lang='lat' dir='ltr'><strong>est,</strong></span> <span class='ocrx_word' id='word_1_56' title='bbox 969 960 1300 1025; x_wconf 86' lang='lat' dir='ltr'><strong>contemnit;</strong></span> <span class='ocrx_word' id='word_1_57' title='bbox 1354 974 1458 1013; x_wconf 92' lang='lat' dir='ltr'><strong>non</strong></span> <span class='ocrx_word' id='word_1_58' title='bbox 1489 968 1666 1012; x_wconf 90' lang='lat' dir='ltr'><strong>tamen</strong></span> <span class='ocrx_word' id='word_1_59' title='bbox 1701 959 1803 1011; x_wconf 92' lang='lat' dir='ltr'><strong>hoc</strong></span> <span class='ocrx_word' id='word_1_60' title='bbox 1828 958 1895 1012; x_wconf 88' lang='lat' dir='ltr'><strong>ad</strong></span> <span class='ocrx_word' id='word_1_61' title='bbox 1935 957 2075 1012; x_wconf 89' lang='lat' dir='ltr'><strong>illius</strong></span> 
     </span>
    </p>
   </div>
   <div class='ocr_carea' id='block_1_12' title="bbox 507 1049 2073 1122">
    <p class='ocr_par' dir='ltr' id='par_1_12' title="bbox 507 1049 2073 1122">
     <span class='ocr_line' id='line_1_12' title="bbox 507 1049 2073 1122; baseline -0.003 -16"><span class='ocrx_word' id='word_1_62' title='bbox 507 1066 795 1122; x_wconf 87' lang='lat' dir='ltr'><strong>personam</strong></span> <span class='ocrx_word' id='word_1_63' title='bbox 828 1061 1036 1106; x_wconf 89' lang='lat' dir='ltr'><strong>tantum</strong></span> <span class='ocrx_word' id='word_1_64' title='bbox 1068 1066 1127 1106; x_wconf 88' lang='lat' dir='ltr'><strong>se</strong></span> <span class='ocrx_word' id='word_1_65' title='bbox 1150 1051 1411 1116; x_wconf 86' lang='lat' dir='ltr'><strong>extendit,</strong></span> <span class='ocrx_word' id='word_1_66' title='bbox 1443 1059 1501 1103; x_wconf 92' lang='lat' dir='ltr'><strong>ut</strong></span> <span class='ocrx_word' id='word_1_67' title='bbox 1529 1064 1596 1103; x_wconf 89' lang='lat' dir='ltr'><strong>ne</strong></span> <span class='ocrx_word' id='word_1_68' title='bbox 1641 1049 1911 1103; x_wconf 87' lang='lat' dir='ltr'><strong>hominem</strong></span> <span class='ocrx_word' id='word_1_69' title='bbox 1955 1062 2073 1102; x_wconf 88' lang='lat' dir='ltr'><strong>esse</strong></span> 
     </span>
    </p>
   </div>
   <div class='ocr_carea' id='block_1_13' title="bbox 507 1137 2075 1211">
    <p class='ocr_par' dir='ltr' id='par_1_13' title="bbox 507 1137 2075 1211">
     <span class='ocr_line' id='line_1_13' title="bbox 507 1137 2075 1211; baseline -0.003 -14"><span class='ocrx_word' id='word_1_70' title='bbox 507 1145 740 1211; x_wconf 85' lang='lat' dir='ltr'><strong>dubites,</strong></span> <span class='ocrx_word' id='word_1_71' title='bbox 792 1144 883 1199; x_wconf 86' lang='lat' dir='ltr'><strong>sed</strong></span> <span class='ocrx_word' id='word_1_72' title='bbox 939 1143 1005 1197; x_wconf 86' lang='lat' dir='ltr'><strong>ad</strong></span> <span class='ocrx_word' id='word_1_73' title='bbox 1055 1157 1245 1198; x_wconf 81' lang='lat' dir='ltr'><strong>omnes</strong></span> <span class='ocrx_word' id='word_1_74' title='bbox 1291 1142 1453 1196; x_wconf 88' lang='lat' dir='ltr'><strong>etiam</strong></span> <span class='ocrx_word' id='word_1_75' title='bbox 1505 1140 1739 1195; x_wconf 74' lang='lat' dir='ltr'><strong>Judzeos.</strong></span> <span class='ocrx_word' id='word_1_76' title='bbox 1792 1137 2075 1193; x_wconf 84' lang='lat' dir='ltr'><strong>Probabile</strong></span> 
     </span>
    </p>
   </div>
   <div class='ocr_carea' id='block_1_14' title="bbox 506 1230 2074 1301">
    <p class='ocr_par' dir='ltr' id='par_1_14' title="bbox 506 1230 2074 1301">
     <span class='ocr_line' id='line_1_14' title="bbox 506 1230 2074 1301; baseline -0.004 -12"><span class='ocrx_word' id='word_1_77' title='bbox 506 1235 650 1289; x_wconf 86' lang='lat' dir='ltr'><strong>enim</strong></span> <span class='ocrx_word' id='word_1_78' title='bbox 680 1242 798 1289; x_wconf 85' lang='lat' dir='ltr'><strong>erat</strong></span> <span class='ocrx_word' id='word_1_79' title='bbox 825 1232 1020 1288; x_wconf 87' lang='lat' dir='ltr'><strong>multos</strong></span> <span class='ocrx_word' id='word_1_80' title='bbox 1044 1233 1384 1301; x_wconf 73' lang='lat' dir='ltr'><strong>praesentium</strong></span> <span class='ocrx_word' id='word_1_81' title='bbox 1422 1230 1775 1286; x_wconf 76' lang='lat' dir='ltr'><strong>scandalizari</strong></span> <span class='ocrx_word' id='word_1_82' title='bbox 1802 1243 1863 1283; x_wconf 91' lang='lat' dir='ltr'><strong>ac</strong></span> <span class='ocrx_word' id='word_1_83' title='bbox 1885 1230 2074 1283; x_wconf 87' lang='lat' dir='ltr'><strong>incon-</strong></span> 
     </span>
    </p>
   </div>
   <div class='ocr_carea' id='block_1_15' title="bbox 507 1322 2076 1394">
    <p class='ocr_par' dir='ltr' id='par_1_15' title="bbox 507 1322 2076 1394">
     <span class='ocr_line' id='line_1_15' title="bbox 507 1322 2076 1394; baseline -0.001 -17"><span class='ocrx_word' id='word_1_84' title='bbox 507 1325 773 1380; x_wconf 81' lang='lat' dir='ltr'><strong>venientia</strong></span> <span class='ocrx_word' id='word_1_85' title='bbox 803 1325 1041 1394; x_wconf 89' lang='lat' dir='ltr'><strong>cogitare</strong></span> <span class='ocrx_word' id='word_1_86' title='bbox 1060 1326 1125 1379; x_wconf 91' lang='lat' dir='ltr'><strong>de</strong></span> <span class='ocrx_word' id='word_1_87' title='bbox 1151 1326 1234 1379; x_wconf 90' lang='lat' dir='ltr'><strong>iis.</strong></span> <span class='ocrx_word' id='word_1_88' title='bbox 1269 1323 1399 1380; x_wconf 85' lang='lat' dir='ltr'><strong>Cum</strong></span> <span class='ocrx_word' id='word_1_89' title='bbox 1424 1322 1728 1388; x_wconf 77' lang='lat' dir='ltr'><strong>verodixit,</strong></span> <span class='ocrx_word' id='word_1_90' title='bbox 1756 1323 2076 1390; x_wconf 71' lang='lat' dir='ltr'><strong>«Quousque</strong></span> 
     </span>
    </p>
   </div>
   <div class='ocr_carea' id='block_1_16' title="bbox 506 1411 2076 1482">
    <p class='ocr_par' dir='ltr' id='par_1_16' title="bbox 506 1411 2076 1482">
     <span class='ocr_line' id='line_1_16' title="bbox 506 1411 2076 1482; baseline -0.004 -12"><span class='ocrx_word' id='word_1_91' title='bbox 506 1416 881 1470; x_wconf 87' lang='lat' dir='ltr'><strong>commorabor</strong></span> <span class='ocrx_word' id='word_1_92' title='bbox 928 1415 1243 1469; x_wconf 77' lang='lat' dir='ltr'><strong>vobiscum?</strong></span> <span class='ocrx_word' id='word_1_93' title='bbox 1284 1432 1303 1466; x_wconf 72' lang='grc' dir='ltr'><strong>ι</strong></span> <span class='ocrx_word' id='word_1_94' title='bbox 1340 1415 1408 1469; x_wconf 89' lang='lat' dir='ltr'><strong>ita</strong></span> <span class='ocrx_word' id='word_1_95' title='bbox 1442 1413 1670 1482; x_wconf 81' lang='lat' dir='ltr'><strong>injurias</strong></span> <span class='ocrx_word' id='word_1_96' title='bbox 1718 1411 2076 1467; x_wconf 78' lang='lat' dir='ltr'><strong>inferentibus</strong></span> 
     </span>
    </p>
   </div>
   <div class='ocr_carea' id='block_1_17' title="bbox 508 1499 2076 1572">
    <p class='ocr_par' dir='ltr' id='par_1_17' title="bbox 508 1499 2076 1572">
     <span class='ocr_line' id='line_1_17' title="bbox 508 1499 2076 1572; baseline -0.003 -12"><span class='ocrx_word' id='word_1_97' title='bbox 508 1514 562 1560; x_wconf 93' lang='lat' dir='ltr'><strong>et</strong></span> <span class='ocrx_word' id='word_1_98' title='bbox 634 1505 941 1561; x_wconf 83' lang='lat' dir='ltr'><strong>inﬁdelibus</strong></span> <span class='ocrx_word' id='word_1_99' title='bbox 996 1505 1229 1560; x_wconf 86' lang='lat' dir='ltr'><strong>ostendit</strong></span> <span class='ocrx_word' id='word_1_100' title='bbox 1294 1516 1567 1572; x_wconf 85' lang='lat' dir='ltr'><strong>corporeae</strong></span> <span class='ocrx_word' id='word_1_101' title='bbox 1613 1517 1726 1557; x_wconf 63' lang='lat' dir='ltr'><strong>suae</strong></span> <span class='ocrx_word' id='word_1_102' title='bbox 1777 1499 2076 1572; x_wconf 75' lang='lat' dir='ltr'><strong>praesentia:</strong></span> 
     </span>
    </p>
   </div>
   <div class='ocr_carea' id='block_1_18' title="bbox 509 1591 2072 1665">
    <p class='ocr_par' dir='ltr' id='par_1_18' title="bbox 509 1591 2072 1665">
     <span class='ocr_line' id='line_1_18' title="bbox 509 1591 2072 1665; baseline -0.003 -14"><span class='ocrx_word' id='word_1_103' title='bbox 509 1596 1022 1665; x_wconf 52' lang='lat' dir='ltr'><strong>tempus‘postulare</strong></span> <span class='ocrx_word' id='word_1_104' title='bbox 1050 1604 1109 1651; x_wconf 91' lang='lat' dir='ltr'><strong>ut</strong></span> <span class='ocrx_word' id='word_1_105' title='bbox 1142 1610 1262 1650; x_wconf 92' lang='lat' dir='ltr'><strong>cum</strong></span> <span class='ocrx_word' id='word_1_106' title='bbox 1285 1597 1366 1651; x_wconf 89' lang='lat' dir='ltr'><strong>eis</strong></span> <span class='ocrx_word' id='word_1_107' title='bbox 1401 1602 1786 1661; x_wconf 85' lang='lat' dir='ltr'><strong>commoretur,</strong></span> <span class='ocrx_word' id='word_1_108' title='bbox 1814 1607 1935 1648; x_wconf 93' lang='lat' dir='ltr'><strong>cum</strong></span> <span class='ocrx_word' id='word_1_109' title='bbox 1954 1591 2072 1648; x_wconf 88' lang='lat' dir='ltr'><strong>cle-</strong></span> 
     </span>
    </p>
   </div>
   <div class='ocr_carea' id='block_1_19' title="bbox 506 1683 2075 1754">
    <p class='ocr_par' dir='ltr' id='par_1_19' title="bbox 506 1683 2075 1754">
     <span class='ocr_line' id='line_1_19' title="bbox 506 1683 2075 1754; baseline -0.003 -16"><span class='ocrx_word' id='word_1_110' title='bbox 506 1685 705 1739; x_wconf 85' lang='lat' dir='ltr'><strong>mentia</strong></span> <span class='ocrx_word' id='word_1_111' title='bbox 735 1684 901 1739; x_wconf 87' lang='lat' dir='ltr'><strong>Deum</strong></span> <span class='ocrx_word' id='word_1_112' title='bbox 928 1684 1140 1740; x_wconf 87' lang='lat' dir='ltr'><strong>decenti</strong></span> <span class='ocrx_word' id='word_1_113' title='bbox 1172 1698 1296 1754; x_wconf 88' lang='lat' dir='ltr'><strong>erga</strong></span> <span class='ocrx_word' id='word_1_114' title='bbox 1321 1698 1417 1739; x_wconf 91' lang='lat' dir='ltr'><strong>eos</strong></span> <span class='ocrx_word' id='word_1_115' title='bbox 1438 1683 1531 1752; x_wconf 92' lang='lat' dir='ltr'><strong>qui</strong></span> <span class='ocrx_word' id='word_1_116' title='bbox 1558 1683 1683 1740; x_wconf 88' lang='lat' dir='ltr'><strong>boni</strong></span> <span class='ocrx_word' id='word_1_117' title='bbox 1716 1696 1821 1736; x_wconf 90' lang='lat' dir='ltr'><strong>non</strong></span> <span class='ocrx_word' id='word_1_118' title='bbox 1844 1688 1991 1747; x_wconf 81' lang='lat' dir='ltr'><strong>sunt,</strong></span> <span class='ocrx_word' id='word_1_119' title='bbox 2017 1688 2075 1734; x_wconf 89' lang='lat' dir='ltr'><strong>ut</strong></span> 
     </span>
    </p>
   </div>
   <div class='ocr_carea' id='block_1_20' title="bbox 2174 490 3737 565">
    <p class='ocr_par' dir='ltr' id='par_1_20' title="bbox 2174 490 3737 565">
     <span class='ocr_line' id='line_1_20' title="bbox 2174 490 3737 565; baseline 0.001 -18"><span class='ocrx_word' id='word_1_120' title='bbox 2174 494 2441 565; x_wconf 83' lang='grc' dir='ltr'>παρουσία</span> <span class='ocrx_word' id='word_1_121' title='bbox 2472 490 2636 545; x_wconf 79' lang='grc' dir='ltr'>αὐτοῦ</span> <span class='ocrx_word' id='word_1_122' title='bbox 2664 491 2971 562; x_wconf 79' lang='grc' dir='ltr'>ἠνάγκασεν</span> <span class='ocrx_word' id='word_1_123' title='bbox 3016 491 3178 545; x_wconf 79' lang='grc' dir='ltr'>αὑτὸν</span> <span class='ocrx_word' id='word_1_124' title='bbox 3207 493 3737 563; x_wconf 79' lang='grc' dir='ltr'><strong>συναναστρέφεσθαι</strong></span> 
     </span>
    </p>
   </div>
   <div class='ocr_carea' id='block_1_21' title="bbox 2169 579 3441 651">
    <p class='ocr_par' dir='ltr' id='par_1_21' title="bbox 2169 579 3441 651">
     <span class='ocr_line' id='line_1_21' title="bbox 2169 579 3441 651; baseline 0.001 -16"><span class='ocrx_word' id='word_1_125' title='bbox 2169 585 2283 645; x_wconf 88' lang='grc' dir='ltr'>τοῖς</span> <span class='ocrx_word' id='word_1_126' title='bbox 2313 583 2413 634; x_wconf 80' lang='grc' dir='ltr'><strong>οὐκ</strong></span> <span class='ocrx_word' id='word_1_127' title='bbox 2443 581 2684 649; x_wconf 83' lang='grc' dir='ltr'><strong>ἀγαθοῖς,</strong></span> <span class='ocrx_word' id='word_1_128' title='bbox 2718 580 2806 635; x_wconf 86' lang='grc' dir='ltr'><strong>ἴνα</strong></span> <span class='ocrx_word' id='word_1_129' title='bbox 2833 579 3194 651; x_wconf 83' lang='grc' dir='ltr'>διορθώσηται</span> <span class='ocrx_word' id='word_1_130' title='bbox 3223 581 3441 645; x_wconf 82' lang='grc' dir='ltr'>αὐτούς.</span> 
     </span>
    </p>
   </div>
   <div class='ocr_carea' id='block_1_22' title="bbox 2251 671 3738 742">
    <p class='ocr_par' dir='ltr' id='par_1_22' title="bbox 2251 671 3738 742">
     <span class='ocr_line' id='line_1_22' title="bbox 2251 671 3738 742; baseline 0.001 -16"><span class='ocrx_word' id='word_1_131' title='bbox 2251 674 2311 726; x_wconf 86' lang='lat'><strong>&#39;0</strong></span> <span class='ocrx_word' id='word_1_132' title='bbox 2336 673 2560 737; x_wconf 82' lang='grc' dir='ltr'>ἄπιστος</span> <span class='ocrx_word' id='word_1_133' title='bbox 2584 671 2734 725; x_wconf 78' lang='grc' dir='ltr'>ἔσται</span> <span class='ocrx_word' id='word_1_134' title='bbox 2764 688 2867 724; x_wconf 89' lang='grc' dir='ltr'><strong>που</strong></span> <span class='ocrx_word' id='word_1_135' title='bbox 2893 672 2986 725; x_wconf 73' lang='grc' dir='ltr'>καὶ</span> <span class='ocrx_word' id='word_1_136' title='bbox 3013 672 3464 742; x_wconf 77' lang='grc' dir='ltr'>διεστραμμένος,</span> <span class='ocrx_word' id='word_1_137' title='bbox 3491 674 3589 728; x_wconf 76' lang='grc' dir='ltr'><strong>καὶ</strong></span> <span class='ocrx_word' id='word_1_138' title='bbox 3608 677 3738 729; x_wconf 85' lang='grc' dir='ltr'>κατ’</span> 
     </span>
    </p>
   </div>
   <div class='ocr_carea' id='block_1_23' title="bbox 2168 761 3739 833">
    <p class='ocr_par' dir='ltr' id='par_1_23' title="bbox 2168 761 3739 833">
     <span class='ocr_line' id='line_1_23' title="bbox 2168 761 3739 833; baseline 0.001 -15"><span class='ocrx_word' id='word_1_139' title='bbox 2168 763 2359 818; x_wconf 80' lang='grc' dir='ltr'>οὐδένα</span> <span class='ocrx_word' id='word_1_140' title='bbox 2386 763 2583 833; x_wconf 85' lang='grc' dir='ltr'>τρόπον</span> <span class='ocrx_word' id='word_1_141' title='bbox 2605 761 2913 832; x_wconf 86' lang='grc' dir='ltr'>ὀρθοποδεῖν</span> <span class='ocrx_word' id='word_1_142' title='bbox 2937 762 3111 825; x_wconf 78' lang='grc' dir='ltr'>εἰδώς.</span> <span class='ocrx_word' id='word_1_143' title='bbox 3129 764 3255 825; x_wconf 82' lang='grc' dir='ltr'>Τοῖς</span> <span class='ocrx_word' id='word_1_144' title='bbox 3274 764 3331 817; x_wconf 82' lang='grc' dir='ltr'>δὲ</span> <span class='ocrx_word' id='word_1_145' title='bbox 3353 765 3620 828; x_wconf 80' lang='grc' dir='ltr'><strong>τοιούτοις</strong></span> <span class='ocrx_word' id='word_1_146' title='bbox 3644 768 3739 820; x_wconf 80' lang='grc' dir='ltr'>οὒκ</span> 
     </span>
    </p>
   </div>
   <div class='ocr_carea' id='block_1_24' title="bbox 2171 850 3738 925">
    <p class='ocr_par' dir='ltr' id='par_1_24' title="bbox 2171 850 3738 925">
     <span class='ocr_line' id='line_1_24' title="bbox 2171 850 3738 925; baseline 0 -19"><span class='ocrx_word' id='word_1_147' title='bbox 2171 852 2313 917; x_wconf 78' lang='grc' dir='ltr'>ἀξιοῖ</span> <span class='ocrx_word' id='word_1_148' title='bbox 2339 854 2573 905; x_wconf 88' lang='grc' dir='ltr'>συνεῖναι</span> <span class='ocrx_word' id='word_1_149' title='bbox 2603 852 2632 903; x_wconf 99' lang='lat'><strong>6</strong></span> <span class='ocrx_word' id='word_1_150' title='bbox 2664 851 2916 921; x_wconf 80' lang='grc' dir='ltr'>Χριστὸς,</span> <span class='ocrx_word' id='word_1_151' title='bbox 2951 850 3063 903; x_wconf 84' lang='grc' dir='ltr'>ἀλλ’</span> <span class='ocrx_word' id='word_1_152' title='bbox 3096 853 3144 903; x_wconf 88' lang='grc' dir='ltr'><strong>εί</strong></span> <span class='ocrx_word' id='word_1_153' title='bbox 3171 853 3275 923; x_wconf 87' lang='grc' dir='ltr'><strong>χρή</strong></span> <span class='ocrx_word' id='word_1_154' title='bbox 3305 870 3357 905; x_wconf 89' lang='grc' dir='ltr'><strong>τι</strong></span> <span class='ocrx_word' id='word_1_155' title='bbox 3391 854 3500 906; x_wconf 85' lang='grc' dir='ltr'><strong>τῶν</strong></span> <span class='ocrx_word' id='word_1_156' title='bbox 3528 854 3738 925; x_wconf 87' lang='grc' dir='ltr'>ἀνθρω-</span> 
     </span>
    </p>
   </div>
   <div class='ocr_carea' id='block_1_25' title="bbox 2173 941 3739 1012">
    <p class='ocr_par' dir='ltr' id='par_1_25' title="bbox 2173 941 3739 1012">
     <span class='ocr_line' id='line_1_25' title="bbox 2173 941 3739 1012; baseline 0.002 -15"><span class='ocrx_word' id='word_1_157' title='bbox 2173 944 2342 997; x_wconf 85' lang='grc' dir='ltr'>πίνων</span> <span class='ocrx_word' id='word_1_158' title='bbox 2394 944 2588 1006; x_wconf 75' lang='grc' dir='ltr'>εἰπεῖν,</span> <span class='ocrx_word' id='word_1_159' title='bbox 2639 942 2923 1012; x_wconf 82' lang='grc' dir='ltr'>ὀλιγωρεῖ·</span> <span class='ocrx_word' id='word_1_160' title='bbox 2977 941 3117 1012; x_wconf 81' lang='grc' dir='ltr'>πλὴν</span> <span class='ocrx_word' id='word_1_161' title='bbox 3164 943 3264 996; x_wconf 83' lang='grc' dir='ltr'><strong>οὑκ</strong></span> <span class='ocrx_word' id='word_1_162' title='bbox 3315 945 3397 1007; x_wconf 87' lang='grc' dir='ltr'><strong>είς</strong></span> <span class='ocrx_word' id='word_1_163' title='bbox 3439 946 3501 997; x_wconf 81' lang='grc' dir='ltr'><strong>τὸ</strong></span> <span class='ocrx_word' id='word_1_164' title='bbox 3552 946 3739 1000; x_wconf 78' lang='grc' dir='ltr'>τούτου</span> 
     </span>
    </p>
   </div>
   <div class='ocr_carea' id='block_1_26' title="bbox 2172 1027 3739 1108">
    <p class='ocr_par' dir='ltr' id='par_1_26' title="bbox 2172 1027 3739 1108">
     <span class='ocr_line' id='line_1_26' title="bbox 2172 1027 3739 1108; baseline 0.003 -22"><span class='ocrx_word' id='word_1_165' title='bbox 2172 1034 2462 1103; x_wconf 88' lang='grc' dir='ltr'>πρόσωπον</span> <span class='ocrx_word' id='word_1_166' title='bbox 2497 1027 2636 1087; x_wconf 73' lang='grc' dir='ltr'>εἶναι</span> <span class='ocrx_word' id='word_1_167' title='bbox 2678 1034 2839 1101; x_wconf 91' lang='grc' dir='ltr'>μόνον</span> <span class='ocrx_word' id='word_1_168' title='bbox 2874 1031 3234 1097; x_wconf 80' lang='grc' dir='ltr'>ἀποτείνεται,</span> <span class='ocrx_word' id='word_1_169' title='bbox 3269 1034 3352 1086; x_wconf 83' lang='grc' dir='ltr'><strong>ἵνα</strong></span> <span class='ocrx_word' id='word_1_170' title='bbox 3386 1035 3459 1104; x_wconf 85' lang='grc' dir='ltr'>μὴ</span> <span class='ocrx_word' id='word_1_171' title='bbox 3490 1036 3739 1108; x_wconf 74' lang='grc' dir='ltr'>ἀπορήσῃ</span> 
     </span>
    </p>
   </div>
   <div class='ocr_carea' id='block_1_27' title="bbox 2169 1120 3733 1197">
    <p class='ocr_par' dir='ltr' id='par_1_27' title="bbox 2169 1120 3733 1197">
     <span class='ocr_line' id='line_1_27' title="bbox 2169 1120 3733 1197; baseline 0.002 -22"><span class='ocrx_word' id='word_1_172' title='bbox 2169 1125 2259 1175; x_wconf 84' lang='grc' dir='ltr'><strong>τὸν</strong></span> <span class='ocrx_word' id='word_1_173' title='bbox 2300 1122 2604 1193; x_wconf 82' lang='grc' dir='ltr'>ἄνθρωπον,</span> <span class='ocrx_word' id='word_1_174' title='bbox 2641 1120 2755 1175; x_wconf 87' lang='grc' dir='ltr'>ἀλλ’</span> <span class='ocrx_word' id='word_1_175' title='bbox 2782 1123 2861 1184; x_wconf 83' lang='grc' dir='ltr'><strong>είς</strong></span> <span class='ocrx_word' id='word_1_176' title='bbox 2894 1121 3104 1185; x_wconf 85' lang='grc' dir='ltr'>πάντας</span> <span class='ocrx_word' id='word_1_177' title='bbox 3140 1123 3448 1188; x_wconf 83' lang='grc' dir='ltr'>Ἰουδαίους.</span> <span class='ocrx_word' id='word_1_178' title='bbox 3492 1127 3601 1179; x_wconf 80' lang='grc' dir='ltr'>Καὶ</span> <span class='ocrx_word' id='word_1_179' title='bbox 3630 1127 3733 1197; x_wconf 84' lang='grc' dir='ltr'>γὰρ</span> 
     </span>
    </p>
   </div>
   <div class='ocr_carea' id='block_1_28' title="bbox 2169 1212 3735 1285">
    <p class='ocr_par' dir='ltr' id='par_1_28' title="bbox 2169 1212 3735 1285">
     <span class='ocr_line' id='line_1_28' title="bbox 2169 1212 3735 1285; baseline 0.004 -20"><span class='ocrx_word' id='word_1_180' title='bbox 2169 1214 2314 1277; x_wconf 76' lang='grc' dir='ltr'>εἰκὸς</span> <span class='ocrx_word' id='word_1_181' title='bbox 2340 1214 2565 1276; x_wconf 81' lang='grc' dir='ltr'>πολλοὺς</span> <span class='ocrx_word' id='word_1_182' title='bbox 2592 1212 2701 1266; x_wconf 85' lang='grc' dir='ltr'><strong>τῶν</strong></span> <span class='ocrx_word' id='word_1_183' title='bbox 2731 1212 3013 1282; x_wconf 83' lang='grc' dir='ltr'>παρόντων</span> <span class='ocrx_word' id='word_1_184' title='bbox 3041 1214 3515 1285; x_wconf 61' lang='grc' dir='ltr'>σκανὼλισθῆναι,</span> <span class='ocrx_word' id='word_1_185' title='bbox 3544 1219 3641 1270; x_wconf 80' lang='grc' dir='ltr'>καὶ</span> <span class='ocrx_word' id='word_1_186' title='bbox 3670 1218 3735 1271; x_wconf 81' lang='grc' dir='ltr'>τὰ</span> 
     </span>
    </p>
   </div>
   <div class='ocr_carea' id='block_1_29' title="bbox 2174 1303 3738 1381">
    <p class='ocr_par' dir='ltr' id='par_1_29' title="bbox 2174 1303 3738 1381">
     <span class='ocr_line' id='line_1_29' title="bbox 2174 1303 3738 1381; baseline 0.006 -27"><span class='ocrx_word' id='word_1_187' title='bbox 2174 1304 2248 1375; x_wconf 78' lang='grc' dir='ltr'>μὴ</span> <span class='ocrx_word' id='word_1_188' title='bbox 2275 1305 2618 1374; x_wconf 86' lang='grc' dir='ltr'>προσήκοντα</span> <span class='ocrx_word' id='word_1_189' title='bbox 2646 1303 2892 1371; x_wconf 85' lang='grc' dir='ltr'>ἐννοῆσαι</span> <span class='ocrx_word' id='word_1_190' title='bbox 2931 1303 3060 1373; x_wconf 76' lang='grc' dir='ltr'>περὶ</span> <span class='ocrx_word' id='word_1_191' title='bbox 3095 1305 3472 1361; x_wconf 84' lang='grc' dir='ltr'>αὐτῶν.”οταν</span> <span class='ocrx_word' id='word_1_192' title='bbox 3500 1309 3558 1362; x_wconf 84' lang='grc' dir='ltr'><strong>δὲ</strong></span> <span class='ocrx_word' id='word_1_193' title='bbox 3591 1310 3738 1381; x_wconf 80' lang='grc' dir='ltr'>εἴπῃ,</span> 
     </span>
    </p>
   </div>
   <div class='ocr_carea' id='block_1_30' title="bbox 2168 1394 3745 1467">
    <p class='ocr_par' dir='ltr' id='par_1_30' title="bbox 2168 1394 3745 1467">
     <span class='ocr_line' id='line_1_30' title="bbox 2168 1394 3745 1467; baseline 0.003 -19"><span class='ocrx_word' id='word_1_194' title='bbox 2168 1396 2250 1449; x_wconf 81' lang='grc' dir='ltr'>ὅτι</span> <span class='ocrx_word' id='word_1_195' title='bbox 2301 1394 2474 1458; x_wconf 77' lang='grc' dir='ltr'>(Ἕως</span> <span class='ocrx_word' id='word_1_196' title='bbox 2522 1394 2651 1447; x_wconf 86' lang='grc' dir='ltr'>πότε</span> <span class='ocrx_word' id='word_1_197' title='bbox 2698 1394 3085 1465; x_wconf 82' lang='grc' dir='ltr'>συνδιαιτῶμαι</span> <span class='ocrx_word' id='word_1_198' title='bbox 3130 1397 3296 1467; x_wconf 82' lang='grc' dir='ltr'>ὑμῖν;</span> <span class='ocrx_word' id='word_1_199' title='bbox 3341 1416 3361 1449; x_wconf 73' lang='grc' dir='ltr'><strong>ι</strong></span> <span class='ocrx_word' id='word_1_200' title='bbox 3410 1401 3524 1463; x_wconf 86' lang='grc' dir='ltr'>τοῖς</span> <span class='ocrx_word' id='word_1_201' title='bbox 3573 1400 3745 1465; x_wconf 75' lang='grc' dir='ltr'>οὕτως</span> 
     </span>
    </p>
   </div>
   <div class='ocr_carea' id='block_1_31' title="bbox 2172 1470 3744 1562">
    <p class='ocr_par' dir='ltr' id='par_1_31' title="bbox 2172 1470 3744 1562">
     <span class='ocr_line' id='line_1_31' title="bbox 2172 1470 3744 1562; baseline 0.003 -21"><span class='ocrx_word' id='word_1_202' title='bbox 2172 1470 2449 1556; x_wconf 69' lang='grc' dir='ltr'>ὑϐρίζουσι</span> <span class='ocrx_word' id='word_1_203' title='bbox 2478 1487 2570 1541; x_wconf 77' lang='grc' dir='ltr'>καὶ</span> <span class='ocrx_word' id='word_1_204' title='bbox 2604 1486 2850 1549; x_wconf 86' lang='grc' dir='ltr'>ἀπίστοις</span> <span class='ocrx_word' id='word_1_205' title='bbox 2872 1486 3143 1557; x_wconf 77' lang='grc' dir='ltr'>δείκνυσιν</span> <span class='ocrx_word' id='word_1_206' title='bbox 3174 1489 3256 1541; x_wconf 82' lang='grc' dir='ltr'><strong>ὅτι</strong></span> <span class='ocrx_word' id='word_1_207' title='bbox 3283 1491 3309 1542; x_wconf 88' lang='lat'><strong>6</strong></span> <span class='ocrx_word' id='word_1_208' title='bbox 3343 1490 3445 1560; x_wconf 81' lang='grc' dir='ltr'>τῆς</span> <span class='ocrx_word' id='word_1_209' title='bbox 3475 1492 3744 1562; x_wconf 84' lang='grc' dir='ltr'>ἐνσάρκου</span> 
     </span>
    </p>
   </div>
   <div class='ocr_carea' id='block_1_32' title="bbox 2171 1576 3744 1653">
    <p class='ocr_par' dir='ltr' id='par_1_32' title="bbox 2171 1576 3744 1653">
     <span class='ocr_line' id='line_1_32' title="bbox 2171 1576 3744 1653; baseline 0.002 -20"><span class='ocrx_word' id='word_1_210' title='bbox 2171 1577 2472 1648; x_wconf 84' lang='grc' dir='ltr'>παρουσίας</span> <span class='ocrx_word' id='word_1_211' title='bbox 2514 1576 2705 1648; x_wconf 79' lang='grc' dir='ltr'>καιρὸς</span> <span class='ocrx_word' id='word_1_212' title='bbox 2739 1576 2935 1647; x_wconf 78' lang='grc' dir='ltr'>ἀπῄτει</span> <span class='ocrx_word' id='word_1_213' title='bbox 2966 1578 3129 1631; x_wconf 72' lang='grc' dir='ltr'>αὑτὸν</span> <span class='ocrx_word' id='word_1_214' title='bbox 3160 1579 3569 1635; x_wconf 76' lang='grc' dir='ltr'>συνδιαιτᾶσθαι</span> <span class='ocrx_word' id='word_1_215' title='bbox 3608 1584 3744 1653; x_wconf 87' lang='grc' dir='ltr'><strong>μετά</strong></span> 
     </span>
    </p>
   </div>
   <div class='ocr_carea' id='block_1_33' title="bbox 2173 1664 3742 1738">
    <p class='ocr_par' dir='ltr' id='par_1_33' title="bbox 2173 1664 3742 1738">
     <span class='ocr_line' id='line_1_33' title="bbox 2173 1664 3742 1738; baseline 0.003 -17"><span class='ocrx_word' id='word_1_216' title='bbox 2173 1664 2504 1738; x_wconf 76' lang='grc' dir='ltr'>θεοπρεποῦς</span> <span class='ocrx_word' id='word_1_217' title='bbox 2532 1666 2868 1736; x_wconf 79' lang='grc' dir='ltr'>ἡμερότητος</span> <span class='ocrx_word' id='word_1_218' title='bbox 2891 1669 3005 1731; x_wconf 87' lang='grc' dir='ltr'>τοῖς</span> <span class='ocrx_word' id='word_1_219' title='bbox 3032 1668 3130 1722; x_wconf 78' lang='grc' dir='ltr'><strong>οὐκ</strong></span> <span class='ocrx_word' id='word_1_220' title='bbox 3151 1669 3397 1737; x_wconf 83' lang='grc' dir='ltr'>ἀγαθοῖς,</span> <span class='ocrx_word' id='word_1_221' title='bbox 3427 1672 3517 1726; x_wconf 78' lang='grc' dir='ltr'><strong>ἵνα</strong></span> <span class='ocrx_word' id='word_1_222' title='bbox 3541 1674 3742 1737; x_wconf 81' lang='grc' dir='ltr'>αὐτοὺς</span> 
     </span>
    </p>
   </div>
   <div class='ocr_carea' id='block_1_34' title="bbox 506 1745 2070 1846">
    <p class='ocr_par' dir='ltr' id='par_1_34' title="bbox 506 1745 2070 1846">
     <span class='ocr_line' id='line_1_34' title="bbox 506 1745 2070 1846; baseline -0.004 -14"><span class='ocrx_word' id='word_1_223' title='bbox 506 1791 603 1832; x_wconf 85' lang='lat' dir='ltr'><strong>eos</strong></span> <span class='ocrx_word' id='word_1_224' title='bbox 634 1791 730 1846; x_wconf 88' lang='lat' dir='ltr'><strong>per</strong></span> <span class='ocrx_word' id='word_1_225' title='bbox 752 1791 816 1831; x_wconf 87' lang='lat' dir='ltr'><strong>ea</strong></span> <span class='ocrx_word' id='word_1_226' title='bbox 846 1791 966 1846; x_wconf 59' lang='lat' dir='ltr'><strong>quae</strong></span> <span class='ocrx_word' id='word_1_227' title='bbox 1006 1776 1135 1830; x_wconf 79' lang='lat' dir='ltr'><strong>facit</strong></span> <span class='ocrx_word' id='word_1_228' title='bbox 1175 1745 1454 1846; x_wconf 61' lang='lat' dir='ltr'><strong>corrigat:</strong></span> <span class='ocrx_word' id='word_1_229' title='bbox 1489 1774 1723 1829; x_wconf 82' lang='lat' dir='ltr'><strong>ostendit</strong></span> <span class='ocrx_word' id='word_1_230' title='bbox 1749 1773 1855 1843; x_wconf 74' lang='lat'><strong>61</strong></span> <span class='ocrx_word' id='word_1_231' title='bbox 1894 1782 2070 1826; x_wconf 88' lang='lat' dir='ltr'><strong>autem</strong></span> 
     </span>
    </p>
   </div>
   <div class='ocr_carea' id='block_1_35' title="bbox 2178 1745 3745 1846">
    <p class='ocr_par' dir='ltr' id='par_1_35' title="bbox 2178 1752 3745 1829">
     <span class='ocr_line' id='line_1_35' title="bbox 2178 1752 3745 1829; baseline 0.004 -17"><span class='ocrx_word' id='word_1_232' title='bbox 2178 1758 2237 1812; x_wconf 78' lang='grc' dir='ltr'>δι’</span> <span class='ocrx_word' id='word_1_233' title='bbox 2265 1752 2339 1813; x_wconf 79' lang='grc' dir='ltr'>ὧν</span> <span class='ocrx_word' id='word_1_234' title='bbox 2371 1758 2515 1827; x_wconf 83' lang='grc' dir='ltr'>ποιεί</span> <span class='ocrx_word' id='word_1_235' title='bbox 2551 1757 2907 1829; x_wconf 80' lang='grc' dir='ltr'>διορθώσηται</span> <span class='ocrx_word' id='word_1_236' title='bbox 2929 1774 2945 1791; x_wconf 77' lang='grc' dir='ltr'><strong><em>ο</em></strong></span> <span class='ocrx_word' id='word_1_237' title='bbox 2974 1758 3213 1813; x_wconf 86' lang='grc' dir='ltr'>δείκνυσι</span> <span class='ocrx_word' id='word_1_238' title='bbox 3243 1761 3300 1815; x_wconf 87' lang='grc' dir='ltr'><strong>δέ</strong></span> <span class='ocrx_word' id='word_1_239' title='bbox 3339 1763 3434 1816; x_wconf 74' lang='grc' dir='ltr'><strong>καὶ</strong></span> <span class='ocrx_word' id='word_1_240' title='bbox 3465 1765 3745 1818; x_wconf 74' lang='grc' dir='ltr'>ἀσπαστὸν</span> 
     </span>
    </p>
   </div>
   <div class='ocr_carea' id='block_1_36' title="bbox 504 1866 2072 1937">
    <p class='ocr_par' dir='ltr' id='par_1_36' title="bbox 504 1866 2072 1937">
     <span class='ocr_line' id='line_1_36' title="bbox 504 1866 2072 1937; baseline -0.001 -14"><span class='ocrx_word' id='word_1_241' title='bbox 504 1877 780 1937; x_wconf 76' lang='lat' dir='ltr'><strong>acceptam</strong></span> <span class='ocrx_word' id='word_1_242' title='bbox 805 1868 905 1923; x_wconf 83' lang='lat' dir='ltr'><strong>sibi</strong></span> <span class='ocrx_word' id='word_1_243' title='bbox 930 1870 1099 1923; x_wconf 18' lang='lat' dir='ltr'><strong>etiam.</strong></span> <span class='ocrx_word' id='word_1_244' title='bbox 1118 1881 1238 1923; x_wconf 87' lang='lat' dir='ltr'><strong>esse</strong></span> <span class='ocrx_word' id='word_1_245' title='bbox 1263 1876 1515 1933; x_wconf 77' lang='lat' dir='ltr'><strong>mortem,</strong></span> <span class='ocrx_word' id='word_1_246' title='bbox 1539 1876 1593 1921; x_wconf 90' lang='lat' dir='ltr'><strong>et</strong></span> <span class='ocrx_word' id='word_1_247' title='bbox 1614 1881 1672 1923; x_wconf 89' lang='lat' dir='ltr'><strong>se</strong></span> <span class='ocrx_word' id='word_1_248' title='bbox 1692 1866 1832 1922; x_wconf 88' lang='lat' dir='ltr'><strong>hanc</strong></span> <span class='ocrx_word' id='word_1_249' title='bbox 1853 1880 2072 1935; x_wconf 88' lang='lat' dir='ltr'><strong>cupere,</strong></span> 
     </span>
    </p>
   </div>
   <div class='ocr_carea' id='block_1_37' title="bbox 506 1955 2071 2028">
    <p class='ocr_par' dir='ltr' id='par_1_37' title="bbox 506 1955 2071 2028">
     <span class='ocr_line' id='line_1_37' title="bbox 506 1955 2071 2028; baseline -0.001 -17"><span class='ocrx_word' id='word_1_250' title='bbox 506 1959 916 2028; x_wconf 85' lang='lat' dir='ltr'><strong>discessumque</strong></span> <span class='ocrx_word' id='word_1_251' title='bbox 966 1958 1310 2025; x_wconf 88' lang='lat' dir='ltr'><strong>desiderare;</strong></span> <span class='ocrx_word' id='word_1_252' title='bbox 1351 1972 1525 2027; x_wconf 89' lang='lat' dir='ltr'><strong>neque</strong></span> <span class='ocrx_word' id='word_1_253' title='bbox 1571 1965 1677 2012; x_wconf 88' lang='lat' dir='ltr'><strong>tam</strong></span> <span class='ocrx_word' id='word_1_254' title='bbox 1727 1957 1875 2011; x_wconf 90' lang='lat' dir='ltr'><strong>cruci</strong></span> <span class='ocrx_word' id='word_1_255' title='bbox 1908 1955 2071 2027; x_wconf 81' lang='lat' dir='ltr'><strong>afﬁgi,</strong></span> 
     </span>
    </p>
   </div>
   <div class='ocr_carea' id='block_1_38' title="bbox 502 2042 2074 2114">
    <p class='ocr_par' dir='ltr' id='par_1_38' title="bbox 502 2042 2074 2114">
     <span class='ocr_line' id='line_1_38' title="bbox 502 2042 2074 2114; baseline -0.003 -15"><span class='ocrx_word' id='word_1_256' title='bbox 502 2061 665 2114; x_wconf 75' lang='lat' dir='ltr'><strong>quam</strong></span> <span class='ocrx_word' id='word_1_257' title='bbox 685 2062 806 2101; x_wconf 89' lang='lat' dir='ltr'><strong>cum</strong></span> <span class='ocrx_word' id='word_1_258' title='bbox 837 2048 917 2100; x_wconf 88' lang='lat' dir='ltr'><strong>eis</strong></span> <span class='ocrx_word' id='word_1_259' title='bbox 941 2046 1149 2101; x_wconf 78' lang='lat' dir='ltr'><strong>versari</strong></span> <span class='ocrx_word' id='word_1_260' title='bbox 1175 2045 1277 2099; x_wconf 89' lang='lat' dir='ltr'><strong>sibi</strong></span> <span class='ocrx_word' id='word_1_261' title='bbox 1315 2058 1437 2100; x_wconf 87' lang='lat' dir='ltr'><strong>esse</strong></span> <span class='ocrx_word' id='word_1_262' title='bbox 1461 2058 1623 2113; x_wconf 83' lang='lat' dir='ltr'><strong>grave</strong></span> <span class='ocrx_word' id='word_1_263' title='bbox 1646 2057 1786 2097; x_wconf 87' lang='lat' dir='ltr'><strong>:non</strong></span> <span class='ocrx_word' id='word_1_264' title='bbox 1816 2051 1991 2096; x_wconf 89' lang='lat' dir='ltr'><strong>tamen</strong></span> <span class='ocrx_word' id='word_1_265' title='bbox 2016 2042 2074 2095; x_wconf 85' lang='lat' dir='ltr'><strong>in</strong></span> 
     </span>
    </p>
   </div>
   <div class='ocr_carea' id='block_1_39' title="bbox 503 2130 2076 2202">
    <p class='ocr_par' dir='ltr' id='par_1_39' title="bbox 503 2130 2076 2202">
     <span class='ocr_line' id='line_1_39' title="bbox 503 2130 2076 2202; baseline -0.003 -12"><span class='ocrx_word' id='word_1_266' title='bbox 503 2136 652 2190; x_wconf 83' lang='lat' dir='ltr'><strong>hisce</strong></span> <span class='ocrx_word' id='word_1_267' title='bbox 669 2135 987 2192; x_wconf 86' lang='lat' dir='ltr'><strong>criminibus</strong></span> <span class='ocrx_word' id='word_1_268' title='bbox 1008 2134 1147 2191; x_wconf 89' lang='lat' dir='ltr'><strong>stitit</strong></span> <span class='ocrx_word' id='word_1_269' title='bbox 1163 2150 1485 2190; x_wconf 86' lang='lat' dir='ltr'><strong>sermonem.</strong></span> <span class='ocrx_word' id='word_1_270' title='bbox 1512 2135 1580 2187; x_wconf 87' lang='lat' dir='ltr'><strong>At</strong></span> <span class='ocrx_word' id='word_1_271' title='bbox 1597 2133 1724 2202; x_wconf 89' lang='lat' dir='ltr'><strong>quid</strong></span> <span class='ocrx_word' id='word_1_272' title='bbox 1741 2131 1852 2186; x_wconf 82' lang='lat' dir='ltr'><strong>ait?</strong></span> <span class='ocrx_word' id='word_1_273' title='bbox 1874 2149 1892 2183; x_wconf 80' lang='grc' dir='ltr'><strong>ι</strong></span> <span class='ocrx_word' id='word_1_274' title='bbox 1916 2130 2076 2186; x_wconf 88' lang='lat' dir='ltr'><strong>Ferte</strong></span> 
     </span>
    </p>
   </div>
   <div class='ocr_carea' id='block_1_40' title="bbox 499 2225 1049 2295">
    <p class='ocr_par' dir='ltr' id='par_1_40' title="bbox 499 2225 1049 2295">
     <span class='ocr_line' id='line_1_40' title="bbox 499 2225 1049 2295; baseline -0.002 -15"><span class='ocrx_word' id='word_1_275' title='bbox 499 2226 632 2280; x_wconf 86' lang='lat' dir='ltr'><strong>mibi</strong></span> <span class='ocrx_word' id='word_1_276' title='bbox 663 2226 838 2295; x_wconf 83' lang='lat' dir='ltr'><strong>ipsum</strong></span> <span class='ocrx_word' id='word_1_277' title='bbox 870 2225 995 2282; x_wconf 83' lang='lat' dir='ltr'><strong>huc.</strong></span> <span class='ocrx_word' id='word_1_278' title='bbox 1029 2245 1049 2279; x_wconf 77' lang='grc' dir='ltr'><strong>ι</strong></span> 
     </span>
    </p>
   </div>
   <div class='ocr_carea' id='block_1_41' title="bbox 574 2310 2071 2385">
    <p class='ocr_par' dir='ltr' id='par_1_41' title="bbox 574 2310 2071 2385">
     <span class='ocr_line' id='line_1_41' title="bbox 574 2310 2071 2385; baseline -0.004 -16"><span class='ocrx_word' id='word_1_279' title='bbox 574 2314 738 2383; x_wconf 80' lang='lat' dir='ltr'><strong>XVII,</strong></span> <span class='ocrx_word' id='word_1_280' title='bbox 776 2316 861 2372; x_wconf 65' lang='lat'><strong>£8.</strong></span> <span class='ocrx_word' id='word_1_281' title='bbox 901 2315 968 2371; x_wconf 82' lang='lat' dir='ltr'><strong>Et</strong></span> <span class='ocrx_word' id='word_1_282' title='bbox 994 2316 1288 2385; x_wconf 72' lang='lat' dir='ltr'><strong>increpavit</strong></span> <span class='ocrx_word' id='word_1_283' title='bbox 1344 2315 1494 2368; x_wconf 78' lang='lat' dir='ltr'><strong>illum</strong></span> <span class='ocrx_word' id='word_1_284' title='bbox 1543 2312 1720 2376; x_wconf 73' lang='lat' dir='ltr'><strong>Jews,</strong></span> <span class='ocrx_word' id='word_1_285' title='bbox 1747 2321 1795 2365; x_wconf 88' lang='lat' dir='ltr'><strong>et</strong></span> <span class='ocrx_word' id='word_1_286' title='bbox 1833 2311 1963 2365; x_wconf 65' lang='lat' dir='ltr'><strong>exiit</strong></span> <span class='ocrx_word' id='word_1_287' title='bbox 2006 2310 2071 2364; x_wconf 77' lang='lat' dir='ltr'><strong>ab</strong></span> 
     </span>
    </p>
   </div>
   <div class='ocr_carea' id='block_1_42' title="bbox 505 2403 1922 2477">
    <p class='ocr_par' dir='ltr' id='par_1_42' title="bbox 505 2403 1922 2477">
     <span class='ocr_line' id='line_1_42' title="bbox 505 2403 1922 2477; baseline -0.004 -16"><span class='ocrx_word' id='word_1_288' title='bbox 505 2425 558 2461; x_wconf 81' lang='lat' dir='ltr'><strong>eo</strong></span> <span class='ocrx_word' id='word_1_289' title='bbox 588 2411 935 2473; x_wconf 65' lang='lat' dir='ltr'><strong>(immanium,</strong></span> <span class='ocrx_word' id='word_1_290' title='bbox 964 2422 1011 2465; x_wconf 79' lang='lat' dir='ltr'><strong>et</strong></span> <span class='ocrx_word' id='word_1_291' title='bbox 1042 2420 1258 2464; x_wconf 68' lang='lat' dir='ltr'><strong>curatus</strong></span> <span class='ocrx_word' id='word_1_292' title='bbox 1288 2418 1364 2464; x_wconf 73' lang='lat' dir='ltr'><strong>ut</strong></span> <span class='ocrx_word' id='word_1_293' title='bbox 1395 2422 1524 2477; x_wconf 78' lang='lat' dir='ltr'><strong>puer</strong></span> <span class='ocrx_word' id='word_1_294' title='bbox 1551 2421 1616 2460; x_wconf 80' lang='lat' dir='ltr'><strong>ea:</strong></span> <span class='ocrx_word' id='word_1_295' title='bbox 1647 2403 1741 2457; x_wconf 73' lang='lat' dir='ltr'><strong>illa</strong></span> <span class='ocrx_word' id='word_1_296' title='bbox 1771 2403 1922 2457; x_wconf 80' lang='lat' dir='ltr'><strong>hora.</strong></span> 
     </span>
    </p>
   </div>
   <div class='ocr_carea' id='block_1_43' title="bbox 584 2555 2069 2629">
    <p class='ocr_par' dir='ltr' id='par_1_43' title="bbox 584 2555 2069 2629">
     <span class='ocr_line' id='line_1_43' title="bbox 584 2555 2069 2629; baseline 0.005 -20"><span class='ocrx_word' id='word_1_297' title='bbox 584 2556 693 2610; x_wconf 77' lang='lat' dir='ltr'><strong>Etsi</strong></span> <span class='ocrx_word' id='word_1_298' title='bbox 733 2564 1005 2624; x_wconf 90' lang='lat' dir='ltr'><strong>oporteret</strong></span> <span class='ocrx_word' id='word_1_299' title='bbox 1057 2557 1368 2615; x_wconf 76' lang='lat' dir='ltr'><strong>daemoniaci</strong></span> <span class='ocrx_word' id='word_1_300' title='bbox 1395 2569 1600 2629; x_wconf 85' lang='lat' dir='ltr'><strong>patrem</strong></span> <span class='ocrx_word' id='word_1_301' title='bbox 1647 2555 1853 2616; x_wconf 77' lang='lat' dir='ltr'><strong>tristem</strong></span> <span class='ocrx_word' id='word_1_302' title='bbox 1893 2563 2069 2627; x_wconf 87' lang='lat' dir='ltr'><strong>abire,</strong></span> 
     </span>
    </p>
   </div>
   <div class='ocr_carea' id='block_1_44' title="bbox 516 2644 2071 2716">
    <p class='ocr_par' dir='ltr' id='par_1_44' title="bbox 516 2644 2071 2716">
     <span class='ocr_line' id='line_1_44' title="bbox 516 2644 2071 2716; baseline 0.006 -21"><span class='ocrx_word' id='word_1_303' title='bbox 516 2659 612 2698; x_wconf 89' lang='lat' dir='ltr'><strong>nec</strong></span> <span class='ocrx_word' id='word_1_304' title='bbox 631 2644 738 2698; x_wconf 80' lang='lat' dir='ltr'><strong>veli</strong></span> <span class='ocrx_word' id='word_1_305' title='bbox 763 2655 1064 2715; x_wconf 87' lang='lat' dir='ltr'><strong>compotem</strong></span> <span class='ocrx_word' id='word_1_306' title='bbox 1086 2657 1143 2701; x_wconf 88' lang='lat' dir='ltr'><strong>ut</strong></span> <span class='ocrx_word' id='word_1_307' title='bbox 1170 2645 1261 2715; x_wconf 91' lang='lat' dir='ltr'><strong>qui</strong></span> <span class='ocrx_word' id='word_1_308' title='bbox 1291 2662 1395 2702; x_wconf 90' lang='lat' dir='ltr'><strong>non</strong></span> <span class='ocrx_word' id='word_1_309' title='bbox 1418 2646 1536 2701; x_wconf 87' lang='lat' dir='ltr'><strong>sine</strong></span> <span class='ocrx_word' id='word_1_310' title='bbox 1561 2646 1715 2716; x_wconf 89' lang='lat' dir='ltr'><strong>culpa</strong></span> <span class='ocrx_word' id='word_1_311' title='bbox 1745 2657 2071 2715; x_wconf 85' lang='lat' dir='ltr'><strong>accesserat,</strong></span> 
     </span>
    </p>
   </div>
   <div class='ocr_carea' id='block_1_45' title="bbox 513 2737 2071 2806">
    <p class='ocr_par' dir='ltr' id='par_1_45' title="bbox 513 2737 2071 2806">
     <span class='ocr_line' id='line_1_45' title="bbox 513 2737 2071 2806; baseline 0.002 -16"><span class='ocrx_word' id='word_1_312' title='bbox 513 2738 607 2790; x_wconf 87' lang='lat' dir='ltr'><strong>sed</strong></span> <span class='ocrx_word' id='word_1_313' title='bbox 639 2737 863 2797; x_wconf 87' lang='lat' dir='ltr'><strong>chorum</strong></span> <span class='ocrx_word' id='word_1_314' title='bbox 897 2737 1258 2806; x_wconf 86' lang='lat' dir='ltr'><strong>apostolorum</strong></span> <span class='ocrx_word' id='word_1_315' title='bbox 1293 2737 1589 2801; x_wconf 87' lang='lat' dir='ltr'><strong>incusarat,</strong></span> <span class='ocrx_word' id='word_1_316' title='bbox 1618 2738 1937 2794; x_wconf 86' lang='lat' dir='ltr'><strong>criminatus</strong></span> <span class='ocrx_word' id='word_1_317' title='bbox 1967 2754 2071 2793; x_wconf 89' lang='lat' dir='ltr'><strong>non</strong></span> 
     </span>
    </p>
   </div>
   <div class='ocr_carea' id='block_1_46' title="bbox 514 2826 2072 2899">
    <p class='ocr_par' dir='ltr' id='par_1_46' title="bbox 514 2826 2072 2899">
     <span class='ocr_line' id='line_1_46' title="bbox 514 2826 2072 2899; baseline 0.001 -16"><span class='ocrx_word' id='word_1_318' title='bbox 514 2829 752 2896; x_wconf 90' lang='lat' dir='ltr'><strong>potuisse</strong></span> <span class='ocrx_word' id='word_1_319' title='bbox 783 2842 876 2883; x_wconf 89' lang='lat' dir='ltr'><strong>eos</strong></span> <span class='ocrx_word' id='word_1_320' title='bbox 909 2828 1192 2895; x_wconf 85' lang='lat' dir='ltr'><strong>increpare</strong></span> <span class='ocrx_word' id='word_1_321' title='bbox 1219 2826 1535 2892; x_wconf 83' lang='lat' dir='ltr'><strong>daemonem,</strong></span> <span class='ocrx_word' id='word_1_322' title='bbox 1567 2827 1695 2897; x_wconf 94' lang='lat' dir='ltr'><strong>quin</strong></span> <span class='ocrx_word' id='word_1_323' title='bbox 1728 2828 1900 2898; x_wconf 88' lang='lat' dir='ltr'><strong>ipsum</strong></span> <span class='ocrx_word' id='word_1_324' title='bbox 1931 2844 2072 2899; x_wconf 76' lang='lat' dir='ltr'><strong>quo-</strong></span> 
     </span>
    </p>
   </div>
   <div class='ocr_carea' id='block_1_47' title="bbox 514 2900 2071 2989">
    <p class='ocr_par' dir='ltr' id='par_1_47' title="bbox 514 2900 2071 2989">
     <span class='ocr_line' id='line_1_47' title="bbox 514 2900 2071 2989; baseline 0.004 -19"><span class='ocrx_word' id='word_1_325' title='bbox 514 2933 618 2987; x_wconf 85' lang='lat' dir='ltr'><strong>que</strong></span> <span class='ocrx_word' id='word_1_326' title='bbox 667 2919 1028 2973; x_wconf 85' lang='lat' dir='ltr'><strong>calumniatus</strong></span> <span class='ocrx_word' id='word_1_327' title='bbox 1085 2927 1201 2973; x_wconf 89' lang='lat' dir='ltr'><strong>erat</strong></span> <span class='ocrx_word' id='word_1_328' title='bbox 1246 2929 1569 2989; x_wconf 88' lang='lat' dir='ltr'><strong>potestatum</strong></span> <span class='ocrx_word' id='word_1_329' title='bbox 1621 2900 1925 2977; x_wconf 85' lang='lat' dir='ltr'><strong>Dominum.</strong></span> <span class='ocrx_word' id='word_1_330' title='bbox 1970 2922 2071 2989; x_wconf 82' lang='lat' dir='ltr'><strong>Qui</strong></span> 
     </span>
    </p>
   </div>
   <div class='ocr_carea' id='block_1_48' title="bbox 512 3006 2070 3082">
    <p class='ocr_par' dir='ltr' id='par_1_48' title="bbox 512 3006 2070 3082">
     <span class='ocr_line' id='line_1_48' title="bbox 512 3006 2070 3082; baseline 0.005 -20"><span class='ocrx_word' id='word_1_331' title='bbox 512 3006 655 3063; x_wconf 89' lang='lat' dir='ltr'><strong>enim</strong></span> <span class='ocrx_word' id='word_1_332' title='bbox 693 3010 903 3065; x_wconf 90' lang='lat' dir='ltr'><strong>dicebat</strong></span> <span class='ocrx_word' id='word_1_333' title='bbox 936 3025 1029 3065; x_wconf 90' lang='lat' dir='ltr'><strong>eos</strong></span> <span class='ocrx_word' id='word_1_334' title='bbox 1072 3010 1313 3067; x_wconf 78' lang='lat' dir='ltr'><strong>inﬁrmos</strong></span> <span class='ocrx_word' id='word_1_335' title='bbox 1341 3027 1466 3068; x_wconf 88' lang='lat' dir='ltr'><strong>esse</strong></span> <span class='ocrx_word' id='word_1_336' title='bbox 1488 3020 1542 3067; x_wconf 88' lang='lat' dir='ltr'><strong>et</strong></span> <span class='ocrx_word' id='word_1_337' title='bbox 1571 3013 1894 3082; x_wconf 89' lang='lat' dir='ltr'><strong>impotentes</strong></span> <span class='ocrx_word' id='word_1_338' title='bbox 1937 3030 2070 3070; x_wconf 86' lang='lat' dir='ltr'><strong>con-</strong></span> 
     </span>
    </p>
   </div>
   <div class='ocr_carea' id='block_1_49' title="bbox 514 3096 2075 3174">
    <p class='ocr_par' dir='ltr' id='par_1_49' title="bbox 514 3096 2075 3174">
     <span class='ocr_line' id='line_1_49' title="bbox 514 3096 2075 3174; baseline 0.006 -25"><span class='ocrx_word' id='word_1_339' title='bbox 514 3104 595 3149; x_wconf 84' lang='lat' dir='ltr'><strong>tra</strong></span> <span class='ocrx_word' id='word_1_340' title='bbox 629 3096 936 3152; x_wconf 92' lang='lat' dir='ltr'><strong>immundos</strong></span> <span class='ocrx_word' id='word_1_341' title='bbox 994 3098 1255 3168; x_wconf 89' lang='lat' dir='ltr'><strong>spiritus,</strong></span> <span class='ocrx_word' id='word_1_342' title='bbox 1298 3100 1389 3168; x_wconf 92' lang='lat' dir='ltr'><strong>qui</strong></span> <span class='ocrx_word' id='word_1_343' title='bbox 1443 3115 1472 3153; x_wconf 91' lang='lat' dir='ltr'><strong>a</strong></span> <span class='ocrx_word' id='word_1_344' title='bbox 1526 3099 1743 3157; x_wconf 86' lang='lat' dir='ltr'><strong>Christo</strong></span> <span class='ocrx_word' id='word_1_345' title='bbox 1792 3102 1937 3172; x_wconf 87' lang='lat' dir='ltr'><strong>ipsos</strong></span> <span class='ocrx_word' id='word_1_346' title='bbox 1978 3105 2075 3174; x_wconf 88' lang='lat' dir='ltr'><strong>eji-</strong></span> 
     </span>
    </p>
   </div>
   <div class='ocr_carea' id='block_1_50' title="bbox 512 3188 2073 3269">
    <p class='ocr_par' dir='ltr' id='par_1_50' title="bbox 512 3188 2073 3269">
     <span class='ocr_line' id='line_1_50' title="bbox 512 3188 2073 3269; baseline 0.004 -27"><span class='ocrx_word' id='word_1_347' title='bbox 512 3188 687 3243; x_wconf 91' lang='lat' dir='ltr'><strong>ciendi</strong></span> <span class='ocrx_word' id='word_1_348' title='bbox 744 3198 1067 3259; x_wconf 85' lang='lat' dir='ltr'><strong>acceperant</strong></span> <span class='ocrx_word' id='word_1_349' title='bbox 1112 3196 1431 3261; x_wconf 90' lang='lat' dir='ltr'><strong>potestatem</strong></span> <span class='ocrx_word' id='word_1_350' title='bbox 1463 3231 1478 3256; x_wconf 94' lang='lat'><strong>,</strong></span> <span class='ocrx_word' id='word_1_351' title='bbox 1524 3192 1571 3247; x_wconf 91' lang='lat' dir='ltr'><strong>is</strong></span> <span class='ocrx_word' id='word_1_352' title='bbox 1615 3192 1794 3261; x_wconf 86' lang='lat' dir='ltr'><strong>potius</strong></span> <span class='ocrx_word' id='word_1_353' title='bbox 1845 3195 2073 3269; x_wconf 88' lang='lat' dir='ltr'><strong>gratiam</strong></span> 
     </span>
    </p>
   </div>
   <div class='ocr_carea' id='block_1_51' title="bbox 511 3282 2065 3355">
    <p class='ocr_par' dir='ltr' id='par_1_51' title="bbox 511 3282 2065 3355">
     <span class='ocr_line' id='line_1_51' title="bbox 511 3282 2065 3355; baseline 0.006 -22"><span class='ocrx_word' id='word_1_354' title='bbox 511 3289 746 3345; x_wconf 91' lang='lat' dir='ltr'><strong>accusat,</strong></span> <span class='ocrx_word' id='word_1_355' title='bbox 779 3295 938 3349; x_wconf 85' lang='lat' dir='ltr'><strong>quam</strong></span> <span class='ocrx_word' id='word_1_356' title='bbox 968 3294 1060 3336; x_wconf 92' lang='lat' dir='ltr'><strong>eos</strong></span> <span class='ocrx_word' id='word_1_357' title='bbox 1095 3282 1184 3349; x_wconf 93' lang='lat' dir='ltr'><strong>qui</strong></span> <span class='ocrx_word' id='word_1_358' title='bbox 1213 3282 1358 3337; x_wconf 87' lang='lat' dir='ltr'><strong>illam</strong></span> <span class='ocrx_word' id='word_1_359' title='bbox 1386 3282 1494 3355; x_wconf 74' lang='lat'><strong>62</strong></span> <span class='ocrx_word' id='word_1_360' title='bbox 1523 3295 1849 3353; x_wconf 84' lang='lat' dir='ltr'><strong>acceperunt</strong></span> <span class='ocrx_word' id='word_1_361' title='bbox 1881 3303 1895 3340; x_wconf 88' lang='lat'><strong>:</strong></span> <span class='ocrx_word' id='word_1_362' title='bbox 1929 3302 2065 3355; x_wconf 87' lang='lat' dir='ltr'><strong>qua-</strong></span> 
     </span>
    </p>
   </div>
   <div class='ocr_carea' id='block_1_52' title="bbox 511 3368 2071 3443">
    <p class='ocr_par' dir='ltr' id='par_1_52' title="bbox 511 3368 2071 3443">
     <span class='ocr_line' id='line_1_52' title="bbox 511 3368 2071 3443; baseline 0.006 -23"><span class='ocrx_word' id='word_1_363' title='bbox 511 3377 732 3438; x_wconf 89' lang='lat' dir='ltr'><strong>pr0pter</strong></span> <span class='ocrx_word' id='word_1_364' title='bbox 758 3368 1028 3423; x_wconf 76' lang='lat' dir='ltr'><strong>infidelem</strong></span> <span class='ocrx_word' id='word_1_365' title='bbox 1055 3369 1200 3423; x_wconf 91' lang='lat' dir='ltr'><strong>illum</strong></span> <span class='ocrx_word' id='word_1_366' title='bbox 1222 3378 1450 3438; x_wconf 88' lang='lat' dir='ltr'><strong>patrem,</strong></span> <span class='ocrx_word' id='word_1_367' title='bbox 1482 3372 1712 3441; x_wconf 88' lang='lat' dir='ltr'><strong>ideoque</strong></span> <span class='ocrx_word' id='word_1_368' title='bbox 1734 3388 2071 3443; x_wconf 88' lang='lat' dir='ltr'><strong>perversum,</strong></span> 
     </span>
    </p>
   </div>
   <div class='ocr_carea' id='block_1_53' title="bbox 511 3460 2073 3536">
    <p class='ocr_par' dir='ltr' id='par_1_53' title="bbox 511 3460 2073 3536">
     <span class='ocr_line' id='line_1_53' title="bbox 511 3460 2073 3536; baseline 0.007 -26"><span class='ocrx_word' id='word_1_369' title='bbox 511 3471 735 3511; x_wconf 76' lang='lat' dir='ltr'><strong>vacuum</strong></span> <span class='ocrx_word' id='word_1_370' title='bbox 770 3460 1098 3527; x_wconf 87' lang='lat' dir='ltr'><strong>oportuisset</strong></span> <span class='ocrx_word' id='word_1_371' title='bbox 1127 3460 1350 3516; x_wconf 90' lang='lat' dir='ltr'><strong>dimitti.</strong></span> <span class='ocrx_word' id='word_1_372' title='bbox 1408 3462 1514 3518; x_wconf 87' lang='lat' dir='ltr'><strong>Sed</strong></span> <span class='ocrx_word' id='word_1_373' title='bbox 1542 3478 1608 3519; x_wconf 91' lang='lat' dir='ltr'><strong>ne</strong></span> <span class='ocrx_word' id='word_1_374' title='bbox 1640 3466 1761 3534; x_wconf 88' lang='lat' dir='ltr'><strong>quis</strong></span> <span class='ocrx_word' id='word_1_375' title='bbox 1795 3475 1945 3535; x_wconf 88' lang='lat' dir='ltr'><strong>putet</strong></span> <span class='ocrx_word' id='word_1_376' title='bbox 1995 3469 2073 3536; x_wconf 88' lang='lat' dir='ltr'><strong>ip-</strong></span> 
     </span>
    </p>
   </div>
   <div class='ocr_carea' id='block_1_54' title="bbox 511 3550 2071 3614">
    <p class='ocr_par' dir='ltr' id='par_1_54' title="bbox 511 3550 2071 3614">
     <span class='ocr_line' id='line_1_54' title="bbox 511 3550 2071 3614; baseline 0.005 -10"><span class='ocrx_word' id='word_1_377' title='bbox 511 3552 926 3604; x_wconf 88' lang='lat' dir='ltr'><strong>summetctiam</strong></span> <span class='ocrx_word' id='word_1_378' title='bbox 958 3550 1230 3607; x_wconf 86' lang='lat' dir='ltr'><strong>Christum</strong></span> <span class='ocrx_word' id='word_1_379' title='bbox 1261 3553 1326 3607; x_wconf 91' lang='lat' dir='ltr'><strong>ad</strong></span> <span class='ocrx_word' id='word_1_380' title='bbox 1368 3554 1671 3610; x_wconf 89' lang='lat' dir='ltr'><strong>mirabilem</strong></span> <span class='ocrx_word' id='word_1_381' title='bbox 1725 3557 1866 3612; x_wconf 85' lang='lat' dir='ltr'><strong>hanc</strong></span> <span class='ocrx_word' id='word_1_382' title='bbox 1910 3573 2071 3614; x_wconf 84' lang='lat' dir='ltr'><strong>cura-</strong></span> 
     </span>
    </p>
   </div>
   <div class='ocr_carea' id='block_1_55' title="bbox 513 3640 2072 3719">
    <p class='ocr_par' dir='ltr' id='par_1_55' title="bbox 513 3640 2072 3719">
     <span class='ocr_line' id='line_1_55' title="bbox 513 3640 2072 3719; baseline 0.006 -26"><span class='ocrx_word' id='word_1_383' title='bbox 513 3640 709 3694; x_wconf 90' lang='lat' dir='ltr'><strong>tionem</strong></span> <span class='ocrx_word' id='word_1_384' title='bbox 744 3642 1013 3695; x_wconf 90' lang='lat' dir='ltr'><strong>intirmum</strong></span> <span class='ocrx_word' id='word_1_385' title='bbox 1054 3657 1175 3698; x_wconf 89' lang='lat' dir='ltr'><strong>esse</strong></span> <span class='ocrx_word' id='word_1_386' title='bbox 1202 3684 1219 3710; x_wconf 89' lang='lat'><strong>,</strong></span> <span class='ocrx_word' id='word_1_387' title='bbox 1265 3645 1561 3714; x_wconf 86' lang='lat' dir='ltr'><strong>increpavit</strong></span> <span class='ocrx_word' id='word_1_388' title='bbox 1596 3646 1929 3703; x_wconf 90' lang='lat' dir='ltr'><strong>immundum</strong></span> <span class='ocrx_word' id='word_1_389' title='bbox 1965 3650 2072 3719; x_wconf 83' lang='lat' dir='ltr'><strong>spi-</strong></span> 
     </span>
    </p>
   </div>
   <div class='ocr_carea' id='block_1_56' title="bbox 511 3732 2069 3807">
    <p class='ocr_par' dir='ltr' id='par_1_56' title="bbox 511 3732 2069 3807">
     <span class='ocr_line' id='line_1_56' title="bbox 511 3732 2069 3807; baseline 0.006 -23"><span class='ocrx_word' id='word_1_390' title='bbox 511 3732 692 3798; x_wconf 81' lang='lat' dir='ltr'><strong>ritum,</strong></span> <span class='ocrx_word' id='word_1_391' title='bbox 728 3741 782 3788; x_wconf 91' lang='lat' dir='ltr'><strong>et</strong></span> <span class='ocrx_word' id='word_1_392' title='bbox 809 3732 1094 3793; x_wconf 74' lang='lat' dir='ltr'><strong>confestim</strong></span> <span class='ocrx_word' id='word_1_393' title='bbox 1140 3734 1281 3791; x_wconf 84' lang='lat' dir='ltr'><strong>ﬁlius</strong></span> <span class='ocrx_word' id='word_1_394' title='bbox 1338 3750 1367 3790; x_wconf 90' lang='lat' dir='ltr'><strong>a</strong></span> <span class='ocrx_word' id='word_1_395' title='bbox 1418 3738 1605 3794; x_wconf 89' lang='lat' dir='ltr'><strong>morbo</strong></span> <span class='ocrx_word' id='word_1_396' title='bbox 1658 3738 1918 3796; x_wconf 90' lang='lat' dir='ltr'><strong>liberatus</strong></span> <span class='ocrx_word' id='word_1_397' title='bbox 1946 3750 2069 3807; x_wconf 87' lang='lat' dir='ltr'><strong>est,</strong></span> 
     </span>
    </p>
   </div>
   <div class='ocr_carea' id='block_1_57' title="bbox 510 3825 2071 3899">
    <p class='ocr_par' dir='ltr' id='par_1_57' title="bbox 510 3825 2071 3899">
     <span class='ocr_line' id='line_1_57' title="bbox 510 3825 2071 3899; baseline 0.003 -19"><span class='ocrx_word' id='word_1_398' title='bbox 510 3835 564 3880; x_wconf 94' lang='lat' dir='ltr'><strong>et</strong></span> <span class='ocrx_word' id='word_1_399' title='bbox 596 3825 827 3879; x_wconf 86' lang='lat' dir='ltr'><strong>reddidit</strong></span> <span class='ocrx_word' id='word_1_400' title='bbox 883 3841 1004 3880; x_wconf 89' lang='lat' dir='ltr'><strong>eum</strong></span> <span class='ocrx_word' id='word_1_401' title='bbox 1046 3828 1187 3894; x_wconf 89' lang='lat' dir='ltr'><strong>patri</strong></span> <span class='ocrx_word' id='word_1_402' title='bbox 1236 3841 1367 3894; x_wconf 88' lang='lat' dir='ltr'><strong>suo;</strong></span> <span class='ocrx_word' id='word_1_403' title='bbox 1402 3838 1689 3899; x_wconf 89' lang='lat' dir='ltr'><strong>antequam</strong></span> <span class='ocrx_word' id='word_1_404' title='bbox 1719 3831 1863 3885; x_wconf 90' lang='lat' dir='ltr'><strong>enim</strong></span> <span class='ocrx_word' id='word_1_405' title='bbox 1909 3846 2071 3887; x_wconf 90' lang='lat' dir='ltr'><strong>cura-</strong></span> 
     </span>
    </p>
   </div>
   <div class='ocr_carea' id='block_1_58' title="bbox 509 3915 2068 3995">
    <p class='ocr_par' dir='ltr' id='par_1_58' title="bbox 509 3915 2068 3995">
     <span class='ocr_line' id='line_1_58' title="bbox 509 3915 2068 3995; baseline 0.008 -30"><span class='ocrx_word' id='word_1_406' title='bbox 509 3921 679 3980; x_wconf 87' lang='lat' dir='ltr'><strong>retur,</strong></span> <span class='ocrx_word' id='word_1_407' title='bbox 715 3927 818 3969; x_wconf 88' lang='lat' dir='ltr'><strong>non</strong></span> <span class='ocrx_word' id='word_1_408' title='bbox 848 3915 1018 3995; x_wconf 87' lang='lat' dir='ltr'><strong>patris</strong></span> <span class='ocrx_word' id='word_1_409' title='bbox 1064 3923 1206 3979; x_wconf 85' lang='lat' dir='ltr'><strong>erat,</strong></span> <span class='ocrx_word' id='word_1_410' title='bbox 1261 3917 1353 3969; x_wconf 92' lang='lat' dir='ltr'><strong>sed</strong></span> <span class='ocrx_word' id='word_1_411' title='bbox 1390 3917 1613 3987; x_wconf 89' lang='lat' dir='ltr'><strong>spiritus</strong></span> <span class='ocrx_word' id='word_1_412' title='bbox 1666 3918 1743 3973; x_wconf 92' lang='lat' dir='ltr'><strong>illi</strong></span> <span class='ocrx_word' id='word_1_413' title='bbox 1783 3919 2068 3977; x_wconf 84' lang='lat' dir='ltr'><strong>dominan-</strong></span> 
     </span>
    </p>
   </div>
   <div class='ocr_carea' id='block_1_59' title="bbox 512 4001 596 4056">
    <p class='ocr_par' dir='ltr' id='par_1_59' title="bbox 512 4001 596 4056">
     <span class='ocr_line' id='line_1_59' title="bbox 512 4001 596 4056; baseline 0.024 -2"><span class='ocrx_word' id='word_1_414' title='bbox 512 4001 596 4056; x_wconf 89' lang='lat' dir='ltr'><strong>tis.</strong></span> 
     </span>
    </p>
   </div>
   <div class='ocr_carea' id='block_1_60' title="bbox 905 4181 1653 4255">
    <p class='ocr_par' dir='ltr' id='par_1_60' title="bbox 905 4181 1653 4255">
     <span class='ocr_line' id='line_1_60' title="bbox 905 4181 1653 4255; baseline -0.001 -18"><span class='ocrx_word' id='word_1_415' title='bbox 905 4181 1012 4254; x_wconf 76' lang='lat'><strong>63</strong></span> <span class='ocrx_word' id='word_1_416' title='bbox 1045 4182 1196 4255; x_wconf 75' lang='lat' dir='ltr'><strong>(CAP.</strong></span> <span class='ocrx_word' id='word_1_417' title='bbox 1225 4183 1384 4252; x_wconf 84' lang='lat' dir='ltr'><strong>XVII,</strong></span> <span class='ocrx_word' id='word_1_418' title='bbox 1412 4187 1653 4255; x_wconf 78' lang='lat' dir='ltr'><strong>passim.)</strong></span> 
     </span>
    </p>
   </div>
   <div class='ocr_carea' id='block_1_61' title="bbox 576 4274 2069 4350">
    <p class='ocr_par' dir='ltr' id='par_1_61' title="bbox 576 4274 2069 4350">
     <span class='ocr_line' id='line_1_61' title="bbox 576 4274 2069 4350; baseline 0.001 -18"><span class='ocrx_word' id='word_1_419' title='bbox 576 4274 763 4345; x_wconf 87' lang='lat' dir='ltr'><strong>Itaque</strong></span> <span class='ocrx_word' id='word_1_420' title='bbox 804 4274 1026 4329; x_wconf 82' lang='lat' dir='ltr'><strong>deduxit</strong></span> <span class='ocrx_word' id='word_1_421' title='bbox 1080 4276 1296 4345; x_wconf 88' lang='lat' dir='ltr'><strong>quidem</strong></span> <span class='ocrx_word' id='word_1_422' title='bbox 1358 4292 1541 4332; x_wconf 90' lang='lat' dir='ltr'><strong>secum</strong></span> <span class='ocrx_word' id='word_1_423' title='bbox 1585 4279 1637 4332; x_wconf 89' lang='lat' dir='ltr'><strong>in</strong></span> <span class='ocrx_word' id='word_1_424' title='bbox 1683 4287 1920 4334; x_wconf 91' lang='lat' dir='ltr'><strong>montem</strong></span> <span class='ocrx_word' id='word_1_425' title='bbox 1958 4281 2069 4350; x_wconf 86' lang='lat' dir='ltr'><strong>pri-</strong></span> 
     </span>
    </p>
   </div>
   <div class='ocr_carea' id='block_1_62' title="bbox 2174 1847 3740 1925">
    <p class='ocr_par' dir='ltr' id='par_1_62' title="bbox 2174 1847 3740 1925">
     <span class='ocr_line' id='line_1_62' title="bbox 2174 1847 3740 1925; baseline 0.004 -24"><span class='ocrx_word' id='word_1_426' title='bbox 2174 1848 2417 1902; x_wconf 69' lang='lat' dir='ltr'><strong>6vrM6v</strong></span> <span class='ocrx_word' id='word_1_427' title='bbox 2445 1847 2669 1903; x_wconf 83' lang='grc' dir='ltr'>θάνατον</span> <span class='ocrx_word' id='word_1_428' title='bbox 2700 1848 2867 1919; x_wconf 82' lang='grc' dir='ltr'>αὐτῷ,</span> <span class='ocrx_word' id='word_1_429' title='bbox 2900 1850 2995 1902; x_wconf 74' lang='grc' dir='ltr'>καὶ</span> <span class='ocrx_word' id='word_1_430' title='bbox 3039 1850 3325 1921; x_wconf 77' lang='grc' dir='ltr'>ἐπιθυμεῖν</span> <span class='ocrx_word' id='word_1_431' title='bbox 3366 1853 3428 1905; x_wconf 82' lang='grc' dir='ltr'>τὸ</span> <span class='ocrx_word' id='word_1_432' title='bbox 3479 1856 3740 1925; x_wconf 76' lang='grc' dir='ltr'>πρᾶγμα,</span> 
     </span>
    </p>
   </div>
   <div class='ocr_carea' id='block_1_63' title="bbox 2174 1940 3743 2019">
    <p class='ocr_par' dir='ltr' id='par_1_63' title="bbox 2174 1940 3743 2019">
     <span class='ocr_line' id='line_1_63' title="bbox 2174 1940 3743 2019; baseline 0.003 -24"><span class='ocrx_word' id='word_1_433' title='bbox 2174 1942 2268 1995; x_wconf 80' lang='grc' dir='ltr'>καὶ</span> <span class='ocrx_word' id='word_1_434' title='bbox 2296 1941 2478 1995; x_wconf 77' lang='grc' dir='ltr'>ποθεῖν</span> <span class='ocrx_word' id='word_1_435' title='bbox 2510 1942 2611 2012; x_wconf 83' lang='grc' dir='ltr'>τὴν</span> <span class='ocrx_word' id='word_1_436' title='bbox 2649 1940 2978 2011; x_wconf 81' lang='grc' dir='ltr'>ἀποδημίαν,</span> <span class='ocrx_word' id='word_1_437' title='bbox 3014 1944 3109 1996; x_wconf 77' lang='grc' dir='ltr'><strong>καὶ</strong></span> <span class='ocrx_word' id='word_1_438' title='bbox 3129 1944 3210 1996; x_wconf 83' lang='grc' dir='ltr'><strong>ὅτι</strong></span> <span class='ocrx_word' id='word_1_439' title='bbox 3239 1943 3299 1997; x_wconf 75' lang='grc' dir='ltr'><strong>οὐ</strong></span> <span class='ocrx_word' id='word_1_440' title='bbox 3340 1945 3400 1998; x_wconf 78' lang='grc' dir='ltr'><strong>τὸ</strong></span> <span class='ocrx_word' id='word_1_441' title='bbox 3426 1948 3743 2019; x_wconf 73' lang='grc' dir='ltr'><strong>σταυρωθῆ⁴</strong></span> 
     </span>
    </p>
   </div>
   <div class='ocr_carea' id='block_1_64' title="bbox 2174 2028 3741 2111">
    <p class='ocr_par' dir='ltr' id='par_1_64' title="bbox 2174 2028 3741 2111">
     <span class='ocr_line' id='line_1_64' title="bbox 2174 2028 3741 2111; baseline 0.006 -27"><span class='ocrx_word' id='word_1_442' title='bbox 2174 2048 2282 2096; x_wconf 86' lang='grc' dir='ltr'>ναι,</span> <span class='ocrx_word' id='word_1_443' title='bbox 2313 2031 2449 2085; x_wconf 89' lang='grc' dir='ltr'><strong>ἀλλά</strong></span> <span class='ocrx_word' id='word_1_444' title='bbox 2490 2030 2552 2083; x_wconf 85' lang='grc' dir='ltr'><strong>τὸ</strong></span> <span class='ocrx_word' id='word_1_445' title='bbox 2594 2028 2732 2084; x_wconf 78' lang='grc' dir='ltr'>εἶναι</span> <span class='ocrx_word' id='word_1_446' title='bbox 2769 2031 2886 2101; x_wconf 86' lang='grc' dir='ltr'>μετ’</span> <span class='ocrx_word' id='word_1_447' title='bbox 2919 2033 3097 2103; x_wconf 79' lang='grc' dir='ltr'>αὐτῶν</span> <span class='ocrx_word' id='word_1_448' title='bbox 3138 2034 3275 2105; x_wconf 85' lang='grc' dir='ltr'>βαρύ</span> <span class='ocrx_word' id='word_1_449' title='bbox 3301 2051 3315 2067; x_wconf 90' lang='grc'><strong>·</strong></span> <span class='ocrx_word' id='word_1_450' title='bbox 3351 2037 3411 2089; x_wconf 84' lang='grc' dir='ltr'><strong>οὐ</strong></span> <span class='ocrx_word' id='word_1_451' title='bbox 3462 2038 3575 2109; x_wconf 84' lang='grc' dir='ltr'>μὴν</span> <span class='ocrx_word' id='word_1_452' title='bbox 3614 2040 3741 2111; x_wconf 77' lang='grc' dir='ltr'>ἔστη</span> 
     </span>
    </p>
   </div>
   <div class='ocr_carea' id='block_1_65' title="bbox 2178 2121 3742 2203">
    <p class='ocr_par' dir='ltr' id='par_1_65' title="bbox 2178 2121 3742 2203">
     <span class='ocr_line' id='line_1_65' title="bbox 2178 2121 3742 2203; baseline 0.008 -31"><span class='ocrx_word' id='word_1_453' title='bbox 2178 2121 2335 2191; x_wconf 82' lang='grc' dir='ltr'>μέχρι</span> <span class='ocrx_word' id='word_1_454' title='bbox 2362 2122 2470 2174; x_wconf 86' lang='grc' dir='ltr'><strong>τῶν</strong></span> <span class='ocrx_word' id='word_1_455' title='bbox 2503 2122 2881 2192; x_wconf 85' lang='grc' dir='ltr'>ἐγκλημάτων.</span> <span class='ocrx_word' id='word_1_456' title='bbox 2902 2125 3063 2179; x_wconf 86' lang='grc' dir='ltr'>Ἀλλά</span> <span class='ocrx_word' id='word_1_457' title='bbox 3086 2125 3138 2179; x_wconf 87' lang='grc' dir='ltr'><strong>τί</strong></span> <span class='ocrx_word' id='word_1_458' title='bbox 3169 2143 3336 2199; x_wconf 64' lang='lat' dir='ltr'><strong>(mat;</strong></span> <span class='ocrx_word' id='word_1_459' title='bbox 3373 2146 3393 2180; x_wconf 78' lang='grc' dir='ltr'><strong>ι</strong></span> <span class='ocrx_word' id='word_1_460' title='bbox 3422 2130 3622 2200; x_wconf 73' lang='grc' dir='ltr'>Φέρετέ</span> <span class='ocrx_word' id='word_1_461' title='bbox 3657 2150 3742 2203; x_wconf 82' lang='grc' dir='ltr'><strong>μοι</strong></span> 
     </span>
    </p>
   </div>
   <div class='ocr_carea' id='block_1_66' title="bbox 2174 2204 2539 2265">
    <p class='ocr_par' dir='ltr' id='par_1_66' title="bbox 2174 2204 2539 2265">
     <span class='ocr_line' id='line_1_66' title="bbox 2174 2204 2539 2265; baseline -0.008 0"><span class='ocrx_word' id='word_1_462' title='bbox 2174 2210 2335 2265; x_wconf 82' lang='grc' dir='ltr'>αὐτὸν</span> <span class='ocrx_word' id='word_1_463' title='bbox 2364 2204 2488 2265; x_wconf 82' lang='grc' dir='ltr'>ὦδε.</span> <span class='ocrx_word' id='word_1_464' title='bbox 2521 2230 2539 2262; x_wconf 75' lang='grc' dir='ltr'><strong>ι</strong></span> 
     </span>
    </p>
   </div>
   <div class='ocr_carea' id='block_1_67' title="bbox 2244 2301 3744 2379">
    <p class='ocr_par' dir='ltr' id='par_1_67' title="bbox 2244 2301 3744 2379">
     <span class='ocr_line' id='line_1_67' title="bbox 2244 2301 3744 2379; baseline 0.007 -24"><span class='ocrx_word' id='word_1_465' title='bbox 2244 2301 2353 2355; x_wconf 76' lang='grc' dir='ltr'><strong>Καὶ</strong></span> <span class='ocrx_word' id='word_1_466' title='bbox 2388 2302 2748 2370; x_wconf 80' lang='grc' dir='ltr'>ἐπετίμησεν</span> <span class='ocrx_word' id='word_1_467' title='bbox 2792 2301 2951 2368; x_wconf 84' lang='grc' dir='ltr'>αὐτῷ</span> <span class='ocrx_word' id='word_1_468' title='bbox 2987 2306 3020 2359; x_wconf 85' lang='grc' dir='ltr'><strong>ό</strong></span> <span class='ocrx_word' id='word_1_469' title='bbox 3058 2305 3315 2373; x_wconf 84' lang='grc' dir='ltr'>Ἰησοῦς,</span> <span class='ocrx_word' id='word_1_470' title='bbox 3347 2310 3445 2361; x_wconf 77' lang='grc' dir='ltr'><strong>καὶ</strong></span> <span class='ocrx_word' id='word_1_471' title='bbox 3482 2310 3744 2379; x_wconf 72' lang='grc' dir='ltr'>ἐξῆλθεν</span> 
     </span>
    </p>
   </div>
   <div class='ocr_carea' id='block_1_68' title="bbox 2172 2393 3743 2469">
    <p class='ocr_par' dir='ltr' id='par_1_68' title="bbox 2172 2393 3743 2469">
     <span class='ocr_line' id='line_1_68' title="bbox 2172 2393 3743 2469; baseline 0.005 -20"><span class='ocrx_word' id='word_1_472' title='bbox 2172 2393 2273 2449; x_wconf 78' lang='grc' dir='ltr'>ἀπ’</span> <span class='ocrx_word' id='word_1_473' title='bbox 2306 2394 2490 2448; x_wconf 82' lang='grc' dir='ltr'>αὐτοῦ</span> <span class='ocrx_word' id='word_1_474' title='bbox 2533 2393 2598 2447; x_wconf 88' lang='grc' dir='ltr'>τὸ</span> <span class='ocrx_word' id='word_1_475' title='bbox 2636 2393 2964 2463; x_wconf 81' lang='grc' dir='ltr'>δαιμόνιον,</span> <span class='ocrx_word' id='word_1_476' title='bbox 2997 2397 3092 2451; x_wconf 75' lang='grc' dir='ltr'><strong>καί</strong></span> <span class='ocrx_word' id='word_1_477' title='bbox 3132 2397 3494 2467; x_wconf 81' lang='grc' dir='ltr'>ἐθεραπεύθη</span> <span class='ocrx_word' id='word_1_478' title='bbox 3540 2406 3572 2455; x_wconf 86' lang='grc' dir='ltr'><strong>ό</strong></span> <span class='ocrx_word' id='word_1_479' title='bbox 3604 2403 3743 2469; x_wconf 63' lang='grc' dir='ltr'>παῖς</span> 
     </span>
    </p>
   </div>
   <div class='ocr_carea' id='block_1_69' title="bbox 2176 2484 2894 2555">
    <p class='ocr_par' dir='ltr' id='par_1_69' title="bbox 2176 2484 2894 2555">
     <span class='ocr_line' id='line_1_69' title="bbox 2176 2484 2894 2555; baseline 0.004 -18"><span class='ocrx_word' id='word_1_480' title='bbox 2176 2484 2291 2538; x_wconf 82' lang='grc' dir='ltr'>ἀπὸ</span> <span class='ocrx_word' id='word_1_481' title='bbox 2319 2484 2430 2553; x_wconf 80' lang='grc' dir='ltr'>τῆς</span> <span class='ocrx_word' id='word_1_482' title='bbox 2456 2484 2610 2555; x_wconf 81' lang='grc' dir='ltr'>ὥρας</span> <span class='ocrx_word' id='word_1_483' title='bbox 2638 2485 2894 2552; x_wconf 77' lang='grc' dir='ltr'><strong>ἐκείνης.</strong></span> 
     </span>
    </p>
   </div>
   <div class='ocr_carea' id='block_1_70' title="bbox 2247 2574 3744 2654">
    <p class='ocr_par' dir='ltr' id='par_1_70' title="bbox 2247 2574 3744 2654">
     <span class='ocr_line' id='line_1_70' title="bbox 2247 2574 3744 2654; baseline 0.008 -28"><span class='ocrx_word' id='word_1_484' title='bbox 2247 2574 2309 2626; x_wconf 79' lang='lat' dir='ltr'><strong>El</strong></span> <span class='ocrx_word' id='word_1_485' title='bbox 2334 2575 2427 2629; x_wconf 73' lang='grc' dir='ltr'><strong>καὶ</strong></span> <span class='ocrx_word' id='word_1_486' title='bbox 2460 2574 2566 2628; x_wconf 72' lang='grc' dir='ltr'>ἔδει</span> <span class='ocrx_word' id='word_1_487' title='bbox 2596 2575 2685 2630; x_wconf 75' lang='grc' dir='ltr'><strong>τὸν</strong></span> <span class='ocrx_word' id='word_1_488' title='bbox 2719 2576 2813 2629; x_wconf 83' lang='grc' dir='ltr'>τοῦ</span> <span class='ocrx_word' id='word_1_489' title='bbox 2842 2577 3206 2646; x_wconf 84' lang='grc' dir='ltr'>δαιμονῶντος</span> <span class='ocrx_word' id='word_1_490' title='bbox 3241 2580 3452 2652; x_wconf 80' lang='grc' dir='ltr'>πατέρα</span> <span class='ocrx_word' id='word_1_491' title='bbox 3471 2580 3744 2654; x_wconf 80' lang='grc' dir='ltr'>λυπούμε-</span> 
     </span>
    </p>
   </div>
   <div class='ocr_carea' id='block_1_71' title="bbox 2175 2665 3745 2740">
    <p class='ocr_par' dir='ltr' id='par_1_71' title="bbox 2175 2665 3745 2740">
     <span class='ocr_line' id='line_1_71' title="bbox 2175 2665 3745 2740; baseline 0.008 -23"><span class='ocrx_word' id='word_1_492' title='bbox 2175 2681 2264 2718; x_wconf 86' lang='grc' dir='ltr'><strong>νον</strong></span> <span class='ocrx_word' id='word_1_493' title='bbox 2296 2665 2567 2732; x_wconf 85' lang='grc' dir='ltr'>ἀπελθεῖν,</span> <span class='ocrx_word' id='word_1_494' title='bbox 2600 2669 2660 2721; x_wconf 84' lang='grc' dir='ltr'><strong>οὐ</strong></span> <span class='ocrx_word' id='word_1_495' title='bbox 2693 2669 3027 2739; x_wconf 79' lang='grc' dir='ltr'>τετυχηκότα</span> <span class='ocrx_word' id='word_1_496' title='bbox 3051 2670 3149 2739; x_wconf 87' lang='grc' dir='ltr'>τῆς</span> <span class='ocrx_word' id='word_1_497' title='bbox 3176 2670 3505 2740; x_wconf 84' lang='grc' dir='ltr'>φιλοτιμίας,</span> <span class='ocrx_word' id='word_1_498' title='bbox 3528 2676 3623 2727; x_wconf 87' lang='grc' dir='ltr'>ἆτε</span> <span class='ocrx_word' id='word_1_499' title='bbox 3645 2678 3745 2729; x_wconf 83' lang='grc' dir='ltr'><strong>οὐκ</strong></span> 
     </span>
    </p>
   </div>
   <div class='ocr_carea' id='block_1_72' title="bbox 2173 2754 3742 2837">
    <p class='ocr_par' dir='ltr' id='par_1_72' title="bbox 2173 2754 3742 2837">
     <span class='ocr_line' id='line_1_72' title="bbox 2173 2754 3742 2837; baseline 0.008 -30"><span class='ocrx_word' id='word_1_500' title='bbox 2173 2754 2472 2825; x_wconf 83' lang='grc' dir='ltr'>ἀμώμητον</span> <span class='ocrx_word' id='word_1_501' title='bbox 2496 2760 2859 2828; x_wconf 84' lang='grc' dir='ltr'>ποιησάμενον</span> <span class='ocrx_word' id='word_1_502' title='bbox 2884 2759 2979 2829; x_wconf 84' lang='grc' dir='ltr'><strong>τὴν</strong></span> <span class='ocrx_word' id='word_1_503' title='bbox 3003 2760 3281 2831; x_wconf 88' lang='grc' dir='ltr'>πρόσοδον,</span> <span class='ocrx_word' id='word_1_504' title='bbox 3300 2763 3437 2816; x_wconf 87' lang='grc' dir='ltr'><strong>ἀλλά</strong></span> <span class='ocrx_word' id='word_1_505' title='bbox 3457 2766 3553 2821; x_wconf 77' lang='grc' dir='ltr'><strong>τοῦ</strong></span> <span class='ocrx_word' id='word_1_506' title='bbox 3583 2768 3742 2837; x_wconf 82' lang='grc' dir='ltr'>χοροῦ</span> 
     </span>
    </p>
   </div>
   <div class='ocr_carea' id='block_1_73' title="bbox 2172 2846 3743 2927">
    <p class='ocr_par' dir='ltr' id='par_1_73' title="bbox 2172 2846 3743 2927">
     <span class='ocr_line' id='line_1_73' title="bbox 2172 2846 3743 2927; baseline 0.008 -29"><span class='ocrx_word' id='word_1_507' title='bbox 2172 2846 2280 2899; x_wconf 83' lang='grc' dir='ltr'>τῶν</span> <span class='ocrx_word' id='word_1_508' title='bbox 2320 2848 2632 2903; x_wconf 86' lang='grc' dir='ltr'>ἀποστόλων</span> <span class='ocrx_word' id='word_1_509' title='bbox 2672 2850 3104 2921; x_wconf 86' lang='grc' dir='ltr'>μεταϐοήσαντα,</span> <span class='ocrx_word' id='word_1_510' title='bbox 3134 2854 3374 2918; x_wconf 84' lang='grc' dir='ltr'>είπόντα,</span> <span class='ocrx_word' id='word_1_511' title='bbox 3414 2856 3490 2925; x_wconf 82' lang='grc' dir='ltr'>μὴ</span> <span class='ocrx_word' id='word_1_512' title='bbox 3526 2858 3743 2927; x_wconf 73' lang='grc' dir='ltr'>ἰσχύσαι</span> 
     </span>
    </p>
   </div>
   <div class='ocr_carea' id='block_1_74' title="bbox 2172 2934 3745 3009">
    <p class='ocr_par' dir='ltr' id='par_1_74' title="bbox 2172 2934 3745 3009">
     <span class='ocr_line' id='line_1_74' title="bbox 2172 2934 3745 3009; baseline 0.005 -22"><span class='ocrx_word' id='word_1_513' title='bbox 2172 2934 2369 2999; x_wconf 79' lang='grc' dir='ltr'>αὐτοὺς</span> <span class='ocrx_word' id='word_1_514' title='bbox 2394 2937 2714 3007; x_wconf 76' lang='grc' dir='ltr'>ἐπιτιμῆσαι</span> <span class='ocrx_word' id='word_1_515' title='bbox 2740 2938 2817 3008; x_wconf 82' lang='grc' dir='ltr'>τῷ</span> <span class='ocrx_word' id='word_1_516' title='bbox 2848 2937 3060 3008; x_wconf 87' lang='grc' dir='ltr'>δαίμονι</span> <span class='ocrx_word' id='word_1_517' title='bbox 3083 2955 3094 2966; x_wconf 86' lang='grc'><em>’</em></span> <span class='ocrx_word' id='word_1_518' title='bbox 3131 2940 3328 3009; x_wconf 78' lang='grc' dir='ltr'>μᾶλλον</span> <span class='ocrx_word' id='word_1_519' title='bbox 3358 2942 3415 2994; x_wconf 80' lang='grc' dir='ltr'><strong>δὲ</strong></span> <span class='ocrx_word' id='word_1_520' title='bbox 3443 2941 3609 2995; x_wconf 83' lang='grc' dir='ltr'>αὐτὸν</span> <span class='ocrx_word' id='word_1_521' title='bbox 3634 2942 3745 2995; x_wconf 89' lang='grc' dir='ltr'>δια-</span> 
     </span>
    </p>
   </div>
   <div class='ocr_carea' id='block_1_75' title="bbox 2175 3026 3743 3103">
    <p class='ocr_par' dir='ltr' id='par_1_75' title="bbox 2175 3026 3743 3103">
     <span class='ocr_line' id='line_1_75' title="bbox 2175 3026 3743 3103; baseline 0.005 -26"><span class='ocrx_word' id='word_1_522' title='bbox 2175 3026 2435 3080; x_wconf 81' lang='grc' dir='ltr'>ϐάλλοντα</span> <span class='ocrx_word' id='word_1_523' title='bbox 2467 3027 2557 3080; x_wconf 85' lang='grc' dir='ltr'><strong>τὸν</strong></span> <span class='ocrx_word' id='word_1_524' title='bbox 2599 3028 2706 3080; x_wconf 85' lang='grc' dir='ltr'><strong>τῶν</strong></span> <span class='ocrx_word' id='word_1_525' title='bbox 2742 3028 3023 3098; x_wconf 84' lang='grc' dir='ltr'>δυνάμεων</span> <span class='ocrx_word' id='word_1_526' title='bbox 3076 3029 3371 3100; x_wconf 80' lang='grc' dir='ltr'>Κύριον.’0</span> <span class='ocrx_word' id='word_1_527' title='bbox 3417 3031 3527 3103; x_wconf 84' lang='grc' dir='ltr'>γὰρ</span> <span class='ocrx_word' id='word_1_528' title='bbox 3571 3032 3743 3101; x_wconf 82' lang='grc' dir='ltr'>λέγων</span> 
     </span>
    </p>
   </div>
   <div class='ocr_carea' id='block_1_76' title="bbox 2127 3097 3743 3190">
    <p class='ocr_par' dir='ltr' id='par_1_76' title="bbox 2127 3097 3743 3190">
     <span class='ocr_line' id='line_1_76' title="bbox 2127 3097 3743 3190; baseline 0.004 -21"><span class='ocrx_word' id='word_1_529' title='bbox 2127 3097 2141 3115; x_wconf 66' lang='grc'><strong>’</strong></span> <span class='ocrx_word' id='word_1_530' title='bbox 2176 3109 2468 3186; x_wconf 78' lang='grc' dir='ltr'>ἀσθενῆσαι</span> <span class='ocrx_word' id='word_1_531' title='bbox 2499 3117 2631 3187; x_wconf 89' lang='grc' dir='ltr'>πρὸς</span> <span class='ocrx_word' id='word_1_532' title='bbox 2660 3097 2937 3187; x_wconf 79' lang='grc' dir='ltr'>ἐνέργειαν</span> <span class='ocrx_word' id='word_1_533' title='bbox 2966 3118 3062 3187; x_wconf 87' lang='grc' dir='ltr'>τὴν</span> <span class='ocrx_word' id='word_1_534' title='bbox 3086 3097 3226 3173; x_wconf 77' lang='grc' dir='ltr'>κατὰ</span> <span class='ocrx_word' id='word_1_535' title='bbox 3256 3097 3582 3190; x_wconf 71' lang='grc' dir='ltr'>πνευμάτων</span> <span class='ocrx_word' id='word_1_536' title='bbox 3608 3097 3743 3176; x_wconf 76' lang='grc' dir='ltr'>ἀκα-</span> 
     </span>
    </p>
   </div>
   <div class='ocr_carea' id='block_1_77' title="bbox 2176 3205 3743 3279">
    <p class='ocr_par' dir='ltr' id='par_1_77' title="bbox 2176 3205 3743 3279">
     <span class='ocr_line' id='line_1_77' title="bbox 2176 3205 3743 3279; baseline 0.004 -20"><span class='ocrx_word' id='word_1_537' title='bbox 2176 3205 2388 3276; x_wconf 88' lang='grc' dir='ltr'>θάρτων</span> <span class='ocrx_word' id='word_1_538' title='bbox 2417 3208 2542 3270; x_wconf 76' lang='grc' dir='ltr'>τοὺς</span> <span class='ocrx_word' id='word_1_539' title='bbox 2572 3207 2722 3279; x_wconf 86' lang='grc' dir='ltr'><strong>παρά</strong></span> <span class='ocrx_word' id='word_1_540' title='bbox 2760 3209 2995 3279; x_wconf 81' lang='grc' dir='ltr'>Χριστοῦ</span> <span class='ocrx_word' id='word_1_541' title='bbox 3041 3210 3288 3276; x_wconf 83' lang='grc' dir='ltr'>ἐξουσίαν</span> <span class='ocrx_word' id='word_1_542' title='bbox 3332 3210 3622 3277; x_wconf 86' lang='grc' dir='ltr'>λαϐόντας,</span> <span class='ocrx_word' id='word_1_543' title='bbox 3654 3215 3743 3266; x_wconf 78' lang='grc' dir='ltr'>ἐκ·</span> 
     </span>
    </p>
   </div>
   <div class='ocr_carea' id='block_1_78' title="bbox 2174 3297 3743 3375">
    <p class='ocr_par' dir='ltr' id='par_1_78' title="bbox 2174 3297 3743 3375">
     <span class='ocr_line' id='line_1_78' title="bbox 2174 3297 3743 3375; baseline 0.005 -26"><span class='ocrx_word' id='word_1_544' title='bbox 2174 3297 2390 3352; x_wconf 90' lang='grc' dir='ltr'>ϐάλλειν</span> <span class='ocrx_word' id='word_1_545' title='bbox 2422 3298 2581 3365; x_wconf 84' lang='grc' dir='ltr'>αὐτὰ,</span> <span class='ocrx_word' id='word_1_546' title='bbox 2621 3299 2718 3370; x_wconf 82' lang='grc' dir='ltr'>τῆς</span> <span class='ocrx_word' id='word_1_547' title='bbox 2763 3302 2983 3372; x_wconf 88' lang='grc' dir='ltr'>χάριτος</span> <span class='ocrx_word' id='word_1_548' title='bbox 3032 3302 3228 3372; x_wconf 84' lang='grc' dir='ltr'>μᾶλλον</span> <span class='ocrx_word' id='word_1_549' title='bbox 3273 3307 3592 3374; x_wconf 81' lang='grc' dir='ltr'>κατηγορεῖ,</span> <span class='ocrx_word' id='word_1_550' title='bbox 3624 3305 3743 3375; x_wconf 75' lang='grc' dir='ltr'>οὐχὶ</span> 
     </span>
    </p>
   </div>
   <div class='ocr_carea' id='block_1_79' title="bbox 2171 3390 3743 3462">
    <p class='ocr_par' dir='ltr' id='par_1_79' title="bbox 2171 3390 3743 3462">
     <span class='ocr_line' id='line_1_79' title="bbox 2171 3390 3743 3462; baseline 0.003 -18"><span class='ocrx_word' id='word_1_551' title='bbox 2171 3390 2280 3446; x_wconf 82' lang='grc' dir='ltr'>τῶν</span> <span class='ocrx_word' id='word_1_552' title='bbox 2307 3391 2577 3445; x_wconf 86' lang='grc' dir='ltr'>λαϐόντων</span> <span class='ocrx_word' id='word_1_553' title='bbox 2610 3392 2808 3462; x_wconf 67' lang='grc' dir='ltr'>αὐτὴν*</span> <span class='ocrx_word' id='word_1_554' title='bbox 2838 3392 2924 3447; x_wconf 80' lang='grc' dir='ltr'>διὰ</span> <span class='ocrx_word' id='word_1_555' title='bbox 2960 3392 3132 3446; x_wconf 81' lang='grc' dir='ltr'>ταῦτα</span> <span class='ocrx_word' id='word_1_556' title='bbox 3178 3394 3356 3447; x_wconf 84' lang='grc' dir='ltr'>τοίνυν</span> <span class='ocrx_word' id='word_1_557' title='bbox 3392 3394 3481 3447; x_wconf 80' lang='grc' dir='ltr'>τὸν</span> <span class='ocrx_word' id='word_1_558' title='bbox 3512 3395 3743 3449; x_wconf 78' lang='grc' dir='ltr'>ἄπιστον</span> 
     </span>
    </p>
   </div>
   <div class='ocr_carea' id='block_1_80' title="bbox 2174 3482 3738 3557">
    <p class='ocr_par' dir='ltr' id='par_1_80' title="bbox 2174 3482 3738 3557">
     <span class='ocr_line' id='line_1_80' title="bbox 2174 3482 3738 3557; baseline 0.003 -24"><span class='ocrx_word' id='word_1_559' title='bbox 2174 3483 2377 3535; x_wconf 81' lang='grc' dir='ltr'>ἐκεῖνον</span> <span class='ocrx_word' id='word_1_560' title='bbox 2410 3482 2642 3549; x_wconf 83' lang='grc' dir='ltr'>πατέρα,</span> <span class='ocrx_word' id='word_1_561' title='bbox 2664 3482 2757 3537; x_wconf 80' lang='grc' dir='ltr'><strong>καὶ</strong></span> <span class='ocrx_word' id='word_1_562' title='bbox 2787 3483 2875 3536; x_wconf 78' lang='grc' dir='ltr'>διὰ</span> <span class='ocrx_word' id='word_1_563' title='bbox 2905 3484 3063 3536; x_wconf 80' lang='grc' dir='ltr'>τοῦτο</span> <span class='ocrx_word' id='word_1_564' title='bbox 3092 3484 3541 3555; x_wconf 84' lang='grc' dir='ltr'>διεστραμμένον,</span> <span class='ocrx_word' id='word_1_565' title='bbox 3574 3488 3738 3557; x_wconf 79' lang='grc' dir='ltr'>ἐχρῆν</span> 
     </span>
    </p>
   </div>
   <div class='ocr_carea' id='block_1_81' title="bbox 2173 3572 3741 3644">
    <p class='ocr_par' dir='ltr' id='par_1_81' title="bbox 2173 3572 3741 3644">
     <span class='ocr_line' id='line_1_81' title="bbox 2173 3572 3741 3644; baseline 0.001 -19"><span class='ocrx_word' id='word_1_566' title='bbox 2173 3572 2326 3625; x_wconf 84' lang='grc' dir='ltr'>κενὸν</span> <span class='ocrx_word' id='word_1_567' title='bbox 2376 3573 2818 3643; x_wconf 76' lang='grc' dir='ltr'>ἀποπεμφθῆναι.</span> <span class='ocrx_word' id='word_1_568' title='bbox 2851 3573 2988 3625; x_wconf 78' lang='grc' dir='ltr'>Ἀλλ’</span> <span class='ocrx_word' id='word_1_569' title='bbox 3025 3574 3110 3626; x_wconf 82' lang='grc' dir='ltr'>ἵνα</span> <span class='ocrx_word' id='word_1_570' title='bbox 3165 3576 3237 3644; x_wconf 85' lang='grc' dir='ltr'>μή</span> <span class='ocrx_word' id='word_1_571' title='bbox 3288 3592 3370 3637; x_wconf 81' lang='grc' dir='ltr'><strong>τις</strong></span> <span class='ocrx_word' id='word_1_572' title='bbox 3413 3576 3595 3644; x_wconf 75' lang='grc' dir='ltr'>οἴηται</span> <span class='ocrx_word' id='word_1_573' title='bbox 3646 3576 3741 3629; x_wconf 75' lang='grc' dir='ltr'><strong>καὶ</strong></span> 
     </span>
    </p>
   </div>
   <div class='ocr_carea' id='block_1_82' title="bbox 2173 3663 3737 3737">
    <p class='ocr_par' dir='ltr' id='par_1_82' title="bbox 2173 3663 3737 3737">
     <span class='ocr_line' id='line_1_82' title="bbox 2173 3663 3737 3737; baseline 0 -19"><span class='ocrx_word' id='word_1_574' title='bbox 2173 3664 2331 3718; x_wconf 82' lang='grc' dir='ltr'>αὐτὸν</span> <span class='ocrx_word' id='word_1_575' title='bbox 2360 3664 2618 3734; x_wconf 85' lang='grc' dir='ltr'>ἀτονῆσαι</span> <span class='ocrx_word' id='word_1_576' title='bbox 2646 3664 2736 3716; x_wconf 85' lang='grc' dir='ltr'><strong>τὸν</strong></span> <span class='ocrx_word' id='word_1_577' title='bbox 2764 3663 2993 3733; x_wconf 84' lang='grc' dir='ltr'>Χριστὸν</span> <span class='ocrx_word' id='word_1_578' title='bbox 3021 3663 3155 3734; x_wconf 81' lang='grc' dir='ltr'>πρὸς</span> <span class='ocrx_word' id='word_1_579' title='bbox 3176 3665 3271 3735; x_wconf 86' lang='grc' dir='ltr'>τὴν</span> <span class='ocrx_word' id='word_1_580' title='bbox 3303 3665 3397 3718; x_wconf 78' lang='grc' dir='ltr'>τοῦ</span> <span class='ocrx_word' id='word_1_581' title='bbox 3431 3666 3737 3737; x_wconf 80' lang='grc' dir='ltr'>παραδόξου</span> 
     </span>
    </p>
   </div>
   <div class='ocr_carea' id='block_1_83' title="bbox 2174 3754 3739 3828">
    <p class='ocr_par' dir='ltr' id='par_1_83' title="bbox 2174 3754 3739 3828">
     <span class='ocr_line' id='line_1_83' title="bbox 2174 3754 3739 3828; baseline 0.001 -21"><span class='ocrx_word' id='word_1_582' title='bbox 2174 3754 2531 3825; x_wconf 86' lang='grc' dir='ltr'>κατόρθωσιν,</span> <span class='ocrx_word' id='word_1_583' title='bbox 2562 3754 2860 3824; x_wconf 81' lang='grc' dir='ltr'>ἐπετίμησε</span> <span class='ocrx_word' id='word_1_584' title='bbox 2888 3754 2962 3824; x_wconf 86' lang='grc' dir='ltr'>τῷ</span> <span class='ocrx_word' id='word_1_585' title='bbox 2996 3756 3292 3827; x_wconf 85' lang='grc' dir='ltr'>ἀκαθάρτῳ</span> <span class='ocrx_word' id='word_1_586' title='bbox 3323 3757 3617 3828; x_wconf 83' lang='grc' dir='ltr'>πνεύματι,</span> <span class='ocrx_word' id='word_1_587' title='bbox 3648 3759 3739 3811; x_wconf 79' lang='grc' dir='ltr'>καὶ</span> 
     </span>
    </p>
   </div>
   <div class='ocr_carea' id='block_1_84' title="bbox 2172 3843 3738 3917">
    <p class='ocr_par' dir='ltr' id='par_1_84' title="bbox 2172 3843 3738 3917">
     <span class='ocr_line' id='line_1_84' title="bbox 2172 3843 3738 3917; baseline 0.003 -20"><span class='ocrx_word' id='word_1_588' title='bbox 2172 3848 2514 3917; x_wconf 84' lang='grc' dir='ltr'>παραχρῆμα</span> <span class='ocrx_word' id='word_1_589' title='bbox 2542 3843 2636 3898; x_wconf 84' lang='grc' dir='ltr'>τοῦ</span> <span class='ocrx_word' id='word_1_590' title='bbox 2668 3846 2842 3899; x_wconf 88' lang='grc' dir='ltr'>νοσεῖν</span> <span class='ocrx_word' id='word_1_591' title='bbox 2871 3848 2897 3897; x_wconf 90' lang='lat'><strong>6</strong></span> <span class='ocrx_word' id='word_1_592' title='bbox 2924 3848 3050 3909; x_wconf 89' lang='grc' dir='ltr'>παῖς</span> <span class='ocrx_word' id='word_1_593' title='bbox 3082 3847 3473 3917; x_wconf 83' lang='grc' dir='ltr'>ἀπηλλάττετο,</span> <span class='ocrx_word' id='word_1_594' title='bbox 3511 3849 3611 3901; x_wconf 78' lang='grc' dir='ltr'>καὶ</span> <span class='ocrx_word' id='word_1_595' title='bbox 3641 3849 3738 3901; x_wconf 88' lang='grc' dir='ltr'>ἀπ-</span> 
     </span>
    </p>
   </div>
   <div class='ocr_carea' id='block_1_85' title="bbox 2172 3933 3735 4008">
    <p class='ocr_par' dir='ltr' id='par_1_85' title="bbox 2172 3933 3735 4008">
     <span class='ocr_line' id='line_1_85' title="bbox 2172 3933 3735 4008; baseline 0.003 -22"><span class='ocrx_word' id='word_1_596' title='bbox 2172 3934 2371 3988; x_wconf 81' lang='grc' dir='ltr'>έδωκεν</span> <span class='ocrx_word' id='word_1_597' title='bbox 2400 3935 2561 3989; x_wconf 83' lang='grc' dir='ltr'>αὑτὸν</span> <span class='ocrx_word' id='word_1_598' title='bbox 2604 3934 2683 4005; x_wconf 83' lang='grc' dir='ltr'>τῷ</span> <span class='ocrx_word' id='word_1_599' title='bbox 2724 3938 2891 4005; x_wconf 79' lang='grc' dir='ltr'>πατρὶ</span> <span class='ocrx_word' id='word_1_600' title='bbox 2931 3933 3131 3988; x_wconf 78' lang='grc' dir='ltr'>αὐτοῦ·</span> <span class='ocrx_word' id='word_1_601' title='bbox 3180 3936 3286 4006; x_wconf 83' lang='grc' dir='ltr'><strong>πρὸ</strong></span> <span class='ocrx_word' id='word_1_602' title='bbox 3311 3937 3419 4008; x_wconf 87' lang='grc' dir='ltr'>γὰρ</span> <span class='ocrx_word' id='word_1_603' title='bbox 3442 3938 3539 3990; x_wconf 77' lang='grc' dir='ltr'>τοῦ</span> <span class='ocrx_word' id='word_1_604' title='bbox 3582 3938 3735 4008; x_wconf 78' lang='grc' dir='ltr'>θερα-</span> 
     </span>
    </p>
   </div>
   <div class='ocr_carea' id='block_1_86' title="bbox 2173 4020 3736 4096">
    <p class='ocr_par' dir='ltr' id='par_1_86' title="bbox 2173 4020 3736 4096">
     <span class='ocr_line' id='line_1_86' title="bbox 2173 4020 3736 4096; baseline 0.001 -21"><span class='ocrx_word' id='word_1_605' title='bbox 2173 4024 2455 4094; x_wconf 83' lang='grc' dir='ltr'>πευθῆναι,</span> <span class='ocrx_word' id='word_1_606' title='bbox 2494 4025 2595 4077; x_wconf 79' lang='grc' dir='ltr'><strong>οὐκ</strong></span> <span class='ocrx_word' id='word_1_607' title='bbox 2636 4020 2703 4094; x_wconf 82' lang='grc' dir='ltr'>ἦν</span> <span class='ocrx_word' id='word_1_608' title='bbox 2738 4024 2832 4077; x_wconf 81' lang='grc' dir='ltr'>τοῦ</span> <span class='ocrx_word' id='word_1_609' title='bbox 2873 4024 3097 4096; x_wconf 77' lang='grc' dir='ltr'>πατρὸς,</span> <span class='ocrx_word' id='word_1_610' title='bbox 3126 4023 3261 4078; x_wconf 82' lang='grc' dir='ltr'>ἀλλὰ</span> <span class='ocrx_word' id='word_1_611' title='bbox 3289 4024 3381 4077; x_wconf 82' lang='grc' dir='ltr'>τοῦ</span> <span class='ocrx_word' id='word_1_612' title='bbox 3412 4025 3736 4095; x_wconf 78' lang='grc' dir='ltr'>κρατοῦντος</span> 
     </span>
    </p>
   </div>
   <div class='ocr_carea' id='block_1_87' title="bbox 2171 4112 2498 4182">
    <p class='ocr_par' dir='ltr' id='par_1_87' title="bbox 2171 4112 2498 4182">
     <span class='ocr_line' id='line_1_87' title="bbox 2171 4112 2498 4182; baseline 0.015 -21"><span class='ocrx_word' id='word_1_613' title='bbox 2171 4112 2498 4182; x_wconf 83' lang='grc' dir='ltr'>πνεύματος.</span> 
     </span>
    </p>
   </div>
   <div class='ocr_carea' id='block_1_88' title="bbox 2240 4201 3733 4274">
    <p class='ocr_par' dir='ltr' id='par_1_88' title="bbox 2240 4201 3733 4274">
     <span class='ocr_line' id='line_1_88' title="bbox 2240 4201 3733 4274; baseline 0.002 -21"><span class='ocrx_word' id='word_1_614' title='bbox 2240 4201 2444 4255; x_wconf 74' lang='grc' dir='ltr'>Οὐκοῦν</span> <span class='ocrx_word' id='word_1_615' title='bbox 2465 4202 2753 4273; x_wconf 81' lang='grc' dir='ltr'>ἀνεκόμισε</span> <span class='ocrx_word' id='word_1_616' title='bbox 2786 4205 2882 4273; x_wconf 82' lang='grc' dir='ltr'><strong>μὲν</strong></span> <span class='ocrx_word' id='word_1_617' title='bbox 2912 4205 2989 4267; x_wconf 87' lang='grc' dir='ltr'>εἰς</span> <span class='ocrx_word' id='word_1_618' title='bbox 3010 4203 3069 4256; x_wconf 73' lang='grc' dir='ltr'>τὸ</span> <span class='ocrx_word' id='word_1_619' title='bbox 3090 4203 3213 4274; x_wconf 80' lang='grc' dir='ltr'>ὅρος</span> <span class='ocrx_word' id='word_1_620' title='bbox 3234 4204 3357 4265; x_wconf 76' lang='grc' dir='ltr'>τοὺς</span> <span class='ocrx_word' id='word_1_621' title='bbox 3380 4203 3733 4274; x_wconf 76' lang='grc' dir='ltr'>κορυφαίους,</span> 
     </span>
    </p>
   </div>
   <div class='ocr_carea' id='block_1_89' title="bbox 2171 4290 3734 4365">
    <p class='ocr_par' dir='ltr' id='par_1_89' title="bbox 2171 4290 3734 4365">
     <span class='ocr_line' id='line_1_89' title="bbox 2171 4290 3734 4365; baseline 0.001 -22"><span class='ocrx_word' id='word_1_622' title='bbox 2171 4291 2266 4343; x_wconf 75' lang='grc' dir='ltr'><strong>καὶ</strong></span> <span class='ocrx_word' id='word_1_623' title='bbox 2292 4291 2489 4357; x_wconf 81' lang='grc' dir='ltr'>ἔδειξεν</span> <span class='ocrx_word' id='word_1_624' title='bbox 2518 4293 2702 4356; x_wconf 84' lang='grc' dir='ltr'>αὐτοῖς</span> <span class='ocrx_word' id='word_1_625' title='bbox 2747 4293 2844 4363; x_wconf 83' lang='grc' dir='ltr'><strong>τὴν</strong></span> <span class='ocrx_word' id='word_1_626' title='bbox 2893 4294 3047 4357; x_wconf 79' lang='grc' dir='ltr'>δόξαν</span> <span class='ocrx_word' id='word_1_627' title='bbox 3082 4294 3197 4363; x_wconf 77' lang='grc' dir='ltr'>μεθ’</span> <span class='ocrx_word' id='word_1_628' title='bbox 3223 4290 3290 4365; x_wconf 80' lang='grc' dir='ltr'>ἧς</span> <span class='ocrx_word' id='word_1_629' title='bbox 3336 4294 3637 4363; x_wconf 71' lang='grc' dir='ltr'>ἐπιλάμψει</span> <span class='ocrx_word' id='word_1_630' title='bbox 3664 4293 3734 4361; x_wconf 85' lang='grc' dir='ltr'>τῷ</span> 
     </span>
    </p>
   </div>
   <div class='ocr_carea' id='block_1_90' title="bbox 508 4366 2070 4453">
    <p class='ocr_par' dir='ltr' id='par_1_90' title="bbox 508 4366 2066 4441">
     <span class='ocr_line' id='line_1_90' title="bbox 508 4366 2066 4441; baseline -0.001 -16"><span class='ocrx_word' id='word_1_631' title='bbox 508 4368 731 4435; x_wconf 84' lang='lat' dir='ltr'><strong>marios,</strong></span> <span class='ocrx_word' id='word_1_632' title='bbox 760 4366 1105 4437; x_wconf 89' lang='lat' dir='ltr'><strong>ostenditque</strong></span> <span class='ocrx_word' id='word_1_633' title='bbox 1139 4368 1245 4423; x_wconf 87' lang='lat' dir='ltr'><strong>illis</strong></span> <span class='ocrx_word' id='word_1_634' title='bbox 1273 4367 1501 4438; x_wconf 77' lang='lat' dir='ltr'><strong>gloriam</strong></span> <span class='ocrx_word' id='word_1_635' title='bbox 1528 4409 1543 4432; x_wconf 91' lang='lat'><strong>,</strong></span> <span class='ocrx_word' id='word_1_636' title='bbox 1583 4383 1688 4438; x_wconf 88' lang='lat' dir='ltr'><strong>qua</strong></span> <span class='ocrx_word' id='word_1_637' title='bbox 1716 4368 1829 4423; x_wconf 89' lang='lat' dir='ltr'><strong>suis</strong></span> <span class='ocrx_word' id='word_1_638' title='bbox 1857 4377 2066 4441; x_wconf 89' lang='lat' dir='ltr'><strong>tempo-</strong></span> 
     </span>
    </p>
   </div>
   <div class='ocr_carea' id='block_1_91' title="bbox 2178 4366 3730 4453">
    <p class='ocr_par' dir='ltr' id='par_1_91' title="bbox 2178 4379 3730 4453">
     <span class='ocr_line' id='line_1_91' title="bbox 2178 4379 3730 4453; baseline 0.001 -19"><span class='ocrx_word' id='word_1_639' title='bbox 2178 4381 2356 4452; x_wconf 60' lang='grc' dir='ltr'>κόσμῳ</span> <span class='ocrx_word' id='word_1_640' title='bbox 2382 4381 2524 4436; x_wconf 88' lang='grc' dir='ltr'><strong>κατά</strong></span> <span class='ocrx_word' id='word_1_641' title='bbox 2553 4382 2797 4453; x_wconf 88' lang='grc' dir='ltr'>καιρούς.</span> <span class='ocrx_word' id='word_1_642' title='bbox 2836 4379 2986 4448; x_wconf 76' lang='grc' dir='ltr'>Εἶτα,</span> <span class='ocrx_word' id='word_1_643' title='bbox 3017 4383 3290 4436; x_wconf 85' lang='grc' dir='ltr'>κατελθὼν</span> <span class='ocrx_word' id='word_1_644' title='bbox 3333 4384 3396 4436; x_wconf 85' lang='grc' dir='ltr'><strong>ἐκ</strong></span> <span class='ocrx_word' id='word_1_645' title='bbox 3423 4383 3518 4435; x_wconf 80' lang='grc' dir='ltr'>τοῦ</span> <span class='ocrx_word' id='word_1_646' title='bbox 3551 4384 3730 4453; x_wconf 79' lang='grc' dir='ltr'>ὅρους.</span> 
     </span>
    </p>
   </div>
   <div class='ocr_carea' id='block_1_92' title="bbox 507 4455 2071 4527">
    <p class='ocr_par' dir='ltr' id='par_1_92' title="bbox 507 4455 2071 4527">
     <span class='ocr_line' id='line_1_92' title="bbox 507 4455 2071 4527; baseline 0.003 -14"><span class='ocrx_word' id='word_1_647' title='bbox 507 4459 658 4514; x_wconf 89' lang='lat' dir='ltr'><strong>ribus</strong></span> <span class='ocrx_word' id='word_1_648' title='bbox 691 4457 788 4511; x_wconf 89' lang='lat' dir='ltr'><strong>toti</strong></span> <span class='ocrx_word' id='word_1_649' title='bbox 811 4457 1010 4513; x_wconf 90' lang='lat' dir='ltr'><strong>mundo</strong></span> <span class='ocrx_word' id='word_1_650' title='bbox 1046 4456 1400 4527; x_wconf 73' lang='lat' dir='ltr'><strong>praefulgebit.</strong></span> <span class='ocrx_word' id='word_1_651' title='bbox 1433 4455 1636 4511; x_wconf 89' lang='lat' dir='ltr'><strong>Deinde</strong></span> <span class='ocrx_word' id='word_1_652' title='bbox 1650 4458 1981 4517; x_wconf 89' lang='lat' dir='ltr'><strong>descendens</strong></span> <span class='ocrx_word' id='word_1_653' title='bbox 2004 4462 2071 4519; x_wconf 92' lang='lat' dir='ltr'><strong>de</strong></span> 
     </span>
    </p>
   </div>
   <div class='ocr_carea' id='block_1_93' title="bbox 506 4546 2066 4620">
    <p class='ocr_par' dir='ltr' id='par_1_93' title="bbox 506 4546 2066 4620">
     <span class='ocr_line' id='line_1_93' title="bbox 506 4546 2066 4620; baseline 0.003 -14"><span class='ocrx_word' id='word_1_654' title='bbox 506 4559 707 4615; x_wconf 89' lang='lat' dir='ltr'><strong>monte,</strong></span> <span class='ocrx_word' id='word_1_655' title='bbox 737 4562 994 4620; x_wconf 87' lang='lat' dir='ltr'><strong>perverso</strong></span> <span class='ocrx_word' id='word_1_656' title='bbox 1028 4558 1083 4603; x_wconf 91' lang='lat' dir='ltr'><strong>et</strong></span> <span class='ocrx_word' id='word_1_657' title='bbox 1120 4547 1327 4603; x_wconf 87' lang='lat' dir='ltr'><strong>crudeli</strong></span> <span class='ocrx_word' id='word_1_658' title='bbox 1354 4546 1548 4616; x_wconf 87' lang='lat' dir='ltr'><strong>spiritu</strong></span> <span class='ocrx_word' id='word_1_659' title='bbox 1596 4553 1884 4616; x_wconf 87' lang='lat' dir='ltr'><strong>quemdam</strong></span> <span class='ocrx_word' id='word_1_660' title='bbox 1933 4553 2066 4610; x_wconf 89' lang='lat' dir='ltr'><strong>libe-</strong></span> 
     </span>
    </p>
   </div>
   <div class='ocr_carea' id='block_1_94' title="bbox 2172 4473 3728 4545">
    <p class='ocr_par' dir='ltr' id='par_1_94' title="bbox 2172 4473 3728 4545">
     <span class='ocr_line' id='line_1_94' title="bbox 2172 4473 3728 4545; baseline 0.001 -20"><span class='ocrx_word' id='word_1_661' title='bbox 2172 4473 2407 4544; x_wconf 82' lang='grc' dir='ltr'>πονηροῦ</span> <span class='ocrx_word' id='word_1_662' title='bbox 2433 4492 2492 4525; x_wconf 86' lang='grc' dir='ltr'><strong>τε</strong></span> <span class='ocrx_word' id='word_1_663' title='bbox 2519 4474 2614 4526; x_wconf 75' lang='grc' dir='ltr'>καὶ</span> <span class='ocrx_word' id='word_1_664' title='bbox 2641 4475 2879 4545; x_wconf 82' lang='grc' dir='ltr'>ἀπηνοῦς</span> <span class='ocrx_word' id='word_1_665' title='bbox 2903 4475 3210 4545; x_wconf 80' lang='grc' dir='ltr'>πνεύματος</span> <span class='ocrx_word' id='word_1_666' title='bbox 3230 4474 3574 4545; x_wconf 73' lang='grc' dir='ltr'>ἠλευθέρωσέ</span> <span class='ocrx_word' id='word_1_667' title='bbox 3593 4492 3728 4528; x_wconf 88' lang='grc' dir='ltr'>τινα.</span> 
     </span>
    </p>
   </div>
   <div class='ocr_carea' id='block_1_95' title="bbox 2182 4563 3730 4636">
    <p class='ocr_par' dir='ltr' id='par_1_95' title="bbox 2182 4563 3730 4636">
     <span class='ocr_line' id='line_1_95' title="bbox 2182 4563 3730 4636; baseline -0.001 -20"><span class='ocrx_word' id='word_1_668' title='bbox 2182 4563 2317 4617; x_wconf 84' lang='grc' dir='ltr'>Ἀλλ’</span> <span class='ocrx_word' id='word_1_669' title='bbox 2343 4564 2451 4617; x_wconf 82' lang='grc' dir='ltr'>ἔδει</span> <span class='ocrx_word' id='word_1_670' title='bbox 2500 4564 2714 4628; x_wconf 87' lang='grc' dir='ltr'>πάντως</span> <span class='ocrx_word' id='word_1_671' title='bbox 2766 4563 2926 4621; x_wconf 78' lang='grc' dir='ltr'>αὐτὸν</span> <span class='ocrx_word' id='word_1_672' title='bbox 2972 4565 3032 4618; x_wconf 88' lang='grc' dir='ltr'><strong>τὸ</strong></span> <span class='ocrx_word' id='word_1_673' title='bbox 3078 4567 3339 4636; x_wconf 73' lang='grc' dir='ltr'>σωτήριον</span> <span class='ocrx_word' id='word_1_674' title='bbox 3387 4564 3527 4634; x_wconf 80' lang='grc' dir='ltr'>ὑπὲρ</span> <span class='ocrx_word' id='word_1_675' title='bbox 3578 4565 3730 4635; x_wconf 75' lang='grc' dir='ltr'>ἡμῶν</span> 
     </span>
    </p>
   </div>
   <div class='ocr_carea' id='block_1_96' title="bbox 508 4638 2070 4727">
    <p class='ocr_par' dir='ltr' id='par_1_96' title="bbox 508 4638 2067 4715">
     <span class='ocr_line' id='line_1_96' title="bbox 508 4638 2067 4715; baseline 0.003 -20"><span class='ocrx_word' id='word_1_676' title='bbox 508 4642 667 4697; x_wconf 82' lang='lat' dir='ltr'><strong>ravit.</strong></span> <span class='ocrx_word' id='word_1_677' title='bbox 698 4640 806 4696; x_wconf 90' lang='lat' dir='ltr'><strong>Sed</strong></span> <span class='ocrx_word' id='word_1_678' title='bbox 842 4638 1132 4709; x_wconf 89' lang='lat' dir='ltr'><strong>oportebat</strong></span> <span class='ocrx_word' id='word_1_679' title='bbox 1189 4653 1311 4693; x_wconf 91' lang='lat' dir='ltr'><strong>eum</strong></span> <span class='ocrx_word' id='word_1_680' title='bbox 1349 4640 1572 4697; x_wconf 90' lang='lat' dir='ltr'><strong>omnino</strong></span> <span class='ocrx_word' id='word_1_681' title='bbox 1624 4642 1917 4699; x_wconf 88' lang='lat' dir='ltr'><strong>salutarem</strong></span> <span class='ocrx_word' id='word_1_682' title='bbox 1970 4661 2067 4715; x_wconf 92' lang='lat' dir='ltr'><strong>pro</strong></span> 
     </span>
    </p>
   </div>
   <div class='ocr_carea' id='block_1_97' title="bbox 2178 4638 3731 4727">
    <p class='ocr_par' dir='ltr' id='par_1_97' title="bbox 2178 4652 3731 4727">
     <span class='ocr_line' id='line_1_97' title="bbox 2178 4652 3731 4727; baseline 0.001 -19"><span class='ocrx_word' id='word_1_683' title='bbox 2178 4657 2454 4727; x_wconf 71' lang='grc' dir='ltr'>ὅπομεῖναι</span> <span class='ocrx_word' id='word_1_684' title='bbox 2516 4656 2724 4721; x_wconf 83' lang='grc' dir='ltr'>πάθος,</span> <span class='ocrx_word' id='word_1_685' title='bbox 2796 4657 2889 4709; x_wconf 75' lang='grc' dir='ltr'><strong>καὶ</strong></span> <span class='ocrx_word' id='word_1_686' title='bbox 2947 4652 3043 4726; x_wconf 76' lang='grc' dir='ltr'>τῆς</span> <span class='ocrx_word' id='word_1_687' title='bbox 3090 4657 3351 4710; x_wconf 85' lang='grc' dir='ltr'>Ἰουδαίων</span> <span class='ocrx_word' id='word_1_688' title='bbox 3399 4657 3731 4727; x_wconf 83' lang='grc' dir='ltr'>ἀνασχέσθαι</span> 
     </span>
    </p>
   </div>
   <div class='ocr_carea' id='block_1_98' title="bbox 505 4728 2070 4817">
    <p class='ocr_par' dir='ltr' id='par_1_98' title="bbox 505 4728 2069 4805">
     <span class='ocr_line' id='line_1_98' title="bbox 505 4728 2069 4805; baseline 0.003 -18"><span class='ocrx_word' id='word_1_689' title='bbox 505 4733 662 4789; x_wconf 86' lang='lat' dir='ltr'><strong>nobis</strong></span> <span class='ocrx_word' id='word_1_690' title='bbox 696 4730 964 4788; x_wconf 88' lang='lat' dir='ltr'><strong>sustinere</strong></span> <span class='ocrx_word' id='word_1_691' title='bbox 988 4728 1318 4799; x_wconf 90' lang='lat' dir='ltr'><strong>passionem,</strong></span> <span class='ocrx_word' id='word_1_692' title='bbox 1378 4744 1441 4784; x_wconf 85' lang='lat' dir='ltr'><strong>ac</strong></span> <span class='ocrx_word' id='word_1_693' title='bbox 1494 4730 1798 4789; x_wconf 69' lang='lat' dir='ltr'><strong>Iudaeorum</strong></span> <span class='ocrx_word' id='word_1_694' title='bbox 1826 4735 2069 4805; x_wconf 80' lang='lat' dir='ltr'><strong>perferre</strong></span> 
     </span>
    </p>
   </div>
   <div class='ocr_carea' id='block_1_99' title="bbox 2178 4728 3730 4817">
    <p class='ocr_par' dir='ltr' id='par_1_99' title="bbox 2178 4740 3730 4817">
     <span class='ocr_line' id='line_1_99' title="bbox 2178 4740 3730 4817; baseline -0.001 -18"><span class='ocrx_word' id='word_1_695' title='bbox 2178 4746 2485 4816; x_wconf 78' lang='grc' dir='ltr'>σκαιότητος</span> <span class='ocrx_word' id='word_1_696' title='bbox 2507 4763 2520 4777; x_wconf 89' lang='grc'><strong>·</strong></span> <span class='ocrx_word' id='word_1_697' title='bbox 2550 4740 2611 4799; x_wconf 74' lang='grc' dir='ltr'><strong>οὗ</strong></span> <span class='ocrx_word' id='word_1_698' title='bbox 2639 4746 2701 4817; x_wconf 83' lang='grc' dir='ltr'>δὴ</span> <span class='ocrx_word' id='word_1_699' title='bbox 2731 4748 3032 4815; x_wconf 86' lang='grc' dir='ltr'>γεγονότος,</span> <span class='ocrx_word' id='word_1_700' title='bbox 3066 4747 3183 4799; x_wconf 78' lang='grc' dir='ltr'>οὐδὲ</span> <span class='ocrx_word' id='word_1_701' title='bbox 3213 4746 3437 4808; x_wconf 84' lang='grc' dir='ltr'>ἀπεικὸς</span> <span class='ocrx_word' id='word_1_702' title='bbox 3483 4748 3540 4799; x_wconf 80' lang='grc' dir='ltr'><strong>ἐν</strong></span> <span class='ocrx_word' id='word_1_703' title='bbox 3575 4745 3730 4817; x_wconf 78' lang='grc' dir='ltr'>θορύ-</span> 
     </span>
    </p>
   </div>
   <div class='ocr_carea' id='block_1_100' title="bbox 504 4816 2070 4907">
    <p class='ocr_par' dir='ltr' id='par_1_100' title="bbox 504 4816 2068 4892">
     <span class='ocr_line' id='line_1_100' title="bbox 504 4816 2068 4892; baseline 0.003 -15"><span class='ocrx_word' id='word_1_704' title='bbox 504 4820 914 4891; x_wconf 85' lang='lat' dir='ltr'><strong>perversitatem</strong></span> <span class='ocrx_word' id='word_1_705' title='bbox 950 4837 964 4872; x_wconf 88' lang='lat'><strong>:</strong></span> <span class='ocrx_word' id='word_1_706' title='bbox 995 4831 1103 4885; x_wconf 90' lang='lat' dir='ltr'><strong>quo</strong></span> <span class='ocrx_word' id='word_1_707' title='bbox 1134 4816 1277 4872; x_wconf 82' lang='lat' dir='ltr'><strong>facto</strong></span> <span class='ocrx_word' id='word_1_708' title='bbox 1308 4856 1323 4882; x_wconf 90' lang='lat'><strong>,</strong></span> <span class='ocrx_word' id='word_1_709' title='bbox 1382 4835 1557 4892; x_wconf 89' lang='lat' dir='ltr'><strong>neque</strong></span> <span class='ocrx_word' id='word_1_710' title='bbox 1592 4824 1944 4892; x_wconf 88' lang='lat' dir='ltr'><strong>improbabile</strong></span> <span class='ocrx_word' id='word_1_711' title='bbox 1986 4837 2068 4882; x_wconf 88' lang='lat' dir='ltr'><strong>est</strong></span> 
     </span>
    </p>
   </div>
   <div class='ocr_carea' id='block_1_101' title="bbox 2178 4816 3732 4907">
    <p class='ocr_par' dir='ltr' id='par_1_101' title="bbox 2178 4816 3732 4907">
     <span class='ocr_line' id='line_1_101' title="bbox 2178 4816 3732 4907; baseline 0.001 -20"><span class='ocrx_word' id='word_1_712' title='bbox 2178 4835 2282 4898; x_wconf 72' lang='grc' dir='ltr'>δοις</span> <span class='ocrx_word' id='word_1_713' title='bbox 2314 4834 2528 4889; x_wconf 77' lang='grc' dir='ltr'>ἔσεσθαι</span> <span class='ocrx_word' id='word_1_714' title='bbox 2558 4816 2695 4901; x_wconf 73' lang='grc' dir='ltr'>τοὺς</span> <span class='ocrx_word' id='word_1_715' title='bbox 2720 4836 2985 4907; x_wconf 84' lang='grc' dir='ltr'>μαθητὰς,</span> <span class='ocrx_word' id='word_1_716' title='bbox 3036 4836 3251 4889; x_wconf 84' lang='grc' dir='ltr'>κάκεῖνό</span> <span class='ocrx_word' id='word_1_717' title='bbox 3288 4852 3388 4888; x_wconf 90' lang='grc' dir='ltr'><strong>που</strong></span> <span class='ocrx_word' id='word_1_718' title='bbox 3418 4834 3558 4905; x_wconf 85' lang='grc' dir='ltr'>τάχα</span> <span class='ocrx_word' id='word_1_719' title='bbox 3603 4816 3732 4888; x_wconf 86' lang='grc' dir='ltr'>καθ’</span> 
     </span>
    </p>
   </div>
   <div class='ocr_carea' id='block_1_102' title="bbox 505 4906 2068 4991">
    <p class='ocr_par' dir='ltr' id='par_1_102' title="bbox 505 4906 2068 4991">
     <span class='ocr_line' id='line_1_102' title="bbox 505 4906 2068 4991; baseline 0.003 -24"><span class='ocrx_word' id='word_1_720' title='bbox 505 4912 801 4969; x_wconf 85' lang='lat' dir='ltr'><strong>turbaudos</strong></span> <span class='ocrx_word' id='word_1_721' title='bbox 829 4908 997 4963; x_wconf 83' lang='lat' dir='ltr'><strong>fuisse</strong></span> <span class='ocrx_word' id='word_1_722' title='bbox 1026 4906 1338 4980; x_wconf 86' lang='lat' dir='ltr'><strong>discipulos,</strong></span> <span class='ocrx_word' id='word_1_723' title='bbox 1376 4912 1615 4983; x_wconf 89' lang='lat' dir='ltr'><strong>illudque</strong></span> <span class='ocrx_word' id='word_1_724' title='bbox 1648 4913 1803 4991; x_wconf 28' lang='lat' dir='ltr'><strong>forte.</strong></span> <span class='ocrx_word' id='word_1_725' title='bbox 1832 4916 1971 4971; x_wconf 91' lang='lat' dir='ltr'><strong>intra</strong></span> <span class='ocrx_word' id='word_1_726' title='bbox 2009 4933 2068 4972; x_wconf 90' lang='lat' dir='ltr'><strong>se</strong></span> 
     </span>
    </p>
   </div>
   <div class='ocr_carea' id='block_1_103' title="bbox 504 4999 2062 5073">
    <p class='ocr_par' dir='ltr' id='par_1_103' title="bbox 504 4999 2062 5073">
     <span class='ocr_line' id='line_1_103' title="bbox 504 4999 2062 5073; baseline 0.004 -15"><span class='ocrx_word' id='word_1_727' title='bbox 504 5006 836 5073; x_wconf 87' lang='lat' dir='ltr'><strong>cogitaturos</strong></span> <span class='ocrx_word' id='word_1_728' title='bbox 879 4999 1229 5069; x_wconf 81' lang='lat' dir='ltr'><strong>dicturosque</strong></span> <span class='ocrx_word' id='word_1_729' title='bbox 1266 5020 1279 5056; x_wconf 90' lang='lat'><strong>:</strong></span> <span class='ocrx_word' id='word_1_730' title='bbox 1313 5002 1412 5070; x_wconf 86' lang='lat' dir='ltr'><strong>Qui</strong></span> <span class='ocrx_word' id='word_1_731' title='bbox 1469 5012 1545 5059; x_wconf 90' lang='lat' dir='ltr'><strong>tot</strong></span> <span class='ocrx_word' id='word_1_732' title='bbox 1587 5018 1831 5063; x_wconf 89' lang='lat' dir='ltr'><strong>mortuos</strong></span> <span class='ocrx_word' id='word_1_733' title='bbox 1881 5024 2062 5065; x_wconf 88' lang='lat' dir='ltr'><strong>resus-</strong></span> 
     </span>
    </p>
   </div>
   <div class='ocr_carea' id='block_1_104' title="bbox 505 5091 2065 5167">
    <p class='ocr_par' dir='ltr' id='par_1_104' title="bbox 505 5091 2065 5167">
     <span class='ocr_line' id='line_1_104' title="bbox 505 5091 2065 5167; baseline 0.004 -19"><span class='ocrx_word' id='word_1_734' title='bbox 505 5096 637 5148; x_wconf 80' lang='lat' dir='ltr'><strong>citat</strong></span> <span class='ocrx_word' id='word_1_735' title='bbox 666 5108 790 5148; x_wconf 77' lang='lat' dir='ltr'><strong>cuin</strong></span> <span class='ocrx_word' id='word_1_736' title='bbox 836 5091 1015 5150; x_wconf 78' lang='lat' dir='ltr'><strong>divina</strong></span> <span class='ocrx_word' id='word_1_737' title='bbox 1038 5093 1266 5163; x_wconf 87' lang='lat' dir='ltr'><strong>quadam</strong></span> <span class='ocrx_word' id='word_1_738' title='bbox 1299 5103 1601 5164; x_wconf 84' lang='lat' dir='ltr'><strong>pctestate,</strong></span> <span class='ocrx_word' id='word_1_739' title='bbox 1649 5097 1740 5167; x_wconf 89' lang='lat' dir='ltr'><strong>qui</strong></span> <span class='ocrx_word' id='word_1_740' title='bbox 1783 5113 1930 5154; x_wconf 90' lang='lat' dir='ltr'><strong>mare</strong></span> <span class='ocrx_word' id='word_1_741' title='bbox 1978 5100 2065 5154; x_wconf 86' lang='lat' dir='ltr'><strong>in-</strong></span> 
     </span>
    </p>
   </div>
   <div class='ocr_carea' id='block_1_105' title="bbox 504 5183 2062 5257">
    <p class='ocr_par' dir='ltr' id='par_1_105' title="bbox 504 5183 2062 5257">
     <span class='ocr_line' id='line_1_105' title="bbox 504 5183 2062 5257; baseline 0.003 -17"><span class='ocrx_word' id='word_1_742' title='bbox 504 5193 693 5253; x_wconf 83' lang='lat' dir='ltr'><strong>crepat</strong></span> <span class='ocrx_word' id='word_1_743' title='bbox 750 5201 815 5241; x_wconf 91' lang='lat' dir='ltr'><strong>ac</strong></span> <span class='ocrx_word' id='word_1_744' title='bbox 857 5193 1075 5248; x_wconf 79' lang='lat' dir='ltr'><strong>ventos,</strong></span> <span class='ocrx_word' id='word_1_745' title='bbox 1130 5183 1235 5254; x_wconf 81' lang='lat' dir='ltr'><strong>qui&#39;</strong></span> <span class='ocrx_word' id='word_1_746' title='bbox 1280 5185 1444 5257; x_wconf 69' lang='lat' dir='ltr'><strong>verbo</strong></span> <span class='ocrx_word' id='word_1_747' title='bbox 1497 5187 1731 5243; x_wconf 86' lang='lat' dir='ltr'><strong>conterit</strong></span> <span class='ocrx_word' id='word_1_748' title='bbox 1781 5188 2062 5256; x_wconf 87' lang='lat' dir='ltr'><strong>Satanam,</strong></span> 
     </span>
    </p>
   </div>
   <div class='ocr_carea' id='block_1_106' title="bbox 505 5274 2063 5349">
    <p class='ocr_par' dir='ltr' id='par_1_106' title="bbox 505 5274 2063 5349">
     <span class='ocr_line' id='line_1_106' title="bbox 505 5274 2063 5349; baseline 0.004 -17"><span class='ocrx_word' id='word_1_749' title='bbox 505 5279 773 5349; x_wconf 77' lang='lat' dir='ltr'><strong>quomodo</strong></span> <span class='ocrx_word' id='word_1_750' title='bbox 807 5288 948 5330; x_wconf 89' lang='lat' dir='ltr'><strong>nunc</strong></span> <span class='ocrx_word' id='word_1_751' title='bbox 976 5274 1187 5344; x_wconf 87' lang='lat' dir='ltr'><strong>capitur</strong></span> <span class='ocrx_word' id='word_1_752' title='bbox 1219 5283 1270 5329; x_wconf 90' lang='lat' dir='ltr'><strong>et</strong></span> <span class='ocrx_word' id='word_1_753' title='bbox 1315 5276 1368 5331; x_wconf 90' lang='lat' dir='ltr'><strong>in</strong></span> <span class='ocrx_word' id='word_1_754' title='bbox 1416 5276 1635 5348; x_wconf 90' lang='lat' dir='ltr'><strong>laqueos</strong></span> <span class='ocrx_word' id='word_1_755' title='bbox 1670 5280 1858 5335; x_wconf 89' lang='lat' dir='ltr'><strong>incidit</strong></span> <span class='ocrx_word' id='word_1_756' title='bbox 1889 5282 2063 5339; x_wconf 83' lang='lat' dir='ltr'><strong>homi-</strong></span> 
     </span>
    </p>
   </div>
   <div class='ocr_carea' id='block_1_107' title="bbox 505 5366 2064 5443">
    <p class='ocr_par' dir='ltr' id='par_1_107' title="bbox 505 5366 2064 5443">
     <span class='ocr_line' id='line_1_107' title="bbox 505 5366 2064 5443; baseline 0.006 -21"><span class='ocrx_word' id='word_1_757' title='bbox 505 5366 794 5423; x_wconf 86' lang='lat' dir='ltr'><strong>cidarum?</strong></span> <span class='ocrx_word' id='word_1_758' title='bbox 823 5366 1031 5434; x_wconf 82' lang='lat' dir='ltr'><strong>decepti</strong></span> <span class='ocrx_word' id='word_1_759' title='bbox 1078 5381 1266 5422; x_wconf 90' lang='lat' dir='ltr'><strong>sumus</strong></span> <span class='ocrx_word' id='word_1_760' title='bbox 1319 5368 1483 5437; x_wconf 89' lang='lat' dir='ltr'><strong>igitur</strong></span> <span class='ocrx_word' id='word_1_761' title='bbox 1521 5370 1687 5425; x_wconf 88' lang='lat' dir='ltr'><strong>Deum</strong></span> <span class='ocrx_word' id='word_1_762' title='bbox 1724 5372 1897 5443; x_wconf 91' lang='lat' dir='ltr'><strong>ipsum</strong></span> <span class='ocrx_word' id='word_1_763' title='bbox 1945 5390 2064 5431; x_wconf 89' lang='lat' dir='ltr'><strong>esse</strong></span> 
     </span>
    </p>
   </div>
   <div class='ocr_carea' id='block_1_108' title="bbox 503 5456 2061 5531">
    <p class='ocr_par' dir='ltr' id='par_1_108' title="bbox 503 5456 2061 5531">
     <span class='ocr_line' id='line_1_108' title="bbox 503 5456 2061 5531; baseline 0.006 -19"><span class='ocrx_word' id='word_1_764' title='bbox 503 5465 775 5528; x_wconf 87' lang='lat' dir='ltr'><strong>putantes.</strong></span> <span class='ocrx_word' id='word_1_765' title='bbox 815 5456 884 5512; x_wconf 87' lang='lat' dir='ltr'><strong>Ut</strong></span> <span class='ocrx_word' id='word_1_766' title='bbox 919 5457 1079 5526; x_wconf 86' lang='lat' dir='ltr'><strong>igitur</strong></span> <span class='ocrx_word' id='word_1_767' title='bbox 1103 5469 1431 5528; x_wconf 88' lang='lat' dir='ltr'><strong>cognoscant</strong></span> <span class='ocrx_word' id='word_1_768' title='bbox 1467 5476 1688 5531; x_wconf 89' lang='lat' dir='ltr'><strong>prorsus</strong></span> <span class='ocrx_word' id='word_1_769' title='bbox 1741 5474 1796 5518; x_wconf 90' lang='lat' dir='ltr'><strong>et</strong></span> <span class='ocrx_word' id='word_1_770' title='bbox 1839 5468 2061 5523; x_wconf 88' lang='lat' dir='ltr'><strong>omnino</strong></span> 
     </span>
    </p>
   </div>
   <div class='ocr_carea' id='block_1_109' title="bbox 504 5550 1811 5624">
    <p class='ocr_par' dir='ltr' id='par_1_109' title="bbox 504 5550 1811 5624">
     <span class='ocr_line' id='line_1_109' title="bbox 504 5550 1811 5624; baseline 0.003 -19"><span class='ocrx_word' id='word_1_771' title='bbox 504 5551 763 5613; x_wconf 78' lang='lat' dir='ltr'><strong>futurum,</strong></span> <span class='ocrx_word' id='word_1_772' title='bbox 802 5550 1035 5605; x_wconf 89' lang='lat' dir='ltr'><strong>insinuat</strong></span> <span class='ocrx_word' id='word_1_773' title='bbox 1063 5552 1139 5607; x_wconf 89' lang='lat' dir='ltr'><strong>eis</strong></span> <span class='ocrx_word' id='word_1_774' title='bbox 1173 5555 1486 5624; x_wconf 85' lang='lat' dir='ltr'><strong>mysterium</strong></span> <span class='ocrx_word' id='word_1_775' title='bbox 1521 5556 1811 5623; x_wconf 89' lang='lat' dir='ltr'><strong>passionis.</strong></span> 
     </span>
    </p>
   </div>
   <div class='ocr_carea' id='block_1_110' title="bbox 574 5639 2055 5717">
    <p class='ocr_par' dir='ltr' id='par_1_110' title="bbox 574 5639 2055 5717">
     <span class='ocr_line' id='line_1_110' title="bbox 574 5639 2055 5717; baseline 0.003 -22"><span class='ocrx_word' id='word_1_776' title='bbox 574 5639 736 5707; x_wconf 74' lang='lat' dir='ltr'><strong>XV“,</strong></span> <span class='ocrx_word' id='word_1_777' title='bbox 760 5641 849 5695; x_wconf 64' lang='lat'><strong>24.</strong></span> <span class='ocrx_word' id='word_1_778' title='bbox 886 5640 1221 5698; x_wconf 76' lang='lat' dir='ltr'><strong>Venientibus</strong></span> <span class='ocrx_word' id='word_1_779' title='bbox 1247 5656 1416 5700; x_wconf 80' lang='lat' dir='ltr'><strong>autem</strong></span> <span class='ocrx_word' id='word_1_780' title='bbox 1440 5645 1549 5700; x_wconf 77' lang='lat' dir='ltr'><strong>illis</strong></span> <span class='ocrx_word' id='word_1_781' title='bbox 1578 5648 1631 5701; x_wconf 84' lang='lat' dir='ltr'><strong>in</strong></span> <span class='ocrx_word' id='word_1_782' title='bbox 1652 5646 2055 5717; x_wconf 70' lang='lat' dir='ltr'><strong>Cap/iamcum,</strong></span> 
     </span>
    </p>
   </div>
   <div class='ocr_carea' id='block_1_111' title="bbox 2166 4927 3729 4997">
    <p class='ocr_par' dir='ltr' id='par_1_111' title="bbox 2166 4927 3729 4997">
     <span class='ocr_line' id='line_1_111' title="bbox 2166 4927 3729 4997; baseline -0.001 -17"><span class='ocrx_word' id='word_1_783' title='bbox 2166 4929 2387 4992; x_wconf 79' lang='grc' dir='ltr'>ἑαυτοὺς</span> <span class='ocrx_word' id='word_1_784' title='bbox 2434 4932 2634 4985; x_wconf 78' lang='grc' dir='ltr'>ἐννοεῖν</span> <span class='ocrx_word' id='word_1_785' title='bbox 2691 4928 2786 4982; x_wconf 78' lang='grc' dir='ltr'><strong>καὶ</strong></span> <span class='ocrx_word' id='word_1_786' title='bbox 2835 4927 3031 4995; x_wconf 82' lang='grc' dir='ltr'>λέγειν.</span> <span class='ocrx_word' id='word_1_787' title='bbox 3069 4929 3127 4982; x_wconf 83' lang='grc' dir='ltr'><strong>Ὀ</strong></span> <span class='ocrx_word' id='word_1_788' title='bbox 3170 4928 3454 4990; x_wconf 83' lang='grc' dir='ltr'>τοσούτους</span> <span class='ocrx_word' id='word_1_789' title='bbox 3504 4929 3729 4997; x_wconf 73' lang='grc' dir='ltr'>νεκροὺς</span> 
     </span>
    </p>
   </div>
   <div class='ocr_carea' id='block_1_112' title="bbox 2166 5018 3729 5092">
    <p class='ocr_par' dir='ltr' id='par_1_112' title="bbox 2166 5018 3729 5092">
     <span class='ocr_line' id='line_1_112' title="bbox 2166 5018 3729 5092; baseline -0.003 -19"><span class='ocrx_word' id='word_1_790' title='bbox 2166 5020 2494 5092; x_wconf 84' lang='grc' dir='ltr'>ἀναστήσας,</span> <span class='ocrx_word' id='word_1_791' title='bbox 2523 5022 2578 5073; x_wconf 88' lang='grc' dir='ltr'><strong>ἐν</strong></span> <span class='ocrx_word' id='word_1_792' title='bbox 2611 5018 2826 5090; x_wconf 78' lang='grc' dir='ltr'>ἐξουσίᾳ</span> <span class='ocrx_word' id='word_1_793' title='bbox 2852 5019 3141 5091; x_wconf 87' lang='grc' dir='ltr'>θεοπρεπεῖ</span> <span class='ocrx_word' id='word_1_794' title='bbox 3165 5018 3258 5072; x_wconf 73' lang='grc' dir='ltr'>καὶ</span> <span class='ocrx_word' id='word_1_795' title='bbox 3283 5019 3581 5081; x_wconf 85' lang='grc' dir='ltr'>θαλάσσαις</span> <span class='ocrx_word' id='word_1_796' title='bbox 3607 5021 3729 5070; x_wconf 80' lang='grc' dir='ltr'>ἐπι-</span> 
     </span>
    </p>
   </div>
   <div class='ocr_carea' id='block_1_113' title="bbox 2164 5109 3724 5183">
    <p class='ocr_par' dir='ltr' id='par_1_113' title="bbox 2164 5109 3724 5183">
     <span class='ocr_line' id='line_1_113' title="bbox 2164 5109 3724 5183; baseline 0 -19"><span class='ocrx_word' id='word_1_797' title='bbox 2164 5112 2337 5180; x_wconf 85' lang='grc' dir='ltr'>τιμῶν</span> <span class='ocrx_word' id='word_1_798' title='bbox 2365 5113 2457 5167; x_wconf 78' lang='grc' dir='ltr'>καὶ</span> <span class='ocrx_word' id='word_1_799' title='bbox 2484 5111 2846 5183; x_wconf 80' lang='grc' dir='ltr'>πνεύμασιν,ὁ</span> <span class='ocrx_word' id='word_1_800' title='bbox 2867 5111 3007 5180; x_wconf 84' lang='grc' dir='ltr'>λόγῳ</span> <span class='ocrx_word' id='word_1_801' title='bbox 3028 5110 3323 5182; x_wconf 86' lang='grc' dir='ltr'>συντρίϐων</span> <span class='ocrx_word' id='word_1_802' title='bbox 3352 5109 3442 5164; x_wconf 77' lang='grc' dir='ltr'>τὸν</span> <span class='ocrx_word' id='word_1_803' title='bbox 3460 5111 3724 5175; x_wconf 73' lang='grc' dir='ltr'>Σατανᾶν,</span> 
     </span>
    </p>
   </div>
   <div class='ocr_carea' id='block_1_114' title="bbox 2164 5199 3727 5271">
    <p class='ocr_par' dir='ltr' id='par_1_114' title="bbox 2164 5199 3727 5271">
     <span class='ocr_line' id='line_1_114' title="bbox 2164 5199 3727 5271; baseline -0.001 -19"><span class='ocrx_word' id='word_1_804' title='bbox 2164 5200 2281 5263; x_wconf 85' lang='grc' dir='ltr'><strong>πῶς</strong></span> <span class='ocrx_word' id='word_1_805' title='bbox 2326 5199 2441 5271; x_wconf 82' lang='grc' dir='ltr'><strong>ἥλω</strong></span> <span class='ocrx_word' id='word_1_806' title='bbox 2486 5201 2623 5266; x_wconf 71' lang='grc' dir='ltr'>νυνὶ,</span> <span class='ocrx_word' id='word_1_807' title='bbox 2652 5200 2744 5254; x_wconf 79' lang='grc' dir='ltr'><strong>καὶ</strong></span> <span class='ocrx_word' id='word_1_808' title='bbox 2778 5203 2889 5263; x_wconf 81' lang='grc' dir='ltr'>τοῖς</span> <span class='ocrx_word' id='word_1_809' title='bbox 2938 5201 3045 5253; x_wconf 84' lang='grc' dir='ltr'><strong>τῶν</strong></span> <span class='ocrx_word' id='word_1_810' title='bbox 3078 5200 3361 5268; x_wconf 75' lang='grc' dir='ltr'>φονώντων</span> <span class='ocrx_word' id='word_1_811' title='bbox 3396 5200 3727 5270; x_wconf 79' lang='grc' dir='ltr'>ἐμπέπτωκε</span> 
     </span>
    </p>
   </div>
   <div class='ocr_carea' id='block_1_115' title="bbox 2165 5288 3728 5365">
    <p class='ocr_par' dir='ltr' id='par_1_115' title="bbox 2165 5288 3728 5365">
     <span class='ocr_line' id='line_1_115' title="bbox 2165 5288 3728 5365; baseline -0.003 -19"><span class='ocrx_word' id='word_1_812' title='bbox 2165 5292 2416 5365; x_wconf 82' lang='grc' dir='ltr'>βρόχοις;</span> <span class='ocrx_word' id='word_1_813' title='bbox 2464 5294 2605 5362; x_wconf 75' lang='grc' dir='ltr'>Ἀρα</span> <span class='ocrx_word' id='word_1_814' title='bbox 2634 5291 2989 5362; x_wconf 78' lang='grc' dir='ltr'>ὴπατήθημεν</span> <span class='ocrx_word' id='word_1_815' title='bbox 3042 5292 3173 5344; x_wconf 83' lang='grc' dir='ltr'>Θεὸν</span> <span class='ocrx_word' id='word_1_816' title='bbox 3225 5288 3366 5344; x_wconf 82' lang='grc' dir='ltr'>εἶναι</span> <span class='ocrx_word' id='word_1_817' title='bbox 3416 5291 3728 5361; x_wconf 80' lang='grc' dir='ltr'>νομίζοντες</span> 
     </span>
    </p>
   </div>
   <div class='ocr_carea' id='block_1_116' title="bbox 2162 5380 3727 5448">
    <p class='ocr_par' dir='ltr' id='par_1_116' title="bbox 2162 5380 3727 5448">
     <span class='ocr_line' id='line_1_116' title="bbox 2162 5380 3727 5448; baseline -0.003 -13"><span class='ocrx_word' id='word_1_818' title='bbox 2162 5382 2463 5435; x_wconf 84' lang='grc' dir='ltr'>αὐτόν.⁹Ίνα</span> <span class='ocrx_word' id='word_1_819' title='bbox 2494 5380 2673 5433; x_wconf 87' lang='grc' dir='ltr'>τοίνυν</span> <span class='ocrx_word' id='word_1_820' title='bbox 2703 5380 2889 5433; x_wconf 86' lang='grc' dir='ltr'>εἰδεῖεν</span> <span class='ocrx_word' id='word_1_821' title='bbox 2938 5381 2999 5433; x_wconf 84' lang='grc' dir='ltr'><strong>τὸ</strong></span> <span class='ocrx_word' id='word_1_822' title='bbox 3046 5381 3219 5448; x_wconf 88' lang='grc' dir='ltr'>πάντη</span> <span class='ocrx_word' id='word_1_823' title='bbox 3263 5397 3323 5431; x_wconf 89' lang='grc' dir='ltr'><strong>τε</strong></span> <span class='ocrx_word' id='word_1_824' title='bbox 3377 5381 3472 5433; x_wconf 74' lang='grc' dir='ltr'><strong>καὶ</strong></span> <span class='ocrx_word' id='word_1_825' title='bbox 3512 5381 3727 5441; x_wconf 80' lang='grc' dir='ltr'>πάντως</span> 
     </span>
    </p>
   </div>
   <div class='ocr_carea' id='block_1_117' title="bbox 2160 5470 3726 5542">
    <p class='ocr_par' dir='ltr' id='par_1_117' title="bbox 2160 5470 3726 5542">
     <span class='ocr_line' id='line_1_117' title="bbox 2160 5470 3726 5542; baseline -0.001 -17"><span class='ocrx_word' id='word_1_826' title='bbox 2160 5474 2435 5540; x_wconf 80' lang='grc' dir='ltr'>ἐσόμενον,</span> <span class='ocrx_word' id='word_1_827' title='bbox 2464 5471 2765 5541; x_wconf 84' lang='grc' dir='ltr'>προμηνύει</span> <span class='ocrx_word' id='word_1_828' title='bbox 2795 5472 2977 5534; x_wconf 81' lang='grc' dir='ltr'>αὐτοῖς</span> <span class='ocrx_word' id='word_1_829' title='bbox 3021 5470 3115 5523; x_wconf 82' lang='grc' dir='ltr'>τοῦ</span> <span class='ocrx_word' id='word_1_830' title='bbox 3164 5471 3367 5535; x_wconf 83' lang='grc' dir='ltr'>πάθους</span> <span class='ocrx_word' id='word_1_831' title='bbox 3408 5473 3470 5526; x_wconf 83' lang='grc' dir='ltr'><strong>τὸ</strong></span> <span class='ocrx_word' id='word_1_832' title='bbox 3520 5472 3726 5542; x_wconf 75' lang='grc' dir='ltr'>μυστη-</span> 
     </span>
    </p>
   </div>
   <div class='ocr_carea' id='block_1_118' title="bbox 2162 5579 2295 5633">
    <p class='ocr_par' dir='ltr' id='par_1_118' title="bbox 2162 5579 2295 5633">
     <span class='ocr_line' id='line_1_118' title="bbox 2162 5579 2295 5633; baseline 0.015 -20"><span class='ocrx_word' id='word_1_833' title='bbox 2162 5579 2295 5633; x_wconf 89' lang='grc' dir='ltr'>ριον.</span> 
     </span>
    </p>
   </div>
   <div class='ocr_carea' id='block_1_119' title="bbox 2242 5651 3724 5722">
    <p class='ocr_par' dir='ltr' id='par_1_119' title="bbox 2242 5651 3724 5722">
     <span class='ocr_line' id='line_1_119' title="bbox 2242 5651 3724 5722; baseline 0.001 -16"><span class='ocrx_word' id='word_1_834' title='bbox 2242 5652 2568 5707; x_wconf 67' lang='grc' dir='ltr'>Ἔάθόντων</span> <span class='ocrx_word' id='word_1_835' title='bbox 2614 5651 2682 5704; x_wconf 80' lang='grc' dir='ltr'>δὲ</span> <span class='ocrx_word' id='word_1_836' title='bbox 2722 5652 2919 5707; x_wconf 79' lang='grc' dir='ltr'>αὐτῶν</span> <span class='ocrx_word' id='word_1_837' title='bbox 2961 5654 3047 5717; x_wconf 82' lang='grc' dir='ltr'>εὶς</span> <span class='ocrx_word' id='word_1_838' title='bbox 3090 5652 3503 5720; x_wconf 78' lang='grc' dir='ltr'>Καπερναοὺμ,</span> <span class='ocrx_word' id='word_1_839' title='bbox 3538 5666 3724 5722; x_wconf 74' lang='grc' dir='ltr'>προσ-</span> 
     </span>
    </p>
   </div>
  </div>
