  <div class='ocr_page' id='page_1' title='image "/cluster/home/n/w/nwhite01/storage/ocr_20150623/72/pst.000005712731/238.png"; bbox 0 0 3946 6316; ppageno 0'>
   <div class='ocr_carea' id='block_1_1' title="bbox 280 296 385 351">
    <p class='ocr_par' dir='ltr' id='par_1_1' title="bbox 280 296 385 351">
     <span class='ocr_line' id='line_1_1' title="bbox 280 296 385 351; baseline 0 -1"><span class='ocrx_word' id='word_1_1' title='bbox 280 296 385 351; x_wconf 61' lang='lat'><strong>419</strong></span> 
     </span>
    </p>
   </div>
   <div class='ocr_carea' id='block_1_2' title="bbox 1432 299 2366 358">
    <p class='ocr_par' dir='ltr' id='par_1_2' title="bbox 1432 299 2366 358">
     <span class='ocr_line' id='line_1_2' title="bbox 1432 299 2366 358; baseline 0 -2"><span class='ocrx_word' id='word_1_2' title='bbox 1432 299 1788 356; x_wconf 72' lang='lat' dir='ltr'><strong>CUMMENT.</strong></span> <span class='ocrx_word' id='word_1_3' title='bbox 1829 299 1892 356; x_wconf 84' lang='lat' dir='ltr'><strong>IN</strong></span> <span class='ocrx_word' id='word_1_4' title='bbox 1932 300 2060 354; x_wconf 71' lang='grc' dir='ltr'><strong>ΜΛἸ</strong></span> <span class='ocrx_word' id='word_1_5' title='bbox 2079 300 2366 358; x_wconf 69' lang='grc' dir='ltr'><strong>ΤΙΙΔΕΗΜ.</strong></span> 
     </span>
    </p>
   </div>
   <div class='ocr_carea' id='block_1_3' title="bbox 3401 316 3504 373">
    <p class='ocr_par' dir='ltr' id='par_1_3' title="bbox 3401 316 3504 373">
     <span class='ocr_line' id='line_1_3' title="bbox 3401 316 3504 373; baseline 0.01 -2"><span class='ocrx_word' id='word_1_6' title='bbox 3401 316 3504 373; x_wconf 66' lang='grc' dir='ltr'><strong>4ῗο</strong></span> 
     </span>
    </p>
   </div>
   <div class='ocr_carea' id='block_1_4' title="bbox 279 401 1809 490">
    <p class='ocr_par' dir='ltr' id='par_1_4' title="bbox 279 401 1809 476">
     <span class='ocr_line' id='line_1_4' title="bbox 279 401 1809 476; baseline 0.004 -19"><span class='ocrx_word' id='word_1_7' title='bbox 279 405 468 472; x_wconf 71' lang='grc' dir='ltr'><em>ἦλθον</em></span> <span class='ocrx_word' id='word_1_8' title='bbox 505 405 560 455; x_wconf 87' lang='lat' dir='ltr'><strong>ol</strong></span> <span class='ocrx_word' id='word_1_9' title='bbox 607 401 676 456; x_wconf 84' lang='grc' dir='ltr'>τὰ</span> <span class='ocrx_word' id='word_1_10' title='bbox 725 403 1016 474; x_wconf 80' lang='grc' dir='ltr'><strong>δίδραχμα</strong></span> <span class='ocrx_word' id='word_1_11' title='bbox 1064 403 1466 474; x_wconf 76' lang='grc' dir='ltr'>,λαμϐάνοντες</span> <span class='ocrx_word' id='word_1_12' title='bbox 1513 409 1594 474; x_wconf 85' lang='grc' dir='ltr'>τῷ</span> <span class='ocrx_word' id='word_1_13' title='bbox 1644 410 1809 476; x_wconf 72' lang='grc' dir='ltr'>Πέτρι</span> 
     </span>
    </p>
   </div>
   <div class='ocr_carea' id='block_1_5' title="bbox 1929 401 3499 490">
    <p class='ocr_par' dir='ltr' id='par_1_5' title="bbox 1952 409 3499 490">
     <span class='ocr_line' id='line_1_5' title="bbox 1952 409 3499 490; baseline 0.012 -30"><span class='ocrx_word' id='word_1_14' title='bbox 1952 409 2730 480; x_wconf 78' lang='lat' dir='ltr'><strong>accesseruntquididrachma</strong></span> <span class='ocrx_word' id='word_1_15' title='bbox 2778 411 3095 488; x_wconf 81' lang='lat' dir='ltr'><strong>accipiebant</strong></span> <span class='ocrx_word' id='word_1_16' title='bbox 3143 417 3211 471; x_wconf 79' lang='lat' dir='ltr'><strong>ad</strong></span> <span class='ocrx_word' id='word_1_17' title='bbox 3261 419 3499 490; x_wconf 78' lang='lat' dir='ltr'><strong>Petrum,</strong></span> 
     </span>
    </p>
   </div>
   <div class='ocr_carea' id='block_1_6' title="bbox 275 491 1839 564">
    <p class='ocr_par' dir='ltr' id='par_1_6' title="bbox 275 491 1839 564">
     <span class='ocr_line' id='line_1_6' title="bbox 275 491 1839 564; baseline 0.005 -20"><span class='ocrx_word' id='word_1_18' title='bbox 275 491 373 544; x_wconf 72' lang='lat' dir='ltr'><strong>acui</strong></span> <span class='ocrx_word' id='word_1_19' title='bbox 401 491 606 544; x_wconf 76' lang='grc' dir='ltr'>εἷπον·</span> <span class='ocrx_word' id='word_1_20' title='bbox 645 492 707 544; x_wconf 89' lang='lat'><strong>&#39;0</strong></span> <span class='ocrx_word' id='word_1_21' title='bbox 735 491 1096 559; x_wconf 83' lang='grc' dir='ltr'>διδάσκαλος</span> <span class='ocrx_word' id='word_1_22' title='bbox 1121 494 1286 564; x_wconf 82' lang='grc' dir='ltr'>ὑμῶν</span> <span class='ocrx_word' id='word_1_23' title='bbox 1329 497 1400 551; x_wconf 81' lang='grc' dir='ltr'>οὐ</span> <span class='ocrx_word' id='word_1_24' title='bbox 1448 499 1608 551; x_wconf 82' lang='grc' dir='ltr'>τελεῖ</span> <span class='ocrx_word' id='word_1_25' title='bbox 1647 501 1719 551; x_wconf 79' lang='grc' dir='ltr'>τὰ</span> <span class='ocrx_word' id='word_1_26' title='bbox 1755 498 1839 551; x_wconf 84' lang='grc' dir='ltr'>δί-</span> 
     </span>
    </p>
   </div>
   <div class='ocr_carea' id='block_1_7' title="bbox 272 579 932 649">
    <p class='ocr_par' dir='ltr' id='par_1_7' title="bbox 272 579 932 649">
     <span class='ocr_line' id='line_1_7' title="bbox 272 579 932 649; baseline 0.003 -17"><span class='ocrx_word' id='word_1_27' title='bbox 272 581 385 649; x_wconf 87' lang='grc' dir='ltr'><strong>δρα</strong></span> <span class='ocrx_word' id='word_1_28' title='bbox 391 597 507 648; x_wconf 73' lang='grc' dir='ltr'>χμα</span> <span class='ocrx_word' id='word_1_29' title='bbox 524 595 543 643; x_wconf 87' lang='grc'><strong><em>;</em></strong></span> <span class='ocrx_word' id='word_1_30' title='bbox 573 579 740 648; x_wconf 74' lang='grc' dir='ltr'>Λέγει</span> <span class='ocrx_word' id='word_1_31' title='bbox 761 596 773 610; x_wconf 90' lang='grc'><strong>·</strong></span> <span class='ocrx_word' id='word_1_32' title='bbox 800 581 932 635; x_wconf 83' lang='grc' dir='ltr'>Ναί.</span> 
     </span>
    </p>
   </div>
   <div class='ocr_carea' id='block_1_8' title="bbox 357 671 1839 747">
    <p class='ocr_par' dir='ltr' id='par_1_8' title="bbox 357 671 1839 747">
     <span class='ocr_line' id='line_1_8' title="bbox 357 671 1839 747; baseline 0.007 -26"><span class='ocrx_word' id='word_1_33' title='bbox 357 671 510 740; x_wconf 74' lang='grc' dir='ltr'>Ἐμοὶ</span> <span class='ocrx_word' id='word_1_34' title='bbox 546 671 712 734; x_wconf 85' lang='grc' dir='ltr'>δοκεῖ,</span> <span class='ocrx_word' id='word_1_35' title='bbox 743 673 825 725; x_wconf 84' lang='grc' dir='ltr'>ὅτι</span> <span class='ocrx_word' id='word_1_36' title='bbox 860 672 999 726; x_wconf 77' lang='grc' dir='ltr'>κατὰ</span> <span class='ocrx_word' id='word_1_37' title='bbox 1037 673 1190 727; x_wconf 83' lang='grc' dir='ltr'>πόλιν</span> <span class='ocrx_word' id='word_1_38' title='bbox 1225 675 1462 746; x_wconf 81' lang='grc' dir='ltr'>ἑκάστην</span> <span class='ocrx_word' id='word_1_39' title='bbox 1503 677 1742 747; x_wconf 80' lang='grc' dir='ltr'><strong>ἀπῄτουν</strong></span> <span class='ocrx_word' id='word_1_40' title='bbox 1772 677 1839 731; x_wconf 78' lang='grc' dir='ltr'><strong>τὰ</strong></span> 
     </span>
    </p>
   </div>
   <div class='ocr_carea' id='block_1_9' title="bbox 270 764 1838 845">
    <p class='ocr_par' dir='ltr' id='par_1_9' title="bbox 270 764 1838 845">
     <span class='ocr_line' id='line_1_9' title="bbox 270 764 1838 845; baseline 0.008 -29"><span class='ocrx_word' id='word_1_41' title='bbox 270 764 562 834; x_wconf 80' lang='grc' dir='ltr'><strong>δίδραχμα,</strong></span> <span class='ocrx_word' id='word_1_42' title='bbox 599 765 679 818; x_wconf 84' lang='grc' dir='ltr'><strong>διὸ</strong></span> <span class='ocrx_word' id='word_1_43' title='bbox 725 768 818 819; x_wconf 76' lang='grc' dir='ltr'><strong>καὶ</strong></span> <span class='ocrx_word' id='word_1_44' title='bbox 853 769 910 819; x_wconf 84' lang='grc' dir='ltr'>ὲν</span> <span class='ocrx_word' id='word_1_45' title='bbox 940 769 1312 842; x_wconf 84' lang='grc' dir='ltr'>Καπερναοὺμ</span> <span class='ocrx_word' id='word_1_46' title='bbox 1341 773 1606 843; x_wconf 69' lang='grc' dir='ltr'>εἰσῆλθον,</span> <span class='ocrx_word' id='word_1_47' title='bbox 1652 775 1838 845; x_wconf 76' lang='grc' dir='ltr'>ἐπειδὴ</span> 
     </span>
    </p>
   </div>
   <div class='ocr_carea' id='block_1_10' title="bbox 268 855 1836 936">
    <p class='ocr_par' dir='ltr' id='par_1_10' title="bbox 268 855 1836 936">
     <span class='ocr_line' id='line_1_10' title="bbox 268 855 1836 936; baseline 0.008 -29"><span class='ocrx_word' id='word_1_48' title='bbox 268 857 471 925; x_wconf 77' lang='grc' dir='ltr'>πατρὶς</span> <span class='ocrx_word' id='word_1_49' title='bbox 498 855 730 925; x_wconf 79' lang='grc' dir='ltr'><strong>Χριστοῦ</strong></span> <span class='ocrx_word' id='word_1_50' title='bbox 766 858 1042 928; x_wconf 77' lang='grc' dir='ltr'><strong>ἐνομίζετο</strong></span> <span class='ocrx_word' id='word_1_51' title='bbox 1062 875 1074 887; x_wconf 88' lang='lat'><strong>&#39;</strong></span> <span class='ocrx_word' id='word_1_52' title='bbox 1109 863 1204 914; x_wconf 67' lang='grc' dir='ltr'><strong>καὶ</strong></span> <span class='ocrx_word' id='word_1_53' title='bbox 1243 863 1563 934; x_wconf 81' lang='grc' dir='ltr'><strong>πανούργως</strong></span> <span class='ocrx_word' id='word_1_54' title='bbox 1590 865 1836 936; x_wconf 80' lang='grc' dir='ltr'>ἐρωτῶσι</span> 
     </span>
    </p>
   </div>
   <div class='ocr_carea' id='block_1_11' title="bbox 265 946 1838 1022">
    <p class='ocr_par' dir='ltr' id='par_1_11' title="bbox 265 946 1838 1022">
     <span class='ocr_line' id='line_1_11' title="bbox 265 946 1838 1022; baseline 0.007 -24"><span class='ocrx_word' id='word_1_55' title='bbox 265 947 360 999; x_wconf 83' lang='grc' dir='ltr'><strong>τὸν</strong></span> <span class='ocrx_word' id='word_1_56' title='bbox 387 946 591 1018; x_wconf 82' lang='grc' dir='ltr'>Πέτρον</span> <span class='ocrx_word' id='word_1_57' title='bbox 615 963 629 977; x_wconf 77' lang='grc' dir='ltr'><strong>ο</strong></span> <span class='ocrx_word' id='word_1_58' title='bbox 658 947 900 1020; x_wconf 78' lang='grc' dir='ltr'><strong>Ἐπειδὴ,</strong></span> <span class='ocrx_word' id='word_1_59' title='bbox 927 950 1112 1019; x_wconf 59' lang='grc' dir='ltr'>φησιν,</span> <span class='ocrx_word' id='word_1_60' title='bbox 1143 950 1263 1015; x_wconf 75' lang='grc' dir='ltr'>ἔθος</span> <span class='ocrx_word' id='word_1_61' title='bbox 1298 952 1410 1022; x_wconf 79' lang='grc' dir='ltr'>ἔχει</span> <span class='ocrx_word' id='word_1_62' title='bbox 1442 956 1550 1017; x_wconf 82' lang='grc' dir='ltr'>τοῖς</span> <span class='ocrx_word' id='word_1_63' title='bbox 1589 953 1682 1007; x_wconf 89' lang='grc' dir='ltr'><strong>τοῦ</strong></span> <span class='ocrx_word' id='word_1_64' title='bbox 1713 957 1838 1008; x_wconf 84' lang='grc' dir='ltr'><strong>Μω-</strong></span> 
     </span>
    </p>
   </div>
   <div class='ocr_carea' id='block_1_12' title="bbox 265 1039 1831 1115">
    <p class='ocr_par' dir='ltr' id='par_1_12' title="bbox 265 1039 1831 1115">
     <span class='ocr_line' id='line_1_12' title="bbox 265 1039 1831 1115; baseline 0.005 -24"><span class='ocrx_word' id='word_1_65' title='bbox 265 1039 407 1101; x_wconf 81' lang='grc' dir='ltr'>σέως</span> <span class='ocrx_word' id='word_1_66' title='bbox 432 1039 887 1110; x_wconf 79' lang='grc' dir='ltr'>ἀντιπράττεσθαι</span> <span class='ocrx_word' id='word_1_67' title='bbox 905 1042 1110 1113; x_wconf 80' lang='grc' dir='ltr'>νόμοις,</span> <span class='ocrx_word' id='word_1_68' title='bbox 1129 1045 1247 1098; x_wconf 73' lang='grc' dir='ltr'>οὐδὲ</span> <span class='ocrx_word' id='word_1_69' title='bbox 1270 1044 1329 1097; x_wconf 81' lang='grc' dir='ltr'><strong>τὸ</strong></span> <span class='ocrx_word' id='word_1_70' title='bbox 1347 1044 1636 1115; x_wconf 75' lang='grc' dir='ltr'>δίδραχμον</span> <span class='ocrx_word' id='word_1_71' title='bbox 1660 1047 1831 1099; x_wconf 85' lang='grc' dir='ltr'>τελεῖ·</span> 
     </span>
    </p>
   </div>
   <div class='ocr_carea' id='block_1_13' title="bbox 260 1130 1837 1207">
    <p class='ocr_par' dir='ltr' id='par_1_13' title="bbox 260 1130 1837 1207">
     <span class='ocr_line' id='line_1_13' title="bbox 260 1130 1837 1207; baseline 0.006 -25"><span class='ocrx_word' id='word_1_72' title='bbox 260 1130 422 1194; x_wconf 70' lang='grc' dir='ltr'>εἰδὼς</span> <span class='ocrx_word' id='word_1_73' title='bbox 451 1132 531 1184; x_wconf 76' lang='grc' dir='ltr'>ὅτι</span> <span class='ocrx_word' id='word_1_74' title='bbox 558 1131 652 1184; x_wconf 75' lang='grc' dir='ltr'>καὶ</span> <span class='ocrx_word' id='word_1_75' title='bbox 680 1132 708 1183; x_wconf 97' lang='lat'><strong>6</strong></span> <span class='ocrx_word' id='word_1_76' title='bbox 734 1133 969 1202; x_wconf 86' lang='grc' dir='ltr'>Χριστὸς</span> <span class='ocrx_word' id='word_1_77' title='bbox 992 1131 1059 1205; x_wconf 82' lang='grc' dir='ltr'>ἦν</span> <span class='ocrx_word' id='word_1_78' title='bbox 1084 1136 1254 1188; x_wconf 77' lang='grc' dir='ltr'>εἰπών</span> <span class='ocrx_word' id='word_1_79' title='bbox 1273 1153 1287 1167; x_wconf 88' lang='grc'><strong>·</strong></span> <span class='ocrx_word' id='word_1_80' title='bbox 1339 1154 1358 1187; x_wconf 81' lang='grc' dir='ltr'><strong>ι</strong></span> <span class='ocrx_word' id='word_1_81' title='bbox 1389 1136 1501 1188; x_wconf 78' lang='grc' dir='ltr'>Οὐκ</span> <span class='ocrx_word' id='word_1_82' title='bbox 1539 1132 1700 1207; x_wconf 81' lang='grc' dir='ltr'>ἦλθον</span> <span class='ocrx_word' id='word_1_83' title='bbox 1748 1155 1837 1191; x_wconf 87' lang='grc' dir='ltr'>κα-</span> 
     </span>
    </p>
   </div>
   <div class='ocr_carea' id='block_1_14' title="bbox 257 1224 1835 1302">
    <p class='ocr_par' dir='ltr' id='par_1_14' title="bbox 257 1224 1835 1302">
     <span class='ocr_line' id='line_1_14' title="bbox 257 1224 1835 1302; baseline 0.004 -24"><span class='ocrx_word' id='word_1_84' title='bbox 257 1224 496 1278; x_wconf 85' lang='grc' dir='ltr'>ταλῦσαι</span> <span class='ocrx_word' id='word_1_85' title='bbox 530 1224 619 1278; x_wconf 80' lang='grc' dir='ltr'><strong>τὸν</strong></span> <span class='ocrx_word' id='word_1_86' title='bbox 665 1225 1018 1295; x_wconf 84' lang='grc' dir='ltr'>νόμον,.ἀλλὰ</span> <span class='ocrx_word' id='word_1_87' title='bbox 1067 1227 1419 1298; x_wconf 74' lang='grc' dir='ltr'>πληρῶσαι,«›</span> <span class='ocrx_word' id='word_1_88' title='bbox 1473 1230 1566 1282; x_wconf 72' lang='grc' dir='ltr'>καὶ</span> <span class='ocrx_word' id='word_1_89' title='bbox 1612 1231 1694 1283; x_wconf 85' lang='grc' dir='ltr'><strong>ὄτι</strong></span> <span class='ocrx_word' id='word_1_90' title='bbox 1737 1231 1835 1302; x_wconf 82' lang='grc' dir='ltr'>τῆς</span> 
     </span>
    </p>
   </div>
   <div class='ocr_carea' id='block_1_15' title="bbox 257 1315 1833 1391">
    <p class='ocr_par' dir='ltr' id='par_1_15' title="bbox 257 1315 1833 1391">
     <span class='ocr_line' id='line_1_15' title="bbox 257 1315 1833 1391; baseline 0.004 -23"><span class='ocrx_word' id='word_1_91' title='bbox 257 1315 575 1385; x_wconf 69' lang='grc' dir='ltr'>οἰκονομίας</span> <span class='ocrx_word' id='word_1_92' title='bbox 609 1318 636 1369; x_wconf 87' lang='lat'><strong>6</strong></span> <span class='ocrx_word' id='word_1_93' title='bbox 663 1317 862 1387; x_wconf 81' lang='grc' dir='ltr'>τρόπος</span> <span class='ocrx_word' id='word_1_94' title='bbox 892 1318 1048 1371; x_wconf 85' lang='grc' dir='ltr'>τοῦτο</span> <span class='ocrx_word' id='word_1_95' title='bbox 1072 1319 1309 1371; x_wconf 79' lang='grc' dir='ltr'>ἀπαιτεῖ.</span> <span class='ocrx_word' id='word_1_96' title='bbox 1346 1320 1569 1383; x_wconf 84' lang='grc' dir='ltr'>Τούτοις</span> <span class='ocrx_word' id='word_1_97' title='bbox 1598 1321 1694 1391; x_wconf 81' lang='grc' dir='ltr'>μὲν</span> <span class='ocrx_word' id='word_1_98' title='bbox 1741 1317 1833 1376; x_wconf 81' lang='grc' dir='ltr'><strong>οῦν</strong></span> 
     </span>
    </p>
   </div>
   <div class='ocr_carea' id='block_1_16' title="bbox 256 1403 1825 1482">
    <p class='ocr_par' dir='ltr' id='par_1_16' title="bbox 256 1403 1825 1482">
     <span class='ocr_line' id='line_1_16' title="bbox 256 1403 1825 1482; baseline 0.005 -24"><span class='ocrx_word' id='word_1_99' title='bbox 256 1403 415 1459; x_wconf 74' lang='grc' dir='ltr'>εἶπεν</span> <span class='ocrx_word' id='word_1_100' title='bbox 448 1409 477 1459; x_wconf 95' lang='lat'><strong>6</strong></span> <span class='ocrx_word' id='word_1_101' title='bbox 505 1407 729 1478; x_wconf 81' lang='grc' dir='ltr'><strong>Πέτρος,</strong></span> <span class='ocrx_word' id='word_1_102' title='bbox 754 1409 836 1462; x_wconf 84' lang='grc' dir='ltr'>ὅτι</span> <span class='ocrx_word' id='word_1_103' title='bbox 864 1409 1034 1462; x_wconf 75' lang='grc' dir='ltr'>τελεῖ·</span> <span class='ocrx_word' id='word_1_104' title='bbox 1084 1409 1159 1480; x_wconf 84' lang='grc' dir='ltr'>τῷ</span> <span class='ocrx_word' id='word_1_105' title='bbox 1187 1409 1242 1462; x_wconf 85' lang='grc' dir='ltr'>δὲ</span> <span class='ocrx_word' id='word_1_106' title='bbox 1267 1410 1490 1482; x_wconf 82' lang='grc' dir='ltr'>Χριστῷ</span> <span class='ocrx_word' id='word_1_107' title='bbox 1518 1411 1618 1464; x_wconf 75' lang='grc' dir='ltr'><strong>οὐκ</strong></span> <span class='ocrx_word' id='word_1_108' title='bbox 1651 1409 1825 1479; x_wconf 74' lang='grc' dir='ltr'>εἶπεν,</span> 
     </span>
    </p>
   </div>
   <div class='ocr_carea' id='block_1_17' title="bbox 255 1497 1475 1572">
    <p class='ocr_par' dir='ltr' id='par_1_17' title="bbox 255 1497 1475 1572">
     <span class='ocr_line' id='line_1_17' title="bbox 255 1497 1475 1572; baseline 0.006 -25"><span class='ocrx_word' id='word_1_109' title='bbox 255 1497 390 1560; x_wconf 68' lang='grc' dir='ltr'>ἴσως</span> <span class='ocrx_word' id='word_1_110' title='bbox 422 1497 689 1567; x_wconf 74' lang='grc' dir='ltr'>ἐρυθριῶν</span> <span class='ocrx_word' id='word_1_111' title='bbox 715 1499 853 1569; x_wconf 78' lang='grc' dir='ltr'>ὑπὲρ</span> <span class='ocrx_word' id='word_1_112' title='bbox 880 1501 1082 1553; x_wconf 81' lang='grc' dir='ltr'>τούτων</span> <span class='ocrx_word' id='word_1_113' title='bbox 1114 1500 1475 1572; x_wconf 81' lang='grc' dir='ltr'>διαλεχθῆναι.</span> 
     </span>
    </p>
   </div>
   <div class='ocr_carea' id='block_1_18' title="bbox 222 1588 1832 1663">
    <p class='ocr_par' dir='ltr' id='par_1_18' title="bbox 222 1588 1832 1663">
     <span class='ocr_line' id='line_1_18' title="bbox 222 1588 1832 1663; baseline 0.005 -23"><span class='ocrx_word' id='word_1_114' title='bbox 222 1621 235 1630; x_wconf 75' lang='grc' dir='ltr'><strong>ο</strong></span> <span class='ocrx_word' id='word_1_115' title='bbox 328 1589 464 1641; x_wconf 84' lang='grc' dir='ltr'><strong>Ἵνα</strong></span> <span class='ocrx_word' id='word_1_116' title='bbox 491 1588 558 1640; x_wconf 86' lang='grc' dir='ltr'>δὲ</span> <span class='ocrx_word' id='word_1_117' title='bbox 590 1589 674 1656; x_wconf 80' lang='grc' dir='ltr'>μὴ</span> <span class='ocrx_word' id='word_1_118' title='bbox 715 1590 1214 1659; x_wconf 73' lang='grc' dir='ltr'>σκανδαλίσωμεν</span> <span class='ocrx_word' id='word_1_119' title='bbox 1241 1591 1481 1659; x_wconf 85' lang='grc' dir='ltr'>αὐτοὺς,</span> <span class='ocrx_word' id='word_1_120' title='bbox 1522 1594 1832 1663; x_wconf 73' lang='grc' dir='ltr'>πορευθείς</span> 
     </span>
    </p>
   </div>
   <div class='ocr_carea' id='block_1_19' title="bbox 251 1675 1829 1748">
    <p class='ocr_par' dir='ltr' id='par_1_19' title="bbox 251 1675 1829 1748">
     <span class='ocr_line' id='line_1_19' title="bbox 251 1675 1829 1748; baseline 0.008 -22"><span class='ocrx_word' id='word_1_121' title='bbox 251 1678 343 1740; x_wconf 73' lang='grc' dir='ltr'>εις</span> <span class='ocrx_word' id='word_1_122' title='bbox 372 1675 488 1743; x_wconf 83' lang='grc' dir='ltr'>τὴν</span> <span class='ocrx_word' id='word_1_123' title='bbox 508 1677 846 1743; x_wconf 80' lang='grc' dir='ltr'>θάλασσαν,</span> <span class='ocrx_word' id='word_1_124' title='bbox 868 1679 1027 1743; x_wconf 80' lang='grc' dir='ltr'><strong>,ϐάλε</strong></span> <span class='ocrx_word' id='word_1_125' title='bbox 1063 1680 1404 1748; x_wconf 82' lang='grc' dir='ltr'>ἄγκιστρον,</span> <span class='ocrx_word' id='word_1_126' title='bbox 1425 1683 1522 1737; x_wconf 79' lang='grc' dir='ltr'>καὶ</span> <span class='ocrx_word' id='word_1_127' title='bbox 1552 1683 1660 1737; x_wconf 84' lang='grc' dir='ltr'><strong>τὸν</strong></span> <span class='ocrx_word' id='word_1_128' title='bbox 1683 1685 1829 1739; x_wconf 82' lang='grc' dir='ltr'><strong>ἁνα-</strong></span> 
     </span>
    </p>
   </div>
   <div class='ocr_carea' id='block_1_20' title="bbox 1943 498 3488 569">
    <p class='ocr_par' dir='ltr' id='par_1_20' title="bbox 1943 498 3488 569">
     <span class='ocr_line' id='line_1_20' title="bbox 1943 498 3488 569; baseline 0.012 -20"><span class='ocrx_word' id='word_1_129' title='bbox 1943 506 1990 550; x_wconf 86' lang='lat' dir='ltr'><strong>et</strong></span> <span class='ocrx_word' id='word_1_130' title='bbox 2025 498 2313 556; x_wconf 69' lang='lat' dir='ltr'><strong>dixerunt:</strong></span> <span class='ocrx_word' id='word_1_131' title='bbox 2342 498 2591 569; x_wconf 77' lang='lat' dir='ltr'><strong>Magister</strong></span> <span class='ocrx_word' id='word_1_132' title='bbox 2630 508 2793 553; x_wconf 77' lang='lat' dir='ltr'><strong>vester</strong></span> <span class='ocrx_word' id='word_1_133' title='bbox 2824 517 2924 554; x_wconf 88' lang='lat' dir='ltr'><strong>non</strong></span> <span class='ocrx_word' id='word_1_134' title='bbox 2954 504 3104 559; x_wconf 83' lang='lat' dir='ltr'><strong>solvil</strong></span> <span class='ocrx_word' id='word_1_135' title='bbox 3153 506 3488 568; x_wconf 82' lang='lat' dir='ltr'><strong>didrachma.</strong></span> 
     </span>
    </p>
   </div>
   <div class='ocr_carea' id='block_1_21' title="bbox 1941 586 2972 655">
    <p class='ocr_par' dir='ltr' id='par_1_21' title="bbox 1941 586 2972 655">
     <span class='ocr_line' id='line_1_21' title="bbox 1941 586 2972 655; baseline 0.012 -18"><span class='ocrx_word' id='word_1_136' title='bbox 1941 587 2028 638; x_wconf 79' lang='lat' dir='ltr'><strong>Ait</strong></span> <span class='ocrx_word' id='word_1_137' title='bbox 2061 602 2078 639; x_wconf 92' lang='lat'><strong><em>:</em></strong></span> <span class='ocrx_word' id='word_1_138' title='bbox 2107 586 2306 642; x_wconf 80' lang='lat' dir='ltr'><strong>Etiam.</strong></span> <span class='ocrx_word' id='word_1_139' title='bbox 2937 615 2972 655; x_wconf 71' lang='grc' dir='ltr'><strong>ο</strong></span> 
     </span>
    </p>
   </div>
   <div class='ocr_carea' id='block_1_22' title="bbox 2008 676 3501 754">
    <p class='ocr_par' dir='ltr' id='par_1_22' title="bbox 2008 676 3501 754">
     <span class='ocr_line' id='line_1_22' title="bbox 2008 676 3501 754; baseline 0.012 -26"><span class='ocrx_word' id='word_1_140' title='bbox 2008 676 2118 747; x_wconf 64' lang='grc'>64</span> <span class='ocrx_word' id='word_1_141' title='bbox 2143 677 2269 730; x_wconf 81' lang='lat' dir='ltr'><strong>Mihi</strong></span> <span class='ocrx_word' id='word_1_142' title='bbox 2299 678 2548 732; x_wconf 86' lang='lat' dir='ltr'><strong>videntur</strong></span> <span class='ocrx_word' id='word_1_143' title='bbox 2585 693 2681 747; x_wconf 89' lang='lat' dir='ltr'><strong>per</strong></span> <span class='ocrx_word' id='word_1_144' title='bbox 2705 679 2948 754; x_wconf 85' lang='lat' dir='ltr'><strong>singulas</strong></span> <span class='ocrx_word' id='word_1_145' title='bbox 2983 679 3226 741; x_wconf 76' lang='lat' dir='ltr'><strong>civitates</strong></span> <span class='ocrx_word' id='word_1_146' title='bbox 3253 687 3501 746; x_wconf 86' lang='lat' dir='ltr'><strong>didrach-</strong></span> 
     </span>
    </p>
   </div>
   <div class='ocr_carea' id='block_1_23' title="bbox 1940 769 3493 848">
    <p class='ocr_par' dir='ltr' id='par_1_23' title="bbox 1940 769 3493 848">
     <span class='ocr_line' id='line_1_23' title="bbox 1940 769 3493 848; baseline 0.01 -27"><span class='ocrx_word' id='word_1_147' title='bbox 1940 783 2024 822; x_wconf 89' lang='lat' dir='ltr'><strong>ma</strong></span> <span class='ocrx_word' id='word_1_148' title='bbox 2049 769 2312 835; x_wconf 77' lang='lat' dir='ltr'><strong>exegisse,</strong></span> <span class='ocrx_word' id='word_1_149' title='bbox 2337 769 2563 838; x_wconf 86' lang='lat' dir='ltr'><strong>ideoque</strong></span> <span class='ocrx_word' id='word_1_150' title='bbox 2595 774 2646 826; x_wconf 93' lang='lat' dir='ltr'><strong>in</strong></span> <span class='ocrx_word' id='word_1_151' title='bbox 2681 774 3057 844; x_wconf 87' lang='lat' dir='ltr'><strong>Capharnaum</strong></span> <span class='ocrx_word' id='word_1_152' title='bbox 3092 777 3320 847; x_wconf 85' lang='lat' dir='ltr'><strong>ingressi</strong></span> <span class='ocrx_word' id='word_1_153' title='bbox 3347 791 3493 848; x_wconf 89' lang='lat' dir='ltr'><strong>sunt,</strong></span> 
     </span>
    </p>
   </div>
   <div class='ocr_carea' id='block_1_24' title="bbox 1938 856 3497 941">
    <p class='ocr_par' dir='ltr' id='par_1_24' title="bbox 1938 856 3497 941">
     <span class='ocr_line' id='line_1_24' title="bbox 1938 856 3497 941; baseline 0.013 -33"><span class='ocrx_word' id='word_1_154' title='bbox 1938 856 2062 924; x_wconf 86' lang='lat' dir='ltr'><strong>quia</strong></span> <span class='ocrx_word' id='word_1_155' title='bbox 2095 858 2265 923; x_wconf 87' lang='lat' dir='ltr'><strong>patria</strong></span> <span class='ocrx_word' id='word_1_156' title='bbox 2297 858 2498 913; x_wconf 87' lang='lat' dir='ltr'><strong>Christi</strong></span> <span class='ocrx_word' id='word_1_157' title='bbox 2523 861 2845 930; x_wconf 75' lang='lat' dir='ltr'><strong>putabatur;</strong></span> <span class='ocrx_word' id='word_1_158' title='bbox 2872 871 2926 917; x_wconf 87' lang='lat' dir='ltr'><strong>ct</strong></span> <span class='ocrx_word' id='word_1_159' title='bbox 2951 873 3129 920; x_wconf 87' lang='lat' dir='ltr'><strong>astute</strong></span> <span class='ocrx_word' id='word_1_160' title='bbox 3160 869 3497 941; x_wconf 82' lang='lat' dir='ltr'><strong>interrogant</strong></span> 
     </span>
    </p>
   </div>
   <div class='ocr_carea' id='block_1_25' title="bbox 1936 945 3494 1030">
    <p class='ocr_par' dir='ltr' id='par_1_25' title="bbox 1936 945 3494 1030">
     <span class='ocr_line' id='line_1_25' title="bbox 1936 945 3494 1030; baseline 0.011 -30"><span class='ocrx_word' id='word_1_161' title='bbox 1936 945 2155 1002; x_wconf 87' lang='lat' dir='ltr'><strong>Petrum</strong></span> <span class='ocrx_word' id='word_1_162' title='bbox 2183 963 2196 1002; x_wconf 85' lang='lat'><strong>:</strong></span> <span class='ocrx_word' id='word_1_163' title='bbox 2219 948 2375 1015; x_wconf 85' lang='lat' dir='ltr'><strong>Quia,</strong></span> <span class='ocrx_word' id='word_1_164' title='bbox 2396 952 2588 1020; x_wconf 90' lang='lat' dir='ltr'><strong>inquit,</strong></span> <span class='ocrx_word' id='word_1_165' title='bbox 2613 953 2750 1008; x_wconf 83' lang='lat' dir='ltr'><strong>solet</strong></span> <span class='ocrx_word' id='word_1_166' title='bbox 2773 953 2976 1025; x_wconf 85' lang='lat' dir='ltr'><strong>legibus</strong></span> <span class='ocrx_word' id='word_1_167' title='bbox 3003 955 3169 1014; x_wconf 83' lang='lat' dir='ltr'><strong>Mosis</strong></span> <span class='ocrx_word' id='word_1_168' title='bbox 3195 961 3494 1030; x_wconf 86' lang='lat' dir='ltr'><strong>adversari,</strong></span> 
     </span>
    </p>
   </div>
   <div class='ocr_carea' id='block_1_26' title="bbox 1936 1037 3493 1106">
    <p class='ocr_par' dir='ltr' id='par_1_26' title="bbox 1936 1037 3493 1106">
     <span class='ocr_line' id='line_1_26' title="bbox 1936 1037 3493 1106; baseline 0.012 -18"><span class='ocrx_word' id='word_1_169' title='bbox 1936 1048 2110 1103; x_wconf 85' lang='lat' dir='ltr'><strong>neque</strong></span> <span class='ocrx_word' id='word_1_170' title='bbox 2165 1037 2481 1092; x_wconf 79' lang='lat' dir='ltr'><strong>didrachma</strong></span> <span class='ocrx_word' id='word_1_171' title='bbox 2541 1040 2742 1095; x_wconf 84' lang='lat' dir='ltr'><strong>solvit?</strong></span> <span class='ocrx_word' id='word_1_172' title='bbox 2789 1058 2893 1096; x_wconf 88' lang='lat' dir='ltr'><strong>non</strong></span> <span class='ocrx_word' id='word_1_173' title='bbox 2949 1045 3166 1101; x_wconf 83' lang='lat' dir='ltr'><strong>nescius</strong></span> <span class='ocrx_word' id='word_1_174' title='bbox 3218 1049 3493 1106; x_wconf 78' lang='lat' dir='ltr'><strong>Christum</strong></span> 
     </span>
    </p>
   </div>
   <div class='ocr_carea' id='block_1_27' title="bbox 1935 1125 3493 1210">
    <p class='ocr_par' dir='ltr' id='par_1_27' title="bbox 1935 1125 3493 1210">
     <span class='ocr_line' id='line_1_27' title="bbox 1935 1125 3493 1210; baseline 0.011 -32"><span class='ocrx_word' id='word_1_175' title='bbox 1935 1125 2178 1180; x_wconf 75' lang='lat' dir='ltr'><strong>dixisse:</strong></span> <span class='ocrx_word' id='word_1_176' title='bbox 2210 1145 2228 1177; x_wconf 83' lang='grc' dir='ltr'><strong>ι</strong></span> <span class='ocrx_word' id='word_1_177' title='bbox 2264 1125 2381 1182; x_wconf 86' lang='lat' dir='ltr'><strong>Non</strong></span> <span class='ocrx_word' id='word_1_178' title='bbox 2414 1129 2534 1183; x_wconf 88' lang='lat' dir='ltr'><strong>veni</strong></span> <span class='ocrx_word' id='word_1_179' title='bbox 2563 1131 2772 1186; x_wconf 88' lang='lat' dir='ltr'><strong>solvere</strong></span> <span class='ocrx_word' id='word_1_180' title='bbox 2795 1135 2989 1204; x_wconf 85' lang='lat' dir='ltr'><strong>legem,</strong></span> <span class='ocrx_word' id='word_1_181' title='bbox 3023 1137 3116 1190; x_wconf 86' lang='lat' dir='ltr'><strong>sed</strong></span> <span class='ocrx_word' id='word_1_182' title='bbox 3141 1139 3493 1210; x_wconf 43' lang='lat' dir='ltr'><strong>adimplere&quot;</strong></span> 
     </span>
    </p>
   </div>
   <div class='ocr_carea' id='block_1_28' title="bbox 1934 1216 3497 1297">
    <p class='ocr_par' dir='ltr' id='par_1_28' title="bbox 1934 1216 3497 1297">
     <span class='ocr_line' id='line_1_28' title="bbox 1934 1216 3497 1297; baseline 0.012 -28"><span class='ocrx_word' id='word_1_183' title='bbox 1934 1224 1991 1270; x_wconf 89' lang='lat' dir='ltr'><strong>et</strong></span> <span class='ocrx_word' id='word_1_184' title='bbox 2035 1216 2457 1288; x_wconf 81' lang='lat' dir='ltr'><strong>dispensationis</strong></span> <span class='ocrx_word' id='word_1_185' title='bbox 2513 1223 2731 1278; x_wconf 88' lang='lat' dir='ltr'><strong>modum</strong></span> <span class='ocrx_word' id='word_1_186' title='bbox 2791 1225 2895 1280; x_wconf 89' lang='lat' dir='ltr'><strong>hoc</strong></span> <span class='ocrx_word' id='word_1_187' title='bbox 2944 1228 3250 1297; x_wconf 73' lang='lat' dir='ltr'><strong>postulare;</strong></span> <span class='ocrx_word' id='word_1_188' title='bbox 3293 1232 3497 1288; x_wconf 85' lang='lat' dir='ltr'><strong>idcirco</strong></span> 
     </span>
    </p>
   </div>
   <div class='ocr_carea' id='block_1_29' title="bbox 1935 1308 3494 1382">
    <p class='ocr_par' dir='ltr' id='par_1_29' title="bbox 1935 1308 3494 1382">
     <span class='ocr_line' id='line_1_29' title="bbox 1935 1308 3494 1382; baseline 0.012 -22"><span class='ocrx_word' id='word_1_189' title='bbox 1935 1308 2211 1376; x_wconf 81' lang='lat' dir='ltr'><strong>respondit</strong></span> <span class='ocrx_word' id='word_1_190' title='bbox 2245 1309 2311 1362; x_wconf 84' lang='lat' dir='ltr'><strong>iis</strong></span> <span class='ocrx_word' id='word_1_191' title='bbox 2357 1309 2568 1375; x_wconf 86' lang='lat' dir='ltr'><strong>Petrus,</strong></span> <span class='ocrx_word' id='word_1_192' title='bbox 2621 1327 2744 1366; x_wconf 89' lang='lat' dir='ltr'><strong>eum</strong></span> <span class='ocrx_word' id='word_1_193' title='bbox 2789 1316 3003 1372; x_wconf 87' lang='lat' dir='ltr'><strong>solvere</strong></span> <span class='ocrx_word' id='word_1_194' title='bbox 3030 1358 3045 1382; x_wconf 92' lang='lat'><strong>,</strong></span> <span class='ocrx_word' id='word_1_195' title='bbox 3098 1319 3318 1376; x_wconf 80' lang='lat' dir='ltr'><strong>Christo</strong></span> <span class='ocrx_word' id='word_1_196' title='bbox 3367 1338 3494 1379; x_wconf 84' lang='lat' dir='ltr'><strong>vero</strong></span> 
     </span>
    </p>
   </div>
   <div class='ocr_carea' id='block_1_30' title="bbox 1935 1400 3378 1482">
    <p class='ocr_par' dir='ltr' id='par_1_30' title="bbox 1935 1400 3378 1482">
     <span class='ocr_line' id='line_1_30' title="bbox 1935 1400 3378 1482; baseline 0.012 -30"><span class='ocrx_word' id='word_1_197' title='bbox 1935 1407 2039 1453; x_wconf 78' lang='lat' dir='ltr'><strong>nan</strong></span> <span class='ocrx_word' id='word_1_198' title='bbox 2072 1400 2225 1466; x_wconf 81' lang='lat' dir='ltr'><strong>dixit,</strong></span> <span class='ocrx_word' id='word_1_199' title='bbox 2261 1403 2589 1460; x_wconf 83' lang='lat' dir='ltr'><strong>erubescens</strong></span> <span class='ocrx_word' id='word_1_200' title='bbox 2622 1406 2852 1462; x_wconf 76' lang='lat' dir='ltr'><strong>fortasse</strong></span> <span class='ocrx_word' id='word_1_201' title='bbox 2879 1409 2945 1464; x_wconf 91' lang='lat' dir='ltr'><strong>de</strong></span> <span class='ocrx_word' id='word_1_202' title='bbox 2980 1410 3129 1466; x_wconf 86' lang='lat' dir='ltr'><strong>hisce</strong></span> <span class='ocrx_word' id='word_1_203' title='bbox 3151 1412 3318 1482; x_wconf 85' lang='lat' dir='ltr'><strong>loqui.</strong></span> <span class='ocrx_word' id='word_1_204' title='bbox 3372 1432 3378 1437; x_wconf 92' lang='grc'><strong>·</strong></span> 
     </span>
    </p>
   </div>
   <div class='ocr_carea' id='block_1_31' title="bbox 2002 1589 3495 1676">
    <p class='ocr_par' dir='ltr' id='par_1_31' title="bbox 2002 1589 3495 1676">
     <span class='ocr_line' id='line_1_31' title="bbox 2002 1589 3495 1676; baseline 0.017 -33"><span class='ocrx_word' id='word_1_205' title='bbox 2002 1589 2166 1657; x_wconf 77' lang='lat' dir='ltr'><strong>XVII,</strong></span> <span class='ocrx_word' id='word_1_206' title='bbox 2200 1593 2292 1649; x_wconf 73' lang='lat'><strong>27.</strong></span> <span class='ocrx_word' id='word_1_207' title='bbox 2326 1595 2398 1649; x_wconf 80' lang='lat' dir='ltr'><strong>Ut</strong></span> <span class='ocrx_word' id='word_1_208' title='bbox 2427 1609 2601 1653; x_wconf 83' lang='lat' dir='ltr'><strong>autem</strong></span> <span class='ocrx_word' id='word_1_209' title='bbox 2632 1618 2732 1655; x_wconf 85' lang='lat' dir='ltr'><strong>non</strong></span> <span class='ocrx_word' id='word_1_210' title='bbox 2763 1605 3187 1663; x_wconf 76' lang='lat' dir='ltr'><strong>scandalizemus</strong></span> <span class='ocrx_word' id='word_1_211' title='bbox 3214 1627 3322 1676; x_wconf 81' lang='lat' dir='ltr'><strong>eos,</strong></span> <span class='ocrx_word' id='word_1_212' title='bbox 3363 1614 3495 1669; x_wconf 80' lang='lat' dir='ltr'><strong>unde</strong></span> 
     </span>
    </p>
   </div>
   <div class='ocr_carea' id='block_1_32' title="bbox 1931 1684 3491 1774">
    <p class='ocr_par' dir='ltr' id='par_1_32' title="bbox 1931 1684 3491 1774">
     <span class='ocr_line' id='line_1_32' title="bbox 1931 1684 3491 1774; baseline 0.015 -41"><span class='ocrx_word' id='word_1_213' title='bbox 1931 1684 2000 1735; x_wconf 83' lang='lat' dir='ltr'><strong>ad</strong></span> <span class='ocrx_word' id='word_1_214' title='bbox 2029 1699 2193 1747; x_wconf 87' lang='lat' dir='ltr'><strong>mare,</strong></span> <span class='ocrx_word' id='word_1_215' title='bbox 2228 1694 2277 1738; x_wconf 88' lang='lat' dir='ltr'><strong>et</strong></span> <span class='ocrx_word' id='word_1_216' title='bbox 2314 1687 2460 1739; x_wconf 80' lang='lat' dir='ltr'><strong>mitte</strong></span> <span class='ocrx_word' id='word_1_217' title='bbox 2483 1688 2720 1757; x_wconf 86' lang='lat' dir='ltr'><strong>hamum,</strong></span> <span class='ocrx_word' id='word_1_218' title='bbox 2748 1703 2796 1746; x_wconf 85' lang='lat' dir='ltr'><strong>et</strong></span> <span class='ocrx_word' id='word_1_219' title='bbox 2826 1709 2942 1746; x_wconf 88' lang='lat' dir='ltr'><strong>eum</strong></span> <span class='ocrx_word' id='word_1_220' title='bbox 2959 1697 3155 1761; x_wconf 84' lang='lat' dir='ltr'><strong>piscem</strong></span> <span class='ocrx_word' id='word_1_221' title='bbox 3176 1702 3266 1768; x_wconf 79' lang='lat' dir='ltr'><strong>qui</strong></span> <span class='ocrx_word' id='word_1_222' title='bbox 3289 1703 3491 1774; x_wconf 83' lang='lat' dir='ltr'><strong>primus</strong></span> 
     </span>
    </p>
   </div>
   <div class='ocr_carea' id='block_1_33' title="bbox 248 1762 1809 1856">
    <p class='ocr_par' dir='ltr' id='par_1_33' title="bbox 248 1762 1809 1843">
     <span class='ocr_line' id='line_1_33' title="bbox 248 1762 1809 1843; baseline 0.009 -28"><span class='ocrx_word' id='word_1_223' title='bbox 248 1763 438 1817; x_wconf 73' lang='grc' dir='ltr'>ϐάντα</span> <span class='ocrx_word' id='word_1_224' title='bbox 470 1765 704 1833; x_wconf 75' lang='grc' dir='ltr'>πρῶτον</span> <span class='ocrx_word' id='word_1_225' title='bbox 728 1767 903 1835; x_wconf 71' lang='grc' dir='ltr'><strong>ἰχθὺν</strong></span> <span class='ocrx_word' id='word_1_226' title='bbox 932 1762 1105 1835; x_wconf 72' lang='grc' dir='ltr'>ἆρονσ</span> <span class='ocrx_word' id='word_1_227' title='bbox 1133 1769 1232 1822; x_wconf 85' lang='grc' dir='ltr'>καὶ</span> <span class='ocrx_word' id='word_1_228' title='bbox 1259 1770 1506 1838; x_wconf 78' lang='grc' dir='ltr'><strong>ἀνοίξας</strong></span> <span class='ocrx_word' id='word_1_229' title='bbox 1536 1775 1598 1826; x_wconf 80' lang='grc' dir='ltr'>τὸ</span> <span class='ocrx_word' id='word_1_230' title='bbox 1631 1777 1809 1843; x_wconf 79' lang='grc' dir='ltr'>στόμο</span> 
     </span>
    </p>
   </div>
   <div class='ocr_carea' id='block_1_34' title="bbox 1929 1762 3488 1856">
    <p class='ocr_par' dir='ltr' id='par_1_34' title="bbox 1929 1775 3488 1856">
     <span class='ocr_line' id='line_1_34' title="bbox 1929 1775 3488 1856; baseline 0.018 -30"><span class='ocrx_word' id='word_1_231' title='bbox 1929 1775 2241 1840; x_wconf 82' lang='lat' dir='ltr'><strong>ascenderit,</strong></span> <span class='ocrx_word' id='word_1_232' title='bbox 2274 1777 2404 1832; x_wconf 80' lang='lat' dir='ltr'><strong>(olle</strong></span> <span class='ocrx_word' id='word_1_233' title='bbox 2430 1794 2448 1833; x_wconf 88' lang='lat'><strong><em>:</em></strong></span> <span class='ocrx_word' id='word_1_234' title='bbox 2479 1791 2527 1833; x_wconf 86' lang='lat' dir='ltr'><strong>et</strong></span> <span class='ocrx_word' id='word_1_235' title='bbox 2555 1795 2732 1847; x_wconf 75' lang='lat' dir='ltr'><strong>aperto</strong></span> <span class='ocrx_word' id='word_1_236' title='bbox 2764 1800 2852 1840; x_wconf 85' lang='lat' dir='ltr'><strong>ore</strong></span> <span class='ocrx_word' id='word_1_237' title='bbox 2875 1785 3010 1856; x_wconf 88' lang='lat' dir='ltr'><strong>ejus,</strong></span> <span class='ocrx_word' id='word_1_238' title='bbox 3053 1789 3287 1848; x_wconf 79' lang='lat' dir='ltr'><strong>invenies</strong></span> <span class='ocrx_word' id='word_1_239' title='bbox 3320 1808 3488 1853; x_wconf 83' lang='lat' dir='ltr'><strong>state-</strong></span> 
     </span>
    </p>
   </div>
   <div class='ocr_carea' id='block_1_35' title="bbox 246 1855 1819 1930">
    <p class='ocr_par' dir='ltr' id='par_1_35' title="bbox 246 1855 1819 1930">
     <span class='ocr_line' id='line_1_35' title="bbox 246 1855 1819 1930; baseline 0.008 -23"><span class='ocrx_word' id='word_1_240' title='bbox 246 1857 324 1907; x_wconf 80' lang='grc' dir='ltr'>αὐ</span> <span class='ocrx_word' id='word_1_241' title='bbox 333 1855 440 1908; x_wconf 86' lang='grc' dir='ltr'><strong>τοῦ</strong></span> <span class='ocrx_word' id='word_1_242' title='bbox 473 1855 752 1925; x_wconf 82' lang='grc' dir='ltr'><strong>εὑρήσεις</strong></span> <span class='ocrx_word' id='word_1_243' title='bbox 772 1860 1057 1926; x_wconf 82' lang='grc' dir='ltr'><strong>στατῆρα.</strong></span> <span class='ocrx_word' id='word_1_244' title='bbox 1077 1860 1345 1915; x_wconf 78' lang='grc' dir='ltr'><strong>Ἐκεῖνον</strong></span> <span class='ocrx_word' id='word_1_245' title='bbox 1361 1861 1560 1919; x_wconf 73' lang='grc' dir='ltr'><strong>λαϐὼν</strong></span> <span class='ocrx_word' id='word_1_246' title='bbox 1579 1864 1683 1930; x_wconf 78' lang='grc' dir='ltr'>δὸς</span> <span class='ocrx_word' id='word_1_247' title='bbox 1712 1868 1819 1919; x_wconf 85' lang='grc' dir='ltr'><strong>αὺ-</strong></span> 
     </span>
    </p>
   </div>
   <div class='ocr_carea' id='block_1_36' title="bbox 245 1945 1015 2018">
    <p class='ocr_par' dir='ltr' id='par_1_36' title="bbox 245 1945 1015 2018">
     <span class='ocr_line' id='line_1_36' title="bbox 245 1945 1015 2018; baseline 0.01 -21"><span class='ocrx_word' id='word_1_248' title='bbox 245 1945 378 2010; x_wconf 82' lang='grc' dir='ltr'>τοῖς</span> <span class='ocrx_word' id='word_1_249' title='bbox 403 1947 537 2000; x_wconf 75' lang='grc' dir='ltr'><strong>ἀντὶ</strong></span> <span class='ocrx_word' id='word_1_250' title='bbox 564 1949 709 2018; x_wconf 75' lang='grc' dir='ltr'>ἐμοῦ</span> <span class='ocrx_word' id='word_1_251' title='bbox 743 1950 840 2004; x_wconf 78' lang='grc' dir='ltr'>καὶ</span> <span class='ocrx_word' id='word_1_252' title='bbox 879 1951 1015 2005; x_wconf 86' lang='grc' dir='ltr'>σοῦ.</span> 
     </span>
    </p>
   </div>
   <div class='ocr_carea' id='block_1_37' title="bbox 329 2038 1818 2116">
    <p class='ocr_par' dir='ltr' id='par_1_37' title="bbox 329 2038 1818 2116">
     <span class='ocr_line' id='line_1_37' title="bbox 329 2038 1818 2116; baseline 0.007 -26"><span class='ocrx_word' id='word_1_253' title='bbox 329 2038 591 2092; x_wconf 86' lang='grc' dir='ltr'>Ἢδύνατο</span> <span class='ocrx_word' id='word_1_254' title='bbox 619 2041 646 2093; x_wconf 90' lang='lat'><strong>6</strong></span> <span class='ocrx_word' id='word_1_255' title='bbox 679 2041 870 2112; x_wconf 85' lang='grc' dir='ltr'>Σωτὴρ</span> <span class='ocrx_word' id='word_1_256' title='bbox 895 2042 988 2094; x_wconf 74' lang='grc' dir='ltr'><strong>καὶ</strong></span> <span class='ocrx_word' id='word_1_257' title='bbox 1012 2044 1074 2094; x_wconf 86' lang='grc' dir='ltr'>ὲκ</span> <span class='ocrx_word' id='word_1_258' title='bbox 1106 2045 1204 2114; x_wconf 84' lang='grc' dir='ltr'>τῆς</span> <span class='ocrx_word' id='word_1_259' title='bbox 1233 2045 1335 2115; x_wconf 85' lang='grc' dir='ltr'>γῆς</span> <span class='ocrx_word' id='word_1_260' title='bbox 1361 2049 1704 2116; x_wconf 85' lang='grc' dir='ltr'>παραγαγεῖν</span> <span class='ocrx_word' id='word_1_261' title='bbox 1731 2048 1818 2101; x_wconf 77' lang='grc' dir='ltr'><strong>τὸν</strong></span> 
     </span>
    </p>
   </div>
   <div class='ocr_carea' id='block_1_38' title="bbox 245 2131 1820 2208">
    <p class='ocr_par' dir='ltr' id='par_1_38' title="bbox 245 2131 1820 2208">
     <span class='ocr_line' id='line_1_38' title="bbox 245 2131 1820 2208; baseline 0.01 -28"><span class='ocrx_word' id='word_1_262' title='bbox 245 2131 496 2200; x_wconf 81' lang='grc' dir='ltr'>στατῆρα</span> <span class='ocrx_word' id='word_1_263' title='bbox 517 2148 530 2161; x_wconf 90' lang='grc'><strong>·</strong></span> <span class='ocrx_word' id='word_1_264' title='bbox 578 2133 678 2184; x_wconf 83' lang='grc' dir='ltr'><strong>οὐκ</strong></span> <span class='ocrx_word' id='word_1_265' title='bbox 719 2133 941 2202; x_wconf 72' lang='grc' dir='ltr'>ἐποίησε</span> <span class='ocrx_word' id='word_1_266' title='bbox 970 2133 1025 2186; x_wconf 87' lang='grc' dir='ltr'>δὲ</span> <span class='ocrx_word' id='word_1_267' title='bbox 1053 2135 1228 2200; x_wconf 85' lang='grc' dir='ltr'>τοῦτο,</span> <span class='ocrx_word' id='word_1_268' title='bbox 1257 2137 1373 2191; x_wconf 84' lang='grc' dir='ltr'>ἀλλ’</span> <span class='ocrx_word' id='word_1_269' title='bbox 1399 2140 1462 2192; x_wconf 74' lang='grc' dir='ltr'>ὲκ</span> <span class='ocrx_word' id='word_1_270' title='bbox 1493 2139 1592 2208; x_wconf 81' lang='grc' dir='ltr'>τῆς</span> <span class='ocrx_word' id='word_1_271' title='bbox 1621 2139 1820 2194; x_wconf 81' lang='grc' dir='ltr'>θαλάσ-</span> 
     </span>
    </p>
   </div>
   <div class='ocr_carea' id='block_1_39' title="bbox 241 2221 1818 2302">
    <p class='ocr_par' dir='ltr' id='par_1_39' title="bbox 241 2221 1818 2302">
     <span class='ocr_line' id='line_1_39' title="bbox 241 2221 1818 2302; baseline 0.009 -30"><span class='ocrx_word' id='word_1_272' title='bbox 241 2237 346 2291; x_wconf 84' lang='grc' dir='ltr'>σης</span> <span class='ocrx_word' id='word_1_273' title='bbox 372 2221 433 2274; x_wconf 85' lang='grc' dir='ltr'><strong>τὸ</strong></span> <span class='ocrx_word' id='word_1_274' title='bbox 469 2226 690 2292; x_wconf 76' lang='grc' dir='ltr'>σημεῖον</span> <span class='ocrx_word' id='word_1_275' title='bbox 716 2224 1028 2294; x_wconf 83' lang='grc' dir='ltr'>εἰργάσατο,</span> <span class='ocrx_word' id='word_1_276' title='bbox 1060 2227 1146 2282; x_wconf 78' lang='grc' dir='ltr'><strong>ἵνα</strong></span> <span class='ocrx_word' id='word_1_277' title='bbox 1175 2228 1325 2300; x_wconf 80' lang='grc' dir='ltr'>δείξῃ</span> <span class='ocrx_word' id='word_1_278' title='bbox 1357 2231 1652 2301; x_wconf 84' lang='grc' dir='ltr'>μυστήριον</span> <span class='ocrx_word' id='word_1_279' title='bbox 1685 2235 1818 2302; x_wconf 81' lang='grc' dir='ltr'>ἡμῖν</span> 
     </span>
    </p>
   </div>
   <div class='ocr_carea' id='block_1_40' title="bbox 239 2309 1818 2393">
    <p class='ocr_par' dir='ltr' id='par_1_40' title="bbox 239 2309 1818 2393">
     <span class='ocr_line' id='line_1_40' title="bbox 239 2309 1818 2393; baseline 0.01 -33"><span class='ocrx_word' id='word_1_280' title='bbox 239 2309 483 2381; x_wconf 78' lang='grc' dir='ltr'>θεωρίας</span> <span class='ocrx_word' id='word_1_281' title='bbox 513 2312 784 2381; x_wconf 74' lang='grc' dir='ltr'>ἔμπλεων.</span> <span class='ocrx_word' id='word_1_282' title='bbox 804 2315 994 2385; x_wconf 81' lang='grc' dir='ltr'>Ἡμεῖς</span> <span class='ocrx_word' id='word_1_283' title='bbox 1023 2318 1129 2388; x_wconf 82' lang='grc' dir='ltr'><strong>γάρ</strong></span> <span class='ocrx_word' id='word_1_284' title='bbox 1156 2321 1323 2389; x_wconf 74' lang='grc' dir='ltr'>ἐσμεν</span> <span class='ocrx_word' id='word_1_285' title='bbox 1343 2321 1389 2372; x_wconf 88' lang='lat' dir='ltr'><strong>oi</strong></span> <span class='ocrx_word' id='word_1_286' title='bbox 1419 2320 1598 2391; x_wconf 73' lang='grc' dir='ltr'>ἰχθύες</span> <span class='ocrx_word' id='word_1_287' title='bbox 1622 2321 1818 2393; x_wconf 83' lang='grc' dir='ltr'>θηρευ-</span> 
     </span>
    </p>
   </div>
   <div class='ocr_carea' id='block_1_41' title="bbox 239 2398 1816 2478">
    <p class='ocr_par' dir='ltr' id='par_1_41' title="bbox 239 2398 1816 2478">
     <span class='ocr_line' id='line_1_41' title="bbox 239 2398 1816 2478; baseline 0.01 -26"><span class='ocrx_word' id='word_1_288' title='bbox 239 2398 430 2464; x_wconf 80' lang='grc' dir='ltr'>θέντες</span> <span class='ocrx_word' id='word_1_289' title='bbox 454 2405 516 2455; x_wconf 83' lang='grc' dir='ltr'>ὲκ</span> <span class='ocrx_word' id='word_1_290' title='bbox 539 2404 644 2456; x_wconf 89' lang='grc' dir='ltr'><strong>τῶν</strong></span> <span class='ocrx_word' id='word_1_291' title='bbox 671 2403 764 2457; x_wconf 88' lang='grc' dir='ltr'><strong>τοῦ</strong></span> <span class='ocrx_word' id='word_1_292' title='bbox 789 2405 902 2475; x_wconf 81' lang='grc' dir='ltr'>βίου</span> <span class='ocrx_word' id='word_1_293' title='bbox 925 2409 1176 2478; x_wconf 78' lang='grc' dir='ltr'>ταραχῶν</span> <span class='ocrx_word' id='word_1_294' title='bbox 1203 2410 1290 2463; x_wconf 77' lang='grc' dir='ltr'>διὰ</span> <span class='ocrx_word' id='word_1_295' title='bbox 1312 2411 1419 2464; x_wconf 88' lang='grc' dir='ltr'><strong>τῶν</strong></span> <span class='ocrx_word' id='word_1_296' title='bbox 1444 2413 1816 2468; x_wconf 75' lang='grc' dir='ltr'>ἀποστολικῶν</span> 
     </span>
    </p>
   </div>
   <div class='ocr_carea' id='block_1_42' title="bbox 235 2492 1813 2578">
    <p class='ocr_par' dir='ltr' id='par_1_42' title="bbox 235 2492 1813 2578">
     <span class='ocr_line' id='line_1_42' title="bbox 235 2492 1813 2578; baseline 0.012 -34"><span class='ocrx_word' id='word_1_297' title='bbox 235 2492 854 2568; x_wconf 80' lang='grc' dir='ltr'>διδαγμάτων.¹Ἐχομεν</span> <span class='ocrx_word' id='word_1_298' title='bbox 903 2500 960 2553; x_wconf 87' lang='grc' dir='ltr'>δὲ</span> <span class='ocrx_word' id='word_1_299' title='bbox 1008 2502 1066 2554; x_wconf 82' lang='grc' dir='ltr'><strong>ἐν</strong></span> <span class='ocrx_word' id='word_1_300' title='bbox 1116 2506 1228 2568; x_wconf 80' lang='grc' dir='ltr'>τοῖς</span> <span class='ocrx_word' id='word_1_301' title='bbox 1259 2506 1516 2576; x_wconf 85' lang='grc' dir='ltr'>στόμασιν</span> <span class='ocrx_word' id='word_1_302' title='bbox 1543 2508 1698 2578; x_wconf 80' lang='grc' dir='ltr'>ἡμῶν</span> <span class='ocrx_word' id='word_1_303' title='bbox 1723 2509 1813 2562; x_wconf 74' lang='grc' dir='ltr'><strong>τὸν</strong></span> 
     </span>
    </p>
   </div>
   <div class='ocr_carea' id='block_1_43' title="bbox 235 2585 1184 2661">
    <p class='ocr_par' dir='ltr' id='par_1_43' title="bbox 235 2585 1184 2661">
     <span class='ocr_line' id='line_1_43' title="bbox 235 2585 1184 2661; baseline 0.012 -26"><span class='ocrx_word' id='word_1_304' title='bbox 235 2585 509 2657; x_wconf 79' lang='grc' dir='ltr'>στατῆρα,</span> <span class='ocrx_word' id='word_1_305' title='bbox 537 2587 784 2640; x_wconf 83' lang='grc' dir='ltr'>τουτέστι</span> <span class='ocrx_word' id='word_1_306' title='bbox 809 2589 900 2643; x_wconf 81' lang='grc' dir='ltr'><strong>τὸν</strong></span> <span class='ocrx_word' id='word_1_307' title='bbox 931 2591 1184 2661; x_wconf 86' lang='grc' dir='ltr'>Χριστόν,</span> 
     </span>
    </p>
   </div>
   <div class='ocr_carea' id='block_1_44' title="bbox 240 2697 1813 2778">
    <p class='ocr_par' dir='ltr' id='par_1_44' title="bbox 240 2697 1813 2778">
     <span class='ocr_line' id='line_1_44' title="bbox 240 2697 1813 2778; baseline 0.011 -29"><span class='ocrx_word' id='word_1_308' title='bbox 240 2697 356 2752; x_wconf 86' lang='grc' dir='ltr'><strong>Τοῦ</strong></span> <span class='ocrx_word' id='word_1_309' title='bbox 387 2697 560 2776; x_wconf 55' lang='grc' dir='ltr'>ἀπίου</span> <span class='ocrx_word' id='word_1_310' title='bbox 579 2702 1246 2778; x_wconf 52' lang='grc' dir='ltr'>Κιιρξλλουρςτισκόξου</span> <span class='ocrx_word' id='word_1_311' title='bbox 1283 2707 1724 2778; x_wconf 73' lang='grc' dir='ltr'>Ἀλεξανδρείας</span> <span class='ocrx_word' id='word_1_312' title='bbox 1744 2711 1813 2766; x_wconf 80' lang='grc' dir='ltr'><strong>ἐκ</strong></span> 
     </span>
    </p>
   </div>
   <div class='ocr_carea' id='block_1_45' title="bbox 401 2765 1651 2846">
    <p class='ocr_par' dir='ltr' id='par_1_45' title="bbox 401 2765 1651 2846">
     <span class='ocr_line' id='line_1_45' title="bbox 401 2765 1651 2846; baseline 0.01 -28"><span class='ocrx_word' id='word_1_313' title='bbox 401 2765 520 2820; x_wconf 83' lang='grc' dir='ltr'><strong>τῶν</strong></span> <span class='ocrx_word' id='word_1_314' title='bbox 538 2771 627 2834; x_wconf 81' lang='grc' dir='ltr'>εὶς</span> <span class='ocrx_word' id='word_1_315' title='bbox 664 2765 732 2822; x_wconf 80' lang='grc' dir='ltr'>τὸ</span> <span class='ocrx_word' id='word_1_316' title='bbox 765 2771 916 2825; x_wconf 80' lang='grc' dir='ltr'>κατὰ</span> <span class='ocrx_word' id='word_1_317' title='bbox 941 2775 1243 2828; x_wconf 83' lang='grc' dir='ltr'>Ματθαῖον</span> <span class='ocrx_word' id='word_1_318' title='bbox 1270 2765 1651 2846; x_wconf 63' lang='grc' dir='ltr'>Εὐαγίγέλίὶτν.</span> 
     </span>
    </p>
   </div>
   <div class='ocr_carea' id='block_1_46' title="bbox 330 2875 1810 2958">
    <p class='ocr_par' dir='ltr' id='par_1_46' title="bbox 330 2875 1810 2958">
     <span class='ocr_line' id='line_1_46' title="bbox 330 2875 1810 2958; baseline 0.011 -31"><span class='ocrx_word' id='word_1_319' title='bbox 330 2875 390 2927; x_wconf 85' lang='lat'><strong>&#39;0</strong></span> <span class='ocrx_word' id='word_1_320' title='bbox 419 2878 624 2949; x_wconf 79' lang='grc' dir='ltr'>στατὴρ</span> <span class='ocrx_word' id='word_1_321' title='bbox 654 2878 729 2948; x_wconf 92' lang='lat' dir='ltr'><strong>(I)</strong></span> <span class='ocrx_word' id='word_1_322' title='bbox 755 2880 782 2932; x_wconf 97' lang='lat'><strong>6</strong></span> <span class='ocrx_word' id='word_1_323' title='bbox 802 2880 1052 2950; x_wconf 78' lang='grc' dir='ltr'>ἀληθινός</span> <span class='ocrx_word' id='word_1_324' title='bbox 1075 2901 1134 2936; x_wconf 87' lang='grc' dir='ltr'><strong>τε</strong></span> <span class='ocrx_word' id='word_1_325' title='bbox 1160 2888 1250 2938; x_wconf 73' lang='grc' dir='ltr'><strong>καὶ</strong></span> <span class='ocrx_word' id='word_1_326' title='bbox 1295 2888 1502 2958; x_wconf 78' lang='grc' dir='ltr'>νοητὸς,</span> <span class='ocrx_word' id='word_1_327' title='bbox 1539 2890 1630 2943; x_wconf 76' lang='grc' dir='ltr'><strong>καὶ</strong></span> <span class='ocrx_word' id='word_1_328' title='bbox 1654 2890 1727 2955; x_wconf 87' lang='grc' dir='ltr'>ὡς</span> <span class='ocrx_word' id='word_1_329' title='bbox 1752 2894 1810 2945; x_wconf 82' lang='grc' dir='ltr'><strong>ἐν</strong></span> 
     </span>
    </p>
   </div>
   <div class='ocr_carea' id='block_1_47' title="bbox 230 2965 1807 3051">
    <p class='ocr_par' dir='ltr' id='par_1_47' title="bbox 230 2965 1807 3051">
     <span class='ocr_line' id='line_1_47' title="bbox 230 2965 1807 3051; baseline 0.011 -33"><span class='ocrx_word' id='word_1_330' title='bbox 230 2965 394 3034; x_wconf 85' lang='grc' dir='ltr'>τύπῳ</span> <span class='ocrx_word' id='word_1_331' title='bbox 427 2967 503 3037; x_wconf 84' lang='grc' dir='ltr'><strong>τῷ</strong></span> <span class='ocrx_word' id='word_1_332' title='bbox 544 2969 602 3033; x_wconf 81' lang='grc' dir='ltr'>ἐξ</span> <span class='ocrx_word' id='word_1_333' title='bbox 640 2968 772 3039; x_wconf 78' lang='grc' dir='ltr'>ὕλης</span> <span class='ocrx_word' id='word_1_334' title='bbox 798 2971 1144 3042; x_wconf 83' lang='grc' dir='ltr'>δηλούμενος,</span> <span class='ocrx_word' id='word_1_335' title='bbox 1181 2977 1340 3039; x_wconf 78' lang='grc' dir='ltr'>αὐτός</span> <span class='ocrx_word' id='word_1_336' title='bbox 1372 2980 1515 3032; x_wconf 79' lang='grc' dir='ltr'>ἐστιν</span> <span class='ocrx_word' id='word_1_337' title='bbox 1546 2982 1573 3032; x_wconf 91' lang='lat'><strong>6</strong></span> <span class='ocrx_word' id='word_1_338' title='bbox 1607 2981 1807 3051; x_wconf 85' lang='grc' dir='ltr'>Κύριος</span> 
     </span>
    </p>
   </div>
   <div class='ocr_carea' id='block_1_48' title="bbox 227 3058 1581 3140">
    <p class='ocr_par' dir='ltr' id='par_1_48' title="bbox 227 3058 1581 3140">
     <span class='ocr_line' id='line_1_48' title="bbox 227 3058 1581 3140; baseline 0.013 -32"><span class='ocrx_word' id='word_1_339' title='bbox 227 3058 395 3127; x_wconf 75' lang='grc' dir='ltr'>ἡμῶν</span> <span class='ocrx_word' id='word_1_340' title='bbox 449 3059 652 3130; x_wconf 74' lang='grc' dir='ltr'>Ἰησοῦς</span> <span class='ocrx_word' id='word_1_341' title='bbox 684 3061 937 3132; x_wconf 85' lang='grc' dir='ltr'>Χριστὸς,</span> <span class='ocrx_word' id='word_1_342' title='bbox 967 3067 996 3118; x_wconf 91' lang='lat'><strong>6</strong></span> <span class='ocrx_word' id='word_1_343' title='bbox 1031 3065 1247 3130; x_wconf 79' lang='grc' dir='ltr'>διπλοῦς</span> <span class='ocrx_word' id='word_1_344' title='bbox 1276 3070 1581 3140; x_wconf 82' lang='grc' dir='ltr'>χαρακτήρ.</span> 
     </span>
    </p>
   </div>
   <div class='ocr_carea' id='block_1_49' title="bbox 304 3149 1520 3226">
    <p class='ocr_par' dir='ltr' id='par_1_49' title="bbox 304 3149 1520 3226">
     <span class='ocr_line' id='line_1_49' title="bbox 304 3149 1520 3226; baseline 0.011 -25"><span class='ocrx_word' id='word_1_345' title='bbox 304 3150 468 3203; x_wconf 84' lang='grc' dir='ltr'>Ὅσα</span> <span class='ocrx_word' id='word_1_346' title='bbox 489 3150 596 3204; x_wconf 82' lang='grc' dir='ltr'><strong>ἐὰν</strong></span> <span class='ocrx_word' id='word_1_347' title='bbox 623 3149 850 3220; x_wconf 80' lang='grc' dir='ltr'><strong>δήσητε</strong></span> <span class='ocrx_word' id='word_1_348' title='bbox 877 3153 973 3206; x_wconf 78' lang='grc' dir='ltr'><strong>ἐπὶ</strong></span> <span class='ocrx_word' id='word_1_349' title='bbox 1008 3155 1114 3223; x_wconf 84' lang='grc' dir='ltr'>τῆς</span> <span class='ocrx_word' id='word_1_350' title='bbox 1142 3157 1273 3226; x_wconf 77' lang='grc' dir='ltr'>γῆς,</span> <span class='ocrx_word' id='word_1_351' title='bbox 1303 3176 1356 3211; x_wconf 88' lang='grc' dir='ltr'>κ.</span> <span class='ocrx_word' id='word_1_352' title='bbox 1388 3177 1439 3216; x_wconf 85' lang='grc' dir='ltr'><strong>τ,</strong></span> <span class='ocrx_word' id='word_1_353' title='bbox 1472 3160 1520 3214; x_wconf 93' lang='grc' dir='ltr'><strong>λ.</strong></span> 
     </span>
    </p>
   </div>
   <div class='ocr_carea' id='block_1_50' title="bbox 304 3330 1803 3410">
    <p class='ocr_par' dir='ltr' id='par_1_50' title="bbox 304 3330 1803 3410">
     <span class='ocr_line' id='line_1_50' title="bbox 304 3330 1803 3410; baseline 0.011 -27"><span class='ocrx_word' id='word_1_354' title='bbox 304 3330 528 3403; x_wconf 81' lang='grc' dir='ltr'>Ἐπειδὴ</span> <span class='ocrx_word' id='word_1_355' title='bbox 545 3334 724 3390; x_wconf 86' lang='grc' dir='ltr'>δίδωσι</span> <span class='ocrx_word' id='word_1_356' title='bbox 740 3337 852 3398; x_wconf 82' lang='grc' dir='ltr'>τοῖς</span> <span class='ocrx_word' id='word_1_357' title='bbox 885 3335 944 3388; x_wconf 81' lang='grc' dir='ltr'><strong>τὸ</strong></span> <span class='ocrx_word' id='word_1_358' title='bbox 966 3337 1234 3393; x_wconf 82' lang='grc' dir='ltr'>διδάσκειν</span> <span class='ocrx_word' id='word_1_359' title='bbox 1258 3340 1532 3410; x_wconf 78' lang='grc' dir='ltr'>λαχοῦσιν,</span> <span class='ocrx_word' id='word_1_360' title='bbox 1555 3344 1803 3410; x_wconf 76' lang='grc' dir='ltr'>ἐξουσίαν</span> 
     </span>
    </p>
   </div>
   <div class='ocr_carea' id='block_1_51' title="bbox 227 3421 1800 3503">
    <p class='ocr_par' dir='ltr' id='par_1_51' title="bbox 227 3421 1800 3503">
     <span class='ocr_line' id='line_1_51' title="bbox 227 3421 1800 3503; baseline 0.01 -29"><span class='ocrx_word' id='word_1_361' title='bbox 227 3422 325 3474; x_wconf 79' lang='grc' dir='ltr'><strong>τοῦ</strong></span> <span class='ocrx_word' id='word_1_362' title='bbox 352 3421 500 3473; x_wconf 88' lang='grc' dir='ltr'>λύειν</span> <span class='ocrx_word' id='word_1_363' title='bbox 528 3428 623 3476; x_wconf 70' lang='grc' dir='ltr'><strong>καὶ</strong></span> <span class='ocrx_word' id='word_1_364' title='bbox 644 3425 882 3495; x_wconf 81' lang='grc' dir='ltr'>δεσμεῖν,</span> <span class='ocrx_word' id='word_1_365' title='bbox 914 3429 942 3480; x_wconf 90' lang='lat'><strong>6</strong></span> <span class='ocrx_word' id='word_1_366' title='bbox 963 3429 1214 3500; x_wconf 78' lang='grc' dir='ltr'>Χριστὸς,</span> <span class='ocrx_word' id='word_1_367' title='bbox 1246 3430 1319 3503; x_wconf 81' lang='grc' dir='ltr'><strong>μὴ</strong></span> <span class='ocrx_word' id='word_1_368' title='bbox 1355 3434 1800 3503; x_wconf 81' lang='grc' dir='ltr'>μεταφοιτώντων</span> 
     </span>
    </p>
   </div>
   <div class='ocr_carea' id='block_1_52' title="bbox 226 3511 1801 3598">
    <p class='ocr_par' dir='ltr' id='par_1_52' title="bbox 226 3511 1801 3598">
     <span class='ocr_line' id='line_1_52' title="bbox 226 3511 1801 3598; baseline 0.01 -34"><span class='ocrx_word' id='word_1_369' title='bbox 226 3513 340 3566; x_wconf 85' lang='grc' dir='ltr'><strong>τῶν</strong></span> <span class='ocrx_word' id='word_1_370' title='bbox 372 3511 520 3577; x_wconf 76' lang='grc' dir='ltr'>ἅπαξ</span> <span class='ocrx_word' id='word_1_371' title='bbox 549 3515 912 3570; x_wconf 78' lang='grc' dir='ltr'>ἐκκλινάντων</span> <span class='ocrx_word' id='word_1_372' title='bbox 943 3520 1078 3589; x_wconf 76' lang='grc' dir='ltr'>πρὸς</span> <span class='ocrx_word' id='word_1_373' title='bbox 1109 3519 1292 3589; x_wconf 68' lang='grc' dir='ltr'>ἔφεσιν</span> <span class='ocrx_word' id='word_1_374' title='bbox 1322 3523 1542 3594; x_wconf 84' lang='grc' dir='ltr'>ἀρετῆς,</span> <span class='ocrx_word' id='word_1_375' title='bbox 1576 3527 1680 3598; x_wconf 84' lang='grc' dir='ltr'><strong>χρὴ</strong></span> <span class='ocrx_word' id='word_1_376' title='bbox 1713 3527 1801 3579; x_wconf 87' lang='grc' dir='ltr'>δε-</span> 
     </span>
    </p>
   </div>
   <div class='ocr_carea' id='block_1_53' title="bbox 225 3604 1803 3684">
    <p class='ocr_par' dir='ltr' id='par_1_53' title="bbox 225 3604 1803 3684">
     <span class='ocr_line' id='line_1_53' title="bbox 225 3604 1803 3684; baseline 0.01 -29"><span class='ocrx_word' id='word_1_377' title='bbox 225 3604 402 3657; x_wconf 84' lang='grc' dir='ltr'>διέναι</span> <span class='ocrx_word' id='word_1_378' title='bbox 436 3604 536 3667; x_wconf 76' lang='grc' dir='ltr'>τὰς</span> <span class='ocrx_word' id='word_1_379' title='bbox 569 3605 676 3659; x_wconf 87' lang='grc' dir='ltr'><strong>τῶν</strong></span> <span class='ocrx_word' id='word_1_380' title='bbox 704 3607 873 3674; x_wconf 88' lang='grc' dir='ltr'>ἁγίων</span> <span class='ocrx_word' id='word_1_381' title='bbox 903 3610 1105 3678; x_wconf 77' lang='grc' dir='ltr'>φωνὰς,</span> <span class='ocrx_word' id='word_1_382' title='bbox 1154 3612 1257 3665; x_wconf 81' lang='grc' dir='ltr'>κᾶν</span> <span class='ocrx_word' id='word_1_383' title='bbox 1309 3613 1382 3684; x_wconf 84' lang='grc' dir='ltr'>μὴ</span> <span class='ocrx_word' id='word_1_384' title='bbox 1435 3616 1618 3670; x_wconf 82' lang='grc' dir='ltr'>πολλοι</span> <span class='ocrx_word' id='word_1_385' title='bbox 1663 3635 1803 3682; x_wconf 85' lang='grc' dir='ltr'>τινες</span> 
     </span>
    </p>
   </div>
   <div class='ocr_carea' id='block_1_54' title="bbox 227 3692 1803 3778">
    <p class='ocr_par' dir='ltr' id='par_1_54' title="bbox 227 3692 1803 3778">
     <span class='ocr_line' id='line_1_54' title="bbox 227 3692 1803 3778; baseline 0.01 -32"><span class='ocrx_word' id='word_1_386' title='bbox 227 3692 341 3748; x_wconf 82' lang='grc' dir='ltr'>εἷεν</span> <span class='ocrx_word' id='word_1_387' title='bbox 380 3697 430 3748; x_wconf 82' lang='lat' dir='ltr'><strong>oi</strong></span> <span class='ocrx_word' id='word_1_388' title='bbox 459 3695 804 3766; x_wconf 55' lang='grc' dir='ltr'>διορίζοντες</span> <span class='ocrx_word' id='word_1_389' title='bbox 837 3701 1300 3772; x_wconf 83' lang='grc' dir='ltr'>Πεπληροφόρηκε</span> <span class='ocrx_word' id='word_1_390' title='bbox 1345 3705 1454 3778; x_wconf 86' lang='grc' dir='ltr'>γὰρ</span> <span class='ocrx_word' id='word_1_391' title='bbox 1502 3708 1596 3759; x_wconf 78' lang='grc' dir='ltr'><strong>καὶ</strong></span> <span class='ocrx_word' id='word_1_392' title='bbox 1643 3708 1803 3762; x_wconf 85' lang='grc' dir='ltr'>τοῦτο</span> 
     </span>
    </p>
   </div>
   <div class='ocr_carea' id='block_1_55' title="bbox 227 3787 1801 3861">
    <p class='ocr_par' dir='ltr' id='par_1_55' title="bbox 227 3787 1801 3861">
     <span class='ocr_line' id='line_1_55' title="bbox 227 3787 1801 3861; baseline 0.008 -22"><span class='ocrx_word' id='word_1_393' title='bbox 227 3787 381 3855; x_wconf 79' lang='grc' dir='ltr'>ἡμᾶς</span> <span class='ocrx_word' id='word_1_394' title='bbox 404 3788 434 3839; x_wconf 88' lang='lat'><strong>6</strong></span> <span class='ocrx_word' id='word_1_395' title='bbox 460 3788 711 3856; x_wconf 84' lang='grc' dir='ltr'>Χριστὸς,</span> <span class='ocrx_word' id='word_1_396' title='bbox 745 3791 866 3859; x_wconf 79' lang='grc' dir='ltr'>οὐχὶ</span> <span class='ocrx_word' id='word_1_397' title='bbox 893 3791 1066 3861; x_wconf 84' lang='grc' dir='ltr'>δήπου</span> <span class='ocrx_word' id='word_1_398' title='bbox 1096 3795 1334 3861; x_wconf 84' lang='grc' dir='ltr'>πάντως,</span> <span class='ocrx_word' id='word_1_399' title='bbox 1377 3799 1458 3850; x_wconf 82' lang='grc' dir='ltr'>ὅτι</span> <span class='ocrx_word' id='word_1_400' title='bbox 1499 3800 1564 3851; x_wconf 85' lang='grc' dir='ltr'>ὲκ</span> <span class='ocrx_word' id='word_1_401' title='bbox 1591 3799 1801 3853; x_wconf 86' lang='grc' dir='ltr'>πολλῶν</span> 
     </span>
    </p>
   </div>
   <div class='ocr_carea' id='block_1_56' title="bbox 229 3876 1800 3960">
    <p class='ocr_par' dir='ltr' id='par_1_56' title="bbox 229 3876 1800 3960">
     <span class='ocr_line' id='line_1_56' title="bbox 229 3876 1800 3960; baseline 0.009 -30"><span class='ocrx_word' id='word_1_402' title='bbox 229 3878 388 3930; x_wconf 74' lang='grc' dir='ltr'>ἔσται</span> <span class='ocrx_word' id='word_1_403' title='bbox 431 3876 645 3946; x_wconf 73' lang='grc' dir='ltr'>βέϐαιον</span> <span class='ocrx_word' id='word_1_404' title='bbox 685 3879 875 3946; x_wconf 80' lang='grc' dir='ltr'>εἰπὼν,</span> <span class='ocrx_word' id='word_1_405' title='bbox 915 3883 1029 3935; x_wconf 81' lang='grc' dir='ltr'>ἀλλ’</span> <span class='ocrx_word' id='word_1_406' title='bbox 1069 3886 1117 3937; x_wconf 85' lang='grc' dir='ltr'><strong>εί</strong></span> <span class='ocrx_word' id='word_1_407' title='bbox 1163 3887 1257 3939; x_wconf 74' lang='grc' dir='ltr'>καὶ</span> <span class='ocrx_word' id='word_1_408' title='bbox 1301 3887 1392 3940; x_wconf 86' lang='grc' dir='ltr'><strong>δύο</strong></span> <span class='ocrx_word' id='word_1_409' title='bbox 1432 3889 1523 3943; x_wconf 85' lang='grc' dir='ltr'><strong>τὸν</strong></span> <span class='ocrx_word' id='word_1_410' title='bbox 1572 3891 1800 3960; x_wconf 73' lang='grc' dir='ltr'>ἀριθμὸν</span> 
     </span>
    </p>
   </div>
   <div class='ocr_carea' id='block_1_57' title="bbox 230 3968 1800 4053">
    <p class='ocr_par' dir='ltr' id='par_1_57' title="bbox 230 3968 1800 4053">
     <span class='ocr_line' id='line_1_57' title="bbox 230 3968 1800 4053; baseline 0.008 -31"><span class='ocrx_word' id='word_1_411' title='bbox 230 3968 541 4038; x_wconf 78' lang='grc' dir='ltr'>συμφώνως</span> <span class='ocrx_word' id='word_1_412' title='bbox 576 3970 668 4022; x_wconf 77' lang='grc' dir='ltr'><strong>καὶ</strong></span> <span class='ocrx_word' id='word_1_413' title='bbox 703 3976 1184 4044; x_wconf 84' lang='grc' dir='ltr'>περιεσκεμμένως</span> <span class='ocrx_word' id='word_1_414' title='bbox 1219 3979 1480 4048; x_wconf 82' lang='grc' dir='ltr'>ὀρίσειαν,</span> <span class='ocrx_word' id='word_1_415' title='bbox 1509 3983 1589 4046; x_wconf 81' lang='grc' dir='ltr'>εἰς</span> <span class='ocrx_word' id='word_1_416' title='bbox 1628 3983 1800 4053; x_wconf 81' lang='grc' dir='ltr'>πέρας</span> 
     </span>
    </p>
   </div>
   <div class='ocr_carea' id='block_1_58' title="bbox 226 4061 1800 4143">
    <p class='ocr_par' dir='ltr' id='par_1_58' title="bbox 226 4061 1800 4143">
     <span class='ocr_line' id='line_1_58' title="bbox 226 4061 1800 4143; baseline 0.011 -32"><span class='ocrx_word' id='word_1_417' title='bbox 226 4061 380 4131; x_wconf 74' lang='grc' dir='ltr'>ἥξειν</span> <span class='ocrx_word' id='word_1_418' title='bbox 425 4061 908 4131; x_wconf 79' lang='grc' dir='ltr'>ἐπαγγειλάμενος.</span> <span class='ocrx_word' id='word_1_419' title='bbox 961 4067 1260 4137; x_wconf 83' lang='grc' dir='ltr'>Συνέσομαι</span> <span class='ocrx_word' id='word_1_420' title='bbox 1309 4070 1438 4140; x_wconf 84' lang='grc' dir='ltr'>γὰρ,</span> <span class='ocrx_word' id='word_1_421' title='bbox 1489 4074 1658 4143; x_wconf 73' lang='grc' dir='ltr'>φησὶ,</span> <span class='ocrx_word' id='word_1_422' title='bbox 1705 4075 1800 4128; x_wconf 75' lang='grc' dir='ltr'><strong>καὶ</strong></span> 
     </span>
    </p>
   </div>
   <div class='ocr_carea' id='block_1_59' title="bbox 227 4151 1799 4238">
    <p class='ocr_par' dir='ltr' id='par_1_59' title="bbox 227 4151 1799 4238">
     <span class='ocr_line' id='line_1_59' title="bbox 227 4151 1799 4238; baseline 0.011 -37"><span class='ocrx_word' id='word_1_423' title='bbox 227 4151 548 4221; x_wconf 83' lang='grc' dir='ltr'>συνοριῶ,εί</span> <span class='ocrx_word' id='word_1_424' title='bbox 573 4152 722 4220; x_wconf 86' lang='grc' dir='ltr'>μόνοι</span> <span class='ocrx_word' id='word_1_425' title='bbox 745 4153 838 4206; x_wconf 78' lang='grc' dir='ltr'><strong>δύο</strong></span> <span class='ocrx_word' id='word_1_426' title='bbox 869 4156 1180 4227; x_wconf 82' lang='grc' dir='ltr'>συναχθεῖεν</span> <span class='ocrx_word' id='word_1_427' title='bbox 1201 4160 1268 4212; x_wconf 90' lang='grc' dir='ltr'>δι’</span> <span class='ocrx_word' id='word_1_428' title='bbox 1287 4161 1385 4230; x_wconf 70' lang='grc' dir='ltr'>ἐμὲ</span> <span class='ocrx_word' id='word_1_429' title='bbox 1405 4178 1416 4191; x_wconf 90' lang='grc'><strong>·</strong></span> <span class='ocrx_word' id='word_1_430' title='bbox 1447 4164 1504 4214; x_wconf 82' lang='grc' dir='ltr'><strong>ού</strong></span> <span class='ocrx_word' id='word_1_431' title='bbox 1527 4163 1634 4235; x_wconf 88' lang='grc' dir='ltr'><strong>γὰρ</strong></span> <span class='ocrx_word' id='word_1_432' title='bbox 1660 4164 1799 4238; x_wconf 79' lang='grc' dir='ltr'>[τὸν]</span> 
     </span>
    </p>
   </div>
   <div class='ocr_carea' id='block_1_60' title="bbox 225 4242 1798 4320">
    <p class='ocr_par' dir='ltr' id='par_1_60' title="bbox 225 4242 1798 4320">
     <span class='ocr_line' id='line_1_60' title="bbox 225 4242 1798 4320; baseline 0.011 -28"><span class='ocrx_word' id='word_1_433' title='bbox 225 4242 336 4294; x_wconf 82' lang='grc' dir='ltr'><strong>τῶν</strong></span> <span class='ocrx_word' id='word_1_434' title='bbox 357 4242 648 4296; x_wconf 84' lang='grc' dir='ltr'>συνιόντων</span> <span class='ocrx_word' id='word_1_435' title='bbox 678 4245 932 4314; x_wconf 81' lang='grc' dir='ltr'>ἀριθμὸν,</span> <span class='ocrx_word' id='word_1_436' title='bbox 961 4247 1097 4301; x_wconf 66' lang='grc' dir='ltr'>ἀλλὰ</span> <span class='ocrx_word' id='word_1_437' title='bbox 1128 4249 1224 4320; x_wconf 80' lang='grc' dir='ltr'>τὴν</span> <span class='ocrx_word' id='word_1_438' title='bbox 1255 4251 1357 4320; x_wconf 82' lang='grc' dir='ltr'>τῆς</span> <span class='ocrx_word' id='word_1_439' title='bbox 1389 4253 1670 4319; x_wconf 76' lang='grc' dir='ltr'>εὐσεϐείας</span> <span class='ocrx_word' id='word_1_440' title='bbox 1705 4258 1798 4310; x_wconf 79' lang='grc' dir='ltr'>καὶ</span> 
     </span>
    </p>
   </div>
   <div class='ocr_carea' id='block_1_61' title="bbox 224 4331 1561 4414">
    <p class='ocr_par' dir='ltr' id='par_1_61' title="bbox 224 4331 1561 4414">
     <span class='ocr_line' id='line_1_61' title="bbox 224 4331 1561 4414; baseline 0.011 -31"><span class='ocrx_word' id='word_1_441' title='bbox 224 4331 502 4400; x_wconf 78' lang='grc' dir='ltr'>φιλοθεῖας</span> <span class='ocrx_word' id='word_1_442' title='bbox 534 4332 759 4404; x_wconf 86' lang='grc' dir='ltr'>δύναμιν</span> <span class='ocrx_word' id='word_1_443' title='bbox 795 4338 1015 4408; x_wconf 78' lang='grc' dir='ltr'>ἐνεργὸν</span> <span class='ocrx_word' id='word_1_444' title='bbox 1049 4342 1373 4412; x_wconf 82' lang='grc' dir='ltr'>γενήσεσθαί</span> <span class='ocrx_word' id='word_1_445' title='bbox 1410 4361 1561 4414; x_wconf 83' lang='grc' dir='ltr'>φησι.</span> 
     </span>
    </p>
   </div>
   <div class='ocr_carea' id='block_1_62' title="bbox 304 4505 1790 4591">
    <p class='ocr_par' dir='ltr' id='par_1_62' title="bbox 304 4505 1790 4591">
     <span class='ocr_line' id='line_1_62' title="bbox 304 4505 1790 4591; baseline 0.013 -33"><span class='ocrx_word' id='word_1_446' title='bbox 304 4505 629 4560; x_wconf 75' lang='grc' dir='ltr'><strong>Ἐκέλευσε</strong></span> <span class='ocrx_word' id='word_1_447' title='bbox 672 4509 968 4577; x_wconf 82' lang='grc' dir='ltr'>πραθῆναι</span> <span class='ocrx_word' id='word_1_448' title='bbox 1007 4515 1207 4580; x_wconf 71' lang='grc' dir='ltr'>αὐτὸν,</span> <span class='ocrx_word' id='word_1_449' title='bbox 1253 4518 1352 4570; x_wconf 81' lang='grc' dir='ltr'>καὶ</span> <span class='ocrx_word' id='word_1_450' title='bbox 1399 4519 1513 4588; x_wconf 64' lang='grc' dir='ltr'><strong>τὴν</strong></span> <span class='ocrx_word' id='word_1_451' title='bbox 1537 4523 1790 4591; x_wconf 69' lang='grc' dir='ltr'>γυναῖκα</span> 
     </span>
    </p>
   </div>
   <div class='ocr_carea' id='block_1_63' title="bbox 217 4595 883 4660">
    <p class='ocr_par' dir='ltr' id='par_1_63' title="bbox 217 4595 883 4660">
     <span class='ocr_line' id='line_1_63' title="bbox 217 4595 883 4660; baseline 0.006 -12"><span class='ocrx_word' id='word_1_452' title='bbox 217 4595 427 4660; x_wconf 83' lang='grc' dir='ltr'>αὐτοῦ,</span> <span class='ocrx_word' id='word_1_453' title='bbox 459 4596 557 4649; x_wconf 73' lang='grc' dir='ltr'>καὶ</span> <span class='ocrx_word' id='word_1_454' title='bbox 587 4596 659 4649; x_wconf 84' lang='grc' dir='ltr'>τὰ</span> <span class='ocrx_word' id='word_1_455' title='bbox 681 4597 883 4653; x_wconf 78' lang='grc' dir='ltr'>τέκνα.</span> 
     </span>
    </p>
   </div>
   <div class='ocr_carea' id='block_1_64' title="bbox 285 4685 1784 4768">
    <p class='ocr_par' dir='ltr' id='par_1_64' title="bbox 285 4685 1784 4768">
     <span class='ocr_line' id='line_1_64' title="bbox 285 4685 1784 4768; baseline 0.013 -31"><span class='ocrx_word' id='word_1_456' title='bbox 285 4685 388 4738; x_wconf 78' lang='grc' dir='ltr'><strong>Διὰ</strong></span> <span class='ocrx_word' id='word_1_457' title='bbox 419 4687 520 4756; x_wconf 82' lang='grc' dir='ltr'>τῆς</span> <span class='ocrx_word' id='word_1_458' title='bbox 567 4687 824 4757; x_wconf 84' lang='grc' dir='ltr'>πράσεως</span> <span class='ocrx_word' id='word_1_459' title='bbox 849 4689 951 4759; x_wconf 85' lang='grc' dir='ltr'><strong>τῆς</strong></span> <span class='ocrx_word' id='word_1_460' title='bbox 981 4693 1254 4759; x_wconf 82' lang='grc' dir='ltr'>γυναικὸς,</span> <span class='ocrx_word' id='word_1_461' title='bbox 1290 4699 1383 4749; x_wconf 76' lang='grc' dir='ltr'>καὶ</span> <span class='ocrx_word' id='word_1_462' title='bbox 1414 4700 1522 4753; x_wconf 66' lang='grc' dir='ltr'><strong>τῶν</strong></span> <span class='ocrx_word' id='word_1_463' title='bbox 1564 4700 1784 4768; x_wconf 84' lang='grc' dir='ltr'>λοιπῶν,</span> 
     </span>
    </p>
   </div>
   <div class='ocr_carea' id='block_1_65' title="bbox 219 4777 1789 4863">
    <p class='ocr_par' dir='ltr' id='par_1_65' title="bbox 219 4777 1789 4863">
     <span class='ocr_line' id='line_1_65' title="bbox 219 4777 1789 4863; baseline 0.012 -35"><span class='ocrx_word' id='word_1_464' title='bbox 219 4777 545 4846; x_wconf 81' lang='grc' dir='ltr'>σημαίνεται</span> <span class='ocrx_word' id='word_1_465' title='bbox 587 4777 696 4831; x_wconf 88' lang='grc' dir='ltr'><strong>τῶν</strong></span> <span class='ocrx_word' id='word_1_466' title='bbox 724 4781 875 4850; x_wconf 75' lang='grc' dir='ltr'>παρὰ</span> <span class='ocrx_word' id='word_1_467' title='bbox 907 4781 1040 4835; x_wconf 82' lang='grc' dir='ltr'>Θεοῦ</span> <span class='ocrx_word' id='word_1_468' title='bbox 1062 4786 1308 4853; x_wconf 83' lang='grc' dir='ltr'>τερπνῶν</span> <span class='ocrx_word' id='word_1_469' title='bbox 1333 4789 1365 4856; x_wconf 84' lang='grc' dir='ltr'>ἡ</span> <span class='ocrx_word' id='word_1_470' title='bbox 1392 4791 1471 4854; x_wconf 85' lang='grc' dir='ltr'><strong>είς</strong></span> <span class='ocrx_word' id='word_1_471' title='bbox 1500 4791 1644 4846; x_wconf 79' lang='grc' dir='ltr'>ἅπαν</span> <span class='ocrx_word' id='word_1_472' title='bbox 1683 4797 1789 4863; x_wconf 55' lang='grc' dir='ltr'><strong>ἀφὃ</strong></span> 
     </span>
    </p>
   </div>
   <div class='ocr_carea' id='block_1_66' title="bbox 217 4869 1787 4956">
    <p class='ocr_par' dir='ltr' id='par_1_66' title="bbox 217 4869 1787 4956">
     <span class='ocr_line' id='line_1_66' title="bbox 217 4869 1787 4956; baseline 0.013 -38"><span class='ocrx_word' id='word_1_473' title='bbox 217 4870 450 4938; x_wconf 83' lang='grc' dir='ltr'>αίρεσις,</span> <span class='ocrx_word' id='word_1_474' title='bbox 474 4869 567 4921; x_wconf 79' lang='grc' dir='ltr'>καὶ</span> <span class='ocrx_word' id='word_1_475' title='bbox 591 4870 909 4934; x_wconf 83' lang='grc' dir='ltr'>ἁπόπτωσις</span> <span class='ocrx_word' id='word_1_476' title='bbox 945 4876 1231 4946; x_wconf 81' lang='grc' dir='ltr'>παντελής.</span> <span class='ocrx_word' id='word_1_477' title='bbox 1250 4878 1312 4930; x_wconf 86' lang='grc' dir='ltr'><strong>Ἦ</strong></span> <span class='ocrx_word' id='word_1_478' title='bbox 1338 4881 1444 4952; x_wconf 86' lang='grc' dir='ltr'>γὰρ</span> <span class='ocrx_word' id='word_1_479' title='bbox 1468 4885 1669 4952; x_wconf 84' lang='grc' dir='ltr'>πρᾶσις</span> <span class='ocrx_word' id='word_1_480' title='bbox 1688 4886 1787 4956; x_wconf 79' lang='grc' dir='ltr'>τὴν</span> 
     </span>
    </p>
   </div>
   <div class='ocr_carea' id='block_1_67' title="bbox 217 4957 1066 5032">
    <p class='ocr_par' dir='ltr' id='par_1_67' title="bbox 217 4957 1066 5032">
     <span class='ocr_line' id='line_1_67' title="bbox 217 4957 1066 5032; baseline 0.011 -23"><span class='ocrx_word' id='word_1_481' title='bbox 217 4958 322 5010; x_wconf 76' lang='grc' dir='ltr'>ἀπὸ</span> <span class='ocrx_word' id='word_1_482' title='bbox 351 4957 489 5010; x_wconf 84' lang='grc' dir='ltr'>Θεοῦ</span> <span class='ocrx_word' id='word_1_483' title='bbox 520 4958 672 5030; x_wconf 84' lang='grc' dir='ltr'>δηλοῖ</span> <span class='ocrx_word' id='word_1_484' title='bbox 693 4961 1066 5032; x_wconf 82' lang='grc' dir='ltr'>ἀλλοτρίωσιν.</span> 
     </span>
    </p>
   </div>
   <div class='ocr_carea' id='block_1_68' title="bbox 285 5048 1775 5131">
    <p class='ocr_par' dir='ltr' id='par_1_68' title="bbox 285 5048 1775 5131">
     <span class='ocr_line' id='line_1_68' title="bbox 285 5048 1775 5131; baseline 0.011 -30"><span class='ocrx_word' id='word_1_485' title='bbox 285 5048 716 5116; x_wconf 76' lang='grc' dir='ltr'>Εὐκοπώτερον</span> <span class='ocrx_word' id='word_1_486' title='bbox 765 5052 896 5105; x_wconf 81' lang='grc' dir='ltr'>ἐστι</span> <span class='ocrx_word' id='word_1_487' title='bbox 939 5054 1213 5123; x_wconf 78' lang='grc' dir='ltr'>κάμηλον</span> <span class='ocrx_word' id='word_1_488' title='bbox 1261 5057 1357 5111; x_wconf 85' lang='grc' dir='ltr'>διὰ</span> <span class='ocrx_word' id='word_1_489' title='bbox 1407 5063 1775 5131; x_wconf 76' lang='grc' dir='ltr'>τρυπήματος</span> 
     </span>
    </p>
   </div>
   <div class='ocr_carea' id='block_1_69' title="bbox 209 5137 1564 5205">
    <p class='ocr_par' dir='ltr' id='par_1_69' title="bbox 209 5137 1564 5205">
     <span class='ocr_line' id='line_1_69' title="bbox 209 5137 1564 5205; baseline 0.007 -15"><span class='ocrx_word' id='word_1_490' title='bbox 209 5137 464 5205; x_wconf 68' lang='grc' dir='ltr'>ῥαφίδος</span> <span class='ocrx_word' id='word_1_491' title='bbox 491 5139 764 5194; x_wconf 78' lang='grc' dir='ltr'>διελθεῖν.</span> <span class='ocrx_word' id='word_1_492' title='bbox 883 5165 886 5168; x_wconf 57' lang='grc'><em>’</em></span> <span class='ocrx_word' id='word_1_493' title='bbox 1559 5171 1564 5174; x_wconf 94' lang='grc'>·</span> 
     </span>
    </p>
   </div>
   <div class='ocr_carea' id='block_1_70' title="bbox 284 5228 1778 5316">
    <p class='ocr_par' dir='ltr' id='par_1_70' title="bbox 284 5228 1778 5316">
     <span class='ocr_line' id='line_1_70' title="bbox 284 5228 1778 5316; baseline 0.012 -35"><span class='ocrx_word' id='word_1_494' title='bbox 284 5228 548 5299; x_wconf 80' lang='grc' dir='ltr'>Κάμηλον</span> <span class='ocrx_word' id='word_1_495' title='bbox 572 5230 802 5284; x_wconf 76' lang='grc' dir='ltr'>ἐνταῦθά</span> <span class='ocrx_word' id='word_1_496' title='bbox 836 5249 1018 5302; x_wconf 75' lang='grc' dir='ltr'>φησιν,</span> <span class='ocrx_word' id='word_1_497' title='bbox 1046 5236 1105 5287; x_wconf 75' lang='grc' dir='ltr'><strong>οὐ</strong></span> <span class='ocrx_word' id='word_1_498' title='bbox 1133 5236 1191 5290; x_wconf 85' lang='grc' dir='ltr'><strong>τὸ</strong></span> <span class='ocrx_word' id='word_1_499' title='bbox 1214 5237 1349 5301; x_wconf 78' lang='grc' dir='ltr'>ζῶον</span> <span class='ocrx_word' id='word_1_500' title='bbox 1373 5240 1434 5292; x_wconf 84' lang='grc' dir='ltr'><strong>τὸ</strong></span> <span class='ocrx_word' id='word_1_501' title='bbox 1460 5243 1778 5316; x_wconf 79' lang='grc' dir='ltr'>ἀχθοφόρον,</span> 
     </span>
    </p>
   </div>
   <div class='ocr_carea' id='block_1_71' title="bbox 1821 4458 1865 4513">
    <p class='ocr_par' dir='ltr' id='par_1_71' title="bbox 1821 4458 1865 4513">
     <span class='ocr_line' id='line_1_71' title="bbox 1821 4458 1865 4513; baseline 0 0"><span class='ocrx_word' id='word_1_502' title='bbox 1821 4458 1865 4513; x_wconf 91' lang='lat' dir='ltr'><strong>D</strong></span> 
     </span>
    </p>
   </div>
   <div class='ocr_carea' id='block_1_72' title="bbox 1927 1867 3072 1945">
    <p class='ocr_par' dir='ltr' id='par_1_72' title="bbox 1927 1867 3072 1945">
     <span class='ocr_line' id='line_1_72' title="bbox 1927 1867 3072 1945; baseline 0.018 -29"><span class='ocrx_word' id='word_1_503' title='bbox 1927 1880 2034 1919; x_wconf 82' lang='lat' dir='ltr'><strong>rem</strong></span> <span class='ocrx_word' id='word_1_504' title='bbox 2062 1883 2081 1931; x_wconf 89' lang='lat'><em>;</em></span> <span class='ocrx_word' id='word_1_505' title='bbox 2111 1867 2260 1921; x_wconf 83' lang='lat' dir='ltr'><strong>illum</strong></span> <span class='ocrx_word' id='word_1_506' title='bbox 2274 1887 2500 1940; x_wconf 84' lang='lat' dir='ltr'><strong>sumens,</strong></span> <span class='ocrx_word' id='word_1_507' title='bbox 2527 1873 2596 1929; x_wconf 83' lang='lat' dir='ltr'><strong>da</strong></span> <span class='ocrx_word' id='word_1_508' title='bbox 2624 1878 2696 1932; x_wconf 84' lang='lat' dir='ltr'><strong>eis</strong></span> <span class='ocrx_word' id='word_1_509' title='bbox 2713 1896 2805 1945; x_wconf 84' lang='lat' dir='ltr'><strong>pro</strong></span> <span class='ocrx_word' id='word_1_510' title='bbox 2837 1899 2914 1936; x_wconf 88' lang='lat' dir='ltr'><strong>me</strong></span> <span class='ocrx_word' id='word_1_511' title='bbox 2936 1893 2982 1936; x_wconf 86' lang='lat' dir='ltr'><strong>et</strong></span> <span class='ocrx_word' id='word_1_512' title='bbox 3006 1887 3072 1938; x_wconf 80' lang='lat' dir='ltr'><strong>te.</strong></span> 
     </span>
    </p>
   </div>
   <div class='ocr_carea' id='block_1_73' title="bbox 1995 2040 3482 2120">
    <p class='ocr_par' dir='ltr' id='par_1_73' title="bbox 1995 2040 3482 2120">
     <span class='ocr_line' id='line_1_73' title="bbox 1995 2040 3482 2120; baseline 0.016 -23"><span class='ocrx_word' id='word_1_513' title='bbox 1995 2040 2266 2101; x_wconf 86' lang='lat' dir='ltr'><strong>Potuisset</strong></span> <span class='ocrx_word' id='word_1_514' title='bbox 2307 2050 2490 2120; x_wconf 87' lang='lat' dir='ltr'><strong>utique</strong></span> <span class='ocrx_word' id='word_1_515' title='bbox 2538 2049 2788 2109; x_wconf 80' lang='lat' dir='ltr'><strong>Salvator</strong></span> <span class='ocrx_word' id='word_1_516' title='bbox 2830 2056 2992 2112; x_wconf 90' lang='lat' dir='ltr'><strong>etiam</strong></span> <span class='ocrx_word' id='word_1_517' title='bbox 3052 2073 3120 2115; x_wconf 78' lang='lat' dir='ltr'><strong>ex</strong></span> <span class='ocrx_word' id='word_1_518' title='bbox 3171 2070 3312 2118; x_wconf 85' lang='lat' dir='ltr'><strong>terra</strong></span> <span class='ocrx_word' id='word_1_519' title='bbox 3372 2073 3482 2120; x_wconf 87' lang='lat' dir='ltr'><strong>sta-</strong></span> 
     </span>
    </p>
   </div>
   <div class='ocr_carea' id='block_1_74' title="bbox 1928 2134 3487 2224">
    <p class='ocr_par' dir='ltr' id='par_1_74' title="bbox 1928 2134 3487 2224">
     <span class='ocr_line' id='line_1_74' title="bbox 1928 2134 3487 2224; baseline 0.017 -38"><span class='ocrx_word' id='word_1_520' title='bbox 1928 2142 2094 2188; x_wconf 83' lang='lat' dir='ltr'><strong>terem</strong></span> <span class='ocrx_word' id='word_1_521' title='bbox 2137 2136 2394 2203; x_wconf 78' lang='lat' dir='ltr'><strong>elfodere,</strong></span> <span class='ocrx_word' id='word_1_522' title='bbox 2445 2141 2614 2198; x_wconf 85' lang='lat' dir='ltr'><strong>noluit</strong></span> <span class='ocrx_word' id='word_1_523' title='bbox 2664 2151 2868 2211; x_wconf 83' lang='lat' dir='ltr'><strong>autem,</strong></span> <span class='ocrx_word' id='word_1_524' title='bbox 2905 2149 3000 2204; x_wconf 86' lang='lat' dir='ltr'><strong>sed</strong></span> <span class='ocrx_word' id='word_1_525' title='bbox 3029 2165 3058 2204; x_wconf 91' lang='lat' dir='ltr'><strong>e</strong></span> <span class='ocrx_word' id='word_1_526' title='bbox 3089 2134 3225 2207; x_wconf 67' lang='lat' dir='ltr'><strong>mari</strong></span> <span class='ocrx_word' id='word_1_527' title='bbox 3275 2156 3487 2224; x_wconf 80' lang='lat' dir='ltr'><strong>signum</strong></span> 
     </span>
    </p>
   </div>
   <div class='ocr_carea' id='block_1_75' title="bbox 1925 2226 3486 2304">
    <p class='ocr_par' dir='ltr' id='par_1_75' title="bbox 1925 2226 3486 2304">
     <span class='ocr_line' id='line_1_75' title="bbox 1925 2226 3486 2304; baseline 0.018 -28"><span class='ocrx_word' id='word_1_528' title='bbox 1925 2226 2230 2294; x_wconf 84' lang='lat' dir='ltr'><strong>arcessivit,</strong></span> <span class='ocrx_word' id='word_1_529' title='bbox 2293 2237 2353 2283; x_wconf 90' lang='lat' dir='ltr'><strong>ut</strong></span> <span class='ocrx_word' id='word_1_530' title='bbox 2402 2238 2716 2302; x_wconf 85' lang='lat' dir='ltr'><strong>mysterium</strong></span> <span class='ocrx_word' id='word_1_531' title='bbox 2777 2237 2934 2294; x_wconf 86' lang='lat' dir='ltr'><strong>nobis</strong></span> <span class='ocrx_word' id='word_1_532' title='bbox 2985 2239 3235 2299; x_wconf 87' lang='lat' dir='ltr'><strong>innueret</strong></span> <span class='ocrx_word' id='word_1_533' title='bbox 3288 2259 3486 2304; x_wconf 85' lang='lat' dir='ltr'><strong>arcana</strong></span> 
     </span>
    </p>
   </div>
   <div class='ocr_carea' id='block_1_76' title="bbox 1925 2315 3485 2402">
    <p class='ocr_par' dir='ltr' id='par_1_76' title="bbox 1925 2315 3485 2402">
     <span class='ocr_line' id='line_1_76' title="bbox 1925 2315 3485 2402; baseline 0.017 -35"><span class='ocrx_word' id='word_1_534' title='bbox 1925 2315 2276 2385; x_wconf 81' lang='lat' dir='ltr'><strong>intelligentia</strong></span> <span class='ocrx_word' id='word_1_535' title='bbox 2307 2320 2700 2388; x_wconf 84' lang='lat' dir='ltr'><strong>plenissimum.</strong></span> <span class='ocrx_word' id='word_1_536' title='bbox 2751 2326 2858 2383; x_wconf 82' lang='lat' dir='ltr'><strong>Nos</strong></span> <span class='ocrx_word' id='word_1_537' title='bbox 2897 2329 3040 2385; x_wconf 87' lang='lat' dir='ltr'><strong>enim</strong></span> <span class='ocrx_word' id='word_1_538' title='bbox 3087 2334 3265 2402; x_wconf 86' lang='lat' dir='ltr'><strong>pisces</strong></span> <span class='ocrx_word' id='word_1_539' title='bbox 3295 2352 3485 2394; x_wconf 87' lang='lat' dir='ltr'><strong>sumus</strong></span> 
     </span>
    </p>
   </div>
   <div class='ocr_carea' id='block_1_77' title="bbox 1922 2407 3546 2497">
    <p class='ocr_par' dir='ltr' id='par_1_77' title="bbox 1922 2407 3546 2497">
     <span class='ocr_line' id='line_1_77' title="bbox 1922 2407 3546 2497; baseline 0.018 -40"><span class='ocrx_word' id='word_1_540' title='bbox 1922 2417 1988 2458; x_wconf 79' lang='lat' dir='ltr'><strong>ex</strong></span> <span class='ocrx_word' id='word_1_541' title='bbox 2019 2407 2144 2461; x_wconf 67' lang='lat' dir='ltr'><strong>vita:</strong></span> <span class='ocrx_word' id='word_1_542' title='bbox 2181 2422 2244 2462; x_wconf 89' lang='lat' dir='ltr'><strong>ac</strong></span> <span class='ocrx_word' id='word_1_543' title='bbox 2297 2412 2477 2465; x_wconf 61' lang='lat' dir='ltr'><strong>saeculi</strong></span> <span class='ocrx_word' id='word_1_544' title='bbox 2528 2419 2938 2483; x_wconf 86' lang='lat' dir='ltr'><strong>tempestatibus</strong></span> <span class='ocrx_word' id='word_1_545' title='bbox 2998 2425 3305 2490; x_wconf 70' lang='lat' dir='ltr'><strong>apostolica:</strong></span> <span class='ocrx_word' id='word_1_546' title='bbox 3350 2444 3485 2497; x_wconf 70' lang='grc' dir='ltr'><strong>υνδε·</strong></span> <span class='ocrx_word' id='word_1_547' title='bbox 3537 2422 3546 2430; x_wconf 72' lang='grc'><strong><em>’</em></strong></span> 
     </span>
    </p>
   </div>
   <div class='ocr_carea' id='block_1_78' title="bbox 1923 2495 3481 2575">
    <p class='ocr_par' dir='ltr' id='par_1_78' title="bbox 1923 2495 3481 2575">
     <span class='ocr_line' id='line_1_78' title="bbox 1923 2495 3481 2575; baseline 0.017 -28"><span class='ocrx_word' id='word_1_548' title='bbox 1923 2495 2219 2550; x_wconf 85' lang='lat' dir='ltr'><strong>dicationis</strong></span> <span class='ocrx_word' id='word_1_549' title='bbox 2248 2498 2453 2565; x_wconf 89' lang='lat' dir='ltr'><strong>piscatu</strong></span> <span class='ocrx_word' id='word_1_550' title='bbox 2501 2505 2732 2570; x_wconf 88' lang='lat' dir='ltr'><strong>quodam</strong></span> <span class='ocrx_word' id='word_1_551' title='bbox 2765 2511 3020 2575; x_wconf 73' lang='lat' dir='ltr'><strong>extracti,</strong></span> <span class='ocrx_word' id='word_1_552' title='bbox 3081 2495 3481 2572; x_wconf 41' lang='lat' dir='ltr'><strong>Habemus—au-</strong></span> 
     </span>
    </p>
   </div>
   <div class='ocr_carea' id='block_1_79' title="bbox 1923 2585 3224 2660">
    <p class='ocr_par' dir='ltr' id='par_1_79' title="bbox 1923 2585 3224 2660">
     <span class='ocr_line' id='line_1_79' title="bbox 1923 2585 3224 2660; baseline 0.016 -25"><span class='ocrx_word' id='word_1_553' title='bbox 1923 2592 2027 2636; x_wconf 89' lang='lat' dir='ltr'><strong>tem</strong></span> <span class='ocrx_word' id='word_1_554' title='bbox 2059 2585 2109 2638; x_wconf 94' lang='lat' dir='ltr'><strong>in</strong></span> <span class='ocrx_word' id='word_1_555' title='bbox 2139 2601 2233 2642; x_wconf 89' lang='lat' dir='ltr'><strong>ore</strong></span> <span class='ocrx_word' id='word_1_556' title='bbox 2256 2589 2364 2658; x_wconf 82' lang='grc'>65</span> <span class='ocrx_word' id='word_1_557' title='bbox 2387 2600 2662 2660; x_wconf 87' lang='lat' dir='ltr'><strong>staterem,</strong></span> <span class='ocrx_word' id='word_1_558' title='bbox 2691 2595 2897 2652; x_wconf 89' lang='lat' dir='ltr'><strong>scilicet</strong></span> <span class='ocrx_word' id='word_1_559' title='bbox 2927 2598 3224 2657; x_wconf 83' lang='lat' dir='ltr'><strong>Christum.</strong></span> 
     </span>
    </p>
   </div>
   <div class='ocr_carea' id='block_1_80' title="bbox 1919 2701 3478 2777">
    <p class='ocr_par' dir='ltr' id='par_1_80' title="bbox 1919 2701 3478 2777">
     <span class='ocr_line' id='line_1_80' title="bbox 1919 2701 3478 2777; baseline 0.014 -21"><span class='ocrx_word' id='word_1_560' title='bbox 1919 2701 2103 2756; x_wconf 82' lang='lat' dir='ltr'><strong>Sancti</strong></span> <span class='ocrx_word' id='word_1_561' title='bbox 2141 2703 2327 2776; x_wconf 84' lang='lat' dir='ltr'><strong>Cyrilli</strong></span> <span class='ocrx_word' id='word_1_562' title='bbox 2369 2710 2595 2776; x_wconf 77' lang='lat' dir='ltr'><strong>episcopi</strong></span> <span class='ocrx_word' id='word_1_563' title='bbox 2626 2709 2960 2766; x_wconf 72' lang='lat' dir='ltr'><strong>Alexandria:</strong></span> <span class='ocrx_word' id='word_1_564' title='bbox 3003 2732 3066 2768; x_wconf 77' lang='lat' dir='ltr'><strong>ea:</strong></span> <span class='ocrx_word' id='word_1_565' title='bbox 3110 2724 3478 2777; x_wconf 81' lang='lat' dir='ltr'><strong>commentaria</strong></span> 
     </span>
    </p>
   </div>
   <div class='ocr_carea' id='block_1_81' title="bbox 2323 2777 3039 2851">
    <p class='ocr_par' dir='ltr' id='par_1_81' title="bbox 2323 2777 3039 2851">
     <span class='ocr_line' id='line_1_81' title="bbox 2323 2777 3039 2851; baseline 0.017 -22"><span class='ocrx_word' id='word_1_566' title='bbox 2323 2778 2379 2829; x_wconf 86' lang='lat' dir='ltr'><strong>in</strong></span> <span class='ocrx_word' id='word_1_567' title='bbox 2411 2777 2651 2833; x_wconf 70' lang='lat' dir='ltr'><strong>Matthwi</strong></span> <span class='ocrx_word' id='word_1_568' title='bbox 2681 2780 3039 2851; x_wconf 80' lang='lat' dir='ltr'><strong>Evangelium.</strong></span> 
     </span>
    </p>
   </div>
   <div class='ocr_carea' id='block_1_82' title="bbox 1987 2885 3480 2968">
    <p class='ocr_par' dir='ltr' id='par_1_82' title="bbox 1987 2885 3480 2968">
     <span class='ocr_line' id='line_1_82' title="bbox 1987 2885 3480 2968; baseline 0.013 -29"><span class='ocrx_word' id='word_1_569' title='bbox 1987 2885 2168 2942; x_wconf 85' lang='lat' dir='ltr'><strong>Stater</strong></span> <span class='ocrx_word' id='word_1_570' title='bbox 2192 2905 2352 2945; x_wconf 86' lang='lat' dir='ltr'><strong>verus</strong></span> <span class='ocrx_word' id='word_1_571' title='bbox 2381 2907 2442 2946; x_wconf 90' lang='lat' dir='ltr'><strong>ac</strong></span> <span class='ocrx_word' id='word_1_572' title='bbox 2475 2891 2874 2959; x_wconf 80' lang='lat' dir='ltr'><strong>intellectualis,</strong></span> <span class='ocrx_word' id='word_1_573' title='bbox 2923 2894 2975 2949; x_wconf 93' lang='lat' dir='ltr'><strong>in</strong></span> <span class='ocrx_word' id='word_1_574' title='bbox 3012 2905 3136 2968; x_wconf 88' lang='lat' dir='ltr'><strong>typo</strong></span> <span class='ocrx_word' id='word_1_575' title='bbox 3167 2900 3330 2956; x_wconf 88' lang='lat' dir='ltr'><strong>veluti</strong></span> <span class='ocrx_word' id='word_1_576' title='bbox 3363 2919 3480 2958; x_wconf 87' lang='lat' dir='ltr'><strong>ma-</strong></span> 
     </span>
    </p>
   </div>
   <div class='ocr_carea' id='block_1_83' title="bbox 1919 2979 3480 3053">
    <p class='ocr_par' dir='ltr' id='par_1_83' title="bbox 1919 2979 3480 3053">
     <span class='ocr_line' id='line_1_83' title="bbox 1919 2979 3480 3053; baseline 0.013 -23"><span class='ocrx_word' id='word_1_577' title='bbox 1919 2979 2091 3033; x_wconf 89' lang='lat' dir='ltr'><strong>teriali</strong></span> <span class='ocrx_word' id='word_1_578' title='bbox 2155 2981 2446 3047; x_wconf 77' lang='lat' dir='ltr'><strong>exhibitus,</strong></span> <span class='ocrx_word' id='word_1_579' title='bbox 2494 2985 2606 3053; x_wconf 89' lang='lat' dir='ltr'><strong>ipse</strong></span> <span class='ocrx_word' id='word_1_580' title='bbox 2659 2996 2742 3040; x_wconf 87' lang='lat' dir='ltr'><strong>est</strong></span> <span class='ocrx_word' id='word_1_581' title='bbox 2794 2985 3050 3044; x_wconf 89' lang='lat' dir='ltr'><strong>Dominus</strong></span> <span class='ocrx_word' id='word_1_582' title='bbox 3099 2999 3280 3046; x_wconf 88' lang='lat' dir='ltr'><strong>noster</strong></span> <span class='ocrx_word' id='word_1_583' title='bbox 3321 2993 3480 3050; x_wconf 77' lang='lat' dir='ltr'><strong>Iesus</strong></span> 
     </span>
    </p>
   </div>
   <div class='ocr_carea' id='block_1_84' title="bbox 1913 3066 2734 3139">
    <p class='ocr_par' dir='ltr' id='par_1_84' title="bbox 1913 3066 2734 3139">
     <span class='ocr_line' id='line_1_84' title="bbox 1913 3066 2734 3139; baseline 0.01 -16"><span class='ocrx_word' id='word_1_584' title='bbox 1913 3066 2182 3134; x_wconf 89' lang='lat' dir='ltr'><strong>Christus,</strong></span> <span class='ocrx_word' id='word_1_585' title='bbox 2215 3072 2406 3139; x_wconf 80' lang='lat' dir='ltr'><strong>duplex</strong></span> <span class='ocrx_word' id='word_1_586' title='bbox 2437 3075 2734 3130; x_wconf 86' lang='lat' dir='ltr'><strong>character.</strong></span> 
     </span>
    </p>
   </div>
   <div class='ocr_carea' id='block_1_85' title="bbox 1982 3158 3482 3244">
    <p class='ocr_par' dir='ltr' id='par_1_85' title="bbox 1982 3158 3482 3244">
     <span class='ocr_line' id='line_1_85' title="bbox 1982 3158 3482 3244; baseline 0.013 -35"><span class='ocrx_word' id='word_1_587' title='bbox 1982 3159 2094 3228; x_wconf 93' lang='grc'><strong>66</strong></span> <span class='ocrx_word' id='word_1_588' title='bbox 2145 3158 2348 3226; x_wconf 78' lang='lat' dir='ltr'><strong>XVIII,</strong></span> <span class='ocrx_word' id='word_1_589' title='bbox 2409 3164 2494 3219; x_wconf 85' lang='lat' dir='ltr'><strong>l8.</strong></span> <span class='ocrx_word' id='word_1_590' title='bbox 2552 3164 2890 3238; x_wconf 73' lang='lat' dir='ltr'><strong>Qucccunque</strong></span> <span class='ocrx_word' id='word_1_591' title='bbox 2942 3169 3287 3239; x_wconf 79' lang='lat' dir='ltr'><strong>alligaveritis</strong></span> <span class='ocrx_word' id='word_1_592' title='bbox 3324 3191 3482 3244; x_wconf 77' lang='lat' dir='ltr'><strong>super</strong></span> 
     </span>
    </p>
   </div>
   <div class='ocr_carea' id='block_1_86' title="bbox 1905 3247 2249 3314">
    <p class='ocr_par' dir='ltr' id='par_1_86' title="bbox 1905 3247 2249 3314">
     <span class='ocr_line' id='line_1_86' title="bbox 1905 3247 2249 3314; baseline 0.012 -14"><span class='ocrx_word' id='word_1_593' title='bbox 1905 3247 2121 3314; x_wconf 62' lang='lat' dir='ltr'><strong>terram;</strong></span> <span class='ocrx_word' id='word_1_594' title='bbox 2145 3259 2249 3305; x_wconf 82' lang='lat' dir='ltr'><strong>etc.</strong></span> 
     </span>
    </p>
   </div>
   <div class='ocr_carea' id='block_1_87' title="bbox 1927 3339 3474 3420">
    <p class='ocr_par' dir='ltr' id='par_1_87' title="bbox 1927 3339 3474 3420">
     <span class='ocr_line' id='line_1_87' title="bbox 1927 3339 3474 3420; baseline 0.015 -32"><span class='ocrx_word' id='word_1_595' title='bbox 1927 3369 1941 3388; x_wconf 64' lang='grc' dir='ltr'><strong>ρ</strong></span> <span class='ocrx_word' id='word_1_596' title='bbox 1979 3339 2112 3403; x_wconf 80' lang='lat' dir='ltr'><strong>Quia</strong></span> <span class='ocrx_word' id='word_1_597' title='bbox 2139 3340 2287 3394; x_wconf 87' lang='lat' dir='ltr'><strong>dedit</strong></span> <span class='ocrx_word' id='word_1_598' title='bbox 2320 3342 2408 3405; x_wconf 91' lang='lat' dir='ltr'><strong>iis,</strong></span> <span class='ocrx_word' id='word_1_599' title='bbox 2440 3345 2530 3412; x_wconf 90' lang='lat' dir='ltr'><strong>qui</strong></span> <span class='ocrx_word' id='word_1_600' title='bbox 2576 3345 2803 3401; x_wconf 89' lang='lat' dir='ltr'><strong>docendi</strong></span> <span class='ocrx_word' id='word_1_601' title='bbox 2857 3365 3054 3404; x_wconf 89' lang='lat' dir='ltr'><strong>munus</strong></span> <span class='ocrx_word' id='word_1_602' title='bbox 3098 3354 3278 3408; x_wconf 82' lang='lat' dir='ltr'><strong>sortiti</strong></span> <span class='ocrx_word' id='word_1_603' title='bbox 3305 3366 3431 3410; x_wconf 83' lang='lat' dir='ltr'><strong>sunt</strong></span> <span class='ocrx_word' id='word_1_604' title='bbox 3456 3394 3474 3420; x_wconf 85' lang='lat'><strong>,</strong></span> 
     </span>
    </p>
   </div>
   <div class='ocr_carea' id='block_1_88' title="bbox 1906 3431 3468 3510">
    <p class='ocr_par' dir='ltr' id='par_1_88' title="bbox 1906 3431 3468 3510">
     <span class='ocr_line' id='line_1_88' title="bbox 1906 3431 3468 3510; baseline 0.015 -31"><span class='ocrx_word' id='word_1_605' title='bbox 1906 3436 2230 3496; x_wconf 88' lang='lat' dir='ltr'><strong>potestatem</strong></span> <span class='ocrx_word' id='word_1_606' title='bbox 2287 3431 2485 3500; x_wconf 82' lang='lat' dir='ltr'><strong>ligandi</strong></span> <span class='ocrx_word' id='word_1_607' title='bbox 2541 3434 2704 3503; x_wconf 83' lang='lat' dir='ltr'><strong>atque</strong></span> <span class='ocrx_word' id='word_1_608' title='bbox 2741 3439 2985 3494; x_wconf 81' lang='lat' dir='ltr'><strong>solvendi</strong></span> <span class='ocrx_word' id='word_1_609' title='bbox 3022 3441 3270 3501; x_wconf 91' lang='lat' dir='ltr'><strong>Christus</strong></span> <span class='ocrx_word' id='word_1_610' title='bbox 3301 3487 3318 3510; x_wconf 95' lang='lat'><strong>,</strong></span> <span class='ocrx_word' id='word_1_611' title='bbox 3364 3464 3468 3504; x_wconf 81' lang='lat' dir='ltr'><strong>neu</strong></span> 
     </span>
    </p>
   </div>
   <div class='ocr_carea' id='block_1_89' title="bbox 1904 3523 3469 3592">
    <p class='ocr_par' dir='ltr' id='par_1_89' title="bbox 1904 3523 3469 3592">
     <span class='ocr_line' id='line_1_89' title="bbox 1904 3523 3469 3592; baseline 0.012 -19"><span class='ocrx_word' id='word_1_612' title='bbox 1904 3533 2194 3574; x_wconf 88' lang='lat' dir='ltr'><strong>conversos</strong></span> <span class='ocrx_word' id='word_1_613' title='bbox 2225 3534 2342 3584; x_wconf 86' lang='lat' dir='ltr'><strong>eos,</strong></span> <span class='ocrx_word' id='word_1_614' title='bbox 2390 3523 2481 3591; x_wconf 90' lang='lat' dir='ltr'><strong>qui</strong></span> <span class='ocrx_word' id='word_1_615' title='bbox 2509 3527 2675 3579; x_wconf 86' lang='lat' dir='ltr'><strong>semel</strong></span> <span class='ocrx_word' id='word_1_616' title='bbox 2729 3529 2796 3582; x_wconf 87' lang='lat' dir='ltr'><strong>ad</strong></span> <span class='ocrx_word' id='word_1_617' title='bbox 2851 3533 3166 3587; x_wconf 72' lang='lat' dir='ltr'><strong>sectandam</strong></span> <span class='ocrx_word' id='word_1_618' title='bbox 3217 3536 3469 3592; x_wconf 87' lang='lat' dir='ltr'><strong>virtutem</strong></span> 
     </span>
    </p>
   </div>
   <div class='ocr_carea' id='block_1_90' title="bbox 1904 3607 3466 3693">
    <p class='ocr_par' dir='ltr' id='par_1_90' title="bbox 1904 3607 3466 3693">
     <span class='ocr_line' id='line_1_90' title="bbox 1904 3607 3466 3693; baseline 0.014 -34"><span class='ocrx_word' id='word_1_619' title='bbox 1904 3607 2054 3662; x_wconf 86' lang='lat' dir='ltr'><strong>fuere</strong></span> <span class='ocrx_word' id='word_1_620' title='bbox 2103 3609 2353 3678; x_wconf 79' lang='lat' dir='ltr'><strong>propensi</strong></span> <span class='ocrx_word' id='word_1_621' title='bbox 2409 3621 2723 3669; x_wconf 78' lang='lat' dir='ltr'><strong>sanctorum</strong></span> <span class='ocrx_word' id='word_1_622' title='bbox 2781 3632 2940 3673; x_wconf 86' lang='lat' dir='ltr'><strong>voces</strong></span> <span class='ocrx_word' id='word_1_623' title='bbox 2994 3620 3188 3678; x_wconf 85' lang='lat' dir='ltr'><strong>timere</strong></span> <span class='ocrx_word' id='word_1_624' title='bbox 3233 3635 3466 3693; x_wconf 84' lang='lat' dir='ltr'><strong>oportet,</strong></span> 
     </span>
    </p>
   </div>
   <div class='ocr_carea' id='block_1_91' title="bbox 1904 3697 3468 3776">
    <p class='ocr_par' dir='ltr' id='par_1_91' title="bbox 1904 3697 3468 3776">
     <span class='ocr_line' id='line_1_91' title="bbox 1904 3697 3468 3776; baseline 0.013 -26"><span class='ocrx_word' id='word_1_625' title='bbox 1904 3697 2006 3750; x_wconf 84' lang='lat' dir='ltr'><strong>etsi</strong></span> <span class='ocrx_word' id='word_1_626' title='bbox 2039 3711 2143 3751; x_wconf 83' lang='lat' dir='ltr'><strong>non</strong></span> <span class='ocrx_word' id='word_1_627' title='bbox 2173 3698 2321 3752; x_wconf 86' lang='lat' dir='ltr'><strong>multi</strong></span> <span class='ocrx_word' id='word_1_628' title='bbox 2354 3701 2461 3756; x_wconf 87' lang='lat' dir='ltr'><strong>sint</strong></span> <span class='ocrx_word' id='word_1_629' title='bbox 2481 3704 2574 3769; x_wconf 87' lang='lat' dir='ltr'><strong>qui</strong></span> <span class='ocrx_word' id='word_1_630' title='bbox 2605 3705 2828 3760; x_wconf 82' lang='lat' dir='ltr'><strong>delinire</strong></span> <span class='ocrx_word' id='word_1_631' title='bbox 2850 3709 2902 3761; x_wconf 91' lang='lat' dir='ltr'><strong>id</strong></span> <span class='ocrx_word' id='word_1_632' title='bbox 2929 3716 3468 3776; x_wconf 68' lang='lat' dir='ltr'><strong>possuntmertiores</strong></span> 
     </span>
    </p>
   </div>
   <div class='ocr_carea' id='block_1_92' title="bbox 1902 3787 3464 3870">
    <p class='ocr_par' dir='ltr' id='par_1_92' title="bbox 1902 3787 3464 3870">
     <span class='ocr_line' id='line_1_92' title="bbox 1902 3787 3464 3870; baseline 0.013 -30"><span class='ocrx_word' id='word_1_633' title='bbox 1902 3787 2046 3840; x_wconf 89' lang='lat' dir='ltr'><strong>enim</strong></span> <span class='ocrx_word' id='word_1_634' title='bbox 2079 3787 2146 3841; x_wconf 90' lang='lat' dir='ltr'><strong>de</strong></span> <span class='ocrx_word' id='word_1_635' title='bbox 2178 3787 2282 3844; x_wconf 89' lang='lat' dir='ltr'><strong>hoc</strong></span> <span class='ocrx_word' id='word_1_636' title='bbox 2307 3803 2404 3844; x_wconf 88' lang='lat' dir='ltr'><strong>nos</strong></span> <span class='ocrx_word' id='word_1_637' title='bbox 2438 3790 2688 3848; x_wconf 86' lang='lat' dir='ltr'><strong>Christus</strong></span> <span class='ocrx_word' id='word_1_638' title='bbox 2711 3793 2860 3860; x_wconf 85' lang='lat' dir='ltr'><strong>fecit,</strong></span> <span class='ocrx_word' id='word_1_639' title='bbox 2888 3813 2994 3852; x_wconf 92' lang='lat' dir='ltr'><strong>non</strong></span> <span class='ocrx_word' id='word_1_640' title='bbox 3031 3802 3217 3870; x_wconf 87' lang='lat' dir='ltr'><strong>utique</strong></span> <span class='ocrx_word' id='word_1_641' title='bbox 3242 3798 3464 3862; x_wconf 77' lang='lat' dir='ltr'><strong>omnino</strong></span> 
     </span>
    </p>
   </div>
   <div class='ocr_carea' id='block_1_93' title="bbox 1902 3877 3459 3954">
    <p class='ocr_par' dir='ltr' id='par_1_93' title="bbox 1902 3877 3459 3954">
     <span class='ocr_line' id='line_1_93' title="bbox 1902 3877 3459 3954; baseline 0.016 -25"><span class='ocrx_word' id='word_1_642' title='bbox 1902 3891 1966 3930; x_wconf 77' lang='lat' dir='ltr'><strong>ex</strong></span> <span class='ocrx_word' id='word_1_643' title='bbox 2003 3877 2185 3932; x_wconf 86' lang='lat' dir='ltr'><strong>multis</strong></span> <span class='ocrx_word' id='word_1_644' title='bbox 2210 3879 2680 3938; x_wconf 82' lang='lat' dir='ltr'><strong>conﬁrmationem</strong></span> <span class='ocrx_word' id='word_1_645' title='bbox 2714 3886 2833 3942; x_wconf 89' lang='lat' dir='ltr'><strong>fore</strong></span> <span class='ocrx_word' id='word_1_646' title='bbox 2855 3887 3060 3953; x_wconf 87' lang='lat' dir='ltr'><strong>dicens,</strong></span> <span class='ocrx_word' id='word_1_647' title='bbox 3095 3893 3188 3947; x_wconf 87' lang='lat' dir='ltr'><strong>sed</strong></span> <span class='ocrx_word' id='word_1_648' title='bbox 3223 3897 3325 3951; x_wconf 88' lang='lat' dir='ltr'><strong>etsi</strong></span> <span class='ocrx_word' id='word_1_649' title='bbox 3349 3898 3459 3954; x_wconf 87' lang='lat' dir='ltr'><strong>duo</strong></span> 
     </span>
    </p>
   </div>
   <div class='ocr_carea' id='block_1_94' title="bbox 1901 3972 3464 4057">
    <p class='ocr_par' dir='ltr' id='par_1_94' title="bbox 1901 3972 3464 4057">
     <span class='ocr_line' id='line_1_94' title="bbox 1901 3972 3464 4057; baseline 0.015 -37"><span class='ocrx_word' id='word_1_650' title='bbox 1901 3981 2150 4033; x_wconf 89' lang='lat' dir='ltr'><strong>numero,</strong></span> <span class='ocrx_word' id='word_1_651' title='bbox 2207 3972 2599 4027; x_wconf 82' lang='lat' dir='ltr'><strong>consentiendo</strong></span> <span class='ocrx_word' id='word_1_652' title='bbox 2632 3983 2686 4029; x_wconf 90' lang='lat' dir='ltr'><strong>et</strong></span> <span class='ocrx_word' id='word_1_653' title='bbox 2719 3976 3110 4048; x_wconf 84' lang='lat' dir='ltr'><strong>circumspecte</strong></span> <span class='ocrx_word' id='word_1_654' title='bbox 3132 3984 3464 4057; x_wconf 87' lang='lat' dir='ltr'><strong>delinierint,</strong></span> 
     </span>
    </p>
   </div>
   <div class='ocr_carea' id='block_1_95' title="bbox 1903 4053 3458 4144">
    <p class='ocr_par' dir='ltr' id='par_1_95' title="bbox 1903 4053 3458 4144">
     <span class='ocr_line' id='line_1_95' title="bbox 1903 4053 3458 4144; baseline 0.015 -38"><span class='ocrx_word' id='word_1_655' title='bbox 1903 4053 2060 4109; x_wconf 82' lang='lat' dir='ltr'><strong>linem</strong></span> <span class='ocrx_word' id='word_1_656' title='bbox 2085 4058 2354 4122; x_wconf 88' lang='lat' dir='ltr'><strong>promittit</strong></span> <span class='ocrx_word' id='word_1_657' title='bbox 2379 4071 2747 4119; x_wconf 86' lang='lat' dir='ltr'><strong>assecuturos.</strong></span> <span class='ocrx_word' id='word_1_658' title='bbox 2794 4064 2966 4120; x_wconf 88' lang='lat' dir='ltr'><strong>Simul</strong></span> <span class='ocrx_word' id='word_1_659' title='bbox 3011 4073 3156 4125; x_wconf 90' lang='lat' dir='ltr'><strong>enim</strong></span> <span class='ocrx_word' id='word_1_660' title='bbox 3183 4112 3200 4136; x_wconf 96' lang='lat'><strong>,</strong></span> <span class='ocrx_word' id='word_1_661' title='bbox 3239 4053 3458 4144; x_wconf 69' lang='lat' dir='ltr'><strong>inquit,</strong></span> 
     </span>
    </p>
   </div>
   <div class='ocr_carea' id='block_1_96' title="bbox 1899 4147 3458 4237">
    <p class='ocr_par' dir='ltr' id='par_1_96' title="bbox 1899 4147 3458 4237">
     <span class='ocr_line' id='line_1_96' title="bbox 1899 4147 3458 4237; baseline 0.017 -40"><span class='ocrx_word' id='word_1_662' title='bbox 1899 4159 2015 4208; x_wconf 87' lang='lat' dir='ltr'><strong>cro,</strong></span> <span class='ocrx_word' id='word_1_663' title='bbox 2071 4147 2341 4217; x_wconf 80' lang='lat' dir='ltr'><strong>simulque</strong></span> <span class='ocrx_word' id='word_1_664' title='bbox 2391 4150 2669 4219; x_wconf 83' lang='lat' dir='ltr'><strong>definiam,</strong></span> <span class='ocrx_word' id='word_1_665' title='bbox 2705 4157 2806 4210; x_wconf 88' lang='lat' dir='ltr'><strong>etsi</strong></span> <span class='ocrx_word' id='word_1_666' title='bbox 2837 4159 2945 4212; x_wconf 88' lang='lat' dir='ltr'><strong>duo</strong></span> <span class='ocrx_word' id='word_1_667' title='bbox 2994 4161 3095 4214; x_wconf 89' lang='lat' dir='ltr'><strong>soli</strong></span> <span class='ocrx_word' id='word_1_668' title='bbox 3145 4170 3458 4237; x_wconf 77' lang='lat' dir='ltr'><strong>congregati</strong></span> 
     </span>
    </p>
   </div>
   <div class='ocr_carea' id='block_1_97' title="bbox 1899 4233 3461 4314">
    <p class='ocr_par' dir='ltr' id='par_1_97' title="bbox 1899 4233 3461 4314">
     <span class='ocr_line' id='line_1_97' title="bbox 1899 4233 3461 4314; baseline 0.015 -26"><span class='ocrx_word' id='word_1_669' title='bbox 1899 4233 2098 4290; x_wconf 83' lang='lat' dir='ltr'><strong>fuerint</strong></span> <span class='ocrx_word' id='word_1_670' title='bbox 2125 4249 2344 4307; x_wconf 85' lang='lat' dir='ltr'><strong>propter</strong></span> <span class='ocrx_word' id='word_1_671' title='bbox 2374 4256 2498 4310; x_wconf 81' lang='lat' dir='ltr'><strong>tne;</strong></span> <span class='ocrx_word' id='word_1_672' title='bbox 2557 4260 2660 4299; x_wconf 88' lang='lat' dir='ltr'><strong>non</strong></span> <span class='ocrx_word' id='word_1_673' title='bbox 2696 4249 2839 4302; x_wconf 80' lang='lat' dir='ltr'><strong>enim</strong></span> <span class='ocrx_word' id='word_1_674' title='bbox 2884 4252 3046 4306; x_wconf 87' lang='lat' dir='ltr'><strong>simul</strong></span> <span class='ocrx_word' id='word_1_675' title='bbox 3085 4233 3461 4314; x_wconf 65' lang='lat' dir='ltr'><strong>exsistantium</strong></span> 
     </span>
    </p>
   </div>
   <div class='ocr_carea' id='block_1_98' title="bbox 1901 4331 3462 4410">
    <p class='ocr_par' dir='ltr' id='par_1_98' title="bbox 1901 4331 3462 4410">
     <span class='ocr_line' id='line_1_98' title="bbox 1901 4331 3462 4410; baseline 0.017 -31"><span class='ocrx_word' id='word_1_676' title='bbox 1901 4342 2209 4392; x_wconf 82' lang='lat' dir='ltr'><strong>numerum,</strong></span> <span class='ocrx_word' id='word_1_677' title='bbox 2237 4331 2333 4386; x_wconf 83' lang='lat' dir='ltr'><strong>sed</strong></span> <span class='ocrx_word' id='word_1_678' title='bbox 2379 4333 2634 4402; x_wconf 86' lang='lat' dir='ltr'><strong>pietatem</strong></span> <span class='ocrx_word' id='word_1_679' title='bbox 2681 4336 2886 4410; x_wconf 79' lang='lat' dir='ltr'><strong>Deique</strong></span> <span class='ocrx_word' id='word_1_680' title='bbox 2913 4357 3150 4400; x_wconf 83' lang='lat' dir='ltr'><strong>amorem</strong></span> <span class='ocrx_word' id='word_1_681' title='bbox 3179 4347 3462 4406; x_wconf 74' lang='lat' dir='ltr'><strong>eliicacem</strong></span> 
     </span>
    </p>
   </div>
   <div class='ocr_carea' id='block_1_99' title="bbox 1900 4415 2133 4476">
    <p class='ocr_par' dir='ltr' id='par_1_99' title="bbox 1900 4415 2133 4476">
     <span class='ocr_line' id='line_1_99' title="bbox 1900 4415 2133 4476; baseline 0.026 -7"><span class='ocrx_word' id='word_1_682' title='bbox 1900 4415 2012 4472; x_wconf 80' lang='lat' dir='ltr'><strong>fore</strong></span> <span class='ocrx_word' id='word_1_683' title='bbox 2038 4419 2133 4476; x_wconf 83' lang='lat' dir='ltr'><strong>ait.</strong></span> 
     </span>
    </p>
   </div>
   <div class='ocr_carea' id='block_1_100' title="bbox 1961 4531 3456 4610">
    <p class='ocr_par' dir='ltr' id='par_1_100' title="bbox 1961 4531 3456 4610">
     <span class='ocr_line' id='line_1_100' title="bbox 1961 4531 3456 4610; baseline 0.017 -29"><span class='ocrx_word' id='word_1_684' title='bbox 1961 4531 2070 4599; x_wconf 85' lang='grc'>67</span> <span class='ocrx_word' id='word_1_685' title='bbox 2109 4531 2292 4600; x_wconf 75' lang='lat' dir='ltr'><strong>XVIII,</strong></span> <span class='ocrx_word' id='word_1_686' title='bbox 2315 4533 2405 4588; x_wconf 73' lang='lat'><strong>25.</strong></span> <span class='ocrx_word' id='word_1_687' title='bbox 2436 4537 2602 4592; x_wconf 68' lang='lat' dir='ltr'><strong>Iussit</strong></span> <span class='ocrx_word' id='word_1_688' title='bbox 2641 4557 2756 4594; x_wconf 83' lang='lat' dir='ltr'><strong>eum</strong></span> <span class='ocrx_word' id='word_1_689' title='bbox 2803 4545 3129 4610; x_wconf 78' lang='lat' dir='ltr'><strong>venundari,</strong></span> <span class='ocrx_word' id='word_1_690' title='bbox 3165 4555 3214 4600; x_wconf 80' lang='lat' dir='ltr'><strong>et</strong></span> <span class='ocrx_word' id='word_1_691' title='bbox 3240 4563 3456 4606; x_wconf 71' lang='lat' dir='ltr'><strong>uxorem</strong></span> 
     </span>
    </p>
   </div>
   <div class='ocr_carea' id='block_1_101' title="bbox 1891 4619 2287 4688">
    <p class='ocr_par' dir='ltr' id='par_1_101' title="bbox 1891 4619 2287 4688">
     <span class='ocr_line' id='line_1_101' title="bbox 1891 4619 2287 4688; baseline 0.013 -18"><span class='ocrx_word' id='word_1_692' title='bbox 1891 4619 2024 4687; x_wconf 79' lang='lat' dir='ltr'><strong>ejits,</strong></span> <span class='ocrx_word' id='word_1_693' title='bbox 2050 4631 2096 4673; x_wconf 80' lang='lat' dir='ltr'><strong>et</strong></span> <span class='ocrx_word' id='word_1_694' title='bbox 2127 4622 2287 4688; x_wconf 72' lang='lat' dir='ltr'><strong>ﬁlios.</strong></span> 
     </span>
    </p>
   </div>
   <div class='ocr_carea' id='block_1_102' title="bbox 1965 4709 3456 4798">
    <p class='ocr_par' dir='ltr' id='par_1_102' title="bbox 1965 4709 3456 4798">
     <span class='ocr_line' id='line_1_102' title="bbox 1965 4709 3456 4798; baseline 0.015 -35"><span class='ocrx_word' id='word_1_695' title='bbox 1965 4709 2066 4764; x_wconf 84' lang='lat' dir='ltr'><strong>Per</strong></span> <span class='ocrx_word' id='word_1_696' title='bbox 2133 4713 2499 4770; x_wconf 83' lang='lat' dir='ltr'><strong>venditionem</strong></span> <span class='ocrx_word' id='word_1_697' title='bbox 2534 4722 2816 4777; x_wconf 70' lang='lat' dir='ltr'><strong>uxorisne</strong></span> <span class='ocrx_word' id='word_1_698' title='bbox 2845 4728 3176 4798; x_wconf 85' lang='lat' dir='ltr'><strong>reliquorum</strong></span> <span class='ocrx_word' id='word_1_699' title='bbox 3213 4731 3456 4786; x_wconf 83' lang='lat' dir='ltr'><strong>innuitnr</strong></span> 
     </span>
    </p>
   </div>
   <div class='ocr_carea' id='block_1_103' title="bbox 1893 4800 3449 4886">
    <p class='ocr_par' dir='ltr' id='par_1_103' title="bbox 1893 4800 3449 4886">
     <span class='ocr_line' id='line_1_103' title="bbox 1893 4800 3449 4886; baseline 0.014 -32"><span class='ocrx_word' id='word_1_700' title='bbox 1893 4800 2290 4857; x_wconf 81' lang='lat' dir='ltr'><strong>delectabilium</strong></span> <span class='ocrx_word' id='word_1_701' title='bbox 2323 4809 2563 4861; x_wconf 87' lang='lat' dir='ltr'><strong>omnium</strong></span> <span class='ocrx_word' id='word_1_702' title='bbox 2617 4825 2645 4863; x_wconf 91' lang='lat' dir='ltr'><strong>a</strong></span> <span class='ocrx_word' id='word_1_703' title='bbox 2683 4811 2813 4869; x_wconf 39' lang='lat' dir='ltr'><strong>‘Deo</strong></span> <span class='ocrx_word' id='word_1_704' title='bbox 2851 4817 3006 4886; x_wconf 84' lang='lat' dir='ltr'><strong>plena</strong></span> <span class='ocrx_word' id='word_1_705' title='bbox 3053 4819 3318 4886; x_wconf 85' lang='lat' dir='ltr'><strong>sublatio,</strong></span> <span class='ocrx_word' id='word_1_706' title='bbox 3385 4837 3449 4876; x_wconf 85' lang='lat' dir='ltr'><strong>ac</strong></span> 
     </span>
    </p>
   </div>
   <div class='ocr_carea' id='block_1_104' title="bbox 1893 4891 3452 4968">
    <p class='ocr_par' dir='ltr' id='par_1_104' title="bbox 1893 4891 3452 4968">
     <span class='ocr_line' id='line_1_104' title="bbox 1893 4891 3452 4968; baseline 0.015 -23"><span class='ocrx_word' id='word_1_707' title='bbox 1893 4891 2197 4946; x_wconf 84' lang='lat' dir='ltr'><strong>omnimoda</strong></span> <span class='ocrx_word' id='word_1_708' title='bbox 2234 4895 2483 4962; x_wconf 82' lang='lat' dir='ltr'><strong>privatio.</strong></span> <span class='ocrx_word' id='word_1_709' title='bbox 2519 4897 2644 4954; x_wconf 81' lang='lat' dir='ltr'><strong>Haec</strong></span> <span class='ocrx_word' id='word_1_710' title='bbox 2694 4904 2838 4958; x_wconf 90' lang='lat' dir='ltr'><strong>enim</strong></span> <span class='ocrx_word' id='word_1_711' title='bbox 2894 4910 3132 4965; x_wconf 79' lang='lat' dir='ltr'><strong>venditio</strong></span> <span class='ocrx_word' id='word_1_712' title='bbox 3175 4909 3452 4968; x_wconf 79' lang='lat' dir='ltr'><strong>alienatio-</strong></span> 
     </span>
    </p>
   </div>
   <div class='ocr_carea' id='block_1_105' title="bbox 1891 4983 2504 5044">
    <p class='ocr_par' dir='ltr' id='par_1_105' title="bbox 1891 4983 2504 5044">
     <span class='ocr_line' id='line_1_105' title="bbox 1891 4983 2504 5044; baseline 0.018 -11"><span class='ocrx_word' id='word_1_713' title='bbox 1891 4996 2011 5034; x_wconf 88' lang='lat' dir='ltr'><strong>nem</strong></span> <span class='ocrx_word' id='word_1_714' title='bbox 2047 4999 2074 5034; x_wconf 91' lang='lat' dir='ltr'><strong>a</strong></span> <span class='ocrx_word' id='word_1_715' title='bbox 2104 4983 2214 5038; x_wconf 83' lang='lat' dir='ltr'><strong>Deo</strong></span> <span class='ocrx_word' id='word_1_716' title='bbox 2244 4986 2504 5044; x_wconf 87' lang='lat' dir='ltr'><strong>declarat.</strong></span> 
     </span>
    </p>
   </div>
   <div class='ocr_carea' id='block_1_106' title="bbox 1961 5069 3448 5159">
    <p class='ocr_par' dir='ltr' id='par_1_106' title="bbox 1961 5069 3448 5159">
     <span class='ocr_line' id='line_1_106' title="bbox 1961 5069 3448 5159; baseline 0.02 -36"><span class='ocrx_word' id='word_1_717' title='bbox 1961 5069 2103 5137; x_wconf 80' lang='lat' dir='ltr'><strong>xrx,</strong></span> <span class='ocrx_word' id='word_1_718' title='bbox 2137 5074 2228 5127; x_wconf 72' lang='grc'><strong>24.</strong></span> <span class='ocrx_word' id='word_1_719' title='bbox 2271 5075 2514 5133; x_wconf 82' lang='lat' dir='ltr'><strong>Facilius</strong></span> <span class='ocrx_word' id='word_1_720' title='bbox 2541 5092 2614 5136; x_wconf 86' lang='lat' dir='ltr'><strong>eu</strong></span> <span class='ocrx_word' id='word_1_721' title='bbox 2648 5085 2904 5140; x_wconf 86' lang='lat' dir='ltr'><strong>camelum</strong></span> <span class='ocrx_word' id='word_1_722' title='bbox 2941 5105 3033 5155; x_wconf 82' lang='lat' dir='ltr'><strong>per</strong></span> <span class='ocrx_word' id='word_1_723' title='bbox 3060 5090 3300 5159; x_wconf 82' lang='lat' dir='ltr'><strong>foramen</strong></span> <span class='ocrx_word' id='word_1_724' title='bbox 3323 5110 3448 5152; x_wconf 84' lang='lat' dir='ltr'><strong>acus</strong></span> 
     </span>
    </p>
   </div>
   <div class='ocr_carea' id='block_1_107' title="bbox 1887 5165 2224 5229">
    <p class='ocr_par' dir='ltr' id='par_1_107' title="bbox 1887 5165 2224 5229">
     <span class='ocr_line' id='line_1_107' title="bbox 1887 5165 2224 5229; baseline 0.024 -15"><span class='ocrx_word' id='word_1_725' title='bbox 1887 5165 2224 5229; x_wconf 73' lang='lat' dir='ltr'><strong>perna-mire.</strong></span> 
     </span>
    </p>
   </div>
   <div class='ocr_carea' id='block_1_108' title="bbox 1959 5254 3450 5334">
    <p class='ocr_par' dir='ltr' id='par_1_108' title="bbox 1959 5254 3450 5334">
     <span class='ocr_line' id='line_1_108' title="bbox 1959 5254 3450 5334; baseline 0.019 -28"><span class='ocrx_word' id='word_1_726' title='bbox 1959 5254 2234 5310; x_wconf 87' lang='lat' dir='ltr'><strong>Camelum</strong></span> <span class='ocrx_word' id='word_1_727' title='bbox 2264 5258 2350 5313; x_wconf 91' lang='lat' dir='ltr'><strong>hic</strong></span> <span class='ocrx_word' id='word_1_728' title='bbox 2374 5261 2528 5329; x_wconf 88' lang='lat' dir='ltr'><strong>dicit,</strong></span> <span class='ocrx_word' id='word_1_729' title='bbox 2552 5278 2654 5318; x_wconf 92' lang='lat' dir='ltr'><strong>non</strong></span> <span class='ocrx_word' id='word_1_730' title='bbox 2685 5267 2882 5321; x_wconf 87' lang='lat' dir='ltr'><strong>animal</strong></span> <span class='ocrx_word' id='word_1_731' title='bbox 2913 5271 3170 5328; x_wconf 90' lang='lat' dir='ltr'><strong>oneribus</strong></span> <span class='ocrx_word' id='word_1_732' title='bbox 3210 5274 3450 5334; x_wconf 81' lang='lat' dir='ltr'><strong>ferendis</strong></span> 
     </span>
    </p>
   </div>
   <div class='ocr_carea' id='block_1_109' title="bbox 215 5314 1809 5438">
    <p class='ocr_par' dir='ltr' id='par_1_109' title="bbox 215 5314 1781 5438">
     <span class='ocr_line' id='line_1_109' title="bbox 215 5314 1781 5404; baseline 0.012 -37"><span class='ocrx_word' id='word_1_733' title='bbox 215 5314 352 5368; x_wconf 79' lang='grc' dir='ltr'>ἀλλὰ</span> <span class='ocrx_word' id='word_1_734' title='bbox 375 5317 444 5369; x_wconf 77' lang='grc' dir='ltr'>τὸ</span> <span class='ocrx_word' id='word_1_735' title='bbox 469 5320 616 5388; x_wconf 84' lang='grc' dir='ltr'>παχὺ</span> <span class='ocrx_word' id='word_1_736' title='bbox 640 5321 870 5389; x_wconf 80' lang='grc' dir='ltr'>σχοινίον</span> <span class='ocrx_word' id='word_1_737' title='bbox 900 5326 958 5375; x_wconf 84' lang='grc' dir='ltr'>ὲν</span> <span class='ocrx_word' id='word_1_738' title='bbox 989 5316 1032 5391; x_wconf 83' lang='grc' dir='ltr'>ᾦ</span> <span class='ocrx_word' id='word_1_739' title='bbox 1059 5327 1380 5396; x_wconf 86' lang='grc' dir='ltr'>δεσμεύουσι</span> <span class='ocrx_word' id='word_1_740' title='bbox 1412 5331 1509 5395; x_wconf 74' lang='grc' dir='ltr'><strong>τὰς</strong></span> <span class='ocrx_word' id='word_1_741' title='bbox 1537 5314 1781 5404; x_wconf 76' lang='grc' dir='ltr'>ἀγκύρας</span> 
     </span>
     <span class='ocr_line' id='line_1_110' title="bbox 215 5406 1716 5438; baseline 0 0"><span class='ocrx_word' id='word_1_742' title='bbox 215 5406 259 5438; x_wconf 52' lang='lat' dir='ltr'><strong>ns</strong></span> <span class='ocrx_word' id='word_1_743' title='bbox 296 5407 480 5438; x_wconf 55' lang='grc' dir='ltr'><strong>ως--.</strong></span> <span class='ocrx_word' id='word_1_744' title='bbox 520 5409 655 5438; x_wconf 63' lang='lat' dir='ltr'><strong>ma-</strong></span> <span class='ocrx_word' id='word_1_745' title='bbox 694 5428 809 5438; x_wconf 82' lang='lat'><strong>_.._</strong></span> <span class='ocrx_word' id='word_1_746' title='bbox 846 5414 1010 5438; x_wconf 52' lang='grc' dir='ltr'><strong>χωρ.-</strong></span> <span class='ocrx_word' id='word_1_747' title='bbox 1038 5417 1127 5438; x_wconf 66' lang='grc' dir='ltr'><strong>--.Α</strong></span> <span class='ocrx_word' id='word_1_748' title='bbox 1278 5419 1322 5438; x_wconf 74' lang='grc' dir='ltr'><strong>η.</strong></span> <span class='ocrx_word' id='word_1_749' title='bbox 1576 5424 1600 5434; x_wconf 56' lang='grc' dir='ltr'><em>η</em></span> <span class='ocrx_word' id='word_1_750' title='bbox 1665 5427 1716 5438; x_wconf 77' lang='lat'><strong>.-</strong></span> 
     </span>
    </p>
   </div>
   <div class='ocr_carea' id='block_1_110' title="bbox 1929 5314 3453 5438">
    <p class='ocr_par' dir='ltr' id='par_1_110' title="bbox 1929 5314 3453 5438">
     <span class='ocr_line' id='line_1_111' title="bbox 2445 5314 3450 5334; baseline 0.019 -21"><span class='ocrx_word' id='word_1_751' title='bbox 2917 5314 3170 5328; x_wconf 74' lang='lat'><strong>-..-...,...,</strong></span> 
     </span>
     <span class='ocr_line' id='line_1_112' title="bbox 1929 5344 3453 5438; baseline 0.018 -44"><span class='ocrx_word' id='word_1_752' title='bbox 1929 5344 2228 5409; x_wconf 87' lang='lat' dir='ltr'><strong>estinatum,</strong></span> <span class='ocrx_word' id='word_1_753' title='bbox 2249 5348 2342 5402; x_wconf 87' lang='lat' dir='ltr'><strong>sed</strong></span> <span class='ocrx_word' id='word_1_754' title='bbox 2357 5363 2596 5406; x_wconf 75' lang='lat' dir='ltr'><strong>crassum</strong></span> <span class='ocrx_word' id='word_1_755' title='bbox 2617 5354 2814 5423; x_wconf 89' lang='lat' dir='ltr'><strong>funem,</strong></span> <span class='ocrx_word' id='word_1_756' title='bbox 2840 5359 2924 5412; x_wconf 85' lang='lat' dir='ltr'><strong>cui</strong></span> <span class='ocrx_word' id='word_1_757' title='bbox 2955 5361 3217 5421; x_wconf 83' lang='lat' dir='ltr'><strong>anchoras</strong></span> <span class='ocrx_word' id='word_1_758' title='bbox 3231 5367 3453 5438; x_wconf 86' lang='lat' dir='ltr'><strong>alligant</strong></span> 
     </span>
    </p>
   </div>
   <div class='ocr_carea' id='block_1_111' title="bbox 213 5406 1780 5491">
    <p class='ocr_par' dir='ltr' id='par_1_111' title="bbox 213 5406 1780 5491">
     <span class='ocr_line' id='line_1_113' title="bbox 213 5406 1780 5491; baseline 0.014 -33"><span class='ocrx_word' id='word_1_759' title='bbox 213 5406 262 5458; x_wconf 83' lang='grc' dir='ltr'>οἱ</span> <span class='ocrx_word' id='word_1_760' title='bbox 296 5407 658 5479; x_wconf 82' lang='grc' dir='ltr'>ναῦται,Ἢδη</span> <span class='ocrx_word' id='word_1_761' title='bbox 693 5428 809 5474; x_wconf 87' lang='grc' dir='ltr'><strong>πως</strong></span> <span class='ocrx_word' id='word_1_762' title='bbox 844 5414 1010 5481; x_wconf 81' lang='grc' dir='ltr'>ὲγγὺς</span> <span class='ocrx_word' id='word_1_763' title='bbox 1037 5417 1132 5470; x_wconf 80' lang='grc' dir='ltr'><strong>καὶ</strong></span> <span class='ocrx_word' id='word_1_764' title='bbox 1161 5419 1456 5491; x_wconf 87' lang='grc' dir='ltr'>ἁγχίθυρον</span> <span class='ocrx_word' id='word_1_765' title='bbox 1506 5424 1602 5476; x_wconf 88' lang='grc' dir='ltr'><strong>τοῦ</strong></span> <span class='ocrx_word' id='word_1_766' title='bbox 1653 5427 1780 5480; x_wconf 79' lang='grc' dir='ltr'>ἀδυ-</span> 
     </span>
    </p>
   </div>
   <div class='ocr_carea' id='block_1_112' title="bbox 215 5495 1780 5586">
    <p class='ocr_par' dir='ltr' id='par_1_112' title="bbox 215 5495 1780 5586">
     <span class='ocr_line' id='line_1_114' title="bbox 215 5495 1780 5586; baseline 0.016 -38"><span class='ocrx_word' id='word_1_767' title='bbox 215 5495 373 5550; x_wconf 82' lang='grc' dir='ltr'>νάτου</span> <span class='ocrx_word' id='word_1_768' title='bbox 391 5499 452 5552; x_wconf 69' lang='grc' dir='ltr'>τὸ</span> <span class='ocrx_word' id='word_1_769' title='bbox 478 5499 666 5570; x_wconf 60' lang='grc' dir='ltr'>χρῆμα</span> <span class='ocrx_word' id='word_1_770' title='bbox 689 5503 880 5568; x_wconf 79' lang='grc' dir='ltr'>τιθεὶς,</span> <span class='ocrx_word' id='word_1_771' title='bbox 909 5505 1182 5561; x_wconf 83' lang='grc' dir='ltr'>δείκνυται</span> <span class='ocrx_word' id='word_1_772' title='bbox 1207 5511 1304 5580; x_wconf 87' lang='grc' dir='ltr'>οὐχ</span> <span class='ocrx_word' id='word_1_773' title='bbox 1329 5515 1356 5564; x_wconf 87' lang='lat'><strong>6</strong></span> <span class='ocrx_word' id='word_1_774' title='bbox 1381 5513 1562 5584; x_wconf 85' lang='grc' dir='ltr'>τυχὼν</span> <span class='ocrx_word' id='word_1_775' title='bbox 1591 5519 1780 5586; x_wconf 80' lang='grc' dir='ltr'>μισθὸς</span> 
     </span>
    </p>
   </div>
   <div class='ocr_carea' id='block_1_113' title="bbox 283 5675 1773 5761">
    <p class='ocr_par' dir='ltr' id='par_1_113' title="bbox 283 5675 1773 5761">
     <span class='ocr_line' id='line_1_115' title="bbox 283 5675 1773 5761; baseline 0.015 -34"><span class='ocrx_word' id='word_1_776' title='bbox 283 5675 358 5746; x_wconf 85' lang='lat' dir='ltr'><strong>(l)</strong></span> <span class='ocrx_word' id='word_1_777' title='bbox 403 5676 460 5729; x_wconf 89' lang='grc' dir='ltr'>Ὀ</span> <span class='ocrx_word' id='word_1_778' title='bbox 500 5679 726 5747; x_wconf 70' lang='lat' dir='ltr'><strong>oratiu)</strong></span> <span class='ocrx_word' id='word_1_779' title='bbox 757 5709 825 5720; x_wconf 90' lang='lat'><em>—</em></span> <span class='ocrx_word' id='word_1_780' title='bbox 855 5682 1177 5751; x_wconf 74' lang='grc' dir='ltr'>χαρακτήρ.</span> <span class='ocrx_word' id='word_1_781' title='bbox 1209 5685 1310 5741; x_wconf 81' lang='lat' dir='ltr'><strong>Mai</strong></span> <span class='ocrx_word' id='word_1_782' title='bbox 1348 5688 1412 5743; x_wconf 82' lang='grc' dir='ltr'><strong>Β.</strong></span> <span class='ocrx_word' id='word_1_783' title='bbox 1443 5690 1515 5746; x_wconf 84' lang='grc' dir='ltr'><strong>Ν.</strong></span> <span class='ocrx_word' id='word_1_784' title='bbox 1552 5691 1615 5761; x_wconf 91' lang='lat' dir='ltr'><strong>Il,</strong></span> <span class='ocrx_word' id='word_1_785' title='bbox 1651 5694 1773 5750; x_wconf 72' lang='grc'><strong>481.</strong></span> 
     </span>
    </p>
   </div>
   <div class='ocr_carea' id='block_1_114' title="bbox 1885 5433 3452 5517">
    <p class='ocr_par' dir='ltr' id='par_1_114' title="bbox 1885 5433 3452 5517">
     <span class='ocr_line' id='line_1_116' title="bbox 1885 5433 3452 5517; baseline 0.021 -34"><span class='ocrx_word' id='word_1_786' title='bbox 1885 5445 2078 5487; x_wconf 83' lang='lat' dir='ltr'><strong>nautae.</strong></span> <span class='ocrx_word' id='word_1_787' title='bbox 2107 5433 2223 5490; x_wconf 86' lang='lat' dir='ltr'><strong>Jam</strong></span> <span class='ocrx_word' id='word_1_788' title='bbox 2242 5440 2639 5506; x_wconf 87' lang='lat' dir='ltr'><strong>quodammodo</strong></span> <span class='ocrx_word' id='word_1_789' title='bbox 2661 5459 2772 5498; x_wconf 89' lang='lat' dir='ltr'><strong>rem</strong></span> <span class='ocrx_word' id='word_1_790' title='bbox 2803 5448 3185 5517; x_wconf 86' lang='lat' dir='ltr'><strong>impossibilem</strong></span> <span class='ocrx_word' id='word_1_791' title='bbox 3221 5433 3353 5514; x_wconf 56' lang='lat' dir='ltr'><strong>esse</strong></span> <span class='ocrx_word' id='word_1_792' title='bbox 3371 5460 3452 5514; x_wconf 84' lang='lat' dir='ltr'><strong>di-</strong></span> 
     </span>
    </p>
   </div>
   <div class='ocr_carea' id='block_1_115' title="bbox 1884 5527 3449 5605">
    <p class='ocr_par' dir='ltr' id='par_1_115' title="bbox 1884 5527 3449 5605">
     <span class='ocr_line' id='line_1_117' title="bbox 1884 5527 3449 5605; baseline 0.018 -30"><span class='ocrx_word' id='word_1_793' title='bbox 1884 5536 2011 5577; x_wconf 89' lang='lat' dir='ltr'><strong>cens</strong></span> <span class='ocrx_word' id='word_1_794' title='bbox 2030 5527 2265 5582; x_wconf 80' lang='lat' dir='ltr'><strong>ostendit</strong></span> <span class='ocrx_word' id='word_1_795' title='bbox 2289 5544 2393 5584; x_wconf 89' lang='lat' dir='ltr'><strong>non</strong></span> <span class='ocrx_word' id='word_1_796' title='bbox 2433 5534 2729 5602; x_wconf 82' lang='lat' dir='ltr'><strong>quamlibet</strong></span> <span class='ocrx_word' id='word_1_797' title='bbox 2763 5543 3066 5598; x_wconf 87' lang='lat' dir='ltr'><strong>mercedem</strong></span> <span class='ocrx_word' id='word_1_798' title='bbox 3107 5547 3362 5604; x_wconf 87' lang='lat' dir='ltr'><strong>divitibus</strong></span> <span class='ocrx_word' id='word_1_799' title='bbox 3393 5558 3449 5605; x_wconf 83' lang='lat' dir='ltr'><strong>et</strong></span> 
     </span>
    </p>
   </div>
  </div>
