4092 6202
381 296 452 306 —
853 278 1094 298 —‘—'——
1227 282 1295 292 ..δυ
1309 282 1331 292 ο
1345 279 1374 290 ε’
1393 283 1410 289 —
1711 281 1721 287 ι
1963 277 1987 284 -ο
2047 275 2508 286 ο--σ-αρ-ο--ι-
2522 274 3023 284 ο--ε---ι-ο--οσ-η
3537 278 3578 285 ...-

3027 275 3128 286 ε--υ

943 594 1834 777 SANCTI
2017 568 3032 769 CYRILLI

1422 1009 1425 1014 '
1462 1000 1935 1056 ALEXANDRIAE
1993 997 2514 1057 ARCHIEPISCOPI

463 1270 1615 1373 COMMENTARIOBUM
1697 1271 1826 1362 IN
1907 1271 2093 1361 XII
2171 1270 2872 1365 PBOPH‘ETAS
2944 1271 3488 1368 MINORES

1683 1561 2118 1624 CONTINUA
2133 1561 2296 1625 T10,

1775 1791 2173 1806 '——————-ﬁ

769 2093 1012 2208 ΕΙΣ
1081 2091 1397 2209 TON
1477 2090 2340 2207 ΠΡΟΦΗΤΗΝ
2418 2091 3192 2208 ΖΑΧΑΡΙΑΝ

1491 2369 1831 2427 ΕΞΗΓΗΣΙΣ
1888 2372 2488 2430 ΥΠΟΜΝΗΜΑἸἸΚΗ.

982 2747 1131 2861 ΙΝ
1209 2746 1468 2863 ZAC
1487 2747 2045 2865 HARIAM
2133 2747 3003 2865 PROPHETAM

1625 3047 2376 3110 COMMENTARIUS

1695 3283 1976 3333 Con-tinens
2010 3287 2166 3333 tomos
2198 3294 2286 3331 sex
2303 3312 2320 3329 .

1948 3485 2018 3496 —-

817 3641 1478 3730 ΠΡΟΟΙΜΙΟΝ.

453 3817 528 3872 A’.
561 3819 902 3891 Προφητεύει
951 3835 1049 3890 μεν
1078 3821 1106 3873 ὁ
1147 3820 1412 3890 μακάριος
1438 3819 1713 3890 Ζαχαρίας
1755 3819 1812 3871 ὲν
1840 3825 1952 3882 τοῖς

387 3907 783 3982 Ἰεροσολύμοις
832 3910 973 3965 κατὰ
1017 3911 1144 3975 τοὺς
1195 3911 1413 3975 αὐτοὺς,
1473 3905 1662 3981 οἶμαι,
1704 3909 1949 3980 χρόνους,

374 4001 498 4056 καθ’
523 4001 615 4066 οὓς
657 4005 752 4056 καὶ
796 4005 824 4057 ὁ
854 4003 1132 4072 Σοφονίας.
1163 4002 1317 4056 Μετὰ
1347 4002 1458 4073 γάρ
1499 4019 1581 4055 τοι
1609 4001 1706 4073 τὴν
1747 4003 1812 4054 ἐκ
1853 4001 1953 4072 τῆς

372 4093 754 4162 αἰχμαλωσίας
783 4095 1056 4158 ἐπάνοδον,
1094 4094 1419 4167 κατῴκηκεν
1457 4096 1486 4148 ὁ
1523 4092 1738 4164 Ἰσραὴλ
1770 4091 1953 4146 οὐκέτι

371 4182 724 4253 διῃρημένως
757 4184 812 4237 ἓν
842 4202 899 4237 τε
939 4189 1006 4257 τῇ
1053 4185 1284 4257 Ἰουδαίᾳ
1326 4186 1420 4240 καὶ
1459 4187 1516 4238 ὲν
1544 4187 1612 4255 τῇ
1647 4183 1951 4256 Σαμαρείᾳ,

375 4270 497 4324 ἀλλ’
527 4271 607 4333 εἰς
642 4271 770 4340 μίαν
799 4272 848 4324 οἱ
875 4274 1068 4337 πάντες
1097 4275 1488 4344 συνηνεγμένοι
1517 4275 1689 4336 πόλιν,
1721 4274 1818 4345 τὴν
1853 4275 1954 4326 Ἰε-

379 4363 664 4435 ρουσαλὴμ
686 4363 942 4433 δηλονότι,
969 4364 1063 4418 καὶ
1095 4365 1197 4417 ἀνὰ
1222 4366 1400 4418 πᾶσαν
1430 4364 1529 4433 τὴν
1565 4363 1840 4424 Ἰουδαίαν,
1867 4362 1953 4430 βα-

377 4455 684 4520 σιλεύοντος
705 4457 792 4508 ἐπ’
810 4457 992 4520 αὐτοῖς
1015 4456 1319 4527 Ζοροϐάϐελ
1341 4456 1434 4509 τοῦ
1465 4459 1530 4509 ὲκ
1550 4455 1723 4526 φυλῆς
1760 4453 1950 4517 Ἰούδα,

374 4546 474 4600 καὶ
532 4547 640 4618 μὴν
689 4547 783 4602 καὶ
828 4546 1160 4618 προύχοντος
1207 4549 1265 4602 ὲν
1314 4547 1579 4619 ἱερωσύνῃ
1642 4546 1817 4617 Ἰησοῦ
1858 4545 1952 4598 τοῦ

387 4638 652 4702 Ἰωσεδὲκ,
709 4638 804 4691 τοῦ
846 4638 1037 4708 ἱερέως
1087 4637 1182 4692 τοῦ
1238 4637 1496 4708 μεγάλου.
1543 4637 1849 4707 Ἔξυφαίνει
1895 4637 1952 4690 δὲ

374 4730 492 4783 λίαν
513 4731 775 4800 ἐντέχνως
797 4731 899 4800 τῆς
925 4732 1258 4802 προφητείας
1277 4731 1367 4784 τὸν
1391 4731 1566 4798 λόγον.
1609 4729 1824 4801 Ἐπειδὴ
1848 4729 1952 4801 γὰρ

373 4824 423 4876 oi
455 4822 694 4877 πλεῖστοι
743 4823 855 4876 τῶν
886 4825 949 4876 ὲκ
990 4823 1089 4893 τῆς
1143 4823 1420 4886 Ἰουδαίας,
1469 4823 1586 4892 ἤτοι
1613 4819 1949 4891 Σαμαρείας,

370 4914 853 4985 ἁπενηνεγμένων,
886 4915 1075 4968 αὐτόθι
1100 4915 1459 4984 ἑπανήκασιν,
1491 4915 1706 4968 ἅπαντα
1748 4913 1845 4983 μὲν
1873 4914 1953 4965 εί-

1941 3725 1946 3731 ,
1973 3669 2026 3727 Δ

2378 3656 2540 3728 652
2593 3643 3351 3771 PROtEMIUMa

2105 3819 2162 3872 ’1.
2215 3818 2556 3876 Vaticinandi
2599 3833 2823 3874 munere
2849 3816 3088 3888 fungitur
3115 3815 3306 3873 beatus
3343 3813 3634 3873 Zacharias

2054 3906 2465 3981 Hierosolymis,
2495 3909 2710 3978 iisdem,
2737 3909 2947 3980 opinor,
2977 3910 3332 3979 temporibus,
3360 3912 3554 3982 quibus
3579 3921 3634 3969 et

2063 3999 2387 4068 Sophonias.
2415 4001 2546 4054 Nam
2577 4011 2701 4070 post
2730 4000 3096 4056 reversionem
3125 4014 3157 4056 e
3182 4000 3523 4071 captivitate,
3553 4002 3633 4056 ls-

2055 4096 2166 4148 rael
2198 4108 2303 4147 non
2333 4093 2562 4162 amplius
2594 4093 2807 4149 divisim
2842 4108 2938 4164 per
2967 4092 3207 4148 Judream
3243 4102 3296 4146 et
3326 4092 3629 4147 Samariam

2056 4183 2336 4251 habitavit,
2363 4186 2456 4240 sed
2487 4186 2537 4239 in
2565 4201 2725 4240 unam
2753 4198 2943 4240 omnes
2970 4185 3178 4248 urbem,
3208 4184 3628 4256 Hierosolymam

2055 4275 2325 4341 videlicet,
2375 4285 2430 4331 et
2477 4275 2723 4332 Judmam
2770 4286 2936 4333 totam
2983 4276 3295 4344 congregati
3345 4286 3492 4338 sunt,
3541 4292 3628 4330 re-

2054 4376 2252 4438 gnante
2290 4369 2430 4422 inter
2459 4383 2552 4423 eos
2587 4367 2917 4424 Zorobabele
2953 4384 2984 4422 e
3025 4369 3164 4424 tribu
3196 4367 3357 4432 Iuda.
3390 4380 3443 4425 et
3475 4368 3630 4424 Jose-

2053 4460 2153 4513 dec
2195 4474 2462 4520 summum
2506 4461 2864 4515 sacerdotium
2909 4457 3208 4514 obtinente.
3245 4459 3410 4514 Valde
3445 4470 3624 4516 autem

2054 4552 2190 4606 scite
2206 4565 2512 4608 sermonem
2529 4551 2902 4620 propheticum
2921 4551 3179 4606 contexit.
3199 4549 3460 4616 Quoniam
3479 4551 3624 4604 enim

2055 4655 2120 4695 ex
2154 4640 2362 4706 Judrca,
2431 4642 2546 4697 sive
2580 4639 2822 4696 Samaria
2857 4640 3208 4695 abductorum
3241 4640 3624 4710 quamplurimi

2053 4747 2118 4787 eo
2153 4733 2353 4788 reversi
2385 4742 2532 4799 sunt,
2559 4732 2674 4802 qui,
2699 4747 2819 4801 quae
2845 4731 3121 4802 Babylonii
3150 4740 3339 4788 contra
3369 4731 3625 4790 Hieroso-

2055 4824 2253 4894 lymam
2278 4825 2484 4880 neiarie
2507 4826 2777 4894 quondam
2803 4824 2969 4880 moliti
2993 4835 3191 4890 essent,
3218 4833 3478 4881 noverant
3502 4842 3625 4882 omo

2055 4918 2179 4983 nia;
2223 4931 2397 4986 neque
2435 4916 2749 4971 nesciebant
2788 4916 2984 4980 etiam,
3027 4931 3132 4986 qua
3175 4918 3241 4970 de
3283 4931 3445 4971 causa
3486 4918 3626 4972 Deus

369 5004 523 5069 δότες
552 5004 623 5057 τὰ
650 5008 799 5077 παρὰ
821 5008 930 5061 τῶν
957 5007 1315 5060 Βασυλωνίων
1345 5005 1486 5059 κατὰ
1513 5004 1620 5058 τῶν
1655 5001 1950 5075 Ἰεροσολύ-

2059 5009 2227 5062 iratus
2251 5007 2442 5063 fuisset
2466 5025 2478 5062 :
2507 5007 2596 5075 qui
2623 5021 2750 5061 vero
2779 5007 2918 5076 apud
2947 5007 3140 5061 Persas
3187 5017 3240 5062 et
3265 5007 3446 5062 Medos
3471 5018 3625 5062 erant

374 5113 492 5166 μων
523 5095 902 5167 τετολμημένα
942 5099 1082 5150 κατὰ
1113 5097 1338 5168 καιρούς
1359 5112 1374 5127 ⁸
1415 5096 1508 5149 καὶ
1553 5096 1654 5148 οὑκ
1690 5092 1953 5164 ἡγνοηκὸο

368 5205 461 5250 τες
485 5188 542 5241 δὲ
589 5187 726 5258 πρὸς
773 5188 983 5252 τούτοις
1016 5189 1086 5242 τὰ
1114 5192 1199 5258 ἐφ’
1239 5185 1320 5251 οἷς
1359 5187 1654 5256 λελύπηται
1696 5185 1830 5248 Θεός
1853 5201 1866 5214 ·
1900 5185 1950 5237 οί

366 5279 428 5333 δὲ
448 5280 512 5350 δὴ
542 5279 898 5352 γεννηθέντες
926 5282 984 5334 ὲν
1015 5284 1080 5353 τῇ
1125 5282 1234 5334 τῶν
1262 5280 1486 5353 Περσῶν
1524 5297 1582 5333 τε
1627 5279 1720 5333 καὶ
1751 5278 1950 5348 Μήδων

368 5368 526 5440 χώρᾳ
547 5367 669 5422 οὗτε
704 5369 789 5433 τίς
821 5371 853 5441 ἢ
879 5371 1043 5425 ὁποία
1065 5373 1184 5425 ποτ’
1209 5373 1355 5425 ἐστὶν
1384 5373 1418 5443 ἠ
1455 5369 1814 5442 Ἰερουσαλὴμ
1839 5370 1951 5436 ἐγί-

363 5476 597 5525 νωσκον,
630 5460 748 5513 οὔτε
790 5462 893 5533 τὴν
940 5463 1194 5518 Ἰουδαίαν
1227 5464 1444 5534 ᾔδεσαν,
1487 5462 1610 5516 οὗτε
1645 5463 1750 5534 μὴν
1779 5462 1846 5515 τὰ
1883 5464 1945 5514 ἐκ

363 5552 470 5622 τῆς
499 5552 649 5614 θείας
670 5554 838 5624 ὀργῆς
858 5557 972 5616 τοῖς
1001 5554 1271 5623 πατράσιν
1303 5554 1482 5606 αὐτῶν
1509 5552 1942 5625 ὲπενηνεγμένα,

688 5647 960 5709 Panos.
1003 5647 1121 5707 Gn.
1172 5648 1422 5709 LXXII.

311 5993 550 6198 (οἵ

2051 5096 2336 5167 procreati,
2371 5110 2472 5151 nec
2499 5111 2618 5165 quae
2643 5094 2805 5167 653
2838 5103 2928 5150 aut
2957 5095 3129 5164 qualis
3158 5104 3298 5151 esset
3326 5094 3619 5150 Jerusalem

2049 5190 2366 5254 didicerant,
2410 5204 2509 5244 nec
2550 5186 2791 5243 Iudaeam
2833 5187 3006 5243 oculis
3049 5204 3279 5258 unquam
3324 5200 3621 5253 conspexe-

2050 5291 2192 5342 rant,
2224 5295 2324 5336 nec
2359 5294 2546 5352 pmnas
2579 5279 2828 5350 patribus
2859 5279 3094 5348 ipsorum
3129 5278 3196 5331 ab
3231 5276 3369 5330 irato
3402 5275 3508 5330 Deo
3543 5279 3624 5331 in.

2019 5357 2032 5369 ’
2050 5381 2254 5436 vectas,
2283 5388 2383 5429 nec
2406 5389 2576 5443 quare
2601 5380 2710 5428 tam
2736 5372 2854 5427 dire
2881 5370 3091 5426 multati
3118 5375 3319 5434 essent,
3346 5369 3449 5424 nisi
3480 5370 3621 5426 forte

2052 5478 2114 5516 ex
2146 5463 2527 5532 perfunctoriis
2560 5463 2979 5523 narrationibus,
3009 5456 3405 5525 intellexerant,
3430 5476 3621 5516 neces-

2053 5557 2194 5612 sario
2251 5557 2623 5614 universorum
2685 5555 2825 5610 Deus
2886 5552 3134 5607 libertate
3189 5551 3403 5606 donatis
3459 5552 3622 5610 veluti

3312 5639 3339 5704 1
