4092 6202
421 246 474 303 ιι
1409 237 1468 293 s.
1509 234 1782 290 CYRILLI
1823 228 2285 285 “mmmam
2328 223 2648 283 summm.
2881 199 2883 202 ’
3596 225 3666 284 {2

417 364 706 424 th'tttdam
772 354 1112 423 pu-d.tgr~g~.ttn
1171 352 1668 416 moderatoremque
1712 346 1989 402 constituit

2112 344 2205 395 ἰλλ’
2239 342 2344 395 οὐδ’
2377 343 2468 394 ἐπὶ
2501 343 2638 394 τισίν
2669 341 2801 402 ὅλως
2825 338 2920 400 τὰς
2943 337 3080 391 οὕτω
3110 337 3349 410 σκληρὰς
3377 339 3661 411 ὲζήτηνται

421 453 638 504 beatum
683 447 998 501 Zachariam
1036 463 1048 498 :
1086 445 1368 498 oriundum
1408 442 1622 509 quidem
1663 456 1692 493 e
1732 439 1990 506 sanguine

422 555 600 604 sacro,
638 552 828 608 nempe
859 551 923 590 ex
956 537 1095 589 tribu
1132 533 1280 598 Levi,
1316 542 1466 601 patre.
1500 529 1758 598 Barachia
1796 545 1988 584 secun-

423 634 551 686 dmu
589 645 854 694 carnem,
905 626 1119 682 oracula
1174 634 1350 678 autem
1401 623 1646 678 edentem
1697 621 1988 674 secundum

425 724 691 793 spiritum,
724 731 775 774 et
812 720 978 774 lilium
1013 719 1164 772 Addo
1202 717 1496 787 prophetae.
1529 714 1691 784 Cujus
1725 715 1988 776 moribus,

425 827 477 868 ut
519 814 772 869 credibile
803 823 907 878 est,
939 813 1218 876 educatus,
1251 809 1490 878 ejusdem
1524 821 1735 876 quoque
1766 806 1991 860 virtutes

427 908 664 960 imitatus
697 914 798 958 cst.
835 903 965 969 Qua:
1003 903 1166 971 igitur
1199 899 1356 970 lmjus
1391 899 1682 967 prophetia)
1715 897 1785 950 sit
1824 897 1990 959 ratio,

425 1009 479 1050 el
505 998 686 1066 quales
712 996 1050 1050 narrationes
1075 994 1307 1053 iutcxat,
1335 1005 1511 1060 operae
1537 991 1764 1057 pretium
1792 997 1873 1043 est
1900 1003 1994 1040 ex-

422 1105 645 1159 ponere.
667 1088 974 1144 Vindictam
1006 1087 1148 1141 euim
1180 1099 1338 1154 quant
1372 1082 1738 1146 sustinebant,
1771 1081 1994 1150 captivi-

429 1188 538 1232 tate
565 1178 753 1233 solutis
783 1176 1036 1245 ohjectal,
1071 1184 1127 1229 ut
1158 1175 1245 1242 qui
1278 1173 1515 1226 divinum
1548 1173 1852 1225 mandatum
1888 1187 1991 1224 nou

427 1270 616 1324 leviter
656 1267 1051 1338 neglexissent,
1090 1277 1143 1320 et
1182 1281 1277 1336 per
1315 1265 1768 1334 sapientissimmn
1810 1261 1991 1316 Mosen

428 1363 688 1414 divinitus
723 1367 986 1428 praecepta
1023 1367 1366 1412 contemnere
1398 1356 1806 1409 eonsuevissent
1842 1370 1855 1407 :
1895 1368 1993 1406 ex-

431 1461 746 1518 terreusque
798 1449 916 1502 illos
973 1463 1078 1502 non
1134 1448 1493 1512 mediocriter,
1551 1447 1615 1499 ad
1668 1445 1991 1498 voluntatem

431 1541 824 1609 consequendae
876 1539 1051 1592 laudis
1095 1553 1158 1591 ex
1212 1536 1465 1590 facultate
1513 1533 1622 1590 Deo
1670 1549 1768 1602 per
1815 1533 1995 1588 omnia

431 1632 712 1686 obedieudi
752 1628 995 1700 impellit.
1031 1629 1190 1683 Addit
1226 1643 1406 1698 porro,
1443 1627 1544 1681 nisi
1582 1625 1704 1680 boni
1738 1635 1792 1678 et
1829 1625 1992 1678 mori-

434 1724 570 1791 geri,
600 1695 904 1789 divinisque
934 1720 1138 1789 legibus
1168 1695 1526 1789 obsequentes
1557 1716 1775 1782 fuerint,
1808 1731 1996 1784 passu-
2030 1695 2070 1752 Β

435 1830 524 1868 rus
549 1814 747 1867 diriora
776 1813 880 1866 illis
900 1851 913 1876 ,
941 1826 1060 1880 qua:
1085 1811 1321 1878 ipsorqu
1351 1807 1582 1875 majores
1607 1807 1843 1876 perpessi
1867 1805 1996 1860 sint.

435 1904 500 1957 Et
523 1904 916 1973 quodammodo
939 1902 1294 1957 institutionis
1317 1916 1424 1955 suae
1446 1915 1724 1956 sermones
1747 1900 1998 1962 dilataus,

437 1997 631 2048 docere
658 1993 970 2063 aggreditur
1018 2006 1139 2060 qua:
1164 2000 1378 2059 patrum
1407 1991 1583 2045 studia
1612 1988 1830 2053 fuerint,
1855 1997 1907 2042 et
1935 1990 2001 2041 ob

436 2102 554 2154 qua:
592 2086 805 2138 divinus
841 2097 1002 2152 super
1033 2098 1126 2138 eos
1162 2084 1312 2138 furor
1342 2082 1644 2147 stillaverit,
1681 2090 1736 2136 et
1773 2095 2002 2152 quonam

438 2176 595 2229 modo
629 2173 1119 2243 postea.perierint.
1152 2172 1415 2242 Item-quo
1447 2182 1604 2241 pacto
1637 2172 1735 2241 ipsi
1771 2171 2001 2236 liberati,

437 2277 492 2320 et
520 2267 794 2319 servitutis
815 2265 943 2334 jugo
969 2266 1198 2332 exempti
1231 2267 1282 2316 in
1309 2263 1544 2318 Judaeam
1575 2263 1999 2331 remigraveriut.

437 2356 692 2424 Adjungit
733 2357 836 2418 his,
871 2356 1067 2420 adhuc,
1103 2364 1160 2408 ut
1200 2355 1331 2416 dixi,
1366 2356 1610 2423 graviora
1649 2367 1920 2422 passuros,
1958 2353 2002 2406 si

438 2447 702 2515 majorum
731 2445 973 2513 vestigiis
1003 2443 1056 2496 in
1088 2457 1272 2497 amore
1306 2442 1397 2496 Dei
1432 2442 1721 2510 rejicieudo
1753 2441 2004 2495 insistere

437 2537 840 2592 coutenderint.
889 2534 1097 2603 Ubique
1141 2544 1317 2588 autem
1364 2533 1699 2588 liberationis
1741 2531 1866 2585 olim
1909 2546 2004 2599 per

438 2629 713 2684 Christum
743 2627 933 2681 futura:
962 2627 1226 2694 meminit,
1255 2635 1309 2680 et
1340 2624 1651 2696 mysterium
1680 2623 1732 2677 in
1765 2637 1829 2677 eo
1855 2625 2005 2677 exhi-

439 2717 672 2772 bendum
714 2716 1061 2770 multifariam
1104 2715 1260 2771 nobis
1299 2715 1572 2772 describit.
1616 2713 1867 2784 Singulas
1904 2715 2005 2767 ita-

439 2822 547 2878 que
581 2815 759 2876 partes
791 2807 1083 2876 prophetiae
1113 2806 1271 2876 hujus
1301 2807 1608 2861 accuratius
1641 2807 2007 2876 pervestigare

441 2899 720 2962 volentes,
757 2911 823 2950 ne
864 2898 1092 2952 otiosam
1131 2898 1505 2966 repetitionem
1541 2898 1851 2952 existiment
1889 2912 2008 2962 qua:

2091 435 2258 494 δίκας,
2297 433 2432 502 πλὴν
2473 435 2593 484 ὅσον
2642 430 2699 495 ἐξ
2739 430 3092 500 ἠμελημένων
3135 431 3274 499 τάχα
3323 447 3424 483 που
3477 431 3664 504 διηγη-

2094 524 2300 593 μάτων,
2345 523 2654 590 ἀναγκαίως
2685 524 2711 574 ὁ
2742 520 2848 572 τῶν
2878 520 3012 572 ὅλων
3056 519 3185 582 Θεὸς
3225 521 3406 582 αὐτοῖς
3437 524 3545 585 τοῖς
3578 521 3664 574 λε-

2091 616 2452 685 λυτρωμένοις
2489 613 2828 681 παιδαγωγὸν
2870 610 3057 679 ῶσπερ
3098 612 3216 665 τινὰ
3249 612 3343 665 καὶ⁹
3384 614 3664 686 ἁρμοστὴν

2092 706 2436 759 ἀναδείκνυσι
2473 705 2563 758 τὸν
2615 705 2884 774 μακάριον
2937 703 3232 772 Ζαχαρίαν,
3281 703 3410 756 ὅντα
3464 705 3560 775 μὲν
3607 707 3665 772 ἐξ

2093 797 2320 868 αἵματος
2371 795 2538 867 ίεροῦ,
2578 796 2853 849 τουτέστιν
2901 797 2964 849 ὲκ
3011 794 3110 864 τῆς
3150 794 3322 866 φυλῆς
3370 795 3520 857 Λευῒ,
3573 799 3666 849 καὶ

2092 888 2350 957 γεγονότα
2380 889 2475 957 μὲν
2497 891 2560 941 ὲκ
2583 890 2784 958 πατρὸς
2810 889 3077 959 Βαραχίου
3098 887 3238 940 κατά
3261 904 3322 954 γε
3348 887 3443 957 τὴν
3465 888 3661 958 σάρκα,

2094 982 2532 1052 κεχρηματικότα
2581 982 2636 1034 δε
2672 985 2810 1035 κατὰ
2852 980 3065 1050 πνεῦμα
3099 981 3192 1033 καὶ
3221 981 3332 1032 υίδν
3378 981 3542 1033 Ἀδδὼ
3571 982 3662 1033 τοῦ

2095 1077 2394 1144 προφήτου.
2449 1074 2757 1144 Τέθραπται
2801 1075 2928 1143 γὰρ,
2977 1075 3051 1136 ὡς
3097 1073 3262 1137 εἰκὸς,
3314 1076 3426 1136 τοῖς
3457 1074 3664 1126 ἐκείνου

2093 1168 2334 1236 τρόποις,
2371 1168 2463 1220 καὶ
2505 1167 2610 1219 τῶν
2645 1167 2774 1219 ἴσων
2812 1165 3312 1237 ἀνδραγαθημάτων
3351 1147 3537 1234 γέγονε
3578 1184 3666 1235 μι-

2099 1261 2292 1328 μητής.
2327 1258 2421 1320 Τίς
2464 1253 2555 1311 οὖν
2599 1257 2746 1327 αὐτῷ
2775 1258 2870 1328 τῆς
2918 1257 3250 1328 προφητείας
3293 1257 3322 1308 ὀ
3367 1257 3540 1323 λόγος,
3577 1260 3668 1308 καὶ

2095 1347 2180 1400 διὰ
2214 1347 2378 1399 ποίων
2412 1347 2518 1400 τῶν
2543 1345 2892 1418 διηγημάτων
2926 1347 3161 1417 ἔρχεται,
3198 1348 3313 1409 πῶς
3359 1348 3456 1399 οὒκ
3484 1347 3550 1399 ἂν
3588 1346 3668 1398 δί-

2097 1453 2249 1491 καιον
2279 1438 2488 1500 εἰπεῖν;
2515 1437 2624 1507 Τὴν
2654 1438 2809 1506 δίκην
2841 1437 2938 1506 μὲν
2970 1437 3099 1507 γὰρ,
3132 1437 3220 1505 ὑφ’
3251 1437 3318 1505 ἥν
3352 1438 3507 1498 εἰσιν,
3547 1438 3666 1487 ἐπι-

2099 1530 2328 1600 σκήπτει
2359 1531 2469 1589 τοῖς
2498 1527 2944 1598 λελυτρωμένοις,
2981 1528 3073 1580 ἅτε
3115 1527 3177 1596 δὴ
3208 1527 3306 1594 τῆς
3330 1527 3479 1589 θείας
3523 1529 3669 1579 ἐντο-

2097 1621 2195 1690 λῆς
2225 1621 2283 1674 οὑ
2323 1620 2555 1691 μετρίως
2595 1620 2917 1689 ἠμεληκόσι,
2948 1619 3039 1672 καὶ
3068 1619 3175 1671 τῶν
3216 1617 3304 1670 διὰ
3345 1618 3435 1671 τοῦ
3470 1618 3669 1671 πανσό-

2101 1728 2199 1779 (pou
2228 1709 2468 1772 Μωσέως
2499 1707 2938 1778 τεθεσπισμένων
2971 1708 3182 1775 διλογεῖν
3225 1706 3438 1759 εἰωθόσι
3458 1724 3471 1736 ·
3503 1724 3669 1759 κατα⁶

2100 1805 2466 1874 δεδιττόμενος
2523 1804 2581 1855 δὲ
2629 1803 2689 1855 οὐ
2745 1805 2978 1873 μετρίως
3045 1802 3280 1867 αὐτοὺς,
3343 1804 3670 1872 μεταφοιτᾷν

2101 1895 2384 1948 ἀναπείθει
2413 1894 2546 1964 πρὸς
2571 1895 2631 1946 τὸ
2659 1894 2766 1946 δεῖν
2795 1893 3008 1946 ἑλέσθαι
3041 1894 3241 1964 μᾶλλον
3264 1894 3566 1962 εὐδοκιμεῖν
3586 1893 3672 1945 δια

2103 1986 2196 2056 τῆς
2214 1988 2292 2049 είς
2310 1987 2414 2038 πᾶν
2430 1984 2606 2038 ὁτιοῦν
2620 1984 2923 2048 εὐπειθείας
2937 1987 3030 2037 καὶ
3045 1985 3308 2055 ὑπακοῆς.
3331 1987 3372 2037 Il
3384 1985 3670 2054 ροσεπάγει

2102 2077 2180 2140 δὲ,
2201 2078 2345 2130 ὃτιεί
2375 2077 2449 2146 μὴ
2483 2073 2589 2130 εἷεν
2615 2077 2826 2146 ἀγαθοὶ,
2847 2077 2941 2130 καὶ
2974 2077 3200 2146 εὐήνιοι,
3245 2077 3338 2130 καὶ
3367 2078 3476 2138 τοῖς
3508 2075 3672 2137 θείοις

2104 2167 2343 2232 εἴκοντες
2368 2171 2573 2239 νόμοις,
2589 2169 2867 2221 πείσονται
2891 2169 2984 2222 καὶ
3001 2168 3153 2220 αὐτοὶ
3179 2167 3286 2220 τῶν
3313 2169 3423 2230 τοῖς
3437 2167 3672 2236 πατράσι

2106 2260 2529 2329 συμϐεϐηκότων
2564 2260 2629 2312 τὰ
2666 2260 3058 2331 φορτικώτερα.
3092 2258 3448 2329 Κατευρύνων
3472 2258 3525 2310 δὲ
3561 2257 3670 2309 ὦσ-

2105 2369 2210 2422 περ
2255 2353 2353 2421 τῆς
2389 2352 2762 2420 παιδαγωγίας
2808 2352 2934 2414 τοὺς
2973 2353 3180 2418 λόγους,
3238 2353 3493 2420 πειρᾶται
3530 2350 3670 2403 διδά-

2107 2460 2273 2507 σκειν,
2305 2443 2424 2495 τίνα
2461 2443 2556 2512 μὲν
2584 2439 2650 2514 ἦν
2691 2443 2857 2496 παλαι
2896 2443 2964 2494 τὰ
2994 2441 3100 2496 τῶν
3130 2441 3376 2511 πατέρων
3399 2440 3670 2511 ἐπιτηδεύ-

2108 2549 2273 2602 ματα,
2303 2533 2396 2585 καὶ
2429 2533 2520 2585 ἐπὶ
2559 2533 2700 2586 τίσιν
2733 2533 2914 2596 αὐτοῖς
2937 2536 2964 2586 ὁ
2998 2532 3140 2596 θεῖος
3185 2531 3445 2596 ὲπέσταξε
3480 2531 3670 2601 θυμὸς,

2105 2624 2225 2676 τίνα
2257 2624 2300 2676 δ’
2331 2618 2397 2676 αὖ
2425 2623 2706 2678 διολώλασι
2735 2626 2932 2696 τρόπον
2950 2641 2961 2656 ⁸
2999 2625 3091 2677 καὶ
3117 2623 3219 2696 μὴν
3241 2625 3332 2677 καὶ
3353 2623 3499 2687 ὅπως
3523 2623 3672 2676 λελύ-

2105 2733 2361 2786 τρωνται,
2415 2717 2507 2768 καὶ
2560 2717 2649 2770 τὸν
2698 2720 2798 2788 τῆς
2847 2717 3222 2788 αἰχμαλωσίας
3282 2717 3676 2785 ἀπολυσάμενοι

2108 2805 2290 2874 ζυγὸν,
2322 2807 2756 2880 ἀνεκομίσθησαν
2794 2811 2872 2871 εἰς
2899 2809 2996 2877 τὴν
3032 2809 3310 2861 Ἰουδαίαν.
3336 2803 3678 2876 Προσεπάγει

2107 2896 2161 2948 δὲ
2196 2897 2424 2961 τούτοις,
2453 2901 2554 2958 ὅτι,
2587 2898 2838 2964 καθάπερ
2878 2896 3013 2964 ἔφην
3047 2895 3268 2963 ἀρτίως,
3307 2897 3581 2949 πείσονται
3611 2899 3680 2951 τά

443 2985 761 3049 οίῐοτυηιυν,
802 2994 858 3039 et
900 2985 966 3040 de
1005 2987 1293 3054 praeteritis
1334 2999 1826 3040 commemorantur
1862 3003 1876 3038 :
1915 2987 2005 3037 sed

2112 2986 2299 3054 χείρω,
2328 2987 2426 3054 τῆς
2457 2987 2564 3037 τῶν
2598 2985 2847 3054 πατέρων
2870 2985 3184 3053 ἀφιλοθεῖας
3216 2986 3337 3039 κατ’
3372 2988 3514 3057 ἴχνος
3545 2989 3676 3041 ἰέναι

444 3072 788 3125 meminerint
819 3073 1016 3140 potius,
1042 3087 1109 3126 ex
1140 3074 1451 3142 captivitate
1481 3076 1532 3126 iu
1557 3073 1795 3127 Judzcam
1827 3087 2005 3125 rever-

445 3178 565 3226 SOS,
601 3163 914 3217 narratione
953 3178 1174 3218 casuum
1216 3175 1646 3234 autegressorum
1686 3177 2010 3231 magnopere

445 3269 578 3323 opus
608 3253 878 3308 habuisse.
909 3252 1001 3309 Sic
1027 3255 1170 3309 enim
1201 3253 1335 3308 alios
1365 3255 1690 3325 corrigebat,
1723 3257 1773 3309 in
1807 3271 2009 3309 memo-

445 3347 578 3400 riam
617 3347 696 3400 eis
732 3347 977 3415 redigens
1007 3361 1127 3415 quae
1158 3347 1504 3416 pertulissent
1538 3367 1551 3402 :
1579 3348 1884 3419 junioribus
1915 3365 2010 3401 au-

447 3447 552 3492 tem
603 3447 656 3491 et
686 3447 928 3492 veterum
966 3439 1167 3506 ignaris
1196 3439 1541 3493 securitatem
1574 3439 1913 3504 conciliabat,
1946 3455 2010 3494 ne

446 3530 668 3601 paribus
701 3531 936 3584 miseriis
969 3530 1387 3595 iuvolverentur,
1448 3531 1492 3585 si
1526 3533 1687 3584 vitam
1727 3531 2001 3599 profanam

447 3631 502 3677 et
537 3622 988 3690 improbissimam
1025 3631 1381 3678 sectarentur.

2119 3074 2525 3138 σπουδάζοντες.
2554 3075 2929 3146 Διαμέμνηται
2951 3076 3007 3128 δὲ
3035 3077 3283 3148 πανταχῆ
3309 3077 3410 3148 τῆς
3439 3078 3525 3132 διὰ
3549 3080 3683 3148 Χρι-

2117 3165 2243 3218 στοῦ
2283 3166 2602 3235 λυτρώσεως
2637 3168 2899 3238 ἐσομένης
2932 3167 3075 3221 κατά
3103 3169 3350 3240 καιροὺς,
3379 3170 3558 3223 καὶτὸ
3596 3172 3685 3223 ἐπ’

2115 3258 2264 3329 αὐτῷ
2292 3260 2585 3330 μυστήριον
2609 3259 2697 3313 διὰ
2720 3241 2928 3314 πολλῶν
2951 3261 3081 3330 ἡμῖν
3107 3261 3414 3332 ἀναγράφει
3443 3261 3680 3333 τρόπων.

2115 3353 2204 3402 Δεῖ
2241 3351 2295 3402 δὲ
2324 3347 2417 3404 οὖν
2465 3351 2672 3404 ἕκαστα
2711 3352 2809 3421 τῆς
2849 3353 3184 3424 προιρητείας
3231 3353 3299 3406 τὰ
3341 3353 3480 3426 μέρη
3520 3353 3685 3406 πολυο

2117 3445 2450 3511 πραγμονεῖν
2490 3441 2798 3508 ἐθέλοντας,
2834 3445 2908 3514 μὴ
2941 3443 3292 3512 ταυτολογίαν
3333 3444 3582 3514 ἡγεῖσθαι
3620 3447 3687 3500 τὰ

2118 3536 2174 3586 ὲν
2209 3535 2364 3605 αὐτῇ,
2395 3534 2638 3605 καὶπερὶ
2676 3535 2772 3605 τὴν
2804 3537 3076 3605 ἀφήγησιν
3111 3535 3218 3588 τῶν
3248 3535 3345 3605 ἤδη
3387 3539 3683 3604 γεγενημέ-

2121 3641 2226 3676 νων
2247 3641 2258 3654 ·
2291 3625 2697 3696 διαμεμνῆσθαι
2726 3625 2781 3678 δὲ
2809 3627 3030 3696 μᾶλλον,
3068 3626 3150 3679 ὅτι
3177 3627 3286 3688 τοῖς
3310 3626 3374 3676 ὲκ
3411 3623 3511 3692 τῆς
3537 3625 3693 3693 αἰχμκ

450 3700 685 3781 αλωσίας
713 3717 1152 3789 ὑπονοστήσασιν
1185 3718 1265 3779 εἰς
1299 3718 1400 3788 τὴν
1446 3717 1724 3781 Ἰουδαίαν,
1794 3718 2228 3785 ἀναγκαιοτάτην
2273 3718 2385 3788 ἔχει
2453 3719 2562 3773 τῶν
2607 3720 2706 3791 ήδη
2771 3719 3192 3790 συμϐεϐηκότων
3243 3719 3341 3786 τὴν
3392 3717 3687 3786 ἀφήγησιν.

461 3811 808 3883 Ἐπηνὼρθου
843 3812 940 3880 μὲν
969 3811 1074 3882 γὰρ
1115 3812 1242 3874 τοὺς
1279 3811 1508 3875 εἰδότας,
1575 3805 1649 3864 ὧν
1686 3813 1784 3883 ἤδη
1811 3812 2139 3867 πεπόνθασιν
2209 3815 2496 3886 ἀναφέρων
2555 3815 2689 3886 πρὸς
2727 3815 3053 3886 ἀνάμνησινο
3096 3818 3207 3878 τοῖς
3232 3815 3289 3868 δὲ
3333 3814 3397 3883 δὴ
3431 3814 3571 3875 νέοις
3597 3828 3691 3863 κο-

452 3909 600 3980 μιδῇ.
635 3909 727 3961 καὶ
753 3909 850 3960 οὐκ
897 3907 1059 3960 είδόσι
1092 3907 1157 3960 τά
1193 3907 1380 3972 πάλαι,
1412 3907 1688 3977 προεξένει
1714 3908 1811 3976 τὴν
1846 3908 2160 3976 ἀσφάλειαν,
2189 3909 2273 3964 ἵνα
2334 3911 2408 3980 μὴ
2428 3913 2538 3973 τοῖς
2573 3909 2709 3973 ἴσοις
2770 3910 3008 3964 ὲναλοῖεν
3051 3911 3260 3972 κακοῖς,
3314 3909 3413 3976 τὴν
3468 3906 3694 3975 βέϐηλον

451 4003 545 4056 καὶ
578 3999 933 4070 ἁνομωτὰτην
965 3998 1288 4068 ἀγαπῶντες
1321 3998 1484 4068 ζωήν.

745 4146 1148 4238 TOMUS
1235 4147 1722 4236 PRIMUS.

1023 4294 1187 4367 654
1220 4294 1371 4349 CAP.
1414 4295 1452 4348 ι.

537 4431 696 4488 Vens.
729 4432 779 4495 l,
804 4431 860 4485 9..
891 4429 958 4484 In
988 4443 1166 4486 acturo
1193 4446 1360 4483 mense
1386 4428 1508 4482 anni
1534 4429 1770 4493 secundi,
1796 4427 1890 4482 sub
1921 4425 2022 4480 Da-

459 4530 556 4589 rio,
591 4527 786 4594 factum
822 4535 893 4576 est
932 4523 1136 4575 verbum
1170 4520 1376 4574 Domini
1409 4520 1477 4571 ad
1514 4518 1824 4572 Zachariam
1855 4517 2027 4584 ﬁlium

460 4618 757 4680 Barachiw,
789 4614 956 4683 ﬁlium
990 4615 1138 4666 Addo
1173 4614 1451 4682 map/reue,
1485 4613 1659 4663 dicens
1691 4625 1708 4661 :
1740 4609 1918 4661 Iratus
1953 4617 2027 4661 est

464 4705 714 4758 Dominus
745 4713 924 4755 contra
954 4717 1127 4771 patres
1155 4711 1348 4755 vestros
1381 4701 1460 4752 ira
1490 4715 1698 4768 magna.

532 4901 598 4954 ll.
651 4896 1047 4952 Animadvertis
1096 4895 1362 4964 quomodo
1411 4893 1718 4948 narratione
1765 4901 2026 4947 terrorem
2083 4947 2089 4950 _

466 4991 598 5063 ipsis
629 4989 866 5057 injiciat,
899 4995 954 5042 et
985 4987 1317 5057 impuberes,
1347 4998 1464 5054 quae
1493 4993 1618 5039 ante
1645 4983 1763 5039 illos
1788 4984 2030 5054 contige-

471 5092 594 5138 runt
626 5094 936 5151 exponens,
972 5079 1036 5132 ad
1071 5077 1390 5147 probitatem
1427 5077 1742 5146 compellat,
1777 5075 2030 5130 minitans

470 5171 883 5244 quodammodo,
913 5170 1199 5234 similibus,
1232 5177 1324 5221 aut
1358 5167 1873 5222 intolerabilioribus
1907 5167 2033 5222 sub-

467 5270 639 5333 jectos
669 5262 1065 5320 calamitatibus
1093 5260 1285 5316 acerbe
1320 5260 1736 5323 lamentaturos,
1770 5259 1871 5312 nisi
1903 5273 2032 5326 pru-

474 5361 659 5427 denter
684 5359 894 5411 illorqu
925 5353 1169 5425 exempla
1198 5353 1494 5422 despicere,
1523 5362 1577 5407 et
1607 5351 1700 5407 Dei
1733 5351 2036 5420 bent-placi-

478 5460 610 5510 tum,
640 5461 696 5502 ut
724 5438 1026 5512 omui'cura
1054 5456 1105 5503 et
1131 5445 1483 5500 :estimatioue
1509 5445 1726 5512 dignum
1755 5443 2033 5511 complecti

481 5543 829 5596 instituerint.
851 5545 1034 5613 Magna
1049 5551 1224 5598 autem
1245 5543 1320 5596 ira
1340 5542 1553 5606 iratum,
1578 5539 1772 5607 inquit,
1794 5539 2033 5592 oumium

480 5649 652 5688 rerum
691 5645 955 5703 potentem
994 5638 1156 5691 Deum
1194 5655 1204 5688 :
1244 5649 1336 5690 nec
1373 5633 1656 5689 verborum
1693 5645 1911 5686 suorum
1951 5645 2039 5684 ve—

2441 4139 2823 4227 ΤΟΜΟΣ
2896 4137 3367 4225 ΠΡΩΤΟΣ.

2729 4295 2978 4348 ΚΕΦΛΛ.
3015 4297 3070 4346 A'

2210 4430 2304 4482 Ἐν
2337 4429 2414 4494 τῷ
2459 4431 2645 4501 όγδοῳ
2690 4433 2835 4502 μηνὶ
2888 4435 3060 4498 ἔτους
3112 4432 3412 4498 δευτέρου,
3444 4429 3540 4482 ἐπὶ
3590 4433 3698 4482 Δα-

2120 4522 2308 4587 ρείου,
2341 4520 2575 4588 ἐγένετο
2604 4526 2783 4592 λόγος
2823 4526 3044 4592 Κυρίου
3089 4524 3236 4589 πρὸς
3269 4524 3568 4591 Ζαχαρίαν
3592 4524 3698 4577 τὸν

2129 4612 2234 4664 τοῦ
2260 4614 2579 4680 Βαραχίου,
2621 4615 2750 4665 υἱόν
2771 4613 2955 4664 Ἀδὸὼ
2992 4613 3096 4664 τοῦ
3131 4612 3458 4679 προφήτου,
3481 4614 3694 4683 λέγων·

2143 4703 2413 4770 ’.Ωργίσθη
2445 4705 2656 4770 Κύριος
2699 4704 2792 4755 ἐπὶ
2833 4705 2973 4769 τοὺς
3019 4704 3276 4770 πατέρας
3310 4704 3474 4772 ὑμῶν
3515 4705 3701 4774 ὀργὴν

2126 4791 2416 4861 μεγάλην.

2203 4904 2274 4956 B'.
2309 4904 2501 4974 Συνίης
2552 4907 2701 4970 ὅπως
2749 4911 3043 4960 καταπτοεῖ
3083 4910 3194 4970 τοῖς
3243 4909 3562 4979 διηγήμασι,
3608 4909 3700 4961 καὶ
3761 4899 3764 4906 “

2132 4994 2243 5055 τοῖς
2271 4994 2466 5064 κομιδῇ
2517 4996 2654 5058 νέοις
2695 4997 2762 5050 τὰ
2809 5002 2921 5059 τοῖς
2951 4998 3056 5068 πρὸ
3092 4999 3271 5051 αὐτῶν
3324 4997 3703 5068 συμϐεϐηκότα

2133 5082 2457 5151 παρατιθεὶς
2482 5086 2562 5148 είς
2587 5083 2865 5156 ἐξήγησιν,
2887 5087 3180 5157 μετασοϐεῖ
3209 5089 3344 5158 πρὸς
3374 5087 3434 5139 τὸ
3455 5085 3701 5154 ἄμεινον»

2133 5174 2415 5238 οἱονείπως
2431 5177 2690 5242 ἀπειλῶν,
2722 5179 2803 5231 ὅτι
2825 5181 2936 5241 τοῖς
2956 5178 3113 5243 ἴσοις,
3145 5179 3178 5251 ἢ
3205 5181 3298 5234 καὶ
3327 5178 3436 5238 τοῖς
3461 5174 3538 5229 έτι
3573 5174 3702 5228 δυσ-

2135 5262 2481 5335 αχθεστέροις
2535 5267 2961 5337 ὑπενηνεγμένοι
3033 5272 3257 5331 κακοῖς,
3307 5263 3705 5332 κατοιμώξουσι

2137 5355 2368 5426 πικρῶς,
2400 5359 2446 5409 εί
2481 5357 2556 5427 μὴ
2585 5358 2791 5413 ἕλοιντο
2826 5363 3120 5430 σωφρόνως
3153 5356 3583 5419 ἁποσπουδάζειν
3609 5357 3706 5424 μὲν

2139 5447 2204 5500 τά
2257 5448 2495 5511 ἐκείνων,
2551 5452 2827 5519 φροντίδος
2884 5471 2945 5521 γε
2981 5455 3085 5523 μὴν
3136 5450 3226 5503 καὶ
3289 5449 3447 5516 λόγου
3511 5447 3707 5501 παντὸς

2138 5539 2320 5604 ἀξιοῦν
2365 5541 2424 5593 τὸ
2457 5542 2699 5614 θυμῆρες
2735 5545 2872 5614 Θεῷ.
2926 5545 3120 5614 Ὀργὴν
3150 5542 3204 5593 δὲ
3248 5541 3491 5610 μεγάλην
3544 5538 3711 5608 ὠργί-

2143 5631 2263 5684 σθαι
2329 5634 2461 5703 equi.
2516 5635 2605 5689 τὸν
2661 5637 2770 5690 τῶν
2823 5637 2957 5689 ὅλων
3004 5633 3491 5699 κατεξουσιάζοντα
3541 5631 3712 5694 Θεὸν,

3464 5801 3622 5943 /;.

3531 5937 3667 6022 (Σο
