4092 6202
521 235 588 289 l3
1326 221 1868 282 COMMENTARIUS
1907 222 1971 278 ΙΝ
2011 221 2408 279 ZACHARIAM
2451 223 2885 283 PROPHETAM.
3698 229 3765 284 14

522 352 624 404 οὐκ
666 343 1046 402 ἀναπόδεικτον
1093 341 1250 410 ἀφεὶς
1288 341 1368 404 είς
1411 341 1473 394 τδ
1514 339 1742 410 ἀτρεκὲς
1779 339 1872 392 τὸν
1917 337 2095 406 λόγον,

2205 339 2416 394 ritatem
2459 339 2936 396 indemonstratam
2981 339 3269 412 relinquit,
3308 341 3402 396 sed
3440 356 3504 396 ex
3546 341 3614 398 iis
3647 355 3767 411 quae

526 441 642 496 ἀλλ’
673 439 733 502 ἐξ
753 432 829 492 ὧν
853 436 955 508 ήδη
997 433 1355 504 πεπείρανται
1396 431 1488 486 καὶ
1518 431 1850 486 πεπόνθασιν
1869 471 1884 495 ,
1913 431 1996 484 ὅτι
2021 429 2096 500 μὴ

2205 427 2306 496 iam
2335 430 2542 500 experti
2572 430 2928 502 perpessique
2954 440 3100 500 sunt,
3127 446 3187 488 se
3213 431 3436 489 minimo
3460 432 3655 488 fusum
3686 434 3766 489 lo-

527 531 640 585 ἔστι
673 527 976 599 ψευδοεπὴς
1026 524 1364 594 ἀποφαίνων.
1403 523 1502 594 Εἷη
1537 524 1644 594 γὰρ
1677 522 1744 576 ἂν
1783 521 1843 576 οὐ
1874 523 1971 592 τῆς
2005 539 2098 574 τυ-

523 621 727 695 χούσης
762 617 1190 688 ἀγανακτήσεως
1213 614 1434 680 ἔνδειξις
1468 614 1529 672 τὸ
1553 615 1762 683 ἐφεῖναι
1787 615 1897 677 τοῖς
1920 611 2097 666 Βαϐυ-

524 714 736 775 λωνίοις
769 709 1120 782 καταδῃῶσαι
1163 708 1261 779 μὲν
1296 708 1514 763 ἃπασαν
1557 709 1656 778 τὴν
1691 706 1946 760 Ἰουδαίαν
2006 705 2100 759 καὶ

527 809 622 860 σὺν
651 806 790 876 αὐτῇ
819 803 917 876 τὴν
947 802 1278 873 Σαμάρειαν,
1311 800 1696 874 κατεμπρῆσαι
1737 799 1795 852 δὲ
1837 800 1933 854 καὶ
1961 797 2100 854 αὑτά

525 900 594 952 τὰ
622 899 774 966 am,
803 896 900 950 καὶ
941 893 1291 962 κατασκάψαι
1328 891 1426 964 τὴν
1478 891 1831 962 Ἰερουσαλήμ
1853 906 1865 919 ⁸
1895 892 1990 944 καὶ
2009 889 2100 943 τὸν

527 988 825 1042 ἀπόλεκτον
866 984 1081 1054 Ἰσραὴλ
1122 983 1396 1053 ἀποφῆναι
1438 982 1708 1052 μέτοικον,
1746 980 1980 1052 οἰκτρῶς
2008 979 2102 1034 καὶ

529 1078 778 1141 ἐλεεινῶς
803 1078 861 1130 έν
882 1075 1150 1145 ἀλλοδαπῇ
1184 1072 1522 1137 δουλεύοντα,
1550 1073 1642 1126 καὶ
1671 1072 1947 1126 δύσοιστον
1978 1072 2104 1125 ὑπο-

534 1169 764 1238 μένοντα
809 1167 908 1238 τὴν
939 1165 1339 1234 ταλαιπωρίαν,
1372 1165 1466 1218 καὶ
1513 1164 1816 1234 ἀπτόμενον
1867 1163 1966 1234 μὲν
2004 1161 2100 1215 Θυ-

531 1261 666 1315 σιῶν
696 1260 898 1325 οὐκέτι,
955 1259 1056 1313 οὐκ
1087 1259 1257 1328 αὐλῆς
1306 1257 1438 1311 εἵσω
1484 1254 1753 1327 φοιτῶντα
1791 1260 1893 1329 τῆς
1929 1257 2101 1327 ἱερᾶς.

528 1355 632 1407 οὐκ
656 1352 1005 1424 εὐχαριστίαν
1027 1351 1368 1422 προσάγοντα
1400 1349 1541 1404 κατά
1563 1350 1746 1420 νόμον,
1781 1349 1816 1421 ἢ
1849 1349 2100 1411 δεκάτας.

531 1447 566 1516 ἢ
599 1445 872 1516 ἀπαρχάςο
907 1443 1224 1514 είργόμενον
1251 1441 1307 1493 δὲ
1353 1441 1432 1504 ὡς
1465 1441 1522 1508 ἐξ
1561 1441 1826 1512 ἀνάγκης,
1873 1440 1968 1494 καὶ⁹
2005 1439 2102 1508 φό-

535 1538 653 1599 ϐου,
682 1538 777 1590 καὶ
813 1534 909 1588 τοῦ
935 1537 1132 1606 χρῆναι
1175 1532 1348 1586 τελεῖν
1383 1531 1483 1593 τὰς
1524 1533 1916 1604 νενομισμένας
1956 1531 2104 1603 αὐτῷ

536 1628 634 1682 καὶ
665 1627 925 1696 φιλτάτας
946 1623 1160 1696 ἑορτάς.
1191 1623 1398 1678 Οὐκοῦν
1425 1643 1445 1676 ι
1490 1623 1747 1695 Ὡργίσθη
1776 1625 1978 1696 Κύριος
2009 1624 2103 1681 ἐπὶ

532 1721 659 1783 τοὺς
687 1719 930 1788 πατέρας
958 1716 1136 1772 αὐτῶν
1161 1715 1332 1788 ὀργὴν
1361 1715 1626 1786 μεγάλην.
1673 1733 1692 1767 ι

615 1891 966 1961 Ἐπιφωνήσῃ
994 1889 1036 1942 δ’
1059 1888 1124 1943 ἄν
1151 1905 1236 1953 τις
1263 1889 1332 1943 τὰ
1363 1888 1540 1942 τοιάδε
1573 1887 1796 1952 καὶτοῖς
1836 1887 2104 1952 Ἰουδαίοις

529 1985 748 2056 δήμοις,
779 1982 936 2053 εἴπερ
967 1980 1141 2034 ἕλοιτο
1190 1982 1570 2050 μυσταγωγεῖν
1617 1980 1709 2031 ἐπὶ
1760 1979 1821 2032 τὺ
1862 1979 2101 2050 Χριστοῦ

534 2074 852 2146 μυστήριον.
872 2069 1087 2142 Ἐπειδὴ
1100 2073 1205 2141 γάρ
1218 2070 1546 2125 ἀπεκτόνασι
1557 2070 1680 2132 τοὺς
1696 2065 1995 2142 προφήτας,
2011 2069 2106 2122 καὶ

539 2168 700 2222 αὐτὸν
729 2167 786 2220 δὲ
809 2166 899 2218 τὸν
928 2163 1129 2242 Κύριον
1155 2163 1254 2234 τῆς
1269 2161 1428 2233 δόξης
1448 2161 1822 2233 ἐσταύρωσαν,
1859 2160 2105 2215 ἑάλωσαν

540 2261 636 2314 καὶ
657 2257 1051 2329 πεπόροηνται.
1070 2255 1406 2325 Κατεσείσθη
1421 2255 1478 2308 δὲ
1498 2254 1590 2309 καὶ
1605 2254 1763 2318 αὐτὸς
1781 2255 1809 2307 ό
1825 2253 2107 2325 διαϐόητος

535 2351 698 2415 νεὼς,
726 2353 820 2405 καὶ
845 2350 1198 2420 πεπλήρωται
1222 2348 1410 2401 λοιπὸν
1453 2347 1539 2401 ἐπ’
1574 2347 1754 2410 αὐτοῖς
1783 2347 1843 2400 τὸ
1872 2346 1961 2400 διά
1994 2363 2106 2415 φω-

537 2446 634 2516 νῆς
674 2442 832 2512 Ὡσηέ
852 2459 866 2472 °
899 2460 924 2493 s
958 2442 1081 2494 ’Ότι
1114 2439 1327 2511 ἡμέρας
1369 2437 1569 2502 πολλάς
1597 2438 1974 2492 καθίσονταιοί
1999 2438 2107 2493 uici.

551 2534 788 2605 Ἰσραὴλ,
813 2532 913 2585 οὐκ
953 2531 1108 2593 ὄντος
1142 2529 1426 2600 βασιλέως,
1463 2527 1586 2583 οὐδὲ
1626 2527 1778 2591 ὄντος
1822 2527 2103 2598 ἄρχοντος,

535 2627 642 2680 οὐκ
692 2625 853 2694 οὔσης
901 2623 1107 2687 θυσίας,
1162 2621 1282 2674 οὐδὲ
1327 2620 1480 2683 ὄντος
1527 2617 1934 2688 Θυσιαστηρίου,
1983 2617 2106 2674 οὔτε

547 2716 837 2788 ἱερατείας,
880 2713 997 2768 οὔτε
1041 2713 1236 2782 δήλων.
1269 2729 1286 2760 ι
1321 2710 1444 2764 Ὅτι
1488 2709 1546 2763 δέ
1572 2711 1708 2762 εἰσιν
1749 2709 2104 2780 αἰχμάλωτοι,

550 2808 644 2861 καὶ
667 2805 768 2859 ὑπὸ
789 2807 938 2876 χεῖρα
956 2805 1090 2867 τὲως
1114 2800 1423 2871 διαϐολικὴν
1447 2801 1945 2872 προσκεκρουκότες
1966 2800 2107 2872 Θεῷ,

546 2898 638 2951 καὶ
664 2897 1082 2971 ἀπερριμμένοι,
1110 2895 1204 2948 καὶ
1221 2893 1442 2963 ἁπάσης
1470 2891 1574 2958 ἔξω
1606 2891 1820 2960 φειδοῦς
1848 2893 1944 2962 τῆς
1964 2890 2106 2946 ἀνω-

535 2992 632 3044 θεν
651 2990 949 3060 γεγονότες,
979 2988 1094 3051 πῶς
1116 2986 1182 3040 ἂν
1202 2983 1496 3043 ὲνδοιάσειέ
1517 3001 1633 3051 τις;
1664 2984 1724 3036 Εἰ
1745 2983 1800 3038 δὲ
1823 2982 1888 3054 δὴ
1910 2983 2109 3054 λιιτρω⁴

536 3085 679 3136 θεῖεν
710 3081 850 3135 κατὰ
904 3080 1149 3149 καιροὺς,
1190 3077 1592 3150 προσηκάμενοι
1636 3075 1732 3147 τὴν
1777 3076 1980 3142 πίστιν,
2015 3079 2109 3132 καὶ

537 3171 770 3244 Χριστὸν
815 3168 1255 3241 ἐπιγραψάμενοι
1293 3166 1426 3219 Θεόν
1472 3182 1532 3218 τε
1582 3164 1678 3218 καὶ
1733 3163 1980 3234 βασιλέα,
2016 3165 2109 3218 καὶ

538 3265 761 3335 Κύριον,
796 3261 918 3314 τότε
965 3258 1050 3330 δὴ,
1088 3257 1230 3320 τότε,
1260 3253 1353 3310 καὶ
1385 3255 1530 3326 μάλα
1561 3253 1807 3318 εἰκότως,
1843 3253 2012 3324 σοφὴν
2042 3253 2109 3307 ἄν

536 3371 618 3416 τις
646 3351 732 3406 ἐπ’
757 3351 938 3412 αὐτοῖς
966 3349 1251 3418 ποιήσαιτο
1278 3346 1376 3416 τὴν
1408 3347 1748 3416 παραίνεσιν,
1774 3348 1866 3400 ἐπὶ
1914 3347 2108 3417 καιροῦ

535 3444 708 3498 ταῦτα
738 3443 913 3511 λέγων
933 3459 948 3474 ·
988 3459 1011 3492 s
1061 3436 1320 3510 Ὠργίσθη
1353 3435 1556 3510 Κύριος
1588 3437 1682 3491 ἐπὶ
1711 3439 1834 3501 τοὺς
1865 3437 2106 3510 πατέρας

538 3536 569 3590 ὕ
577 3536 691 3606 μῶν
717 3535 887 3606 ὀργὴν
917 3531 1180 3604 μεγάλην.

610 3626 716 3679 Καὶ
766 3624 923 3693 ἐρεῖς
976 3622 1128 3692 πρὸς
1175 3623 1394 3687 αὐτούς
1424 3637 1438 3652 ·
1497 3618 1640 3674 Τάδε
1685 3616 1847 3688 λέγει
1892 3620 2107 3687 Κύριος

535 3713 991 3784 παντοκράτωρ·
1033 3709 1458 3778 Ἐπιστρέψατε
1513 3711 1663 3778 πρός
1702 3726 1798 3778 με,
1832 3713 1932 3763 καὶ
1983 3709 2108 3763 ἐπι-

533 3803 959 3874 στραφήσομαι
1005 3802 1154 3872 πρὸς
1197 3800 1371 3871 ὑμᾶς,
1417 3799 1579 3870 λέγει
1634 3801 1850 3868 Κύριος
1890 3817 2107 3853 παντοο

541 3895 790 3965 κράτωρ,
818 3894 916 3948 καὶ
934 3892 1014 3962 μὴ
1041 3894 1281 3966 γίνεσθε
1309 3889 1502 3956 καθὼς
1519 3889 1624 3962 [oi]
1651 3889 1901 3958 πατέρες
1920 3889 2104 3960 ὑμῶν,

537 3984 630 4052 οἷς
665 3985 1036 4040 ἐνεκάλεσαν
1078 3983 1282 4051 αὐτοῖς
1326 3985 1380 4039 oi
1423 3979 1718 4051 προφῆται
1747 3982 2107 4052 ἔμπροσθεν,

535 4081 851 4147 λέγοντες·
887 4076 1028 4131 Τάδε
1058 4075 1218 4145 λέγει
1248 4074 1458 4141 Κύριος
1496 4073 1929 4147 παντοκράτωρ
1951 4073 2110 4126 Ὰπο·

537 4171 837 4239 στρέψατε
872 4169 988 4224 ἀπὸ
1017 4166 1133 4222 τῶν
1159 4167 1315 4222 ὁδῶν
1336 4167 1503 4238 ὑμῶν
1533 4165 1652 4220 τῶν
1683 4163 1983 4234 πονηρῶν,
2013 4164 2110 4218 καὶ

533 4262 659 4317 ἀπὸ
699 4260 816 4315 τῶν
881 4257 1360 4328 ἐπιτηδευμάτων
1414 4258 1580 4328 ὑμῶν
1627 4256 1746 4311 τῶν
1807 4256 2106 4325 πονηρῶν.

539 4355 653 4408 Καὶ
698 4356 777 4408 οὐ-
810 4351 1166 4422 προσέσχον
1200 4351 1308 4404 τοῦ
1339 4348 1726 4418 ,εἰσακοῦσαί
1767 4365 1910 4416 μου,
1943 4348 2105 4416 λέγει
2138 4376 2184 4429 Β

538 4447 772 4514 Κύριος.

611 4532 685 4589 Γν.
724 4532 1181 4604 Ἀνακεκλημινοι
1215 4531 1357 4603 γὰρ,
1389 4529 1465 4594 ὡς
1497 4528 1650 4599 ἔφην.
1694 4529 1760 4582 ὲκ
1807 4528 1905 4598 τῆς
1943 4529 2107 4596 αἰχμ-

537 4627 794 4690 αλωσίας,
824 4626 921 4679 καὶ
946 4623 1335 4695 ἀνατρέχοντες
1349 4624 1428 4684 εἰς
1447 4621 1546 4691 τὴν
1569 4618 1849 4685 Ἰουδαίαν,
1874 4617 2107 4691 ρᾁυμοι

534 4719 792 4790 γεγόνασι
818 4719 946 4788 περὶ
982 4717 1044 4770 τὸ
1066 4715 1255 4770 δοκοῦν
1278 4713 1357 4784 τῷ
1377 4712 1516 4784 Θεῷ,
1539 4712 1632 4766 καὶ
1657 4709 1896 4774 εἰδώλοις
1925 4710 2021 4781 μὲν
2046 4710 2107 4763 οὐ

538 4808 891 4878 προσέκειντο
937 4805 1093 4869 τέως,
1121 4803 1244 4859 οὔτε
1291 4805 1398 4874 μὴν
1435 4803 1532 4874 τὴν
1563 4801 1796 4873 ἀρχαίαν
1826 4800 2113 4873 προσίεντο

538 4899 746 4968 πλάνην
763 4916 775 4926 ·
810 4897 948 4971 πλὴν
977 4888 1096 4951 καθ⁴
1121 4897 1338 4970 ἑτέρους
1365 4895 1645 4966 ἡλίσκοντο
1680 4893 2112 4964 παροτρύνοντες

531 4988 892 5058 τρόπονς.Ὠς
933 4988 1042 5060 γάρ
1086 4990 1144 5042 ὲν
1187 4986 1266 5057 τῷ
1290 4986 1491 5056 Ἐσδρᾳ
1522 4983 1850 5058 γέγραπται,
1885 4982 1978 5036 καὶ
2014 4999 2111 5052 γυ-

534 5080 711 5144 ναίοις
758 5079 1073 5149 ἀλλοφύλοις
1119 5077 1540 5149 ὲπιμεμίγοντο·
1598 5075 1694 5130 καὶ
1740 5074 1840 5138 τὰς
1886 5075 1951 5128 ὲκ
2002 5073 2111 5127 τῶν

534 5177 748 5248 ὁμόρων
783 5175 952 5230 ἐθνῶν
988 5174 1428 5243 είσοικισάμενοι,
1454 5172 1658 5226 τέκνων
1675 5167 1968 5242 ἀλλοτρίων
1999 5185 2104 5226 πα-

534 5268 690 5338 τέρες
721 5268 998 5337 γεγόνασι,
1027 5269 1206 5324 καίτοι
1250 5266 1344 5322 τοῦ
1393 5266 1558 5337 νόμου
1590 5263 1652 5316 τὸ
1693 5265 1884 5334 χρῆμα
1923 5263 2104 5323 αὐτοῖς

533 5359 612 5420 ὼς
648 5358 874 5412 Εκτοπον
926 5360 1358 5428 ἀποφάσκοντος.
1394 5355 1752 5426 Κατημέλοον
1793 5354 1851 5412 δὲ
1889 5355 1981 5407 καὶ
2011 5352 2104 5408 τοῦ

535 5448 706 5504 τελεῖν
755 5449 966 5520 ἑορτὰς,
998 5450 1094 5504 καὶ
1144 5448 1384 5521 πληροῦν
1437 5447 1645 5511 Θυσίας,
1691 5447 1785 5500 καὶ
1847 5445 1955 5515 μὴν
2012 5444 2105 5497 καὶ

2198 520 2292 590 qui
2324 523 2580 577 ostendit.
2607 521 2927 580 Certissima
2951 523 3098 580 enim
3125 538 3234 578 non
3264 523 3657 597 qualiscunque
3686 525 3768 581 in-

2199 611 2522 681 dignationis
2562 622 2944 683 argumentum
2984 623 3068 670 est
3107 613 3420 685 Babyloniis
3458 616 3767 673 universam

2198 701 2436 758 Judaeam
2455 743 2470 769 ,
2498 713 2554 760 et
2581 719 2704 760 cum
2735 721 2798 761 ea
2827 705 2988 762 simul
3019 705 3322 762 Samariam
3353 707 3499 766 ferro
3527 707 3770 764 ﬂamma-

2200 809 2305 862 que
2341 794 2747 864 devastandam,
2783 808 3042 868 praeterea
3077 800 3190 870 ipsa
3228 800 3424 856 Sancta
3457 809 3770 858 sanctorum

2201 887 2528 954 cremanda,
2577 897 2633 945 et
2679 889 3108 964 Hierosolymam
3152 891 3498 950 evertendam
3545 906 3770 949 conces~

2201 975 2338 1031 sisse
2375 995 2388 1030 :
2428 978 2657 1034 electum
2701 981 2950 1038 lsraelem
2996 984 3294 1042 reddidisse
3336 986 3678 1057 peregrinum
3718 996 3774 1042 et

2203 1069 2491 1137 advenam,
2527 1072 2579 1128 in
2620 1075 2793 1130 aliena
2827 1076 3046 1148 regione
3078 1080 3277 1136 misere
3307 1089 3364 1136 et
3394 1081 3775 1138 miserabiliter

2202 1159 2546 1225 servientem.
2585 1172 2639 1218 et
2682 1179 2921 1222 erumna
2967 1167 3293 1226 intolerabili
3335 1169 3770 1234 conﬁictandam,

2205 1263 2308 1303 non
2341 1252 2568 1322 amplius
2595 1255 2882 1312 sacriﬁciis
2910 1258 3128 1315 dantem
3159 1273 3407 1330 operam,
3436 1273 3542 1317 non
3573 1259 3773 1316 atrium

2204 1351 2452 1396 sanctum
2497 1342 2910 1414 ingredientem,
2957 1364 3056 1405 nec
3101 1352 3330 1420 gratias,
3373 1359 3467 1406 aut
3507 1351 3772 1418 decimas,

2204 1442 2296 1487 aut
2321 1434 2588 1502 primitias
2615 1439 2908 1494 secundum
2936 1440 3084 1511 leges
3107 1441 3448 1510 ol‘erentem,
3474 1443 3775 1500 necessita~

2207 1531 2386 1593 teque,
2431 1540 2495 1582 ac
2543 1527 2734 1585 timore
2777 1533 3151 1599 constrictum,
3192 1548 3222 1588 a
3271 1535 3600 1592 solemnibus
3646 1533 3774 1599 sibi.

2203 1616 2666 1688 Optatissimisque
2716 1620 2908 1677 diebus
2955 1622 3297 1680 celebrandis
3344 1625 3703 1682 abstinemein
3756 1644 3772 1681 :

2132 1698 2175 1755 Β
2211 1721 2231 1754 ι
2267 1703 2442 1762 Iratus
2473 1717 2559 1763 est
2590 1722 2718 1778 ergo
2749 1710 3008 1770 Dominus
3041 1723 3227 1770 contra
3261 1725 3442 1787 patres
3473 1733 3662 1776 eorum
3695 1719 3774 1774 ira

2206 1810 2415 1864 magna.
2454 1815 2476 1852 ι

2276 1883 2404 1941 Tale
2430 1887 2697 1958 quispiam
2725 1900 2780 1945 et
2804 1867 3351 1966 Judmorumqpopulis
3378 1896 3703 1964 occinuerit,
3726 1899 3773 1954 si

2203 1974 2331 2030 hinc
2353 1991 2610 2033 arcanum
2631 1979 2834 2036 Christi
2861 1985 3177 2054 mysterium
3201 1987 3397 2043 docere
3420 1987 3602 2046 libeat.
3620 1987 3777 2047 Poste

2206 2082 2365 2137 quam
2394 2070 2538 2125 enim
2568 2073 2884 2130 occiderunt
2913 2077 3266 2147 prophetas’,
3295 2088 3350 2136 et
3383 2081 3556 2151 ipsum
3590 2082 3774 2139 Domi-

2206 2175 2332 2215 num
2363 2161 2547 2232 gloriae
2573 2163 2626 2219 in
2654 2179 2869 2222 crucem
2898 2173 3181 2239 egerunt’,
3205 2174 3347 2242 capti
3376 2187 3441 2228 ac
3469 2174 3772 2246 subjugati;

2204 2257 2262 2302 et
2299 2249 2554 2320 templum
2592 2252 2766 2322 ipsum
2805 2254 2950 2310 fama
2989 2272 3150 2328 super
3184 2262 3389 2316 aathera
3427 2271 3612 2319 notum
3653 2281 3776 2336 pro-.-

2207 2349 2465 2410 stratum,
2495 2351 2551 2399 et
2579 2345 2834 2416 deinceps
2865 2348 2919 2402 in
2956 2348 3024 2405 iis
3057 2350 3333 2422 impletum
3363 2364 3479 2420 est,
3511 2360 3653 2426 quod
3685 2375 3780 2414 ex-

2207 2439 2313 2484 stat
2345 2433 2483 2502 apud
2514 2433 2707 2491 Oscam
2731 2457 2743 2493 :
2763 2454 2782 2488 ι
2806 2436 2940 2504 Quia
2972 2439 3162 2496 diebus
3180 2440 3362 2497 multis
3393 2445 3656 2500 sedehunt
3681 2447 3778 2502 ﬁlii

2206 2521 2369 2576 Israel
2400 2523 2519 2579 sine
2548 2540 2701 2595 rege,
2730 2527 2850 2585 sine
2879 2528 3150 2600 principe,
3183 2531 3300 2588 sine
3328 2534 3630 2604 sacriﬁcio,
3659 2539 3780 2594 sine

2208 2613 2388 2679 altari,
2416 2616 2534 2672 sine
2561 2619 2886 2687 sacerdotio,
2916 2621 3035 2677 sine
3063 2623 3364 2680 manifestis
3382 2625 3404 2658 ⁸
3457 2644 3476 2678 ι
3511 2627 3644 2684 Esse
3677 2644 3778 2684 au-

2211 2714 2317 2761 tem
2351 2723 2449 2764 eos
2483 2725 2626 2766 nunc
2662 2712 2926 2780 captivos,
2961 2723 3016 2768 et
3051 2714 3152 2769 sub
3185 2723 3452 2784 potestate
3487 2719 3775 2788 diabolica,

2209 2797 2413 2854 oﬂ‘enso
2445 2799 2588 2866 Deo,
2613 2813 2674 2857 et
2699 2803 2770 2857 ab
2803 2802 2918 2873 ipso
2949 2803 3217 2876 abiectos.
3247 2815 3303 2862 et
3333 2806 3660 2880 benignitate
3687 2829 3780 2868 sn.

2209 2899 2374 2954 perna
2420 2890 2678 2956 spoliatos
2719 2891 2954 2948 dubitari
3001 2909 3105 2952 non
3150 2907 3348 2965 potest.
3389 2897 3542 2966 Quod
3583 2901 3630 2957 si
3673 2902 3779 2956 ali.

2213 2979 2426 3046 quando
2469 2979 2771 3038 libertatem
2816 2986 3094 3041 consecuti
3140 2985 3375 3056 fuerint,
3415 2989 3577 3063 655
3621 2990 3778 3048 ﬁdem

2212 3068 2510 3139 complexi,
2541 3081 2596 3126 et
2623 3070 2846 3129 Christo
2881 3090 2979 3144 pro
3015 3076 3154 3145 Deo,
3189 3088 3244 3134 et
3277 3095 3434 3151 rege,
3464 3091 3519 3138 et
3554 3082 3781 3139 Domino

2209 3160 2308 3215 sibi
2331 3161 2622 3225 vindicato,
2649 3173 2794 3232 tunc,
2821 3177 2965 3233 tunc,
2994 3167 3234 3239 inquam,
3259 3179 3315 3226 et
3338 3174 3646 3242 equissime
3673 3175 3782 3231 illic

2210 3249 2331 3318 quis
2368 3262 2670 3321 Opportune
2709 3257 2852 3312 hunc
2889 3258 2943 3311 in
2989 3259 3203 3315 modum
3246 3263 3458 3318 occinat
3494 3282 3507 3318 :
3550 3282 3569 3316 ι
3611 3264 3782 3322 Iratus

2209 3329 2292 3394 est
2320 3339 2584 3400 Dominus
2611 3357 2797 3401 contra
2833 3358 3014 3418 patres
3041 3358 3249 3408 vestros
3281 3351 3358 3404 ira
3391 3367 3604 3423 magna.
3643 3371 3662 3412 ι

2280 3616 2444 3672 Vsus.
2482 3618 2537 3685 Ξ,
2565 3619 2636 3673 ἂν
2664 3619 2734 3674 Et
2763 3619 2903 3674 dices
2934 3619 3003 3672 ad
3028 3636 3114 3674 eos
3146 3637 3167 3675 .'
3208 3620 3338 3676 Haec
3362 3623 3492 3677 dicit
3524 3625 3779 3685 Dominus

2209 3710 2533 3776 omnipotens
2565 3726 2582 3764 :
2614 3710 2992 3766 Convertimini
3040 3712 3109 3763 ad
3151 3728 3251 3776 me,
3300 3722 3348 3767 et
3395 3725 3669 3771 convertar
3709 3720 3780 3770 ad

2211 3817 2318 3866 vos,
2357 3802 2483 3856 dicit
2515 3802 2771 3858 Dominus
2808 3804 3155 3873 omnipotens,
3192 3814 3240 3860 st
3284 3805 3444 3861 nolite
3473 3807 3593 3876 ﬁeri
3643 3809 3780 3863 sicut

2208 3905 2382 3963 patres
2410 3896 2593 3961 vestri,
2626 3911 2756 3965 quos
2785 3906 3072 3965 arguerunt
3105 3912 3190 3951 eos
3218 3896 3482 3966 propheta:
3507 3900 3599 3969 qui
3631 3901 3779 3968 prius

2209 3983 2442 4052 fuerunt,
2492 3985 2723 4041 dicentes
2753 4000 2772 4038 :
2800 3985 2930 4042 ιιωο
2964 3987 3091 4041 dicit
3140 3989 3395 4042 Dominus
3433 3991 3776 4060 omnipotens.

2209 4073 2588 4131 Convertimini
2625 4093 2657 4131 a
2687 4078 2782 4132 viis
2823 4079 3009 4132 vestris
3041 4079 3219 4142 utalia,
3259 4087 3311 4133 et
3354 4079 3419 4133 ab
3453 4081 3782 4138 adiuvantia-

2210 4165 2361 4220 m'bus
2402 4167 2585 4221 vestris
2619 4168 2794 4222 malis.
2840 4167 2905 4223 Et
2933 4184 3037 4223 non
3067 4169 3404 4224 attenderunt
3439 4181 3494 4228 ιιι
3538 4173 3781 4232 audirent

2210 4274 2311 4322 me,
2339 4258 2466 4312 dicit
2497 4257 2780 4320 Dominus.

2285 4525 2368 4584 lll.
2412 4525 2668 4582 ﬁevocati
2710 4526 2879 4592 enim,
2914 4534 2973 4581 ut
3003 4525 3138 4592 dixi,
3161 4540 3228 4581 ex
3256 4525 3596 4597 captivitate,
3637 4537 3693 4583 et
3726 4531 3780 4587 in

2210 4618 2453 4677 Judzeam
2485 4618 2728 4684 reduces,
2767 4619 2821 4673 in
2849 4617 3190 4688 exsequenda
3218 4616 3315 4673 Dei
3344 4617 3618 4677 voluntate
3642 4619 3785 4677 desi-

2215 4714 2309 4768 des
2335 4721 2658 4778 evaserunt;
2695 4719 2748 4767 et
2791 4710 2932 4766 idola
2959 4710 3175 4782 quidem
3210 4717 3321 4764 tum
3366 4724 3472 4764 non
3511 4711 3780 4779 colebant,

2213 4823 2388 4878 neque
2417 4807 2601 4865 seduci
2629 4821 2709 4871 se.
2741 4816 2800 4861 ut
2822 4807 2974 4871 olim.
3005 4805 3381 4876 patiebantur;
3413 4817 3781 4863 verumtamen

2213 4901 2335 4956 aliis
2372 4899 2548 4956 modis
2593 4914 2688 4958 eos
2734 4901 2900 4956 Deum
2934 4899 3001 4954 ad
3046 4897 3182 4954 iram
3231 4912 3528 4969 provocare
3574 4909 3779 4956 certum

2211 5001 2351 5048 erat.
2391 4989 2548 5057 Nam,
2597 4997 2656 5044 ιιι
2701 4989 2755 5045 in
2804 4989 2974 5046 Esdra
3014 4989 3244 5060 legimus
3263 4987 3307 5056 ⁵,
3351 4997 3408 5044 et
3448 4987 3780 5046 mulierculis

2212 5079 2530 5150 alienigenis
2567 5093 2628 5135 se
2663 5080 3149 5146 cominiscuerant;
3193 5077 3654 5146 ﬁnitimarumque
3683 5077 3781 5132 du-

2210 5172 2314 5227 ctis
2348 5170 2582 5235 ﬁliabus,
2612 5170 2814 5228 liberos
2857 5171 3065 5228 alienos
3103 5178 3424 5242 genueram,
3475 5167 3689 5223 tametsi
3725 5167 3779 5224 id

2211 5263 2297 5319 lex
2327 5274 2388 5318 nt
2435 5263 2586 5320 nefas
2638 5263 2771 5334 ipsis
2802 5263 3206 5324 interdiceret',
3252 5260 3606 5330 Negligehant
3652 5259 3778 5316 item

2211 5355 2328 5410 dies
2366 5354 2554 5418 festos,
2602 5362 2657 5411 et
2690 5354 2980 5420 sacriﬁcia,
3012 5363 3067 5410 et
3114 5353 3179 5409 ad
3230 5352 3470 5407 divinum
3521 5351 3779 5424 templum

2214 5445 2647 5502 remdiﬁcandum
2695 5447 2997 5516 torpebant.
3047 5443 3272 5506 Idcirco,
3319 5441 3460 5498 sicut
3492 5442 3544 5498 in
3585 5441 3781 5514 Aggmo

609 5631 624 5661 '
659 5629 844 5685 Matth.
874 5645 1030 5698 xxm,
1061 5630 1149 5684 57.
1226 5630 1245 5659 ¹
1280 5629 1297 5680 l
1331 5628 1452 5684 Cor.
1486 5643 1545 5693 ιι,
1583 5627 1634 5682 8.
1715 5626 1734 5656 ³
1765 5626 1899 5683 Osee
1939 5640 2020 5690 III,
2048 5625 2101 5679 4.
2180 5625 2198 5654 ⁸
2234 5621 2252 5675 1
2285 5623 2438 5679 Esdr.
2467 5621 2619 5690 11,2.
2698 5620 2718 5651 ⁸
2746 5619 2912 5674 Exod.
2942 5631 3129 5680 xxxiv,
3159 5617 3245 5676 l6.
