4092 6202
389 160 456 215 ῒὸ
1368 163 1425 218 S.
1466 165 1741 220 C\'Rll.Ll
1784 164 2250 223 ALEXANDRINI
2292 170 2612 228 AliClllEP.
3569 185 3628 242 ῐίῖ

343 301 345 303 -
384 277 640 344 scriptum
686 281 807 326 es‘t:
842 294 858 323 ι
893 272 1164 330 Percussit
1211 289 1304 331 eos
1353 279 1406 331 in
1448 280 1755 346 sterilitate,
1806 291 1858 334 et
1903 282 1945 336 iu

2061 285 2368 356 ἀπρόθυμοι
2400 288 2526 357 περί
2557 289 2618 341 τὸ
2653 287 2760 343 δεῖν
2788 290 3182 362 ἀναδείμασθαι
3209 292 3296 346 τὴν
3326 293 3473 347 θεῖον
3507 300 3630 350 ναὸν

383 365 729 433 corruptione
761 365 924 430 aeris,
962 376 1013 418 et
1051 367 1101 420 in
1133 370 1393 437 grandine
1429 373 1609 425 omnia
1655 387 1818 440 Opera
1861 387 1951 427 eo-

386 473 527 510 rum.
559 457 623 510 Et
661 457 945 512 mittebant
975 460 1040 512 in
1087 461 1320 514 modium
1364 461 1555 518 hordei
1589 465 1775 532 viginti
1812 475 1951 529 sata,

379 558 435 600 et
482 548 621 602 facta
669 559 795 602 sunt
839 550 1048 603 decem.
1101 551 1166 605 Et
1211 552 1659 620 ingrediebantur
1699 566 1952 624 praeterea

381 641 621 694 torcular
663 641 881 695 haurire
907 642 1294 713 quinquaginta
1352 648 1662 714 amphoras,
1715 656 1769 700 et
1797 646 1952 700 facta

379 742 507 785 sunt
542 731 797 800 viginti“.
833 751 851 783 ι
900 732 1176 786 Promittit
1221 734 1384 803 igitur
1430 736 1556 800 illis,
1602 737 1647 790 si
1694 735 1950 790 virtutem

380 821 579 885 colere,
633 829 687 873 et
741 823 983 876 converti
1036 824 1102 875 ad
1157 823 1330 892 ipsum
1387 840 1492 878 non
1557 825 1948 890 recusaverint,

381 912 588 982 agendo
630 927 749 982 qua:
809 912 910 982 ipsi
966 912 1162 981 placita
1221 923 1278 968 et
1337 925 1491 984 grata
1540 918 1672 982 sint,
1725 926 1853 970 tunc
1893 929 1951 970 se

379 1017 592 1070 quoque
643 1004 708 1056 ad
751 1003 895 1072 ipsos
939 1018 1356 1068 conversurum,
1395 1006 1500 1061 hoc
1550 1017 1633 1061 est
1667 1007 1734 1060 ab
1767 1009 1847 1062 ira
1898 1007 1947 1060 in

383 1095 509 1149 illos
553 1104 998 1164 temperaturum,
1031 1103 1086 1150 et
1128 1096 1556 1152 misericordiam
1591 1099 1767 1154 denuo
1797 1099 1951 1153 adhi-

377 1185 636 1240 bituram.
698 1183 859 1240 Vetat
909 1195 1108 1262 autem
1175 1201 1269 1241 eos
1321 1189 1625 1256 perniciosa
1687 1191 1948 1257 majorum

375 1278 617 1346 exempla
666 1279 840 1346 sequi,
899 1293 1034 1346 quos
1089 1278 1203 1348 ipse
1253 1294 1350 1348 per
1397 1288 1616 1337 sanctos
1659 1283 1950 1351 prophetas

377 1383 504 1423 suos
546 1383 916 1437 saepenumero
955 1369 1272 1426 cohortatus
1320 1372 1410 1438 sit,
1455 1384 1508 1428 et
1550 1376 1616 1428 ad
1666 1374 1949 1430 indecoras

376 1459 619 1514 actiones
641 1459 972 1515 deserendas
999 1461 1197 1516 blande
1220 1463 1481 1529 invitarit,
1509 1479 1815 1534 quanquam
1842 1464 1950 1520 illis

378 1559 557 1604 autem
595 1550 819 1606 minime
842 1555 1381 1610 accommodantibus
1413 1555 1548 1610 nihil
1579 1558 1791 1625 penitus
1827 1573 1948 1627 pro-

2055 377 2338 444 γεγονότες
2369 378 2672 448 ἡλίσκοντο.
2706 381 2999 454 Ταότῃτοι,
3039 383 3290 456 καθάπερ
3321 386 3380 438 ἐν
3405 384 3486 458 τῷ
3507 388 3634 456 Ἀγ-

2052 468 2194 539 γαίῳ
2221 469 2562 541 γέγραπται·
2599 490 2617 522 ι
2641 472 2939 539 Ἐπάταξεν
2965 473 3161 536 αὐτοὺς
3189 475 3247 527 ἐν
3275 475 3500 549 ἀφορίᾳ,
3537 478 3628 532 καί

2051 560 2441 632 άνεμοφθορίᾳ,
2479 562 2572 616 καὶ
2613 564 2672 616 ἐν
2713 563 2923 638 χαλάζῃ
2954 566 3130 619 πάντα
3157 565 3224 620 τὰ
3251 566 3388 637 ἔργα
3426 568 3627 623 αὐτῶν.

2051 651 2162 703 Καὶ
2209 652 2460 705 ἐνέϐαλον
2505 655 2601 723 μὲν
2646 656 2725 718 εἰς
2771 655 3011 726 κυψέλην
3040 657 3235 728 κριθῆς
3264 657 3436 711 εἰκοσι
3468 659 3626 724 σάτα,

2051 742 2142 792 καὶ
2180 739 2420 810 ἐγίνοντο
2463 741 2613 797 δέκα.
2647 744 3070 814 Εἰσεπορεύοντο
3101 744 3157 797 δὲ
3187 745 3281 798 καὶ
3316 747 3476 802 πάλιν
3530 749 3626 800 άν-

2049 829 2244 901 τλῆσαι
2277 832 2613 903 πεντήκοντα
2657 832 2951 904 μετρητὰς,
2988 834 3082 886 καί
3115 834 3355 901 ἐγίνοντο
3387 837 3574 890 εἴκοσι.
3603 856 3621 887 ι

2063 921 2482 991 Ἐπαγγέλλεται
2508 921 2685 976 τοίνυν
2716 924 2921 988 αὐτοῖς,
2947 923 3023 986 ὡς
3051 925 3100 976 εἰ
3132 924 3337 977 ἕλοιντο
3371 943 3627 995 μεταφοι-

2047 1015 2146 1083 τᾷν
2179 1015 2259 1076 εἰς
2290 1013 2350 1066 τὸ
2375 1015 2618 1084 ἄμεινον,
2651 1015 2745 1068 καὶ
2776 1016 3126 1087 ἐπιστρέφειν
3161 1015 3296 1087 πρὸς
3330 1017 3511 1084 αὑτὸν,
3539 1017 3626 1070 διά

2045 1104 2139 1157 τοῦ
2171 1105 2302 1177 δρᾷν
2336 1105 2554 1162 ἑλέσθαι
2594 1107 2662 1160 τὰ
2709 1106 2857 1176 αὐτῷ
2895 1106 3155 1160 δοκοῦντα
3193 1107 3295 1168 ,καί
3328 1109 3477 1177 φίλα,
3503 1109 3624 1162 τότε

2047 1195 2140 1248 καὶ
2175 1195 2334 1258 αὐτὸς
2365 1196 2682 1268 ἐπιστρέψει
2711 1197 2849 1268 πρὸς
2874 1198 3090 1262 αὐτοὺς,
3119 1198 3396 1251 τουτέστιν
3427 1199 3624 1267 ἀφέξε-

2045 1304 2135 1340 ται
2184 1288 2281 1358 τῆς
2323 1287 2411 1340 ἐπ’
2437 1287 2635 1352 αὐτοὺς
2679 1288 2870 1359 ὀργῆς,
2906 1289 3001 1342 καί
3033 1288 3458 1361 παλινδρομήσει
3488 1290 3626 1360 πρὸς

2047 1378 2564 1448 ἔλεον.⁹Λποφάσκει
2616 1396 2679 1448 γε
2733 1381 2840 1451 μὴν
2882 1379 2957 1443 ὡς
2998 1379 3220 1451 ὀλέθρου
3267 1380 3523 1452 πρόξενον
3565 1381 3624 1433 τὸ

2046 1470 2260 1524 ἑλέσθαι
2280 1470 2475 1542 ζηλοῦν
2497 1471 2622 1535 τοὺς
2643 1472 2747 1543 πρὸ
2775 1472 2952 1525 αὐτῶν
2974 1471 3280 1540 γεγονότας,
3300 1469 3380 1537 οἷς
3399 1473 3622 1544 πλείστη

2050 1561 2146 1632 μὲν
2174 1561 2273 1631 ὅση
2300 1561 2478 1614 δέδοτο
2504 1561 2632 1633 παρ’
2669 1563 2837 1616 αὐτοῦ
2859 1564 2948 1617 διὰ
2980 1563 3090 1617 τῶν
3120 1565 3291 1633 ἁγίων
3329 1565 3624 1637 προφητῶν

377 1642 587 1697 fecerit.
651 1639 886 1696 Ridiculi
941 1644 1106 1713 igitur
1159 1647 1250 1714 qui
1303 1657 1516 1715 patrum
1580 1647 1940 1718 insipientiam

2046 1653 2406 1724 παράκλησις,
2433 1657 2530 1707 καὶ
2561 1655 2902 1726 παραμυθία,
2930 1656 3173 1712 καλοῦσα
3197 1657 3333 1728 πρὸς
3357 1659 3624 1728 ἀποστρο-

376 1741 692 1801 sequuntur,
736 1732 1111 1802 majorumque
1145 1736 1592 1791 consuetudinem
1627 1752 1724 1807 pro
1759 1738 1944 1793 defen-

375 1825 528 1877 sione
582 1823 901 1878 irrefutabili
956 1826 1283 1893 obtendunt,
1326 1828 1450 1882 licet
1503 1829 1569 1882 de
1613 1831 1944 1898 gravissimis

371 1913 538 1984 656
563 1913 858 1968 sceleribus
901 1917 1383 1984 reprehendantur.
1425 1917 1530 1972 Sed
1565 1920 1667 1975 hoc
1707 1922 1944 1976 usitatis-

373 2010 570 2058 simum
631 2013 714 2059 est
764 2005 1028 2059 idolorqu
1078 2007 1394 2062 cultoribus.
1453 2009 1635 2064 Vocati
1683 2013 1825 2066 enim
1879 2014 1944 2067 ad

375 2097 699 2163 agnitionem
751 2096 1021 2163 veritatis,
1062 2107 1275 2165 patrum
1321 2112 1560 2153 errorem
1614 2115 1829 2170 semper
1863 2099 1945 2169 ja-

374 2199 548 2251 ctant,
583 2187 904 2256 illorumque
950 2187 1310 2254 ignorantiam
1343 2200 1398 2242 ut
1432 2200 1710 2258 paternam
1750 2206 1942 2260 quam-

375 2281 496 2330 dam
533 2278 900 2346 limreditatem
931 2278 1324 2346 amplexantes,
1354 2281 1478 2334 (ξωοί
1512 2292 1846 2350 permanent.
1881 2282 1944 2335 Et

375 2374 590 2439 opinor,
623 2371 838 2424 etiamsi
873 2372 1141 2440 quispiam
1175 2373 1257 2426 his
1287 2372 1376 2443 qui
1410 2384 1530 2426 sunt
1565 2374 1633 2428 de
1658 2374 1943 2428 circumci-

376 2466 530 2517 sione
563 2463 816 2528 suaserit,
859 2463 936 2516 uti
987 2464 1191 2518 relictis
1236 2463 1588 2518 deterioribus
1640 2464 1706 2518 ad
1744 2466 1945 2520 condu-

378 2555 560 2608 cibilia
597 2568 716 2608 sese
756 2553 908 2616 dent,
946 2553 1092 2622 ipsos
1121 2569 1336 2623 quoque
1374 2555 1439 2609 ad
1471 2565 1681 2622 patrum
1718 2571 1945 2611 consue-

379 2647 618 2701 tudinem
667 2642 1063 2714 confugituros.
1109 2642 1339 2712 Expedit
1377 2644 1540 2714 igitur
1582 2645 1832 2700 seductos
1870 2646 1943 2698 ita

375 2737 700 2807 compellare
752 2754 767 2790 :
813 2753 833 2787 ι
869 2735 1261 2790 Convertimiui
1309 2738 1373 2788 ad
1419 2751 1532 2800 ine,
1573 2747 1627 2789 et
1660 2746 1946 2791 convertar

375 2829 444 2884 ad
489 2843 606 2893 vos,
641 2826 786 2880 dicit
829 2825 1096 2880 Dominus
1131 2827 1490 2897 omnipotens.
1523 2845 1541 2878 ι
1575 2825 1641 2880 Ει
1676 2827 1766 2882 illo
1797 2828 1946 2882 insu-

374 2936 474 2988 per
510 2939 522 2974 :
565 2939 584 2971 ι
617 2918 788 2973 Nolite
825 2918 938 2972 ﬁeri
981 2922 1122 2974 sicut
1148 2927 1330 2987 patres
1362 2920 1546 2982 vestri,
1579 2938 1597 2972 ι
1634 2920 1726 2987 qui
1760 2934 1945 2975 errore

378 3011 548 3064 delusi
580 3010 848 3074 videlicet,
886 3011 937 3063 in
975 3008 1280 3079 ignorantia
1312 3010 1402 3062 [ixi
1433 3011 1801 3079 perstiterunt.

2051 1744 2156 1816 φὴν
2209 1746 2315 1800 τῶν
2371 1746 2610 1818 αἰσχρῶν
2656 1747 3122 1817 ἐπιτηδευμάτων,
3154 1749 3409 1818 ἀνόνητον
3458 1747 3514 1800 δὲ
3561 1747 3624 1799 τὸ

2051 1835 2279 1904 πρᾶγμα
2319 1835 2452 1887 πολὺ
2483 1833 2601 1886 λίαν
2633 1835 2866 1888 ἐτέθειτο
2894 1833 3222 1889 ἁπονεόσασι
3247 1837 3382 1906 πρὸς
3409 1835 3468 1888 τδ
3496 1835 3623 1887 δυσ-

2051 1925 2231 1996 ήκοον.
2265 1925 2674 1993 Καταγέλαστοι
2723 1925 2788 1995 δὴ
2833 1921 2946 1991 οὖν,
2975 1926 3021 1977 οἱ
3069 1929 3189 1988 ταῖς
3221 1926 3328 1978 τῶν
3373 1927 3624 1994 πατέρων

2051 2015 2312 2085 ἀμαθίαις
2368 2015 2643 2084 ἑπόμενοι,
2687 2016 2781 2067 καὶ
2828 2015 3161 2086 προγονικὴν
3210 2015 3498 2086 συνήθειαν
3548 2013 3624 2076 ὡς

2048 2105 2486 2176 δυσανάτρεπτον
2508 2105 2802 2173 ἀπολογίαν
2836 2104 3284 2176 προϐαλλόμενοι,
3320 2103 3420 2158 κᾶν
3451 2105 3500 2157 εἰ
3532 2105 3624 2157 ἐπὶ

2049 2203 2158 2261 τοῖς
2203 2197 2451 2268 ἐσχάτοις
2497 2197 2888 2266 καταψέγοιντο
2935 2199 3146 2260 κακοῖς.
3165 2197 3324 2259 Ἔθος
3369 2195 3426 2248 δέ
3468 2195 3625 2249 τοῦτο

2053 2288 2284 2358 μάλιστα
2329 2289 2441 2350 τοῖς
2480 2286 2587 2340 τῶν
2617 2285 2851 2338 εἰδώλων
2873 2284 3251 2355 θεραπευταῖς.
3285 2282 3623 2353 Καλούμενοι

2049 2378 2158 2449 γὰρ
2184 2378 2276 2429 ἐπὶ
2299 2376 2398 2447 τὴν
2429 2377 2526 2447 τῆς
2558 2375 2813 2447 ἀληθείας
2842 2374 3160 2443 ἐπίγνωσιν,
3187 2373 3285 2443 τῆς
3315 2373 3423 2426 τῶν
3455 2372 3621 2426 πατέ-

2055 2486 2161 2539 ρων
2206 2468 2420 2538 ἀπάτης
2463 2465 2857 2537 διαμέμνηνται
2903 2464 3202 2535 πανταχοῦ,
3232 2464 3326 2517 καί
3373 2461 3626 2534 πατρῷον

2050 2557 2238 2628 ὥσπερ
2266 2556 2387 2609 τινὰ
2420 2556 2620 2627 κλῆρον
2653 2556 2713 2608 τὸ
2743 2556 2968 2610 ἐκείνων
2999 2555 3208 2626 ἀμαθὲς
3233 2553 3621 2622 ἀσπαζόμενοι,

2047 2648 2358 2718 διαμένουσι
2385 2647 2595 2716 τυφλοί.
2631 2640 2798 2718 Οἶμαι
2829 2647 2908 2710 δὲ,
2939 2647 3020 2700 ὅτι
3055 2646 3156 2702 κᾶν
3183 2648 3230 2699 εἰ
3268 2645 3449 2707 αὐτοῖς
3485 2659 3624 2713 συμ-

2048 2738 2356 2792 ϐουλεύσειέ
2380 2755 2466 2803 τις
2494 2741 2606 2802 τοῖς
2625 2740 2688 2792 ἐκ
2713 2741 3014 2810 περιτομῆς
3041 2737 3292 2809 μεταθεῖν
3316 2737 3386 2791 τὰ
3409 2734 3624 2804 αἰσχίω,

2051 2832 2326 2902 καὶτιμᾷν
2355 2831 2570 2884 ἑλέσθαι
2598 2831 2656 2883 τὸ
2684 2829 2945 2897 ὠφελοῦν,
2975 2831 3066 2881 ἐπὶ
3090 2829 3188 2898 τὴν
3224 2827 3331 2880 τῶν
3375 2825 3624 2895 πατέρων

2053 2921 2341 2989 συνήθειαν
2393 2918 2791 2987 καταφεύξουσι
2837 2918 2930 2970 καί
2973 2916 3143 2969 αὐτοί.
3194 2917 3475 2985 Χρήσιμον
3531 2907 3625 2964 οὖν

1971 3005 2015 3062 C
2049 3013 2161 3073 τοῖς
2205 3009 2577 3079 πλανωμένοις
2624 3009 2944 3076 ἐπιφωνεῖν*
3006 3003 3439 3077 «Ἐπιστρέψατε
3487 3001 3624 3064 πρός

373 3126 468 3177 με,
511 3107 606 3160 καὶ
653 3104 1309 3176 ἐπιστραφήσομαι-πρδς
1357 3105 1520 3175 ὑμᾶς,
1591 3105 1734 3174 λέγει
1779 3103 1982 3174 Κύριος
2021 3104 2434 3176 παντοκράτωρ.
2467 3122 2485 3154 ι
2524 3103 2634 3156 Καὶ
2704 3103 2810 3174 μὴν
2841 3103 2959 3166 καί,
3016 3119 3034 3152 ι
3065 3099 3154 3172 Μὴ
3192 3099 3406 3169 γίνεσθε
3443 3097 3626 3174 καθὼς

347 3206 424 3290 lui
457 3203 689 3273 πατέρες
719 3200 891 3272 ὑμῶν,
915 3219 942 3251 λι
975 3202 1022 3251 οἰ
1051 3199 1391 3270 πλανώμενοι
1419 3200 1680 3272 δηλονότι,
1710 3200 1804 3254 καὶ
1847 3201 2009 3276 μέχρι
2041 3203 2133 3256 τοῦ
2170 3201 2370 3264 παντὸς
2403 3198 2772 3270 μεμενηκότες
2797 3199 2853 3251 ἐν
2878 3197 3140 3268 ἀγνωσία.

449 3294 615 3348 Vitas.
659 3295 714 3357 5,
745 3294 799 3347 6.
843 3291 1029 3345 Patres
1062 3293 1214 3345 vestri
1263 3293 1353 3346 ubi
1383 3304 1525 3359 sunt,
1558 3303 1607 3347 et
1643 3295 1947 3363 prophetat?

380 3386 650 3456 Numquid
682 3386 734 3437 in
765 3395 1015 3438 (eternum
1049 3385 1255 3438 vivent?
1290 3383 1662 3438 Verumtamen
1684 3403 1946 3441 sermones

377 3491 538 3540 meos,
572 3483 620 3528 et
643 3474 874 3542 legitima
903 3489 1017 3526 mea
1045 3472 1312 3541 suscipite,
1342 3487 1661 3542 quwcunque
1688 3488 1779 3540 ego
1805 3487 1945 3541 pra:-

377 3569 515 3636 cipio
551 3568 606 3620 in
636 3566 827 3635 spiritu
859 3582 971 3619 meo
999 3567 1161 3620 servis
1203 3566 1330 3619 meis
1369 3563 1657 3634 praplietis,
1681 3565 1769 3632 qui
1800 3581 1944 3618 com-

375 3659 756 3724 prehenderunt
814 3667 990 3724 patres
1044 3669 1262 3713 vestros.
1317 3654 1385 3709 Et
1442 3657 1852 3724 responderunt,
1897 3665 1945 3710 et

377 3749 618 3800 dixerunt
654 3761 671 3799 :
704 3746 848 3800 Sicut
886 3748 1036 3816 quasi
1085 3745 1195 3799 acie
1249 3747 1533 3801 instructus
1566 3758 1641 3801 est
1694 3747 1945 3800 Dominus

379 3840 724 3904 omnipotens,
761 3837 934 3905 facere
975 3836 1118 3890 nobis
1151 3837 1434 3889 secundum
1475 3837 1585 3890 vias
1630 3847 1856 3901 nostras,
1896 3845 1943 3890 et

377 3930 664 3984 secundum
693 3930 870 3984 studia
905 3937 1108 3993 nostra,
1135 3928 1210 3982 sic
1239 3926 1358 3995 fecit
1382 3929 1547 3985 nobis.

447 4112 538 4166 ιν.
581 4111 887 4179 Antequam
936 4107 1121 4163 Judma
1179 4117 1230 4162 et
1284 4107 1650 4180 Hierosolyma
1702 4109 1946 4182 subjuga-

379 4201 589 4266 rentur',
619 4202 1002 4270 prophetarum
1041 4213 1233 4252 nomen
1265 4201 1418 4266 quasi
1448 4214 1733 4269 personam
1759 4215 1946 4271 quani-

378 4295 503 4348 dam
539 4293 643 4348 sibi
671 4293 1007 4362 imponentes
1052 4289 1312 4354 nonnulli,
1362 4289 1426 4345 de
1460 4291 1623 4347 corde
1651 4307 1771 4358 suo,
1809 4293 1948 4347 sicut

379 4385 641 4454 scriptum
671 4392 753 4438 est
774 4383 818 4449 ⁷,
852 4397 956 4436 non
985 4380 1050 4436 de
1091 4395 1187 4436 ore
1217 4380 1425 4437 Domini
1459 4382 1837 4452 loquebantur.
1882 4381 1945 4436 lli

377 4494 474 4546 per
516 4475 858 4531 mendacium
905 4475 1189 4537 cauebant,
1247 4489 1352 4527 non
1407 4485 1722 4542 occupatum
1768 4474 1830 4526 iri
1879 4475 1947 4528 ab

2123 3299 2186 3349 Ol
2234 3295 2488 3362 πατέρες
2540 3292 2698 3361 ὑμῶν
2737 3291 2863 3363 ,ποῦ
2895 3290 3014 3344 εἰσί
3059 3289 3156 3344 καὶ
3197 3292 3251 3344 οἱ
3285 3288 3620 3358 προφῆται,

2046 3387 2104 3439 Μ
2111 3385 2142 3452 ἡ
2173 3383 2278 3437 τὸν
2304 3382 2486 3438 αἰῶνα
2532 3381 2810 3449 ζήσονται
2827 3397 2846 3445 ;
2893 3382 3066 3450 Πλὴν
3096 3379 3238 3446 τοὺς
3258 3381 3480 3448 λόγους
3504 3397 3623 3450 μου

1988 3487 2010 3508 ο
2048 3472 2148 3525 καὶ
2183 3473 2252 3525 τὰ
2281 3471 2499 3540 νόμιμά
2518 3487 2638 3541 μου
2665 3470 2936 3540 δέχεσθε,
2968 3471 3085 3524 ὅσα
3118 3468 3232 3540 ἐγὼ
3265 3469 3623 3538 ἐντέλλομαι

2046 3565 2115 3618 ἐν
2142 3565 2434 3632 πνεύματί
2474 3581 2593 3633 μου
2643 3563 2767 3629 τοῖς
2799 3563 3041 3628 δούλοις
3071 3579 3190 3630 μου
3237 3559 3361 3624 τοῖς
3401 3559 3623 3628 προφή-

2045 3671 2193 3719 ταις,
2225 3653 2282 3706 οἳ
2329 3651 2745 3708 κατελάϐοσαν
2796 3651 2938 3717 τοὺς
2984 3650 3242 3720 πατέρας
3283 3648 3468 3719 ὑμῶν.
3513 3649 3621 3703 Καὶ

2046 3746 2476 3814 ἀπεκρίθησαν,
2526 3743 2624 3798 καὶ
2665 3740 2844 3798 εἶπαν
2871 3761 2882 3773 ·
2935 3741 3139 3808 Καθὼς
3188 3740 3623 3809 παρατέτακται

2046 3840 2261 3906 Κύριος
2295 3836 2738 3906 παντοκράτωρ,
2764 3836 2869 3888 τοῦ
2900 3833 3150 3902 ποιῆσαι
3176 3833 3319 3901 ἡμῖν
3346 3833 3495 3886 κατὰ
3516 3833 3621 3896 τὰς

2047 3929 2225 3993 ὀδοὺς
2260 3928 2430 3997 ἡμῶν
2468 3929 2564 3982 καὶ
2615 3927 2765 3980 κατὰ
2815 3925 2887 3979 τὰ
2944 3923 3379 4000 ἐπιτηδεύματα
3430 3921 3615 3990 ἡμῶν,

2047 4021 2232 4085 οὕτως
2255 4018 2552 4086 ἐποίησεν
2583 4016 2750 4085 ἡμῖν.

2117 4111 2188 4162 Δ’.
2231 4109 2366 4180 Πρὶν
2413 4108 2616 4163 ἁλῶναι
2669 4107 2769 4177 τὴν
2802 4106 3083 4170 Ἰουδαίαν,
3116 4104 3212 4157 καὶ
3263 4102 3401 4156 αὐτὰ
3447 4102 3504 4154 δὲ
3551 4103 3618 4156 τὰ

2056 4201 2423 4273 Ἰεροσόλυμα,
2449 4200 2510 4254 τὸ
2537 4200 2636 4270 τῆς
2679 4199 3012 4269 προφητείας
3049 4198 3242 4268 ὄνομα,
3269 4195 3518 4263 καθάπερ
3561 4195 3620 4246 τὸ

2047 4297 2384 4363 προσωπεῖον
2431 4294 2640 4356 ἑαυτοῖς
2670 4291 3037 4363 περιτιθέντες
3079 4288 3244 4353 τινὲς,
3290 4287 3510 4340 ἐλάλουν
3552 4286 3618 4336 τὰ

2046 4386 2153 4439 ἀπὸ
2197 4384 2422 4456 καρδίας
2461 4384 2660 4449 αὐτῶν,
2693 4383 2837 4437 καθὰ
2863 4383 3192 4453 γέγραπται,
3223 4378 3317 4432 καί⁸
3362 4379 3462 4429 οὐκ
3512 4376 3617 4429 ἀπὸ

2049 4478 2314 4548 στόματος
2356 4477 2586 4548 Κυρίου.
2614 4472 2772 4529 Οὗτοι
2812 4471 3232 4544 ψευδοεποῦντες
3263 4470 3516 4539 ἔφασκον,
3543 4467 3618 4528 t'o;

379 4569 623 4623 hostibus
671 4577 915 4621 sanetam
963 4565 1260 4629 civitatem,
1318 4579 1544 4632 nequea
1583 4563 1945 4618 vastatoribus

2049 4569 2149 4620 οὐκ
2181 4569 2244 4621 ἂν
2275 4567 2428 4637 ἁλοίη
2477 4567 2606 4619 ποτὲ
2647 4567 2775 4635 παρ’
2800 4564 3009 4635 ἐχθρῶν
3047 4565 3079 4632 ὴ
3127 4561 3256 4629 ἁγία
3299 4559 3473 4624 πόλις,
3507 4558 3616 4609 οὐδ’

378 4656 788 4728 expugnabilem
834 4656 948 4709 fore
977 4654 1229 4710 lsraelem
1263 4672 1276 4708 :
1315 4655 1408 4709 sed
1443 4652 1698 4709 felicitate
1730 4668 1944 4722 semper

379 4764 622 4812 usuram,
682 4757 736 4802 et
789 4747 840 4800 in
899 4746 1122 4812 perenni
1167 4745 1440 4814 voluptate
1494 4745 1784 4810 victuram,
1835 4745 1943 4800 Deo

379 4847 718 4911 pretegente,
765 4847 817 4892 ct
868 4838 1099 4891 electum
1144 4849 1313 4903 genus
1351 4835 1654 4889 lionorante
1685 4846 1944 4904 perpetuo

383 4948 444 4986 ac
477 4929 750 4997 diligente.
799 4927 1181 4996 Loquebautur
1225 4941 1389 4995 porro
1443 4926 1576 4991 haec,
1628 4926 1768 4980 sicut
1809 4926 1940 4990 dixi,

383 5019 705 5074 mentientes
750 5017 955 5080 miseri,
998 5026 1052 5068 et
1086 5015 1332 5070 Israelem
1362 5015 1472 5083 jam
1521 5025 1649 5069 ante
1695 5016 1942 5085 ignavum

383 5109 714 5175 ignaviorem
763 5103 1083 5169 eﬂiciebaut,
1115 5118 1238 5158 cum
1272 5105 1337 5157 ad
1383 5103 1552 5158 Deum
1597 5105 1936 5172 placandum,

382 5208 437 5250 et
471 5212 630 5265 quam
668 5196 975 5266 longissime
1025 5195 1254 5262 repulsis
1300 5195 1496 5263 quibus
1537 5210 1660 5249 eum
1698 5196 1944 5250 irritave-

386 5297 525 5348 rant,
549 5291 613 5341 ad
637 5290 752 5355 eius
781 5285 974 5355 placita
999 5286 1345 5354 exsequenda
1371 5287 1577 5338 hortari
1605 5287 1939 5341 debuissent.

383 5378 480 5430 Ast
523 5376 592 5428 illi
624 5379 908 5431 veritatem
957 5377 1008 5428 in
1043 5377 1334 5446 postremis
1366 5377 1689 5444 habuerunt,
1721 5381 1942 5447 quzesti-

461 5539 633 5621 'Agg.
663 5568 698 5613 l,
729 5551 845 5605 (3-9.
925 5556 942 5582 ⁷
975 5553 1176 5625 ,lerrm.
1213 5569 1365 5615 χλιιι,
1406 5554 1483 5606 l6.

2050 4661 2116 4714 ἂν
2147 4659 2354 4727 γένοιτό
2386 4675 2515 4711 ποτε
2549 4661 2661 4720 τοῖς
2686 4656 2924 4710 ἐθέλουσι
2959 4653 3259 4725 καταδῃοῦν
3306 4649 3618 4719 εὐκαταγὼ-

2049 4765 2226 4811 νιστος
2255 4751 2282 4801 ὁ
2305 4748 2522 4818 Ἰσραήλ
2545 4765 2557 4778 ·
2587 4747 2700 4801 ἀλλ’
2722 4744 3120 4824 ἐρηρεισμένην
3146 4743 3254 4809 ἕξει
3277 4741 3376 4812 τὴν
3415 4743 3616 4811 εὑημε-

2055 4842 2208 4911 ρίαν,
2260 4839 2353 4893 καὶ
2411 4839 2469 4891 ἐν
2509 4838 2826 4908 άκλονήτοις
2874 4836 3114 4889 κείσεται
3168 4835 3437 4904 τρυφαῖς,
3483 4831 3615 4883 Θεοῦ

2051 4924 2496 4998 προασπίζοντος,
2523 4927 2616 4978 καὶ
2641 4925 2702 4978 τὸ
2726 4923 3020 4978 άπόλεκτον
3041 4921 3130 4976 ἀεὶ
3154 4919 3423 4992 τιμῶντὸς
3443 4937 3503 4972 τε
3525 4919 3616 4971 καὶ

2048 5016 2368 5086 ἀγαπῶντος
2392 5015 2852 5084 γένος.Ἔφασκον
2872 5012 2929 5065 δέ
2951 5011 3194 5074 τοιαῦτα,
3214 5010 3462 5077 καθάπερ
3482 5007 3616 5075 ἔφην

2048 5108 2267 5179 ἀρτίως,
2285 5105 2741 5177 ψευδηγοροῦντες
2761 5105 2810 5156 οἰ
2834 5103 3078 5168 τάλανες,
3109 5104 3198 5156 καλ
3223 5103 3464 5173 ῥᾴθυμον
3487 5097 3614 5148 ὅντα

2045 5197 2135 5250 τὸν
2169 5196 2387 5266 Ἰσραὴλ
2429 5195 2744 5256 ὑπτιοῦντες
2789 5191 2891 5255 ἔτι,
2920 5193 3094 5245 καίτοι
3144 5191 3260 5244 δέον
3305 5185 3614 5240 ἀναπείθειν

2046 5287 2484 5358 ὲκμειλίσσεσθαι
2509 5287 2660 5350 Θεὸν,
2704 5287 2795 5338 καὶ
2843 5285 2910 5339 τά
2957 5285 3040 5353 ἐφ’
3074 5281 3152 5345 οἷς
3195 5279 3491 5349 λελύπηται
3536 5281 3616 5348 ρε-

2051 5382 2315 5447 πτοῦντας
2356 5381 2430 5445 ὼς
2463 5381 2739 5444 ἀποτάτω,
2780 5379 3112 5452 μεταφοιτᾷν
3143 5373 3355 5427 ἑλέσθαι
3388 5370 3521 5442 πρὸς
3557 5370 3616 5425 τὸ
