4092 6202
388 457 455 516 Π
1224 448 1769 506 COMMENTARIUS
1809 448 1872 503 IN
1908 446 2304 503 ZACHARIAM
2344 444 2785 503 PROPIIETAM.
3559 451 3624 508 η

383 573 534 643 αὐτῷ
561 569 770 625 δοκοῦν.
789 567 923 621 Ἀλλ’
947 567 1122 635 ὀλίγος
1150 536 1377 630 ἐκείνοις
1404 567 1499 636 τῆς
1527 566 1783 637 ἀληθείας
1814 567 1842 619 6
1870 565 1957 618 λά.

2059 564 2300 634 cnlisque
2340 563 2629 619 vilissimis
2669 562 2914 626 inescati,
2969 561 3220 619 lsraelem
3269 566 3618 627 seduxerunt.

381 681 496 733 γος,
532 660 859 732 λημματίων
902 660 960 713 δὲ
1006 658 1254 730 σμικρῶν
1298 659 1392 712 καὶ
1434 657 1830 735 εὐτελεστάτων
1860 659 1957 727 ἡτ-

378 754 634 826 τώμενοι,
662 750 1042 821 πεπλανήκασι
1078 750 1171 803 τὸν
1193 749 1430 820 Ἰσραήλ.
1465 748 1575 801 Καὶ
1612 748 1742 819 γοῦν
1785 749 1816 801 ὁ
1860 746 1961 816 μὲν

379 844 669 915 προφήτης
702 841 972 912 Ἱερεμίας
1002 841 1347 894 καταιτιᾶται
1392 838 1513 894 λίαν
1557 838 1775 904 αὐτοὺς,
1815 836 1959 891 οὓτω

376 936 584 1005 λέγων·
620 952 639 986 ε
660 933 723 987 '0
751 932 850 997 ὢν,
881 931 1075 1003 Κύριε,
1111 930 1220 984 ἰδοὺ
1248 930 1589 1001 οἰ,προφῆται
1617 927 1795 983 αὐτῶν
1827 944 1958 999 προ⁴

376 1024 702 1096 φητεύουσι,
735 1023 830 1077 καί
865 1022 1114 1092 λέγουσιν
1137 1038 1151 1053 ο
1179 1022 1294 1075 Οὐκ
1317 1019 1513 1089 ὄψεσθε
1548 1020 1841 1091 μάχαιραν,
1866 1017 1958 1071 καὶ

376 1117 539 1188 λιμὸς
582 1118 685 1170 οὐκ
722 1115 874 1168 ἔσται
911 1116 972 1167 ὲν
1004 1114 1152 1183 ὑμῖν,
1176 1112 1259 1165 ὅτι
1300 1110 1558 1182 ἀληθειαν
1600 1109 1696 1163 καὶ
1737 1108 1958 1180 εἰρήνην

378 1210 539 1264 δώσω
574 1209 666 1261 ἐπὶ
691 1208 791 1278 τῆς
825 1206 948 1277 γῆς,
982 1205 1077 1259 καί
1106 1205 1164 1259 ἐν
1187 1203 1268 1271 τῷ
1298 1203 1449 1274 τόπῳ
1472 1202 1666 1272 τούτῳ.
1698 1219 1729 1252 ι.
1750 1199 1881 1262 Θεὸς
1900 1198 1958 1253 δὲ

378 1299 523 1370 πρὸς
552 1299 755 1353 ταῦτα’
790 1317 809 1349 ‹
840 1297 1022 1367 Ψευδῆ
1044 1297 1094 1349 οἰ
1117 1295 1393 1365 προφῆται
1417 1292 1849 1364 προφητεύουσιν
1868 1289 1959 1344 ἐπὶ

374 1390 459 1461 τῷ
492 1388 715 1459 ὀνόματί
747 1404 849 1458 μου
870 1403 885 1417 ·
921 1387 1021 1440 οὐκ
1046 1384 1343 1439 ἀπέστειλα
1369 1383 1586 1448 αὐτοὺς,
1610 1383 1705 1436 καὶ
1734 1381 1835 1435 οὐκ
1866 1382 1956 1434 ὲν·-

376 1480 674 1549 ετειλάμην
703 1478 905 1540 αὐτοῖς,
943 1477 1037 1530 καὶ
1069 1477 1171 1530 οὐκ
1198 1473 1434 1546 ἐλάλησα
1466 1472 1602 1545 πρὸς
1634 1472 1851 1536 αὐτοὺς,
1878 1472 1959 1524 ὅτι

372 1572 600 1644 ὁράσεις
636 1567 870 1638 ψευδεῖς,
901 1564 996 1621 καὶ
1040 1566 1320 1637 μαντείας,
1355 1565 1449 1618 καὶ
1470 1564 1826 1635 οἰωνίσματα,
1862 1562 1958 1616 καὶ

376 1661 731 1733 προαιρέσεις
789 1658 1018 1729 καρδίας
1070 1655 1250 1710 αὐτῶν
1311 1655 1466 1710 αὐτοὶ
1520 1653 1957 1727 προφητεύουσιν

375 1756 531 1826 ὑμῖν.
562 1772 581 1804 ι
625 1753 734 1806 Καὶ
767 1751 875 1824 μὴν
921 1751 1017 1805 καὶ
1061 1748 1287 1819 ἑτέρωθι
1332 1748 1492 1803 πάλιν
1542 1747 1742 1821 φησίν*
1797 1765 1815 1798 t
1843 1746 1956 1800 Οὐκ

372 1842 709 1898 ἀπέστελλον
756 1843 883 1906 τοὺς
921 1843 1226 1914 προφήτας,
1256 1842 1351 1895 καὶ
1379 1840 1534 1895 αὐτοὶ
1558 1839 1808 1911 ἔτρεχον
1834 1836 1955 1892 οὐδὲ

374 1932 616 2003 ἐλάλησα
640 1931 779 2003 πρὸς
805 1912 1023 1996 αὐτοὺς,
1052 1932 1146 1985 καὶ
1176 1931 1330 1986 αὐτοὶ
1353 1931 1794 2010 προεφήτευον.)
1845 1929 1955 1982 Πε-
1986 1912 2028 1968 Β

375 2024 651 2095 πλάνηται
678 2024 880 2089 τοίνυν,
912 2022 987 2087 ὼς
1016 2021 1175 2093 ἔφην,
1207 2024 1237 2076 ὁ
1262 2024 1503 2095 Ἰσραὴλ,
1537 2026 1649 2088 τοῖς
1676 2022 1786 2078 τῶν
1821 2022 1955 2093 ψευ-

371 2115 689 2186 δομάντεσιν
749 2116 1103 2185 φενακισμοῖς
1152 2114 1427 2178 ἀσυνέτως
1484 2114 1951 2185 συνηρπασμένος.

390 2203 528 2257 Ἀλλ’
555 2204 657 2257 οὐκ
688 2202 758 2258 ἂν
792 2203 906 2273 ἥλω
954 2204 1079 2257 ποτὲ
1120 2204 1251 2275 παρ’
1276 2204 1506 2276 ἐχθρῶν,
1537 2204 1631 2258 καὶ
1671 2204 1772 2274 τῆς
1812 2202 1955 2258 οὕτω

374 2296 600 2365 πικρᾶς,
627 2293 725 2347 καὶ
774 2292 1187 2365 φορτικωτάτης
1236 2293 1481 2357 δουλείας
1531 2294 1810 2364 ἐπειρᾶτο,
1841 2293 1956 2356 τοῖς

376 2386 526 2454 παρὰ
553 2382 704 2438 Θεοῦ.
720 2384 1030 2455 προφήταις
1053 2383 1144 2440 τὸν
1166 2384 1291 2440 νοῦν
1321 2385 1560 2450 ἐπιδοὺς,
1589 2385 1640 2439 οἳ
1686 2384 1783 2438 καὶ
1809 2401 1955 2456 συμ-

376 2472 641 2544 ϐήσεσθαι
666 2473 739 2529 τά
770 2473 948 2529 τοιάδε
974 2475 1425 2547 προαπήγγελλον
1452 2474 1657 2540 αὐτοῖς,
1682 2473 1780 2529 καὶ
1801 2473 1955 2545 διαρ-

380 2564 553 2635 ρήδηνΔ
588 2564 845 2634 εφασκον,
866 2565 949 2619 ὅτι
993 2566 1211 2630 πάντως
1239 2568 1319 2630 εἰς
1346 2568 1542 2637 πεῖραν
1566 2565 1952 2638 ὲνεχθήσονται

385 2653 573 2718 κακοῦ,
606 2656 680 2724 μὴ
702 2657 821 2727 οὐχὶ
850 2656 983 2728 δρᾷν
1009 2656 1273 2728 ᾑρημένοι
1296 2657 1366 2711 τά
1395 2657 1615 2729 θυμήρη
1648 2655 1787 2729 Θεῷ.
1813 2655 1956 2710 Ταύ-

385 2761 538 2816 τητοι
564 2749 746 2801 καλεῖν
781 2749 910 2819 πρὸς
940 2749 1244 2819 ἀνάμνησιν
1268 2749 1378 2804 τῶν
1401 2767 1462 2803 τε
1487 2748 1718 2803 ἀνοσίων
1737 2764 1953 2821 προφη-

388 2831 498 2885 τῶν
534 2834 628 2887 καί
670 2832 1299 2907 τῶνιπεφενακισμένων,
1336 2837 1430 2891 καί
1461 2850 1661 2907 φησιν’
1701 2855 1721 2889 s
1747 2835 1815 2894 Οί
1845 2853 1955 2890 πα-

386 2921 536 2994 τέρες
579 2923 734 2996 ὑμῶν
775 2926 878 2981 ποῦ
912 2928 1018 2981 εἰσὶ
1066 2929 1161 2983 καὶ
1211 2929 1261 2981 οἰ
1289 2928 1596 3001 προφῆται;
1630 2927 1723 2999 Μὴ
1756 2927 1838 2992 εἰς
1863 2926 1957 2984 τὸν

379 3012 549 3069 αἰῶνα
579 3013 875 3087 ζήαονταις
905 3036 925 3070 ι
953 3018 1177 3088 Ὅμοιον
1192 3017 1268 3082 ὡς
1286 3020 1335 3072 εἰ
1366 3016 1549 3087 λέγοι·
1591 3015 1957 3073 ’Δπολώλασιν

379 3106 433 3159 οἰ
456 3104 691 3178 πατέρες
718 3107 892 3178 ὑμῶν,
925 3110 1018 3162 καὶ
1048 3109 1207 3163 τοῦτο
1229 3108 1483 3181 οἰκτρῶς,
1505 3111 1563 3163 ἐν
1585 3108 1952 3183 αἰχμαλωσίᾳ,

2058 657 2289 711 Proinde
2332 657 2596 725 propheta
2638 655 2901 710 Jeremias
2948 655 3150 710 acriter
3197 655 3316 710 illos
3362 673 3641 717 accusans-

2056 748 2133 803 ait-
2158 766 2172 801 :
2210 767 2228 801 ι
2263 747 2363 814 Qui
2390 763 2469 814 es,
2500 746 2750 811 Domine,
2778 760 2907 802 ecce
2928 746 3206 817 prophetae
3228 749 3546 817 prophetam
3569 760 3643 806 et.

2055 838 2240 892 dicunt
2271 836 2430 893 :.Non
2461 837 2712 893 videbitis
2738 835 2998 907 gladium,
3022 848 3077 891 et
3102 839 3270 892 fames
3296 854 3400 892 non
3430 840 3534 894 erit
3570 841 3623 895 iu

2057 928 2231 992 vobis,
2257 930 2381 998 quia
2415 930 2696 985 veritatem
2726 940 2781 985 et
2813 944 3000 998 pacem
3042 930 3188 985 dabo
3217 931 3271 984 in
3316 938 3459 985 terra
3486 939 3540 985 et
3569 932 3655 987 in.

2054 1020 2366 1091 65710οο
2420 1019 2525 1074 isto
2547 1019 2589 1074 ⁸.
2623 1039 2640 1073 ι
2696 1021 2835 1075 Deus
2881 1030 3058 1076 autem
3088 1021 3155 1075 ad
3185 1021 3300 1076 lucc
3347 1039 3361 1075 :
3414 1040 3432 1071 ι
3468 1020 3624 1075 Falsa

2055 1113 2328 1182 praphetaz
2375 1111 2754 1181 prophetizant
2795 1112 2850 1165 in
2895 1111 3114 1165 nomine
3154 1125 3274 1166 meo
3307 1125 3457 1167 :non
3504 1112 3659 1171 misi.

2055 1217 2169 1267 eos,
2214 1211 2271 1257 et
2299 1216 2405 1256 non
2433 1202 2659 1271 praecepi
2706 1200 2786 1257 eis
2819 1219 2845 1256 ιι
2869 1216 2974 1257 non
3002 1202 3219 1258 locutus
3254 1217 3375 1258 sum
3403 1202 3475 1256 ad
3500 1216 3657 1269 eos;

2056 1293 2182 1363 quia
2209 1292 2444 1349 visiones
2467 1293 2777 1359 mendaces,
2804 1302 2858 1346 et
2881 1292 3262 1357 divinationes,
3290 1301 3346 1348 et
3374 1293 3627 1363 auguria,

2057 1394 2111 1438 et
2146 1383 2440 1439 electiones
2477 1382 2656 1438 cordis
2683 1382 2765 1437 sui
2811 1383 2909 1452 ipsi
2939 1384 3319 1453 prophetizant
3350 1384 3502 1438 vobis
3522 1385 3566 1436 ’.
3602 1403 3621 1436 ι

2057 1474 2197 1540 Quin
2228 1482 2283 1529 et
2311 1473 2437 1528 alibi
2474 1488 2685 1528 rursum
2717 1491 2730 1527 :
2770 1491 2790 1526 ι
2825 1473 2940 1529 Non
2987 1474 3268 1529 mittebam
3312 1474 3626 1545 prophetas,

2056 1571 2110 1618 et
2144 1562 2241 1633 ipsi
2281 1564 2605 1628 currebant;
2639 1579 2813 1635 neque
2858 1565 3117 1635 loquebar
3168 1565 3235 1620 ad
3279 1580 3396 1631 eos,
3434 1579 3487 1619 et
3519 1567 3621 1635 ipsi

2057 1653 2533 1722 prophetabant“.
2567 1672 2586 1705 ι
2645 1653 2913 1709 Seductus
2960 1663 3043 1711 est
3094 1656 3258 1725 igitur
3307 1654 3503 1719 Israel,
3570 1665 3630 1708 ut

2058 1744 2192 1809 dixi,
2234 1742 2642 1813 falsiloquorum
2671 1754 2855 1800 vatum
2903 1746 3214 1818 imposturis
3259 1746 3630 1816 imprudenter

2056 1838 2334 1907 abreptus.
2386 1836 2549 1906 Atqui
2594 1837 2649 1891 in
2696 1838 2933 1893 hostium
2976 1846 3303 1907 potestatem
3352 1852 3647 1907 nunquam.

2056 1928 2313 1994 venisset,
2361 1936 2418 1982 et
2455 1927 2864 1982 acerbissimam
2913 1928 3353 1999 dirissimamqne
3396 1928 3645 1984 servitu-.

2057 2028 2161 2074 tem
2195 2032 2300 2072 non
2342 2016 2533 2073 fuisset
2562 2025 2842 2087 expertus,
2874 2017 2918 2072 si
2952 2018 3150 2075 missos
3194 2035 3225 2074 ε
3259 2020 3368 2075 Deo
3398 2024 3648 2092 prophc-.

2057 2120 2139 2166 tas
2160 2110 2545 2178 auseultasset,
2577 2111 2668 2179 qui
2691 2119 2749 2165 et
2774 2108 2907 2166 talia
2931 2111 3063 2181 ipsis
3090 2121 3348 2168 eventura
3380 2129 3632 2183 prauus..-

2058 2200 2286 2265 tiabsnt,
2323 2211 2379 2257 et
2405 2209 2592 2272 aperte
2635 2200 3053 2270 conﬁrmabant,
3104 2205 3327 2259 omnino
3371 2220 3630 2261 sensuros

2056 2293 2281 2358 malum,
2314 2294 2418 2349 nisi
2448 2309 2509 2348 se
2545 2293 2611 2348 ad
2640 2307 2706 2348 ea
2736 2295 3228 2363 operapraestanda
3259 2296 3472 2363 darent,
3506 2312 3647 2366 quae.

2054 2385 2198 2443 Deus
2220 2384 2404 2442 vellet.
2445 2384 2709 2453 Quocirca
2755 2382 2862 2439 illis
2893 2395 2949 2440 et
2999 2385 3192 2455 impios
3231 2388 3542 2458 prophetas,
3577 2399 3649 2445 et.

2054 2476 2124 2531 ab
2153 2476 2257 2532 illis
2284 2478 2501 2532 delusos
2527 2476 2581 2530 in
2627 2474 2945 2530 memoriam
2976 2476 3213 2545 redigit,
3235 2487 3290 2532 et
3320 2477 3438 2532 ait:
3476 2497 3493 2530 ι
3529 2478 3639 2533 Pas.

2057 2579 2171 2624 tres
2198 2567 2367 2625 vestrl
2399 2567 2495 2623 ubi
2530 2575 2677 2634 sunt,
2706 2573 2762 2623 et
2782 2566 3117 2637 \pmphete?
3142 2566 3282 2622 Num
3329 2570 3381 2621 in
3425 2570 3647 2637 setupi-.

2055 2669 2269 2715 ternum
2320 2657 2599 2715 vivent?»
2642 2659 2709 2713 Ut
2751 2661 2796 2713 si
2847 2658 3070 2726 diceret,
3115 2660 3399 2729 perierunt
3447 2670 3657 2730 patres-

2052 2751 2242 2816 vestri,
2274 2750 2435 2819 idque
2458 2750 2822 2806 miserandum
2855 2750 2910 2804 in
2947 2752 3164 2805 modum
3198 2750 3254 2806 in
3288 2752 3645 2820 captivitate,

2053 2851 2109 2898 et
2137 2857 2259 2898 eum
2292 2842 2425 2913 ipsis
2467 2842 2865 2912 falsiloqui,et.
2886 2844 3231 2913 impostores,
3273 2844 3365 2913 qui
3388 2844 3629 2913 prophe-

2055 2933 2143 2989 tiae
2166 2940 2226 2989 et
2262 2947 2461 2990 nomen
2506 2941 2562 2988 et
2608 2949 2723 2989 rem
2771 2932 3430 3004 cauponabauturnQuod
3464 2935 3525 2988 si
3546 2935 3639 2991 vi.-.

2052 3033 2263 3087 verem,
2309 3022 2561 3089 forsitan,
2607 3033 2862 3093 expertas
2907 3024 3243 3080 calamitates
3287 3024 3631 3078 continenter

2055 3114 2416 3186 deplorantes,
2447 3126 2502 3172 et
2530 3117 2584 3171 in
2611 3116 2870 3171 ementita
2902 3114 3161 3171 vaticinia
3194 3129 3292 3171 sua
3328 3116 3627 3171 vehemen-

376 3200 467 3250 καὶ
502 3198 600 3252 σὺν
635 3197 822 3261 αὐτοῖς
854 3199 909 3251 οί
959 3198 1274 3268 ψευδοεπῖς
1317 3201 1410 3254 καὶ
1446 3198 1875 3273 πεπλανηκότες,
1903 3200 1952 3253 oi

2057 3203 2163 3258 tius
2220 3204 2562 3272 invehentes,
2606 3219 2702 3259 vos
2742 3203 2888 3272 frugi
2947 3204 3327 3260 reddidissent.
3381 3204 3490 3260 Sed
3553 3204 3639 3263 illi,

373 3287 558 3358 τὸτῆς
586 3289 924 3361 προφητείας
971 3290 1143 3362 ὄνομα
1181 3292 1276 3346 καὶ
1310 3291 1498 3362 χρῆμα
1531 3288 1951 3362 καπηλεύοντες.

388 3379 526 3435 Ἀλλ’
551 3381 713 3453 εἴπερ
748 3380 890 3447 ἕξων
920 3380 1022 3448 ἔτι,
1051 3384 1191 3452 τάχα
1242 3400 1344 3437 που
1392 3381 1635 3452 βελτίους
1670 3381 1815 3453 ὑμᾶς
1844 3382 1952 3437 ἀπ·

282 3476 293 3484 “
376 3474 600 3547 ἔφηναν,
627 3475 716 3530 ἀεὶ
736 3475 1166 3547 κατοιμώζοντες
1187 3475 1279 3529 ἐπὶ
1302 3477 1416 3538 τοῖς
1444 3472 1837 3544 συμϐεϐηκόσι,
1857 3472 1952 3527 καὶ

372 3568 484 3624 τῶν
528 3571 654 3639 παρ’
681 3568 867 3633 αὐτοῖς
914 3568 1215 3638 γεγονότων
1249 3566 1708 3638 ψευδοπροφητῶν
1747 3566 1806 3619 οὐ
1853 3581 1953 3639 με·

372 3660 533 3730 τρίαν
576 3662 890 3731 ποιούμενοι
940 3661 1038 3733 τὴν
1084 3660 1382 3732 καταϐοήν.
1422 3659 1563 3715 Ἀλλ’
1607 3660 1805 3712 ἐκεῖνοι
1855 3657 1954 3730 μὲν

372 3753 655 3823 ρᾳσεαῦνης
699 3770 760 3806 τε
806 3752 939 3823 ὁμοῦ
982 3752 1075 3806 καὶ
1117 3751 1402 3816 ἀπειθείας
1446 3750 1694 3821 ὀψώνιον,
1729 3750 1791 3804 τὸ
1823 3765 1951 3805 συν-

368 3838 639 3906 διολέσθαι
665 3845 779 3907 τοῖς
816 3843 1155 3913 ἠπατηκόσιν
1189 3844 1506 3915 ἐσχήκασιν.
1526 3842 1714 3913 Ὑμεῖς
1739 3840 1796 3894 δὲ
1824 3840 1952 3906 τοὺς

369 3931 482 3985 τῶν
503 3933 675 4002 ἁγίων
704 3933 1000 4006 προφητῶν
1028 3932 1403 4005 παραδέχεσθε
1432 3932 1645 4002 λόγους,
1677 3933 1770 3988 καὶ
1792 3932 1861 3986 τὰ
1884 3931 1952 3985 δι’

366 4024 553 4081 αὐτῶν
589 4025 935 4098 θεσπίσματα
964 4024 1203 4079 ποιεῖσθε
1237 4026 1363 4096 περὶ
1392 4025 1610 4079 πολλοῦ.
1646 4024 1812 4080 Αὑτοί
1843 4023 1951 4099 γὰρ

365 4113 701 4185 λελαλήκασι
731 4116 825 4169 καὶ
855 4120 965 4181 τοῖς
1001 4114 1109 4187 πρὸ
1131 4114 1284 4186 ὑμῶν
1304 4131 1318 4146 ·
1360 4116 1512 4170 «Ὅτι
1542 4116 1949 4185 παρατέτακται

365 4202 578 4276 Κύριος
597 4203 690 4259 τοῦ
714 4207 960 4277 ποιῆσαι⁸
1003 4222 1024 4257 ι
1072 4204 1228 4276 δῆλον
1258 4206 1315 4259 δὲ
1329 4205 1411 4259 ὅτι
1435 4204 1536 4278 τὴν
1575 4206 1952 4277 αἰχμαλωσίαν

362 4296 466 4349 καὶ
499 4294 597 4359 τὰς
641 4298 699 4349 ὲν
739 4296 922 4361 αὐτοῖς
970 4297 1402 4369 συμϐησομένας.
1427 4298 1825 4372 ταλαιπωρίας·
1867 4299 1951 4353 δι-

2053 3295 2269 3367 quidem
2308 3295 2516 3351 inertim
2553 3304 2608 3350 et
2631 3298 2999 3363 contumacia:
3036 3310 3147 3352 suae
3179 3295 3501 3367 stipendium
3532 3311 3641 3351 ac-.

2053 3394 2332 3456 ceperunt,
2367 3386 2511 3456 quod
2557 3400 2680 3442 cum
2708 3386 3020 3443 illusoribus
3057 3388 3395 3446 interierunt.
3430 3389 3502 3443 At
3534 3403 3626 3443 vos

2053 3486 2364 3535 sanctorum
2398 3479 2785 3549 prophetarum
2832 3492 3113 3535 sermones
3159 3478 3414 3547 excipite.
3460 3486 3515 3532 et
3544 3479 3641 3531 di-.

2053 3568 2174 3623 vina
2222 3582 2409 3624 eorum
2452 3567 2612 3623 eil'ata
2684 3571 2866 3640 magni
2898 3570 3137 3641 pendite.
3184 3566 3288 3637 ipsi
3334 3565 3532 3636 quippe
3571 3576 3628 3619 ιι

2053 3658 2347 3727 majoribus
2379 3659 2576 3714 vestris
2602 3658 2765 3714 locuti
2795 3669 2923 3713 sunt
2952 3675 2966 3712 :
3001 3676 3020 3709 ι
3049 3657 3184 3724 Quia
3212 3659 3508 3711 instructus
3539 3669 3626 3710 est.

2056 3749 2316 3805 Dominus
2340 3748 2554 3805 facere:
2583 3767 2602 3803 ι
2628 3749 2815 3820 utique
2833 3749 3228 3821 captivitatem,
3247 3756 3302 3802 et
3330 3748 3388 3802 it
3412 3762 3474 3801 ea
3500 3762 3631 3815 per-1

2054 3841 2315 3897 ferendas
2351 3854 2644 3905 aerumnas,
2693 3851 2748 3897 et
2803 3837 3198 3910 redarguebaut
3245 3852 3339 3894 eos
3381 3838 3623 3891 dicentes

2055 3931 2380 3989 manifeste:
2413 3951 2431 3985 ι
2467 3933 2603 3999 Quia
2643 3933 2938 3987 secundum
2972 3932 3090 3985 vias
3134 3939 3365 3995 vestras,
3415 3928 3492 4002 [et
3524 3930 3621 3985 ad-

2053 4022 2389 4080 inventlones
2419 4032 2628 4080 vestras
2656 4023 2810 4078 vobis
2835 4017 3011 4094 fecit.]
3043 4041 3063 4074 ι
3096 4021 3211 4077 Non
3240 4023 3383 4077 enim
3416 4032 3637 4078 temere.

2052 4114 2207 4185 punit
2254 4114 2628 4170 universorum
2685 4112 2858 4178 Dens,
2921 4129 3097 4185 neque
3151 4113 3332 4168 divina
3396 4120 3449 4167 et
3508 4109 3618 4164 falli

2054 4204 2237 4258 nescia
2278 4218 2507 4260 censura
2535 4203 2669 4259 citra
2694 4216 2923 4260 examen
2965 4204 3018 4258 in
3054 4217 3383 4276 quocunque
3406 4201 3621 4271 negotio

2053 4293 2161 4348 fert
2194 4294 2519 4349 sententiam
2549 4311 2564 4348 :
2597 4293 2691 4350 sed
2727 4308 2848 4348 cum
2882 4309 3047 4363 supra
3096 4295 3330 4352 modum.
3351 4291 3635 4362 patienter,

358 4386 599 4457 ήλεγχον
619 4386 677 4440 δὲ
698 4387 944 4456 λέγοντες
971 4389 1273 4460 ἀναφανδόν
1293 4405 1306 4419 ο
1338 4409 1356 4441 ε
1369 4389 1494 4443 Ὅτι
1520 4390 1661 4442 κατὰ
1681 4391 1779 4453 τας
1799 4388 1950 4453 ὁδοὺς

2055 4385 2392 4451 sustinuerit,
2420 4394 2549 4440 tunc
2576 4376 2790 4442 demum
2821 4387 3067 4441 sontibus
3095 4399 3216 4455 quae
3247 4384 3479 4444 maxime
3509 4398 3627 4434 me-

358 4474 525 4547 ὑμῶν
566 4476 661 4531 καὶ
692 4477 761 4531 τά
793 4478 1212 4551 ἐπιτηδεύματα⁴
1247 4478 1425 4550 ὑμῶν,
1475 4476 1649 4542 οὕτως
1695 4478 1950 4548 ἐποίησεν

2055 4483 2238 4531 rentur
2272 4476 2539 4544 rependit.
2575 4476 2849 4545 Sapientis
2877 4483 2959 4531 est
2988 4475 3154 4543 igitur
3176 4483 3421 4543 prompte
3460 4473 3620 4529 obses

356 4567 519 4635 ὑμῖν.
550 4585 569 4617 ι
598 4567 834 4631 Κολάζει
861 4568 971 4640 γὰρ
996 4570 1057 4623 οὐ
1090 4570 1263 4641 μάτην
1287 4568 1315 4621 ὁ
1348 4569 1456 4622 τῶν
1486 4568 1622 4621 ὅλων
1650 4567 1801 4635 Θεὸς,
1822 4566 1946 4622 οὔτε

2055 4568 2165 4638 qui,
2200 4576 2256 4623 et
2302 4567 2500 4623 divinis
2542 4582 2735 4638 parere
2765 4567 2992 4639 legibus,
3029 4574 3445 4633 sanctorumque
3479 4578 3617 4631 ρηο-

357 4655 481 4725 μὴν
511 4656 871 4713 ἀϐασάνιστον
912 4657 1010 4731 τὴν
1057 4659 1142 4729 ἐφ’
1175 4656 1375 4729 ὁτῳοῦν
1428 4660 1660 4713 ποιεῖται
1702 4658 1937 4731 ψῆφον-ΙΙ

2055 4657 2307 4714 dictiones
2356 4658 2621 4723 revereri,
2676 4666 2730 4713 et
2784 4658 2940 4712 (idem
2990 4657 3337 4713 commodare
3398 4651 3619 4708 vocibus

352 4744 489 4798 θεία
513 4762 571 4799 τε
600 4748 696 4801 καὶ
720 4747 965 4819 ἀπλανὴς
995 4749 1088 4803 καὶ
1114 4748 1426 4819 δικαιοτάτη
1455 4747 1664 4818 κρίσις·
1692 4746 1942 4811 ἀνεξικα-

2055 4746 2290 4817 spiritus,
2322 4749 2672 4821 cogitareque
2720 4763 2822 4802 non
2846 4758 3042 4817 posset
3088 4763 3193 4803 non
3223 4744 3460 4811 evenire,
3496 4760 3618 4814 qua:

352 4836 585 4907 κήσασα
613 4836 670 4891 δὲ
698 4839 1086 4909 ὐπερμέτρως..
1104 4838 1224 4894 τότε
1253 4838 1339 4909 δὴ,
1356 4837 1475 4892 τότε
1494 4836 1809 4891 ταλαντεύει
1835 4840 1943 4903 τοῖς

2055 4838 2306 4908 praedicta
2337 4841 2467 4907 sint,
2500 4850 2556 4897 et
2590 4842 2866 4897 meliorem
2904 4849 3138 4897 mentem
3170 4838 3416 4903 induere,
3454 4847 3618 4907 atque
3710 4827 3732 4833 ”

350 4924 715 4994 ἡμαρτηκόσι
764 4926 835 4979 τὰ
883 4927 1067 4990 αὐτοῖς
1102 4927 1184 4981 ὅτι
1216 4925 1448 4997 μάλιστα
1494 4926 1937 4998 πρεπωδέστατα.

2055 4932 2117 4985 ad
2143 4932 2514 5000 paenitentiam
2540 4949 2600 4990 se
2632 4936 2900 4993 conferre.
2928 4988 2931 4991 λ

353 5016 544 5085 Σοφὸν
568 5014 659 5072 οὖν
686 5019 793 5090 άρα
815 5020 878 5077 τὸ
901 5023 1134 5094 εὐήνιον,
1166 5022 1492 5088 καὶπαντδς
1524 5025 1671 5097 ἡμᾶς
1694 5024 1988 5093 ἀπαλλάξει
2016 5028 2187 5083 κακοῦ
2221 5028 2280 5083 τὸ
2307 5032 2419 5095 τοῖς
2481 5030 2647 5095 θείοις
2700 5032 2930 5088 ἕπεσθαι
2986 5032 3188 5108 νόμοις,
3221 5030 3315 5087 καὶ
3350 5028 3450 5091 τὰς
3507 5028 3616 5079 τῶν

355 5109 540 5179 ἁγίων
569 5114 994 5187 προαγορεύσεις
1023 5119 1209 5190 τιμᾷν,
1241 5118 1336 5173 καὶ
1362 5118 1596 5181 πίστεως
1624 5117 1809 5183 ἀξιοῦν
1854 5119 1952 5184 τὰς
1988 5122 2084 5175 τοῦ
2136 5124 2457 5197 πνεύματος,
2508 5127 2711 5197 φωνὰς,
2767 5126 3079 5190 ὲννοοῦντάς
3117 5143 3175 5179 τε
3213 5126 3294 5178 ὅτι
3333 5122 3508 5189 πάντη
3556 5138 3629 5179 τε,

355 5199 465 5257 καὶ
518 5202 736 5269 πάντως
788 5206 1121 5278 συμϐήσεται
1163 5206 1232 5263 τά
1283 5208 1722 5280 προηγγελμένα,
1796 5211 2262 5279 μεταπλάττεσθαι
2314 5217 2448 5289 πρὸς
2504 5217 2565 5272 τὸ
2646 5220 2888 5291 ἄμεινον,
2970 5217 3063 5275 καὶ
3150 5213 3487 5288 μεταχωρεῖν
3536 5211 3615 5274 εἰς

356 5297 732 5369 μετάγνωσιν.
3484 5320 3492 5328 “

442 5391 520 5461 Τῇ
548 5394 781 5462 τετράδι
810 5394 908 5449 καὶ
936 5395 1124 5454 εἰκάδι
1170 5397 1250 5464 τῷ
1289 5397 1583 5464 ἑνδεκάτῳ
1610 5398 1758 5469 μηνί
1800 5395 1939 5468 (οὗ-

2112 5403 2282 5475 658
2312 5402 2474 5457 Vens.
2514 5401 2662 5457 7-H.
2709 5402 2914 5466 Quarta
2958 5408 3009 5451 et
3060 5394 3304 5449 vicesima
3340 5398 3615 5454 undecimo

349 5484 470 5550 τός
492 5484 664 5540 ἐστιν
686 5488 720 5540 ό
742 5489 870 5555 μὴν
897 5488 1128 5558 Σαϐὰτ)
1179 5489 1248 5543 ἐν
1286 5486 1367 5555 τῷ
1389 5488 1641 5558 δευτέρῳ
1669 5489 1808 5555 ἔτει,
1840 5490 1938 5544 ἐπὶ

2055 5510 2216 5549 mense
2251 5494 2359 5565 (hic
2395 5504 2469 5548 est
2515 5494 2705 5547 mensis
2738 5490 2925 5559 Saba!)
2980 5488 3033 5540 in
3074 5487 3298 5540 secundo
3343 5506 3481 5543 anno
3518 5493 3613 5545 sub

348 5575 629 5643 Δαρείου,
658 5576 895 5647 ἐγένετο
938 5579 1121 5649 λόγος
1163 5581 1382 5648 Κυρίου
1440 5581 1590 5648 πρὸς
1637 5581 1938 5649 Ζαχαρίαν

2055 5583 2233 5648 Dario,
2284 5585 2486 5653 [artant
2528 5597 2605 5639 est
2648 5580 2856 5634 verbum
2909 5576 3119 5630 Domini
3172 5579 3241 5630 ml
3294 5577 3622 5639 Zachariam,

352 5667 475 5723 τὸν
494 5666 596 5722 τοῦ
620 5670 942 5740 Βαραχίου,
964 5672 1092 5726 υἱοῦ
1129 5671 1320 5740 Ἀδδὼ,
1355 5672 1459 5726 τὸν
1482 5671 1815 5741 προφήτην,
1838 5673 1934 5727 λέ-

2055 5675 2206 5729 ﬁlium
2235 5674 2530 5743 Barac/(iw,
2556 5675 2653 5743 ﬁlii
2686 5674 2850 5737 Δάαι),
2881 5672 3205 5745 proli/cetum,
3236 5675 3409 5731 (licens
3439 5687 3454 5722 :
3496 5670 3619 5722 l'i-Ji

435 5845 457 5876 ⁸
486 5844 684 5903 Jerem.
727 5863 835 5915 ειν,
866 5849 947 5904 13.
1026 5851 1046 5880 ³
1080 5849 1205 5905 ibid.
1246 5849 1326 5903 ll.
1406 5851 1445 5880 ‘°
1478 5848 1674 5905 .lcrcm.
1712 5863 1867 5910 χχιιι,
1894 5847 1983 5903 2i.
