4092 6202
408 432 474 484 19
1312 418 1315 419 ν
1435 429 1491 482 S.
1533 425 1812 482 CYRILLI
1849 426 2314 481 ALEXANDRINI
2352 425 2673 483 ABCHIEP.
3594 429 3664 484 20

405 564 497 620 per
544 558 767 615 noctem,
811 559 860 604 et
905 566 1019 605 ecce
1062 552 1141 605 vir
1180 550 1461 605 ascendens
1481 566 1637 619 super
1667 566 1855 621 equum
1899 566 1982 604 ru-

2091 566 2210 618 γων
2235 565 2248 579 ·
2293 546 2556 618 Ἑώρακα
2600 547 2714 617 τὴν
2746 549 2957 613 νύκτα,
3002 548 3097 601 καί
3132 546 3259 601 ἰδοὺ
3288 545 3443 616 ἀνὴρ
3473 546 3664 600 ἐπιϐε-

408 643 540 709 {um,
578 650 625 694 et
660 640 753 694 iste
798 639 968 694 stabat
1018 642 1151 693 inter
1188 640 1322 693 duos
1353 648 1554 693 montes
1602 644 1892 701 umbrosas,
1929 647 1975 690 et

405 742 517 799 post
545 747 659 784 eum
691 731 810 797 equi
838 731 964 800 ruﬁ,
996 740 1045 785 et
1086 732 1364 795 maculosi,
1399 740 1445 784 et
1485 732 1637 795 varii,
1669 740 1716 784 et
1752 730 1876 783 albi.
1910 727 1976 782 Et

404 821 521 874 dixi
546 833 567 872 .'
599 818 738 884 Quid
780 821 889 885 isti,
937 818 1198 873 Domine?
1226 817 1296 873 Et
1343 819 1476 872 dixit
1517 818 1585 871 ad
1635 833 1716 870 me
1758 815 1979 885 angelus

402 911 495 980 qui
532 910 840 981 loquebatur
868 912 923 965 in
959 927 1038 966 me
1065 927 1084 966 :
1113 909 1224 982 Ego
1261 911 1533 965 Ostendam
1572 910 1664 963 tibi
1697 910 1821 979 quid
1854 920 1977 962 sunt

402 1007 535 1057 Iure.
581 1002 650 1057 Et
688 1003 957 1073 respondit
1010 1006 1094 1058 vir
1135 1004 1223 1074 qui
1269 1003 1439 1057 stabat
1482 1001 1621 1055 inter
1661 1011 1885 1063 montes,
1929 1010 1977 1053 et

402 1096 539 1149 dixit
569 1096 638 1149 ad
683 1111 808 1150 me:
838 1094 941 1151 Isti
972 1106 1093 1150 sunt
1133 1111 1261 1166 quos
1292 1094 1430 1147 misit
1476 1093 1732 1147 Dominus
1772 1102 1829 1146 nt
1872 1092 1980 1146 cir-

402 1187 657 1241 cumirent
688 1195 906 1241 terram.
937 1185 1003 1240 Et
1028 1186 1405 1257 responderunt
1433 1185 1620 1255 angelo
1646 1184 1859 1238 Domini
1887 1185 1977 1253 qui

401 1277 575 1332 stabat
614 1279 752 1333 inter
794 1288 1017 1345 montes,
1068 1288 1117 1334 et
1151 1279 1395 1333 dixerunt
1426 1293 1444 1333 :
1472 1277 1820 1333 Circuivimus
1865 1293 1979 1330 ont-

403 1381 521 1420 nem
580 1377 809 1436 terram,
871 1380 917 1425 et
976 1386 1091 1425 ecce
1146 1370 1316 1423 omnis
1367 1383 1509 1424 terra
1570 1369 1876 1435 habitatur,
1929 1377 1977 1421 et

402 1459 635 1527 quiescit.

381 1792 389 1801 π
474 1719 542 1783 ν.
585 1726 975 1793 Particulatim,
1025 1728 1299 1797 certisque
1347 1724 1677 1797 temporibus
1711 1725 1850 1780 Deus
1901 1725 1979 1778 vi—

403 1817 586 1872 siones
623 1816 828 1872 sanctis
859 1818 1138 1887 prophetis
1180 1816 1476 1873 revelabat.
1530 1815 1645 1871 Dici
1689 1815 1835 1871 enim
1868 1830 1977 1870 non

2087 640 2281 709 ϐηκὼς
2333 641 2431 695 ἐπὶ
2484 641 2671 695 ἵππον
2717 640 2980 709 πυῤῥόν,
3031 641 3131 693 καὶ
3177 635 3354 704 οὗτος
3400 639 3662 706 εἱστήκει

2086 730 2396 801 ἀναμέσον
2442 728 2558 785 τῶν
2597 731 2705 785 δύο
2759 730 2942 799 ὀρέων
2988 727 3107 782 τῶν
3156 730 3517 791 κατασκίων,
3563 730 3662 782 καὶ

2087 826 2279 878 ὀπίσω
2307 825 2491 879 αὐτοῦ
2515 824 2684 878 ἵπποι
2712 822 2943 892 πυρῤοί,
2977 822 3076 875 καί
3109 822 3310 890 ψαροί,
3340 820 3437 874 καὶ
3468 821 3663 873 ποικί-

2086 915 2203 977 λοι,
2237 911 2333 965 καὶ
2361 912 2593 968 λευκοί.
2621 912 2731 967 Καὶ
2764 906 2936 966 εἴπαο
2990 908 3056 964 Τί
3090 904 3275 975 οὗτοι,
3310 911 3524 978 Κύριε;
3551 908 3664 963 Kal

2085 996 2215 1055 εἷπε
2262 1002 2411 1069 πρός
2449 1018 2525 1071 με
2575 1001 2830 1072 ἄγγελος
2871 1005 2904 1055 ό
2946 1001 3155 1056 λαλῶν
3192 1002 3273 1071 ἐν,
3298 1000 3429 1069 ἐμοί
3452 1014 3465 1028 ·
3514 997 3663 1068 Ἐγὼ

2086 1090 2261 1157 δείξω
2294 1108 2394 1147 σοι
2420 1095 2477 1146 τί
2500 1093 2630 1147 ἐστι
2659 1093 2871 1147 ταῦτα.
2910 1092 3016 1147 Kal
3061 1092 3351 1161 ἀπεκρίθη
3378 1093 3411 1144 ό
3442 1088 3595 1157 ἀνὴρ
3626 1092 3659 1142 ό

2085 1184 2432 1253 ἐφεστηκὼς
2463 1183 2771 1253 ἁναμέσον
2796 1182 2915 1237 τῶν
2952 1182 3155 1250 ὀρέων,
3188 1180 3286 1234 καὶ
3337 1176 3468 1233 εἷπε
3513 1180 3662 1246 πρός

2080 1292 2193 1346 με·
2239 1272 2417 1333 Οὗτοί
2459 1278 2617 1330 εἰσιν
2667 1275 2775 1341 οὓς
2817 1275 3208 1339 ἐξαπέστειλε
3255 1273 3468 1341 Κύριος
3505 1283 3664 1337 περι-

2086 1368 2335 1421 οδεῦσαι
2382 1367 2496 1437 τὴν·
2538 1366 2676 1437 γῆν.
2716 1367 2825 1421 Καὶ
2872 1366 3284 1435 ἀπεκρίθησαν
3312 1362 3392 1428 τῷ
3431 1360 3664 1430 ἀγγέλῳ

2085 1460 2308 1528 Κυρίου
2353 1461 2433 1526 τῷ
2481 1460 2766 1530 ἐφεστῶτι
2811 1457 3120 1529 ἀναμέσον
3158 1456 3276 1511 τῶν
3318 1455 3521 1524 ὀρέων,
3560 1453 3661 1507 καί

2087 1550 2259 1603 εἷπον
2279 1564 2295 1581 ο
2342 1549 2833 1619 Περιωὸεύσαμεν
2865 1547 3073 1603 πᾶσαν
3098 1547 3216 1616 τὴν
3242 1545 3375 1616 γῆν,
3405 1544 3504 1598 καὶ
3533 1542 3663 1596 ἰδοὺ

2089 1639 2257 1697 πᾶσα
2281 1642 2319 1709 ἠ
2347 1639 2422 1711 γῆ
2456 1639 2837 1704 κατοικεῖται,
2865 1640 2965 1693 καὶ
2996 1637 3302 1710 ἡσυχάζει.

2162 1734 2237 1786 E'.
2281 1732 2408 1787 Ἀνὰ
2440 1735 2607 1806 μέρος
2635 1734 2730 1788 καὶ
2758 1732 2900 1786 κατὰ
2936 1733 3162 1804 καιροὺς
3188 1730 3288 1795 τὰς
3313 1729 3532 1799 ὁράσεις
3552 1728 3666 1789 τοῖς

2088 1828 2266 1897 ἁγίοις
2312 1829 2617 1898 προφήταις
2667 1826 3031 1893 ὲξεκάλυπτεν
3060 1825 3088 1877 6
3117 1823 3269 1889 Θεός.
3301 1822 3375 1876 Ού
3408 1821 3518 1892 γάρ
3560 1818 3663 1871 πού

407 1917 585 1976 potest
615 1921 851 1975 semper,
893 1916 948 1962 et
976 1907 1190 1971 crebro,
1222 1916 1279 1963 et
1311 1907 1460 1962 nullo
1488 1922 1713 1976 prorsus
1744 1908 1977 1963 interce-

2088 1936 2257 1989 φαμεν
2286 1918 2361 1983 ὡς
2387 1918 2474 1973 ἀει
2504 1936 2628 1983 που,
2661 1920 2753 1971 καὶ
2778 1917 2967 1988 συχνὴ,
2992 1916 3087 1969 καὶ
3115 1915 3436 1975 ἀδιάστατος
3463 1925 3666 1962 παντες

404 1999 567 2053 dente
607 1998 900 2053 intervallo
925 1998 1121 2053 divinae
1154 1998 1402 2063 visionis,
1437 1998 1854 2069 futurorumque
1896 2012 1981 2053 re-

402 2090 693 2145 velatiouis
735 2090 963 2161 gratiam
1007 2091 1427 2160 suppeditatum.
1470 2090 1610 2158 Quin
1643 2090 1981 2159 temporibus

402 2185 582 2252 potius
620 2183 910 2253 unicuique
966 2184 1183 2254 negotio
1229 2182 1677 2253 congruentibus,
1723 2189 1780 2235 et
1821 2180 1977 2248 juxta

404 2276 727 2330 arbitratum
776 2275 1090 2329 abscondita
1139 2274 1450 2329 revelantis.
1508 2272 1574 2326 Et
1630 2272 1787 2327 modo
1842 2272 1977 2337 hoc,

402 2368 564 2422 modo
600 2367 752 2432 illud,
784 2366 967 2422 multis
1020 2381 1085 2422 ae
1110 2366 1342 2421 diversis
1375 2364 1681 2420 rationibus
1715 2363 1981 2418 doceban-

403 2471 510 2514 tur.
546 2458 679 2514 Nam
711 2459 981 2515 interdum
1012 2457 1308 2528 simplicem
1335 2457 1585 2511 notitiam
1617 2455 1978 2525 accipiebant,

404 2552 614 2624 Spiritu
646 2561 841 2608 saneto
864 2552 1123 2607 docente;
1152 2550 1421 2605 interdum
1452 2548 1806 2605 nihilominus
1837 2564 1980 2619 quae-

403 2645 528 2699 dam
585 2644 673 2714 agi
710 2659 806 2714 per
852 2644 1031 2698 visum
1081 2642 1417 2706 cernebant,
1458 2640 1572 2697 Deo
1624 2641 1783 2696 aliter
1820 2651 1980 2711 atque

402 2735 581 2801 aliter,
617 2744 671 2791 et
722 2737 774 2790 in
829 2736 1063 2791 obscura
1113 2733 1296 2805 specie
1337 2733 1596 2805 mysteria
1645 2733 1752 2788 illis
1794 2733 1982 2789 infor-

404 2840 589 2884 mante
643 2843 708 2883 ac
745 2828 1126 2898 patefaciente.
1164 2826 1360 2882 Beatus
1411 2826 1556 2881 enim
1598 2825 1762 2881 Isaias
1795 2835 1982 2881 narrat

402 2936 464 2975 se
518 2920 724 2975 vidisse
771 2920 1054 2974 Dominum
1108 2919 1397 2985 Sabaoth,,
1430 2938 1447 2971 ι
1484 2917 1776 2974 Sedentem
1821 2933 1984 2987 super

403 3010 540 3067 solio
566 3008 788 3067 excelso
843 3020 899 3067 et
933 3011 1165 3075 elevato,
1198 3011 1680 3065 circumstantibus
1722 3024 1845 3063 eum
1878 3012 1980 3063 Se-

402 3105 652 3174 rapbim,
700 3114 754 3160 et
811 3105 1053 3161 vicissim
1116 3103 1549 3159 collaudantibus
1575 3103 1638 3158 “.
1673 3121 1692 3154 ι
1759 3102 1981 3156 Diviuus

402 3205 584 3253 autem
617 3197 865 3253 Ezechiel
910 3199 1162 3252 thronum
1190 3210 1248 3251 se
1278 3196 1628 3266 conspexisse
1658 3196 1789 3250 dicit
1817 3210 1981 3265 super

2081 2011 2188 2075 λῶς
2220 2015 2254 2083 ἡ
2281 2013 2379 2083 τῆς
2403 2012 2658 2075 θεοπτίας
2685 2012 2867 2075 αὐτοῖς
2896 2010 3214 2080 ἐχορηγεῖτο
3234 2005 3415 2077 χάρις,
3442 2002 3665 2057 καὶτῶν

2082 2104 2355 2174 ἐσομένων
2383 2103 2744 2173 ἀποκάλυψις.
2776 2100 2934 2155 Κατὰ
2956 2100 3184 2171 καιροὺς
3213 2098 3269 2151 δὲ
3301 2093 3665 2167 μᾶλλον,τοὺς

2081 2198 2297 2267 ἑκάστῳ
2324 2196 2606 2266 πράγματι
2634 2194 2964 2266 πρέποντας,
2993 2192 3089 2246 καὶ
3117 2190 3260 2245 κατὰ
3300 2191 3362 2242 τὸ
3393 2188 3540 2257 αὐτῷ
3584 2185 3661 2239 δο-

2082 2287 2212 2340 κοῦν
2262 2287 2342 2356 τῷ
2388 2284 2827 2339 ἀποκαλύπτοντι
2858 2284 2926 2337 τὰ
2960 2281 3342 2353 κεκρυμμένα.
3380 2281 3490 2334 Καὶ
3534 2277 3665 2332 ποτὲ

2084 2379 2182 2451 μὲν
2211 2377 2388 2441 τοῦτο,
2429 2377 2560 2430 ποτὲ
2595 2375 2652 2429 δὲ
2682 2378 2877 2439 ἐκεῖνο,
2914 2373 3057 2428 κατὰ
3082 2372 3311 2434 πολλούς
3334 2388 3394 2423 τε
3430 2370 3525 2424 καὶ
3553 2369 3668 2422 δια-

2083 2469 2281 2542 φόρους
2310 2466 2657 2522 ἐπαιδεύοντο
2677 2464 3096 2541 τρόπους.Ἐσθ’
3114 2465 3202 2517 ὅτε
3234 2463 3331 2534 μὲν
3357 2460 3466 2532 γὰρ
3488 2460 3668 2530 ἁπλῆν

2082 2562 2329 2633 ἐδέχοντο
2357 2561 2581 2632 γνῶσιν,
2614 2558 2936 2630 ὲνηχοῦντος
2968 2558 3155 2621 αὐτοῖς
3190 2554 3286 2609 τοῦ
3315 2555 3472 2623 ἁγίου
3492 2553 3667 2607 Πνεύ-

2086 2671 2255 2725 ματος
2278 2669 2293 2682 ”
2316 2651 2426 2706 ἐσθ’
2451 2653 2539 2707 ὅτε
2564 2652 2620 2706 δὲ
2646 2653 2782 2725 πρὸς
2811 2650 2987 2719 τούτῳ
3017 2648 3114 2702 κοιλ⁵
3138 2651 3195 2702 ὲν
3219 2647 3409 2710 αὑταῖς
3442 2647 3666 2717 όράσεσι
3716 2642 3722 2648 ”

2082 2745 2190 2799 τῶν
2218 2745 2510 2817 δρωμένων
2535 2728 2792 2814 ἐγίνοντο,
2825 2743 3011 2798 ἄλλοτε
3046 2740 3220 2804 ἄλλως
3240 2740 3424 2803 αὐτοῖς
3441 2739 3667 2809 διαμορ-

2084 2837 2312 2907 φοῦντος
2364 2838 2499 2892 Θεοῦ
2554 2839 2647 2893 καὶ
2714 2836 3193 2896 ἁποκαλύπτοντος
3252 2829 3668 2900 αἰνιγματωδῶς

2086 2931 2379 3001 μυστήρια.
2397 2930 2625 2992 Ἡσαΐας
2671 2929 2768 3000 μὲν
2821 2928 2932 2999 γὰρ
2982 2929 3008 2978 ό
3063 2925 3333 2996 μακάριος
3375 2918 3666 2975 τεθεᾶσθαι

2082 3036 2215 3090 φησι
2251 3019 2343 3071 τὸν
2383 3019 2586 3090 Κύριον
2625 3016 2909 3079 Σαὸὀαὼθ,
2944 3033 2962 3066 ι
2994 3014 3319 3083 Καοήμενον
3352 3010 3446 3063 ἐπὶ
3473 3008 3667 3079 θρόνου

2084 3111 2289 3183 ὑψηλοῦ
2324 3113 2417 3164 καὶ
2462 3111 2807 3181 ἐπηρμένου,
2858 3106 3296 3179 περιεστηκότων
3349 3102 3513 3157 αὑτὸν
3553 3098 3665 3154 τῶν

2083 3202 2351 3272 Σεραφὶμ,
2380 3200 2475 3254 καὶ
2518 3200 2907 3271 εὐφημούντων
2947 3196 3006 3262 ἐξ
3051 3194 3303 3267 ἀμοιϐῆς.
3338 3212 3356 3246 ι
3395 3194 3454 3246 '0
3500 3191 3557 3244 δέ
3601 3206 3666 3261 γε

400 3289 768 3354 ﬁrmamento,
801 3297 855 3345 et
898 3289 1002 3345 sub
1045 3282 1111 3345 ἕο
1145 3286 1853 3357 δθνοιιιιίιημΑΠΞιΊηοιᾳιιε
1894 3302 1981 3341 se-
2008 3267 2049 3322 (λ
2088 3267 2375 3356 θεσπέσιος
2407 3267 2675 3362 ’ῐεζεχιὴλ
2700 3290 2889 3362 θρόνον
2917 3286 3204 3342 τεθεᾶσθαι
3231 3302 3394 3355 φησιν
3425 3284 3519 3337 ἐπὶ
3548 3300 3669 3337 στε-

401 3381 619 3437 dentem
664 3396 829 3452 super
868 3383 1067 3436 throno
1114 3395 1173 3435 se
1216 3378 1493 3444 intuitum,
1527 3377 1699 3432 forma
1745 3377 1979 3447 gemina,

403 3472 716 3529 inferiorem
760 3472 976 3544 quidem
1020 3472 1136 3540 ejus
1180 3481 1410 3542 partem,
1478 3486 1508 3524 a
1567 3470 1764 3526 lumbis
1813 3484 1984 3539 usque

405 3566 687 3631 deorsum,
717 3566 894 3636 ignem
928 3563 1211 3629 evidenter
1239 3560 1565 3616 referentem
1598 3579 1612 3616 :
1645 3561 1982 3632 superiorem

405 3668 533 3712 vero
582 3655 867 3711 electrum.
916 3654 1046 3722 Quae
1102 3654 1308 3725 singula
1363 3665 1554 3709 exacte
1578 3654 1622 3684 “
1668 3662 1725 3708 et
1766 3653 1984 3723 copiose

402 3745 680 3816 explanari
718 3754 961 3815 possent,
995 3747 1039 3800 si
1080 3747 1166 3799 cui
1197 3761 1414 3810 causas,
1450 3744 1807 3813 quamobrem
1840 3744 1983 3800 Deus

403 3834 737 3890 multilarias
759 3837 999 3891 visiones
1020 3836 1101 3891 eis
1129 3836 1411 3899 obtulerit,
1447 3834 1685 3904 penitius
1721 3834 1983 3904 indagare

402 3924 616 3980 liberet.
661 3922 754 3980 Sic
800 3939 931 4005 ergo
980 3934 1035 3979 et
1087 3925 1276 3980 beatus
1311 3922 1604 3977 Zacharias
1648 3932 1882 3992 tempus,
1930 3932 1986 3977 et

402 4016 542 4083 dies,
579 4024 635 4072 et
663 4031 902 4072 mensem
926 4017 1212 4087 perSpicue
1234 4014 1565 4086 exprimens,
1593 4013 1886 4068 Dominum
1926 4029 1985 4069 se

404 4108 457 4162 in
504 4106 675 4163 forma
721 4118 906 4163 nostra
955 4108 1155 4164 vidisse
1200 4107 1509 4163 conﬁtetur.
1560 4108 1748 4177 Inquit
1792 4108 1980 4161 enim:

410 4219 429 4251 ι
464 4200 605 4255 Ecce
649 4202 753 4266 vir,
783 4200 873 4270 qui
923 4200 1249 4257 ascenderat
1282 4215 1444 4269 super
1477 4215 1676 4270 equum
1714 4199 1919 4255 rufum.
1958 4218 1977 4252 ι

400 4292 576 4365 659
601 4292 809 4361 Quibus
862 4292 1041 4349 verbis
1088 4294 1242 4364 quasi
1300 4293 1440 4348 bello
1501 4293 1863 4348 exercitatum
1931 4302 1986 4350 et

400 4386 657 4444 militaris
698 4384 999 4457 disciplinae
1033 4401 1138 4440 non
1180 4386 1427 4457 ignarum
1475 4386 1643 4442 tacite
1686 4385 1981 4455 significat.

403 4473 563 4541 Equo
602 4473 745 4529 enim
802 4474 1063 4539 insidere,
1119 4484 1173 4529 et
1219 4475 1436 4545 quidem
1486 4476 1627 4543 rufo,
1685 4487 1741 4531 et
1784 4476 1986 4531 coloris

402 4566 556 4635 quasi
596 4566 901 4639 sanguinei,
938 4568 1043 4623 tale
1086 4568 1214 4638 quid
1263 4570 1365 4623 sibi
1402 4569 1653 4637 deinceps
1690 4568 1825 4623 velle
1867 4570 1983 4639 api-

400 4672 524 4712 nor.
558 4656 767 4728 Pugnat
803 4661 949 4714 enim
1002 4661 1379 4715 universorum
1427 4658 1569 4713 Deus
1607 4668 1797 4714 contra
1848 4662 1985 4716 resi-
2018 4645 2061 4702 Ῑ)

401 4756 610 4803 stentes
642 4750 769 4815 sibi,
799 4760 853 4805 et
881 4762 1137 4821 tanquam
1180 4754 1350 4808 hostis
1390 4764 1578 4809 contra
1618 4757 1891 4824 rebellem,
1931 4766 1988 4813 et

403 4842 690 4911 superbam
725 4842 987 4899 adversus
1030 4860 1091 4900 se
1139 4848 1338 4901 mentis
1372 4848 1640 4904 cervicem
1683 4851 1983 4920 erigentes,

402 4950 554 4989 arma
613 4935 869 5005 capessit.
938 4936 1231 4993 Faciebant
1279 4939 1456 5007 istud,
1512 4949 1567 4996 et
1622 4940 1989 4998 audacissime

404 5028 684 5097 Israelita,
723 5028 964 5086 Judaiam
1024 5033 1307 5103 ipsamque
1354 5033 1785 5105 Hierosolymam
1834 5036 1989 5089 inco-

403 5124 580 5180 lentes
605 5143 619 5180 :
647 5126 775 5196 quin
794 5110 855 5180 ‘et
886 5127 1121 5197 regionis
1144 5126 1538 5183 Samaritarum
1564 5130 1848 5197 indigenae,
1876 5131 1984 5186 hoc

404 5224 508 5284 est,
543 5218 731 5276 decem
762 5219 955 5275 tribus.
988 5220 1392 5277 Descenderam
1423 5224 1566 5277 enim
1604 5224 1669 5277 ad
1698 5224 1981 5279 colendam

294 5363 318 5370 -
406 5312 631 5367 deorum
661 5314 1079 5379 multitudinem,
1111 5324 1168 5369 et
1197 5315 1526 5371 manufactis
1553 5316 1766 5370 divinos
1804 5316 1977 5371 hono-

403 5416 500 5457 res
545 5403 863 5474 tribuentes,
913 5407 1101 5464 vitulis
1141 5410 1325 5464 aureis
1368 5408 1743 5463 aeclantabant
1784 5427 1798 5463 :
1838 5427 1856 5459 ι
1886 5406 1978 5464 Isti

405 5504 533 5549 sunt
559 5496 631 5551 dii
669 5499 743 5553 tui
780 5499 964 5566 Israel,
1002 5501 1092 5571 qui
1121 5502 1423 5557 eduxerunt
1460 5510 1511 5556 te
1552 5502 1617 5556 de
1646 5510 1788 5556 terra
1810 5501 1981 5573 Egy-

405 5585 588 5654 ιιιί¹³;
626 5607 648 5641 ι
685 5598 741 5644 et
775 5591 995 5661 insuper
1026 5594 1363 5664 ΔΙρςςίδὶιιιοι-ἰε
1400 5596 1853 5667 praeceptionibus
1893 5613 1980 5650 sa-

408 5679 520 5735 cris
565 5682 792 5738 omnino
829 5691 1177 5757 contemptis,
1239 5704 1355 5758 quo.
1397 5705 1670 5761 quemque
1711 5689 1980 5759 cupiditas

2090 3383 2391 3455 ρεώματος,
2435 3383 2809 3453 ὑποκειμένων
2856 3382 2964 3435 τῶν
3002 3378 3429 3451 Σεραφίμ.’¹Εφη
3477 3376 3556 3441 δὲ,
3585 3377 3668 3429 ὅτι

2085 3477 2176 3531 τὸν
2207 3476 2300 3529 ἐπὶ
2323 3476 2510 3547 θρόνου
2540 3475 2849 3547 καθήμενον
2881 3472 3092 3544 ἑώρακε
3119 3470 3394 3542 διφυᾶ,ὡς
3424 3468 3494 3522 τὰ
3518 3471 3671 3523 κάτω

2090 3569 2190 3639 μὲν
2232 3569 2339 3622 ἀπὸ
2380 3568 2580 3638 ὀσφύος
2623 3571 2680 3622 ὲν
2728 3568 2857 3621 εἴδει
2890 3566 3061 3637 πυρὸς
3104 3564 3331 3637 ὁρᾶσθαι
3375 3562 3581 3632 σαφῶς,
3611 3563 3671 3615 ὲν

2086 3662 2274 3734 ὁράσει
2298 3661 2355 3715 δὲ
2387 3660 2654 3732 ἠλέκτρου
2700 3660 2769 3713 τὰ
2814 3659 2945 3713 ἄνω.
2982 3657 3091 3711 Καὶ
3141 3655 3306 3726 βαθὺς
3336 3654 3402 3709 ἂν
3433 3653 3667 3722 γένοιτο,

2086 3756 2184 3810 καὶ
2212 3754 2421 3826 μακρὸς
2448 3756 2475 3808 6
2511 3754 2595 3821 ἐφ’
2635 3751 2850 3822 ἑκάστῳ
2878 3750 3054 3819 λόγος,
3076 3749 3234 3818 εἴπερ
3261 3746 3431 3799 ἓλοιτό
3456 3762 3540 3808 τις
3570 3760 3671 3796 πο-

2087 3847 2491 3919 λυπραγμονεῖν
2540 3845 2637 3907 τὰς
2682 3843 2861 3908 αἰτίας
2910 3842 3005 3895 τοῦ
3064 3839 3360 3902 πολυειδεῖς
3418 3837 3670 3907 γενέσθαι

2090 3938 2241 4005 παρὰ
2274 3936 2407 3988 Θεοῦ
2437 3935 2536 3998 τὰς
2572 3935 2789 4005 ὁράσεις
2816 3935 3020 3995 αὐτοῖς,
3055 3930 3212 3984 Οὕτω
3256 3927 3545 3997 τοιγαροῦν
3576 3925 3670 3979 καὶ

2089 4029 2117 4080 6
2145 4026 2412 4097 μακάριος
2439 4023 2715 4094 Ζαχαρίας
2738 4020 2948 4095 καιρὸν,
2981 4019 3076 4072 καὶ
3103 4016 3337 4089 ἡμέρας,
3372 4013 3467 4066 καὶ
3525 4012 3670 4083 μῆνα

2090 4119 2275 4188 σαφῶς
2316 4117 2673 4187 ὁρισάμενος,
2707 4111 2996 4167 τεθεᾶσθαι
3042 4126 3175 4181 φησι
3223 4108 3313 4162 τὸν
3359 4104 3565 4176 Κύριον
3615 4106 3672 4157 ὲν

2090 4212 2219 4265 εἴδει
2250 4209 2328 4281 τῷ
2361 4208 2483 4264 καθ’
2515 4209 2683 4279 ἡμᾶς.
2724 4224 2742 4259 ι
2766 4206 2897 4259 Ἰδοὺ
2926 4203 3037 4274 γὰρ
3066 4202 3226 4273 ἀνὴρ,
3259 4199 3443 4271 φησὶν,
3488 4196 3673 4251 ἐπιϐε-

2091 4303 2277 4375 6ηκὼς
2312 4302 2397 4372 ἐφ’
2431 4302 2596 4354 ἵππον
2627 4299 2855 4372 πυρρόν.
2893 4317 2910 4350 ι
2950 4296 3257 4350 Λίνίττεται
3283 4293 3338 4346 δὲ
3368 4292 3454 4344 διὰ
3477 4290 3668 4343 τούτου

2091 4395 2182 4448 τὸν
2216 4393 2498 4456 οἱονείπως
2544 4390 3018 4462 ὲμπειροπόλεμον
3042 4386 3147 4441 ’καὶ
3190 4384 3366 4437 εἰδότα
3393 4381 3459 4433 τὰ
3484 4396 3672 4432 τακτι-

2092 4487 2182 4542 κά.
2214 4487 2286 4539 Τὸ
2315 4485 2424 4555 γὰρ
2454 4486 2606 4555 ῒππῳ
2651 4484 2749 4554 μὲν
2791 4481 3064 4550 ὲφιζῆσαι,
3096 4478 3190 4531 καὶ
3233 4474 3407 4543 τούτῳ
3452 4468 3668 4542 πυρρῷ,

2094 4581 2188 4634 καὶ
2235 4580 2332 4649 τὴν
2375 4575 2487 4631 οἷον
2539 4576 2598 4640 ἐξ
2642 4577 2869 4645 αἵματος
2898 4572 3073 4641 ἔχοντι
3106 4566 3318 4638 χροιὰν,
3344 4562 3581 4617 τοιοῦτόν
3615 4578 3669 4613 τι

2091 4670 2243 4743 οἶμαι
2276 4689 2376 4723 που
2410 4669 2697 4740 σημαίνειν
2722 4665 2924 4718 λοιπόν.
2958 4664 3206 4731 Μάχεται
3229 4658 3335 4728 γὰρ
3355 4659 3383 4710 6
3404 4655 3511 4709 τῶν
3533 4655 3670 4709 ὅλων

2090 4766 2223 4828 Θεὸς
2270 4767 2381 4827 τοῖς
2432 4760 2814 4828 ἁντεξάγουσιν
2846 4754 3016 4825 αὐτῷ,
3048 4755 3143 4806 καὶ
3174 4746 3263 4804 οἷά
3291 4768 3374 4813 τις
3409 4748 3673 4819 πολέμιος

2091 4853 2475 4917 ἀνθοπὶλζεται
2513 4853 2621 4913 τοῖς
2643 4846 2841 4916 ἀπειθῆ
2869 4846 2962 4899 καὶ
2986 4843 3264 4915 ἀγέρωχον
3287 4840 3671 4894 άντανιστᾶσιν

2092 4945 2240 5018 αύτῷ
2274 4946 2364 5000 τὸν
2398 4944 2496 5014 τῆς
2539 4940 2776 5004 διανοίας
2806 4935 3249 5010 αύχένα.Ἔδρων
3273 4934 3331 4986 δὲ
3369 4932 3545 4998 τοῦτο,
3579 4932 3672 4983 καὶ

2098 5036 2242 5109 μάλα
2269 5035 2553 5097 νεανικῶς,
2582 5034 2631 5086 οἱ
2662 5031 2721 5096 ἐξ
2742 5030 2969 5101 αἵματος
2990 5025 3225 5097 Ἰσραὴλ,
3254 5023 3306 5077 οἴ
3329 5041 3388 5076 τε
3420 5022 3516 5091 τὴν
3541 5021 3672 5073 Ἰου-

2094 5131 2249 5183 δαίαν
2299 5128 2393 5181 καὶ
2435 5126 2604 5196 αὐτὴν
2650 5122 2928 5184 οἰκοῦντες
2975 5119 3074 5190 τὴν
3130 5115 3524 5189 Ἰερουσαλήμ⁸
3576 5111 3672 5164 καὶ

2097 5223 2203 5295 μὴν
2228 5223 2321 5277 καὶ
2346 5221 2395 5274 οἱ
2421 5220 2518 5291 τὴν
2540 5216 2895 5288 Σαμαρειτῶν
2915 5213 3098 5285 χώραν
3119 5212 3351 5283 ἔχοντες,
3369 5205 3671 5271 τουτέστιν,
3745 5271 3754 5281 ο

2093 5320 2148 5371 αἱ
2200 5318 2331 5371 δέκα
2379 5311 2912 5387 φυλαί.Ἐτράποντο
2959 5307 3069 5379 γὰρ
3113 5308 3192 5367 είς
3238 5300 3549 5363 πολυθεῒαν,
3579 5296 3672 5351 καὶ

2092 5413 2204 5473 τοῖς
2233 5407 2618 5479 χειροκμήτοις
2665 5403 2727 5458 τδ
2778 5401 2941 5464 σέῧας
2986 5401 3333 5457 ἀνάπτοντες,
3364 5390 3674 5460 ἐπεφώνουν

2096 5504 2212 5565 ταῖς
2258 5497 2517 5569 δαμάλεσι
2563 5498 2683 5560 ταῖς
2733 5496 2990 5567 χρυσαῖς·
3052 5509 3069 5541 ι
3100 5485 3258 5542 Οὗτοι
3311 5486 3360 5537 oi
3409 5483 3521 5536 θεοί
3572 5499 3673 5542 σοι,

2108 5592 2347 5665 Ἰσραὴλ,
2376 5592 2571 5654 οἵτινες
2631 5588 2910 5661 ἀνήγαγόν
2960 5601 3018 5638 σε
3066 5584 3130 5635 ὲκ
3175 5580 3276 5649 γῆς
3318 5576 3616 5645 Αἰγύπτου,
3648 5591 3667 5623 ι

2098 5689 2191 5741 καὶ
2218 5686 2355 5757 πρός
2386 5702 2446 5753 γε
2467 5684 2531 5755 δὴ
2560 5682 2770 5746 τούτοις
2800 5679 2907 5734 τῶν
2935 5676 3029 5731 τοῦ
3062 5672 3352 5747 νομοθέτου
3377 5665 3656 5737 θεσπισμά

487 5851 525 5885 ’⁸
564 5858 662 5917 lsa.
706 5876 779 5929 vn,
814 5861 859 5916 ί.
942 5864 985 5893 ’³
1018 5863 1212 5922 Ezecb.
1244 5883 1279 5933 I,
1314 5868 1336 5921 τί
1378 5884 1531 5940 seqq.
1613 5870 1651 5901 ¹³
1681 5870 1848 5928 Exod.
1882 5884 1958 5936 ut,

2110 5866 2173 5925 ιιι
2206 5868 2333 5940 Reg.
2371 5842 2592 5934 xu,~28.
