4092 6202
480 403 552 455 25
1467 400 1521 455 S.
1562 400 1830 456 CYRILLI
1869 398 2336 456 ALEXANDRINI
2372 399 2689 455 ARCHIEP.
3651 410 3723 464 24

482 514 753 584 parabolae
794 516 1136 586 evangelicte.
1178 517 1268 571 Ait
1296 518 1439 571 enim
1470 516 1664 573 alicubi
1696 518 1946 574 Christus
1981 520 2044 572 de

2149 518 2306 589 λικῆς
2348 518 2662 589 παραῶλῆς
2695 518 3155 590 ήδύναμις.Ἔφη
3202 519 3312 593 γάρ
3353 538 3455 575 που
3491 523 3728 595 Χριστὸς

482 615 752 677 synagoga
803 606 1132 677 Iudaeorum,
1187 610 1287 664 sub
1338 611 1615 666 involucro
1668 611 1744 665 illi
1793 624 2044 667 eventura

2160 609 2289 680 περὶ
2322 610 2421 679 τῆς
2452 608 2558 662 τῶν
2585 609 2851 662 Ἰουδαίων
2884 612 3224 681 συναγωγῆς,
3260 612 3321 665 τὸ
3367 614 3556 684 μέλλον
3587 616 3726 685 αὑτῇ

482 711 901 767 prtemonstrans
930 717 945 755 :
981 718 999 751 ι
1028 701 1216 755 Ficum
1250 701 1478 757 habebat
1504 703 1722 772 quidam
1753 703 2044 773 plantalam

2161 699 2535 769 συμϐήσεσθαι
2565 701 2990 769 προαναδεικνὺς
3015 703 3427 772 αἰνιγματωδῶς
3448 722 3461 734 ·
3504 724 3521 755 ι
3548 706 3729 773 Συκῆν

485 788 536 843 in
566 803 697 859 agro
747 805 846 845 suo
871 792 937 847 ".
974 811 993 844 ι
1034 792 1204 859 Quam
1241 802 1299 847 ut
1328 794 1566 849 sterilem
1599 795 1916 851 exscindere
1957 812 2056 851 vo-

484 881 615 944 luit,
669 881 829 950 idque
890 883 1087 938 cultori
1150 888 1322 940 vineae
1374 886 1691 941 mandavit:
1734 904 1753 938 ι
1787 886 2019 942 Exscind

484 901 615 944 iuit,
669 901 829 950 utque
890 901 1087 938 cuuort
1150 901 1322 940 Vineae
1374 901 1649 940 manuavut
1677 905 1691 941 :
1734 904 1753 938 ι
1787 901 2018 942 ιχεειιια

484 969 651 1035 illam,
676 972 851 1041 inquit
878 991 891 1026 :
926 982 983 1027 ut
1016 974 1149 1043 quid
1175 975 1350 1030 adhuc
1383 983 1584 1029 terram
1616 976 1879 1045 occupat?
1913 901 2069 1028 Tuti

481 1065 660 1118 cultor
694 1083 706 1117 :
744 1066 985 1129 Domine,
1008 1067 1124 1122 sine
1161 1068 1306 1122 illam
1346 1069 1509 1122 etiam
1546 1068 1650 1123 hoc
1680 1082 1843 1132 anno,
1879 1082 2052 1136 usque

482 1158 611 1212 dum
650 1157 845 1212 fodiam
895 1160 1038 1214 circa
1090 1160 1259 1225 illam,
1303 1168 1356 1215 et
1404 1161 1614 1214 mittam
1670 1170 1913 1214 stercora
1948 1176 1962 1212 :
1996 1166 2052 1213 et

481 1241 713 1302 fortasse
759 1247 953 1303 fecerit
1001 1248 1235 1303 fructum
1288 1248 1341 1303 in
1377 1256 1657 1319 posterum
1708 1265 1720 1301 :
1768 1248 1814 1303 si
1849 1249 2048 1311 minus,

479 1340 763 1395 exscindes
808 1354 925 1393 eam
954 1339 1021 1392 ’⁸.
1059 1358 1077 1391 ι
1109 1338 1246 1405 Quid
1292 1340 1435 1396 enim
1481 1340 1623 1395 aliud
1669 1339 1822 1395 nobis
1866 1339 1919 1393 in
1963 1338 2050 1393 his

482 1446 711 1497 persona
767 1432 1013 1488 vinitoris
1063 1432 1327 1498 insinuat,
1372 1433 1476 1489 nisi
1517 1431 1831 1503 praelectum
1877 1446 2049 1502 ange-

480 1525 612 1590 lum,
643 1533 699 1580 et
748 1525 816 1580 ad
864 1525 1058 1595 ipsam,
1110 1535 1169 1580 ut
1210 1524 1345 1590 dixi,
1391 1525 1741 1582 erudiendam
1781 1526 2049 1580 constitu-

479 1618 639 1671 tum?
685 1616 851 1687 Igitur
906 1617 1014 1673 Deo
1053 1618 1415 1689 captivitatem
1459 1633 1602 1674 anno
1653 1618 2049 1689 septuagesimo

478 1711 980 1778 circumscribente,
1019 1720 1145 1765 ante
1178 1711 1231 1766 id
1277 1720 1486 1781 tempus
1516 1711 1748 1775 finitum,
1780 1710 2052 1765 silendum

479 1797 579 1854 fuit
609 1801 936 1867 necessario,
976 1816 1044 1856 ne
1071 1800 1367 1856 Dominicis
1400 1802 1619 1857 nutibus
1663 1801 1938 1856 adversari
1967 1801 2051 1855 vi-

2158 786 2269 859 εἶχέ
2310 806 2393 853 τις
2427 790 2838 861 πεφυτευμένην
2870 792 2928 844 ἑν
2956 791 3031 861 τῷ
3058 792 3211 863 ἀγρῷ
3232 792 3419 847 αὑτοῦ.
3451 813 3469 845 ι
3508 795 3726 865 Ἐπειδὴ

2157 882 2212 934 δὲ
2243 882 2487 950 ἄκαρπος
2518 878 2604 954 ἦν,
2633 884 2919 936 ἐκκόπτειν
2956 885 3123 954 αὐτὴν
3154 884 3333 955 ήθελε,
3360 888 3452 938 καὶ
3476 886 3540 957 δὴ
3568 885 3728 939 τοῦτο

2157 972 2286 1043 δρᾷν
2319 974 2534 1027 ἐκλευε
2556 974 2733 1042 λέγων
2754 974 2832 1044 τῷ
2875 974 3128 1044 γηπόνῳ·
3174 995 3190 1025 ι
3221 976 3489 1045 ’Έκκοψον
3534 977 3726 1047 αὐτὴν,

2160 1065 2245 1117 ἵνα
2274 1066 2327 1118 τί
2353 1065 2445 1119 καὶ
2466 1065 2561 1137 τήν
2590 1068 2692 1136 γῆν
2716 1070 3017 1138 καταργεῖ;
3061 1068 3118 1120 '0
3140 1067 3196 1120 δὲ
3220 1068 3354 1138 πρὸς
3382 1067 3537 1121 τοῦτό
3556 1083 3722 1138 φησι*

2158 1158 2351 1229 Κύριε,
2381 1159 2514 1227 ἄφες
2547 1158 2714 1229 αὐτὴν
2749 1160 2841 1213 καὶ
2867 1160 3023 1212 τοῦτο
3057 1160 3116 1212 τὸ
3147 1159 3282 1224 ἔτος,
3312 1161 3416 1223 ἑως
3445 1159 3511 1212 ἂν
3536 1159 3727 1228 σκάψω

2159 1248 2288 1320 περὶ
2308 1249 2497 1319 αὐτὴν,
2519 1249 2612 1301 καλ⁵
2637 1248 2813 1318 βάλλω
2837 1250 3040 1321 κόπρια
3064 1267 3079 1281 ·
3107 1250 3209 1303 κᾶν
3240 1251 3339 1321 μὲν
3366 1251 3567 1322 ποιήσῃ
3592 1267 3729 1319 καρ-

2158 1339 2259 1393 πὸν
2281 1342 2360 1403 εἰς
2387 1340 2447 1393 τὸ
2474 1340 2665 1410 μέλλον
2690 1357 2703 1371 ’
2733 1341 2780 1393 εί
2806 1341 2861 1393 δὲ
2892 1343 2966 1411 μή
2996 1359 3082 1410 γε,
3115 1342 3370 1411 ἐκκόψεις
3401 1344 3591 1412 αὐτήν.
3617 1362 3635 1394 ι
3662 1343 3727 1395 'l‘i

2157 1433 2264 1503 γὰρ
2290 1433 2473 1503 ἕτερον
2495 1434 2625 1502 ἡμῖν
2654 1434 2712 1485 ἑν
2733 1432 2943 1496 τούτοις
2966 1432 3025 1485 τὸ
3056 1433 3147 1487 τοῦ
3174 1435 3413 1504 γηπόνου
3439 1434 3727 1505 πρόσωπον

2156 1522 2547 1587 ὑπαινίττεται,
2570 1522 2708 1594 πλὴν
2739 1524 2818 1576 ὅτι
2841 1523 2899 1576 τὸ
2920 1522 3014 1576 τοῦ
3040 1523 3438 1595 προεστηκότος
3472 1522 3725 1591 ἀγγέλου,

2156 1615 2250 1667 καὶ
2291 1614 2656 1684 παιδαγωγεῖν
2695 1614 2882 1685 αὐτὴν,
2912 1615 2987 1679 ὡς
3017 1615 3172 1686 ἔφην,
3210 1615 3725 1687 προστεταγμένους

2166 1706 2476 1777 ὀρίσαντος
2501 1704 2596 1760 οῦν
2620 1705 2716 1759 τοῦ
2741 1706 2875 1759 Θεοῦ
2906 1708 3004 1777 τῆς
3029 1706 3402 1777 αἰχμαλωσίας
3426 1706 3516 1759 τὸν
3537 1706 3728 1776 χρόνον

2156 1800 2235 1860 εἰς
2272 1797 2389 1861 ἔτος
2428 1798 2846 1869 ἑϐδομηκοστὸν,
2873 1797 3027 1852 οῦπω
3062 1798 3159 1868 μὲν
3186 1800 3265 1862 είς
3300 1798 3474 1867 πέρας
3501 1798 3727 1867 ἥκοντος

475 1890 719 1946 deretur.
765 1890 1034 1946 Caeterum
1086 1890 1241 1944 annis
1288 1890 1399 1957 jam
1463 1887 1793 1955 transactis,
1853 1903 2044 1959 preces

2146 1886 2240 1940 τοῦ
2272 1888 2487 1959 καιροῦ,
2520 1891 2734 1961 σιωπᾷν
2761 1885 2832 1959 ἦν
2858 1890 3171 1957 ἀναγκαῖον,
3200 1890 3276 1951 ὡς
3314 1888 3379 1942 ἂν
3427 1889 3501 1959 μὴ
3543 1887 3726 1957 δοκοίη

480 1981 657 2037 fundit
681 1981 1026 2053 suppliciter:
1045 1979 1465 2051 oll'ensionisque
1484 1982 1791 2051 suspicione
1812 1981 2044 2045 sublata,

476 2087 597 2128 cum
645 2074 783 2129 sciat
837 2071 1126 2127 Dominum
1174 2073 1389 2127 mentiri
1419 2074 1548 2141 :non
1596 2087 1775 2142 posse,
1837 2073 2047 2127 discere

476 2165 622 2234 cupit
648 2164 807 2236 661
841 2172 1019 2219 utrum
1061 2164 1185 2218 irati
1228 2165 1486 2229 vindicta,
1511 2164 1663 2232 juxta
1699 2173 1853 2220 vetus
1881 2166 2071 2237 bene-q

475 2256 733 2326 placitum
790 2256 845 2309 in
895 2269 1095 2309 annum
1154 2255 1611 2323 septuagesimum
1668 2255 2040 2318 extendenda,

474 2348 696 2419 perinde
724 2346 971 2410 cessarit,
1005 2346 1147 2401 sicut
1197 2360 1426 2415 peccare
1473 2346 1753 2411 desierint,
1795 2347 1885 2416 qui
1919 2361 2043 2416 pec-

474 2444 679 2500 cabant
712 2459 730 2498 :
760 2457 826 2497 an
867 2441 1007 2496 ultra
1038 2439 1213 2495 adhuc
1244 2439 1585 2509 proferenda,
1633 2440 1829 2494 additis
1852 2454 2043 2510 pecca-

475 2538 544 2592 tis
577 2535 751 2598 novis,
797 2542 853 2589 et
890 2531 1227 2602 proroganda
1259 2530 1436 2587 adhuc
1483 2530 1535 2585 in
1571 2530 1787 2597 longum
1823 2528 2043 2584 calami-

470 2639 577 2683 tas.
606 2627 814 2682 Idcirco
841 2626 915 2681 ait
942 2643 956 2679 :
996 2644 1014 2676 ‹
1049 2625 1338 2693 Quousque
1367 2637 1472 2678 non
1518 2622 1863 2677 misereberis
1887 2621 2044 2677 Jeru-

470 2721 677 2786 salem,
739 2727 795 2774 et
852 2718 1130 2774 civitatum
1192 2715 1344 2770 Judae
1400 2715 1761 2787 neglectarum
1809 2713 1923 2783 jam
1975 2713 2042 2769 ad

470 2827 670 2867 annum
708 2824 879 2879 usque
911 2806 1405 2880 septuagesimum?
1435 2827 1455 2857 ι

539 2981 802 3052 Quocirca
866 2995 962 3051 spe
991 2981 1131 3035 bona
1166 2989 1220 3036 et
1245 2980 1520 3049 explorata
1546 2988 1922 3034 sustentantur
1947 2979 2038 3046 qui

469 3076 636 3129 Deum
665 3073 866 3137 colunt,
889 3073 1032 3141 quod
1059 3072 1107 3127 si
1152 3071 1438 3139 contigerit
1477 3068 1750 3125 offendere
1773 3083 1834 3125 ex
1887 3070 2039 3124 infir-

470 3165 678 3230 mitate,
713 3178 833 3220 esse
862 3164 952 3233 qni
986 3162 1127 3233 apud
1166 3163 1335 3217 Deum
1370 3175 1468 3230 pro
1524 3161 1657 3229 ipsis
1710 3160 2036 3231 supplicent,

469 3270 574 3310 non
599 3254 843 3310 homines
873 3261 1100 3319 tantum,
1120 3252 1213 3307 sed
1243 3253 1405 3307 etiam
1424 3251 1566 3318 ipsos
1592 3259 1809 3307 sanctos
1826 3251 2044 3322 angelos

469 3345 560 3414 qui
593 3345 764 3399 Deum
791 3344 971 3399 mitem
1001 3352 1054 3398 et
1081 3342 1351 3412 placidum
1395 3342 1640 3409 reddant,
1676 3358 1771 3400 sua
1810 3342 2046 3411 puritate

467 3445 524 3490 et
574 3434 878 3489 innocentia
918 3434 1035 3504 ejus
1076 3432 1186 3487 iras
1242 3434 1515 3497 sedantes,
1580 3442 1637 3488 et
1679 3432 2042 3502 indignantem

461 3526 696 3595 judicem
722 3526 788 3580 ad
818 3524 1201 3595 ignoscendum
1221 3524 1618 3593 quodammodo
1641 3523 2042 3592 compellentes.

472 3616 669 3673 Verum
693 3626 801 3671 tum
822 3616 1036 3686 quidem
1061 3615 1284 3685 angelus
1317 3631 1415 3684 pro
1438 3624 1716 3687 synagoga
1737 3614 2041 3670 Judaeorum

468 3706 688 3776 supplex
723 3706 903 3762 ﬂebat.
937 3705 1046 3761 Nos
1083 3714 1263 3760 autem
1302 3707 1488 3761 lldeles
1529 3719 1584 3761 et
1631 3705 1949 3762 sanctiﬁcati
1978 3705 2043 3761 de

466 3807 667 3853 cretero
694 3797 746 3851 in
764 3797 975 3866 spiritu,
1000 3814 1018 3847 ι
1041 3800 1358 3851 advocatum
1390 3796 1648 3851 habemus
1668 3798 1806 3865 apud
1826 3797 2040 3850 Patrem

466 3870 652 3943 Jesum
675 3888 971 3956 Christum,
998 3896 1052 3943 et
1079 3889 1194 3959 ipse
1217 3896 1301 3944 est
1327 3888 1634 3958 propitiatio
1662 3904 1761 3958 pro
1809 3889 2042 3958 peccatis

468 3982 711 4039 nostris:
748 3996 848 4037 nec
876 3996 974 4052 pro
999 3981 1201 4037 nostris
1239 3988 1467 4045 tantum,
1495 3984 1588 4036 sed
1617 3990 1672 4036 et
1731 3995 1829 4049 pro
1879 3982 2042 4036 totius

468 4074 653 4130 mundi
685 4075 786 4129 “.s
822 4074 886 4129 Et
911 4082 969 4129 ut
1006 4073 1219 4129 divinus
1249 4073 1446 4128 Paulus
1473 4073 1732 4142 scriptum
1782 4073 2037 4143 reliquit:

470 4184 491 4219 ι
522 4166 697 4237 Ipsum
725 4167 901 4237 posuit
928 4167 1065 4221 Deus
1087 4165 1520 4235 propitiationem
1544 4180 1638 4235 per
1668 4165 1825 4221 fidem
1848 4166 1950 4233 “,t
1975 4166 2042 4221 li-

464 4257 741 4315 bet-autem
772 4274 800 4312 a
832 4259 1069 4329 peccatis
1097 4258 1161 4313 ad
1189 4258 1361 4327 ipsum
1398 4259 1736 4316 accedentes.

2069 3213 2112 3271 C

2149 1981 2499 2043 Δεσποτικοῖς
2533 1981 2848 2050 ἀντεξάγειν
2894 1980 3144 2051 νεύμασι.
3196 1980 3622 2052 Πεπερασμένου
3669 1978 3727 2031 δὲ

2148 2069 2250 2141 ήδη
2304 2069 2397 2123 τοῦ
2449 2072 2663 2142 καιροῦ,
2697 2075 2931 2127 ποιεῖται
2976 2071 3076 2135 τὰς
3122 2071 3301 2139 λιτὰς,
3352 2073 3446 2124 καὶ
3489 2071 3589 2141 τῆς
3631 2069 3725 2122 τοῦ

2148 2160 2509 2232 προσκρούειν
2538 2162 2771 2231 ὑποψίας
2803 2164 2870 2216 ἑκ
2901 2163 3069 2232 μέσον
3097 2161 3488 2232 γεγενημένης,
3521 2159 3724 2229 ἀψευδῆ

2144 2252 2201 2304 δὲ
2235 2252 2364 2306 ὄντα
2386 2252 2478 2305 τὸν
2504 2254 2781 2324 Δεσπότην
2816 2252 2990 2319 εἰδὼς,
3032 2254 3334 2323 ἀναμαθεῖν
3364 2254 3526 2316 ἀξιοῖ,
3563 2252 3725 2305 πότε-

2147 2361 2238 2413 ρον
2288 2345 2746 2416 συμπεπέρασται
2797 2346 2911 2408 τοῖς
2963 2345 3310 2416 ἡμαρτηκόσι
3357 2344 3426 2397 τὰ
3468 2343 3525 2409 ἐξ
3555 2343 3726 2413 ὀργῆς

2144 2436 2286 2489 κατά
2332 2437 2393 2489 τὸ
2441 2437 2609 2491 πάλαι
2644 2436 2833 2493 δοκοῦν
2878 2438 2963 2501 είς
3012 2437 3130 2501 ἑτος
3178 2438 3240 2491 τὸ
3283 2438 3680 2508 ἑϐδομηκοστόν
3706 2454 3721 2469 ·

2144 2527 2309 2597 ήγουν
2336 2526 2486 2580 ἔσται
2524 2545 2607 2593 τις
2638 2528 2802 2598 ἑτέρα
2829 2527 2992 2581 πάλιν
3012 2527 3309 2598 ἀνάϐλησις
3330 2526 3724 2597 προστεθειμέο

2143 2636 2248 2672 νων
2276 2616 2579 2690 ἁμαρτιῶν,
2612 2618 2705 2672 καὶ
2729 2620 2808 2682 εἱς
2833 2620 3007 2691 μῆκος
3028 2619 3109 2672 ἑτι
3139 2620 3208 2673 τὰ
3226 2620 3325 2690 τῆς
3350 2618 3724 2689 ταλαιπωρίας

2143 2711 2326 2776 αὐτοῖς
2357 2711 2676 2764 ἐκτείνεται.
2719 2710 2985 2782 Ταύτῃτώ
3019 2728 3217 2782 φησιν·
3261 2694 3436 2775 ιἚως
3484 2710 3628 2772 τίνος
3660 2708 3721 2761 ού

2147 2802 2221 2874 μὴ
2267 2803 2465 2875 ἑλεήσῃ
2510 2803 2608 2873 τὴν
2639 2803 2995 2874 Ἰερουσαλὴμ
3047 2805 3142 2855 καὶ
3183 2803 3283 2864 τὰς
3332 2804 3432 2870 τῆς
3463 2801 3723 2863 Ἰουδαίας

2143 2896 2326 2958 πόλεις
2344 2877 2803 2964 ὑπερεωραμένας
2825 2894 2925 2963 ήδη
2942 2893 3101 2946 τοῦτο
3120 2892 3511 2962 ἑϐδομηκοστὸν
3527 2892 3641 2955 ἔτος
3660 2910 3673 2956 ;
3698 2911 3716 2941 ›

2147 2987 2154 2993 “
2211 2982 2398 3065 Ἐλπὶς
2433 2977 2526 3035 οῦν
2562 2980 2670 3051 ἄρα
2702 2984 2815 3044 τοῖς
2850 2980 3160 3051 σεὸομὲνοις
3197 2981 3329 3034 Θεὸν
3358 2981 3590 3052 χρηστὴ,
3625 2982 3718 3033 καὶ

2140 3073 2240 3127 ούκ
2277 3073 2595 3145 ἀμφίϐολος,
2638 3074 2714 3136 ὡς
2735 3075 2783 3125 εί
2816 3073 2990 3145 δήπου
3036 3075 3248 3142 γένοιτο
3283 3072 3640 3143 προσκρούειν
3662 3068 3723 3137 ἑξ

2146 3164 2448 3230 ἀσθενείας,
2478 3165 2592 3218 ἀλλ’
2623 3159 2715 3217 οῦν
2746 3163 2929 3234 έχουσι
2958 3165 3108 3236 παρὰ
3131 3165 3248 3235 Θεῷ
3270 3165 3397 3228 τοὺς
3428 3164 3722 3235 λιπαροῦν-

2144 3272 2245 3317 τας
2293 3253 2431 3323 ὑπὲρ
2473 3253 2703 3319 ἑαυτῶν,
2730 3255 2832 3306 οὐκ
2875 3253 3194 3324 ἀνθρώπους
3242 3253 3422 3320 μόνον,
3454 3252 3590 3307 ἀλλά
3628 3256 3722 3308 καὶ

2144 3346 2340 3409 αὐτοὺς
2384 3345 2511 3409 τοὺς
2563 3345 2750 3414 ἁγίους
2796 3345 3081 3413 ἀγγέλους,
3130 3345 3179 3397 οἳ
3228 3346 3474 3416 προσηνῆ
3520 3362 3579 3398 τε
3625 3347 3722 3400 καὶ

2128 3437 2409 3508 μειλίχιον
2457 3436 2782 3489 ἀποτελοῦσι
2808 3434 2960 3500 Θεὸν,
2985 3438 3049 3506 τῇ
3090 3436 3195 3506 ἰδίᾳ
3224 3436 3556 3508 καθαρότητι
3590 3454 3722 3491 κατ-

2144 3528 2459 3592 ευνάζοντες
2491 3528 2589 3591 τὰς
2618 3528 2807 3602 ὀργὰς,
2842 3526 2937 3580 καὶ
2973 3527 3255 3592 οίονείπως
3283 3528 3719 3592 ἑκδυσωποῦντες

2144 3620 2482 3691 ἀσχάλλοντα
2510 3620 2600 3673 τὸν
2629 3620 2845 3691 κριτήν.
2863 3619 3021 3673 Ἀλλά
3043 3620 3164 3673 τότε
3194 3622 3291 3692 μὲν
3318 3621 3544 3688 ἄγγελος
3580 3620 3720 3691 ὑπὲρ

2142 3713 2244 3784 τῆς
2296 3713 2404 3766 τῶν
2433 3711 2704 3777 Ἰουδαίων
2750 3713 3070 3783 συναγωγῆς
3119 3715 3354 3767 ἐποιεῖτο
3397 3712 3495 3777 τὰς
3542 3713 3719 3776 λιτάς.

2153 3805 2345 3875 Ἡμεῖς
2377 3805 2456 3871 δὲ,
2492 3806 2540 3857 οἱ
2571 3805 3016 3868 πεπιστευκότες,
3054 3806 3147 3857 καὶ
3176 3803 3498 3874 ἡγιασμένοι
3532 3803 3718 3857 λοιπὸν

2142 3901 2201 3952 ἐν
2231 3898 2518 3967 πνεύματι,
2554 3917 2572 3948 ι
2603 3898 2960 3968 Παράκλητον
2994 3898 3187 3966 ἔχομεν
3217 3897 3353 3965 πρὸς
3382 3897 3473 3948 τὸν
3498 3896 3718 3964 Πατέρα

2155 3988 2363 4061 Ἰησοῦν
2411 3988 2663 4059 Χριστὸν,
2695 3988 2789 4040 καὶ¹
2837 3987 2998 4048 αὐτὸς
3031 3986 3257 4056 ἱλασμός
3288 3987 3404 4038 ἑστι
3442 3986 3569 4055 περὶ
3608 3984 3717 4038 τῶν

2143 4078 2424 4151 ἁμαρτιῶν
2458 4078 2645 4149 ἡμῶν
2701 4079 2762 4131 ού
2816 4077 2948 4149 περὶ
2980 4076 3088 4131 τῶν
3132 4076 3415 4147 ἡμετέρων
3445 4077 3500 4129 δὲ
3538 4076 3717 4145 μόνον.

2141 4172 2277 4227 ἀλλὰ
2304 4171 2432 4241 περὶ
2445 4171 2566 4224 ὅλου
2583 4169 2675 4223 τοῦ
2699 4170 2925 4239 κόσμου.
2952 4189 2970 4221 ι
2992 4170 3103 4223 Καὶ
3120 4169 3194 4231 ὡς
3225 4171 3252 4221 ὁ
3277 4168 3560 4231 θεσπέσιος
3581 4169 3719 4240 γρά-

2143 4279 2233 4331 φει
2282 4260 2531 4324 Παῦλος,
2588 4279 2607 4311 t
2635 4260 2807 4313 Αὑτὸν
2862 4260 3171 4330 ἱλαστήριον
3204 4260 3233 4312 ό
3278 4260 3410 4321 Θεὸς
3456 4258 3606 4311 ἑθετο
3632 4259 3718 4311 διά

2144 4355 2398 4421 πίστεως,
2438 4371 2456 4404 ι
2482 4352 2762 4423 ἁμαρτιῶν
2807 4352 3217 4407 ἀπαλλάττοντα
3243 4350 3367 4415 τοὺς
3396 4349 3717 4421 προσιόντας

2143 4445 2313 4499 αύτῶ.

537 4537 912 4596 νεκεΛὸ-ιό.
946 4535 1015 4589 Et
1076 4535 1342 4605 respondit
1383 4533 1638 4588 Dominus
1712 4533 2037 4600 omnipotens

2213 4538 2323 4593 Kal
2364 4538 2652 4608 ἀπεκρίθη
2682 4536 2898 4603 Κύριος
2931 4531 3349 4599 παντοκράτωρ
3378 4529 3457 4595 τῷ
3484 4530 3717 4599 ἀγγέλῳ

465 4634 649 4700 angelo
678 4631 769 4699 qui
800 4628 1110 4698 loquebatur
1144 4628 1202 4679 in
1230 4642 1332 4690 me,
1368 4625 1523 4679 verba
1568 4625 1724 4684 bona,
1756 4631 1805 4675 et
1843 4637 2042 4676 sermo-

467 4737 554 4773 nes
603 4721 999 4772 consolatorios.
1051 4716 1119 4769 Et
1164 4718 1298 4769 dixit
1343 4717 1412 4769 ad
1462 4731 1543 4768 me
1586 4714 1803 4784 angelus
1839 4714 1927 4782 qui
1963 4714 2041 4766 lo-

464 4810 721 4880 quebatur
744 4808 798 4861 in
825 4823 906 4862 me
933 4823 952 4861 :
969 4805 1178 4869 Clama,
1204 4807 1417 4859 dicens:
1444 4805 1573 4859 [huc
1611 4804 1737 4857 dicit
1788 4804 2038 4856 Dominus

467 4902 788 4969 omnipotens
819 4911 837 4951 :
872 4897 1051 4953 Zelavi
1097 4897 1414 4963 Jerusalem,
1447 4908 1494 4950 et
1528 4896 1653 4951 Sion
1692 4896 1802 4974 zelo
1829 4911 2037 4965 magno,

465 5003 513 5045 et
549 4993 627 5046 ire
655 5008 845 5062 magna
868 5008 962 5062 ego
982 4992 1184 5045 irascor
1211 5005 1366 5059 super
1394 5000 1564 5061 gentes
1589 4988 2039 5057 superimpositas.

468 5083 574 5136 l’ro
609 5098 671 5138 eo
689 5085 829 5154 quod
869 5099 961 5153 ego
1015 5084 1221 5152 quidem
1268 5084 1438 5136 iratus
1475 5098 1591 5136 sunt
1630 5083 1908 5145 modicum,
1941 5081 2041 5150 ipsi

466 5192 584 5229 vero
635 5175 793 5231 simul
849 5175 1194 5229 incubuerunt
1236 5174 1510 5227 immuta.

536 5364 651 5418 νη.
692 5366 833 5421 Vere
853 5364 1100 5429 dicimus,
1134 5364 1285 5434 juxta
1311 5379 1499 5419 vocem
1546 5361 1853 5423 Psallentis,
1884 5380 1903 5413 ι
1943 5360 2039 5415 Mi-

468 5458 702 5515 sericors
731 5466 785 5511 et
813 5462 1105 5512 miseratur
1160 5456 1418 5510 Dominus
1450 5454 1495 5486 ⁸⁸
1523 5472 1541 5505 ι
1571 5461 1631 5506 et
1690 5454 1805 5520 ipsa
1860 5467 2038 5506 rerum

468 5549 793 5622 experientia
833 5549 1029 5603 clamat
1063 5551 1135 5603 ita
1164 5563 1221 5603 se
1255 5549 1472 5609 habere,
1492 5559 1595 5598 non
1631 5544 1806 5597 aliter.
1836 5542 2037 5599 Obser-

471 5658 533 5697 va
565 5640 706 5698 enim
741 5641 1007 5709 quomodo
1027 5639 1292 5707 extemplo
1314 5636 1563 5693 exaudiat
1588 5649 1775 5703 preces
1814 5651 1911 5705 pro
1946 5652 2038 5691 ve-

551 5820 590 5854 "
626 5818 759 5877 Luc.
790 5832 909 5883 λιιι,
941 5816 990 5872 6.
1072 5815 1113 5847 ¹⁸
1152 5815 1279 5870 ibid.
1311 5812 1421 5867 7-9.
1504 5812 1543 5842 ”
1576 5808 1772 5868 Honn.
1810 5830 1866 5879 ll,
1910 5813 1955 5879 Ι,
1985 5813 2038 5866 2.

2138 4630 2219 4696 τῷ
2258 4629 2550 4683 λαλοῦντι
2593 4629 2663 4680 ἐν
2704 4624 2851 4694 ἐμοὶ,
2875 4624 3114 4691 ῥήματα
3145 4622 3319 4686 καλὰ,
3350 4620 3447 4674 καὶ
3491 4621 3715 4690 λόγους

2139 4718 2642 4786 παρακλητικούς.
2674 4713 2784 4768 Καὶ
2832 4714 2960 4766 εἷπε
3012 4711 3159 4780 πρός
3196 4727 3274 4778 με
3325 4713 3358 4763 ό
3403 4710 3655 4780 ἅγγελος
3683 4714 3716 4764 ὀ

2138 4809 2342 4864 λαλῶν
2380 4807 2451 4861 ἐν
2489 4806 2653 4876 ἐμοί’
2705 4802 3021 4871 Ἀνὰκραγε
3062 4801 3255 4870 λέγων
3278 4816 3291 4829 ⁸
3353 4801 3498 4855 Τάδε
3556 4801 3713 4870 λέγει

2140 4902 2353 4968 Κύριος
2389 4895 2841 4965 παντοκράτωρ’
2908 4892 3199 4958 Ἐζήλωκα
3241 4892 3357 4961 τὴν
3412 4893 3709 4963 Ἰερουσα-

2138 4995 2282 5060 λὴμ,
2298 4990 2394 5045 καὶ
2419 4990 2532 5058 τὴν
2543 4988 2694 5042 Σιὼν
2719 4986 2903 5054 ζῆλον
2910 4984 3119 5054 μέγαν,
3136 4984 3231 5039 καί
3248 4985 3436 5055 ὀργὴν
3443 4980 3711 5054 μεγάλην

2140 5082 2435 5152 ὀργίζομαι
2481 5080 2581 5133 ἐπὶ
2628 5080 2699 5132 τὰ
2738 5078 2883 5145 ἔθνη
2918 5076 2990 5129 τὰ
3020 5072 3710 5144 συνεπιτιθέμενα.Ἀνθ’

2138 5168 2224 5229 ὦν
2272 5173 2385 5243 ἐγὼ
2434 5170 2550 5241 μὲν
2593 5170 2891 5240 ὠργίσθην
2942 5170 3137 5238 ὀλίγα,
3169 5168 3334 5223 αὐτοὶ
3379 5164 3446 5217 δὲ
3482 5176 3711 5216 συνεπ-

2138 5264 2343 5319 έθεντο
2381 5265 2467 5328 εἰς
2501 5260 2676 5315 κακά.

2210 5356 2281 5409 Ζ’.
2326 5353 2549 5423 Ἀληθὲς
2601 5354 2796 5417 εἰπεῖν,
2829 5351 2911 5404 ὅτι
2963 5353 3103 5405 κατὰ
3136 5350 3233 5419 τὴν
3279 5344 3371 5398 τοῦ
3405 5344 3711 5409 Ψάλλοντος

2139 5448 2342 5518 φωνὴν,
2380 5466 2397 5497 ι
2430 5444 2741 5517 Οἰκτίρμων
2768 5444 2863 5498 καὶ
2911 5445 3157 5513 ἐλεήμων
3200 5441 3227 5491 ὁ
3280 5438 3506 5507 Κύριος,
3540 5456 3559 5490 ι
3617 5438 3713 5491 καὶ

2138 5542 2274 5611 αὑτὴ
2311 5541 2367 5594 δὲ
2400 5539 2509 5593 τῶν
2548 5538 2889 5611 πραγμάτων
2914 5540 2946 5607 ἡ
2977 5538 3137 5604 πεῖρα
3163 5532 3497 5603 διαδοήσειεν
3526 5530 3613 5593 ἂν,
3636 5531 3713 5595 ὼς

2134 5626 2238 5687 ὧδέ
2271 5650 2329 5686 τε
2380 5630 2513 5702 ἔχει,
2545 5632 2639 5685 καὶ
2674 5630 2770 5700 οὐχ
2807 5624 3226 5698 ἑτέρως.⁸Λθρει
3258 5622 3366 5695 γὰρ
3390 5624 3534 5688 ὅπως
3561 5623 3712 5694 δέχε-

2117 5814 2162 5847 ²⁰
2192 5812 2351 5869 Rom.
2382 5828 2460 5879 ιη,
2488 5810 2577 5864 25.
2655 5811 2695 5842 "
2730 5806 2871 5865 Psal.
2901 5820 2997 5871 cu,
3024 5804 3075 5859 8.
