4092 6202
456 442 528 496 97
1481 437 1540 491 S.
1581 433 1852 492 CYRJLL!
1891 431 2036 487 ΑΙ.ὶὲ

2140 428 2358 483 ῚΒΒΙΝΙ
2403 429 2724 507 ΑΙὶΟίΙΙίΞΡ.⁸
3628 426 3697 481 28

459 557 647 611 urbem
705 556 973 612 manibus
1034 555 1210 626 cingi,
1243 569 1307 610 ac
1344 556 1542 610 muniri
1595 553 2023 625 permittente".

2140 548 2532 618 ἀναδείμασθαι
2569 545 2990 616 προστάττοντος
3042 543 3131 596 τὸν
3175 544 3322 604 ναὸν,
3355 544 3595 611 ἐφιέντος
3643 564 3700 599 τε

514 725 761 790 Videmus
789 745 964 790 autem
1012 734 1176 789 Deum
1199 734 1482 801 aliquando
1507 742 1812 789 sanctorum
1847 732 2028 795 tidem,

459 837 512 882 et
537 825 924 880 adltaerentittm
945 826 1043 880 sibi
1064 827 1784 890 dilectionem,exercentem,
1804 824 2030 892 quibus-

461 919 582 971 dam
617 918 946 986 temporibus
990 917 1283 973 Ecclesium
1337 916 1799 986 persecutionibus
1853 915 2032 968 sinere

461 1013 741 1081 exagitari.
767 1011 1018 1067 Attamen
1049 1009 1393 1064 mediocriter
1432 1015 1679 1061 vexatam
1704 1005 1888 1060 statim
1919 1004 2030 1058 eri-

461 1120 605 1172 gere.
637 1105 852 1175 suisque
874 1102 1088 1156 auxiliis
1121 1101 1187 1156 de
1215 1100 1424 1166 integro
1455 1099 1814 1178 communire,
1843 1103 1896 1151 et
1939 1110 2033 1150 su-

462 1212 622 1266 perna
645 1195 813 1265 gratia
839 1195 1056 1248 domum
1079 1207 1230 1262 suam
1274 1206 1557 1247 exornare.
1598 1190 1711 1245 ltno
1748 1187 2036 1256 unusquis-

364 1334 371 1337 _.
463 1301 569 1355 que
622 1287 740 1354 pius
784 1293 840 1340 et
906 1285 1038 1339 urbs
1091 1275 1163 1340 ῒι
1217 1283 1472 1352 templum
1526 1281 1621 1337 Dei
1672 1286 1776 1336 est.
1827 1278 2036 1346 Saepius

461 1388 643 1432 autem
677 1379 957 1446 probatur,
998 1386 1051 1430 et
1071 1376 1276 1432 carnali
1329 1374 1624 1443 voluptate,
1675 1383 1729 1426 et
1766 1371 2035 1425 mundana

463 1469 820 1523 sollicitudine
842 1469 908 1522 ad
944 1466 1141 1538 ﬂagitia
1177 1467 1532 1530 irritantibus,
1553 1474 1609 1518 ut
1644 1463 1893 1534 patientis
1919 1460 2036 1514 ani-

463 1573 547 1611 ma
575 1557 786 1621 ardere,
813 1565 869 1612 et
905 1571 936 1611 a
965 1558 1154 1622 muris,
1187 1557 1302 1612 sive
1345 1554 1506 1610 tutela
1529 1556 1741 1611 deserta
1769 1554 2032 1608 videatur.

461 1650 660 1704 Verum
691 1643 982 1706 miserante
1008 1650 1137 1714 Deo,
1159 1658 1214 1704 et
1263 1659 1570 1704 sanctorum
1605 1634 1856 1716 precibus
1919 1657 2038 1699 sese

462 1740 530 1793 ad
558 1739 1021 1796 mansuetudinem
1065 1741 1404 1803 immutante,
1443 1753 1635 1792 rursus
1685 1734 1980 1798 aediﬁcatur
2011 1753 2032 1786 ι

462 1831 516 1882 in
549 1829 803 1896 templum
837 1837 1104 1893 sanctum,
1147 1827 1197 1880 in
1239 1825 1598 1880 habitaculum
1637 1825 1729 1879 Dei
1765 1825 1817 1878 in
1869 1824 2033 1893 spiri-

2081 660 2085 664 ·
2133 639 2224 691 καὶ
2246 637 2413 708 αὐτὴν
2440 640 2551 699 τοῖς
2582 637 2813 706 τείχεσιν
2836 636 3064 706 ὀχυροῦν
3091 635 3188 706 τὴν
3215 635 3386 687 πόλιν.

2212 727 2456 798 ὐρῶμεν
2502 726 2558 780 δὲ
2615 728 2700 779 ὅτι
2734 724 3118 796 διαγυμνάζων
3155 723 3266 777 ἐσθ’
3294 726 3382 776 ὅτε
3433 723 3562 786 Θεὸς
3596 723 3702 775 τῶν

2131 819 2300 888 ἁγίων
2343 819 2440 890 τὴν
2481 820 2682 884 πίστιν,
2715 820 2808 872 καὶ
2847 819 2954 871 τῶν
2984 817 3394 887 προσκειμένων
3423 815 3570 885 αὐτῷ
3605 816 3702 884 τὴν

2131 911 2429 980 ἀγάπησιν,
2455 911 2637 980 ἐφίησι
2682 910 2821 964 κατὰ
2870 910 3095 980 καιροὺς
3129 907 3417 961 διώκεσθαι
3462 907 3702 977 τὴνἚκ-

2133 1001 2381 1072 κλησίαν.
2412 1001 2550 1053 Ἀλλ’
2577 1001 2731 1068 ὀλίγα
2774 997 3048 1052 παθοῦσαν
3096 997 3257 1060 εὐθὺς
3301 997 3570 1066 ἀνίστησι,
3610 997 3703 1048 καὶ

2132 1083 2464 1163 ἀνατειχίζει
2508 1092 2668 1147 πάλιν
2713 1093 2832 1154 ταῖς
2875 1089 3235 1160 ἐπικουρίαις,
3263 1085 3357 1138 καὶ
3398 1087 3463 1155 τῇ
3499 1084 3704 1137 ἄνωθεν

2134 1185 2314 1255 χάριτι
2343 1185 2435 1238 τὸν
2468 1183 2597 1236 ἴδιον
2635 1179 2780 1235 οἷκον
2811 1180 3080 1249 στεφανοῖ.
3114 1175 3225 1228 Kal
3256 1174 3486 1235 ἕκαστος
3513 1171 3571 1224 δὲ
3597 1171 3704 1223 τῶν

2135 1273 2376 1328 εὐσεϐεῖν
2405 1272 2696 1344 ᾑρημένων
2728 1270 2822 1322 καὶ
2852 1269 3006 1331 πόλις
3035 1266 3171 1329 ἐστὶ,
3218 1264 3313 1317 καλ⁸
3360 1259 3505 1324 οἶκος
3546 1259 3702 1315 Θεοῦ.

2135 1365 2498 1436 Δοκιμὰξεται
2541 1364 2599 1418 δὲ
2640 1363 2918 1424 πολλάκις,
2950 1355 3405 1430 κατερεθιζούσης
3438 1351 3597 1407 αὐτὸν
3627 1353 3707 1414 εἰς

2135 1460 2464 1531 φαυλότητα,
2493 1458 2588 1511 καὶ¹
2631 1455 2897 1526 σαρκικῆς
2937 1452 3148 1522 ἡδονῆς,
3175 1448 3271 1502 καὶ
3314 1445 3582 1518 μερίμνης
3616 1459 3708 1495 κοο

2137 1551 2361 1623 σμικῆς,
2395 1550 2471 1613 ὡς
2505 1549 2682 1602 δοκεῖν
2715 1541 3107 1616 ἐμπεπρῆσθαι
3143 1558 3206 1594 τε
3232 1539 3325 1592 καὶ
3358 1534 3552 1606 τειχῶν
3589 1533 3709 1603 ἐρή-

2139 1661 2267 1717 μην,
2295 1645 2461 1717 ήγουν
2506 1641 2829 1710 ἀσφαλείας,
2869 1637 2966 1708 τὴν
2991 1635 3084 1690 τοῦ
3129 1632 3391 1694 παθόντος
3423 1629 3708 1717 ἀπομεῖναι

2134 1715 2332 1806 ψυχήνξ
2375 1733 2534 1788 Ἀλλά
2582 1731 3047 1800 κατοικτείροντος
3095 1724 3254 1788 Θεοῦ,
3300 1723 3394 1776 καὶ
3436 1722 3556 1782 ταῖς
3602 1715 3712 1770 τῶν

2136 1827 2308 1894 ἁγίων
2341 1826 2518 1888 λιταῖς
2544 1820 2969 1896 μετατιθεμένου
2995 1817 3130 1888 πρὸς
3160 1814 3220 1868 τδ
3252 1815 3479 1884 ἥμερον,
3511 1808 3714 1862 οἰκοδο-

464 1931 519 1973 tu
554 1919 654 1974 ¹³.›
683 1918 1023 1988 Depulsaque
1052 1918 1195 1971 omni
1239 1917 1580 1972 inttnunditia
1617 1917 1792 1970 denuo
1844 1915 2035 1968 maeni-

2149 1919 2326 1987 μεῖται
2370 1895 2553 1969 πάλιν
2587 1934 2604 1966 t
2635 1916 2712 1976 είς
2761 1912 2888 1965 ναὸν
2944 1909 3117 1977 ὄιγιον,
3168 1907 3246 1969 είς
3292 1901 3711 1970 κατοικητήριον

459 2011 563 2066 bus
581 2009 965 2074 commuttitur,
990 2019 1044 2064 et
1065 2009 1254 2064 civitas
1277 2009 1450 2078 magni
1473 2007 1636 2078 regis,
1660 2007 1760 2062 hoc
1775 2013 1858 2061 est
1889 2006 2045 2061 Chri-

461 2101 556 2168 sti,
593 2099 844 2156 eﬂicitur.

534 2277 697 2332 Vens.
728 2279 810 2331 Π.
839 2275 906 2330 Ει
936 2277 1070 2330 dixit
1105 2277 1173 2329 ad
1222 2291 1300 2329 me
1347 2275 1562 2345 angelus
1594 2275 1684 2343 qui
1737 2274 2044 2343 loquebatur

461 2368 516 2420 in
552 2382 672 2420 me:
703 2366 886 2419 Adhuc
946 2365 1140 2429 clama,
1180 2365 1395 2418 dicens:
1437 2363 1565 2417 Ilwc
1605 2363 1729 2416 dicit
1788 2361 2041 2416 Dominus

462 2460 786 2528 omnipotens
810 2475 829 2512 .'
854 2457 1040 2512 Adhuc
1091 2458 1454 2526 di/fundentur
1503 2456 1740 2511 civitates
1790 2456 1843 2508 in
1871 2453 2040 2520 bouis,

460 2558 512 2604 ct
539 2549 1165 2604 miserebitur-Dominus
1207 2550 1379 2602 adhuc
1413 2548 1565 2612 Sion,
1586 2557 1633 2602 et
1669 2545 1820 2617 eliget
1871 2546 2041 2600 adhuc

462 2640 782 2696 Jerusalem.
1312 2631 1322 2640 ’

537 2730 626 2785 IX.
661 2730 794 2786 Cum
835 2732 1277 2787 tluraretdiutius
1305 2730 1845 2802 captivitasJudmae,
1875 2736 1930 2783 et
1961 2727 2046 2780 ni-

463 2823 757 2880 hilominus
779 2823 1177 2877 Samaritarum
1208 2823 1370 2877 urbes
1389 2821 1443 2876 in
1462 2835 1664 2875 meram
1695 2819 2038 2874 solitudinem

463 2916 940 2972 convertebantur.
969 2913 1101 2966 Nam
1149 2923 1204 2968 et
1236 2913 1425 2969 domus
1465 2911 1950 2982 conﬂagraverant,
1982 2920 2040 2966 et

462 3023 594 3062 voce
624 3004 1009 3074 propemodum
1037 3005 1198 3058 missa
1225 3005 1634 3074 Babyloniorum
1661 3003 1922 3056 saevitiam
1947 3016 2040 3054 ac-

465 3098 728 3154 cusabant
765 3097 989 3166 ipsaque
1043 3096 1326 3153 civitatum
1358 3094 1565 3163 species
1610 3092 1932 3156 deformata,
1987 3099 2042 3145 et

464 3191 736 3244 destructa
769 3188 988 3243 omnino
1019 3185 1314 3241 visebatur.
1346 3183 1696 3238 Paucissitnis
1721 3192 1900 3238 autem
1960 3181 2040 3235 iu-

465 3279 626 3344 colis,
655 3280 827 3333 virum
876 3279 1161 3344 illustrem,
1195 3287 1287 3332 aut
1315 3275 1516 3344 alioqui
1546 3274 1807 3344 insignem
1831 3271 1939 3337 illic
1961 3272 2042 3326 vi-

466 3374 595 3428 dere
620 3386 724 3426 non
767 3380 885 3426 erat
915 3387 930 3425 :
962 3385 1134 3438 neque
1173 3367 1384 3439 aliquos
1425 3367 1590 3422 vitam
1617 3365 1881 3434 genialem
1921 3363 2031 3434 agi-

467 3472 664 3527 tantes,
692 3465 785 3518 sed
815 3471 1037 3517 Intestos
1061 3476 1250 3515 omnes
1271 3460 1410 3515 fame
1433 3467 1487 3513 et
1510 3457 1689 3527 inepia
1717 3457 2038 3510 laborantes.

465 3553 669 3610 Horum
717 3555 954 3609 omnium
1005 3552 1118 3608 lore
1175 3553 1332 3607 ﬁnem
1383 3551 1668 3620 promittit.
1725 3549 1816 3602 Ait
1849 3548 2036 3602 enim:

473 3663 495 3697 ι
535 3643 906 3700 llill’untlentur
931 3644 1179 3699 civitates
1212 3644 1263 3698 itt
1292 3643 1472 3707 bonis,
1504 3660 1522 3693 ι
1555 3641 1656 3695 hoc
1695 3647 1781 3696 est
1834 3639 1888 3693 in
1937 3653 2038 3692 an-

467 3736 616 3804 tiqua
647 3735 905 3789 felicitate
963 3733 1342 3798 versabantur,
1377 3735 1726 3801 adauctmque
1778 3735 2040 3787 bonorum

469 3824 701 3880 cumulis
743 3825 931 3878 facient
966 3824 1496 3892 innovabuut,atque
1542 3823 1609 3876 ad
1646 3831 1830 3891 optata
1867 3823 2042 3876 denuo

466 3926 856 3973 revertentum
880 3915 1218 3971 Miserebitur
1242 3915 1383 3970 enim
1418 3913 1674 3969 Dominus
1703 3913 1878 3968 adhuc
1912 3913 2038 3967 Sion

467 4019 522 4069 et
545 4007 704 4080 eliget
731 4008 904 4062 adhuc
926 4006 1243 4063 Jerusalem.
1279 4025 1298 4059 ι

535 4275 816 4346 Perpende
847 4289 1027 4345 porro,
1045 4288 1202 4343 quam
1234 4274 1522 4343 prudenter
1547 4271 1856 4339 pmpltetica
1885 4270 2036 4325 nobis

463 4369 724 4440 procedat
759 4369 950 4422 oratio.
1001 4367 1115 4420 Non
1167 4367 1307 4420 enim
1353 4363 1519 4434 664
1573 4363 1822 4418 universe
1865 4363 2033 4431 ipsum

463 4464 580 4517 lore
636 4459 1044 4516 misericordem
1093 4460 1338 4526 spondet,
1365 4472 1462 4512 nec
1516 4457 1566 4510 in
1617 4470 1776 4511 omne
1828 4465 2035 4524 tempus

2146 2007 2279 2062 Θεοῦ
2322 2010 2380 2061 ὲν
2429 2005 2716 2076 πνεύματι.
2749 2022 2767 2054 ι
2805 2000 2916 2056 Καὶ
2943 1999 3008 2070 δὴ
3037 1998 3257 2066 ἀπάσης
3301 1991 3714 2062 ἀπεληλαμένης

2146 2099 2508 2170 ἀκαθαρσίας,
2538 2095 2934 2164 ἀνατειχίζεται
2990 2087 3142 2160 παρὰ
3184 2084 3340 2150 θεοῦ,
3369 2084 3464 2138 καὶ
3507 2082 3715 2150 γίνεται

2146 2191 2299 2253 πόλις
2326 2189 2420 2242 τοῦ
2465 2187 2697 2257 μεγάλου
2731 2183 3014 2255 βασιλέως,
3043 2179 3283 2234 τουτέστι
3310 2173 3572 2246 Χριστοῦ.

2216 2281 2326 2334 Kal
2353 2276 2483 2332 εἷπε
2516 2279 2665 2345 πρός
2689 2293 2763 2345 με
2791 2278 2824 2328 ὀ
2853 2274 3106 2342 ἅγγελος
3152 2274 3184 2323 ό
3208 2264 3415 2322 ,λαλῶν
3445 2265 3515 2317 ἐν
3544 2262 3674 2331 ἐμοί
3696 2274 3716 2292 ·

2147 2374 2276 2426 Ἔτι
2307 2370 2628 2438 ἀνάκραγε.
2661 2366 2856 2434 λέγων
2877 2381 2893 2397 ·
2946 2361 3092 2416 Τάδε
3132 2360 3290 2428 λέγει
3323 2357 3540 2422 Κύριος
3569 2369 3719 2406 παν-

2142 2455 2439 2526 τοκράτωρ
2454 2476 2467 2489 ·
2490 2457 2618 2509 Ἔτι
2643 2451 3112 2522 διαχυθήο-ονται
3140 2448 3348 2510 πόλεις
3365 2445 3434 2497 ὲν
3453 2440 3714 2510 ἀγαθοῖς,

2142 2549 2238 2603 καὶ
2266 2547 2508 2616 ἐλεήσει
2539 2546 2754 2613 Κύριος
2783 2545 2870 2597 ἐτι
2896 2542 3008 2610 τὴν
3039 2539 3211 2603 Σιὼν,
3242 2536 3340 2590 καὶ
3367 2532 3611 2604 uiperae?
3630 2531 3718 2585 ἔτι

2141 2641 2258 2708 τὴν
2300 2636 2707 2706 Ἰερουσαλήμ.
3642 2617 3644 2620 ’

2211 2730 2290 2784 Θ’.
2332 2728 2754 2800 Παρατείνοντος
2781 2723 2874 2778 τοῦ
2897 2722 3090 2794 χρόνου
3115 2721 3212 2790 τῆς
3243 2715 3643 2790 αἰχμαλωσίας,
3663 2711 3719 2764 αι

2142 2824 2240 2893 τῆς
2274 2821 2532 2883 Ἰουδαίας
2572 2819 2756 2881 πόλεις
2788 2815 2940 2870 οὐδὲν
2975 2814 3037 2882 δὴ
3081 2808 3242 2882 ἦττον
3281 2808 3505 2862 καὶτῶν
3537 2807 3718 2893 Σαμα-

2145 2890 2340 2986 ρειτῶν
2381 2912 2738 2980 ὲξηρήμωντο
2785 2902 3081 2964 παντελῶς.
3126 2896 3278 2952 Οἷκοί
3323 2914 3382 2950 τε
3427 2896 3536 2986 γάρ
3579 2890 3720 2986 ἦσαν

2141 2981 2616 3072 έμπεπρησμένοι,
2642 2996 2736 3050 καὶ
2769 2991 3051 3066 μονονουχὶ
3077 2989 3175 3058 τῆς
3198 2983 3554 3040 Βαϐυλωνίων
3575 2981 3721 3049 ὠμό-

2141 3110 2300 3162 τητος
2325 3087 2818 3160 κατακεκραγότες,
2843 3084 2952 3138 -καὶ
2984 3081 3124 3135 αὐτὰ
3155 3080 3213 3134 δὲ
3255 3077 3322 3131 τὰ
3363 3075 3471 3128 τῶν
3513 3073 3719 3125 πόλεων

2147 3185 2421 3256 σχήματα,
2455 3176 2928 3250 κατηφανισμένα,
2961 3173 3055 3227 καὶ
3091 3166 3547 3238 ἀνατετραμμένα
3581 3181 3718 3216 παν-

2142 3273 2331 3335 τελῶς.
2367 3270 2758 3341 Εὐαριθμήτων
2784 3267 2841 3320 δὲ
2870 3263 3064 3335 κομιδῇ
3107 3259 3520 3320 κατοικούντων,
3552 3256 3721 3326 ἄνδρα

2147 3365 2243 3435 μὲν
2277 3365 2373 3416 οὐκ
2407 3359 2475 3432 ἦν
2504 3359 2773 3432 λαμπρὸν,
2810 3359 2844 3430 ἦ
2872 3358 2968 3410 καὶ
3019 3354 3220 3424 ἑτέρως
3274 3350 3544 3420 ἐπίσημον
3571 3349 3719 3410 ἰδεῖν,

2143 3457 2254 3510 ἀλλ’
2279 3456 2400 3509 οὐδὲ
2425 3458 2481 3509 ὲν
2509 3452 2775 3524 εὐπαθείᾳ
2795 3453 2952 3514 ὄντας
2980 3449 3150 3511 τινὰς,
3178 3447 3444 3515 κατηφεῖς
3466 3443 3523 3496 δὲ
3549 3443 3720 3495 ᾶπαν-

2142 3566 2261 3611 τας,
2298 3546 2442 3617 λιμῷ
2494 3546 2589 3600 καὶ
2618 3544 2780 3615 πενίᾳ
2806 3535 3523 3611 κατηχθεσμένους.Τούτων
3557 3534 3722 3586 ἀπάν-

2143 3658 2250 3694 των
2296 3636 2516 3690 έσεσθαι
2561 3635 2732 3705 πέρας
2783 3628 3196 3698 ἐπαγγέλλεται.
3244 3642 3263 3676 ι
3295 3621 3721 3691 Διαχυθήσονται

2143 3730 2270 3800 γὰρ,
2302 3727 2457 3798 φησὶ,
2492 3724 2675 3787 πόλεις
2719 3724 2778 3776 ὲν
2827 3719 3069 3788 ἀγαθοῖς,
3104 3735 3122 3768 ι
3171 3713 3444 3769 τουτέστιν
3497 3712 3554 3762 ὲν
3599 3710 3721 3770 ταῖς

2143 3821 2396 3891 ἀρχαίαις
2419 3815 2741 3888 εὐημερίαις
2767 3813 3000 3876 ἔσονται,
3033 3809 3126 3863 καὶ
3169 3804 3589 3877 παρακειμένων
3620 3800 3718 3854 αὐ-

2140 3916 2260 3973 ταῖς
2285 3911 2393 3962 τῶν
2417 3912 2495 3972 εἰς
2521 3907 2782 3976 ἀφθονίαν
2805 3903 3042 3972 ἀγαθῶν,
3073 3896 3432 3971 μεταϐαλοῦσι
3456 3895 3554 3964 τὴν
3575 3892 3716 3960 ὄψιν,

2141 4005 2233 4058 καὶ
2255 4000 2686 4073 ἀναδραμοῦνται
2719 3997 2878 4050 πάλιν
2906 3997 2963 4048 ἐν
2989 3997 3101 4056 τοῖς
3129 3994 3249 4045 κατ’
3270 3990 3456 4059 εὐχήν.
3495 4008 3512 4038 ι
3539 3987 3718 4056 Ἐλεή-

2143 4114 2222 4150 σει
2274 4096 2383 4164 γὰρ
2435 4095 2637 4164 Κύριος
2670 4090 2749 4142 ἔτι
2784 4090 2881 4159 τὴν
2910 4085 3071 4152 Σιὼν,
3101 4085 3192 4138 καὶ
3239 4083 3470 4153 αἱρετιεῖ
3512 4079 3591 4132 ἔτι
3621 4078 3719 4148 τὴν

2154 4187 2528 4259 Ἰερουσαλήμ.
2565 4203 2582 4236 ι
3202 4239 3204 4241 _

2214 4278 2404 4350 Ι’Λθρει
2451 4277 2508 4330 δὲ
2545 4277 2691 4337 ὅπως
2722 4273 2990 4342 εὐτέχνως
3022 4271 3152 4340 ἡμῖν
3185 4270 3212 4322 ὁ
3245 4268 3342 4336 τῆς
3383 4263 3717 4335 προφητείας

2139 4373 2356 4445 πρόεισι
2389 4371 2562 4437 λόγος.
2601 4368 2674 4420 Οὐ
2705 4366 2812 4437 γὰρ
2844 4367 2922 4428 είς
2956 4364 3100 4416 ἂπαν
3129 4358 3296 4428 αὐτὴν
3327 4356 3566 4424 ἐλεήσειν
3594 4370 3719 4405 κατ-

2141 4464 2560 4533 επαγγέλλεται,
2593 4459 2716 4513 οῦτε
2754 4457 2858 4529 μὴν
2888 4457 2964 4518 εἰς
3001 4454 3176 4506 πάντα
3211 4451 3400 4520 χρόνον
3428 4447 3713 4515 αἰρετιεῖνο

463 4559 785 4616 eiecturum,
808 4551 900 4606 sed
934 4551 1135 4614 adhuc,
1157 4549 1350 4618 inquit,
1385 4549 1623 4603 lenitatis
1656 4547 1822 4601 veluti
1881 4556 2024 4600 certa

2140 4559 2276 4620 me
2303 4557 2381 4621 τὸ,
2403 4556 2505 4620 ἔτι,
2523 4554 2674 4622 φησὶ,
2706 4546 3117 4620 μεμετρημένον
3132 4543 3322 4611 ῶσπερ
3350 4541 3438 4592 τὸν
3460 4540 3556 4632 τῆς
3582 4537 3718 4632 ἡμεῖ-

463 4658 718 4697 tuensura
745 4642 1021 4698 definitum
1070 4651 1280 4722 tempus
1338 4639 1678 4708 promittens.
1721 4637 1849 4690 Erat
1888 4639 2030 4690 enim

466 4742 588 4799 post
623 4733 737 4788 hace
759 4735 1056 4789 atrociores
1105 4733 1350 4788 subitura
1409 4731 1764 4792 calamitates,
1820 4739 2035 4797 propter

467 4822 646 4878 illatas
695 4824 912 4878 Christo
949 4825 1304 4879 contumelias
1349 4823 1724 4878 condemnata.
1767 4821 2032 4886 Quocirca

469 4916 598 4970 illud
633 4916 810 4970 adhuc
857 4917 1007 4985 quasi
1061 4915 1362 4970 dimensum
1419 4914 1762 4984 benignitatis
1825 4925 2036 4982 tempus

470 5008 742 5072 declarat,
766 5023 887 5062 cum
926 5006 1346 5062 comminatione
1387 5006 1595 5060 occulta
1632 5005 1729 5076 ipsi
1754 5016 2039 5061 cvcnturo-

467 5117 610 5168 rum,
653 5101 740 5156 ubi
769 5100 1012 5156 Christus
1037 5097 1284 5154 Salvator
1307 5107 1491 5154 noster
1523 5099 1818 5155 advenerit.

542 5279 702 5335 V't-ztts.
741 5275 956 5333 18-21.
997 5275 1060 5329 Et
1091 5275 1252 5329 levavi
1281 5275 1456 5329 oculos
1509 5292 1668 5342 meos,
1701 5285 1748 5329 et
1804 5275 1929 5338 vidi,
1984 5286 2035 5330 ct

472 5385 584 5423 ecce
616 5381 843 5439 quatuor
858 5386 1076 5424 cornua.
1111 5369 1176 5423 Et
1202 5370 1315 5422 dixi
1364 5370 1433 5422 ad
1461 5370 1700 5438 angelum
1749 5371 1837 5438 qui
1861 5367 2039 5438 loque-

475 5463 627 5512 batur
659 5460 714 5512 ia
740 5477 857 5516 me:
884 5462 1023 5526 Quid
1047 5469 1167 5515 sunt
1201 5460 1331 5525 lucc,
1377 5459 1590 5513 Domine
1615 5461 1640 5513 ?
1689 5458 1758 5512 Et
1791 5461 1925 5513 dixit
1969 5458 2039 5512 ad

480 5563 595 5603 me:
630 5547 755 5602 "(ac
788 5567 1004 5616 cornua,
1052 5570 1168 5620 qua:
1201 5554 1519 5620 dissiparant
1553 5552 1768 5617 Judam,
1790 5561 1836 5604 et
1875 5550 2042 5606 Israel

475 5651 522 5692 et
554 5636 867 5693 Ierusalem.
898 5641 965 5695 Et
1002 5646 1224 5698 ostendit
1259 5645 1382 5697 nti/ti
1427 5643 1681 5698 Dominus
1709 5653 1931 5712 quatuor
1959 5641 2040 5710 fn-

549 5821 589 5846 ”
625 5823 643 5878 l
672 5824 823 5881 Esdr.
859 5840 893 5892 I,
925 5824 976 5878 6.
1055 5827 1097 5857 ³³
1128 5826 1323 5895 ισέριιςε.
1350 5841 1411 5892 ιι,
1443 5826 1530 5882 2‘2.

2147 4655 2368 4726 ρότητος
2426 4647 2614 4716 χρόνον
2661 4640 3106 4708 ὑπισχνούμενος.
3138 4632 3370 4702 Ἔμελλε
3420 4629 3527 4699 γὰρ
3583 4626 3721 4698 μετά

2139 4721 2298 4798 τοῦτο
2327 4743 2438 4800 τοῖς
2471 4737 2550 4789 ἔτι
2576 4733 2814 4804 χείροσιν
2837 4729 3099 4782 ὲναλῶναι
3135 4726 3344 4786 κακοῖς,
3372 4721 3464 4773 ἐπὶ
3492 4722 3612 4782 ταῖς
3637 4722 3717 4780 εἰς

2140 4832 2373 4908 Χριστὸν
2427 4825 2734 4899 παροινίαις
2765 4818 3206 4888 κατεγνωσμένη.
3249 4815 3457 4869 Οὐκοῦν
3501 4813 3581 4879 τὺ,
3613 4813 3714 4871 ἔτι.

2146 4904 2562 4995 μεμετρημένον
2597 4915 2786 4984 ῶσπερ
2815 4912 2964 4983 δηλοῖ
2993 4909 3084 4962 τόν
3121 4909 3218 4976 τῆς
3241 4906 3576 4978 ἡμερότητος
3596 4904 3718 4974 χρό-

2143 5032 2254 5078 νον,
2285 5011 2515 5080 ἀπειλὴν
2559 5008 2751 5077 ἔχοντα
2790 5002 3084 5073 ἀσυμφανῆ
3131 5000 3240 5055 τῶν
3289 4996 3716 5070 συμϐησομένων

2145 5103 2282 5172 αὐτῇ
2318 5099 2460 5154 κατά
2492 5097 2616 5159 τούς
2648 5095 2869 5164 καιροὺς
2907 5091 3006 5161 τῆς
3030 5090 3122 5144 τοῦ
3147 5090 3396 5160 Σωτῆρος
3420 5085 3574 5157 ἡμῶν
3597 5085 3719 5138 ἐπι-

2147 5193 2210 5263 δη
2221 5192 2370 5262 μίας.

2211 5281 2318 5336 Kal
2350 5277 2464 5350 ἦρα
2497 5277 2639 5342 τοὺς
2691 5274 3042 5345 ὀφθαλμούς
3083 5291 3223 5343 μου,
3252 5271 3346 5325 καὶ
3396 5263 3580 5328 εἶδον,
3615 5265 3715 5319 καί

2145 5374 2274 5428 ἰδοὺ
2301 5372 2568 5438 τέσσαρα
2591 5367 2825 5437 κέρατα.
2856 5365 2964 5420 Καὶ
2992 5361 3132 5418 εἶπα
3159 5363 3306 5431 πρὸς
3333 5359 3438 5413 τόν
3456 5356 3715 5426 ἄγγελον

2141 5465 2250 5518 τὸν
2297 5462 2606 5518 λαλοῦντα
2651 5461 2720 5514 ἐν
2763 5460 2926 5528 ἐμοί·
2975 5457 3034 5512 Τί
3081 5457 3208 5508 ἐστι
3254 5451 3456 5513 ταῦτα,
3498 5449 3716 5515 Kt‘pts;

2143 5555 2252 5609 Kal
2281 5551 2409 5608 εἷπε
2442 5555 2588 5622 πρός
2615 5570 2691 5621 με
2710 5570 2722 5584 ·
2755 5551 2945 5607 Taﬁra
2975 5549 3045 5603 τὰ
3073 5546 3307 5613 κέρατα,
3336 5541 3406 5596 τὰ
3433 5539 3715 5605 διασκορ-

2145 5647 2406 5701 πίσαντιι
2456 5645 2560 5701 τὸν
2602 5644 2843 5700 Ἰούδαν.
2871 5641 2965 5696 καὶ
3017 5639 3121 5693 τὸν
3162 5633 3426 5704 Ἰσραὴλ,
3481 5631 3575 5687 καὶ
3617 5628 3716 5685 ἰε-
