4092 6202
321 458 396 514 29
1131 452 1677 512 COMMENTARIUS
1714 452 1782 509 ΙΝ
1823 452 2221 516 ZACliARlAM
2261 463 2695 527 PBOPllETAM.
3488 483 3579 536 50'

300 575 650 645 ρουσαλήμ.
682 572 797 663 Kal
837 572 1032 639 ἔδειξε
1057 573 1272 663 Κύριός
1312 591 1413 645 μοι
1457 575 1761 645 τέσσαρας
1791 575 1868 631 τέ-

1987 583 2125 647 bros,
2161 594 2207 638 et
2244 585 2358 640 dixi
2384 602 2403 639 :
2457 587 2598 654 Quid
2636 590 2723 644 isti
2770 592 2983 647 veniunt
3035 595 3204 663 facere
3226 595 3257 648 .’
3280 594 3342 650 Et
3378 599 3554 655 dixit:

312 684 554 736 κτονας,
596 668 694 721 καὶ
747 662 921 721 εἴπω
968 668 1031 721 Τί
1070 660 1233 722 οὗτοι
1274 666 1552 736 ἔρχονται
1596 666 1889 737 ποιῆσαι;

310 762 422 818 Kal
448 757 615 815 εἶπε*
664 757 857 814 Ταῦτα
892 757 965 812 τὰ
996 756 1214 825 κέρατα
1255 756 1327 811 τὰ
1368 757 1886 827 διασκορπίσαντα

307 850 419 905 τὸν
458 846 704 911 Ἰούδαν,
732 846 833 901 και
872 847 982 900 τὸν
1018 845 1263 916 Ἰσραὴλ
1304 848 1624 913 κατέαξαν,
1657 848 1754 902 καί
1783 851 1887 904 οὐ-

306 941 441 1009 δεὶς
478 939 683 995 αὐτῶν
717 934 827 1009 ἦρε
863 937 1155 1007 κεφαλήν.
1184 937 1293 993 Kal
1314 938 1689 1005 είσήλθοσαν
1720 935 1885 996 οὗτοι

307 1034 417 1090 τοῦ
458 1033 670 1098 ὀξῦναι
705 1030 856 1086 αὐτὰ
898 1032 987 1097 εἰς
1021 1030 1224 1101 χεῖρας
1255 1030 1474 1086 αὐτῶν.
1513 1031 1590 1087 Τὰ
1616 1032 1885 1102 τέσσαρα

304 1124 530 1193 κέρατα
562 1124 634 1179 τὰ
660 1123 826 1192 ἔθνη,
854 1122 926 1177 τὰ
951 1122 1401 1195 ἐπαιρο[ύ1μει·α
1439 1123 1616 1194 κέρας
1644 1125 1739 1181 ἐπὶ
1770 1127 1885 1196 τὴν

303 1213 429 1286 γῆν
454 1214 563 1268 τοῦ
585 1213 827 1282 Κυρίου,
848 1212 956 1268 τοῦ
989 1213 1417 1283 ὅιασκορπίσαι
1445 1215 1658 1285 αὑτήν.

373 1308 433 1361 ι’.
478 1304 596 1376 Ἐφ’
626 1305 818 1377 ἑτέραν
865 1306 1054 1378 ὅρασιν
1099 1305 1128 1360 6
1173 1307 1457 1379 προφήτης
1502 1307 1743 1379 ἔρχεται,
1790 1312 1882 1364 καὶ

301 1399 405 1452 οὐκ
436 1399 516 1462 είς
551 1398 791 1470 μακράν,
828 1392 915 1451 ῧια
963 1398 1037 1469 μὴ
1078 1397 1222 1470 λόγῳ
1261 1397 1406 1471 μόνῳ
1452 1401 1757 1456 παιδεύοιτο
1811 1403 1880 1458 τὰ

300 1491 541 1560 ἐσόμενα
560 1502 573 1517 ⁸
595 1486 729 1543 ἀλλὰ
757 1488 852 1542 καὶ
874 1488 1055 1542 αὐτῶν
1081 1488 1190 1545 τῶν
1219 1490 1647 1563 συμϐησομένων
1670 1496 1726 1549 ὲν
1750 1495 1882 1548 θεωο

306 1583 455 1651 piat;
502 1581 813 1651 γενόμενος,
843 1579 1059 1645 λεπτῶς
1100 1597 1160 1635 τε
1192 1583 1287 1637 καὶ
1317 1583 1561 1655 ἀκριϐῶς
1594 1586 1759 1658 εἰδείη
1810 1587 1879 1642 τά

301 1671 699 1745 σημαινόμενα.
733 1671 829 1735 Τίς
852 1667 946 1726 οὖν
978 1672 1084 1743 ἄρα
1110 1673 1259 1727 ἐστὶν
1290 1674 1318 1727 6
1343 1676 1441 1746 τῆς
1470 1676 1711 1746 ὁράσεως
1731 1676 1880 1741 νοῦς,

299 1766 377 1830 ὡς
412 1766 480 1820 ἂν
524 1758 635 1828 οἷός
660 1779 720 1818 τε
751 1755 815 1824 ὦ,
844 1763 1071 1817 διειπεϊν
1097 1763 1454 1836 πειράσομαι.
1486 1766 1559 1819 Τδ
1587 1766 1758 1838 κέρας
1789 1766 1876 1821 ἀεὶ

299 1856 457 1929 παρά
499 1859 566 1928 τῇ
613 1854 956 1927 θεοπνεύστῳ
992 1856 1183 1928 Γραφῇ
1209 1856 1544 1929 λαμϐάνεται
1574 1858 1672 1930 μὲν
1696 1861 1777 1925 εἰς
1800 1844 1876 1913 el-

297 1948 457 2011 κύνα,
489 1947 586 2000 καὶ
613 1944 961 2000 ὑποτύπωσιν
990 1944 1189 2017 ἰσχύος,
1221 1949 1387 2020 ἦγουν
1417 1947 1725 2019 βασιλείαςω
1761 1952 1876 2005 Κα-

294 2037 629 2109 τασημαίνει
651 2036 707 2091 δὲ
728 2036 1043 2101 πλειστάκις
1069 2040 1162 2091 καὶ
1188 2038 1506 2112 ὑπεροψίαν,
1534 2038 1609 2107 ὡς
1632 2041 1689 2095 ἔν
1713 2058 1777 2112 γε
1796 2041 1873 2113 τῷ

296 2129 469 2199 φάναι
496 2129 606 2183 τισὶ
651 2128 745 2183 τὴν
792 2128 1063 2202 μακάριον
1090 2128 1279 2184 Δαϐίδο
1321 2148 1340 2182 ι
1372 2127 1515 2185 Bina
1546 2134 1657 2196 τοῖς
1692 2150 1875 2204 παρα-

292 2221 557 2293 νομοῦσιο
608 2220 703 2292 Μὴ
752 2224 1136 2293 παρανομεϊτε·
1167 2223 1259 2277 καὶ
1307 2225 1420 2288 τοῖς
1459 2223 1876 2295 ἁμαρτάνουσι*

291 2313 391 2385 Μὴ
421 2311 619 2382 ὑψοῦτε
642 2308 867 2382 κέρας.»
892 2309 1098 2365 Ψάλλει
1116 2312 1174 2366 δέ
1197 2329 1299 2366 που
1327 2313 1421 2367 καὶ
1446 2313 1574 2386 περὶ
1601 2312 1865 2384 Χριστοῦ·

298 2427 322 2462 ε
353 2407 431 2462 T6
472 2406 640 2477 κέρας
677 2403 844 2459 αὐτοῦ
876 2402 1222 2475 ὑψωθήσεται
1250 2407 1309 2459 ἐν
1336 2404 1490 2477 δόξῃ,
1523 2425 1543 2459 ι
1591 2407 1877 2462 τουτέστιν

288 2496 328 2572 ἠ
362 2497 630 2570 βασιλεία,
659 2495 756 2551 καὶ
790 2497 826 2568 ἡ
855 2495 948 2550 τοῦ
980 2495 1275 2568 κατάρχειν
1310 2496 1416 2551 τῶν
1460 2496 1595 2553 ὅλων
1628 2498 1781 2569 ίσχύς
1810 2516 1870 2553 τε

288 2590 395 2645 καὶ
444 2588 675 2653 δξουσὶα.
706 2588 841 2661 Ὁρᾷ
884 2587 1173 2660 τοιγαροῦν
1221 2590 1250 2643 6
1306 2591 1590 2662 προφήτης
1628 2591 1869 2664 τέσσαρα

291 2681 537 2754 κέρατα,
561 2678 825 2735 τουτέστιν
848 2677 978 2751 ἔθνη
1016 2680 1277 2753 τέσσαρα,
1306 2680 1517 2752 σκληρά
1542 2699 1600 2735 τε
1646 2681 1741 2736 καὶ
1772 2682 1867 2736 άλ-

296 2771 613 2842 κιμὼτατα,
656 2772 831 2837 πόλεις
868 2788 929 2825 τε
977 2770 1113 2842 ὁμοῦ
1152 2772 1249 2825 καὶ
1298 2768 1480 2842 χώρας
1527 2770 1868 2841 ὲκκεραΐζειν

299 2863 539 2928 εὐκόλως
584 2863 871 2934 δυνάμενα.
906 2862 1015 2917 Καὶ
1060 2862 1111 2916 οἱ
1170 2862 1270 2931 μὲν
1322 2858 1462 2916 εἶναι
1505 2861 1680 2917 ταῦτά
1712 2876 1864 2931 φασι,

291 2957 395 3028 τήν
437 2973 495 3010 τε
520 2955 817 3026 ’Δσσυρίων
868 2953 1164 3024 βασιλείαν,
1197 2952 1290 3006 κα)⁸
1337 2952 1518 3025 μέντοι
1565 2953 1703 3028 πρὸς
1740 2953 1868 3025 τῇδε

282 3047 390 3117 τὴν
434 3045 542 3101 τῶν
586 3044 962 3112 Βαϐυλωνίων,
1014 3043 1108 3098 καὶ
1145 3042 1338 3115 τρίτην
1380 3044 1478 3114 τὴν
1515 3044 1862 3100 Μακεδόνων.

301 3137 570 3208 ’Δντίοχος
592 3136 702 3208 γὰρ
746 3136 775 3189 6
818 3134 1046 3206 ἐπίκλην
1074 3133 1396 3206 Ἐπιφανὴς,
1431 3136 1495 3189 ὲκ
1525 3135 1865 3199 Μακεδονίας

1991 672 2118 729 llaec
2172 692 2366 731 cornua
2399 695 2516 748 qua
2556 681 2881 752 dissiparant
2922 683 3139 747 ludam.
3168 696 3218 740 et
3243 686 3412 742 Israel
3429 706 3555 745 eou-

1985 764 2271 836 fregerunt,
2307 774 2357 822 et
2404 769 2581 825 nullus
2604 786 2782 827 eorum
2812 774 2995 829 levavit
3055 785 3228 847 caput.
3268 777 3333 832 Et
3364 784 3550 849 egressi

1986 864 2108 909 sunt
2171 856 2260 911 isti
2307 868 2364 912 ut
2413 872 2651 917 acuerent
2685 879 2746 918 ea
2784 864 2840 919 in
2885 880 3069 919 manus
3100 868 3552 934 eorumouatuar

1985 962 2181 1001 cornua
2214 959 2388 1020 gentes
2411 963 2550 1017 sunt,
2579 954 2834 1011 eleuanles
2862 974 3021 1013 cornu
3046 975 3200 1029 super
3226 971 3417 1016 terram
3452 962 3545 1018 Do-

1986 1038 2137 1106 mini,
2179 1048 2238 1093 ut
2269 1040 2519 1112 dissipent
2544 1061 2680 1101 eam.
3257 1069 3262 1073 '

2053 1308 2120 1366 x.
2143 1310 2224 1366 Ad
2254 1311 2411 1367 aliam
2443 1313 2701 1370 visionem
2729 1309 2994 1388 propheta
3023 1319 3194 1390 venit,
3233 1336 3331 1391 nec
3385 1322 3551 1378 multo

1981 1411 2119 1472 post,
2150 1411 2207 1457 ut
2237 1417 2340 1458 non
2370 1403 2486 1460 solo
2513 1405 2678 1462 verbo
2709 1423 2829 1478 quae
2855 1406 3034 1464 futura
3080 1419 3203 1466 sunt
3247 1411 3503 1467 doceatur
3534 1456 3548 1479 ,

1980 1493 2073 1548 sed
2104 1508 2228 1549 cum
2282 1505 2540 1552 eventura
2582 1499 2745 1554 etiam
2782 1500 2996 1567 viderit,
3032 1502 3300 1557 subtiliter
3333 1513 3388 1559 et
3425 1519 3549 1575 per-

1981 1585 2269 1657 fecte-qna;
2300 1588 2680 1660 signiﬁcantur
2724 1590 3002 1662 intelligat.
3058 1591 3208 1659 Quod
3266 1593 3430 1664 igitur
3484 1596 3550 1649 sit

1978 1677 2136 1747 hujus
2163 1679 2385 1737 visionis
2439 1692 2839 1752 argumentum,
2888 1695 3142 1753 quantum
3174 1685 3229 1739 in
3292 1700 3378 1741 me
3420 1687 3545 1752 erit,

1976 1769 2252 1825 declarare
2298 1774 2554 1827 conabor.
2610 1771 2790 1828 Cornu
2838 1772 2891 1829 in
2941 1774 3137 1831 divinis
3174 1774 3396 1831 Litteris
3451 1791 3551 1846 pro

1977 1859 2205 1928 imagine
2233 1861 2461 1930 quadam
2506 1870 2560 1918 et
2590 1862 3066 1931 reprzesentatione
3128 1866 3381 1934 potentiae
3433 1868 3551 1922 sive

1978 1950 2123 2018 regni
2151 1953 2397 2006 sumitur.
2425 1952 2578 2022 Saepe
2606 1954 2732 2007 item
2769 1953 3033 2023 superbia:
3057 1955 3329 2009 notionem
3363 1955 3543 2017 habet,

1974 2052 2033 2096 ut
2059 2056 2180 2096 cum
2206 2041 2337 2097 dicit
2362 2043 2552 2097 beatus
2580 2042 2746 2097 David
2779 2061 2793 2097 :
2835 2061 2854 2095 ι
2892 2044 3009 2099 Dixi
3069 2045 3266 2114 iniquis
3318 2063 3334 2100 :
3369 2044 3544 2102 Nolite

1973 2132 2153 2203 inique
2204 2147 2402 2205 agere,
2453 2142 2507 2191 et
2553 2120 2986 2206 delinquentibus
3028 2152 3045 2192 :
3086 2135 3261 2192 Nolite
3310 2138 3555 2193 exaltare

1973 2237 2140 2279 cornu
2181 2222 2282 2280 “.t
2307 2224 2373 2279 Et
2400 2224 2594 2280 alicubi
2621 2224 2688 2280 de
2710 2225 2930 2280 Christo
2968 2225 3150 2295 psallit
3170 2226 3397 2282 :‘Cornu
3429 2228 3548 2297 ejus

1971 2315 2302 2371 exaltabitur
2332 2316 2386 2370 in
2414 2315 2579 2387 gloria
2617 2317 2684 2383 ³³,
2717 2335 2737 2368 ι
2774 2317 2822 2371 id
2860 2325 2944 2372 est
2986 2332 3241 2387 regnum,
3301 2318 3560 2389 viresque-

1971 2413 2026 2460 et
2050 2413 2309 2477 potestas,
2339 2421 2443 2476 qua
2484 2407 2712 2478 imperet
2754 2408 3023 2463 omnibus.
3060 2407 3216 2464 Videt
3237 2408 3398 2480 igitur
3420 2423 3546 2478 pro-

1971 2496 2131 2565 pheta
2162 2510 2362 2552 cornua
2401 2505 2651 2566 quatuor,
2685 2496 2787 2552 hoc
2815 2506 2899 2553 est
2918 2506 3146 2568 quatuor
3177 2508 3364 2569 gentes
3383 2513 3542 2567 aspe-

1974 2598 2066 2639 ras
2108 2593 2161 2640 et
2188 2583 2510 2642 fortissimas
2538 2595 2591 2641 et
2615 2601 2736 2657 quae
2772 2588 2933 2643 urbes
2962 2597 3124 2659 atque
3157 2589 3398 2660 regiones
3421 2599 3543 2644 tau-

1970 2688 2131 2745 quam
2163 2676 2423 2732 cornibus
2438 2677 2697 2747 impetere
2740 2677 3299 2748 dissipareque-t‘acite
3320 2688 3540 2750 «nteant.

1969 2766 2079 2823 llas
2116 2768 2327 2837 quidem
2357 2769 2543 2824 volunt
2572 2783 2695 2824 esse
2729 2780 2948 2839 regnum
2993 2769 3359 2841 Assyriorum,
3411 2772 3544 2826 alte-

1968 2873 2091 2914 rum
2113 2858 2546 2929 Babyloniorum,
2580 2858 2800 2915 tertium
2847 2857 3221 2915 Macedonum.
3246 2860 3555 2917 Antiochus

1968 2950 2113 3006 enim
2136 2959 2491 3020 cognomento
2517 2951 2746 3005 illustris
2765 2958 2819 3005 et
2846 2949 3068 3006 Macedo
3095 2949 3332 3007 Iudaeam
3365 2965 3544 3008 vasta-

1969 3041 2042 3096 vit
2101 3040 2236 3097 iluic
2266 3040 2630 3096 Romanorum
2667 3053 3051 3107 annumerant,
3076 3042 3166 3112 qui
3196 3054 3318 3114 post
3352 3042 3542 3098 Salva-

1970 3144 2139 3190 torem
2173 3133 2226 3189 in
2251 3147 2413 3189 cruce
2446 3142 2741 3201 mortuum,
2761 3135 2810 3191 vi
2838 3141 2893 3190 et
2916 3135 3081 3190 armis
3116 3135 3551 3209 Hierosolymam.

283 3227 386 3294 ὢν,
423 3229 740 3299 πεπόρθηκε
766 3226 866 3298 τὴν
887 3225 1169 3280 Ἰουδαίαν.
1188 3224 1580 3298 Ἐπαριθμοῦσι
1605 3226 1661 3280 δὲ
1691 3226 1861 3298 ταύτῃ

1969 3233 2359 3296 expugnarunt.
2402 3223 2669 3292 Quoniam
2726 3238 2853 3285 vero
2892 3228 3104 3284 divinus
3152 3229 3373 3298 angelus
3417 3245 3544 3299 pro-

286 3320 387 3375 καὶ
416 3320 515 3392 τὴν
539 3319 846 3391 Ῥωμαίων,
869 3317 904 3388 ἠ
934 3317 1070 3389 μετὰ
1102 3316 1191 3369 τδν
1221 3315 1318 3370 τοῦ
1340 3317 1592 3387 Σωτῆρος
1635 3318 1863 3390 σταυρὸν

1969 3318 2139 3387 pheta:
2184 3316 2357 3373 risum
2389 3317 2750 3386 interpretans
2787 3316 2854 3373 de
2900 3319 3157 3374 cornibus
3182 3318 3339 3385 dixit,
3377 3319 3540 3391 665

284 3407 401 3466 εἷλε
427 3411 498 3466 τὰ
529 3411 876 3482 Ἰεροσόλυμα
903 3408 1267 3477 κατακράτος.
1287 3408 1504 3480 Ἐπειδὴ
1547 3409 1602 3463 δὲ
1634 3410 1861 3481 διερμη-

284 3503 462 3559 νεύων
486 3502 565 3575 τῷ
602 3502 857 3577 προφήτῃ
901 3500 1000 3573 τὴν
1042 3500 1229 3572 ὅρασιν
1256 3501 1283 3553 6
1307 3497 1589 3563 θεσπέσιος
1615 3500 1861 3571 ἄγγελος,

166 3610 181 3622 ⁶
283 3596 459 3667 lenae
494 3594 621 3665 περὶ
648 3594 758 3649 τῶν
786 3594 1055 3665 κεράτων,
1095 3595 1177 3649 δτι
1208 3612 1228 3646 ι
1259 3589 1443 3647 Ταῦτα
1476 3592 1542 3647 τὰ
1566 3593 1771 3666 κέρατα
1796 3595 1865 3649 τά

281 3686 752 3759 διασκορπίσαντα
797 3685 887 3740 τὸν
915 3684 1135 3752 Ἰούδαν,
1171 3685 1264 3740 καὶ
1291 3685 1382 3739 τὸν
1423 3686 1637 3758 Ἰσραὴλ
1662 3687 1863 3741 κατέα-

283 3778 408 3843 ξαν,
429 3797 448 3829 ι
469 3778 764 3845 ἀναγκαῖον
790 3774 942 3847 οἶμαι
974 3778 1068 3831 καὶ
1091 3777 1206 3843 νῦν,
1245 3779 1429 3831 ἐκεῖνα
1455 3777 1751 3849 παρέντας,
1776 3776 1863 3831 ἐπ’

280 3867 417 3938 ἔθνη
472 3867 671 3938 μᾶλλον
712 3866 885 3920 ιλθεῐν
934 3866 1002 3920 τὰ
1049 3867 1440 3939 συντετριφότα
1489 3867 1581 3921 τὸν
1620 3869 1861 3940 Ἰσραήλ.

280 3959 564 4028 τέσσαρες
612 3958 677 4029 δὴ
716 3955 811 4013 οὖν
842 3959 1125 4029 γεγόνασιν
1152 3958 1338 4030 ἀρχαὶ,
1369 3960 1436 4013 δι’
1469 3952 1543 4015 ὧν
1569 3960 1726 4015 τοῦτο
1758 3980 1865 4015 πα-

278 4050 489 4105 θοῦσαν
541 4049 643 4122 τὴν
686 4048 946 4104 Ἰουδαίαν
976 4050 1323 4122 εὑρήσομεν.
1352 4050 1556 4113 Φούλας
1605 4051 1703 4123 μὲν
1754 4053 1863 4125 γὰρ

278 4142 505 4214 πρῶτος
536 4141 637 4204 τάς
672 4142 949 4203 ἐπέκεινα,
978 4139 1055 4205 ὼς
1077 4140 1233 4212 ἔφην,
1260 4140 1370 4195 τῶν
1398 4142 1663 4214 Ἰορδάνου
1686 4144 1864 4213 ναμά-

274 4250 396 4289 των
442 4227 554 4286 εἷλε
602 4232 793 4301 φυλάς.
821 4226 974 4306 Εἶτα,
1008 4233 1124 4303 μετ’
1153 4233 1358 4286 ἐκεῖνον
1399 4233 1427 4286 6
1472 4233 1862 4304 Σαλμανάσαρ,

275 4325 383 4381 καὶ
417 4324 603 4396 τρίτος
631 4324 992 4396 Σεναχηρὶὶμ,
1012 4323 1105 4377 καὶ
1133 4322 1443 4387 τελευταῖος
1480 4325 1597 4395 μετ’
1621 4325 1863 4390 ἐκείνους

273 4421 305 4473 6
357 4415 867 4489 Ναϐουχοδονόσωρ.
904 4416 1114 4469 Οὐκοῦν
1161 4416 1490 4486 οἰκειότερον
1537 4416 1753 4487 νοηθείη
1799 4416 1864 4471 άν

271 4509 372 4564 ἔπ’
399 4508 607 4574 αὐτῶν,
636 4508 718 4562 δτι
763 4507 937 4563 ταῦτά
975 4508 1090 4561 ἔστι
1135 4507 1205 4562 τὰ
1244 4507 1484 4580 τέσσαρα
1542 4508 1746 4580 κέρατα
1794 4508 1863 4563 τὰ

1971 3426 1990 3459 ι
2021 3408 2232 3463 Cornua
2268 3407 2367 3465 ista
2407 3422 2525 3478 quae
2557 3407 2750 3464 ludam
2791 3408 3128 3479 dissipariut,
3174 3410 3338 3466 etiam
3368 3408 3542 3465 lsrae-

1966 3499 2068 3556 lem
2098 3500 2450 3572 confregisse,
2476 3518 2496 3554 ι
2536 3510 2790 3570 oportere
2818 3510 2948 3572 puto
2977 3499 3120 3558 nunc
3152 3502 3255 3557 illis
3312 3501 3538 3569 relictis,

1964 3592 2149 3649 venire
2170 3592 2349 3662 potius
2377 3591 2444 3646 ad
2475 3601 2685 3663 gentes,
2710 3607 2829 3660 quae
2859 3592 3116 3648 lsraelem
3144 3594 3538 3652 contriverunt.

1965 3684 2101 3738 Sunt
2131 3683 2294 3753 igitur
2318 3693 2549 3754 quatuor
2579 3683 2932 3754 principatus,
2971 3700 3067 3754 per
3090 3700 3227 3755 quos
3249 3685 3363 3740 hac
3409 3688 3565 3754 ρος-⁸

1964 3788 2078 3829 sam
2109 3773 2347 3830 Iudaeam
2402 3784 2635 3831 constat.
2694 3774 2893 3831 Phulas
2936 3775 3079 3832 enim
3145 3777 3351 3846 primus
3403 3776 3539 3833 duas

1966 3864 2139 3921 tribus
2162 3874 2312 3921 trans
2342 3864 2540 3922 ﬂuenta
2596 3865 2849 3923 lordanis
2900 3867 3106 3922 domuit
3129 3869 3195 3921 ’⁸.
3230 3867 3356 3923 Post
3415 3883 3539 3924 eum

1965 3954 2312 4013 Salmanasar
2336 3959 2403 4025 ’⁷,
2436 3957 2630 4013 tertius
2681 3957 3012 4014 Seuacherib
3038 3958 3105 4026 ",
3135 3967 3187 4014 et
3237 3967 3539 4029 postremus

1963 4050 2459 4107 Nabuchodonosor
2481 4050 2549 4107 ”.
2576 4052 2756 4118 Quare
2781 4051 2950 4122 magis
2986 4050 3202 4121 proprie
3229 4051 3294 4106 de
3324 4042 3429 4105 illis
3447 4066 3539 4105 ac-

1964 4143 2212 4211 cipiatur,
2249 4141 2362 4196 hac
2394 4141 2604 4196 scilicet
2641 4156 2765 4197 esse
2790 4150 3024 4211 quatuor
3052 4155 3276 4206 cornua,
3303 4155 3424 4211 (ειιατ
3445 4139 3550 4199 Ju—..

1930 4233 2088 4288 'dam
2130 4242 2185 4287 et
2218 4230 2468 4288 lsraelem
2508 4231 2843 4303 dissiparim.
2879 4232 3082 4289 Deinde
3130 4232 3239 4288 Deo
3268 4231 3539 4303 prophetat

1964 4324 2229 4380 visionem
2269 4329 2610 4377 monstrante
2645 4332 2702 4377 et
2742 4322 3072 4393 explicante,
3120 4332 3349 4395 quatuor
3402 4322 3541 4378 fabri

1965 4420 2246 4485 apparent.
2272 4411 2475 4477 Qumrit
2499 4428 2737 4481 rursum,
2765 4431 2894 4485 quo,
2927 4425 2980 4470 et
3013 4433 3117 4486 qua
3156 4417 3220 4471 de
3249 4430 3410 4471 causa
3444 4430 3540 4470 ve-

1967 4505 2154 4571 niant;
2194 4504 2482 4573 respondet
2524 4504 2746 4575 angelus
2777 4508 2829 4561 in
2865 4509 2981 4575 ipso
3011 4506 3257 4577 loquens,
3309 4515 3539 4575 quatuor

268 4601 746 4674 διασκορπίσαντα
792 4599 882 4655 τὸν
920 4600 1122 4657 Ἰούδαν
1168 4601 1263 4656 καὶ
1306 4598 1396 4654 τὸν
1417 4574 1680 4673 -Ἰσραηλ
1729 4597 1863 4656 Εἶτα

1969 4612 2169 4652 cornua
2211 4610 2331 4668 qua:
2372 4597 2733 4653 contriverint
2780 4608 2837 4655 et
2860 4574 3169 4670 dissiparim
3225 4574 3440 4667 Judam,
3485 4608 3541 4656 et

266 4694 422 4749 Θεοῦ
467 4692 942 4756 καταδεικνύοντός
970 4708 1029 4745 τε
1078 4692 1173 4745 καὶ
1215 4691 1599 4764 ἀνευρύνοντος
1622 4690 1700 4763 τῷ
1731 4709 1860 4765 προ-

269 4785 430 4856 φήτῃ
460 4783 559 4854 τὴν
583 4784 791 4855 ὅρασιν,
821 4781 1082 4852 τέσσαρες
1109 4778 1341 4853 ὁρῶνται
1385 4782 1862 4854 τέκτονες.Ἥρετο

265 4877 331 4931 ἃ
371 4875 561 4940 πάλιν,
593 4876 715 4930 ὅποι
747 4892 805 4928 τε
833 4874 927 4928 καὶ
947 4875 1030 4943 ἐφ’
1051 4876 1157 4945 ὅτῳ
1180 4874 1516 4945 βαδίζουσιψ
1547 4872 1667 4930 εἶτά
1695 4893 1859 4948 φησιν

265 4970 298 5022 6
337 4966 528 5020 λαλῶν
556 4963 783 5034 ἄγγελος
814 4966 872 5019 ὲν
901 4963 1069 5036 αὐτῷ,
1094 4965 1175 5019 ὅτι
1205 4964 1271 5020 τὰ
1296 4966 1538 5037 τέσσαρα
1563 4967 1770 5040 κέρατα
1789 4969 1859 5024 τὰ

270 5057 678 5129 συντετριφότα
709 5074 767 5111 τε
798 5058 892 5111 καὶ
919 5057 1379 5127 διασκορπίσαντα
1408 5058 1498 5113 τὸν
1530 5058 1732 5115 Ἰούδαν
1767 5061 1860 5116 καὶ

265 5148 377 5201 τὸν
405 5144 646 5218 Ἰσραὴλ,
682 5145 929 5217 εἰσῆλθον
970 5145 1202 5213 ὀεῦναι.
1237 5146 1313 5201 ,Τί
1356 5143 1449 5202 οὖν
1493 5149 1722 5222 ἐροῦμεν
1768 5152 1860 5206 καὶ

263 5238 370 5294 διὰ
418 5237 610 5292 τούτου
659 5237 820 5294 πάλιν
866 5239 1374 5310 ύποσημαίνεσθαι;
1403 5232 1549 5314 *Δρα
1580 5242 1690 5314 γάρ
1716 5260 1857 5317 παρ-

263 5327 552 5394 ωεύνοντο
595 5329 735 5384 κατὰ
774 5328 870 5384 τοῦ
894 5329 1130 5396 Ἰσραὴλ,
1170 5331 1221 5385 oi
1271 5331 1372 5404 ἤδη
1425 5333 1857 5407 πεπορθηκότες,

265 5420 381 5476 καὶ
407 5420 775 5494 ἀγριωτέρους
804 5420 1055 5476 ἀπετέλει
1089 5422 1220 5488 Θεὸς
1243 5424 1369 5487 τοὺς
1398 5424 1459 5490 ἐξ
1486 5424 1653 5497 ὀργῆς
1678 5426 1860 5491 αὐτοῖς

263 5512 777 5583 ἐπενηνεγμένους;
816 5512 1010 5567 Καίτοι
1060 5513 1307 5581 φαίνεται
1347 5513 1724 5588 διακεκραγὼς
1767 5518 1860 5572 καὶ

263 5606 491 5675 λέγων’
528 5623 547 5657 ι
571 5604 852 5678 Ἐξηλωκα
894 5603 992 5676 τὴν
1022 5603 1376 5677 Ἰερουσαλὴμ
1428 5607 1521 5659 καὶ
1567 5606 1665 5678 τὴν
1722 5609 1859 5663 Σιὼν

1968 4686 2229 4742 lsraelem
2253 4686 2526 4757 ingressos
2558 4701 2677 4743 esse
2706 4696 2764 4742 ut
2809 4698 3074 4747 acuerent.
3098 4687 3236 4755 Quid
3277 4687 3388 4760 jam
3437 4689 3541 4748 hoc

1969 4780 2075 4835 sibi
2104 4779 2238 4836 velle
2252 4779 2531 4837 dicemus?
2554 4778 2690 4835 Num
2708 4778 3116 4837 concitaba'ntu’r
3135 4778 3326 4839 contra
3350 4780 3550 4849 lsracl,

1966 4872 2059 4943 qui
2100 4888 2220 4928 eum
2256 4872 2368 4940 jam
2408 4872 2838 4941 devastaverant,
2897 4881 2953 4929 et
2982 4868 3135 4945 'quos
3173 4870 3341 4931 irat'us
3370 4874 3425 4930 in
3448 4888 3551 4932 eos

1969 4964 2266 5020 immiserat
2296 4964 2462 5030 Deus,
2488 4964 2589 5020 hos
2620 4964 2911 5021 ferociores
2942 4965 3176 5022 faciebat
3198 4966 3220 5022 i
3243 4968 3402 5037 Atqui
3427 4970 3550 5023 cla-

1966 5069 2084 5110 rum
2110 5064 2194 5111 est
2244 5055 2394 5110 illum
2444 5053 2679 5110 clamare
2734 5070 2797 5110 ac
2823 5055 3045 5112 dicere:
3084 5076 3103 5108 ι
3147 5056 3361 5112 Zelatus
3419 5071 3540 5111 sunt

1963 5145 2259 5203 Jerusalem
2321 5154 2375 5200 et
2441 5143 2568 5199 Sion
2627 5144 2745 5201 zelo
2804 5159 3040 5213 magno,
3084 5156 3140 5201 et
3198 5146 3276 5200 ira
3343 5158 3539 5211 magna

1963 5239 2169 5294 irascor
2194 5251 2353 5308 super
2395 5243 2603 5308 gentes,
2632 5250 2753 5307 qua:
2785 5236 2941 5292 simul
2996 5237 3372 5293 incubuerunt.
3435 5231 3546 5285 Pro

1960 5346 2027 5387 eo
2055 5330 2198 5403 quod
2231 5342 2329 5400 ego
2362 5328 2579 5401 quidam
2619 5328 2789 5384 iratus
2829 5344 2945 5383 sum
2983 5328 3210 5389 modice,
3250 5326 3377 5393 ipsa:
3406 5339 3542 5379 vero

1962 5422 2123 5480 simul
2152 5422 2513 5477 incubueruut
2545 5420 2597 5475 in
2639 5419 2777 5475 mala
2799 5419 2863 5473 ³ο.
2895 5439 2913 5472 ι
2942 5418 3042 5485 Qui
3069 5427 3245 5469 autem
3277 5430 3463 5484 parum
3482 5429 3539 5471 et

1963 5515 2171 5573 modice
2188 5524 2487 5582 succenset,
2504 5522 2559 5569 et
2583 5512 2698 5568 zelo
2717 5511 3055 5582 prosequitur
3072 5517 3389 5574 vastatores,-
3411 5509 3539 5581 quia

1967 5611 2019 5665 iu
2050 5618 2234 5677 captos
2261 5621 2420 5675 supra
2458 5619 2615 5675 quam
2644 5603 2747 5657 dici
2780 5609 2951 5671 potest
2980 5599 3281 5670 stevicriut,
3307 5617 3541 5674 quomo-

342 5800 402 5832 "
436 5799 581 5855 Psal.
611 5817 791 5866 uxrv.
819 5803 873 5859 5.
951 5803 995 5836 "
1022 5802 1164 5862 Psal.
1196 5784 1307 5869 ctu,
1342 5804 1394 5859 9.
1471 5805 1517 5836 ¹⁶
1546 5804 1564 5859 l
1598 5802 1773 5859 Paral.
1808 5818 1860 5869 ν,
1890 5804 1978 5866 '23,
2006 5803 2094 5856 26.
2171 5803 2215 5833 ’⁷
2246 5800 2306 5852 IV
2340 5799 2468 5869 Reg.
2500 5814 2633 5861 xvu,
2662 5798 2715 5869 45
2765 5812 2919 5868 seqq.
2995 5801 3039 5833 "
3069 5798 3132 5850 IV
3181 5797 3311 5869 Reg.
3364 5814 3525 5869 sviti,

267 5874 346 5931 ιδ
377 5885 535 5943 seqq.
566 5887 580 5936 ;
606 5870 652 5929 ll
681 5871 855 5930 Paral.
887 5889 1059 5943 nam,
1094 5874 1116 5928 i
1151 5876 1323 5945 scqq.’

1380 5875 1507 5931 "IV
1541 5875 1669 5943 Reg.
1704 5867 1855 5941 xxxv,
1890 5873 1909 5926 ι
1941 5889 2117 5942 seqqc,
2148 5869 2186 5925 ll
2220 5870 2391 5925 Paral.
2424 5867 2614 5938 iuvi,
2646 5867 2677 5922 ϐ
2708 5884 2858 5939 seqq.
2887 5867 2893 5868 7
2938 5872 2979 5904 3“
3006 5869 3203 5926 lerunt.
3248 5867 3283 5937 ι,
3320 5868 3399 5934 ii,
3438 5867 3515 5922 ιδ.
