4092 6202
468 436 530 488 5|
1495 436 1553 489 S.
1595 435 1870 490 CYRILLI
1915 434 2382 490 ALEXANDRINI
2425 432 2742 489 ARCHII'IP.
2818 451 2829 476 ι
3652 437 3722 492 3%

465 551 536 606 do
561 561 750 605 eontra
773 566 868 609 eos
918 551 1036 606 acui
1067 565 1265 605 cornua
1291 549 1484 618 jubet?
1540 549 1727 619 Itaque
1783 557 2039 604 acuuntur

2148 548 2306 618 ζῆλον
2357 548 2550 617 μέγαν,
2586 546 2680 599 καὶ
2729 544 2886 616 θυμῷ
2939 544 3160 614 μεγάλῳ
3205 544 3494 618 ὀργίζομαι
3537 548 3630 601 ἐπὶ
3654 550 3721 603 τὰ

465 641 706 709 quidem,
745 659 846 696 nun
880 653 1054 697 tamen
1081 653 1267 696 contra
1290 640 1473 704 Israel,
1495 641 1587 694 sed
1614 651 1806 695 contra
1845 648 2044 695 semet-

467 733 602 802 ipsa.
643 734 697 786 In
718 749 775 787 se
806 743 990 788 mutuo
1043 748 1273 802 namque
1318 733 1744 795 insurrexerunt,
1797 733 2044 802 Assyrios

466 838 528 876 ac
561 823 877 892 Babylonios
911 823 1090 878 Persre
1111 833 1165 878 et
1183 823 1319 877 Medi
1340 822 1478 875 bello
1497 822 1881 878 lacessiverunt
1901 821 2044 894 Cyro

470 924 746 980 regnante,
767 922 823 966 ut
851 931 1009 982 supra
1031 915 1230 969 dictum
1255 926 1358 970 est.
1383 916 1744 982 Quamobrem
1777 913 1878 968 nisi
1945 928 2040 967 ex-

466 1010 619 1052 aruta
649 999 873 1056 fuissent
914 1017 1135 1068 cornua,
1163 1015 1215 1058 et
1243 1005 1534 1074 expugnati
1583 1003 1884 1074 Babylonii.
1937 1017 2042 1056 non

467 1089 654 1144 fuisset
705 1089 964 1145 servitute
1019 1093 1296 1148 absolutus
1357 1093 1543 1158 Israel,
1600 1109 1704 1147 non
1759 1102 2043 1160 exemptus

467 1180 692 1235 vinculis
719 1190 771 1236 et
804 1181 1018 1236 miseria
1049 1183 1397 1240 intolerabili.
1424 1184 1666 1252 Quatuor
1694 1184 1873 1251 itaque
1905 1181 2043 1235 fabri

466 1287 666 1324 cornua
704 1282 956 1329 acuentes
990 1275 1042 1328 in
1070 1267 1316 1330 manibus
1343 1292 1552 1340 eorum,
1585 1276 1687 1331 hoc
1717 1283 1801 1329 est
1842 1273 2046 1328 baben-

470 1364 600 1412 tium
627 1375 712 1423 ea,
741 1361 854 1415 sive
880 1363 1172 1428 victorum,
1207 1374 1264 1417 ut
1302 1379 1457 1434 reges
1485 1363 1769 1420 Persarum
1846 1363 2045 1417 intelli-

467 1467 678 1516 gamus,
707 1453 927 1524 intelligi
957 1465 1179 1525 possunt
1210 1458 1409 1526 angeli,
1449 1457 1827 1512 decentissime
1859 1457 1923 1508 ad
1950 1453 2044 1510 Dei

460 1541 610 1609 jussa
651 1546 981 1602 conﬁcienda
1012 1549 1314 1604 constituti.
1350 1549 1461 1605 Hoc
1510 1550 1671 1618 igitur
1697 1555 1814 1603 erat
1866 1544 2044 1615 subigi

467 1631 806 1704 Babylonios,
824 1646 880 1693 et
899 1639 998 1693 sub
1027 1639 1308 1708 imperium
1337 1639 1621 1694 Persarum
1661 1637 2045 1706 Medorumque

469 1725 635 1793 redigi
671 1726 738 1779 de
767 1728 961 1796 quibus
1003 1728 1130 1784 alibi
1179 1729 1552 1785 universorum
1607 1728 1866 1784 Dominus
1922 1728 2039 1780 ait:

471 1833 491 1866 ι
525 1814 854 1873 Sanctiﬁcati
881 1829 1028 1885 sunt,
1052 1831 1106 1876 et
1137 1835 1235 1891 ego
1260 1823 1466 1878 adduco
1492 1837 1632 1888 eos;
1675 1821 1921 1889 gigantes
1953 1834 2044 1874 ve-

2144 637 2270 708 ἔθνη
2303 639 2367 693 τὰ
2404 637 2872 707 συνεπιτιθέμενα.
2893 635 3033 690 Ἀνθ’
3064 629 3140 689 ὦν
3171 635 3282 704 ἐγὼ
3311 635 3410 706 μὲν
3443 637 3723 707 ὠργίσθην

2144 728 2318 796 ὀλίγα,
2347 730 2502 780 αὐτοὶ
2529 729 2584 780 δὲ
2621 727 2978 780 συνεπέθεντο
3015 727 3095 788 εἰς
3123 726 3290 780 κακά.
3325 746 3343 778 ι
3365 727 3421 779 '0
3454 728 3532 791 δὲ,
3567 729 3718 796 ὀλίγα

2145 820 2240 872 καὶ
2272 818 2599 888 συμμέτρως
2629 816 2994 887 ὠργισμένος,
3021 817 3114 869 καὶ
3140 815 3295 885 ζῆλον
3325 818 3578 886 ἐπαφιεὶς
3611 824 3722 884 τοῖς

2145 909 2569 978 πεπορθηκόσιν,
2593 909 2673 961 ὄτι
2704 906 2856 978 παρά
2885 905 3041 973 λόγον
3075 907 3366 977 δεδράκασι
3397 905 3464 960 τὰ
3491 909 3569 970 είς
3593 911 3722 972 τοὺς

2145 999 2370 1062 ἁλόντας
2423 982 2767 1070 τολμήματα,
2812 998 2929 1060 πῶς
2958 995 3239 1060 ὀξύνεσθαι
3274 997 3393 1050 κατ’
3423 998 3601 1051 αὐτῶν
3630 1017 3723 1052 κε-

2143 1089 2287 1143 λεύει
2326 1089 2396 1143 τὰ
2429 1091 2673 1160 κέρατα;
2721 1089 2928 1144 Οὐκοῦν
2978 1089 3250 1156 ὀξύνονται
3299 1091 3416 1160 μὲν,
3474 1090 3610 1160 πλὴν
3659 1091 3719 1144 οὐ

2145 1180 2287 1234 κατά
2313 1197 2376 1248 γε
2405 1181 2496 1234 τοῦ
2533 1180 2771 1251 Ἰσραὴλ,
2813 1180 2950 1234 ἀλλά
2982 1180 3123 1236 κατά
3156 1180 3306 1248 σφῶν
3340 1181 3542 1236 αὐτῶν.
3578 1184 3723 1236 Kas-

2143 1271 2506 1342 εξανέστησαν
2537 1270 2646 1342 γὰρ
2683 1272 2939 1344 ἀλλήλων,
2972 1273 3067 1327 καὶ
3106 1273 3555 1344 πεπολεμήκασιν
3603 1274 3728 1326 Ἀσ-

2147 1363 2356 1433 συρίοις
2397 1379 2458 1414 τε
2490 1361 2586 1415 καὶ
2617 1362 2980 1426 Βαϐυλωνίοις
3016 1363 3218 1433 Πέρσαι
3252 1364 3346 1416 καὶ
3375 1363 3572 1434 Μῆδοι,
3611 1362 3726 1414 Κύ-

2149 1473 2242 1528 ρου
2281 1453 2750 1524 βεϐασιλευκότος,
2782 1455 3035 1525 καθάπερ
3068 1454 3166 1525 ήδη
3207 1453 3548 1525 προείρηται.
3583 1454 3727 1505 Οὐκ-

2143 1545 2256 1612 οῦν,
2294 1547 2342 1598 εἰ
2391 1543 2466 1616 μὴ
2499 1542 2712 1616 ὠξύνθη
2756 1544 2826 1598 τὰ
2875 1545 3102 1615 κέρατα,
3138 1545 3232 1598 καὶ
3276 1544 3615 1614 ὲπεπόρθητο
3660 1543 3729 1596 τά

2143 1638 2517 1702 Βαϐυλωνίων,
2553 1637 2654 1691 οὐκ
2687 1637 2752 1690 ἂν
2785 1637 3104 1708 ἀπήλλακτο
3152 1637 3397 1700 δουλείας
3427 1639 3455 1690 6
3486 1637 3724 1707 Ἰσραὴλ,

2143 1733 2243 1784 οὐκ
2270 1730 2336 1784 ἂν
2376 1731 2566 1800 ἀνείθη
2595 1729 2832 1799 δεσμῶν,
2865 1728 2958 1782 καὶ
2995 1729 3094 1798 τῆς
3129 1729 3402 1801 ἀφορήτου
3445 1728 3726 1782 ταλαιπωο

2150 1822 2287 1893 ρίας.
2321 1822 2385 1875 Ol.
2431 1821 2609 1874 τοίνυν
2662 1820 2929 1889 τέσσαρες
2976 1820 3247 1886 τέκτονες,
3294 1823 3343 1873 οἱ
3403 1819 3472 1872 τὰ
3521 1818 3727 1888 κέρατα

465 1909 619 1962 niunt
645 1910 868 1978 implere
889 1909 1124 1966 furorem
1163 1927 1360 1979 meum,
1392 1915 1684 1984 gaudentes
1701 1911 1859 1968 simul
1881 1919 1934 1967 et
1953 1927 2039 1967 su-

2150 1889 2560 1983 παραθήγοντες
2589 1912 2645 1963 ὲν
2671 1911 2856 1982 χερσὶν
2887 1910 3089 1973 αὐτῶν,
3121 1909 3370 1962 τουτέστι
3421 1908 3530 1960 τῶν
3579 1909 3729 1978 ἑχόν-

464 1999 768 2065 perbientes
795 2001 864 2056 ³¹.
892 2020 912 2055 s

2149 2019 2256 2054 των
2291 2001 2448 2066 αὐτὰ,
2480 2002 2603 2071 ἢτοι
2647 2000 2756 2053 τῶν
2802 1999 3168 2072 κρατούντων,
3198 1998 3285 2052 ἵνα
3329 1999 3457 2061 τοὺς
3504 1998 3730 2067 Περσῶν

462 2087 673 2160 νοῶμεν
742 2090 1018 2161 βασιλέας,
1084 2096 1324 2166 νοηθεῖεν
1372 2097 1612 2166 ἄγγελοι,
1641 2097 1702 2150 τὸ
1749 2096 1939 2151 δοκοῦν
1988 2093 2107 2164 Θεῷ
2146 2094 2538 2164 ἀποπεραίνειν
2590 2087 2648 2146 εὖ
2716 2093 2860 2163 μάλα
2914 2092 3396 2162 προστεταγμένοι.
3443 2088 3612 2144 Τοῦτο
3663 2086 3728 2159 ἦν

461 2179 570 2247 ἀρα
604 2179 664 2233 τὸ
707 2180 907 2235 ἁλῶναι
947 2183 1044 2254 τὴν
1078 2185 1457 2250 Βαϐυλωνίων,
1491 2187 1585 2240 καὶ
1615 2187 1719 2240 ὑπὸ
1751 2189 1907 2257 χεῖρα
1945 2184 2201 2255 γενέσθαι
2263 2184 2489 2256 Περσῶν
2554 2201 2612 2236 τε
2649 2185 2742 2236 καὶ
2773 2184 2994 2254 Μήδων,
3033 2184 3162 2252 περὶ
3228 2177 3302 2236 ὧν
3363 2180 3589 2251 ἑτέρωθί
3623 2182 3725 2233 που

465 2287 630 2340 φησιν
664 2274 692 2324 6
723 2273 832 2327 τῶν
857 2275 996 2328 ὅλων
1025 2279 1330 2349 Δεσπότης’
1367 2299 1386 2330 ‹
1411 2281 1764 2350 Ἥγιασμένοι
1803 2280 1928 2344 εἰσὶ,
1989 2279 2082 2331 καὶ
2119 2277 2230 2346 ἐγὼ
2274 2278 2391 2346 ἄγω
2436 2279 2654 2340 αὐτοὺς,
2685 2277 2939 2345 γίγαντες
2987 2278 3232 2348 ἔρχονται
3281 2277 3566 2349 πληρῶσαι
3636 2276 3726 2328 τὸν

465 2363 632 2434 θυμόν
661 2383 784 2437 μου,
822 2367 1102 2439 χαίροντες
1132 2371 1249 2442 ἅμα
1303 2373 1397 2424 καὶ
1431 2371 1766 2444 ὑϐρίζοντες.
1802 2392 1820 2422 ι

1010 2505 1174 2575 ses
1244 2505 1392 2561 car.
1427 2506 1490 2560 u.

535 2633 699 2688 Vens.
753 2637 804 2700 l,
850 2637 906 2690 5.
949 2637 1012 2690 Et
1055 2639 1215 2692 levavi
1273 2640 1453 2694 oculos
1493 2658 1652 2709 meos,
1697 2655 1744 2697 et
1801 2643 1928 2710 vidi,
1993 2654 2040 2697 et

463 2739 576 2778 ecce
626 2727 722 2792 vir,
758 2737 803 2780 et
862 2730 915 2782 iu
964 2747 1120 2784 manu
1184 2732 1296 2801 ejus
1349 2734 1617 2802 funiculus
1674 2740 2039 2802 geometricas.

469 2817 532 2869 lt‘t
576 2819 685 2872 diri
733 2822 803 2872 ad
849 2838 966 2875 eum
1003 2839 1022 2878 :
1063 2821 1179 2888 Quo
1217 2835 1271 2878 tu
1305 2827 1490 2880 vadis?
1521 2827 1588 2881 Et
1626 2829 1761 2882 dixit
1806 2831 1873 2883 ad
1921 2844 2039 2884 me:

467 2904 530 2960 Ut
583 2908 826 2962 dimetiar
881 2909 1267 2974 Jerusalemet
1320 2915 1521 2968 videant
1585 2927 1782 2987 quanta
1813 2918 2043 2974 latitudo

462 3002 576 3066 ejus
629 3010 704 3052 est
757 3010 804 3053 et
833 3011 1032 3069 quanta
1073 3005 1360 3073 longitudo.
1412 3006 1476 3058 Et
1515 3023 1630 3059 ecce
1686 3010 1901 3077 angelus
1951 3013 2040 3078 qui

462 3089 776 3155 loquebatur
839 3092 892 3144 in
943 3109 1042 3156 me,
1099 3093 1292 3160 stabat,
1336 3105 1385 3148 et
1436 3100 1649 3165 angelus
1705 3098 1840 3151 alius
1898 3115 2040 3169 egre-

2742 2498 2994 2551 ΚΕΦΛΛ.
3047 2498 3119 2550 B'.

2217 2629 2323 2684 Kal
2369 2625 2487 2700 ἦρα
2530 2629 2670 2695 τοὺς
2708 2631 3056 2698 ὀφθαλμούς
3097 2649 3237 2700 μου,
3275 2635 3374 2687 καὶ
3420 2632 3599 2702 εἶδον,
3631 2637 3725 2692 :utl

2143 2720 2272 2775 ἰδοὺ
2309 2720 2484 2788 ἀνὴρ,
2512 2720 2607 2773 καὶ
2633 2721 2702 2772 ἐν
2729 2719 2803 2788 τῇ
2824 2721 2972 2790 χειρὶ
2999 2723 3182 2776 αὐτοῦ
3213 2727 3494 2792 σχοινίον
3516 2745 3729 2799 γεωμεη

2143 2815 2366 2882 τρικόν.
2407 2813 2517 2866 Kal
2562 2808 2701 2866 εἶπα
2740 2813 2890 2881 πρὸς
2935 2815 3150 2868 αὐτόν*
3188 2815 3311 2869 Ποῦ
3353 2818 3434 2870 σὺ
3469 2821 3724 2888 πορεύῃ;

2149 2905 2262 2957 Kal
2285 2899 2413 2956 εἷπε
2439 2904 2586 2969 πρός
2605 2919 2681 2969 με
2705 2920 2717 2933 ·
2748 2901 3143 2969 Διαμετρῆσαι
3169 2902 3280 2970 τὴν
3304 2905 3722 2978 Ἰερουσαλὴμ,

2146 2994 2252 3046 τοῦ
2303 2990 2452 3044 ἰδεῖν
2498 2989 2760 3058 πηλίκον
2806 2990 2872 3043 τὸ
2916 2991 3142 3057 πλάτος
3188 2993 3378 3062 αὐτῆς
3425 2997 3554 3049 ἐστι
3626 2999 3724 3051 καὶ

2145 3084 2406 3152 πηλίκον
2441 3082 2504 3134 τὸ
2541 3081 2756 3151 μῆκος.
2793 3082 2901 3136 Kal
2948 3081 3077 3136 ἰδοὺ
3107 3086 3138 3136 ὀ
3165 3083 3417 3152 ἅγγελος
3454 3090 3487 3140 ὁ
3517 3088 3724 3143 λαλῶν

462 3176 706 3230 tuebatur
743 3179 799 3232 in
840 3195 1110 3234 occursum
1137 3181 1344 3250 οἰκίζει
1385 3185 1516 3236 dixit
1562 3187 1630 3238 ad
1658 3202 1796 3252 eum,
1827 3189 2039 3241 dicens:

2145 3177 2215 3230 ἐν
2241 3175 2370 3244 ἐμοὶ
2398 3173 2682 3241 εἱστήκει,
2705 3173 2801 3226 καὶ
2833 3172 3087 3243 ἅγγελος
3113 3173 3314 3242 ἕτερος
3337 3175 3724 3246 ἐξεπορεύετο

465 3266 748 3338 Frugifera
797 3268 1122 3324 habitabitur
1145 3271 1443 3328 Jerusalem
1475 3292 1505 3328 a
1538 3278 1874 3332 multitudine
1937 3279 2030 3334 ho-

464 3360 662 3411 minum
713 3367 761 3413 et
783 3358 1142 3429 jumentorum
1201 3379 1317 3432 qua:
1362 3366 1415 3417 in
1449 3367 1616 3421 medio
1677 3368 1810 3438 ejus,
1838 3381 1884 3423 et
1943 3388 2034 3441 ego

462 3467 552 3504 ero
577 3451 678 3516 illi,
700 3451 828 3504 dicit
861 3452 1132 3520 Dominus,
1167 3471 1344 3510 murus
1373 3457 1509 3528 ignis
1551 3461 1606 3512 iu
1628 3460 1874 3529 circuitu,
1901 3476 1947 3515 et
1983 3464 2035 3516 iu

463 3541 688 3612 gloriam
729 3558 819 3596 ero
845 3543 897 3597 iu
928 3545 1097 3598 medio
1129 3546 1264 3616 ejus.

535 3804 625 3860 XI.
666 3805 778 3861 Non
802 3823 923 3864 esse
955 3821 1178 3867 exacuta
1208 3830 1406 3868 cornua
1426 3828 1622 3870 contra
1655 3819 1927 3883 Israelem,
1948 3824 2041 3878 sed

463 3905 650 3950 contra
690 3912 783 3952 eos
814 3901 992 3968 potius
1057 3904 1145 3972 qui
1193 3903 1618 3975 llierosdlymam
1681 3920 1842 3980 atque
1877 3913 2039 3968 etiam

461 3986 702 4040 .ludaeam
732 3997 1043 4046 everterunt
1083 4009 1146 4049 ac
1205 3995 1535 4062 lacerarunt,
1594 3999 1838 4067 proxime
1883 4017 2043 4069 supe-

464 4077 576 4130 rior
626 4076 761 4131 visio
787 4077 1098 4146 planissime
1143 4084 1502 4142 demonstrat.
1542 4089 1724 4143 Elevat
1777 4092 2040 4160 siquidem

465 4183 684 4222 rursum
737 4171 924 4225 oculos
963 4173 1370 4242 prepheta,uon
1426 4177 1609 4247 utique
1650 4182 1913 4248 corporis,
1947 4185 2043 4238 sed

463 4260 750 4316 interiores
769 4262 963 4332 potius,
996 4272 1048 4318 et
1091 4267 1179 4333 qui
1239 4268 1596 4339 intelligentia
1649 4273 2039 4342 percipiuntur.

463 4349 598 4405 Tum
630 4354 918 4422 quemdam
942 4370 1001 4410 se
1032 4356 1226 4415 vidisse
1260 4360 1335 4414 ait
1369 4359 1566 4428 forma,
1597 4375 1650 4418 et
1682 4365 1865 4419 babitu
1919 4368 2041 4434 viri,

463 4440 758 4497 [uinculum
793 4453 1060 4499 tenentem
1103 4450 1512 4517 geometricum,
1539 4467 1696 4520 quem
1727 4466 2044 4522 percuncta-

2132 3270 2219 3333 εις
2247 3264 2633 3331 συνάντησιν
2683 3261 2863 3328 αὐτῷ,
2892 3264 2991 3316 καὶ
3037 3260 3168 3318 εἶπε
3207 3265 3355 3332 πρὸς
3391 3267 3596 3332 αὐτὸν,
3631 3271 3724 3323 λέ.

2135 3371 2288 3426 γω-ν-
2346 3355 2737 3424 Κατάκαρπος
2785 3357 3284 3425 κατοικηθήσεται
3317 3359 3722 3432 Ἰερουσαλὴμ

2136 3447 2253 3502 ἀπὸ
2278 3447 2550 3513 πλήθους
2575 3445 2920 3514 ἀνθρώπων,
2951 3448 3050 3500 καὶ
3078 3447 3313 3516 κτηνῶν
3335 3451 3404 3503 ἐν
3425 3451 3591 3520 μέσῳ
3614 3456 3722 3506 αὑ-

2139 3538 2267 3607 τῆς,
2297 3539 2393 3592 καὶ
2432 3537 2546 3607 ἐγὼ
2590 3538 2799 3607 ἔσομαι
2839 3537 3011 3608 αὐτῇ,
3048 3539 3210 3608 λέγει
3251 3543 3489 3610 Κύριος,
3529 3543 3722 3614 τεῖχος

2140 3629 2328 3697 πιιρός
2373 3631 2690 3694 κυκλόθεν,
2723 3630 2823 3684 καὶ
2871 3632 2958 3696 εἰς
2999 3630 3186 3696 δόξαν
3220 3631 3430 3704 ἔσομαι
3461 3635 3530 3688 ἐν
3559 3635 3724 3705 μέσῳ

2140 3719 2350 3787 αὐτῆς.

2213 3812 2312 3868 lA'.
2357 3815 2478 3868 Ὅτι
2515 3815 2589 3884 μὴ
2623 3813 2766 3868 κατὰ
2791 3814 2884 3868 τοῦ
2919 3815 3138 3887 Ἰσραὴλ
3167 3816 3379 3889 ὼξύνθη
3406 3819 3472 3871 τὰ
3493 3819 3716 3890 κέρατα,

2143 3907 2260 3957 κατ’
2283 3906 2508 3959 ἐκείνων
2539 3905 2594 3958 δὲ
2631 3906 2847 3976 μᾶλλον,
2875 3907 2923 3959 οἳ
2950 3901 3093 3960 εἷλόν
3121 3924 3178 3960 τε
3213 3909 3307 3960 καὶ
3343 3909 3720 3981 πεπορθήκασι

2141 3994 2239 4065 τὴν
2274 3995 2650 4066 Ἰερουσαλὴμ,
2695 3995 2789 4048 καὶ
2817 3995 3000 4065 μέντοι
3043 3994 3142 4064 τὴν
3165 3996 3442 4060 Ἰουδαίαν,
3469 3999 3500 4067 ἡ
3525 3997 3720 4064 γείτων

2142 4089 2331 4158 ὅρασις
2377 4087 2662 4155 ὲκδείξειεν
2701 4087 2787 4152 ἂν,
2820 4087 2915 4140 καὶ
2965 4088 3110 4157 μάλα
3141 4086 3398 4151 εὐκόλως.
3429 4090 3582 4159 Λῖρει
3611 4089 3719 4160 γὰρ

2144 4180 2303 4233 πάλιν
2334 4180 2458 4243 τοὺς
2488 4179 2797 4249 ὀφθαλμοὺς
2823 4180 2850 4231 ὁ
2884 4180 3188 4250 προφήτης,
3227 4180 3318 4232 καὶ
3344 4179 3466 4249 οὐχὶ
3493 4179 3554 4250 δὴ
3588 4179 3722 4232 πάν-

2141 4288 2250 4332 τως
2278 4272 2405 4334 τοὺς
2433 4271 2526 4323 τοῦ
2564 4271 2834 4340 σώματος,
2869 4271 2995 4334 τοὺς
3023 4272 3079 4324 δὲ
3113 4271 3310 4341 μᾶλλον
3338 4272 3432 4325 καὶ
3475 4271 3718 4340 νοητούς.

2144 4357 2276 4413 Εἷτά
2306 4378 2428 4414 τινα
2460 4360 2745 4414 τεθεᾶσθαί
2772 4377 2935 4430 φησιν
2965 4363 3020 4413 ἐν
3052 4361 3244 4433 ἀνδρὸς
3290 4363 3551 4432 σχήματι,
3574 4379 3722 4431 σχοι-

2144 4450 2254 4504 νίον
2289 4451 2585 4522 κατέχοντα
2623 4451 3015 4522 γεωμετρικόν
3049 4451 3209 4520 ἤρετο
3237 4451 3290 4503 δὲ
3327 4452 3486 4505 πάλιν
3510 4453 3594 4521 ἐφ’
3616 4453 3722 4524 ὅτῳ

466 4543 549 4586 tus
582 4541 684 4597 est,
725 4533 884 4602 cujus
905 4535 983 4589 rei
1018 4539 1187 4605 gratia
1221 4541 1424 4594 veniret
1453 4551 1507 4597 et
1532 4545 1656 4611 quid
1706 4546 1806 4597 sibi
1847 4561 2039 4614 propo-

2145 4560 2202 4594 τε
2237 4542 2459 4612 βαδίζει,
2491 4543 2586 4596 καὶ
2610 4543 2693 4605 τίς
2726 4545 2754 4595 6
2804 4542 3004 4604 σκοπὸς
3035 4542 3201 4611 αὐτῷ.
3241 4543 3345 4593 Τοῦ
3398 4543 3454 4594 δὲ
3503 4541 3566 4616 δὴ
3618 4547 3715 4614 φά·

463 4622 681 4677 suisset.
724 4621 802 4678 Eo
860 4627 1263 4696 respondente,
1317 4631 1450 4684 velle
1513 4632 1688 4687 metiri
1735 4629 2034 4689 Jerusalem

465 4851 480 4866 ,
560 4841 575 4858 .
653 4843 668 4858 .
749 4844 765 4860 .
837 4843 853 4860 .
925 4846 940 4862 .
1031 4845 1047 4860 .
1130 4809 1251 4877 .(l)
1310 4811 1533 4866 incenso
1587 4824 1766 4866 autem
1817 4825 1872 4868 et
1920 4817 2033 4885 ipso

463 4893 645 4950 divino
689 4895 917 4964 templo,
948 4912 1147 4966 perque
1197 4908 1359 4952 totam
1393 4897 1633 4955 Judtnnm
1686 4903 1933 4959 domibus
1979 4915 2035 4961 et

465 4985 688 5040 urbibus
717 4986 1068 5049 excisis,eam
1104 5003 1288 5042 rursus
1320 5000 1559 5044 erectum
1588 4993 1674 5059 iri,
1701 5010 1823 5064 spes
1852 4998 2031 5066 aliquo

464 5076 625 5130 modo
655 5077 906 5146 perierat.
939 5077 1185 5132 Ostendit
1213 5095 1344 5149 ergo
1376 5083 1534 5148 Deus,
1550 5085 1805 5141 cornibus
1833 5103 2033 5141 exacu-

466 5167 556 5230 tis,
597 5169 697 5222 hoc
720 5178 802 5223 est
846 5171 1112 5239 gentibus,
1149 5171 1260 5224 sive
1297 5174 1475 5241 regnis
1523 5175 1667 5229 inter
1711 5192 1768 5232 se
1817 5178 2033 5248 bellige-

466 5260 711 5314 ruutibus
778 5271 1203 5316 resurrecturum
1261 5263 1447 5329 Israel,
1483 5276 1537 5318 et
1576 5267 1922 5322 habitandam
1969 5270 2034 5324 de

467 5348 802 5419 iutegrojam
828 5353 1443 5422 dilatatamJerusalem,
1470 5359 1647 5412 divina
1685 5361 1879 5415 virtute
1919 5377 2036 5416 mu-

467 5438 656 5503 nitam,
705 5447 1061 5516 supernisque
1101 5445 1374 5502 favoribus
1419 5449 1565 5504 velut
1630 5449 2034 5522 inexpugnabili

542 5611 584 5642 ³¹
619 5611 721 5666 lsa.
746 5630 863 5672 sui.
892 5619 947 5676 5.

2145 4649 2365 4696 σκοντος
2389 4633 2750 4703 διαμετρῆσαι
2781 4632 2880 4701 τὴν
2915 4631 3290 4703 Ἰερουσαλὴμ,
3349 4673 3364 4687 .
3405 4673 3420 4686 .
3467 4676 3479 4688 .
3525 4676 3538 4690 .
3585 4674 3598 4689 .
3644 4679 3656 4690 .
3703 4677 3717 4692 .

2264 4851 2280 4868 .
2321 4813 2730 4885 ἐμπρησθέντος
2759 4814 2814 4867 δὲ
2841 4816 2933 4868 καὶ
2954 4815 3117 4868 αὐτοῦ
3149 4815 3242 4868 τοῦ
3271 4816 3416 4870 θείου
3452 4819 3602 4884 ναοῦ,
3630 4823 3721 4874 καὶ

2138 4905 2246 4959 τῶν
2277 4906 2381 4959 ἀνά
2419 4907 2597 4958 πᾶσαν
2624 4905 2722 4978 τὴν
2750 4905 3012 4958 Ἰουδαίαν
3059 4907 3223 4959 οἴκων
3274 4924 3332 4960 τε
3383 4911 3476 4962 καὶ
3515 4910 3718 4965 πόλεων

2137 4996 2661 5068 ἀνατετραμμένων,
2695 4996 2935 5068 ἀνῄρητο
2960 5014 3075 5060 πως
3114 4999 3147 5065 ή
3183 4997 3337 5063 ἐλπὶς
3365 5000 3458 5054 τοῦ
3490 5001 3580 5053 καὶ
3607 5001 3717 5053 εἰσ-

2137 5087 2296 5151 αῦθις
2315 5087 2484 5158 αὐτὴν
2508 5087 2818 5157 ἀνασφῆλαι
2846 5087 3124 5142 δύνασθαι.
3150 5090 3431 5144 Δείκνυσιν
3451 5085 3540 5142 οὖν
3563 5090 3714 5157 Θεὸς,

2136 5181 2218 5233 ὅτι
2233 5181 2340 5233 τῶν
2362 5181 2608 5250 κεράτων
2628 5179 3099 5249 παρωξυμμένων,
3118 5185 3360 5235 τουτέστι
3400 5181 3506 5234 τῶν
3523 5182 3715 5248 ἐθνῶν,

2137 5274 2253 5342 ἤτοι
2282 5273 2388 5324 τῶν
2425 5272 2732 5341 βασιλειῶν,
2765 5271 2859 5324 καὶ
2893 5273 2982 5325 τὸν
3018 5275 3154 5343 πρὸς
3192 5274 3450 5344 ἀλλήλους
3482 5275 3718 5345 πόλεμον

2137 5364 2675 5435 συγκεκροτηκὸτων,
2721 5363 3042 5436 ἀνεθήτεται
3097 5369 3193 5436 μὲν
3221 5365 3456 5435 Ἰσραὴλ,
3503 5369 3713 5439 οἰκήσει

2137 5453 2193 5507 δὲ
2234 5455 2394 5511 πάλιν
2427 5455 2884 5527 κατευρυνθεῖσαν
2926 5456 3025 5527 τὴν
3068 5454 3414 5525 Ἰερουσαλὴμ
3463 5457 3557 5510 καὶ
3592 5457 3714 5528 θεία
3789 5485 3798 5493 --

543 5793 619 5862 (Ι)
654 5792 911 5864 Suspicor
944 5794 1120 5852 minus
1153 5814 1310 5868 quam
1342 5815 1436 5870 pro
1468 5799 1671 5856 lacuna:
1699 5804 1893 5872 spatio,
1929 5813 2019 5860 aut
2052 5795 2188 5864 πωπω
2213 5808 2374 5864 etiam
2408 5809 2537 5866 nihil
2565 5811 2628 5868 ad
2657 5811 2976 5868 sententiam
3005 5809 3283 5866 omissum.
3315 5810 3597 5880 lntcrprcs.
