4092 6202
373 168 439 220 53
1208 160 1750 219 COMMENTARIUS
1787 159 1852 216 IN
1896 160 2297 217 ZACllAlllAM
2335 162 2777 218 PROPHETAM.
3549 159 3619 215 31

369 281 597 350 δυνάμει
639 278 1104 349 πεπυργωμένην,
1136 280 1229 331 καὶ¹
1270 274 1382 332 οἷον
1410 280 1612 350 ἀμάχῳ
1646 280 1806 349 φλογὶ
1834 282 1953 344 ταῖς

2058 280 2274 335 ﬂamma
2314 282 2754 352 circumseptam.
2789 279 2975 334 Currit
3000 292 3129 349 ergo
3155 276 3377 349 angelus
3407 286 3465 330 ut
3514 290 3622 333 mc-

370 370 577 425 ἄνωθεν
603 367 916 438 εὐμενείαις
944 366 1333 438 διεζωσμένην.
1368 368 1563 443 Τρέχει
1591 371 1768 422 τοίνυν
1791 372 1820 423 ό
1845 370 1944 438 ἅγ-

371 461 526 528 γελος
558 459 891 531 ἐκμετρῆσαι
933 458 1033 528 τὴν
1070 456 1449 529 Ἰερουσαλὴμ,
1485 460 1579 513 καὶ
1624 455 1735 513 οἷον
1764 461 1945 531 ὁρίσαι

372 553 633 606 πλατεῖαν
671 550 842 621 αὐτὴν
895 551 991 605 καί⁵
1038 550 1475 623 εὐμηκεστάτην.
1508 552 1619 605 Καὶ
1653 554 1809 606 ταυτὶ
1847 553 1945 624 μὲν

377 645 683 717 ἱστορικῶς.

437 738 607 807 Φαίην
656 736 702 790 δ’
748 735 816 791 ἂν
861 737 943 791 ὅτι
1001 737 1095 791 καὶ
1146 737 1232 790 ἐπ’
1265 738 1436 809 αὐτῆς
1484 738 1585 808 τῆς
1624 738 1947 810 Ἐκκλησίας

370 827 606 897 Χριστοῦ
637 830 813 881 νοοῖτο
852 826 921 880 ἂν
949 828 1175 891 εἰκότως
1205 830 1237 899 ὴ
1268 829 1479 900 ὅρασις.
1517 829 1946 900 Τετυραννεύκει

372 919 471 989 μὲν
496 918 603 989 γὰρ
643 917 786 971 κατὰ
819 917 1035 971 πάντων
1064 920 1093 971 ό
1119 919 1368 983 Σατανᾶς
1394 919 1504 973 τῶν
1533 920 1699 974 ὄντων
1732 920 1824 973 ἐπὶ
1846 921 1948 990 τῆς

370 1010 496 1080 γῆς,
524 1011 622 1063 καὶ
646 1009 949 1078 γεγόναμεν
994 1009 1348 1078 αἰχμάλωτοι,
1383 1013 1494 1075 τοῖς
1526 1011 1737 1064 ἐκείνου
1764 1011 1948 1079 ζυγοῖς

371 1099 816 1171 ὑπενηνεγμένοι.
834 1098 975 1151 ⁹Δλλ⁹
1007 1102 1038 1170 ἡ
1066 1099 1161 1154 τοῦ
1195 1101 1447 1171 Σωτῆρος
1475 1102 1634 1173 χάρις
1661 1102 1948 1173 συνέτριψε

374 1191 472 1260 μὲν
495 1190 554 1243 τὸ
578 1190 785 1243 ἐκείνου
811 1189 1003 1260 κέρας,
1033 1190 1399 1245 κατελέπτυνε
1424 1192 1481 1245 δὲ
1499 1193 1597 1265 τὴν
1625 1194 1944 1265 ὑπεροψίαν.

372 1277 787 1350 Τεθριάμϐευκε
834 1278 943 1347 γὰρ
988 1279 1163 1348 ἀρχάς
1205 1296 1265 1333 τι
1302 1282 1398 1335 καὶ
1431 1282 1680 1346 ἐξουσίας
1724 1284 1818 1337 καὶ
1855 1301 1950 1337 κο·-

374 1370 790 1441 σμοκράτορας,
824 1369 926 1433 τὰς
967 1371 1352 1441 ἀντικειμένας
1397 1373 1674 1443 δυνάμεις,
1716 1373 1948 1439 ἐξείλετο

371 1463 430 1515 δὲ
458 1462 627 1532 ἡμᾶς.
654 1462 747 1515 καὶ
774 1460 881 1514 τῶν
912 1461 1121 1515 ἐκείνου
1147 1462 1361 1533 δεσμῶν
1396 1464 1948 1537 ἁπέλυσεν.Ἥγειρεν

375 1551 534 1622 ἡμῶν
575 1552 677 1623 τὴν
710 1551 1054 1622 Ἐκκλησίαν,
1087 1552 1184 1624 τὴν
1232 1555 1396 1623 ἁγίαν
1443 1555 1657 1628 ἀληθῶς
1695 1558 1790 1611 καὶ
1829 1557 1948 1612 δια-

2051 374 2216 427 tiatur
2261 371 2584 437 Jerusalem.
2613 372 2835 440 ejusque
2886 369 3216 424 latitudinem
3278 377 3334 423 et
3391 368 3622 439 longitu-

2050 469 2231 524 dinem
2262 470 2417 538 quasi
2473 467 2714 523 deliniat.
2746 467 2811 522 Et
2844 467 2956 521 hare
3001 463 3217 535 quidem
3248 463 3526 519 historice.

2124 739 2513 796 Aliirmaverim
2544 753 2706 808 porro
2733 737 2895 792 etiam
2924 735 2992 791 de
3038 733 3152 805 ipsa
3192 731 3395 789 Christi
3434 729 3620 786 Eccle-

2052 830 2130 885 sia
2203 831 2376 884 visum
2424 830 2525 883 hoc
2564 837 2688 898 apte
2738 825 2995 897 explicari
3050 838 3227 894 posse.
3295 821 3624 877 Exercuerat

2052 921 2195 974 enim
2227 919 2563 990 tyrannidem
2599 918 2830 973 Satanas
2891 919 2943 972 in
2997 915 3253 971 mortales
3318 914 3619 977 universos,

2052 1025 2379 1081 eramusque
2411 1010 2640 1080 captivi,
2682 1007 2825 1063 illius
2843 1006 2971 1077 iugo
3008 1005 3227 1061 subditi.
3262 1003 3457 1059 Verum
3503 999 3624 1056 Sal-

2051 1103 2256 1157 vatoris
2292 1103 2466 1171 gratia
2512 1103 2630 1169 ejus
2678 1115 2848 1155 cornu
2886 1097 3162 1161 contrivit,
3213 1104 3268 1151 et
3315 1094 3620 1162 superbiam

2053 1193 2365 1247 attenuavit.
2400 1192 2780 1261 Triumphavit
2812 1190 2957 1247 enim
3018 1189 3312 1259 principes,
3364 1196 3420 1240 et
3467 1198 3619 1253 pute-

2053 1287 2239 1344 states,
2265 1290 2319 1335 et
2357 1281 2538 1335 mundi
2583 1288 2843 1343 rectores,
2886 1289 2939 1335 et
2971 1277 3309 1334 adversariae
3366 1276 3620 1338 virtutes,

2050 1373 2214 1445 667
2244 1373 2550 1444 eripuitque
2584 1386 2699 1435 nos.
2735 1381 2791 1426 et
2842 1371 2986 1426 illius
3037 1369 3293 1425 vinculis‘
3327 1366 3619 1436 expedivit.

2052 1463 2322 1520 Excitavit
2360 1464 2655 1519 Ecclesiam
2686 1471 2925 1518 nostram
2963 1476 3088 1517 vere
3109 1467 3368 1524 sanctam,
3388 1469 3443 1514 et
3482 1457 3621 1512 fatua

2054 1559 2284 1613 nobilem
2315 1557 2609 1621 civitatem,
2630 1555 2790 1610 latam
2823 1566 2880 1610 et
2904 1555 3294 1624 longissimam,
3316 1565 3475 1622 quam
3499 1563 3623 1604 cum

365 1642 568 1713 ἦόητον
608 1642 801 1705 πόλιν,
848 1641 949 1713 τὴν
1001 1641 1218 1714 εὐρεῖαν
1266 1644 1358 1696 καὶ
1408 1645 1846 1717 εὐμηκεστάτην,
1879 1649 1946 1718 ἢν

2055 1650 2222 1705 Fructu
2257 1650 2538 1705 incolimus
2559 1649 2828 1713 homines,
2853 1656 2909 1705 et
2933 1646 3197 1716 iumenta,
3228 1645 3330 1702 hoc
3360 1650 3446 1701 est
3501 1656 3623 1698 ver-

374 1732 745 1803 κατακάρπως
798 1733 1097 1805 ᾠκήκαμεν
1164 1733 1439 1805 ἄνθρωποί
1492 1754 1551 1789 τε
1605 1738 1699 1792 καὶ
1754 1739 1947 1809 κτήνη,

372 1823 651 1876 τουτέστιν
700 1823 751 1876 oi
788 1822 1160 1894 λελογωμένοι
1197 1841 1256 1878 τε
1281 1825 1402 1897 ήδη,
1433 1828 1527 1881 καὶ
1546 1829 1594 1881 oi
1620 1828 1788 1899 μήπω
1815 1830 1951 1899 πρὸς

374 1916 531 1970 τοῦτο
573 1906 811 1986 ἥκοντες
850 1919 1071 1987 μέτρου,
1107 1917 1386 1989 μέλλοντες
1426 1919 1482 1973 δὲ
1530 1920 1624 1974 καὶ
1660 1937 1950 1992 μυσταγω-

380 2006 654 2076 γούμενοι.
695 2008 1118 2078 Κατῳκήκαμεν
1160 2008 1338 2074 πόλιν,
1388 2010 1455 2081 ἦν
1508 2010 1672 2075 αὐτὸς
1724 2012 1950 2081 τειχίζει

377 2098 631 2170 Χριστὸς,
660 2098 924 2169 ἀρρήτοις
963 2098 1221 2166 δυνάμεσι
1252 2100 1609 2170 καταφλέγων
1656 2103 1783 2165 τοὺς
1822 2103 1950 2156 ἀνθ-

378 2193 693 2262 εστηκότας.
726 2192 821 2244 καὶ
863 2191 961 2261 τῆς
1002 2192 1193 2246 ἑαυτοῦ
1237 2191 1397 2264 δόξης
1436 2193 1821 2265 ἀναπιμπλῶν,
1855 2195 1951 2249 καὶ

376 2280 486 2337 οἷον
506 2280 751 2354 ἑστηκὼς
770 2283 829 2336 ἐν
854 2283 1004 2353 μέσῳ
1029 2284 1136 2338 τῶν
1155 2285 1465 2348 οἰκούντων,
1489 2279 1571 2349 οἷς
1586 2286 1951 2357 ἐπηγγέλλετο

378 2374 577 2441 λέγων·
613 2393 631 2425 ι
654 2372 782 2427 Ἰδοὺ
812 2374 923 2442 ἐγὼ
948 2373 1067 2444 μεθ’
1090 2375 1245 2444 ὑμῶν
1273 2376 1388 2447 είμι
1416 2376 1596 2441 πάσας
1617 2378 1717 2441 τὰς
1738 2377 1951 2449 ἡμέρας

377 2466 484 2529 ἕως
511 2466 610 2536 τῆς
651 2466 955 2529 συντελείας
985 2466 1079 2519 τοῦ
1110 2467 1325 2531 αἰῶνος.
1356 2487 1375 2520 ι
1406 2468 1623 2538 Ταύτης
1661 2470 1761 2539 τῆς
1790 2469 1953 2538 ἁγίας

381 2558 589 2620 πόλεως
635 2558 959 2629 διεμέμνητό
1003 2575 1106 2611 που
1159 2560 1251 2612 καί
1300 2562 1330 2612 ό
1378 2560 1664 2632 προφήτης
1703 2560 1950 2623 Ἡσαΐας,

382 2648 579 2714 λέγων·
618 2665 635 2697 ι
665 2649 725 2701 Οί
746 2647 1007 2719 ὀφθαλμοί
1032 2666 1123 2702 σου
1143 2650 1366 2719 ὄψονται
1400 2652 1774 2723 Ἰερουσαλὴμ,
1801 2653 1952 2716 πόλις

390 2734 643 2800 πλουσία,
682 2738 873 2806 σκηναὶ
918 2735 971 2791 αἶ
1020 2739 1080 2792 οὐ
1137 2738 1211 2810 μὴ
1260 2739 1566 2807 σεισθῶσιν,
1620 2742 1730 2794 οὐδ’
1762 2742 1823 2795 οὐ
1876 2740 1951 2813 μὴ

391 2825 718 2880 σαλευθῶσιν
747 2828 796 2880 οί
836 2829 1099 2882 πάσσαλοι
1127 2829 1226 2900 τῆς
1264 2831 1467 2901 σκηνῆς
1513 2832 1700 2902 αὐτῆς.
1736 2832 1854 2886 οὐδὲ
1885 2833 1953 2887 τὰ

387 2918 594 2988 σχοινία
626 2920 793 2991 αὐτῆς
820 2921 880 2974 οὐ
917 2923 991 2995 μὴ
1025 2922 1378 2993 διαρραγῶσι.
1407 2941 1427 2976 ι
1466 2924 1575 2977 Καὶ
1607 2924 1743 2994 πρὸς
1782 2924 1952 2997 αὐτὴν

380 3010 439 3064 δέ
479 3028 648 3081 φησι-
682 3031 700 3063 ι
730 3014 1003 3067 Πλάτυνον
1036 3015 1125 3068 τὸν
1153 3015 1316 3068 τόπον
1352 3015 1451 3086 τῆς
1491 3017 1694 3088 σκηνῆς
1735 3033 1831 3071 σου
1856 3018 1954 3071 καὶ

382 3102 491 3156 τῶν
519 3102 755 3158 αὑλαιῶν
784 3121 897 3159 σου.
931 3104 1126 3176 Πῆξον,
1165 3107 1238 3178 μὴ
1265 3107 1447 3179 φείσῃο
1472 3108 1552 3161 ἔτι
1588 3109 1665 3173 εἰς
1706 3108 1777 3162 τὰ
1804 3109 1955 3175 δεξιὰ

386 3194 479 3246 καὶ
512 3195 589 3258 εἰς
625 3195 693 3248 τὰ
720 3195 984 3267 ἀριστερὰ
1011 3198 1329 3252 ἐκπέτασον.
1360 3217 1380 3250 ι
1416 3199 1818 3270 Κατευρύνεται
1845 3200 1954 3273 γὰρ

386 3286 422 3353 ἡ
454 3284 748 3355 Ἐκκλησία
796 3286 1055 3357 Χριστοῦ,
1099 3288 1194 3342 καὶ
1240 3290 1319 3352 είς
1361 3289 1588 3362 ἄπειρον
1631 3291 1951 3357 ἐκτείνεται,

387 3376 789 3447 ἀναριθμήτους
822 3377 908 3431 ἀεὶ
936 3378 1193 3450 δεχομένη
1229 3382 1357 3445 τοὺς
1398 3382 1834 3453 προσκυνοῦντας
1859 3384 1955 3439 αὐ-

387 3467 502 3521 τόν.

460 3560 545 3625 Ὦ,
598 3556 645 3613 ὣ
693 3560 940 3630 φεύγετε
981 3562 1050 3616 ἐκ
1096 3563 1208 3633 γῆς
1249 3564 1463 3635 βορῤᾶ,
1514 3566 1676 3636 λέγει
1716 3568 1953 3637 Κύριος,

386 3650 538 3704 διότι
588 3652 656 3706 ἐκ
708 3651 830 3706 τῶν
886 3653 1197 3723 τεσσάρων
1245 3657 1479 3726 ἀνέμων
1534 3658 1641 3713 τοῦ
1694 3660 1955 3727 οὐρανοῦ

387 3742 638 3807 συνάξω
687 3744 862 3814 ὑμᾶς,
903 3745 1063 3815 λέγει
1100 3749 1336 3816 Κύριος.
1383 3751 1489 3816 Εἰς
1525 3748 1682 3804 Σιὼν
1726 3752 1961 3807 ἀνασώ-

392 3831 564 3892 ζεσθε
604 3836 656 3887 oi
693 3836 1107 3903 κατοικοῦντες
1137 3840 1427 3909 θυγατέρα
1452 3844 1829 3909 Βαϐυλωνος.

468 3924 563 3983 lB'.
619 3925 1025 3995 Ἐπιστυγνάζει
1065 3930 1163 3997 μὲν
1206 3930 1394 4003 ὥσπερ
1425 3936 1537 3997 τοῖς
1579 3934 1809 3989 παθοῦσι
1856 3937 1958 4008 τὴν

390 4014 793 4085 αἰχμαλωσίαν,
838 4018 914 4080 ὡς
952 4018 1226 4074 δύσοιστον
1252 4023 1512 4078 ἁνατλᾶσι
1548 4025 1644 4101 τὴν
1685 4028 1962 4084 ταλαιπω-

393 4106 541 4177 ρίαν,
576 4109 670 4160 καὶ
698 4106 762 4179 δὴ
794 4108 888 4164 καὶ
919 4111 1374 4183 ἁπονοσφίζεσθαι
1413 4118 1623 4173 κελεύει
1651 4122 1835 4175 λοιπὸν
1859 4123 1960 4193 τῆς

390 4199 681 4251 Χαλδαίων
714 4199 916 4272 χώρας,
944 4204 1029 4268 ὡς
1077 4206 1196 4260 ἐνὸν
1240 4208 1340 4280 ήδη
1379 4210 1536 4263 τοῦτο
1575 4211 1707 4283 δρᾷν
1749 4214 1955 4279 αὐτοῖς,

2050 1740 2119 1794 bo
2142 1740 2237 1795 Dei
2268 1738 2502 1795 instituti
2520 1740 2657 1808 jam,
2691 1749 2747 1794 et
2778 1739 2869 1809 qui
2907 1739 2977 1793 ad
3003 1739 3145 1792 hunc
3167 1738 3454 1792 terminum
3487 1749 3622 1789 non—

2051 1829 2176 1883 dum
2204 1840 2581 1899 pervenerunt,
2621 1829 2937 1897 pervenient
2980 1839 3158 1884 autem
3185 1867 3200 1891 ,
3227 1836 3281 1883 et
3332 1841 3487 1882 sacra
3528 1825 3622 1881 do-

2046 1917 2225 1972 htrina
2242 1917 2416 1972 adhuc
2442 1918 2772 1973 imbuuntur.
2800 1917 3112 1973 llahitamus
3140 1917 3435 1983 civitatem,
3458 1930 3621 1985 quam

2054 2009 2228 2064 munit
2253 2010 2367 2079 ipse
2388 2009 2639 2066 Christus
2664 2010 2890 2077 viribus,
2932 2018 3163 2081 quantas
3178 2009 3353 2065 oratio
3384 2008 3622 2077 comple-

2050 2102 2124 2156 cti
2176 2099 2319 2156 nulla
2376 2109 2575 2172 potest,
2604 2116 2765 2156 urens
2817 2100 3174 2167 adversarios,
3216 2108 3272 2154 et
3310 2097 3477 2169 gloria
3521 2112 3620 2153 sua

2053 2192 2376 2262 implens,et
2402 2193 2556 2261 quasi
2584 2192 2637 2246 in
2663 2191 2838 2247 medio
2874 2190 3229 2246 habitantium
3280 2197 3449 2253 stans,
3504 2190 3623 2258 qui-

2052 2286 2152 2341 bus
2182 2286 2235 2340 id
2264 2284 2532 2354 promisit,
2558 2284 2609 2339 in
2644 2285 2759 2338 [nec
2809 2283 2971 2339 verba
3003 2300 3019 2339 :
3046 2301 3064 2335 ι
3103 2282 3245 2337 Ecce
3293 2293 3394 2347 ego
3444 2278 3624 2334 vobis-

2052 2390 2173 2430 cum
2210 2389 2329 2430 sum
2357 2375 2609 2430 omnibus
2648 2374 2835 2430 diebus
2896 2387 3066 2445 usque
3095 2372 3161 2427 ad
3205 2371 3626 2427 consummatio-

2053 2482 2174 2522 nem
2206 2467 2386 2523 δαιτυΙὶ
2408 2468 2474 2521 η.
2500 2480 2519 2515 ι
2542 2466 2713 2536 Hujus
2736 2474 2937 2521 sancta:
2967 2464 3204 2520 civitatis
3233 2462 3479 2518 meminit
3526 2460 3627 2514 ali-

2052 2560 2176 2614 cubi
2204 2559 2465 2628 propheta
2492 2573 2710 2630 quoque
2736 2556 2919 2621 Isaias,
2952 2558 3035 2612 his
3068 2556 3249 2612 verbis
3271 2571 3290 2609 :
3321 2573 3342 2606 ι
3372 2553 3523 2609 Oculi
3547 2553 3623 2608 tui

2054 2651 2311 2706 videbunt
2338 2648 2657 2715 Jerusalem,
2684 2649 2876 2705 civitas
2909 2649 3076 2711 dives,
3127 2644 3472 2702 tabernacula
3505 2658 3626 2714 qua

2054 2756 2160 2796 non
2188 2740 2687 2805 commovebuntur,
2725 2753 2899 2810 neque
2926 2738 3283 2795 movebuntur
3313 2735 3494 2807 paxilli
3544 2746 3626 2790 ta-

2053 2832 2329 2889 bernaculi
2355 2832 2490 2901 ejus,
2513 2845 2690 2900 neque
2714 2829 2936 2886 funiculi
2961 2828 3079 2899 ejus
3107 2826 3582 2897 disrumpentur“.
3600 2844 3619 2877 ι

2056 2925 2121 2979 Ει
2150 2926 2319 2994 ipsam
2360 2923 2439 2980 sic
2468 2922 2778 2991 alloquitur.
2814 2940 2833 2974 ι
2865 2920 3036 2975 Dilata
3092 2920 3268 2975 locum
3298 2917 3625 2974 tabernaculi

2057 3016 2154 3081 tui,
2189 3024 2247 3071 et
2278 3014 2632 3071 tentoriorum
2657 3022 2889 3069 tuorum.
2930 3012 3082 3083 Fige,
3109 3024 3175 3066 ne
3206 3024 3421 3079 parcas,
3449 3009 3627 3064 adhuc
3740 3044 3745 3049 -

2054 3109 2119 3161 ad
2143 3107 2416 3163 dexteram
2441 3113 2495 3162 et
2521 3106 2799 3162 sinistram
2826 3104 2989 3160 dilata
3018 3102 3086 3158 “.
3121 3119 3140 3155 ι
3178 3099 3441 3156 Dilatatnr
3484 3099 3628 3154 enim

2056 3197 2293 3254 Ecclesia
2352 3196 2595 3264 Christi,
2644 3206 2700 3252 et
2746 3198 2799 3252 in
2872 3197 3195 3250 immensum
3271 3190 3627 3256 extenditur,

2055 3289 2476 3347 innumerabiles
2550 3304 2764 3361 semper
2830 3289 3007 3360 ipsum
3083 3288 3374 3343 adorantes
3456 3284 3632 3342 susci-

2055 3397 2227 3453 piens.

2128 3583 2292 3640 Vsus.
2325 3583 2387 3649 6,
2417 3583 2469 3639 7.
2503 3580 2580 3645 0,
2608 3597 2637 3635 ο
2683 3579 2846 3649 fugite
2885 3579 2949 3632 de
2990 3586 3131 3632 terra
3170 3574 3463 3651 aquilonis,
3494 3575 3629 3630 dicit
3734 3654 3743 3659 _

2056 3676 2315 3732 Dominus
2340 3690 2358 3728 :
2382 3677 2501 3747 quia
2528 3676 2591 3728 de
2610 3683 2836 3744 quatuor
2862 3671 3022 3725 ventis
3042 3674 3159 3731 caeli
3179 3667 3498 3746 congregabo
3520 3692 3628 3736 vos.

2056 3766 2183 3820 dicit
2210 3765 2484 3821 Dominus.
2506 3763 2573 3819 In
2603 3762 2729 3819 Sion
2759 3761 3056 3834 salvamini,
3078 3767 3165 3839 qui
3191 3766 3440 3821 habitatis
3463 3766 3631 3835 [ilium

2060 3855 2369 3927 Babylonis.

2134 3947 2171 4004 Χ
2188 3947 2248 4005 ll.
2273 3947 2580 4021 lngetuiscit
2601 3948 3000 4020 quodammodo
3024 3962 3187 4019 super
3210 3946 3277 4002 iis
3321 3946 3411 4017 qui
3437 3944 3631 4014 captivi

2062 4043 2306 4109 fuerant,
2338 4051 2397 4096 ut
2442 4056 2681 4095 aerumna
2732 4039 3063 4097 intolerabili
3109 4038 3359 4095 exercitis
3408 4051 3424 4092 :
3473 4046 3635 4106 atque

2064 4135 2229 4190 etiam
2263 4134 2327 4189 de
2360 4143 2556 4189 caetero
2587 4133 2846 4190 decedere
2865 4132 3233 4189 Chaldaeorum
3269 4140 3411 4187 terra
3443 4130 3632 4184 horta-

2061 4230 2167 4287 tur,
2187 4223 2329 4292 quod
2356 4223 2460 4278 illis
2482 4224 2594 4293 jam
2619 4222 2760 4278 istud
2784 4223 2962 4280 facere
2987 4209 3198 4279 nemine
3218 4230 3432 4278 vetante
3456 4220 3636 4295 liceat,

390 4288 729 4383 ἐξείργοντος
761 4292 992 4360 οὐδενὸς,
1036 4297 1200 4351 αὐτοῦ
1227 4316 1285 4352 τε
1327 4300 1672 4369 συλλέγοντος
1702 4307 1766 4358 ὲκ
1796 4306 1957 4359 τόπου

2066 4326 2118 4370 et
2151 4315 2266 4383 ipse
2305 4314 2540 4369 hostium
2585 4315 3030 4382 impressionibus
3076 4314 3355 4382 dispersos
3395 4288 3632 4382 colligat.

390 4380 593 4475 scorto;
621 4383 745 4446 τοὺς
768 4388 888 4447 ταῖς
914 4386 1022 4441 τῶν
1051 4389 1326 4460 πολεμίων
1348 4393 1669 4462 προσϐολαῖς
1704 4412 1957 4450 κατεσκε-

2069 4380 2261 4462 Filiam
2290 4419 2452 4475 porro
2469 4380 2757 4475 Babylonis
2778 4412 2832 4457 et
2852 4412 3048 4457 terram
3074 4380 3341 4470 aquilonis
3365 4380 3638 4456 Chaldaeo-

388 4470 710 4578 δεκομένους.
763 4476 1047 4551 Θυγατέρα
1089 4482 1145 4534 δὲ
1191 4483 1539 4549 Βαϐυλῶνος,
1596 4488 1688 4540 καί
1734 4489 1837 4559 γῆν
1871 4492 1957 4546 τοῦ

2075 4512 2191 4551 rum
2211 4497 2479 4565 regionem
2500 4495 2759 4550 nominat.
2777 4491 3096 4563 Metropoles
3108 4492 3253 4547 enim
3271 4489 3392 4544 aliis
3414 4487 3639 4543 urbibus

393 4560 591 4634 βορρᾶ,
636 4566 736 4637 τὴν
774 4569 886 4620 τῶν
929 4572 1209 4629 Χαλδαίων
1229 4573 1412 4646 χώραν
1453 4577 1725 4648 ὀνομάζει.
1758 4582 1822 4634 Al
1858 4582 1957 4657 γὰρ

2074 4587 2177 4641 sibi
2200 4560 2460 4653 subjectis
2478 4585 2646 4641 instar
2675 4593 2909 4639 matrum
2941 4560 3086 4637 sunt.
3106 4578 3484 4659 Chaldaeorum
3511 4592 3640 4634 vero

397 4659 761 4727 μητροπόλεις
787 4663 849 4715 ὲν
867 4662 1019 4727 τάξει
1051 4664 1302 4737 μητέρων
1324 4668 1587 4723 τέθεινται
1611 4674 1731 4734 ταῖς
1758 4672 1957 4739 ἄλλαις,

2077 4671 2223 4742 regio
2242 4673 2551 4743 aquilonem
2569 4671 3044 4727 iutcretorientem
3065 4672 3168 4728 sita
3182 4679 3287 4726 est.
3308 4669 3374 4725 Et
3396 4668 3498 4725 ista
3521 4668 3644 4739 qui-

394 4745 456 4799 αῖ
489 4749 778 4818 πράττοιεν
813 4750 880 4804 ἂν
906 4752 996 4805 ὑπ’
1020 4754 1230 4817 αὐταῖς.
1262 4754 1583 4829 Βορειοτὲρα
1626 4758 1683 4812 δέ
1720 4776 1836 4824 πως
1875 4763 1957 4814 xui

2079 4763 2246 4817 denta
2268 4765 2420 4820 nobis
2437 4769 2729 4819 secundum
2751 4764 3031 4821 historiam
3057 4765 3198 4821 dicta
3219 4777 3432 4819 rursum
3456 4773 3640 4820 sunto.
3736 4823 3741 4829 ,

395 4835 535 4984 12:;
558 4834 643 4904 ἠὼ
670 4839 920 4910 κειμένη,
951 4839 1060 4894 τῶν
1091 4841 1373 4897 Χαλδαίων
1409 4846 1442 4916 ἡ
1484 4844 1658 4917 χώρα.
1699 4848 1807 4901 Καὶ
1845 4851 2002 4903 ταυτὶ
2043 4851 2142 4921 μὲν
2175 4855 2327 4924 ἡμῖν,
2355 4853 2429 4919 ὡς
2471 4854 2610 4927 πρός
2653 4872 2717 4925 γε
2782 4853 2851 4909 τὰ
2883 4856 2948 4908 ὲκ
2995 4855 3094 4921 τῆς
3137 4855 3377 4925 ἱστορίας
3408 4853 3645 4927 είρήσθω

397 4947 444 4982 τι
515 4947 586 4983 ιν.
2586 4956 2591 4960 .

397 4947 586 4983 παλιν.
2586 4956 2591 4960 .

472 5021 793 5090 Μεταφοιτᾷ
822 5021 879 5074 δὲ
912 5023 942 5075 ὁ
970 5021 1128 5091 λόγος
1160 5024 1239 5085 είς
1279 5023 1511 5094 θεωρίαν
1541 5023 1641 5094 τὴν
1683 5042 1957 5098 meumst.

2056 5074 2062 5097 ,
2156 5028 2379 5084 Transit
2397 5038 2573 5085 autem
2597 5045 2778 5086 sermo
2795 5031 2861 5085 ad
2877 5031 3361 5088 considerationem
3381 5030 3640 5097 Spit-iura-

397 5110 527 5181 κὴν.
551 5114 647 5165 καὶ
684 5111 745 5165 τὸ
773 5110 867 5164 τοῦ
896 5114 1146 5185 Σωτῆρος
1173 5115 1274 5185 ἥδη
1298 5132 1412 5178 πως
1440 5116 1766 5187 είσκρίνεται
1793 5118 1957 5190 πρόσ-

2072 5116 2197 5184 lem,
2220 5127 2274 5173 ct
2301 5133 2585 5188 personam
2612 5120 2907 5177 Salvatoris
2929 5120 3182 5191 deinceps
3215 5120 3470 5182 insinuat,
3498 5117 3639 5172 dulci

397 5215 572 5261 ωπον,
632 5200 1198 5272 καταγλυκαινομένου
1257 5202 1457 5272 τρόπον
1505 5203 1625 5257 τινὰ
1645 5244 1660 5270 ,
1714 5206 1873 5274 μόνον
1913 5204 1957 5257 δὲ

2077 5208 2269 5266 affectu
2308 5211 2467 5265 veluti
2518 5212 2897 5280 liquescentis,
2929 5219 2983 5265 et
3018 5210 3400 5282 propemodum
3432 5207 3642 5281 illacry-

397 5290 525 5358 οὐχὶ
565 5291 657 5343 καὶ
689 5292 1109 5363 ἐπιδακρύοντος
1139 5296 1249 5357 τοῖς
1289 5296 1381 5348 ἐπὶ
1411 5295 1509 5367 τῆς
1536 5294 1659 5364 γῆς,
1689 5295 1777 5349 διά
1804 5313 1887 5349 τοι
1912 5297 1957 5348 τί

2080 5302 2278 5356 mantis
2292 5302 2626 5369 mortalibus,
2658 5303 2783 5374 quia
2795 5319 2985 5359 omnes
2999 5305 3061 5359 ad
3078 5314 3361 5373 tyrannum
3381 5300 3641 5357 Satanam

400 5379 613 5443 πάντας
641 5381 736 5452 τὴν
763 5382 856 5436 τοῦ
872 5386 1303 5456 τυραννήσαντος
1325 5386 1537 5440 Σατανᾶ
1562 5387 1813 5459 λατρείαν
1843 5389 1957 5441 ὐπο-

2080 5393 2360 5449 coleudum
2401 5405 2708 5465 properent,
2728 5405 2779 5451 et
2803 5396 2876 5450 illi
2910 5395 3148 5451 serviant
3171 5392 3485 5451 servitutem
3510 5394 3645 5452 adeo

483 5558 526 5587 ³³
556 5554 742 5614 Matth.
776 5577 967 5632 xxvut,
1002 5564 1090 5617 20.
1169 5565 1211 5596 ³³
1242 5565 1339 5621 lsa.
1379 5582 1575 5632 xxxiii,
1605 5567 1693 5622 ‘20.
1772 5569 1814 5600 ³³
1853 5568 1953 5623 lsa.
1984 5584 2091 5636 ur,
2128 5569 2180 5623 ἓ.
