4092 6202
407 226 480 284 57
1228 211 1779 273 COMMENTARIUS
1816 215 1885 271 IN
1925 210 2325 272 uenarum
2365 209 2808 268 PROPHETAM.
3438 180 3441 185 ’
3587 219 3658 276 53

415 334 817 404 Lmvsyxévm;
863 331 1047 399 ζυγοῖς
1091 330 1214 393 τοὺς
1268 331 1360 383 ἐπὶ
1401 330 1502 401 τῆς
1542 330 1667 401 γῆς,
1712 331 1989 385 τουτέστιν

2102 345 2206 401 gum
2244 339 2298 385 et
2334 328 2656 384 adversarim
2696 333 2990 398 potestates
3022 326 3349 397 impotenter
3383 327 3659 400 depraeda-

411 429 585 499 ἡμᾶς,
633 424 727 486 οὓς
779 424 834 477 αἱ
887 422 1119 493 πονηραὶ
1179 420 1268 474 καὶ
1324 420 1698 491 ἀντικείμεναι
1734 422 1990 492 δυνάμεις

415 519 657 587 ἀσχέτως
708 511 1109 583 κατεληϊζοντο.
1167 512 1525 567 Σκυλεύονται
1582 513 1638 566 δὲ
1693 515 1843 578 νυνὶ,
1894 512 1987 567 τοῦ

417 608 633 662 πάντων
669 605 825 675 ἡμῶν
848 603 1104 673 Σωτῆρος
1134 602 1369 673 Χριστοῦ
1396 604 1818 674 συγκομίζοντος
1844 605 1990 674 ἡμᾶς

413 697 505 753 διά
556 696 655 766 τῆς
706 694 946 758 πίστεως
1004 694 1086 758 είς
1138 690 1349 758 ἑαυτὸν,
1393 694 1488 747 καὶ
1537 693 1697 756 ίδίους
1746 693 1990 758 ίστάντος

414 783 824 857 προσηνητάς,
874 784 1000 846 τοὺς
1047 785 1167 847 ταῖς
1206 785 1338 855 παρ’
1391 783 1614 837 ἐκείνων
1659 782 1992 851 πλεονεξίαις

416 875 904 947 πεφορτισμένους,
940 875 1035 929 καὶ
1064 874 1332 944 τοσαύτην
1374 875 1505 946 ἡμῖν
1535 875 1864 948 παρέχοντος
1892 879 1991 948 τὴν

415 968 740 1036 ἀσφάλειαν,
764 966 904 1020 ὥστε
938 966 1029 1019 τὸν
1066 965 1316 1021 ἐθέλοντα
1342 966 1551 1035 λυπεῖν,
1583 968 1864 1039 μονονουχὶ
1890 968 1992 1040 τῆς

421 1059 561 1121 ἰδίας
598 1056 863 1112 ἅπτεσθαι
895 1058 1085 1127 κόρης.
1116 1057 1511 1130 Περιτρέπεται
1539 1059 1647 1131 γὰρ
1679 1061 1876 1134 ἀείπερ
1911 1064 1991 1127 είς

419 1151 535 1202 πᾶν
564 1148 871 1202 τούναντίον
897 1146 1004 1201 τῶν
1031 1148 1368 1219 πραγμάτιον
1405 1152 1439 1220 ἡ
1468 1149 1692 1215 ἔκϐασις
1732 1155 1843 1215 τοῖς
1868 1152 1991 1206 διώ-

419 1254 578 1291 κουσι
608 1240 707 1309 τῆν
747 1237 1091 1309 Ἐκκλησίαν,
1125 1237 1336 1306 λέγοιτο
1361 1239 1409 1293 δ’
1452 1240 1519 1294 ἂν
1558 1241 1643 1311 ἐφ’
1676 1243 1890 1314 ἑκάστῳ
1930 1242 1992 1296 τὸ

419 1332 481 1383 ἐν
513 1330 758 1399 Ψαλμοῖς
777 1348 790 1362 ·
830 1348 848 1380 ι
885 1330 1101 1383 Αάκκον
1133 1328 1328 1402 ὤρυξε,
1356 1331 1449 1384 καὶ
1486 1334 1787 1405 ἀνέσκαψεν
1808 1337 1989 1401 αὑτὸν,

418 1422 517 1475 καὶ
539 1423 859 1491 ἐμπεσεῖται
884 1420 962 1484 είς
997 1419 1188 1491 βόθρον
1235 1421 1295 1475 ὃν
1321 1423 1636 1492 εἰργάσατο·
1671 1426 1991 1497 ἐπιστρέψει

419 1514 448 1564 ό
495 1512 655 1574 πόνος
701 1509 866 1564 αὐτοῦ
903 1512 985 1574 είς
1012 1511 1254 1584 κεφαλὴν
1284 1514 1468 1580 αὐτοῦ,
1501 1517 1597 1569 καὶ
1620 1516 1711 1570 ἐπὶ
1749 1519 1991 1591 κορυφὴν

418 1603 585 1657 αὐτοῦ
616 1605 649 1672 ή
690 1602 870 1655 ἀδικία
919 1601 1087 1657 αὐτοῦ
1137 1603 1530 1676 καταϐήσεται.
1589 1625 1609 1658 ι
1665 1608 1894 1678 "Aderat
1926 1612 1991 1682 δὴ

2097 423 2310 477 bantur.
2341 419 2493 475 Nune
2535 419 2769 473 vicissim
2812 418 3128 486 spoliantur.
3159 418 3373 476 Christo
3418 424 3659 481 omnium

2099 524 2337 569 nostrum
2386 511 2666 566 Salvatore
2723 524 2822 563 nos
2878 510 2928 563 in
2989 509 3106 578 ipso
3156 524 3512 582 congregante
3565 531 3661 586 per

2098 604 2278 671 ﬁdem,
2301 612 2355 659 et
2380 603 2693 658 adoratores
2720 615 2845 656 suos
2875 601 3088 656 illorum
3121 592 3356 669 potentia
3406 611 3459 658 rt
3488 605 3662 661 domis

2098 697 2315 751 natione
2334 694 2616 750 alﬂictatos
2636 694 2967 760 iustituentc,
2986 702 3297 764 tantumque
3315 698 3661 754 securitatem

2099 788 2354 843 alferente
2381 797 2438 842 ut
2467 787 2557 857 qui
2591 786 2745 840 nobis
2778 785 3037 839 exhibere
3060 784 3374 839 ‘molestiam
3408 794 3659 849 conetur,

2100 889 2302 934 tantum
2348 894 2455 933 non
2505 876 2753 947 pupillam
2802 891 2951 931 suam
3008 884 3211 946 tangat.
3251 876 3474 946 Semper
3516 880 3658 932 cnim

2099 971 2531 1041 persecutoribus
2567 969 2821 1025 Ecclesia
2856 978 3083 1024 conatus
3128 969 3365 1039 ipsorum
3413 969 3466 1023 in
3504 981 3658 1039 caput

2099 1062 2438 1124 reciderunt,
2474 1067 2532 1113 et
2572 1058 2743 1129 possit
2785 1071 2949 1127 super
2993 1071 3314 1126 unoquoque
3363 1056 3470 1111 dici
3518 1058 3662 1126 quod

2099 1161 2278 1209 exstat
2305 1152 2355 1206 in
2377 1150 2609 1206 Psalmis
2639 1170 2652 1205 :
2690 1168 2710 1202 ι
2748 1149 2946 1205 Lacum
2975 1149 3205 1218 aperuit,
3230 1158 3285 1203 et
3312 1147 3497 1203 ell'ndit
3517 1162 3660 1208 eum,

2099 1254 2151 1300 et
2192 1243 2347 1299 cadet
2382 1243 2435 1297 in
2480 1242 2688 1297 l'oveam
2725 1256 2885 1312 quam
2930 1239 3085 1307 fecit;
3130 1248 3472 1296 cunvertetur
3511 1236 3664 1293 labor

2097 1336 2215 1407 ejus
2258 1336 2310 1390 in
2349 1343 2507 1405 caput
2549 1333 2737 1404 ipsius,
2764 1342 2819 1388 et
2858 1333 2908 1386 in
2957 1333 3211 1387 verticem
3254 1331 3369 1402 ejus
3405 1331 3664 1401 iniquitas

2099 1427 2267 1497 ipsius
2306 1424 2592 1481 descendet
2611 1422 2678 1476 “.
2717 1441 2738 1475 ι
2775 1421 2981 1493 Tanget
3014 1422 3180 1492 igitur
3212 1435 3301 1488 se,
3334 1421 3542 1490 inquit,
3572 1420 3666 1490 qui

2098 1517 2384 1572 animabus
2419 1517 2472 1572 in
2510 1530 2595 1570 me
2629 1514 2964 1571 credentium
3011 1513 3317 1568 insidiatur.
3358 1513 3467 1567 lloc
3502 1512 3666 1581 igitur

2098 1623 2194 1680 per
2234 1608 2575 1664 Psalmistam
2620 1606 2750 1661 dicit
2794 1623 2809 1659 :
2862 1622 2882 1656 ι
2938 1602 3118 1660 Nolite
3173 1613 3393 1672 tangere
3430 1602 3665 1657 christus

417 1691 516 1747 οὖν
543 1693 760 1757 ἑαυτοῦ,
809 1694 993 1764 φησιν,
1043 1695 1071 1746 ό
1098 1696 1219 1758 ταῖς
1249 1694 1358 1748 τῶν
1401 1697 1525 1766 ἐμοὶ⁵
1562 1702 1999 1757 πεπιστευκότων

2103 1714 2277 1764 meos,
2304 1707 2363 1752 et‘
2387 1699 2440 1752 in
2474 1697 2754 1768 prophetis
2785 1696 2919 1751 meis
2948 1695 3113 1750 nolite
3144 1695 3419 1767 malignari
3442 1696 3508 1748 ".
3544 1712 3564 1746 ι
3610 1721 3669 1732 -

418 1784 789 1839 ἐπιϐουλεύων
813 1783 1031 1854 ψυχαῖς.
1072 1785 1243 1839 Τοῦτό
1271 1785 1351 1839 τοί
1383 1803 1517 1859 φησι
1545 1788 1639 1842 καὶ
1657 1790 1744 1844 διά
1770 1789 1870 1861 τῆς
1903 1791 1996 1845 τοῦ

417 1877 728 1939 Ψάλλοντος
757 1874 972 1944 φωνῆς’
1007 1894 1024 1925 ι
1065 1874 1157 1946 Μὴ
1188 1875 1423 1930 ἀπτεσθε
1453 1878 1563 1931 τῶν
1585 1880 1836 1951 Χριστῶν
1867 1898 1991 1952 μου,

417 1967 515 2020 καὶ
547 1969 606 2019 ὲν
626 1967 740 2030 τοῖς
773 1967 1079 2035 προφήταις
1107 1983 1209 2036 μου
1240 1967 1314 2039 μὴ
1345 1970 1733 2040 πονηρεύεσθε.
1755 1990 1774 2022 ι
1792 2002 1861 2013 -
1887 1993 1905 2025 ι
1929 1974 1993 2027 Εί

417 2059 537 2128 γάρ
563 2059 735 2128 ἐσμεν
780 2056 942 2126 σῶμα
979 2056 1235 2128 Χριστοῦ,
1271 2060 1364 2112 καὶ
1411 2060 1548 2132 μέλη
1595 2063 1659 2116 ἐκ
1711 2063 1923 2133 μέλους,
1968 2083 1988 2116 ι

419 2148 536 2210 πῶς
572 2146 642 2202 ἂν
670 2146 894 2217 πρόοιτο
919 2147 1031 2209 τοῖς
1057 2147 1504 2220 φιλαμαρτήμοσι
1543 2152 1604 2206 τὸ
1639 2154 1769 2207 [διον
1798 2154 1990 2225 σῶμας

2101 1806 2121 1840 ι
2173 1789 2230 1844 Si
2272 1787 2416 1843 enim
2461 1801 2648 1843 sumus
2695 1801 2893 1857 corpus
2943 1786 3175 1852 Christi,
3211 1796 3265 1841 et
3314 1785 3549 1841 membra
3598 1786 3668 1840 de

2100 1881 2341 1936 membro
2361 1880 2407 1913 “
2438 1880 2536 1953 (l),
2573 1897 2592 1932 ι
2618 1883 2883 1948 quomodo
2903 1893 3100 1950 corpus
3117 1894 3272 1934 suum
3293 1880 3667 1947 peccatoribus

2098 1970 2391 2041 obiecerit?
2415 1981 2508 2028 aut
2529 1973 2797 2042 quomodo
2823 1973 3062 2028 membra
3095 1986 3190 2026 sua
3215 1970 3369 2026 malis
3403 1969 3667 2025 cumulari

2099 2063 2451 2120 sustinuerit?
2480 2064 2611 2128 lmo,
2641 2063 2910 2133 quomodo
2939 2076 3044 2117 non
3074 2062 3262 2116 ultima
3293 2061 3442 2115 luant
3465 2058 3669 2130 suppli-

2098 2157 2207 2224 cia,
2233 2156 2323 2226 qui
2356 2157 2532 2213 servis
2555 2156 2675 2226 ejus
2701 2154 2963 2210 scelerate
2994 2148 3218 2207 insidias
3252 2151 3578 2207 moliuntur?

418 2242 453 2310 ἢ
489 2242 604 2304 πῶς
641 2239 891 2307 ἀνέξεται
924 2239 1109 2294 κακῶν
1137 2243 1487 2314 ἀναπιμπλᾷν
1524 2243 1593 2298 τά
1663 2245 1835 2318 μέλη;
1902 2246 2117 2302 Μᾶλλον
2146 2248 2227 2314 δὲ,
2272 2248 2388 2313 πῶς
2449 2249 2549 2302 οὐκ
2618 2247 2684 2302 ἂν
2724 2246 2824 2318 τὴν
2867 2246 3102 2318 ἐσχάτην
3139 2246 3453 2299 ἀποτίσειαν
3493 2243 3667 2313 δίκην,

418 2334 469 2386 οἱ
500 2333 614 2394 τοῖς
646 2330 743 2384 ὑπ’
768 2329 919 2402 αύτῷ
948 2332 1226 2400 γεγονόσιν
1259 2334 1487 2399 ἀνοσίως
1519 2336 1994 2416 ἑπιόουλεύοντες;

491 2422 647 2473 Διότι
702 2417 833 2473 ἰδοὺ
884 2418 1001 2489 ἐγὼ
1046 2420 1302 2490 ἐπιφέρω
1360 2422 1477 2491 τὴν
1530 2424 1699 2494 χεῖρά
1741 2445 1861 2497 μου
1898 2427 1991 2481 ἐπ’

421 2509 665 2577 αὐτοὺς,
722 2510 823 2564 καὶ
873 2510 1118 2565 ἔσονται
1161 2512 1365 2567 σκῦλα
1417 2514 1541 2581 τοῖς
1594 2516 1995 2573 δουλεύουσιν

428 2598 656 2664 αὐτοῖς,
684 2597 780 2652 καὶ
806 2598 1111 2666 γνώσεσθε
1140 2599 1290 2655 διότι
1329 2603 1543 2671 Κύριος
1571 2606 1995 2676 παντοκράτωρ

433 2687 846 2751 ἐξαπέστολκέ
867 2704 959 2757 με.

510 2780 609 2831 ΙΔ’.
654 2778 862 2848 Ἥψατο
886 2780 987 2852 γὰρ
1020 2781 1133 2836 τῶν
1176 2786 1633 2857 κοσμοκρατόρων
1673 2786 1768 2842 τοῦ
1805 2789 1999 2852 αἰῶνος
2056 2800 2061 2803 ’

2173 2425 2333 2479 Vens.
2363 2422 2415 2479 9.
2444 2421 2583 2489 Quia
2613 2437 2732 2476 ecce
2762 2436 2857 2491 ego
2884 2418 3054 2487 infero
3085 2433 3297 2471 manuni
3323 2422 3488 2475 meum
3518 2440 3671 2494 super

2098 2529 2208 2576 eos,
2224 2526 2269 2567 et
2292 2512 2654 2593 eruntOprwda:
2673 2512 2751 2563 his
2769 2509 2858 2579 qui
2877 2510 3156 2563 servierant
3176 2508 3269 2573 eis,
3285 2518 3332 2562 et
3354 2516 3669 2583 regnoscctis

2098 2604 2223 2674 quia
2252 2604 2502 2657 Dominus
2527 2602 2844 2669 omnipotens
2872 2600 3010 2654 misit
3034 2615 3134 2659 me.

2174 2773 2314 2831 xw.
2336 2774 2532 2845 Tetigit
2559 2774 2704 2832 enim
2733 2783 2973 2833 rectores
3000 2740 3183 2832 mundi
3216 2778 3372 2846 huius
3399 2779 3668 2849 Christus,

435 2868 621 2924 τούτου
644 2869 890 2941 Χριστὸς,
920 2872 1014 2926 καὶ
1039 2873 1295 2945 ἀφορήτῳ
1315 2874 1456 2945 χειρὶ
1479 2876 1577 2940 τὰς
1600 2877 1997 2949 τοῦκμιαιφόνου

2107 2880 2373 2937 manuque
2397 2866 2730 2924 intoleranda
2760 2868 2968 2924 cruenti
2993 2868 3245 2926 draconis
3275 2870 3451 2941 capita
3473 2875 3673 2929 contri-

431 2960 719 3031 δράκοντος
769 2962 1055 3032 συνέτριψε
1109 2964 1387 3033 κεφαλὰς,
1447 2966 1541 3019 καὶ
1588 2966 1818 3023 δέδωκεν
1866 2969 1998 3041 ἡμῖν

436 3071 455 3103 ι
498 3054 688 3105 πατεῖν
728 3053 914 3107 ἐπάνω
945 3054 1122 3124 ὄφεων
1166 3058 1260 3109 καὶ
1297 3056 1592 3127 σκορπίων,
1626 3060 1720 3112 καὶ
1765 3059 1857 3111 ἐπὶ
1893 3061 1999 3113 πᾶ-

434 3159 529 3197 σαν
555 3142 654 3214 τὴν
694 3142 925 3215 δύναμιν
964 3144 1059 3199 τοῦ
1104 3145 1322 3217 ἐχθροῦ.
1362 3167 1382 3199 ι
1418 3149 1528 3201 Καὶ
1568 3152 1617 3203 οἱ
1647 3149 1776 3203 ποτὲ
1811 3149 1998 3217 δεινοὶ,

433 3234 529 3286 καὶ
558 3234 925 3303 παγχάλεποι,
972 3235 1069 3290 καὶ
1105 3235 1433 3306 δυσάντητον
1464 3236 1679 3309 ἔχοντες
1705 3239 1805 3313 τὴν
1835 3258 2004 3314 προσ-

436 3324 614 3396 ϐολὴν,
657 3325 917 3395 γεγόνασι
968 3325 1138 3380 σκῦλα
1183 3330 1297 3391 τοῖς
1341 3327 1743 3391 δεδουλευκόσιν
1797 3333 1998 3397 αὐτοῖς.

449 3416 633 3487 Ἡμεῖς
656 3419 767 3488 γάρ
800 3419 850 3471 οί
884 3418 1051 3472 πάλαι
1076 3420 1198 3482 ταῖς
1239 3420 1535 3490 ἁμαρτίαις
1559 3423 2000 3494 τυραννούμενοι,

432 3508 827 3582 assummum
863 3512 962 3582 μὲν
993 3513 1052 3566 ὲν
1075 3513 1317 3586 Χριστῷ,
1343 3514 1627 3586 ἀφίγμεθα
1652 3517 1709 3571 δὲ
1736 3518 1833 3590 ήδη
1867 3520 2003 3591 πρὸς

431 3598 588 3654 τοῦτο
618 3600 806 3655 λοιπὸν
835 3602 1100 3674 εὐθυμίας
1137 3607 1534 3677 πνευματικῆς,
1568 3608 1644 3672 ὼς
1681 3609 2004 3681 διαπρέπειν

430 3690 689 3745 δύνασθαι
730 3692 819 3746 διά
854 3694 1035 3765 πάσης
1063 3696 1288 3768 ἀρετῆς,
1320 3698 1413 3751 καὶ
1457 3700 1547 3753 τὸν
1587 3702 1646 3753 ὲν
1687 3702 1905 3773 Χριστῷ
1943 3720 2003 3757 τε

434 3784 536 3835 καὶ
588 3785 875 3853 ἀγγελικὸν
916 3788 1258 3858 κατορθῶσαι
1304 3788 1440 3859 βίον,
1484 3786 1604 3845 εἶτα
1652 3794 2003 3863 χαρισμάτων

372 3910 393 3931 ι
439 3872 885 3945 ἀναπίμπλασθαι
910 3875 1020 3929 τῶν
1049 3880 1180 3948 παρ’
1207 3878 1398 3946 αὐτοῦ,
1428 3882 1521 3934 καὶ
1543 3880 1727 3935 λαϐεῖν
1757 3880 2003 3946 ἐξουσίαν

435 3963 576 4018 κατά
609 3968 933 4037 πνευμάτων
960 3967 1309 4041 ἀκαθάρτων,
1344 3971 1439 4025 καὶ¹
1474 3971 1726 4043 δαίμοσιν
1771 3973 2004 4040 ἀνοσίοις

433 4058 717 4129 ἐπιτιμᾷν,
748 4060 1221 4131 ὐποστρωννύντος
1260 4063 1518 4134 Χριστοῦ,
1554 4065 1648 4119 καὶ
1695 4064 2007 4136 συντρίϐονο

429 4165 524 4208 τος
560 4149 666 4202 ὑπὸ
692 4150 855 4214 πόδας
881 4154 1053 4222 ἁγίων
1078 4153 1241 4208 αὐτόν
1274 4170 1335 4208 τε
1362 4154 1455 4210 τὸν
1499 4156 1739 4210 Σατανᾶν
1777 4156 1874 4211 καὶ
1905 4157 2007 4221 τὰς

2101 2959 2178 3012 vit
2197 2958 2263 3023 δι,
2293 2957 2544 3027 deditque
2577 2957 2734 3014 nobis
2770 2976 2790 3011 ι
2828 2958 3044 3016 calcare
3077 2974 3240 3030 supra
3275 2972 3556 3031 serpentes
3613 2972 3674 3020 et

2100 3049 2443 3119 scorpiones,
2469 3058 2524 3104 et
2563 3064 2726 3120 super
2763 3063 2980 3106 omnem
3018 3051 3272 3107 virtutem
3315 3052 3519 3112 inimici
3539 3052 3606 3109 “.
3644 3072 3668 3111 ι

2101 3141 2169 3195 Ει
2197 3141 2287 3211 qui
2322 3152 2480 3198 erant
2512 3142 2800 3211 aliquando
2829 3142 3199 3201 formidabiles
3227 3154 3281 3201 et
3308 3147 3634 3203 atrocissimi
3652 3186 3670 3213 ,

2102 3233 2402 3304 quibusque
2429 3236 2645 3292 obviam
2680 3234 2746 3291 iri
2777 3250 2885 3290 non
2911 3244 3159 3305 poterat,
3187 3236 3312 3293 facti
3347 3250 3467 3295 sunt
3493 3240 3672 3311 spolia

2101 3325 2277 3382 servis
2322 3325 2455 3381 suis.
2502 3326 2616 3382 Nos
2666 3325 2815 3381 enim
2862 3326 2956 3395 qui
3003 3328 3277 3397 quondam
3330 3338 3671 3398 peccatorum

2102 3415 2439 3486 tyrannidem
2491 3416 2850 3484 patiebamur,
2884 3414 3168 3486 iustiﬁcati
3216 3420 3435 3488 quidem
3485 3436 3673 3477 sumus

2104 3506 2156 3559 iu
2184 3505 2401 3562 Christo
2421 3504 2488 3572 “,
2511 3515 2566 3561 et
2580 3506 2691 3576 jam
2720 3505 2788 3562 ad
2826 3514 3030 3562 tantam
3057 3510 3400 3565 securitatem
3426 3511 3673 3581 spiritua-
3708 3558 3715 3564 .

2076 3596 2205 3652 -lem
2231 3596 2592 3665 pervenimus,
2617 3607 2676 3651 ut
2696 3597 2843 3651 omni
2869 3597 3068 3652 virtute
3091 3599 3363 3668 possimus
3381 3602 3670 3673 excellere,

2101 3698 2158 3745 et
2187 3689 2239 3745 in
2271 3689 2489 3745 Christo
2516 3690 2684 3744 vitam
2718 3689 3015 3760 angelicam
3047 3690 3216 3761 probe
3239 3691 3449 3762 vivere;
3480 3694 3672 3752 deinde

2101 3781 2448 3837 cbarismatis
2494 3779 2611 3850 ejus
2657 3779 2883 3850 repleri,
2940 3789 3007 3837 'et
3050 3781 3302 3853 accipere
3352 3791 3670 3854 potestatem

2102 3885 2289 3929 contra
2323 3873 2546 3944 spiritus
2581 3873 2922 3939 immundos,
2955 3882 3011 3929 et
3045 3875 3316 3932 daemones
3349 3875 3670 3947 increpare,

2101 3967 2267 4040 670
2322 3966 2702 4023 substernente
2759 3966 3011 4035 Christo,
3051 3976 3106 4023 et
3158 3968 3331 4039 ipsum
3384 3969 3671 4036 Satanam,

2104 4061 2439 4127 virtutesque
2469 4058 2610 4113 illius
2644 4057 2944 4129 malignas,
2966 4056 3069 4113 sub
3096 4059 3329 4128 pedibus
3360 4067 3673 4115 sanctorum

2106 4159 2421 4205 conterente
2448 4149 2514 4203 ".
2568 4148 2685 4204 Alia
2745 4149 2964 4221 insuper
3014 4152 3100 4204 via
3157 4148 3394 4220 spoliare
3442 4149 3676 4207 victores

433 4239 527 4292 ὑπ’
551 4237 701 4310 αύτῷ
738 4239 989 4312 δυνάμεις
1026 4244 1311 4316 πονηρίας.
1342 4245 1478 4299 Καθ’
1508 4245 1694 4316 ἕτερον
1719 4247 1776 4301 δὲ
1805 4248 2000 4320 τρόπον

2110 4240 2254 4296 licet.
2274 4240 2498 4306 Quando
2526 4239 2668 4295 enim
2700 4243 3000 4298 concitatos
3028 4240 3331 4296 animorum
3364 4248 3673 4296 nostrorum

433 4330 783 4387 σκυλεύσειεν
813 4333 881 4387 ἀν
927 4351 1011 4398 τις
1051 4335 1181 4398 τούς
1220 4351 1350 4389 ποτε
1398 4337 1824 4408 κεκρατηκότας.
1877 4339 2007 4393 Ὅτε

380 4428 389 4436 ’
432 4422 544 4492 γὰρ
571 4423 679 4477 τῶν
707 4423 852 4478 ἰδίων
886 4425 1262 4497 καταθλοῦμεν
1297 4426 1509 4492 παθῶν,
1555 4429 1649 4481 καὶ
1684 4427 1778 4481 τοῦ
1807 4428 2008 4491 παντὸς

432 4512 582 4577 ἀξιον
614 4514 913 4587 ποιούμεθα
941 4516 1120 4586 λόγου,
1150 4518 1211 4572 τὸ
1244 4520 1463 4590 κρατεῖν
1488 4518 1691 4590 ἡδονῶν
1729 4519 2007 4592 κοσμικῶν
2045 4540 2052 4547 ο

432 4620 493 4657 τε
522 4606 615 4658 καὶ
658 4608 958 4679 σαρκικῶν,
992 4609 1084 4661 καί
1121 4610 1339 4681 ἀπάσης
1366 4608 1600 4664 ἐκτόπου
1630 4611 1724 4664 καὶ
1756 4612 2006 4682 μυσαρᾶς

434 4694 746 4766 ἐπιθυμίας,
773 4699 895 4751 τότε
932 4700 1059 4762 τοὺς
1105 4703 1516 4773 κεκρατηκότας
1542 4704 1671 4757 ποτὲ
1719 4706 2007 4775 νενικήκα-

435 4800 558 4854 μεν,
588 4785 690 4840 κᾶν
716 4786 917 4858 ἴδωμεν
951 4790 1175 4854 ἑαυτοὺς
1203 4792 1496 4859 γεγονότας
1530 4794 1589 4846 ἐν
1614 4793 1841 4858 τούτοις.
1871 4794 2006 4850 Τότε

431 4875 523 4947 δὴ,
550 4875 668 4928 τότε
706 4879 1029 4951 γνωσόμεθα
1059 4881 1154 4934 καὶ
1197 4881 1285 4936 διά
1312 4882 1509 4952 πείρας
1548 4884 1738 4954 αὐτῆς,
1765 4885 1847 4938 ὅτι
1876 4886 2007 4952 Θεὸς

431 4967 509 5023 ὣν
548 4970 579 5023 ό
624 4971 816 5039 Λόγος,
862 4973 1140 5044 ἀπεστάλη
1183 4974 1322 5044 μετά
1364 4975 1564 5047 σαρκὸς
1607 4978 1688 5039 είς
1738 4977 1886 5031 τόνδε
1917 4979 2008 5033 τὸν

434 5061 638 5132 κόσμον
672 5064 827 5134 παρά
847 5064 942 5117 τοῦ
969 5064 1106 5117 Θεοῦ
1142 5067 1237 5121 καὶ
1269 5066 1505 5138 Πατρδς,
1537 5069 1633 5121 καὶ
1657 5068 1829 5123 ὀπίσω
1852 5070 2009 5138 δόξης

436 5150 653 5219 γέγονεν
682 5154 786 5226 οὐχ
828 5154 1016 5227 ἑτέρου
1048 5172 1141 5210 του
1193 5158 1372 5229 χάριν,
1424 5158 1457 5228 ἢ
1508 5159 1595 5212 ἵνα
1637 5159 1912 5232 δεσμεύσῃ
1948 5161 2010 5214 τὸ

2113 4339 2292 4385 motus
2346 4344 2752 4400 oppugnamus,
2811 4343 2868 4387 et
2930 4331 3271 4397 mundanas,
3325 4330 3678 4400 canalesque

2114 4422 2410 4491 voluptates
2429 4461 2457 4489 ,.
2475 4432 2528 4476 et
2558 4421 2804 4489 quamvis
2834 4436 2865 4475 a
2894 4422 3103 4478 ratione
3133 4436 3413 4485 aversam,
3441 4431 3497 4477 et
3521 4435 3679 4478 exse«

2111 4515 2368 4572 crandam
2392 4514 2719 4583 voluptatem
2744 4513 2957 4570 vincere
2981 4514 3036 4569 in
3066 4515 3278 4585 magnis
3305 4527 3673 4579 numeramus,

2114 4618 2242 4665 tunc
2263 4609 2497 4665 victores
2525 4606 2782 4673 vicimus,
2837 4605 3049 4661 etiamsi
3085 4620 3184 4662 nos
3214 4605 3347 4677 ipsis
3377 4604 3546 4661 fuisse
3574 4609 3668 4663 ob-

2113 4699 2302 4756 noxios
2322 4696 2792 4764 videamus.Tunc,
2818 4708 2943 4753 tunc
2965 4699 3083 4769 ipsa
3101 4712 3319 4769 quoque
3343 4697 3678 4768 experientia

2115 4793 2415 4858 discemus,
2442 4791 2583 4863 quod
2628 4793 2769 4846 Deus
2808 4788 3045 4846 Verbum
3095 4805 3314 4846 carnem
3362 4788 3583 4845 indutus
3629 4790 3682 4845 in

2118 4888 2260 4942 hunc
2295 4885 2550 4939 mundum
2584 4899 2615 4938 a
2648 4882 2758 4940 Deo
2790 4895 2848 4938 et
2877 4882 3039 4964 Patre
3073 4884 3299 4949 missus,
3332 4885 3433 4939 nec
3472 4883 3578 4936 alia
3617 4883 3686 4935 de

2115 4992 2277 5032 causa
2322 4986 2446 5047 post
2493 4976 2716 5045 gloriam
2767 4975 2941 5030 factus
2983 4974 3089 5037 sit,
3139 4989 3298 5045 quam
3339 4983 3400 5030 ut
3438 4974 3686 5043 alligaret

2114 5068 2257 5139 quod
2307 5067 2600 5124 contritum
2651 5075 2799 5131 erat,
2844 5074 2899 5122 et
2948 5066 3299 5122 conﬁrmaret
3343 5065 3587 5128 infirma,
3627 5071 3684 5116 ct

2115 5160 2322 5230 dejecta
2401 5160 2674 5231 erigeret,
2748 5169 2803 5215 et
2866 5159 3009 5229 quod
3075 5167 3193 5216 erat
3261 5155 3435 5213 debile
3493 5167 3684 5209 corro—

505 5354 547 5388 “
590 5356 727 5432 ἔθεσι..
754 5372 857 5423 vlt,
888 5357 1094 5432 l6,_l7.
1169 5361 1216 5393 ’δ’
1248 5359 1394 5417 Psal.
1421 5374 1528 5428 etv,
1558 5361 1647 5417 l5.
1723 5360 1770 5394 ⁸³
1796 5358 1817 5414 ι
1845 5360 1972 5419 Cor.

2102 5404 2106 5424 μ
2136 5361 2227 5419 ΥΙ.
2303 5364 2351 5397 ’⁵⁸
2374 5362 2507 5421 Gen.
2550 5380 2631 5432 Ill,
2666 5364 2751 5421 l5.
2828 5364 2873 5397 "
2906 5363 3037 5419 Luc.
3077 5378 3131 5432 κ,
3164 5361 3247 5418 l9.
3323 5358 3372 5393 “
3402 5358 3571 5419 lCor.
3605 5373 3679 5429 vt,

442 5424 532 5480 ll.
600 5428 641 5457 "
673 5427 842 5486 Marc.
870 5443 947 5494 vn,
980 5428 1032 5482 7.

509 5601 581 5675 (ί)
610 5606 665 5661 lu
691 5607 877 5665 Graeco
899 5620 982 5666 est
1012 5610 1075 5663 ἐκ
1104 5607 1325 5681 μέρους,
1360 5626 1421 5666 ex
1447 5619 1614 5680 parte,
1641 5617 1698 5664 ut
1727 5607 1890 5665 etiam
1922 5608 1974 5664 in

2105 5624 2163 5660 Vn
2206 5607 2568 5666 Tcslamcntn.
