4092 6202
461 177 532 232 59
1451 176 1510 232 s.
1551 176 1830 234 evan.”
1871 177 2339 234 ALEXANDRINI
2378 135 2698 234 Αἰιοιιιει).
3065 195 3076 201 -
3646 192 3710 246 ω

462 293 699 358 but-aret,
753 299 811 347 et
866 289 1006 361 quod
1060 289 1295 360 perierat
1346 291 1415 348 ad
1485 292 1714 350 salutem
1783 293 2034 349 restitue-

2145 296 2627 367 συντετριμμένον,
2679 295 2929 370 νευρώση
2967 297 3027 351 τὸ
3072 298 3398 372 ἠσθενηκὸς,
3443 302 3712 380 ἀνορθώσῃ

459 390 541 435 ret
567 381 633 434 ".

535 554 694 611 Vens.
733 557 913 611 10-12.
945 557 1217 613 Delectare
1255 568 1302 612 et
1343 560 1537 629 gaude,
1569 560 1684 629 ﬁlia
1728 561 1886 628 Sion,
1911 565 2036 633 quia

454 665 569 702 ecce
596 665 686 717 ego
718 651 893 712 uenio,
925 659 971 701 et
1001 648 1248 701 habitabo
1279 651 1332 701 in
1364 651 1534 703 medio
1564 652 1674 715 lui,
1699 652 1822 704 dicit
1856 652 2038 705 Domi-

459 758 577 794 nus.
615 740 682 793 Et
707 740 1006 808 confugient
1039 753 1213 810 gentes
1248 742 1428 795 multa:
1457 743 1526 794 ad
1559 742 1841 797 Dominum
1875 745 1926 797 in
1954 745 2037 798 die

453 833 579 898 illa,
604 841 650 885 et
686 841 836 886 erunt
870 833 917 885 ei
947 833 1001 886 in
1033 832 1320 902 populum,
1347 843 1394 888 et
1430 834 1740 888 habitabant
1774 835 1831 888 in
1864 838 2036 890 medio

457 924 563 988 tui,
593 933 637 976 et
673 924 801 978 scies
860 925 1107 994 quoniam
1141 923 1396 978 Dominus
1431 925 1754 994 omnipotens
1784 928 1926 981 misit
1956 945 2035 983 me

451 1016 523 1066 ad
569 1025 638 1069 te.
675 1014 741 1068 Et
781 1015 1062 1084 possidebit
1102 1014 1358 1070 Dominus
1394 1015 1592 1069 ludam
1637 1028 1836 1084 partem
1881 1035 2032 1073 suam

452 1125 608 1175 super
637 1117 832 1162 terram
863 1119 1122 1170 sanctam,
1151 1118 1198 1162 et
1230 1109 1380 1176 eliget
1410 1108 1580 1162 adimo
1603 1109 1920 1167 Jerusalem.

2140 388 2202 439 τὸ
2228 389 2694 459 κατερῤαγμένον,
2727 389 2978 452 εὐσθενὲς
3014 389 3270 464 ἀποφήνῃ
3301 393 3361 447 τὸ
3389 393 3600 464 ἄναλκι,
3627 396 3714 451 θε-

2147 478 2396 549 ραπεύσῃ
2433 480 2494 532 τὸ
2523 480 2821 544 ἀπολωλός.

2220 570 2443 639 Τέρπου
2495 573 2594 626 καί
2651 574 3001 643 εὐφραίνου,
3047 577 3298 647 θύγατερ
3346 577 3529 644 Σιὼν,
3577 579 3720 634 διότι

2144 663 2272 717 ἰδοὺ
2322 663 2437 733 ἐγὼ
2485 663 2753 734 ἔρχομαι,
2801 666 2900 720 καὶ
2956 669 3405 736 κατασκηνὼσω
3449 670 3518 724 ἐν
3559 673 3724 741 μέσῳ

2143 770 2296 818 σου,
2343 755 2506 824 λέγει
2569 757 2804 824 Κύριος.
2873 757 2985 812 Καὶ
3045 760 3520 828 καταφεύξονται
3578 763 3720 831 ἔθνη

2143 847 2345 901 πολλὰ
2374 848 2471 901 ἐπὶ
2517 849 2625 902 τὸν
2661 851 2883 917 Κύριον
2909 852 2980 906 ἐν
3021 852 3096 921 τῇ
3137 853 3325 924 ἡμέρᾳ
3363 855 3586 923 ἐκείνῃ,
3626 856 3724 910 καὶ

2140 933 2389 990 ἔσονται
2417 937 2577 1002 αὐτῷ
2601 939 2686 1004 είς
2709 939 2887 1004 λαὸν,
2919 940 3019 995 καὶ
3047 941 3627 1008 κατασκηνώσουσιν
3653 945 3724 998 ἐν

2131 1027 2301 1095 μέσῳ
2340 1046 2480 1093 σου,
2522 1031 2621 1085 καί
2660 1031 2967 1102 ἐπιγινώσῃ
3025 1033 3115 1088 ὅτι
3148 1035 3363 1102 Κύριος
3396 1037 3724 1104 παντοκρά-

2135 1135 2250 1186 τωρ
2282 1119 2700 1184 ἐξαπέσταλκέ
2737 1141 2814 1194 με
2865 1124 3018 1193 πρὸς
3061 1125 3160 1182 σέ.
3205 1127 3315 1180 Καὶ
3353 1130 3730 1194 κατακληρο-

452 1200 704 1270 νομήσει
746 1204 961 1270 Κύριος
999 1202 1106 1255 τὸν
1155 1202 1379 1257 Ἰούδαν
1431 1202 1548 1271 τὴν
1592 1203 1808 1272 μερίδα
1846 1204 2033 1260 αὐτοῦ
2069 1209 2166 1266 ἐπὶ
2200 1217 2316 1281 τὴν
2341 1216 2459 1284 γῆν
2516 1215 2631 1285 τὴν
2689 1217 2889 1287 ἁγίαν,
2923 1219 3022 1274 καὶ
3072 1220 3317 1290 αἱρετιεῖ
3343 1221 3429 1276 ἔτι
3463 1222 3592 1290 τὴν
3639 1223 3737 1277 ἰε’

449 1295 788 1364 ροινσαλήμ.

524 1394 640 1448 XV.
672 1394 736 1446 Et
763 1393 889 1448 hinc
920 1405 1247 1460 cognoscere
1299 1391 1502 1462 poteris
1535 1406 1800 1462 supremas
1834 1391 2033 1450 laetitia:

454 1485 739 1540 materiam
784 1483 1103 1538 mortalibus
1143 1483 1382 1538 futurum
1424 1482 1724 1540 Salvatoris
1765 1484 1820 1539 in
1861 1494 2033 1540 terras

2194 1388 2312 1449 'IE'.
2356 1396 2665 1453 Κάντεῦθεν
2702 1399 2769 1455 ἂν
2800 1400 3014 1470 μάθοις,
3045 1401 3121 1466 ὡς
3151 1401 3303 1457 ἔσται
3333 1407 3433 1474 τῆς
3463 1404 3731 1463 ἀνωτάτω

2141 1482 2406 1576 θυμηδίας
2440 1489 2694 1555 ὑπόθεσις
2729 1495 2843 1556 τοῖς
2869 1493 2961 1546 ἐπὶ
2990 1493 3093 1564 τῆς
3123 1495 3226 1565 γῆς
3266 1495 3359 1549 τοῦ
3393 1497 3652 1570 Σωτῆρος
3695 1505 3728 1576 ή

455 1577 765 1629 adventum.
798 1574 1064 1629 Delectari
1092 1575 1291 1630 etenim
1349 1583 1404 1629 et
1435 1575 1600 1629 laetari
1631 1576 1851 1630 omnino
1875 1576 2034 1646 jussit

2141 1575 2431 1646 παρουσία.
2463 1577 2770 1650 Τέρπεσθαι
2795 1579 2906 1653 γὰρ
2947 1582 3041 1636 καὶ
3073 1583 3460 1652 εὐφραίνεσθαι
3492 1574 3725 1658 προστὲὲ

452 1668 788 1737 spiritualem
833 1666 987 1730 Sion,
1019 1681 1140 1736 quae
1182 1677 1264 1720 est
1305 1665 1542 1720 Ecclesia
1587 1667 1677 1721 Dei
1715 1668 1943 1721 viventis
1964 1665 2030 1732 ιθ,

450 1763 566 1816 sive
600 1762 713 1830 ipsa
747 1775 844 1829 per
879 1759 1035 1812 [idem
1072 1758 1406 1813 salvatorem
1441 1757 1812 1813 sacratissima
1849 1757 2033 1812 multi-

451 1853 602 1907 tudo.
633 1849 906 1904 Promittit
935 1856 1116 1901 autem
1145 1861 1204 1901 se
1231 1857 1514 1901 venturum
1539 1885 1554 1911 ,
1579 1856 1634 1901 et
1663 1862 1886 1915 prorsus
1913 1861 2032 1902 cum

450 1944 583 2014 ipsis
627 1941 889 1995 futurum.
937 1922 1121 2008 inquit
1163 1937 1308 1992 enim
1359 1936 1576 1993 divinus
1617 1936 1853 1993 Joannes
1874 1939 1944 2004 '°,
1975 1939 2033 1994 ln

452 2033 654 2090 mundo
694 2041 842 2099 erat,
877 2040 932 2086 et
965 2046 996 2084 a
1033 2029 1298 2085 creaturis
1330 2029 1444 2084 suis
1479 2044 1584 2084 non
1620 2029 2034 2100 disjungebatur

452 2127 599 2181 Deus
624 2123 858 2180 Verbum
899 2141 913 2178 :
949 2120 1195 2190 sed'ipse
1224 2120 1390 2174 vitam
1420 2120 1725 2176 viventibus
1756 2121 2033 2190 impertie-

449 2220 567 2282 bat,
593 2224 649 2271 et
667 2213 1000 2278 continebat,
1027 2220 1190 2281 atque
1217 2212 1574 2267 conservabat
1598 2213 1783 2268 omnia
1809 2222 1867 2267 ut
1895 2215 2032 2270 bene

449 2317 636 2364 essent
687 2315 741 2362 et
769 2306 1048 2372 viverent;
1084 2322 1102 2356 ι
1142 2302 1250 2359 Sed
1282 2306 1517 2359 mundus
1550 2319 1672 2358 eum
1702 2318 1809 2358 non
1834 2318 2034 2374 cogno-

448 2400 623 2454 rit".
669 2416 688 2450 ο
737 2397 997 2452 Adoravit
1043 2394 1188 2448 enim
1237 2403 1547 2449 creaturam
1573 2395 1643 2452 ⁵⁸.
1682 2395 1803 2450 Fuit
1850 2406 2031 2449 autem

448 2492 756 2554 nobiscum,
779 2487 1015 2558 quando,
1031 2485 1388 2540 similitudine
1421 2494 1606 2540 nostra
1624 2495 1910 2568 .suscepta,
1933 2502 2033 2558 per

448 2593 689 2640 sanctam
709 2579 986 2650 Virginem
1011 2586 1196 2640 natus,
1235 2594 1254 2627 ι
1281 2575 1414 2630 Etin
1447 2577 1608 2631 terris
1630 2577 1802 2641 visus,
1826 2588 1881 2632 et
1909 2594 2031 2634 cum

450 2669 764 2728 hominibus
797 2673 1152 2721 conversatus
1186 2671 1272 2718 est
1292 2665 1358 2719 ⁸³.
1395 2681 1413 2714 ι
1452 2663 1703 2720 Testatur
1735 2665 1874 2720 idem
1909 2681 2036 2722 san-

447 2771 571 2818 ctus
597 2760 765 2816 David
789 2776 805 2815 :
834 2778 852 2810 ‹
882 2757 1019 2813 Deus
1047 2755 1333 2812 manifeste
1363 2757 1562 2820 veniet,
1593 2757 1730 2812 Deus
1749 2768 1952 2824 noster,
1980 2767 2035 2813 et

451 2870 556 2908 non
590 2853 770 2909 silebit
791 2850 858 2904 “.
901 2869 920 2902 ι
963 2850 1114 2903 Tunc
1145 2856 1200 2902 et
1228 2847 1480 2918 gentibus
1518 2846 1895 2903 maniiesmtus
1929 2857 2030 2904 est.

448 2947 566 3001 Non
603 2944 746 3000 enim
777 2941 1007 3013 amplius
1042 2939 1400 2995 lsraeliticum
1435 2954 1606 3010 genus
1663 2941 2033 2995 tantummodo
2061 2955 2102 3010 (ι

447 3053 546 3112 per
575 3047 726 3092 vetus
757 3036 884 3092 illud
919 3034 1227 3089 mandatum
1255 3035 1538 3089 erudiebat
1565 3052 1577 3087 :
1603 3036 1844 3104 quinimo
1869 3051 2034 3091 evan-

448 3131 638 3203 gelicis
671 3125 1150 3198 praedicationibus
1181 3133 1328 3181 totus
1381 3125 1479 3180 sub
1534 3126 1647 3181 sole
1667 3127 1827 3198 671
1887 3126 2034 3183 orbis

447 3221 817 3282 inaurabatur,
844 3225 899 3272 et
923 3215 1098 3271 evasit
1121 3214 1174 3267 in
1195 3214 1342 3268 omni
1364 3223 1524 3284 gente
1541 3225 1596 3271 et
1614 3216 1666 3269 in
1693 3218 1837 3271 omni
1858 3217 2033 3287 regio-

450 3326 518 3366 ne
548 3323 801 3379 magnum
821 3321 1014 3360 nomen
1035 3303 1154 3374 ejus
1171 3306 1240 3359 ⁵⁸.
1262 3305 1384 3375 ipse
1403 3306 1548 3361 enim
1585 3315 1702 3361 erat
1716 3310 2032 3376 exspectatio

448 3402 709 3472 gentium,
725 3397 877 3468 juxta
897 3397 1216 3467 prophetam
1242 3397 1311 3463 ",
1339 3398 1508 3466 etipsi
1535 3399 1854 3454 curvabitur
1875 3417 1894 3451 ι
1918 3414 2034 3454 om-

450 3509 518 3549 ne
543 3507 705 3565 genu,
753 3489 1080 3553 cmlestium,
1117 3489 1458 3544 terrestrium
1498 3498 1554 3544 et
1583 3489 1950 3556 infernorum;
1979 3501 2034 3546 et

346 3655 350 3659 λ
448 3585 826 3654 omnislingua
863 3580 1211 3637 conﬁtebitur
1234 3581 1360 3648 quia
1394 3579 1653 3635 Dominus
1682 3581 1840 3638 Jesus
1877 3581 2031 3637 Chri-

450 3686 566 3732 stus
584 3677 637 3729 in
657 3675 824 3746 gloria
843 3682 926 3727 est
945 3672 1036 3727 Dei
1056 3671 1234 3725 Patris
1253 3661 1317 3728 ‘7.
1334 3673 1920 3728 iConcurreruntenim
1939 3686 2032 3740 per

449 3770 610 3824 fidem
649 3767 701 3820 in
737 3765 944 3834 ipsum,
977 3771 1030 3817 et
1066 3777 1186 3815 cum
1225 3762 1340 3830 ipso
1372 3763 1686 3817 habitarunt
1719 3763 1770 3816 in
1809 3771 2028 3831 sancta,

447 3872 502 3917 et
537 3875 655 3928 quae
688 3859 951 3913 duntaxat
999 3854 1318 3924 intelligitur
1349 3853 1512 3920 Sion,
1558 3857 1647 3922 qui
1700 3855 1944 3909 habitant
1975 3856 2028 3910 iu

384 3992 389 3996 .
447 3953 654 4008 ultimis
707 3950 891 4005 mundi
946 3949 1172 4012 linibus,
1224 3959 1706 4018 cognoveruntque
1751 3947 2030 4017 perspicue

450 4045 617 4099 Deum
667 4043 748 4096 sic
791 4040 1045 4094 dilexisse
1089 4039 1377 4105 mundum,
1417 4058 1434 4092 ι
1486 4049 1544 4092 ut
1585 4040 1796 4094 dederit
1833 4039 2026 4094 Filium

448 4152 604 4191 suum
637 4132 1002 4203 unigenitum,
1031 4140 1090 4184 ut
1119 4131 1298 4184 omnis
1325 4129 1416 4198 qui
1451 4129 1626 4184 credit
1652 4131 1703 4183 in
1733 4144 1855 4183 eum
1875 4169 1889 4195 ,
1923 4146 2027 4184 non

447 4235 658 4298 pereat,
687 4223 778 4277 sed
817 4223 1012 4276 habeat
1043 4222 1210 4276 vitam
1247 4221 1596 4276 aeternam“.
1640 4239 1659 4273 ι
1702 4220 1847 4277 Misit
1881 4222 2024 4276 enim

449 4319 606 4373 nobis
649 4317 715 4372 de
755 4315 897 4372 coelo
935 4314 1131 4369 Filium
1175 4330 1330 4370 suum
1376 4314 1558 4379 Pater,
1593 4312 1927 4370 Salvator-em
1971 4324 2025 4368 et

447 4413 965 4479 lledemptoremmt
988 4409 1274 4463 credentes
1305 4408 1356 4462 in
1391 4407 1564 4472 illum,
1585 4409 1638 4461 in
1671 4408 1784 4477 ipso
1810 4407 2020 4461 Patrem

448 4504 755 4566 videamus,
783 4511 836 4557 et
864 4509 921 4556 ut
948 4515 1257 4570 expressam
1292 4500 1551 4570 genitoris
1585 4501 1869 4569 imaginem
1899 4513 2022 4552 eum

446 4595 538 4664 qui
574 4610 640 4649 ex
677 4595 792 4664 ipso
827 4593 1120 4647 secundum
1154 4601 1401 4645 naturam
1438 4599 1598 4644 natus
1627 4600 1705 4643 est
1733 4591 2022 4652 intuentes,

449 4685 798 4751 archetypum
848 4681 1235 4752 cogitemus".
1277 4679 1430 4734 Tunc
1474 4678 1763 4744 nimirum,
1803 4687 1926 4732 tunc
1972 4691 2028 4733 et

449 4775 719 4844 possessio
775 4774 890 4842 ejus
943 4771 1110 4826 Judas
1166 4771 1342 4826 factus
1393 4781 1506 4835 est,
1563 4771 1664 4824 boc
1715 4779 1796 4825 est
1850 4773 2026 4825 omnis

449 4865 710 4920 conﬁtens
757 4873 810 4918 et
839 4864 1146 4933 glorificans
1173 4865 1344 4933 ipsum
1375 4879 1390 4916 :
1418 4862 1586 4918 Judas
1609 4864 1750 4917 enim
1784 4863 2027 4917 redditur

448 4955 724 5026 confessio.
765 4953 900 5008 Nam
934 4964 993 5008 ut
1027 4963 1113 5009 est
1145 4954 1284 5024 apud
1316 4953 1539 5010 Paulum
1580 4972 1593 5008 :
1639 4972 1657 5006 ι
1698 4953 1813 5009 Non
1846 4955 1935 5024 qui
1972 4955 2024 5009 in

450 5044 737 5100 manifesto
784 5053 866 5098 est
911 5043 1164 5111 Judaeus,
1205 5060 1380 5116 neque
1422 5047 1762 5101 circumcisio
1801 5062 1920 5117 quite
1973 5048 2024 5101 in

449 5152 612 5191 carne
646 5135 934 5191 maniiesto
965 5137 1054 5203 tit,
1085 5139 1180 5192 sed
1216 5137 1306 5205 qui
1343 5137 1393 5190 in
1429 5138 1638 5192 occulto
1664 5136 1879 5194 Judaeus
1912 5149 2026 5205 cst,

449 5240 503 5282 et
534 5228 872 5284 circumcisio
911 5229 1093 5282 cordis
1129 5229 1181 5282 in
1220 5227 1415 5296 spiritu
1437 5267 1452 5292 ,
1485 5242 1590 5282 non
1635 5228 1844 5292 littera,
1877 5229 2030 5297 cujus

450 5316 568 5372 laus
605 5332 708 5371 non
750 5333 816 5372 ex
860 5315 1196 5381 hominibus,
1231 5316 1322 5370 sed
1355 5329 1420 5369 ex
1456 5315 1563 5370 Deo
1584 5316 1650 5370 ⁸ο.
1687 5335 1706 5367 ι
1749 5317 2020 5386 Quotquot

2057 4287 2101 4341 1)

519 5474 564 5504 ⁸⁸
596 5473 790 5527 Ezech.
815 5490 1003 5535 xxxuv,
1038 5473 1123 5528 16.
1200 5473 1244 5504 δ’
1271 5471 1287 5525 ι
1319 5471 1555 5526 Timotb.
1587 5488 1666 5536 ιιι,
1703 5473 1785 5525 l5.
1864 5473 1907 5503 ⁵⁰
1939 5471 2093 5525 Joan.

449 5543 495 5575 °‘
526 5544 661 5597 l’sal.
715 5559 858 5606 mat,
920 5547 970 5598 ὖ.
1074 5547 1117 5576 ⁵⁵
1148 5545 1371 5598 Malacb.
1406 5561 1443 5606 ι,
1476 5543 1556 5595 ll.

455 5616 538 5670 lG.
618 5615 660 5645 "
692 5613 845 5668 .ioan.
884 5631 992 5682 MV,
1029 5616 1054 5667 7
1083 5632 1233 5684 seqq.
1263 5633 1276 5682 ;
1310 5615 1516 5671 Coloss.
1552 5630 1587 5683 I,
1621 5615 1705 5670 13.
1785 5615 1828 5645 ⁸ο
1861 5616 2012 5667 Rom.
2046 5629 2105 5677 tt,

2138 1683 2301 1737 ταχεν
2330 1668 2642 1737 ἀναγκαίως
2669 1671 2768 1742 τὴν
2794 1673 2990 1744 νοητὴν
3008 1673 3300 1746 Σιὼν,ἥτις
3327 1676 3474 1731 ἐστὶν
3500 1679 3728 1752 Ἐκκλη-

2138 1759 2231 1813 σία
2259 1758 2397 1814 Θεοῦ
2430 1761 2650 1826 ζῶντος,
2688 1763 2858 1833 ἤγουν
2902 1766 3040 1836 αὑτὴ
3071 1765 3183 1820 τῶν
3224 1765 3315 1821 διὰ
3346 1772 3585 1834 πίστεως
3637 1789 3727 1824 σε·

2138 1852 2434 1922 σωσμὲνων
2467 1855 2500 1923 ή
2536 1855 2806 1925 ἱερωτάτη
2847 1855 3076 1927 πληθύς.
3112 1858 3606 1928 Κατεπηγγέλλετο
3644 1861 3728 1926 δὲ,

2133 1942 2218 1995 ὅτι
2266 1943 2360 1996 καὶ
2388 1942 2527 2013 ἥξει,
2574 1945 2666 1997 καὶ
2711 1944 2864 1998 ἔσται
2896 1945 2960 2017 δὴ
2994 1947 3212 2011 πάντως
3254 1950 3313 2002 ὲν
3348 1949 3503 2019 μέσῳ
3534 1951 3732 2020 αὐτῆς.

2145 2031 2310 2102 Ἡμῖν
2329 2033 2437 2102 γάρ
2467 2050 2629 2103 φησιν
2650 2034 2678 2086 6
2708 2031 2994 2097 θεσπέσιος
3008 2034 3280 2104 Ἰωάννης-ο
3308 2035 3397 2090 Ἐν
3424 2035 3512 2107 τῷ
3544 2039 3740 2111 κόσμῳ

2135 2119 2225 2193 ἦν,
2258 2125 2352 2178 καὶ
2378 2124 2486 2178 τῶν
2519 2124 2685 2180 αὐτοῦ
2711 2125 3029 2196 κτισμάτων
3059 2126 3159 2180 οὐκ
3181 2127 3588 2199 ἀπενοσφίζετο
3606 2131 3744 2197 Θεὸς

2134 2215 2210 2268 ὢν
2234 2216 2282 2268 ’6
2327 2216 2523 2284 Λόγος,
2557 2215 2672 2269 ἀλλ’
2702 2213 2769 2286 ἦν
2813 2216 2977 2280 αὐτὸς
3009 2215 3289 2281 ζωοποιῶν
3329 2220 3398 2274 τὰ
3429 2221 3591 2293 ζωῆς
3623 2241 3750 2295 μετ.

2138 2303 2351 2374 έχοντα,
2385 2307 2480 2358 καὶ
2504 2305 2745 2376 συνέχων
2776 2305 2846 2359 τὰ
2865 2307 3044 2360 πάντα
3091 2307 3229 2378 πρὸς
3272 2308 3332 2362 τὸ
3365 2306 3423 2364 εὖ
3457 2308 3615 2366 εἶναι
3649 2317 3752 2370 καὶ

2135 2394 2268 2466 ζῇν·
2313 2415 2331 2447 ι
2382 2395 2522 2448 Ἀλλ’
2551 2397 2579 2449 ό
2613 2396 2818 2468 κόσμος
2865 2397 3026 2452 αὑτὸν
3063 2398 3163 2452 οὐκ
3193 2398 3355 2468 ἔγνω.
3411 2421 3430 2454 ι
3491 2406 3754 2478 Προσκε-

2137 2485 2344 2556 κύνηκε
2383 2486 2492 2558 γὰρ
2539 2490 2605 2558 τῇ
2655 2487 2849 2541 κτίσει.
2901 2488 3097 2556 Γέγονε
3144 2489 3208 2543 δὲ
3260 2491 3379 2562 μεθ’
3407 2495 3608 2564 ἡμῶν,
3659 2499 3752 2554 ὅτε

2134 2578 2235 2649 τὴν
2273 2578 2394 2632 καθ’
2429 2580 2576 2648 ἡμᾶς
2622 2579 2880 2649 ὁμοίωσιν
2925 2581 3242 2646 ἀναλαϐὼν,
3277 2583 3365 2638 διὰ
3413 2585 3534 2657 τῆς
3585 2589 3754 2659 ἁγίας

2134 2671 2401 2742 ἐγεννήθη
2432 2670 2738 2743 Παρθένου,
2793 2690 2810 2723 ι
2849 2672 2977 2726 Ὅτε
3009 2675 3103 2726 καὶ
3141 2675 3233 2728 ἐπὶ¹
3278 2676 3382 2746 γῆς
3415 2676 3616 2752 ὤφθη,
3655 2683 3754 2738 καὶ

2133 2765 2247 2827 τοῖς
2299 2763 2609 2834 ἀνθρώποις
2662 2765 3104 2836 συνανεστράφη.
3158 2786 3176 2818 ι
3222 2768 3334 2821 Καὶ
3381 2775 3753 2845 μαρτυρήσει

2136 2852 2309 2921 λέγων
2352 2854 2379 2905 6
2411 2853 2698 2915 θεσπέσιος
2726 2853 2890 2905 Δασίδ
2911 2870 2924 2883 ·
2966 2872 2984 2904 ι
3032 2855 3090 2906 '0
3119 2854 3252 2916 Θεὸς
3281 2857 3559 2924 ἐμφανῶς
3596 2862 3748 2932 ἥξει,

2133 2945 2162 2994 6
2195 2944 2327 3006 Θεὸς
2369 2943 2545 3013 ἡμῶν,
2591 2943 2685 2995 καὶ
2726 2943 2788 2995 οὐ
2835 2945 3348 3014 παρασιωπήσεται.
3399 2965 3420 2998 ι
3457 2948 3607 3005 Τότε
3644 2957 3746 3023 γέ-

2138 3049 2262 3100 γονε
2294 3031 2387 3084 καὶ
2429 3032 2749 3101 καταφανὴς
2782 3034 2895 3094 τοῖς
2925 3031 3153 3087 ἔθνεσιν.
3185 3033 3261 3086 Οὐ
3299 3035 3408 3107 γὰρ
3449 3037 3537 3094 ἔτι
3573 3043 3749 3112 μόνον

2137 3123 2198 3176 τὸ
2243 3122 2303 3187 ἐξ
2363 3122 2581 3194 Ἰσραὴλ
2629 3122 2950 3177 ἐπαιδεύετο
2977 3123 3154 3191 γένος,
3205 3124 3294 3179 διὰ
3338 3126 3440 3198 τῆς
3491 3131 3745 3204 ἀρχαίας

2137 3217 2352 3288 ἐκείνης
2385 3216 2603 3286 ἐντολῆς
2626 3230 2640 3245 ·
2671 3215 3073 3287 κατεχρυσοῦτο
3092 3215 3150 3269 δὲ
3187 3217 3390 3287 μᾶλλον
3416 3224 3535 3287 τοῖς
3565 3227 3750 3297 εὐαγ..

2135 3309 2372 3377 γελικοῖς
2401 3305 2753 3378 κηρύγμασιν
2789 3306 2822 3376 ἡ
2859 3306 2951 3359 ὑπ’
2980 3305 3227 3377 οὐρανὸν,
3276 3310 3371 3363 καὶ
3407 3311 3646 3381 γέγονεν
3679 3319 3746 3372 ἐν

2136 3398 2278 3453 ἔθνει
2327 3397 2612 3451 παντὶκαὶ
2671 3398 2726 3450 ἐν
2773 3396 2922 3468 πάσῃ
2969 3397 3027 3449 δὲ
3077 3395 3232 3468 χώρᾳ
3269 3399 3412 3468 μέγα
3454 3401 3517 3456 τὸ
3553 3406 3747 3478 ὄνομα

2137 3487 2320 3542 αὑτοῦ.
2374 3487 2544 3549 Αὐτὸς
2599 3485 2707 3558 γὰρ
2758 3482 2826 3557 ἦν
2888 3485 2941 3552 ἠ¹
2973 3484 3311 3552 προσδοκία
3357 3488 3468 3542 τῶν
3521 3491 3741 3563 ἐθνῶν,

2134 3578 2278 3633 κατὰ
2317 3579 2416 3650 τὴν
2466 3579 2560 3632 τοῦ
2608 3579 2888 3650 προφήτου
2929 3578 3134 3649 φωνὴν,
3183 3578 3277 3632 καὶ
3315 3580 3464 3652 αὺτῷ
3507 3583 3744 3655 κάμψει

2140 3689 2160 3722 ι
2238 3672 2347 3725 πᾶν
2409 3670 2576 3739 γόνυ,
2639 3668 3012 3741 ἐπουρανίων,
3089 3670 3186 3724 καὶ
3244 3671 3499 3741 ἐπιγείων
3523 3711 3542 3738 ,
3618 3679 3744 3735 καὶ

2134 3761 2528 3832 καταχθονίων,
2560 3761 2655 3815 καὶ
2690 3763 2840 3814 πᾶσα
2866 3761 3091 3829 γλῶσσα
3123 3762 3608 3834 ἐξομολογήσεται·
3648 3767 3743 3824 ὅτι.

2133 3851 2340 3922 Κύριος
2397 3851 2605 3920 Ἰησοῦς
2651 3850 2885 3921 Χριστὸς
2926 3853 3006 3912 εἰς
3046 3850 3204 3916 δόξαν
3241 3851 3375 3904 Θεοῦ
3412 3855 3664 3925 Πατρός.
3707 3877 3736 3916 ο

2133 3941 2610 4012 Συνδεδραμήκασι
2643 3940 2752 4012 γὰρ
2779 3941 2867 3993 διὰ
2891 3940 3127 4003 πίστεως
3158 3941 3245 3993 ἐπ’
3272 3942 3455 4006 αὐτὸν,
3495 3945 3601 3998 καὶ
3632 3948 3744 4004 σὺν

2132 4032 2280 4102 αὑτῷ
2308 4032 2692 4103 κατῳκήκασιν
2741 4034 2800 4086 ἐν
2843 4034 2911 4103 τῇ
2946 4032 3079 4103 ἁγίᾳ
3128 4032 3222 4086 καὶ
3271 4037 3435 4106 νοητῇ
3473 4035 3650 4103 Σιὼν,
3687 4043 3746 4095 οι

2131 4128 2196 4180 ἐκ
2225 4123 2474 4196 περάτων
2499 4121 2597 4194 τῆς
2627 4123 2754 4194 γῆς,
2783 4124 3056 4193 ἐγνώκασι
3086 4143 3147 4179 τε
3180 4125 3388 4195 σαφῶς,
3419 4128 3503 4181 ὅτι
3547 4130 3750 4200 οὕτως

2130 4216 2419 4287 ἠγάπησεν
2449 4219 2477 4270 ὁ
2509 4216 2640 4280 Θεὸς
2672 4217 2762 4270 τὸν
2792 4216 3018 4290 κόσμον,
3054 4237 3072 4271 ‹
3108 4217 3249 4272 ὥστε
3274 4219 3365 4292 τὸν
3392 4219 3521 4273 Υῐὸν
3557 4224 3747 4279 αὐτοῦ

2129 4308 2222 4364 τὸν
2250 4309 2516 4380 μονογενῆ
2545 4308 2795 4374 δέδωκεν,
2827 4309 2914 4364 ἵνα
2938 4311 3045 4374 πᾶς
3071 4312 3099 4364 ὁ
3128 4311 3400 4365 πιστεύων
3427 4313 3504 4374 εἰς
3529 4314 3746 4386 αὐτὸν,

2135 4401 2211 4474 μὴ
2242 4401 2533 4472 ἀπόληται,
2557 4401 2671 4454 ἀλλ’
2701 4401 2801 4473 ἔχῃ
2828 4400 2972 4472 ζωὴν
3005 4401 3244 4458 αἰώνιον.
3277 4421 3296 4453 ι
3335 4401 3750 4466 Ἐξαπὲστειλε

2130 4491 2238 4564 γὰρ
2273 4494 2406 4562 ἡμῖν
2434 4491 2495 4554 ἐξ
2531 4490 2761 4562 οὐρανοῦ
2803 4490 2893 4543 τὸν
2928 4489 3056 4543 Υἱὸν
3084 4490 3248 4544 αὐτοῦ
3289 4493 3319 4544 6
3348 4490 3560 4562 Πατὴρ,
3609 4496 3748 4551 Σω-

2131 4585 2272 4654 τῆρα
2306 4585 2399 4639 καὶ
2432 4582 2746 4654 Λυτρωτὴν,
2777 4580 2866 4633 ἵνα
2901 4580 3292 4645 πιστεύσαντες
3329 4584 3410 4645 εἰς
3438 4584 3646 4654 αὐτὸν,
3682 4592 3752 4647 ἐν
3798 4651 3802 4654 γ

2133 4674 2281 4744 αὐτῷ
2305 4675 2395 4728 τὸν
2422 4673 2644 4742 Πατέρα
2673 4671 2955 4742 ὀψὼμεθα;
2983 4674 3078 4726 καὶ
3103 4672 3179 4736 ὡς
3212 4675 3396 4728 εἰκόνα
3421 4674 3750 4750 βλέποντες,

2132 4765 2335 4839 ἀκριϐῆ
2367 4765 2460 4818 τοῦ
2502 4765 2896 4836 γεγεννηκότος
2927 4765 3018 4818 τὸν
3043 4764 3106 4830 ἐξ
3143 4765 3306 4819 αὐτοῦ
3347 4769 3490 4821 κατὰ
3527 4776 3748 4845 φύσιν,

2133 4859 2401 4930 ἐννοῶμεν
2444 4857 2507 4912 τὸ
2553 4858 2878 4930 ἀρχέτυπον.
2928 4859 3062 4912 Τότε
3110 4860 3204 4913 καὶ
3251 4861 3451 4932 κλῆρος
3491 4865 3748 4933 γέγονεν

2141 4950 2338 5014 Ἰούδας
2366 4951 2572 5021 Κυρίου
2594 4989 2609 5013 ,
2639 4950 2888 5004 τουτέστι
2931 4952 3040 5013 πᾶς
3077 4952 3106 5003 6
3135 4952 3646 5023 ἐξομολογούμενός
3678 4976 3749 5014 τε

2129 5044 2222 5096 καὶ
2268 5041 2562 5110 δοξολογῶν
2612 5040 2792 5094 αὐτόν’
2832 5041 3271 5112 ἐξομολόγησις
3298 5044 3405 5113 γὰρ
3436 5045 3466 5096 ὁ
3509 5043 3748 5113 Ἰούδας

2127 5133 2509 5206 ἑρμηνεύεται.
2556 5134 2644 5196 Ὠς
2687 5135 2794 5205 γὰρ
2823 5135 2851 5187 6
2885 5132 3096 5198 Παῢλός
3140 5153 3326 5208 φησιν,
3380 5152 3398 5186 ι
3439 5135 3558 5207 Οὐχ
3605 5139 3641 5192 6
3680 5143 3751 5194 ἐν

2130 5226 2207 5296 τῷ
2255 5226 2474 5297 φανερῷ
2542 5226 2811 5293 Ἰουδαῖος,
2867 5227 2989 5280 οὐδὲ
3039 5229 3097 5282 ὲν
3133 5227 3371 5299 φανερῷσ
3399 5228 3493 5282 καὶ
3549 5233 3753 5302 σαρκὶ

2129 5317 2419 5390 περιτομὴ,
2457 5317 2573 5373 ἀλλ’
2605 5321 2633 5373 6
2665 5319 2726 5373 ἐν
2755 5318 2832 5390 τῷ
2877 5319 3105 5393 κρυπτῷ
3154 5319 3403 5382 Ἰουδαῖός
3441 5319 3594 5386 ἐστι,
3633 5327 3753 5379 καὶ

2132 5489 2169 5534 ι,
2219 5473 2301 5527 l0.
2380 5474 2572 5529 “ibid.
2651 5476 2695 5507 ⁵³
2735 5476 2889 5531 Rom.
2923 5492 2961 5539 ι,
2990 5473 3080 5528 25.
3156 5472 3200 5504 ”
3235 5471 3439 5526 Barucb
3471 5487 3561 5533 ιιι.
3637 5468 3744 5531 38.

1671 5546 1714 5576 ⁸⁵
1743 5543 1876 5598 Gen.
1913 5558 2033 5596 suis

2136 5547 2196 5618 li,
2227 5549 2358 5618 AAgg.
2397 5561 2458 5612 ιι,
2493 5546 2546 5601 8.
2626 5547 2672 5580 ⁸⁷
2704 5548 2945 5618 Philipp.
2987 5560 3045 5611 ιι,
3083 5541 3170 5610 10,
3206 5541 3290 5597 lt.
3367 5541 3412 5574 "
3437 5540 3604 5596 Joan.
3643 5557 3743 5614 ur,

2136 5614 2226 5679 τε,
2255 5613 2346 5697 29‘,

3980 309 4000 362 ιι

3985 524 4045 573 ira"!

3988 703 4045 753 ἕεὶι
