4092 6202
447 325 516 380 ιτς
1437 314 1493 368 S.
1538 313 1810 369 CYRILLI
1852 310 2316 366 ALEXANDRINI
2361 310 2679 366 ARCUIEP.
3633 311 3700 364 ιι

449 440 515 493 Et
547 437 784 491 diabolus
816 437 983 491 stabat
1016 453 1046 489 a
1077 436 1278 490 dextris
1311 435 1444 498 eius,
1472 445 1526 487 ut
1557 435 1921 488 aduersaretur
1952 434 2019 486 ei.

2128 431 2237 485 Καὶ
2287 435 2318 486 ό
2354 430 2631 495 διάϐολος
2677 427 2937 494 εἱστήκει
2981 425 3048 479 ἐκ
3089 423 3296 490 δεξιῶν
3348 425 3556 486 αὐτοῦ,
3599 426 3700 479 τοῦ

445 532 513 586 Et
553 530 689 584 dixit
729 528 981 583 Dominus
1021 527 1088 580 ad
1125 526 1394 580 diabolum
1432 542 1448 580 :
1486 525 1724 594 Increpat
1761 526 2018 580 Dominus

441 623 496 674 in
531 631 612 687 te,
638 619 873 682 diabole,
896 629 941 672 et
976 617 1200 684 increpet
1234 619 1286 672 in
1321 629 1368 672 te
1399 618 1488 686 qui
1521 617 1671 686 elegit
1699 617 2017 672 Jerusalem.

445 707 634 761 Nonne
662 722 776 760 ecce
806 706 903 758 hoc
929 714 985 759 ut
1015 705 1171 760 torris
1200 717 1462 760 extractus
1490 722 1553 760 ex
1582 708 1739 776 igne?

512 968 676 1022 XVII.
738 965 991 1022 Narratio
1038 966 1615 1036 visionemcontiuet,
1649 976 2018 1020 verumtamen

443 1075 660 1115 sensum
701 1059 862 1113 habet
915 1058 1253 1122 historicum,
1302 1056 1402 1110 sub
1446 1057 1732 1127 aenigmate
1783 1071 1840 1111 se
1891 1057 2020 1109 iusi-

444 1161 699 1207 nuantem
737 1160 789 1207 et
823 1161 878 1204 ut
909 1150 1140 1219 imagine
1173 1149 1367 1203 iterum
1397 1147 1578 1203 Jesum
1608 1149 2018 1204 describentem.

439 1247 755 1302 Tenendum
786 1258 968 1315 porro,
1009 1244 1322 1312 prophetam
1362 1242 1565 1296 visione
1588 1243 1698 1312 jam
1731 1259 1789 1295 re
1841 1241 2019 1311 perfec

438 1351 524 1393 cla
575 1349 628 1390 et
655 1337 720 1390 ad
743 1336 944 1390 exitum
983 1334 1206 1388 deducta
1247 1332 1404 1386 verba
1469 1332 1666 1386 facere.
1695 1331 1785 1386 Est
1838 1343 2020 1387 autent

439 1443 775 1500 nequaquam
804 1425 1076 1479 fabulosus
1099 1439 1297 1488 sermo,
1325 1440 1496 1493 neque
1528 1425 1594 1477 ab
1618 1424 1862 1479 instituto
1896 1423 2023 1477 alie-

439 1539 560 1584 nus,
591 1535 762 1589 neque
801 1519 1003 1573 otiosas
1036 1515 1373 1570 narrationes
1416 1525 1664 1570 acervat:
1719 1531 1928 1578 verum,
1967 1524 2026 1568 ut

437 1616 570 1679 dixi,
626 1612 890 1684 principio
946 1621 1234 1679 antequam
1294 1611 1593 1672 evenirent,
1623 1608 1724 1662 ista
1785 1608 1939 1671 vidit,
1974 1621 2028 1665 et

437 1708 759 1759 annuntiare
820 1719 1073 1775 magnum
1124 1717 1308 1771 opera:
1363 1700 1594 1770 pretium
1676 1700 1845 1764 ducit,
1897 1700 2022 1753 dum

2121 522 2485 578 ἀντικεῖσθαι
2519 520 2697 586 αὐτῷ.
2742 522 2849 574 Καὶ
2881 514 3012 571 εἷπε
3053 519 3202 584 πρὸς
3239 516 3346 570 τὸν
3385 515 3698 571 διάϐολον·

2138 612 2506 680 Ἐπιτιμήσαι
2537 613 2754 680 Κύριος
2789 610 2860 662 ἐν
2901 608 3022 671 σοι,
3070 607 3329 670 διάϐολε,
3377 608 3472 661 καὶ
3515 609 3702 661 ἐπιτι-

2117 710 2309 776 μῆσαι
2355 705 2424 758 ἐν
2473 705 2573 758 σοὶ
2617 707 2648 757 ό
2685 701 3082 770 ἐκλεξάμενος
3129 700 3242 768 τὴν
3285 698 3700 768 Ἰερουσαλήμ.

2135 801 2254 852 Οὐκ
2323 797 2450 851 ὶδοὺ
2506 796 2680 850 τοῦτο
2743 795 2824 860 ὡς
2877 793 3062 859 δαλὸς
3128 791 3580 860 ἐξεσπασμένος
3634 792 3702 844 ἐκ

2124 891 2312 956 πυρός
2337 906 2355 951 ;

2197 981 2294 1034 ΙΖ’.
2341 980 2568 1050 Ὅρασις
2621 977 2720 1046 μὲν
2768 975 2829 1028 τὸ
2875 974 3141 1046 διήγημα,
3185 972 3492 1043 πλὴνιέχει
3542 972 3702 1039 λόγον

2128 1069 2396 1140 ἱστορικὸν
2420 1109 2434 1131 ,
2487 1064 2899 1135 αἰνιγματωδῶς
2953 1063 3325 1123 εἰσϐαλλοντα,
3385 1063 3477 1114 καὶ
3524 1061 3604 1124 ὡς.
3645 1062 3703 1115 ἐν

2125 1161 2292 1215 εἰκόνι
2337 1159 2498 1212 πάλιν
2526 1158 2604 1228 τῷ
2652 1155 2826 1226 Ἰησοῦ
2875 1154 3470 1226 προσδιαγραφόμενον.
3508 1153 3704 1206 Ἰστέον

2124 1252 2202 1315 δὲ,
2235 1253 2315 1304 ὅτι
2347 1251 2454 1303 τῶν
2498 1251 2556 1302 ἐν
2577 1252 2696 1312 ταῖς
2722 1251 2976 1319 ὁράσεσιν
3001 1249 3079 1311 είς
3105 1249 3277 1318 πέρας
3305 1245 3702 1316 ἐκϐεϐηκότων,

2123 1345 2252 1407 τοὺς
2279 1345 2407 1415 περὶ
2432 1343 2609 1397 αὐτῶν
2632 1344 2661 1396 6
2683 1343 2964 1412 προψήτης
2991 1344 3222 1394 ποιεῖται
3247 1339 3456 1407 λόγους.
3492 1341 3706 1392 Εξκαιοο

2130 1435 2303 1506 μυθὴς
2339 1436 2394 1489 δὲ
2439 1433 2713 1505 οὐδαμῶς,
2747 1434 2868 1486 οὐδὲ
2902 1432 3005 1504 μὴν
3032 1432 3258 1486 κατόπιν
3284 1431 3393 1483 τῶν
3420 1429 3705 1499 ἐπιτγοδευο

2131 1529 2313 1598 μάτων
2375 1528 2628 1598 ἔρχεται,
2680 1527 2776 1580 καὶ
2839 1525 3106 1596 περιττῶν
3164 1527 3295 1593 ἡμῖν
3354 1523 3705 1593 διηγημάτων

2131 1620 2357 1692 σωρεύει
2400 1620 2554 1690 ὄχλον
2577 1636 2590 1652 ⁸
2635 1619 2776 1682 ἀλλ’,
2808 1618 2904 1681 ὡς·
2922 1616 3077 1688 ἐςην,
3125 1617 3199 1668 ἐν·
3225 1617 3420 1687 ἀρχαῖς
3462 1613 3568 1684 πρὸ
3597 1611 3705 1664 τῶν

2130 1712 2464 1780 πραγμάτιον
2488 1709 2739 1762 τεθέαται
2775 1708 2970 1771 ταῦτα,
3001 1707 3094 1760 καὶ
3127 1705 3494 1774 ἀπαγγέλλειν
3538 1703 3706 1756 ποιεῖ-

439 1799 510 1853 ita
545 1797 757 1852 erudiat
787 1807 840 1850 et
877 1806 1046 1849 totum
1077 1795 1262 1850 reddat
1309 1793 1585 1856 lsraelem,
1638 1805 1707 1845 ne
1755 1791 2021 1844 similibus

2124 1773 2214 1855 ται
2253 1773 2388 1872 περὶ
2427 1801 2644 1866 πολλοῦ,
2691 1803 2851 1870 σοφόν
2879 1818 2936 1855 τε
2963 1801 3057 1853 καὶ
3083 1798 3295 1869 ἀσφαλῆ
3325 1797 3586 1860 καθιστὰς
3613 1795 3705 1848 τὸν

437 1905 559 1959 sese
593 1890 804 1944 delictis
854 1890 1048 1944 iterum
1115 1887 1373 1950 involvat,
1426 1886 1730 1952 iterumque
1781 1885 2025 1952 captivus

441 1983 529 2034 ﬁat
550 2023 564 2048 ,
597 1981 776 2036 sciens
807 1996 866 2035 se
896 1979 1162 2034 salvatum
1189 1993 1311 2032 cum
1339 1976 1542 2037 labore,
1569 1986 1624 2029 et
1648 1975 2020 2030 liberationem

439 2085 651 2140 quoque
697 2069 799 2139 ipsi
827 2084 963 2138 opus
995 2077 1115 2123 erat
1166 2069 1393 2138 gratiam
1433 2066 1596 2137 673
1636 2066 2022 2134 prepemodum

439 2164 522 2218 vel
555 2165 686 2231 ipsis
716 2164 769 2216 in
803 2161 940 2214 cmlo
968 2161 1173 2230 angelis
1205 2174 1349 2215 cura:
1407 2174 1470 2213 ac
1504 2158 1852 2213 sollicitudini
1888 2157 2023 2211 fuis-

440 2273 519 2312 se.
542 2257 628 2310 Ait
655 2270 782 2322 ergo
808 2269 867 2309 se
895 2253 1092 2306 vidisse
1114 2260 1342 2306 stantem
1371 2250 1638 2318 angelum,
1662 2259 1715 2302 et
1744 2263 1926 2301 coram
1959 2262 2024 2301 eo

439 2347 622 2404 Jesum
656 2345 818 2400 tilium
844 2342 1071 2398 Josedee
1095 2341 1431 2396 sacerdotem
1466 2354 1737 2407 magnum.
1773 2337 1834 2390 Et
1862 2352 2023 2407 ange-

442 2440 528 2492 lus
561 2436 775 2507 quidem
810 2445 991 2504 typum
1020 2441 1071 2487 et
1101 2431 1385 2500 imaginem
1414 2429 1616 2483 Christi
1639 2429 1857 2498 gerebat
1887 2445 1899 2481 :
1934 2442 2022 2481 sa-

443 2531 636 2584 cerdos
666 2536 848 2581 autem
909 2527 1076 2580 totius
1125 2523 1304 2592 populi
1359 2535 1643 2590 personam
1703 2519 2023 2574 sustinuisse

444 2623 619 2683 potest
658 2612 878 2676 intelllgi
904 2628 918 2664 :
946 2612 1026 2665 sic
1051 2610 1194 2664 enim
1223 2609 1401 2662 divina
1439 2607 1719 2676 Scriptura
1743 2624 1864 2662 eum
1927 2623 2022 2663 ac-

441 2707 592 2776 cipit.
614 2705 790 2770 Quare
829 2701 1024 2756 alicubi
1057 2702 1124 2756 ad
1160 2701 1338 2756 Mosen
1364 2701 1490 2754 dicit
1538 2701 1676 2755 Deus
1711 2718 1726 2756 :
1755 2719 1774 2750 ι
1807 2699 1872 2754 Ει
1895 2715 2024 2755 ecce

441 2811 539 2866 ego
570 2793 750 2863 accepi
796 2792 1016 2846 Levites
1052 2807 1148 2862 pro
1185 2791 1440 2846 omnibus
1485 2791 1610 2845 liliis
1655 2790 1842 2856 Israel,
1882 2791 2023 2844 dono

443 2889 553 2941 dati
593 2895 723 2941 sunt
755 2885 884 2939 mihi
921 2885 988 2939 ⁸⁸.
1024 2903 1042 2935 ι
1082 2884 1344 2952 Quocirca
1373 2883 1506 2937 nihil
1553 2884 1812 2937 adversus
1858 2883 2020 2937 deco-

446 2995 563 3031 rum
590 2986 776 3047 peccat
799 2975 991 3042 oratio,
1018 2991 1114 3044 pro
1143 2975 1287 3029 omni
1327 2974 1520 3043 populo
1553 2974 1885 3028 sacerdotem
1931 2991 2021 3027 ae-

2139 1896 2372 1965 ’lepa’q)t,
2419 1896 2504 1947 ἴνα
2549 1895 2623 1965 μὴ
2668 1897 2780 1956 τοῖς
2834 1895 2968 1957 ἴσοις
3016 1893 3319 1962 πταίσμασι
3368 1887 3703 1960 περιπεσὼν,

2124 1988 2278 2058 ἁλοίη
2314 1987 2407 2040 καὶ
2436 1987 2704 2056 δεύτερον,
2731 1987 2905 2048 εἰδὼς,
2941 1987 3020 2039 ὅτι
3053 1986 3317 2038 σέσωσται
3353 1983 3490 2054 μετὰ
3517 1983 3703 2046 πόνου,

2125 2079 2220 2132 καὶ
2276 2081 2556 2148 μονονουχὶ
2607 2079 2825 2149 φροντὶς
2867 2064 3056 2147 γέγονε
3119 2077 3214 2130 καὶ
3254 2079 3366 2138 τοῖς
3405 2079 3461 2128 ἐν
3494 2072 3706 2145 οὖρανῷ

2124 2169 2377 2236 ἀγγέλοις
2423 2171 2453 2237 ἡ
2501 2168 2588 2221 ἐπ’
2624 2167 2771 2238 αὐτῷ
2815 2167 3081 2238 λύτρωσίς
3111 2183 3167 2219 τε
3203 2166 3297 2219 καὶ
3339 2165 3516 2235 χάρις.
3560 2165 3702 2234 Ἔφη

2124 2259 2336 2323 τοίνυν,
2374 2259 2454 2311 ὅτι
2495 2258 2746 2310 τεθέαται
2797 2258 2894 2327 μὲν
2934 2258 3142 2310 ἑστῶτα
3180 2257 3270 2309 τὸν
3307 2257 3556 2323 ἄγγελον,
3601 2253 3708 2325 πρὸ

2124 2353 2414 2422 προσώπου
2450 2351 2504 2403 δὲ
2544 2350 2708 2403 αὑτοῦ
2753 2350 2841 2403 τὸν
2889 2349 3096 2420 Ἰησοῦν
3144 2349 3236 2401 τὸν
3287 2347 3564 2410 Ἰωσεδὲκ,
3613 2346 3704 2398 τὸν

2125 2443 2276 2514 ἱερέα
2302 2443 2393 2495 τὸν
2431 2441 2623 2512 μέγαν.
2653 2441 2762 2494 Καὶ
2800 2442 2828 2492 6
2865 2441 2962 2510 μὲν
2990 2439 3220 2506 ἄγγελος
3258 2441 3338 2501 εἰς
3393 2439 3575 2492 εἰκόνα
3613 2435 3706 2489 καὶ

2126 2534 2297 2586 τύπον
2333 2535 2573 2603 εἱστήκει
2598 2531 2864 2603 Χριστοῦ·
2907 2531 2937 2583 ὁ
2983 2530 3038 2583 δέ
3072 2547 3136 2598 γε
3169 2531 3348 2602 ἱερεὺς
3393 2529 3608 2600 νοηθείη
3640 2527 3706 2582 ἂν

2124 2626 2247 2681 ἀντὶ
2291 2625 2490 2687 παντὸς
2525 2625 2619 2678 τοῦ
2653 2624 2783 2677 λαοῦ
2806 2641 2820 2655 ο
2855 2623 3190 2692 λαμϐάνεται
3228 2622 3334 2694 γὰρ
3367 2623 3508 2676 οὕτω
3556 2622 3704 2694 παρὰ

2057 2752 2071 2770 .
2125 2715 2245 2776 ταῖς
2286 2715 2459 2778 θείαις
2491 2716 2752 2785 Γραφαῖς.
2783 2714 2891 2766 Καὶ
2922 2713 3052 2781 γοῦν
3079 2713 3179 2783 ἔφη
3215 2731 3314 2766 που
3340 2713 3474 2784 πρὸς
3501 2715 3706 2767 Mmoria

2125 2806 2294 2869 Θεός·
2335 2825 2352 2858 ι
2412 2807 2521 2859 Καὶ
2572 2807 2680 2858 ἰδοὺ
2727 2805 2836 2874 ἐγὼ
2883 2807 3079 2874 εἴληφα
3130 2809 3256 2868 τοὺς
3305 2808 3536 2868 Λευΐτας
3585 2807 3706 2858 ἀντὶ

2123 2897 2339 2950 πάντων
2368 2897 2475 2948 τῶν
2510 2897 2639 2947 υἱῶν
2678 2895 2909 2964 Ἰσραὴλ,
2936 2895 3073 2963 δόμα
3103 2894 3374 2963 δεδομένοι
3398 2895 3502 2946 εἰσί
3533 2910 3643 2962 μοι.
3679 2914 3696 2947 ι

2127 2985 2385 3053 Ἔρχεται
2427 2983 2491 3054 δὴ
2520 2979 2612 3036 οὖν
2645 2984 2674 3034 6
2702 2983 2862 3050 λόγος
2890 2984 3020 3052 ἡμῖν
3054 2983 3154 3034 οὐκ
3203 2983 3312 3035 ἀπὸ
3361 2982 3563 3036 σκοποῦ
3607 2981 3702 3035 τοῦ

440 3069 666 3136 cipiens.
693 3066 982 3137 Postquam
1029 3067 1173 3120 enim
1210 3063 1400 3130 Israel,
1433 3064 1588 3118 cultis
1628 3065 1782 3119 idolis
1807 3071 2021 3134 spretis-

2127 3076 2455 3147 πρέποντος,
2492 3074 2611 3126 ἀντὶ
2645 3073 2844 3135 παντὸς
2884 3073 2978 3124 τοῦ
3017 3071 3145 3124 λαοῦ
3179 3073 3270 3124 τὸν
3305 3073 3453 3142 ἱερέα
3485 3073 3707 3142 δεχομέ-

443 3179 547 3230 que
581 3163 790 3232 legibus
844 3176 938 3232 per
985 3159 1169 3214 Mosen
1215 3158 1358 3224 latis,
1413 3157 1652 3225 abjectus
1701 3169 1786 3213 est
1814 3174 1843 3212 a
1880 3159 2016 3214 faeie

446 3253 560 3319 hei,
589 3252 933 3318 pustmodum
982 3250 1130 3320 justa
1174 3249 1227 3302 in
1255 3264 1375 3303 eum
1413 3249 1491 3302 ira
1515 3249 1745 3316 expleta,
1804 3249 2020 3303 miseri-

423 3347 627 3399 'cordia
659 3360 686 3397 a
726 3341 833 3397 Deo
859 3352 942 3396 est
964 3341 1209 3406 allectus,
1244 3351 1298 3395 et
1341 3341 1517 3394 denuo
1549 3341 1615 3395 ad
1670 3350 2016 3408 conspectum

444 3439 559 3504 ejus
603 3445 907 3489 revocatus.
941 3433 1008 3487 Et
1039 3435 1161 3498 hoc,
1191 3433 1403 3502 opinor,
1426 3443 1526 3497 est,
1551 3433 1649 3487 sub
1676 3435 1906 3501 quodam
1944 3433 2022 3486 in-

447 3537 758 3598 togumento
795 3527 1102 3596 verborum,
1135 3535 1279 3580 stare
1303 3525 1638 3579 sacerdotem
1677 3535 1801 3579 ante
1827 3524 2021 3578 facient

446 3619 620 3690 angeli
657 3618 889 3674 Domini.
923 3616 978 3671 In
1003 3617 1082 3671 ira
1111 3616 1308 3686 quippe
1394 3625 1694 3682 aversatur,
1750 3627 1804 3671 et
1836 3615 2024 3672 oculos

447 3724 688 3767 removet
728 3727 756 3764 a
785 3709 1280 3778 contemptoribus:
1313 3719 1499 3762 contra
1551 3709 1814 3764 miserans
1851 3710 2025 3762 intue-

446 3814 534 3858 tur
587 3815 641 3858 et
671 3803 912 3871 respicit.
937 3799 1073 3854 llinc
1105 3809 1158 3853 et
1185 3801 1395 3854 divinus
1419 3800 1624 3855 Psaltes
1654 3805 1846 3856 orabat
1900 3803 1972 3855 ita
2005 3815 2020 3852 :

452 3915 472 3946 ι
508 3895 583 3948 Ne
613 3904 829 3946 avertas
863 3891 1054 3946 faciem
1083 3899 1228 3944 tuam
1263 3905 1293 3944 a
1327 3905 1435 3957 me,
1483 3902 1539 3944 et
1600 3905 1665 3944 ne
1695 3893 1926 3946 declines
1969 3891 2024 3946 in

447 3990 525 4042 ira
560 4005 587 4040 a
623 4001 776 4040 servo
811 3995 901 4038 tuo
930 3983 1028 4036 θ’.»
1068 3981 1133 4036 Et
1167 3983 1358 4036 iterum
1389 3997 1403 4033 :
1445 4001 1462 4034 ι
1501 3983 1726 4053 ReSpice
1757 3983 1938 4050 inme,
1972 3993 2027 4039 et

448 4079 707 4133 miserere
730 4073 948 4130 tttei'°.t
977 4071 1240 4127 Caeterum
1268 4081 1459 4126 natura
1489 4072 1748 4141 benignus
1790 4083 1841 4127 et
1865 4075 2026 4129 misc-

447 4170 618 4222 ricors
641 4167 782 4221 Deus
810 4165 1057 4220 lsraelem
1089 4179 1119 4218 a
1155 4172 1377 4234 peccato
1405 4163 1687 4219 liberabat.
1714 4164 1814 4230 Qui
1847 4176 2024 4220 autem

447 4260 499 4313 iu
527 4259 652 4312 illud
681 4257 964 4312 induxerat
994 4257 1222 4312 Satanas
1253 4256 1450 4321 stabat,
1475 4257 1824 4312 nihilominus
1840 4261 2028 4313 adver-

445 4368 594 4416 sans,
614 4361 668 4406 et
683 4365 742 4406 se
763 4364 1038 4419 apponens
1057 4347 1152 4413 illi,
1179 4358 1232 4404 et
1253 4349 1511 4404 deserens
1529 4349 1674 4403 illum
1700 4350 1935 4420 insuper,
1951 4361 2026 4415 et,

2122 3183 2252 3226 νοις.
2307 3163 2522 3234 Ἐπειδὴ
2564 3162 2674 3233 γὰρ
2705 3163 2926 3232 γέγονεν
2963 3164 2991 3215 6
3042 3162 3260 3232 Ἰσραὴλ
3304 3165 3368 3216 ἐκ
3411 3165 3704 3233 προσώπου

2119 3253 2278 3317 Θεοῦ,
2329 3254 2706 3325 λελατρευκὼς
2752 3253 3012 3316 εἰδώλοις,
3061 3255 3150 3307 καὶ
3202 3254 3363 3307 αὑτὸν
3408 3254 3464 3308 δὲ
3499 3255 3589 3308 τὸν
3619 3256 3705 3311 διὰ

2121 3346 2366 3410 Μωσέως
2409 3347 2682 3417 ἀτιμήσας
2711 3346 2896 3415 νόμον,
2929 3339 3044 3396 εἷτα
3079 3343 3462 3415 πληρωθείσης
3489 3346 3586 3415 τῆς
3618 3347 3703 3398 ἐπ’

2123 3439 2269 3508 αὐτῷ
2311 3438 2524 3500 δικαίας
2565 3437 2752 3508 ὀργῆς,
2785 3437 3009 3507 ἡλέηται
3046 3437 3198 3508 παρὰ
3240 3437 3396 3498 Θεοῦ,
3443 3437 3704 3508 κέκληταί

2121 3546 2180 3582 τε
2225 3528 2384 3582 πάλιν
2433 3531 2513 3592 εἰς
2553 3529 2676 3597 ὄψιν
2721 3529 2911 3582 αὐτοῦ.
2963 3529 3070 3582 Καὶ
3117 3527 3295 3594 τοῦτο,
3343 3525 3518 3598 οἶμαι,
3555 3531 3700 3582 ἐστὶν

2123 3618 2537 3688 αἰνιγματωδῶς
2580 3620 2638 3672 τὸ
2672 3620 2894 3673 ἑστάναι
2941 3620 3031 3672 τὸν
3078 3619 3226 3690 ἱερέα
3274 3619 3379 3690 πρὸ
3410 3619 3701 3690 προσώπου

2123 3711 2356 3779 ἀγγέλου
2391 3711 2614 3780 Κυρίου.
2678 3711 2763 3763 Ἐν
2801 3712 2936 3781 ὀργῇ
2991 3712 3089 3781 μὲν
3127 3711 3235 3782 γὰρ
3274 3711 3700 3782 ἀποστρέφεται,

2124 3803 2218 3857 καὶ
2245 3804 2570 3873 ἁποκομίζει
2594 3802 2720 3866 τοῦς
2754 3803 3068 3872 ὀφθαλμοὺς
3099 3803 3206 3856 τῶν
3237 3803 3505 3858 εἰωθότων
3534 3821 3703 3858 κατα-

2127 3897 2341 3966 φρονεῖν
2363 3911 2376 3924 ·
2409 3893 2693 3964 οἰκτείρων
2719 3910 2782 3962 γε
2819 3894 2922 3963 μὴν
2953 3893 3124 3962 ἐφορᾷ
3156 3895 3248 3945 καὶ
3293 3894 3700 3948 ἐπισκέπτεται.

2125 3988 2235 4040 Καὶ
2262 3985 2391 4054 γοῦν
2419 3987 2447 4037 6
2475 3984 2759 4046 θεσπέσιος
2789 3984 3088 4052 Ψαλμῳδὸς
3119 3987 3479 4055 προσηύχετο,
3498 3984 3669 4055 λέγων
3688 3999 3705 4015 '

2131 4097 2149 4130 ι
2198 4077 2288 4146 Μὴ
2325 4075 2674 4146 ἀποστρέψῃς
2703 4075 2762 4127 τὸ
2803 4074 3094 4144 πρόσωπόν
3144 4092 3238 4128 σου
3288 4077 3381 4128 ἀπ’
3417 4077 3574 4144 ἐμοῦ,
3611 4079 3703 4131 καὶ

2133 4170 2207 4239 μὴ
2230 4167 2482 4239 ἐκκλίνῃς
2511 4168 2570 4219 ἐν
2597 4166 2734 4237 ὀργῇ
2773 4165 2880 4218 ἀπὸ
2905 4165 3001 4218 τοῦ
3030 4162 3218 4219 δούλου
3250 4184 3365 4219 σου.
3403 4185 3420 4218 ›
3452 4169 3561 4220 Καὶ
3601 4170 3706 4222 πά-

2127 4259 2208 4312 λιν
2229 4277 2241 4294 ο
2281 4278 2298 4312 ι
2346 4256 2664 4326 Ἐπίὸλεψον
2687 4255 2774 4310 ἐπ’
2800 4257 2920 4328 ἐμὲ,
2948 4258 3043 4310 καὶ
3071 4257 3292 4328 ἐλέησόν
3325 4275 3410 4328 με.
3448 4278 3466 4310 ι
3511 4259 3647 4312 Ἀλλ’
3674 4261 3704 4313 6

2133 4351 2232 4420 μὲν
2273 4349 2433 4418 φύσει
2471 4349 2702 4420 χρηστὸς
2736 4349 2832 4402 καὶ
2878 4349 3270 4418 φιλοικτίρμων
3315 4349 3444 4411 Θεὸς
3478 4348 3701 4418 ἠλευθέ-

445 4443 585 4513 quod
621 4443 834 4513 quidem
863 4442 929 4496 ad
965 4441 1246 4495 arbitrium
1283 4456 1347 4496 ac
1385 4441 1714 4496 voluntatem
1751 4443 1918 4511 ipsius
1942 4452 2021 4496 at-

2131 4459 2228 4513 ρου
2271 4442 2370 4511 τῆς
2400 4442 2673 4512 ἁμαρτίας
2707 4441 2796 4494 τὸν
2838 4440 3070 4511 Ἰσραήλ.
3114 4441 3173 4492 ’0
3197 4439 3252 4492 δέ
3287 4457 3348 4508 γε
3389 4443 3468 4503 εἰς
3498 4441 3701 4511 ταύτην

447 4537 669 4602 tiuebat,
703 4535 1152 4597 misericordiam,
1180 4541 1237 4587 ut
1274 4535 1510 4603 peccatis
1535 4533 1766 4588 obnoxio
1806 4542 1859 4588 et
1920 4533 2021 4586 im-

447 4626 663 4696 pietatis
694 4626 1012 4680 criminibus
1063 4625 1275 4679 irretito
1321 4632 1376 4678 et
1401 4623 1600 4678 nullius
1635 4622 1802 4692 frugis
1857 4624 2018 4679 ttibui

447 4733 553 4770 non
593 4717 793 4770 sinens.
833 4733 852 4766 ι
880 4715 1071 4770 Stabat
1098 4716 1267 4781 enim,
1295 4714 1494 4782 inquit,
1518 4728 1582 4766 ac
1607 4713 1812 4767 dextris
1845 4713 2016 4781 ejus,»

367 4799 396 4806 ”
447 4807 681 4876 quodam
741 4805 898 4860 modo
937 4807 1156 4860 dextera
1184 4806 1510 4858 destruens:
1549 4817 1652 4855 non
1696 4804 1837 4856 enim
1889 4804 2021 4858 sini-

449 4908 588 4954 stras
618 4912 704 4951 res
736 4906 966 4959 nostras,
1004 4895 1098 4950 sed
1133 4894 1352 4948 dextras
1401 4903 1456 4947 et
1512 4893 1803 4950 laudabiles
1856 4911 2024 4966 oppu-

444 4999 592 5060 gnat.
621 4989 729 5044 Iloc
755 4987 1048 5058 contigisse
1069 4987 1284 5042 cuidam
1347 4986 1399 5039 in
1431 4985 1707 5042 Christum
1735 4987 2020 5056 impiorum

446 5083 635 5137 beatus
671 5078 836 5134 David
876 5077 1140 5131 sentiebat
1189 5075 1375 5131 dicens
1409 5092 1422 5129 :
1453 5093 1471 5128 ι
1530 5075 1782 5131 Diabolus
1845 5088 1950 5132 stet
1992 5094 2021 5132 a

449 5172 651 5226 dextris
690 5169 804 5238 ejus
836 5169 935 5223 “.i
978 5165 1382 5221 Adversabatur
1413 5181 1540 5236 ergo
1585 5166 1818 5222 Satanas
1857 5186 1870 5222 :
1927 5170 2022 5223 sed

447 5261 620 5326 augt-li
654 5274 783 5312 voce
819 5257 1213 5326 increpabatur.
1245 5253 1460 5307 Au'divit
1517 5256 1657 5309 enim
1695 5257 1959 5310 dicentem
1999 5276 2012 5312 :

450 5366 472 5399 ι
512 5347 750 5420 lncrepet
780 5349 1037 5404 Dominus
1085 5347 1138 5402 in
1169 5355 1240 5410 te,
1275 5345 1506 5413 diabole,
1541 5357 1596 5400 et
1626 5348 1866 5416 increpet
1911 5348 2018 5401 Do-

454 5441 626 5494 minus
661 5443 709 5493 iu
740 5452 810 5504 te,
841 5441 932 5510 qui
957 5439 1118 5511 elegit
1153 5437 1508 5494 Jerusaleth
1552 5438 1847 5494 Considera
1872 5440 2014 5496 enim

445 5515 716 5595 quomodo
762 5531 901 5584 illico
947 5531 1054 5584 Deo
1102 5530 1352 5585 infestum
1393 5539 1445 5584 ct
1500 5531 1749 5599 supernis
1796 5530 2014 5584 calculis

517 5708 562 5742 ⁸⁸
585 5709 751 5766 Num.
789 5724 868 5776 tu,
900 5710 953 5774 9,
986 5710 1070 5764 lO.
1150 5711 1192 5742 ⁶⁹
1225 5709 1366 5766 Psal.
1401 5726 1542 5775 xxvi,
1574 5709 1625 5766 9.

1704 5711 1747 5741 7°
1775 5709 1920 5765 Psal.
1952 5724 2098 5777 χειν,
2140 5710 2224 5763 ιϐ.

2129 4531 2798 4605 ἐμϐεϐληκὼς,Σατανᾶς,
2847 4532 3086 4601 εἱστήκει
3135 4531 3296 4583 πάλιν
3333 4531 3701 4602 ἀντικείμενος

2127 4641 2186 4677 τε
2220 4625 2314 4677 καὶ
2365 4623 2675 4687 ἀντεξάγων
2716 4623 2884 4693 αὐτῷ,
2920 4624 3014 4675 καὶ
3058 4622 3441 4690 καταγορεύων
3472 4623 3572 4684 ἐτι,
3608 4624 3702 4678 καὶ

2127 4715 2248 4768 ὅσον
2271 4715 2396 4783 ἥκει
2425 4715 2598 4766 εἰπεῖν
2631 4714 2710 4774 είς
2742 4712 2802 4764 τὸ
2827 4711 2974 4781 αὐτῷ
2997 4710 3208 4772 δοκοῦν,
3233 4713 3701 4784 κατοικτείρεσθαι

2141 4803 2215 4874 μὴ
2250 4803 2448 4870 ἀφιεὶς,
2493 4802 2568 4863 ὼς
2591 4803 2648 4855 ὲν
2670 4800 3119 4873 πλημμελ[ε]ίαις
3142 4802 3291 4866 ὄντα,
3321 4804 3415 4856 καὶ
3459 4808 3570 4867 τοῖς
3602 4805 3702 4875 τῆς

2125 4896 2441 4959 δυσσεϐείας
2473 4896 2812 4965 ἐγκλήμασιν
2841 4896 3178 4965 ἐνεχόμενον,
3203 4897 3296 4948 καὶ
3319 4896 3471 4950 οὐδὲν
3511 4897 3698 4968 ἔχοντα

2125 4988 2315 5052 δεξιόν.
2345 4989 2602 5058 Εἱστήκει
2634 4988 2762 5060 γὰρ,
2795 4987 2980 5056 φησιν,
3022 4987 3086 5038 ἐκ
3122 4986 3312 5051 δεξιῶν
3345 4989 3530 5053 αὐτοῦ,
3573 4988 3697 5059 τρόο

2127 5097 2226 5133 πον
2265 5079 2387 5132 τινὰ
2423 5077 2715 5151 παραλύων
2743 5078 2809 5130 τα
2833 5077 2983 5144 δεξιά
3001 5092 3015 5106 ⁸
3046 5078 3274 5149 πολεμεῖ
3297 5079 3406 5150 γὰρ
3431 5079 3549 5148 οὐχὶ
3587 5082 3697 5142 τοῖς

2128 5174 2336 5233 σκαιοῖς
2389 5171 2544 5241 ἡμῶν
2597 5170 2938 5240 πράγμασιν,
2996 5169 3132 5223 ἀλλὰ
3182 5174 3294 5235 τοῖς
3344 5170 3534 5234 δεξιοῖς
3601 5171 3697 5224 καὶ

2121 5261 2556 5329 ἐπαινουμένοις.
2582 5258 2854 5331 Τ[οι]οῦτό
2875 5278 2928 5313 τι
2968 5260 3158 5314 παθεῖν
3187 5261 3427 5330 ἐπηρᾶτο
3451 5276 3570 5312 τινα
3590 5261 3697 5314 τῶν

2120 5352 2199 5413 είς
2227 5349 2460 5421 Χριστὸν
2502 5349 2973 5424 δεδυσσεσηκότων
3023 5356 3052 5407 6
3102 5354 3367 5425 μακάριος
3398 5353 3579 5414 Δαὸὶδ,
3610 5352 3698 5404 at-

2117 5457 2261 5510 γων·
2302 5459 2321 5492 ι
2358 5441 2468 5494 Καὶ
2495 5441 2739 5508 διάϐολος
2761 5446 2940 5516 στήτω
2962 5449 3026 5500 ἐκ
3047 5445 3234 5512 δεξιῶν
3264 5443 3446 5497 αὑτοῦ.
3493 5463 3511 5495 ι
3551 5445 3702 5497 Ἀντ-

2119 5531 2296 5583 ἑκειτο
2333 5531 2512 5585 τοίνυν
2541 5536 2569 5587 6
2597 5535 2865 5600 Σατανᾶς,
2899 5537 3036 5608 πλὴν
3065 5537 3358 5606 ἐπετιμᾶτο
3395 5535 3480 5588 διὰ
3515 5535 3697 5606 φωνῆς

2300 5712 2340 5741 ⁷¹
2375 5711 2515 5764 l‘sal.
2550 5729 2700 5780 cvm,
2728 5720 2778 5772 6.
