4092 6202
1983 190 2023 205 'Il"
2119 189 2121 191 ’

465 289 538 344 47

1485 296 1542 353 s.
1584 296 1858 355 CYltlLLl
1900 298 2366 359 ALEXANDmNI
2405 273 2754 364 Αιιοιιιερῖ

3637 324 3708 380 48

450 401 688 456 cei-dotii
726 418 940 469 munus,
997 405 1324 479 multamque
1381 413 1523 483 apud
1565 416 1728 472 Deum
1773 419 2004 475 ﬁducian

2125 423 2274 487 ὄντος
2307 424 2401 479 τοῦ
2437 427 2589 493 λαοῦ,
2626 429 2846 501 ῥυπαρά
2874 446 2990 495 πως
3016 425 3084 503 ἦν
3121 434 3217 488 καὶ
3260 436 3327 490 τὰ
3372 437 3467 492 τοῦ
3506 440 3699 512 lapso);

444 493 742 547 obtinebit.
808 495 1172 560 Quamobrem
1230 503 1442 558 divinus
1503 505 1725 575 Paulus,
1787 513 2031 580 gentibus

453 586 658 640 Christi
690 602 848 642 sacro
881 588 1172 660 Evangelia
1199 594 1525 664 ministrate,
1582 615 1704 652 cum
1739 617 1802 654 ex
1859 604 2032 656 incre-

459 679 656 732 mentis
686 679 752 730 ad
782 680 1031 734 virtutem
1066 696 1162 737 eos
1201 684 1556 742 inclarescere
1579 702 1632 744 et
1661 692 1708 745 ei
1743 694 1892 746 ﬁrma
1927 694 2030 748 ﬁde

393 803 401 809 -
459 769 721 824 inhaerere
764 783 1026 838 cerneret,
1079 774 1147 827 ita
1199 776 1457 831 scribitu
1491 779 1715 848 Propter
1757 783 2030 852 gloriatio-

351 923 361 930 δ
458 875 579 914 nem
628 870 886 928 vestram,
936 863 1155 930 fratres,
1211 882 1369 936 quam
1407 869 1667 928 habemus
1704 875 1756 926 in
1803 874 2029 932 Domino

451 952 664 1010 lusu".
692 974 711 1006 ι
746 956 810 1010 Et
844 971 1096 1012 rursum:
1124 956 1435 1029 {Gaudium
1475 970 1529 1016 et
1566 977 1762 1017 corona
1790 979 1907 1019 mea
1933 981 2027 1021 vos

451 1046 587 1103 estis
616 1046 714 1100 τι.»

524 1319 686 1375 Vens.
717 1319 771 1382 6,
799 1320 925 1375 7.Et
961 1320 1177 1391 angelus
1213 1321 1406 1376 stabat.
1445 1321 1510 1376 Et
1568 1333 1888 1377 contestata:
1949 1333 2025 1378 est

449 1411 664 1480 angelus
703 1410 908 1464 Domini
931 1413 1000 1464 ad
1028 1410 1229 1475 Iesum,
1257 1413 1434 1466 dicens
1463 1429 1483 1466 :
1502 1411 1633 1467 Han:
1665 1415 1789 1466 dicit
1842 1413 2021 1467 Domi-

451 1518 547 1554 nus
581 1502 904 1570 omnipotens
923 1519 941 1554 :
971 1501 1028 1555 Si
1054 1504 1105 1555 iu
1133 1503 1228 1556 viis
1263 1503 1385 1560 meis
1429 1504 1864 1568 antbulaveris,et
1881 1521 2022 1573 pra!-

447 1609 594 1661 cepta
631 1612 743 1648 mea
790 1585 1152 1660 ettslodiveris,
1227 1606 1276 1649 et
1331 1606 1386 1649 tu
1437 1597 1758 1666 diiudicabis
1810 1599 2022 1650 domum

2133 516 2415 588 ἐσθήματα
2437 537 2449 550 ο
2473 522 2642 586 οὕτως
2662 523 2914 588 εἰωθότος
2942 527 3101 580 πάλιν
3128 529 3708 605 εὐδοκι,μεῖν,καθαρὸν

2131 605 2283 659 ἔσται
2315 611 2410 662 καὶ
2439 611 2697 679 διαφανὲς
2729 615 2826 684 τῆς
2858 617 3158 686 ἱερωσύνης
3189 619 3249 671 τὸ
3277 621 3466 691 χρῆμα
3492 623 3589 691 (1),
3613 625 3707 677 καὶ

2131 697 2187 749 ὲν
2238 700 2406 770 πολλῇ
2447 704 2722 775 παρρησίᾳ
2758 709 2823 776 τῇ
2859 709 3009 778 παρὰ
3053 709 3192 780 Θεῷ.
3226 713 3334 764 Καὶ
3367 713 3498 780 γοῦν
3543 717 3572 768 δ
3616 714 3707 768 θε-

2132 786 2352 851 σπέσιος
2381 790 2590 855 Παῦλος
2623 794 2986 866 ἱερουργήσας
3027 801 3142 862 τοῖς
3171 800 3346 854 ἔθνεσι
3378 803 3438 856 τὸ
3466 805 3707 874 Εὐαγγέ-

2130 874 2244 928 λιον
2271 878 2364 930 τοῦ
2393 880 2649 950 Χριστοῦ,
2675 883 2910 947 καὶτοῖς
2946 887 3028 949 εἰς
3057 887 3116 939 τὸ
3137 889 3356 958 ἄμεινον
3406 893 3708 947 ἐπιδόσεων

2129 967 2547 1039 εὐδοκιμοῦντας
2583 973 2816 1042 βλέπων,
2847 978 2941 1030 καὶ
2973 977 3198 1047 βεϐαίαν
3237 981 3456 1051 ἔχοντας
3484 983 3582 1054 τὴν
3609 985 3708 1036 ἐπ’

2127 1058 2276 1126 αὑτῴ
2325 1059 2526 1125 πίστιν,
2555 1065 2856 1118 ἐπιστέλλει
2889 1067 3093 1136 λέγων’
3147 1088 3166 1121 ι
3193 1070 3276 1141 Νὴ
3300 1072 3400 1143 τὴν
3432 1073 3706 1144 ἡμετέραν

2126 1149 2417 1219 καύχησιν,
2444 1152 2679 1222 ἀδελφοὶ,
2701 1155 2772 1226 ἣν
2797 1156 2995 1228 ἔχομεν
3025 1161 3082 1212 ὲν
3100 1160 3288 1231 Κυρίῳ
3309 1163 3505 1232 Ἰησοῦ.
3538 1182 3558 1214 ι
3598 1163 3706 1216 Καὶ

2127 1238 2318 1293 πάλιν·
2361 1260 2380 1292 ι
2410 1243 2568 1314 Χαρὰ
2606 1245 2700 1298 καὶ
2731 1247 2992 1317 στέφανός
3027 1267 3131 1320 μου
3170 1252 3328 1319 ὑμεῖς
3366 1255 3506 1305 ἐστε.
3540 1271 3560 1303 ι

2195 1333 2306 1386 Kal
2357 1337 2391 1387 ό
2437 1336 2691 1406 ἅγγελος
2737 1342 3019 1408 εἱστήκει.
3056 1345 3167 1397 Καὶ
3203 1344 3624 1413 διεμαρτύρατο
3670 1347 3706 1398 ό

2124 1422 2379 1493 ἄγγελος
2403 1429 2626 1494 Κιιρίου
2655 1431 2807 1498 πρὸς
2834 1434 3088 1501 Ἰησοῦν,
3105 1434 3299 1504 λέγων
3320 1452 3337 1465 '
3371 1435 3517 1489 Τάδε
3543 1435 3704 1505 λέγει

2140 1515 2353 1581 Κύριος
2378 1520 2825 1590 παντοκράτωρο
2854 1524 2989 1579 Ἐὰν
3009 1527 3080 1579 ἐν
3103 1528 3232 1594 ταῖς
3263 1527 3424 1594 ὁδοῖς
3446 1547 3565 1597 μου
3597 1545 3703 1582 ,ποι

2115 1609 2288 1674 ρεύῃ,
2317 1609 2413 1661 καὶ
2450 1611 2520 1663 ἐν
2556 1612 2679 1678 τοῖς
2710 1618 3132 1686 προστάγμασι
3151 1635 3272 1686 μου
3306 1620 3569 1688 φυλάξῃ,
3602 1621 3701 1676 καὶ

447 1704 635 1752 meum,
673 1697 720 1741 et
775 1689 1036 1742 custodias
1107 1690 1302 1742 atrium
1372 1706 1583 1753 mem»,
1621 1697 1669 1743 et
1727 1690 1862 1743 dabo
1923 1687 2008 1742 tibi

2123 1696 2204 1747 σὺ
2249 1696 2574 1766 διακρινεῖς
2617 1701 2723 1754 τὸν
2756 1699 2925 1756 οἶκόν
2947 1722 3089 1773 μου,
3119 1707 3219 1758 καὶ
3261 1687 3553 1774 φυλάξεις
3588 1711 3703 1776 τὴν

443 1789 800 1832 conversantes
857 1779 910 1831 in
942 1778 1110 1832 medio
1129 1784 1380 1832 stantium
1409 1781 1649 1834 istorum.

516 1955 650 2010 XIX.
690 1954 744 2009 lu
765 1955 892 2009 Jesu
934 1967 1130 2023 magno
1157 1956 1439 2009 sacerdote
1468 1953 1746 2009 Christum
1773 1953 2013 2007 omnium

445 2047 780 2101 Salvatorem
801 2045 1129 2112 descriptum
1153 2044 1469 2113 accipimus,
1489 2043 1644 2112 cujus
1675 2044 1799 2098 item
1828 2059 2015 2112 perso-

443 2154 567 2192 nam
601 2148 662 2192 ut
685 2144 917 2205 gereret,
959 2150 986 2187 a
1019 2135 1288 2205 principio
1347 2136 1526 2188 Aaron
1560 2135 1810 2189 sacerdos
1859 2135 2014 2188 insu-

443 2242 589 2284 tutus
617 2238 718 2281 est.
761 2226 873 2280 Hoc
911 2236 1087 2280 autem
1117 2226 1169 2279 in
1199 2225 1316 2280 loco
1342 2227 1410 2280 ad
1440 2226 1616 2294 ipsum
1651 2226 1815 2280 ﬁlium
1862 2225 2016 2280 lose-

441 2320 541 2372 dec
571 2319 772 2370 dictum
800 2317 1118 2369 asserimus:
1156 2333 1175 2367 ι
1213 2314 1337 2370 limo
1371 2316 1500 2370 dicit
1527 2315 1783 2369 Dominus
1841 2316 2013 2370 omni-

443 2421 673 2479 potens:
704 2407 758 2462 Si
799 2408 850 2461 in
887 2407 988 2461 viis
1024 2407 1156 2461 meis
1211 2406 1595 2474 ambulaveris,
1631 2417 1688 2460 et
1747 2419 2011 2476 praecepta

433 2518 559 2554 cura
596 2499 974 2565 custodiveris,
1003 2508 1057 2553 et
1087 2507 1140 2552 tn
1169 2497 1494 2569 dijudicabis
1516 2499 1733 2552 domum
1773 2515 1965 2562 meam,
1987 2518 2006 2553 ι

437 2603 490 2646 et
536 2607 654 2661 quae
703 2599 1022 2660 sequuntur.
1093 2588 1206 2643 Non
1257 2589 1398 2643 enim
1453 2588 1580 2642 talia
1633 2587 1851 2642 Christo
1905 2591 2009 2644 dici

433 2688 680 2749 «ineunt:
723 2682 917 2749 quiest
953 2681 1056 2741 via,
1085 2677 1400 2746 justiﬁcatio
1448 2679 1562 2744 Dei,
1588 2689 1643 2732 et
1709 2677 1887 2732 Patris
1928 2678 2010 2734 sui

428 2776 654 2826 ἰιιιηιιυιιι
689 2774 804 2842 ipse
835 2769 1166 2840 ilijudicavit,
1201 2778 1259 2823 ut
1293 2767 1460 2822 Filius
1485 2779 1802 2836 potestatem
1855 2785 2013 2822 exer-

436 2879 584 2918 cens.
611 2863 738 2918 Erat
765 2863 906 2917 enim
934 2861 1112 2918 Moses
1139 2861 1309 2916 ﬁdelis
1346 2862 1574 2916 famulus
1597 2862 1648 2915 in
1674 2861 1818 2915 omni
1851 2862 2011 2914 domo

437 2958 528 3010 Dei
557 2971 576 3007 ι
611 2968 664 3010 at
693 2955 944 3010 Christus
973 2964 1032 3009 ut
1064 2953 1232 3008 Filius
1263 2969 1425 3022 super
1446 2954 1663 3007 domum
1693 2953 1830 3020 ejus,
1860 2952 2011 3020 cujus

432 3047 625 3100 domus
651 3061 752 3101 nos
791 3061 976 3100 sumus
999 3047 1065 3099 ".
1094 3045 1236 3113 Ergo
1267 3045 1331 3098 ad
1363 3045 1528 3098 ﬁlium
1556 3043 1781 3101 Josedec
1805 3046 1902 3100 ista
1929 3046 2010 3099 di—

434 3147 520 3190 cta
547 3137 799 3200 sunto,ad
820 3134 1094 3191 Christum
1112 3134 1353 3190 minime.
1375 3133 1661 3190 Polliretur
1680 3145 1856 3190 autem
1871 3135 2011 3191 Deus

433 3225 792 3281 sacerdotium
823 3235 1154 3290 retenturum
1185 3225 1349 3280 etiam
1385 3237 1504 3292 post
1551 3236 1792 3292 tempora
1837 3229 2011 3292 Capti-

431 3313 637 3377 vitatis,
660 3323 717 3365 nt
741 3313 1050 3368 sacerdotes
1071 3313 1290 3381 pnesint
1315 3313 1518 3379 lsraeli,
1537 3321 1590 3368 et
1606 3324 1844 3368 sanctam
1863 3315 2006 3370 illam

433 3403 708 3457 civitatem
759 3406 1122 3457 moderentur.
1169 3403 1433 3469 Quoniam
1473 3404 1652 3472 enim,
1695 3408 2006 3474 captivitate

431 3493 646 3548 inducta
667 3535 685 3561 ,
713 3504 766 3549 et
813 3496 1019 3550 sanctis
1048 3497 1411 3551 concrematis
1450 3505 1506 3550 et
1560 3498 1847 3554 sacriﬁciis
1873 3500 2009 3554 sub-

436 3586 580 3648 latis,
626 3584 1029 3640 arbitrabantur
1082 3585 1318 3641 nonnulli
1367 3587 1599 3642 Massica
1627 3588 1868 3645 funditus
1913 3590 2008 3646 ab-

428 3675 644 3738 olenda,
664 3675 830 3744 676
855 3686 908 3728 et
925 3675 1092 3744 legem
1119 3675 1250 3730 nihil
1266 3677 1495 3747 amplius
1511 3678 1816 3743 valituram,
1839 3693 2006 3749 quan-

433 3782 595 3834 quam
644 3769 878 3819 nondum
930 3775 1192 3834 praesente
1236 3768 1330 3823 illo
1366 3779 1607 3839 tempore
1652 3785 1758 3840 quo
1811 3770 2004 3837 Uuige-

431 3859 606 3912 nitum
648 3866 832 3910 natum
874 3857 1142 3912 hominem
1165 3873 1427 3928 apparere
1455 3861 1761 3930 oportebat,
1800 3861 2001 3915 idcirco

432 3947 574 4000 Deus
607 3947 806 4002 docens
836 3946 1092 4003 lsraelem
1120 3949 1222 4004 sub
1262 3951 1502 4022 antiquis
1554 3952 1798 4007 moribus
1852 3953 1998 4007 lutu-

426 4053 546 4092 rum
590 4047 646 4094 et
674 4038 774 4093 sub
802 4039 1030 4109 imperio
1056 4043 1396 4096 sacerdotum
1423 4051 1636 4097 :etatem
1668 4042 1994 4106 habiturum,

425 4128 572 4182 haud
605 4144 759 4184 serus
793 4144 953 4200 quam
981 4141 1105 4187 ante
1123 4134 1493 4202 captivitatem
1512 4135 1818 4189 necessario
1851 4134 1998 4188 aliir-

427 4232 561 4285 mat,
585 4223 627 4275 si
663 4221 830 4290 legem
883 4224 1094 4281 sincere
1140 4226 1477 4293 custodierit,
1544 4226 1715 4295 ipsmn
1780 4241 1992 4281 rursum

425 4311 640 4366 domum
681 4312 797 4381 ejus
840 4313 1276 4383 dijudieaturum,
1305 4326 1360 4372 et
1404 4318 1580 4388 prima
1634 4318 1803 4388 gloria
1850 4319 1992 4386 poti-

2118 1787 2318 1854 αὐλήν·
2353 1807 2494 1858 μου,
2531 1791 2631 1845 καὶ
2664 1791 2836 1847 δώσω
2884 1813 2982 1848 σοι
3035 1797 3594 1868 ἀναστρεφομένους
3630 1800 3703 1854 ἐν

2117 1880 2286 1948 μέσῳ
2312 1881 2430 1934 τῶν
2459 1883 2803 1950 ἑστηκότων
2827 1889 3069 1942 τούτων.

2192 1973 2292 2026 ΙΘ’.
2332 1973 2428 2036 Εἰς
2469 1975 2820 2031 ὑποτύπωσιν
2877 1980 2974 2048 μὲν
3029 1979 3122 2033 τοῦ
3189 1981 3407 2036 πάντων
3451 1983 3702 2055 Σωτῆρος

2118 2065 2356 2134 Χριστοῦ
2409 2066 2826 2138 παρεδεξάμεθα
2875 2071 2967 2122 τὸν
3002 2070 3211 2140 Ἰησοῦν
3258 2073 3349 2124 τὸν
3411 2073 3561 2144 ἱερέα
3608 2073 3701 2127 τὸν

2121 2155 2295 2223 μέγαν
2314 2171 2326 2184 ·
2363 2157 2570 2210 τέθειτο
2601 2158 2708 2229 γὰρ
2741 2160 2820 2222 εἰς
2845 2159 3004 2214 τοῦτο
3033 2162 3126 2214 καὶ
3153 2162 3364 2233 Ἀαρὼν
3399 2165 3456 2217 ὲν
3479 2165 3694 2234 ἀρχαῖς.

2116 2245 2263 2314 Πλὴν
2293 2245 2350 2296 ἐν
2394 2263 2458 2312 γε
2507 2249 2622 2309 τοῖς
2663 2251 3048 2318 προκειμένοις
3078 2253 3212 2322 πρὸς
3251 2253 3412 2308 αὑτὸν
3450 2254 3698 2324 εἰρῆσθαί

2115 2350 2294 2402 φαμεν
2340 2335 2431 2388 τὸν
2464 2336 2705 2390 Ἰωσεδὲκ
2737 2339 2815 2404 τὸ,
2861 2357 2882 2390 ο
2914 2341 3050 2394 Τάδε
3085 2342 3230 2411 λέγει
3265 2344 3466 2414 Κύριος
3498 2363 3696 2399 παντο-

2114 2425 2362 2494 κράτωρ·
2390 2444 2408 2475 ι
2449 2426 2576 2479 Ἐὰν
2610 2428 2667 2478 ἐν
2693 2429 2812 2490 ταῖς
2831 2429 2970 2493 ὁδοῖς
2999 2447 3101 2500 μου
3131 2433 3360 2506 πορεύῃ,
3381 2437 3476 2486 καὶ
3503 2437 3560 2487 ὲν
3584 2439 3698 2500 τοῖς

2115 2517 2502 2586 προστάγμασι
2551 2536 2650 2589 μου
2695 2520 2967 2594 φυλάσσῃ,
3009 2524 3103 2576 καὶ
3156 2524 3221 2576 σὺ
3273 2526 3564 2596 διακρινεῖς
3605 2529 3696 2582 τὸν

2111 2599 2258 2656 οἶκόν
2290 2621 2416 2674 μου,
2449 2625 2466 2656 ι
2502 2607 2600 2659 καὶ
2636 2607 2706 2660 τὰ
2733 2609 2942 2673 τούτοις
2971 2611 3231 2677 ἑπόμενα.
3265 2613 3342 2666 Οὐ
3373 2615 3483 2684 γὰρ
3512 2614 3581 2668 ἂν
3617 2617 3695 2668 εῖ-
3771 2623 3774 2627 ’

2116 2711 2246 2763 ρητο
2287 2697 2354 2748 τὰ
2390 2698 2566 2750 τοιάδε
2616 2700 2865 2770 Χριστῷο
2916 2702 3080 2766 αὐτὸς
3131 2704 3239 2774 γάρ
3282 2706 3429 2758 ἐστιν
3481 2709 3512 2775 ἡ
3556 2709 3692 2771 ὁδὸς,

2111 2785 2274 2848 αὐτὸς
2316 2786 2377 2839 τὸ
2419 2787 2697 2859 δικαίωμα
2738 2790 2830 2844 τοῦ
2862 2792 2996 2845 Θεοῦ
3033 2794 3125 2847 καὶ
3159 2796 3392 2864 Πατρὸς,
3429 2799 3587 2859 αὐτὸς
3619 2799 3696 2850 δι-

2111 2875 2291 2945 έκρινε
2335 2876 2424 2930 τὸν
2469 2875 2616 2931 οἷκον
2646 2881 2832 2944 αὐτοῦ,
2858 2884 3292 2948 κατεξουσιάζων
3321 2885 3399 2947 ὡς
3435 2883 3692 2949 Υἱός.Ἷίν

2115 2965 2212 3034 μὲν
2247 2965 2356 3035 γὰρ
2390 2967 2424 3016 ὁ
2447 2967 2732 3032 θεσπέσιος
2765 2970 2969 3040 Μωσῆς
2993 2973 3178 3034 πιστὸς
3208 2974 3460 3043 θεράπων
3499 2979 3555 3028 ὲν
3586 2977 3692 3046 ὅλῳ

2112 3054 2188 3125 τῷ
2220 3057 2354 3125 οἴκῳ
2376 3057 2469 3109 τοῦ
2505 3057 2640 3112 θεοῦ
2661 3078 2674 3091 ο
2710 3062 2940 3131 Χριστὸς
2969 3061 3026 3114 δὲ
3054 3063 3130 3125 ὡς
3155 3063 3280 3127 Υἱὸς
3307 3066 3399 3118 ἐπὶ
3425 3067 3514 3121 τὸν
3542 3065 3688 3121 οἶκον

2112 3147 2303 3213 αὑτοῦ,
2350 3142 2410 3199 οῦ
2463 3145 2611 3213 οἶκός
2656 3152 2823 3222 ἐσμεν
2866 3154 3046 3223 ἡμεῖς.
3082 3154 3289 3208 Οὐκοῦν
3319 3157 3556 3228 εἰρήσθω
3589 3160 3688 3230 μὲν

2113 3240 2250 3309 πρὸς
2277 3239 2368 3293 τὸν
2397 3239 2491 3294 τοῦ
2521 3242 2767 3295 Ἰωσεδὲκ
2793 3244 2862 3297 τὰ
2889 3245 3087 3310 τοιάδε,
3113 3246 3246 3316 πρὸς
3278 3247 3334 3300 δέ
3364 3265 3426 3316 γε
3453 3250 3688 3320 Χριστὸν

2109 3329 2310 3383 οὐκέτι.
2331 3330 2726 3402 Ἐπηγγέλλετο
2754 3334 2810 3387 δὲ
2840 3334 2992 3400 Θεὸς,
3030 3337 3128 3406 τὴν
3163 3338 3300 3392 κατὰ
3331 3340 3493 3410 νόμον
3527 3344 3686 3412 ἱερω-

2112 3421 2276 3492 σύνην
2323 3426 2620 3495 κρατήσειν
2664 3426 2741 3479 ἔτι
2787 3427 2881 3481 καὶ
2933 3433 3070 3498 μετά
3117 3447 3180 3498 γε
3224 3433 3349 3494 τοὺς
3387 3434 3482 3502 τῆς
3519 3436 3684 3505 αἰχμ·

2111 3513 2349 3578 αλωσίας
2377 3517 2622 3588 καιροὺς,
2653 3516 2793 3571 ὥστε
2822 3521 2948 3582 τοὺς
2985 3522 3362 3591 ἱερατεύοντας
3391 3526 3686 3598 κατάρχειν

2103 3605 2198 3656 τοῦ
2228 3605 2466 3677 Ἰσραὴλ,
2504 3607 2598 3661 καὶ
2645 3610 2744 3680 τὴν
2794 3611 2958 3678 ἁγίαν
3003 3611 3207 3666 διέπειν
3253 3614 3404 3668 πόλιν
3445 3619 3679 3687 ἐκείνην,

2118 3695 2334 3768 Ἐπειδὴ
2385 3699 2492 3771 γὰρ
2541 3699 2828 3771 συμϐάσης
2875 3701 2973 3772 τῆς
3021 3703 3413 3772 αἰχμαλωσίας,
3453 3709 3682 3761 καὶτῶν

2104 3788 2273 3856 ἁγίων
2304 3791 2804 3863 ἐμπεπρησμένων,
2840 3793 2932 3846 καὶ
2959 3792 3148 3859 θυσίας
3167 3795 3348 3850 οὐκέτι
3384 3815 3682 3868 προσκεκο-

2105 3879 2392 3949 μισμένης,
2425 3881 2592 3951 ᾤοντό
2634 3899 2778 3946 τινες
2825 3883 2960 3954 πρὸς
3017 3886 3329 3956 ἀνατροπὴν
3363 3890 3678 3958 οἰχήσεσθαι

2100 3971 2339 4040 παντελῆ
2385 3971 2456 4024 τὰ
2486 3973 2749 4037 Μωσέως,
2796 3976 2890 4028 καὶ
2937 3976 3311 4048 ἅπρακτήσειν
3359 3979 3449 4032 τὸν
3490 3981 3675 4050 νόμον,

2099 4061 2274 4113 καίτοι
2322 4063 2487 4132 μήπω
2539 4063 2805 4134 παρόντος
2834 4063 2926 4116 τοῦ
2964 4065 3181 4136 καιροῦ,
3211 4069 3332 4121 καθ’
3363 4069 3422 4123 δν
3463 4071 3676 4124 ἀναδεί-

2097 4151 2326 4204 κνυσθαι
2351 4155 2517 4223 ἐχρῆν
2543 4154 3001 4225 ὲνηνθρωπηκότα
3023 4159 3112 4211 τὸν
3136 4160 3413 4232 Μονογενῆ
3433 4181 3446 4194 ·
3475 4165 3674 4238 ταύτῃ-

2095 4261 2177 4297 τοι
2209 4243 2340 4306 Θεὸς
2370 4244 2697 4314 ἀναπείθων,
2735 4249 2817 4301 ὅτι
2845 4251 2956 4314 τοῖς
2989 4251 3232 4323 ἀρχαίοις
3255 4253 3432 4308 ἔθεσιν
3459 4259 3673 4311 ὑποκεῖ-

2097 4350 2247 4386 σεται
2291 4334 2451 4388 πάλιν
2502 4337 2531 4390 ὁ
2561 4335 2797 4410 Ἰσραὴλ,
2833 4341 2926 4394 καὶ
2975 4342 3080 4396 ὑπὸ
3123 4347 3282 4416 χεῖρα
3328 4348 3523 4417 πράξει
3564 4350 3672 4403 τῶν

423 4411 624 4470 turum,
652 4418 775 4459 eum
817 4406 871 4460 in
903 4421 1060 4462 sacro
1087 4409 1386 4464 ministerio
1419 4409 1581 4464 etiam
1653 4411 1860 4464 sanctis
1898 4426 1994 4464 an-

2110 4424 2310 4494 Lspéwv,
2339 4426 2480 4480 καθὰ
2519 4429 2614 4480 καὶ
2639 4406 2762 4500 -πρδ
2791 4431 2892 4502 τῆς
2930 4406 3322 4504 αἰχμαλωσίας.
3357 4406 3672 4507 άνανγκαὶως

421 4496 554 4565 gelis
588 4496 994 4565 adjuvantibus.
1031 4498 1144 4555 Non
1177 4501 1321 4556 enim
1369 4501 1476 4556 dici
1534 4511 1708 4571 potest
1756 4511 1989 4556 veterem

420 4585 590 4654 legem
624 4589 918 4644 virtutibus
943 4590 1369 4659 intelligentibus
1435 4593 1742 4647 destitutam
1793 4594 1990 4648 fuisse.

351 4737 359 4745 α
421 4673 480 4725 Si
520 4676 662 4727 enim
691 4677 880 4746 legalia
911 4679 998 4732 illa
1035 4681 1140 4749 typi
1172 4693 1225 4736 et
1259 4681 1464 4735 umbra;
1507 4691 1692 4746 erant,
1744 4698 1874 4750 ergo
1926 4686 1990 4739 ad

420 4761 514 4817 Dei
543 4765 765 4833 gloriam
800 4770 1219 4836 peragebantur.
1259 4772 1369 4825 lloc
1409 4774 1603 4842 Opinor
1649 4774 1748 4827 sibi
1807 4773 1988 4832 velle:

424 4872 445 4904 ι
483 4851 630 4906 Dabo
655 4854 747 4908 tibi
778 4869 1161 4912 conversantes
1182 4862 1231 4913 in
1254 4862 1430 4915 medio
1455 4864 1710 4916 stantium
1738 4865 1984 4928 h0l‘Ulll,)

419 4945 524 5000 hoc
565 4956 670 5010 est,
721 4950 1105 5017 prepemodum
1143 4968 1246 5005 una
1306 4954 1678 5010 sacriﬁcantes
1715 4965 1768 5010 et
1815 4958 1988 5014 sacris

417 5035 608 5090 olliciis
641 5036 796 5089 simul
855 5039 1136 5108 fungentes
1194 5043 1434 5112 angelos.
1500 5043 1777 5115 Perpende
1829 5063 1989 5117 porro

364 5202 366 5204 _
418 5129 690 5194 quomodo
719 5129 916 5197 ubique
941 5144 1094 5183 sacra
1127 5131 1406 5203 Scriptura
1441 5138 1661 5205 angelos
1693 5149 1841 5192 stare
1872 5157 1988 5209 pro-

420 5222 647 5286 nuntiet,
665 5221 913 5277 stationis
949 5223 1209 5278 vocabulo
1251 5225 1570 5296 signiﬁcans
1603 5247 1698 5286 eos
1757 5233 1984 5303 ignavia

419 5323 524 5363 non
552 5315 924 5381 succumbere,
974 5315 1068 5369 sed
1110 5325 1340 5371 utentem
1368 5319 1512 5371 velut
1537 5331 1796 5386 erectam,
1824 5332 1878 5377 et
1903 5323 1982 5376 in-

2095 4513 2282 4582 φησὶν,
2311 4515 2386 4579 ὼς
2433 4517 2480 4569 ει
2514 4518 2724 4587 γένοιτο
2770 4523 2991 4592 γνήσιος
3031 4527 3341 4594 νομοφύλαξ
3380 4531 3408 4581 ὁ
3441 4531 3666 4600 Ἰησοῦς,

2094 4605 2254 4668 αὐτὸς
2289 4606 2450 4660 πάλιν
2496 4609 2760 4679 διακρινεῖ
2791 4614 2881 4664 τὸν
2928 4611 3075 4666 οἷκον
3113 4616 3297 4680 αὐτοῦ,
3331 4619 3422 4672 καὶ
3455 4622 3513 4671 ὲν
3544 4621 3668 4693 δόξῃ

2092 4695 2335 4749 κείσεται
2374 4699 2441 4767 τῇ
2487 4697 2721 4771 πρώτῃ,
2771 4702 3327 4775 συλλειτουργούντων
3375 4711 3524 4782 αὐτῷ
3574 4715 3668 4766 καὶ

2099 4787 2269 4854 ἁγίων
2296 4788 2562 4856 ἀγγέλων.
2595 4791 2669 4843 Οὐ
2717 4793 2824 4863 γάρ
2866 4796 2968 4849 πού
3013 4815 3211 4868 φαμεν.
3247 4800 3323 4864 ὡς
3369 4804 3575 4873 ἔρημος
3601 4802 3668 4876 ἦν

2095 4879 2380 4949 δυνάμεων
2407 4881 2638 4949 λογικῶν
2672 4884 2700 4936 ὁ
2733 4886 2897 4938 πάλαι
2928 4889 3109 4958 νόμος.
3141 4892 3203 4944 Εἰ
3239 4895 3347 4964 γὰρ
3393 4898 3485 4948 καὶ
3512 4893 3582 4967 ἦν
3610 4902 3664 4950 ἐν

2094 4969 2284 5032 τύποις
2338 4972 2431 5024 καὶ
2479 4976 2656 5037 σκιαῖς
2690 4976 2756 5028 τὰ
2796 4977 2856 5031 ὲν
2904 4978 3070 5049 νόμῳ,
3104 4979 3335 5038 ἀλλὀὖν
3390 4990 3468 5053 εἰς
3509 4993 3662 5058 δόξαν

2097 5061 2327 5115 ἐτελεῖτο
2359 5062 2514 5118 Θεοῦ.
2542 5066 2711 5119 Τοῦτο
2759 5063 2912 5139 οἶμαι
2959 5070 3152 5140 δηλοῦν
3198 5076 3284 5142 τὸ,
3326 5098 3345 5130 ι
3374 5080 3537 5134 Δώσω
3579 5099 3660 5136 σοι

2093 5150 2598 5222 ἀναστρεφομένους
2627 5157 2684 5207 ὲν
2729 5158 2878 5227 μέσῳ
2908 5160 3016 5212 τῶν
3045 5163 3352 5236 ἑστηκότων
3380 5169 3600 5235 τούτων,
3636 5191 3655 5223 ι

2091 5240 2356 5301 τουτέστι.
2385 5246 2664 5315 μονονουχὶ
2691 5251 3166 5319 συνιερατεύοντας
3216 5259 3305 5310 καὶ
3327 5258 3661 5331 συλλειτουρ-

2088 5326 2317 5394 γοῦντας
2361 5330 2642 5396 ἀγγέλους.
2673 5333 2862 5406 Ἀθρει
2920 5339 2976 5392 δὲ
3023 5342 3170 5408 ὅπως
3220 5348 3490 5418 πανταχοῦ
3533 5326 3660 5416 τοῦς

483 5502 531 5536 ’³
558 5504 714 5560 Rom.
749 5524 839 5573 xv,
870 5510 958 5565 17.
1035 5512 1081 5545 ⁷⁸
1111 5512 1342 5586 Philipp.
1377 5529 1448 5581 tv,
1482 5511 1539 5568 9.
1615 5517 1660 5549 ⁷⁸
1691 5517 1854 5573 llebr.
1886 5535 1969 5585 ιιι,
1997 5520 2121 5575 2-6.

481 5683 562 5757 (1)
591 5683 884 5742 Cotclcrius
906 5687 1168 5759 (Monum.
1205 5693 1268 5748 Ε.
1303 5693 1366 5749 (ἐ.
1398 5695 1611 5770 Ιῐλϐιιϐ)
1642 5699 1767 5771 legit
1792 5703 1998 5773 σχῆμα,

2110 5704 2266 5760 binis.
2300 5707 2458 5763 Εοιτ.
