4092 6202
448 281 522 343 ,54
1487 281 1547 336 5..
1588 279 1865 336 CHHLLI
1907 278 2375 333 ALEXANDRINI
2416 279 2732 335 ABClllEP.
3643 279 3711 334 σε

456 397 710 469 appellat,
736 397 836 453 hoc
874 407 977 466 est,
1019 410 1233 466 semper
1260 405 1569 465 quaerentes
1605 397 1759 468 signa
1811 397 2022 463 videre,

2128 396 2358 467 ουργοῦν
2416 397 2512 468 μὲν
2553 397 2662 468 γὰρ
2700 396 2775 467 τῷ
2813 400 3058 469 ἀρχιερεῖ
3095 398 3291 468 ἔστηκε
3322 398 3380 452 τὸ
3414 399 3602 469 τάγμα
3653 399 3713 453 τὸ

455 491 822 562 prodigiorum
876 490 1122 561 cupidos.
1158 487 1351 544 Nescio
1379 490 1521 544 enim
1577 489 1845 559 quomodo
1900 504 2032 560 gens

427 577 635 644 ,Judaa
655 580 721 634 ad
741 581 854 634 haec
879 589 1068 634 natura
1098 575 1289 633 fertur.
1307 577 1493 648 Itaque
1531 593 1650 634 cum
1677 579 1922 634 Christus
1951 578 2030 631 fe-

423 672 614 737 _cisset
647 671 800 740 quasi
823 669 1086 740 ﬂagellum
1120 669 1185 725 de
1218 669 1487 732 funiculis,
1518 683 1816 738 omnesque
1847 682 1876 720 e
1897 675 2031 721 tem-

451 769 539 839 plo
566 767 836 836 eiecisset,
872 767 1207 835 dixissetque
1241 784 1255 822 :
1284 783 1302 817 ι
1353 763 1577 819 Auferte
1636 765 1739 819 ista
1785 763 1932 827 hinc,
1975 772 2029 817 et

448 857 618 914 nolite
643 856 821 911 facere
847 856 1061 910 domum
1093 854 1266 909 Patris
1301 854 1426 919 mei,
1459 856 1676 907 domum
1708 853 2027 923 negotiatio-

451 949 555 1017 nis,
597 967 618 1002 ι
657 956 1027 1012 accesserunt,
1053 955 1108 1000 et
1133 946 1464 1016 quaesierunt
1505 962 1518 998 :
1552 963 1571 996 ι
1608 943 1760 1008 Quod
1813 945 2026 1012 signum

449 1040 689 1096 emendis
718 1041 844 1113 quia
883 1039 1000 1094 haec
1056 1037 1234 1092 facis?
1278 1046 1331 1091 et
1384 1037 1504 1106 quis
1558 1036 1704 1089 dedit
1742 1035 1831 1088 tibi
1891 1035 2028 1089 hanc

449 1141 769 1201 potestatem
808 1133 902 1186 '3?
936 1151 955 1184 ι
999 1132 1366 1186 Aecesserunt
1417 1140 1470 1182 et
1498 1129 1612 1195 alii,
1643 1145 1762 1183 cum
1805 1128 1904 1182 hac
1946 1146 2029 1194 pe-

453 1222 637 1277 titione
662 1242 675 1277 :
717 1241 735 1274 ι
772 1221 1046 1292 Magister,
1072 1219 1362 1275 volumusa
1391 1229 1440 1274 te
1467 1220 1679 1289 signum
1711 1219 1894 1273 videre
1921 1219 1986 1272 ⁸³.
2006 1239 2022 1269 ι

450 1312 676 1380 Idcirco,
698 1315 976 1382 quoniam,
1004 1311 1198 1381 inquit,
1225 1310 1324 1364 viri
1365 1319 1491 1363 sunt
1515 1317 1908 1380 portentorum,
1931 1325 2023 1363 seu

451 1403 832 1460 miraculorum
863 1403 1260 1473 speculatores,
1297 1399 1508 1454 discant
1539 1410 1713 1455 tecum
1739 1410 1793 1455 et
1818 1400 2022 1465 futura,

449 1497 724 1564 signorum
757 1510 876 1564 quae
904 1503 1092 1562 petunt
1124 1501 1548 1562 perpetratorem
1576 1508 1792 1562 semper
1834 1501 2025 1560 poten-

451 1584 741 1639 tissimum.
775 1583 1032 1649 Quisnam
1079 1591 1258 1636 autem
1291 1581 1421 1636 hic?
1460 1599 1478 1632 ι
1506 1579 1654 1636 Ecce
1685 1597 1784 1651 ego
1815 1583 2023 1664 adducxo

447 1685 662 1728 servum
702 1688 900 1739 meum,
935 1671 1126 1728 Oriens
1150 1687 1344 1727 nomen
1375 1674 1514 1741 ejus.
1539 1693 1556 1724 ι
1583 1667 1719 1728 Deus
1751 1673 1914 1744 igitur
1946 1688 2024 1727 se-

2134 488 2417 540 Λενῖτικόν
2439 504 2452 517 ·
2487 490 2533 540 οἱ
2563 488 2620 541 δέ
2647 506 2709 557 γε
2740 489 3100 561 πρεσϐύτεροι
3132 492 3320 560 ίερεῖς,
3375 490 3450 554 ὡς
3491 490 3714 544 ἐκείνων

2133 580 2387 650 ἀμείνους
2425 580 2524 646 ἔτι,
2553 582 2648 636 καὶ
2689 581 2964 653 ίερὼτεροι
2997 581 3136 636 κατὰ
3179 582 3268 635 τὸν
3297 583 3482 652 νόμον,
3512 583 3606 636 καὶ
3645 585 3709 652 τῇ

2133 673 2386 744 συνεδρία
2427 674 2737 744 τετίμηντο.
2783 675 3234 745 Τερατοσκὸπους
3261 691 3325 743 γε
3376 672 3480 744 μὴν
3517 674 3712 734 αὐτοὺς

2131 764 2407 834 ὀνομάζει,
2456 766 2750 828 τουτέστιν,
2807 765 2895 822 ἀεὶ
2945 769 3148 836 σημεῖα.
3204 763 3499 836 ζητοῦντας
3555 767 3709 835 ὁρᾷ-ι,

2131 855 2239 907 τῶν
2262 857 2503 926 τεράτων
2531 857 2871 926 ἐφιεμένους.
2897 856 3061 908 Φύσει
3089 856 3197 928 γάρ
3223 872 3338 917 πως
3362 855 3448 908 ἀεὶ
3469 853 3710 906 τοιοῦτόν

2129 946 2243 998 ἐστι
2273 945 2333 998 τὸ
2371 946 2480 999 τῶν
2502 946 2774 1000 Ἰουδαίων
2804 945 2973 1008 ἔθνος.
3007 948 3117 999 Καὶ
3146 945 3408 1014 γοῦνιςότε
3431 945 3458 995 6
3478 946 3711 1014 Χριστος

2129 1039 2358 1108 ποιήσας
2391 1038 2523 1090 ὡσεὶ⁸
2570 1038 2892 1109 φραγέλλιον
2944 1039 3006 1090 ἐκ
3059 1037 3330 1108 σχοινίων,
3379 1036 3585 1098 πάντας
3621 1033 3709 1100 ἐξ-

2127 1130 2317 1183 έϐαλεν
2363 1132 2426 1184 ὲκ
2473 1130 2566 1184 τοῦ
2602 1131 2766 1202 ἱεροῦ,
2798 1131 2973 1198 λέγων
2997 1171 3011 1196 ,
3055 1132 3150 1182 «Ἀ
3165 1147 3291 1201 ρατε
3319 1128 3492 1182 ταῦτα
3522 1126 3706 1180 ἐντεῦ-

2127 1222 2236 1285 θεν,
2276 1223 2370 1276 καὶ
2403 1222 2478 1296 μὴ
2510 1227 2708 1276 ποιεῖτε
2743 1222 2832 1275 τὸν
2857 1219 3002 1274 οἶκον
3033 1221 3124 1274 τοῦ
3164 1221 3373 1292 Πατρός
3401 1237 3528 1288 μου,
3557 1214 3706 1272 οἶκον

2125 1315 2412 1386 ἐμπορίου,
2447 1333 2464 1366 ι
2507 1313 2815 1386 προσῄεσαν
2849 1313 3098 1382 λέγοντες
3119 1331 3134 1345 ·
3195 1332 3213 1365 ι
3243 1313 3307 1365 Τί
3335 1314 3557 1382 σημεῖον
3603 1312 3709 1364 δει-

2126 1405 2325 1469 κνύεις,
2357 1407 2437 1459 ὅτι
2469 1405 2644 1459 ταῦτα
2694 1407 2894 1471 ποιεῖς;
2933 1405 3026 1458 καὶ
3056 1403 3139 1468 τίς
3185 1403 3350 1457 ἔδωκέ
3381 1421 3462 1456 σοι
3497 1403 3594 1473 τὴν
3623 1401 3707 1467 εξ-

2124 1497 2311 1550 ουσίαν
2343 1496 2576 1568 ταύτηνς
2611 1515 2628 1547 ι
2674 1497 2993 1567 Εὑρήσομεν
3031 1495 3088 1547 δὲ
3127 1495 3220 1548 καὶ
3273 1495 3491 1564 ἐτέρους
3537 1510 3706 1564 προσ-

2127 1591 2322 1652 ιόντας,
2371 1588 2466 1642 καὶ
2509 1588 2767 1656 λέγοντας
2815 1587 2998 1658 αὐτῷ·
3056 1605 3074 1638 ι
3106 1585 3428 1650 Διδάσκαλε,
3482 1584 3708 1653 θέλομεν

2128 1679 2235 1732 ἀπὸ
2270 1679 2363 1733 σοῦ
2402 1682 2623 1750 σημεῖον
2659 1679 2807 1735 ἰδεῖν.
2839 1697 2860 1732 ι
2893 1679 3104 1733 υῦκοῦν
3151 1679 3468 1748 ἐπειδήπερ,
3521 1677 3705 1746 φησιν,

447 1764 678 1818 cundum
705 1773 949 1818 naturam
969 1772 1021 1818 et
1041 1779 1105 1817 ex
1125 1763 1232 1816 Deo
1251 1761 1408 1815 Patre
1426 1764 1670 1833 apparuit
1685 1763 2024 1840 Unigenitus,

2129 1771 2318 1842 ἄνδρες
2348 1773 2454 1824 εἰσὶ
2479 1771 2894 1842 τερατοσκόποι,
2933 1771 3351 1841 μανθανέτωσαν
3385 1770 3500 1840 ἅμα
3531 1770 3614 1822 σοὶ
3641 1770 3710 1822 τὰ

447 1854 739 1908 secundum
782 1854 883 1908 hoc
927 1853 1080 1909 liber.
1132 1855 1300 1926 678
1339 1854 1698 1909 Nihilominus
1735 1855 2030 1910 exinanivit

445 1945 818 2014 semetipsum,
841 1947 1132 2002 secundum
1161 1945 1548 2017 Scripturas“,
1580 1948 1867 2001 demittens
1891 1961 1949 2000 se
1974 1946 2025 2000 in

451 2039 504 2100 id
535 2040 681 2109 quod
728 2055 831 2094 non
857 2049 996 2104 erat,
1021 2050 1074 2094 et
1103 2040 1404 2109 appellatus
1428 2055 1615 2095 servus
1654 2050 1875 2110 propter
1933 2054 2028 2092 na-

448 2141 622 2184 turam
656 2131 971 2197 humanam,
1005 2131 1250 2201 quamvis
1290 2133 1527 2186 omnium
1557 2132 1812 2185 Dominus
1861 2144 2024 2196 esset,

415 2281 418 2284 _
451 2229 706 2291 tanquam
748 2221 912 2278 Deus.
944 2221 1050 2276 Sed
1071 2221 1211 2276 idem
1235 2232 1289 2276 et
1311 2221 1504 2277 Oriens
1533 2231 1669 2284 erat,
1700 2221 1751 2276 id
1790 2231 1906 2286 est,
1935 2221 2024 2274 Sol

443 2313 668 2382 iustitia
685 2314 752 2366 ⁸⁸.
778 2313 1012 2369 Exortus
1042 2323 1126 2368 est
1153 2314 1387 2377 enim,ct
1416 2312 1735 2367 illuminavit
1765 2328 1862 2367 nos
1882 2312 2026 2366 velut

445 2407 500 2460 in
533 2405 774 2461 tenebris
800 2405 1054 2476 degentes
1085 2405 1153 2470 ⁸⁷,
1181 2413 1236 2459 et
1269 2413 1474 2460 tantum
1520 2419 1626 2458 non
1669 2405 1832 2458 etiam
1904 2413 2024 2456 tan-

446 2509 608 2564 quam
639 2505 796 2551 nocte
834 2505 888 2552 et
927 2507 1149 2551 veterno
1179 2495 1402 2550 obrutos
1450 2495 1735 2548 mundanis
1775 2494 2022 2561 volupta-

449 2587 614 2652 tibus,
633 2587 935 2656 mentisque
965 2585 1179 2640 oculum
1208 2584 1445 2640 tenebris
1475 2583 1700 2638 elIusum
1739 2585 2018 2646 habentes,

443 2678 703 2733 excitavit
740 2677 806 2731 ad
849 2676 1182 2747 vigiliam,et
1207 2675 1377 2744 gratia
1410 2690 1504 2728 sua
1555 2689 1653 2729 nos
1709 2675 2019 2729 illustravit.

444 2763 584 2817 llinc
622 2773 678 2818 et
702 2763 916 2832 sapiens
951 2755 1147 2816 Paulus
1183 2762 1337 2816 nobis
1369 2764 1656 2832 praecepit,
1715 2762 1815 2816 hoc
1850 2763 2019 2829 ipsum

444 2851 793 2922 signiﬁcans:
831 2868 850 2902 ι
895 2848 1009 2904 Nox
1039 2850 1331 2920 praecessit,
1361 2849 1475 2902 dies
1515 2860 1691 2901 autem
1735 2848 2019 2916 appropin-

443 2943 653 3012 quavit.
693 2941 1022 3010 Abjieiamus
1088 2956 1215 3009 ergo
1245 2954 1405 3009 opera
1449 2939 1818 3001 tenebrarum,
1856 2943 1908 2990 ct
1941 2937 2022 2988 in-

2129 1862 2381 1931 ὲσὸμενα,
2416 1864 2510 1916 καὶ¹
2539 1863 2780 1933 σημείων
2811 1855 2886 1916 ὧν
2915 1861 3160 1916 αἰτοῦσιν
3184 1862 3271 1915 ἀεὶ
3313 1861 3405 1914 τὸν
3441 1859 3712 1914 παναλκέ-

2131 1965 2324 2004 στατον
2359 1951 2746 2024 ἁποτελεστήν.
2784 1953 2893 2006 Καὶ
2941 1953 3024 2017 τίς
3071 1952 3136 2024 δὴ
3184 1949 3278 2007 οὖν
3326 1945 3479 2016 οὗτός
3520 1955 3707 2016 ὲστιν;

2133 2057 2150 2088 ι
2177 2039 2304 2093 Ἰδοὺ
2331 2038 2442 2108 ἐγὼ
2476 2042 2593 2109 ἄγω
2623 2042 2711 2094 τὸν
2737 2041 2921 2095 δοῦλόν
2957 2059 3083 2113 μου,
3101 2043 3356 2113 Ἀνατολὴ
3402 2043 3570 2112 ὄνομα
3612 2043 3709 2096 αὖ·

2124 2131 2224 2202 τῷ.
2259 2151 2277 2184 ι
2316 2132 2446 2195 Θεὸς
2503 2131 2603 2202 μὲν
2629 2130 2720 2186 οὖν
2752 2133 2893 2187 κατὰ
2922 2133 3084 2202 φύσιν
3129 2133 3223 2186 καὶ
3244 2134 3307 2186 ἐκ
3336 2131 3473 2185 Θεοῦ
3497 2131 3710 2202 Πατρὸς

2126 2224 2364 2292 πέφηνεν
2397 2224 2424 2274 6
2457 2224 2787 2294 Μονογενὴς,
2819 2226 2914 2277 καὶ
2954 2225 3028 2288 ὡς
3059 2224 3216 2277 τοῦτο
3243 2223 3525 2293 ὑπάρχων,
3557 2221 3711 2274 ὲλεύ-

2125 2313 2481 2384 θερος.“Λλλὰ
2534 2314 2839 2368 κεκένωκεν
2890 2315 3102 2379 ἑαυτὸν,
3133 2313 3275 2367 κατὰ
3315 2317 3416 2377 τὰς
3463 2312 3708 2384 Γραφὰς,

2124 2406 2336 2468 καθιεὶς
2386 2407 2464 2468 εἰς
2509 2405 2646 2476 ὅπερ
2700 2406 2799 2458 οὐκ
2849 2401 2936 2476 ἦν,
2967 2406 3060 2460 καὶ
3093 2405 3468 2476 κεχρημάτικε
3501 2404 3708 2471 δοῦλος,

2123 2499 2211 2550 διὰ
2241 2498 2301 2550 τὸ
2335 2496 2694 2567 ἀνθρώπινον,
2729 2497 2906 2550 καίτοι
2938 2497 3141 2568 Κύριος
3171 2497 3389 2550 πάντων
3426 2497 3709 2567 ὑπάρχων,

2121 2586 2196 2650 ὡς
2238 2587 2389 2650 Θεὸς.
2408 2586 2549 2639 Ἀλλ’
2580 2582 2649 2657 ἦν
2695 2587 2789 2640 καὶ
2834 2582 2989 2650 οὗτος
3016 2584 3290 2657 Ἀνατολὴ,
3331 2586 3600 2649 τουτέστι,
3635 2587 3712 2639 δι-

2123 2679 2416 2748 καιοσύνης
2443 2679 2653 2741 Ἥλιος.
2685 2678 2903 2747 Ἀνέσχε
2949 2678 3058 2749 γὰρ
3113 2681 3208 2732 καὶ
3246 2678 3560 2749 ἐπέλαμψεν
3593 2673 3711 2732 οἷά-

2124 2785 2230 2837 περ
2277 2769 2336 2818 ἐν
2390 2768 2570 2820 σκότει
2623 2767 2956 2820 διατελοῦσιν
2985 2769 3138 2838 ἡμῖν,
3179 2768 3339 2836 μόνον
3371 2769 3426 2820 δὲ
3459 2769 3578 2837 οὐχὶ
3617 2768 3711 2821 καὶ

2123 2857 2197 2919 ὡς
2225 2858 2279 2908 ἐν
2309 2857 2463 2910 νυκτὶ
2521 2857 2612 2910 καὶ
2642 2856 2794 2926 ὕπνῳ
2825 2855 3242 2926 κεκαρωμένους
3273 2858 3389 2916 ταῖς
3419 2857 3710 2924 κοσμικαῖς

2122 2948 2359 3018 ἡδοναῖς,
2394 2948 2488 3000 καὶ
2535 2948 2634 3016 τῆς
2666 2947 2906 3009 διανοίας
2948 2947 3040 2998 τὸν
3075 2943 3350 3015 ὀφθαλμὸν
3394 2963 3710 2999 κατεσκοτι-

443 3035 675 3089 duamur
702 3049 854 3087 arma
892 3033 1048 3097 lucis,
1099 3029 1317 3084 sicutin
1348 3029 1436 3083 die
1495 3030 1723 3083 honeste
1782 3027 2021 3081 ambule-

2130 3039 2379 3108 σμένους,
2414 3039 2604 3109 ἤγειρέ
2651 3055 2709 3089 τε
2744 3037 2882 3107 πρὸς
2909 3037 3089 3106 νῆψιν,
3129 3037 3223 3090 καὶ
3275 3036 3558 3108 λαμπροὺς
3602 3037 3708 3088 ἀπ-

445 3122 684 3179 mus“.r
711 3123 776 3177 Et
807 3125 1000 3179 iterum
1027 3140 1041 3177 :
1081 3141 1099 3173 ι
1140 3121 1332 3190 Surge,
1363 3120 1450 3190 qui
1483 3121 1702 3184 dormis,
1729 3130 1781 3174 et
1801 3136 2027 3190 exsurge

445 3236 474 3270 ιι
506 3219 750 3284 mortuis,
775 3229 824 3272 et
856 3217 1181 3272 illuminabit
1204 3227 1256 3273 te
1278 3215 1530 3273 Christus
1558 3215 1629 3270 ⁸³.
1670 3236 1688 3269 ι
1714 3215 2026 3285 Promulgat

447 3310 609 3379 igitur
631 3319 756 3362 ante
805 3309 1033 3378 insignia
1085 3309 1223 3364 facta
1284 3309 1580 3364 Salvatoris
1649 3309 1841 3373 nostri,
1898 3323 2018 3378 quso

448 3416 684 3468 praesens
736 3402 981 3457 editurus
1027 3412 1130 3457 est.
1164 3401 1412 3456 Nominat
1481 3416 1718 3464 servum,
1761 3401 2018 3470 quoniam

445 3493 502 3549 in
541 3491 682 3550 servi
725 3492 894 3548 forma
933 3495 1118 3561 venit;
1143 3495 1440 3559 Orientem,
1473 3493 1596 3563 quia
1637 3493 1813 3546 lumen
1840 3506 2025 3545 verum

447 3595 550 3653 est,
584 3587 723 3642 idem
782 3597 836 3642 et
865 3587 1004 3651 dics,
1033 3596 1087 3643 et
1114 3587 1291 3641 clarus
1324 3586 1512 3640 lucifer
1542 3586 1592 3638 in
1633 3585 1900 3638 mentibus
1929 3598 2024 3637 ex-

450 3681 634 3736 oriens
666 3692 718 3735 et
759 3682 924 3735 corda
973 3681 1148 3735 lucida
1199 3680 1456 3733 efﬁcit-ns.
1518 3678 1740 3748 Insuper
1792 3676 2021 3745 lapidem

449 3781 637 3828 vocat:
667 3771 796 3841 quin
826 3782 879 3825 et
906 3772 1088 3824 datum
1123 3780 1246 3823 ante
1289 3770 1479 3823 faciem
1521 3768 1670 3833 Jesu,
1715 3777 1770 3821 et
1819 3777 2021 3834 septem

447 3863 653 3920 habere
675 3863 860 3918 oculos
899 3869 1162 3915 autumat.
1209 3859 1504 3928 Oportebat
1553 3859 1695 3913 enim
1760 3858 2025 3925 imprimis

449 3955 808 4010 sacerdotium
838 3953 1026 4024 legale,
1050 3953 1206 4022 cujus
1238 3964 1419 4024 typum
1467 3951 1742 4021 posuimus
1789 3947 1971 4002 Jesum
2005 3987 2018 4008 ,

451 4048 604 4118 quasi
640 4056 766 4102 ante
815 4045 1007 4100 faciem
1039 4053 1094 4098 et
1131 4054 1256 4098 ante
1311 4043 1498 4098 oculos
1559 4042 1762 4096 habere
1811 4054 2024 4108 semper

452 4141 682 4210 lapidem
710 4139 938 4194 electum
962 4176 977 4202 ,
1008 4135 1341 4205 angularem,
1369 4133 1685 4202 pretiosum,
1721 4131 1773 4185 in
1828 4130 2019 4183 lurida-

450 4238 692 4284 mentum
730 4227 858 4282 Sion
923 4228 1233 4289 decretum,
1268 4224 1448 4278 multis
1499 4222 1669 4278 oeulis
1723 4222 2020 4275 intuentem

449 4319 631 4373 omnia
660 4319 727 4373 ”.
761 4317 975 4387 Septem
1003 4317 1197 4386 quippe
1225 4315 1586 4386 integritatem
1609 4311 2020 4384 perfectionem—

448 4426 553 4479 que
582 4408 856 4464 deelarare
878 4409 1069 4464 solent.
1108 4405 1319 4462 Stcrilis
1356 4408 1518 4474 igitur
1573 4407 1772 4461 dicitur
1835 4419 2024 4475 parere
2060 4395 2100 4446 0

448 4511 655 4570 septem
685 4501 753 4556 9‘.
789 4499 930 4558 Mille
967 4511 1143 4554 autem
1177 4499 1347 4554 oculis
1387 4499 1567 4553 omnia
1603 4499 1821 4559 intueri,
1854 4508 1905 4550 et
1938 4497 2023 4548 in-

448 4593 664 4661 spicere
716 4607 805 4647 res
840 4602 1054 4646 nostras
1112 4591 1346 4646 divinam
1405 4600 1458 4642 et
1520 4587 1840 4642 ineffabilem
1898 4587 2021 4640 Filii

397 4677 400 4682 ’
450 4691 698 4734 naturam
737 4698 839 4734 non
865 4692 1036 4752 potest
1060 4682 1329 4749 quiSpiam
1371 4680 1617 4734 dubitare
1651 4696 1666 4732 :
1696 4697 1714 4730 ι
1756 4677 1920 4731 Vivus
1942 4687 2024 4731 est

451 4771 592 4826 enim
621 4786 801 4826 sermo
827 4771 940 4836 Dei,
963 4770 1240 4836 etefﬁt-ax,
1270 4780 1320 4825 et
1345 4769 1724 4840 penetrabilior
1742 4769 1888 4823 omni
1913 4770 2023 4839 gla-

450 4862 538 4918 dio
563 4860 802 4930 ancipiti,
822 4870 874 4914 et
896 4861 1204 4930 pertingens
1222 4874 1388 4926 usque
1405 4859 1469 4911 ad
1493 4859 1810 4912 divisionem
1832 4861 2025 4914 animm

389 4946 394 4950 ’
449 4951 1091 5021 etspiritus,compagum
1111 4964 1322 5018 quoque
1352 4959 1405 5004 et
1432 4950 1811 5015 medullarum,
1835 4961 1886 5005 et
1913 4950 2027 5005 dis—

448 5055 628 5102 cretor
653 5044 1033 5115 cogitationum
1060 5052 1112 5098 et
1139 5043 1493 5098 intentiouum
1527 5044 1725 5109 cordis,
1749 5053 1923 5097 etnon
1947 5053 2030 5099 cst

450 5139 553 5192 ulla
572 5147 818 5192 creatura
832 5135 1112 5190 invisibilis
1129 5135 1181 5189 in
1199 5145 1483 5204 conspectu
1498 5134 1829 5205 ejus.0mnia
1851 5145 2029 5189 autem

452 5230 587 5282 nuda
607 5239 659 5284 et
678 5239 860 5299 aperta
890 5228 1196 5283 suntoculis
1220 5230 1354 5297 ejus,
1372 5251 1388 5280 ο
1409 5227 1545 5282 sicut
1573 5229 1834 5297 scriptum
1862 5237 1943 5281 cst
1961 5227 2026 5280 δ’.

451 5317 581 5371 Υἰοῦ
610 5322 790 5392 φύσις,
811 5324 911 5378 οὐκ
941 5321 1006 5377 ἂν
1031 5321 1322 5376 ἐνδοιάσειέ
1355 5340 1438 5385 τις
1462 5339 1474 5351 ·
1509 5342 1526 5374 ι
1555 5323 1670 5376 Ζῶν
1722 5323 1830 5393 γὰρ
1854 5325 1881 5376 6
1918 5322 2072 5391 λόγος
2105 5322 2196 5375 τοῦ
2232 5321 2387 5385 Θεοῦ,

2129 3131 2295 3200 έφηνε
2326 3133 2390 3201 τῇ
2423 3131 2551 3200 παρ’
2581 3127 2774 3182 ἑαυτοῦ
2802 3130 3002 3200 χάριτι.
3039 3127 3326 3198 Τοιγάρτοι
3370 3127 3461 3180 καὶ
3491 3127 3519 3178 6
3547 3125 3708 3194 σοφὸς

2128 3222 2258 3291 ἡμῖν
2280 3221 2584 3274 ἐπιστέλλει
2613 3221 2842 3284 Παῦλος,
2869 3221 2999 3274 αὐτὸ
3026 3219 3089 3290 δὴ
3117 3219 3277 3272 τοῦτο
3305 3217 3670 3288 καταμηνύων
3691 3234 3706 3248 ·

2135 3331 2152 3362 ι
2177 3312 2237 3363 Ἡ
2264 3311 2356 3378 νὺξ
2381 3311 2702 3382 προέκοψεν,
2735 3315 2767 3382 ἠ
2789 3312 2844 3364 δὲ
2867 3312 3050 3383 ἡμέρα
3081 3313 3330 3382 ἤγγισεν.
3349 3311 3710 3382 Ἀποθὼμεθα

2126 3400 2218 3458 οὖν
2251 3405 2317 3459 τὰ
2355 3407 2490 3476 ἔργα
2528 3405 2622 3458 τοῦ
2664 3407 2908 3471 σκότους,
2939 3406 3034 3459 καὶ
3077 3385 3424 3474 ἐνδυσώμεθα
3461 3405 3527 3458 τὰ
3575 3407 3709 3476 ἔργα

2125 3495 2217 3547 τοῦ
2260 3495 2456 3564 φωτὸς,
2486 3495 2560 3558 ὡς
2606 3497 2663 3548 ὲν
2707 3496 2889 3568 ἡμέρα
2925 3495 3275 3567 εὐσχημόνως
3324 3497 3710 3566 περιπατήσω-

2130 3606 2248 3658 μεν.
2286 3607 2303 3640 ι
2343 3589 2447 3640 Καὶ
2483 3588 2664 3642 πάλιψ
2697 3590 2972 3659 ιἜγειρε,
3008 3591 3036 3641 6
3061 3589 3358 3654 καθεύδων,
3384 3590 3479 3642 καὶ
3503 3590 3706 3642 ἀνάστα

2125 3682 2188 3733 ἐκ
2216 3680 2324 3732 τῶν
2358 3680 2586 3750 νεκρῶν,
2619 3681 2712 3732 καὶ
2744 3680 3034 3748 ἐπιφαύσει
3069 3699 3149 3733 σοι
3178 3684 3205 3734 6
3234 3681 3486 3752 Χριστός.
3518 3699 3536 3731 ι
3565 3681 3700 3748 Προ-

2127 3772 2491 3842 ανακηρύττει
2522 3772 2810 3842 τοιγαροῦν
2841 3772 2944 3841 τῆς
2987 3771 3080 3824 τοῦ
3113 3773 3360 3842 Σωτῆρος
3394 3771 3549 3841 ἡμῶν
3592 3773 3709 3822 ἐπι-

2125 3861 2326 3932 δημίας
2374 3861 2443 3913 τὰ
2492 3860 2720 3932 λαμπρὰ
2753 3860 3171 3932 κατορθώματα.
3203 3861 3396 3914 Δοῦλον
3443 3860 3500 3912 δέ
3543 3877 3707 3928 φησιν

2125 3953 2285 4006 αὐτὸν
2307 3953 2396 4006 διὰ
2410 3970 2512 4014 τοι,
2535 3952 2592 4003 τὸ
2615 3955 2670 4004 ὲν
2686 3951 2870 4004 δούλου
2896 3951 3211 4004 καθικέσθαι
3238 3953 3416 4021 μορφῇ
3441 3968 3452 3980 ·
3491 3951 3708 4002 Ἀνατο-

2124 4043 2221 4113 λὴν
2249 4043 2326 4105 δὲ,
2356 4044 2437 4095 ὅτι
2470 4041 2582 4110 φῶς
2617 4043 2730 4093 ἐστι
2772 4040 2830 4093 τὸ
2875 4040 3124 4110 ἀληθινὸν
3160 4041 3342 4107 αὐτὸς,
3377 4040 3469 4094 καὶ
3498 4041 3705 4113 ἡμέρα,

2125 4137 2219 4189 καὶ
2247 4133 2499 4204 λαμπρὸς
2532 4133 2827 4204 ἑωσφόρος,
2861 4135 2941 4196 εἰς
2969 4132 3092 4186 νοῦν
3119 4134 3444 4196 ἀνατέλλων,
3482 4135 3575 4186 καὶ
3610 4149 3703 4186 κα-

2124 4228 2500 4299 ταφαιδρύνων
2531 4227 2780 4298 καρδίας.
2828 4227 3115 4296 Ὀνομὰζει
3154 4227 3210 4279 δὲ
3245 4226 3381 4296 πρὸς
3413 4225 3584 4295 τούτῳ
3613 4227 3706 4278 καὶΙ

2125 4319 2284 4372 Λίθον
2328 4319 2509 4380 αὐτὸν,
2549 4318 2639 4370 καὶ
2668 4315 2773 4388 μὴν
2810 4317 2902 4368 καὶ
2943 4316 3185 4369 δεδόσθαι
3236 4318 3369 4387 φησὶ
3404 4317 3506 4387 πρὸ
3537 4332 3709 4383 προσ-

2129 4411 2277 4464 ώπου
2304 4409 2502 4481 Ἰησοῦ,
2534 4411 2672 4464 ἐπ.τᾶ
2697 4428 2754 4462 τε
2786 4410 2931 4480 ἔχειν
2956 4410 3081 4471 τοὺς
3110 4409 3419 4478 ὀφθαλμοὺς
3446 4409 3709 4478 διισχυρί-

2131 4503 2455 4566 ζεται.⁶Έδει
2486 4502 2594 4573 γὰρ
2631 4501 2862 4571 μάλιστα
2903 4501 3000 4570 τὴν
3032 4501 3169 4553 κατὰ
3196 4500 3354 4568 νόμον
3385 4501 3706 4571 ἱερωσύνην,

2130 4588 2196 4664 ἧς
2225 4596 2304 4656 είς
2333 4591 2501 4646 τύπον
2533 4593 2812 4662 ἐθήκαμεν
2845 4589 2936 4642 τὸν
2964 4589 3188 4659 Ἰησοῦν,
3218 4589 3376 4640 οἱονεὶ
3403 4589 3509 4657 πρὸ
3538 4605 3708 4659 προσ-

2129 4683 2278 4735 ώπου
2330 4683 2419 4734 καὶ
2465 4682 2570 4752 προ
2616 4679 2904 4750 ὀφθαλμῶν
2936 4680 3078 4751 ἔχειν
3104 4679 3190 4732 διὰ
3216 4680 3415 4742 παντὸς
3447 4680 3537 4732 τὸν
3561 4678 3707 4731 λίθον

2129 4775 2218 4830 τὸν
2249 4775 2519 4838 ἐκλεκτὸν,
2555 4774 2646 4827 τὸν
2681 4774 3093 4844 ἀκρογωνιαῖον,
3121 4773 3210 4825 τὸν
3244 4772 3479 4840 ἔντιμον.
3514 4771 3602 4824 τὸν
3629 4772 3708 4834 είς

2135 4868 2204 4923 τὰ
2236 4867 2459 4938 θεμέλια
2500 4866 2656 4932 Σιὼν,
2693 4867 2786 4920 τὸν
2825 4865 3036 4928 πολλοῖς
3087 4864 3382 4933 ὀφθαλμοῖς
3429 4863 3710 4933 ἐφορῶντα

2135 4957 2204 5009 τὰ
2225 4956 2420 5009 πάντα.
2443 4955 2516 5008 Τὸ
2543 4956 2650 5026 γὰρ
2677 4955 2838 5020 ἑπτὰ,
2870 4952 2963 5006 τοῦ
2995 4953 3214 5016 τελείως
3243 4953 3453 5024 ἔχοντος
3483 4952 3567 5004 ἀεί
3595 4951 3708 5014 πώς

2136 5047 2252 5099 ἐστι
2305 5045 2655 5117 σημαντικόν.
2687 5046 2881 5113 Στεῖρα
2915 5044 3044 5112 γοῦν
3087 5043 3307 5112 λέγεται
3337 5045 3512 5096 τεκεῖν
3545 5040 3706 5094 ἑπτά.

2137 5136 2260 5190 ’Ὀτι
2291 5138 2348 5189 δὲ
2400 5137 2615 5208 μυρίοις
2663 5134 2903 5204 ὄμμασιν
2941 5135 3114 5205 ἐφορᾷ
3159 5135 3335 5188 πάντα
3373 5133 3463 5184 καὶ
3487 5132 3710 5185 ἐπιτικέ-

2138 5243 2330 5279 πτεται
2376 5226 2445 5279 τὰ
2479 5224 2596 5278 καθ’
2624 5225 2771 5294 ἡμᾶς
2819 5225 2852 5292 ἡ
2896 5223 3015 5278 θεία
3047 5243 3106 5276 τε
3143 5225 3235 5277 καὶ
3280 5222 3585 5292 ἀπόρρητος
3614 5221 3707 5274 τοῦ

2471 5320 2560 5376 καὶ
2607 5319 2853 5390 ἐνεργὴς,
2887 5320 2978 5373 καὶ
3006 5318 3310 5388 τομώτερος
3344 5317 3484 5386 ὑπὲρ
3530 5320 3708 5369 πᾶσαν

455 5412 730 5487 μάχαιραν
775 5421 1046 5491 δίστομον,
1079 5421 1171 5475 καὶ
1199 5419 1565 5490 διικνούμενος
1598 5421 1722 5489 ἄχρι
1790 5418 2057 5490 μερισμοῦ
2095 5419 2271 5489 ψυχῆς
2327 5416 2418 5470 καὶ
2471 5415 2796 5486 πνεύματος,
2825 5415 3029 5486 ,ἁρμῶν
3072 5429 3129 5463 τε
3174 5412 3266 5463 καὶ
3345 5409 3580 5480 μυελῶν,
3616 5409 3708 5463 καὶ

521 5611 567 5642 ⁸³
598 5611 752 5682 Joan.
789 5632 847 5682 ιι,
883 5619 1067 5676 H-lO.

521 5622 567 5642 ’τ’
598 5622 752 5670 Joan.
789 5632 847 5682 ιι,
883 5622 1067 5676 ι.ι-ιο.
1148 5627 1191 5655 ἠ
1227 5624 1411 5677 Matth.
1454 5640 1548 5684 xu,
1581 5622 1669 5676 58.

453 5697 572 5738 λιιι.
610 5681 693 5738 12.
725 5684 809 5738 15.
885 5686 930 5718 ⁸³
963 5690 1156 5738 Epiros-
1187 5709 1235 5738 v-
1274 5695 1351 5738 l1-
1435 5696 1478 5723 ⁸ο
1513 5691 1612 5738 Im.
1651 5707 1669 5738 3

390 5705 402 5719 ⁸
455 5705 572 5749 aut,
611 5705 693 5748 ιζ,
725 5705 809 5738 ιο.

885 5686 930 5718 ⁸⁸
963 5690 1156 5757 Ephes.
1187 5709 1236 5756 v,
1274 5695 1351 5746 l-l.

1749 5622 1792 5650 ⁸³
1823 5620 2050 5688 Philipp.
2088 5636 2145 5680 ll,
2190 5620 2242 5684 7,
2276 5621 2327 5674 8.

1435 5696 1478 5723 ὀ
1512 5691 1612 5745 lsu.
1651 5706 1840 5756 κει-ιιι,
1883 5692 1984 5753 lli;
2020 5691 2034 5741 l
2067 5690 2204 5743 i't‘tr.
2234 5689 2309 5754 ἰι,
2340 5691 2388 5745 ii.

2997 5615 3042 5645 ⁸⁷
3075 5612 3202 5666 Lue.
3236 5626 3274 5672 ι,
3307 5609 3393 5664 79.
3472 5609 3516 5639 ⁸⁸
3549 5608 3707 5662 item.

3012 5686 3054 5717 "
3089 5682 3252 5736 llt'br.
3286 5694 3360 5746 tv,
3393 5679 3475 5740 lii,
3515 5679 3597 5731 15.

2408 5622 2452 5652 ⁸ο
2490 5619 2715 5672 Mainrlt.
2755 5633 2825 5677 Iv,
2867 5617 2921 5669 ἓ.

2484 5693 2523 5722 ε¹¹
2559 5689 2574 5742 ι
2613 5690 2741 5758 ilv‘g.
2788 5703 2844 5751 ιι,
2883 5685 2932 5738 5.
