4092 6202
278 324 341 380 67
1098 324 1651 384 COMMENTARIUS
1689 326 1754 381 IN
1795 326 2196 384 ZACIIARIAM
2241 327 2693 385 PROPIIETAM.
3479 323 3549 379 53

275 437 410 507 ῳδδς
467 439 866 508 διαμέμνηται,
910 439 1085 509 λέγων
1138 444 1550 514 αἰνιγματωδῶς
1604 445 1739 515 πρδς
1775 447 1863 498 τὸν

1988 450 2274 515 thumlans,
2316 451 2365 503 in
2419 451 2678 504 lateribus
2716 449 2907 501 domus
2949 453 3054 500 tum
3077 447 3119 498 ⁸.
3153 464 3172 498 ι
3210 444 3298 499 Ait
3353 452 3408 498 et
3436 444 3552 514 ipso

276 529 486 583 ἀνωθεν
519 530 612 583 καὶ
647 530 707 596 ἐξ
735 531 967 602 οὐρανοῦ
1015 535 1264 604 νυμφίον,
1307 537 1575 595 τουτέστι,
1608 537 1863 607 Χριστόν⁸

283 641 300 671 ι
346 622 413 674 Ἦ
433 621 567 692 γυνή
597 639 692 674 σου
721 623 797 685 ὡς
819 624 1062 693 ἄμπελος
1091 627 1412 695 εὐθηνοῦσα,
1437 631 1494 681 ἐν
1527 631 1639 692 τοῖς
1663 628 1868 682 κλίτεσι

277 712 377 780 τῆς
405 711 581 773 οἰκίας
619 727 736 766 σου.
777 729 796 763 s
822 713 966 784 Ἔφη
991 713 1047 766 δέ
1087 731 1190 767 που
1229 716 1322 769 καὶ
1344 718 1506 780 αὐτὸς
1532 717 1560 769 ὁ
1591 716 1699 769 τῶν
1731 718 1870 770 ὅλων

281 802 430 865 Θεός·
470 821 488 852 s
525 804 592 854 Ai
619 803 858 874 ἄμπελοι
909 805 1287 877 κυπρίζουσιν,
1339 807 1545 861 ἔδωκαν
1599 809 1794 879 ὀσμὴν,
1836 810 1870 878 ἡ

285 894 420 963 συκῆ
447 894 746 964 ἐξήνεγκεν
788 894 1042 959 ὀλύνθους
1094 898 1283 970 αὐτῆς.
1320 918 1339 951 s
1381 900 1468 963 Ὠς
1495 900 1603 971 γὰρ
1625 901 1726 972 ήδη
1761 901 1870 954 τῶν

295 985 633 1056 Ἑκκλησιῶν
661 986 984 1058 ἀρξαμένων
1015 991 1073 1041 ἐν
1107 989 1296 1062 κόσμῳ
1320 991 1408 1044 διά
1439 994 1538 1063 τῆς
1587 995 1668 1056 εἰς
1708 995 1872 1048 αὑτὸν

284 1074 596 1139 εὐωδιάζειν
621 1075 880 1142 πίστεως,
899 1078 999 1142 τάς
1017 1079 1296 1150 ἀμπέλους
1313 1081 1415 1154 ἔφη
1444 1083 1754 1154 κυπρίζειν,
1779 1084 1874 1137 καὶ

287 1167 391 1236 μὴν
422 1166 522 1219 καὶ
554 1165 904 1234 ἐκφαίνεσθαι
927 1169 1054 1231 τοὺς
1089 1169 1368 1234 ὀλύνθουςο
1419 1171 1660 1236 νοηθεῖεν
1689 1172 1756 1225 ἂν
1782 1173 1876 1225 καὶ

283 1251 448 1319 οὗτοι,
481 1256 592 1308 τῶν
611 1258 737 1327 ἀρτι
772 1260 1212 1314 πεπιστευκότων
1242 1263 1275 1331 ἡ
1308 1260 1460 1314 οῦπω
1491 1263 1590 1332 μέν
1616 1263 1874 1333 πέπειρος

288 1349 376 1400 καὶ
393 1347 623 1415 γλυκεῖα
657 1347 899 1418 πληθὺς,
958 1349 1191 1420 ἐσομένη
1251 1351 1309 1404 δέ
1364 1352 1507 1406 κατά
1548 1353 1746 1423 βραχὺ,
1783 1353 1876 1406 καὶ

286 1443 404 1503 ταῖς
433 1442 514 1502 εἰς
551 1439 612 1492 τὺ
672 1441 894 1510 ἄμεινον
951 1441 1256 1496 ἐπιδόσεσιν
1305 1442 1458 1496 ίοῦσα
1515 1444 1650 1515 πρὸς
1697 1445 1873 1498 τοῦτο.

300 1529 678 1599 Ἀδρυνθέντες
710 1529 840 1599 γὰρ,
871 1529 964 1582 καὶ
993 1531 1074 1592 είς
1103 1531 1275 1602 ἄνδρα
1312 1531 1517 1586 τέλειον
1545 1533 1878 1603 ἀναϐεϐηκό-

287 1638 375 1683 τες
400 1618 498 1672 τοῦ
525 1619 893 1690 πληρώματος
942 1620 1037 1672 τοῦ
1089 1621 1347 1691 Χριστοῦ,
1403 1623 1622 1691 γλυκεῖς
1678 1619 1878 1696 οἷάπερ

289 1711 528 1781 ἐσόμεθα
556 1711 762 1782 καρποὶ
803 1710 881 1780 τῷ
914 1711 1055 1781 Θεῷ,
1107 1711 1360 1784 καθάπερ
1419 1713 1591 1785 μητρί
1650 1731 1758 1767 τινι
1810 1717 1876 1786 τῇ

302 1799 603 1869 Ἐκκλησία
659 1799 1128 1870 προσπεφυκότες.
1185 1799 1396 1854 Οὐκοῦν
1449 1801 1538 1854 διὰ
1587 1819 1648 1856 τε
1703 1804 1871 1874 συκῆς
1906 1788 1949 1844 Β

291 1891 383 1943 καὶ⁵
421 1890 674 1960 ἀμπέλω
731 1891 1044 1960 νοουμένων
1084 1892 1194 1946 τῶν
1239 1893 1596 1964 Ἐκκλησιῶν,
1648 1895 1741 1948 ὑπ’
1779 1896 1877 1949 αὐ-

288 1984 409 2045 ταῖς
447 1981 705 2051 ἐσόμεθα,
733 1982 828 2034 καὶ
885 1983 944 2035 ἐν
974 1983 1163 2048 αὑταῖς
1211 1985 1612 2056 καταλύσομεν,
1645 2003 1881 2057 προτρο-

291 2071 467 2141 πάδην
531 2072 786 2142 ἀλλήλοις
840 2074 1017 2127 ἐκεῖνο
1067 2073 1321 2144 λέγοντες
1377 2075 1442 2130 τὸ
1505 2077 1879 2148 προφητικόνο

295 2182 312 2214 t
339 2163 528 2225 Δεῦτε.
554 2163 848 2233 ἀναδῶμεν
869 2165 952 2228 είς
972 2164 1029 2218 τὸ
1055 2165 1180 2236 ὅρος
1209 2166 1436 2238 Κυρίου,
1466 2168 1559 2221 καὶ
1580 2169 1661 2232 είς
1685 2168 1778 2221 τὸν
1803 2164 1883 2222 οἷ-

292 2269 386 2304 κον
415 2249 512 2304 τοῦ
570 2250 707 2304 Θεοῦ
741 2252 957 2319 Ἰακὼϐ,
992 2254 1086 2311 καὶ
1122 2255 1414 2324 ἀναγγελεῖ
1460 2258 1590 2326 ἡμῖν
1633 2258 1731 2329 τὴν
1758 2258 1877 2315 ὁδὸν

292 2343 484 2406 αὑτοῦ,
524 2344 619 2396 καὶ
656 2344 1038 2415 πορευσόμεθα
1071 2347 1129 2400 ἐν
1153 2347 1316 2418 αὐτῇ.
1351 2366 1370 2399 ι
1407 2348 1545 2401 Elis
1569 2349 1634 2419 δὴ
1663 2349 1879 2418 γένοιτο

289 2433 482 2487 τούτου
508 2436 712 2503 τυχεῖν,
750 2435 972 2488 ἐπαίνου
1027 2436 1228 2499 παντὸς
1279 2436 1586 2508 ἀξιώσομεν
1620 2439 1746 2502 τοὺς
1799 2441 1881 2504 είς

291 2524 453 2578 τοῦτο
475 2525 828 2595 κεκληκότας,
860 2525 1022 2582 πάλιν
1059 2528 1236 2582 ἐκεῖνο
1261 2526 1529 2596 λέγοντες
1566 2547 1588 2581 t
1625 2529 1881 2601 Εὐφράν-

291 2617 399 2688 θην
428 2617 521 2669 ἐπὶ
549 2620 656 2680 τοῖς
680 2617 926 2687 εἰρηκόσι
959 2636 1050 2688 μοι
1069 2634 1084 2650 ο
1122 2619 1217 2680 El;
1272 2613 1420 2672 οἷκον
1449 2619 1653 2690 Κυρίου
1683 2639 1882 2691 πορευσ-

293 2707 528 2778 σὸμεθα.
564 2726 582 2758 t
617 2707 874 2778 Τέρψεως
903 2709 1012 2781 γὰρ
1035 2711 1166 2780 ἡμῖν
1193 2709 1288 2781 τῆς
1317 2710 1578 2764 ἀνωτάτω
1609 2713 1670 2764 τὸ
1691 2713 1883 2783 χρῆμα

294 2797 514 2868 καρπὸς
535 2799 689 2851 νοοῖτ’
710 2799 778 2853 ἂν
825 2800 1074 2864 είκότως.
1114 2801 1405 2871 Τοιγάρτοι
1451 2801 1615 2854 πάλιν
1649 2804 1883 2873 ἐροῦμεν

1974 541 2345 594 universorum
2381 541 2521 595 Deus
2558 539 2791 608 quodam
2823 537 2945 591 loco
2980 553 2992 589 :
3034 553 3052 587 ι
3090 535 3270 589 Vineae
3301 533 3554 588 ﬂorentes

1973 631 2239 684 dederunt
2288 632 2508 684 odorem
2560 644 2740 694 suum,
2789 635 2843 681 et
2892 627 3026 679 licus
3062 623 3288 694 protulit
3337 634 3554 689 grossos

1974 736 2102 775 suos
2130 721 2192 774 ¹⁰.
2225 741 2242 772 ι
2279 720 2354 776 Ut
2385 721 2529 774 enim
2557 718 2690 786 jam,
2727 717 2984 772 Ecclesiis
3019 719 3072 769 in
3116 714 3316 767 mundo
3345 713 3449 766 title
3498 711 3551 764 in

1975 813 2148 879 ipsum
2191 811 2480 876 inchoatis,
2511 811 2696 865 vineas
2725 824 2944 863 suavem
2974 807 3185 877 spirare
3208 805 3450 867 odorem,
3483 816 3552 856 ac

1973 902 2166 957 ﬂorere
2195 911 2356 970 atque
2387 902 2607 969 insuper
2653 914 2875 969 grossos
2902 911 3094 966 parere
3122 896 3254 951 dicit
3284 911 3298 947 :
3323 906 3552 961 quorum

1977 995 2194 1046 nomine
2226 1009 2396 1062 nuper
2430 994 2533 1046 lide
2581 991 2917 1046 initiatorum
2965 987 3199 1042 nondum
3242 995 3452 1039 matura
3499 991 3558 1038 et

1975 1084 2146 1138 dulcis
2191 1085 2500 1146 multitudo,
2559 1081 2740 1136 futura
2777 1091 2958 1134 autem
2992 1077 3248 1148 paulatim
3297 1085 3348 1129 et
3385 1075 3558 1128 incre-

1980 1174 2178 1226 mentis
2208 1175 2272 1226 ad
2319 1173 2538 1226 meliora
2583 1172 2687 1225 huc
2715 1169 3067 1241 progrediens
3092 1165 3318 1235 intelligi
3353 1171 3552 1233 potest.

1976 1263 2168 1332 Atlepti
2217 1263 2362 1316 enim
2413 1263 2870 1330 magnitudinem,
2928 1280 2947 1312 t
2975 1268 3030 1315 et
3077 1261 3128 1313 in
3165 1259 3337 1313 virum
3375 1257 3556 1328 perfe-

1977 1364 2123 1407 ctum
2172 1353 2521 1422 plenitudinis
2563 1353 2769 1407 Christi
2797 1353 2841 1389 “
2879 1372 2896 1403 ι
2929 1351 3122 1414 evecti,
3172 1350 3357 1404 dulces
3403 1346 3556 1416 quasi

1979 1445 2187 1499 fructus
2220 1445 2424 1499 erimus
2475 1445 2602 1506 Deo,
2648 1443 2906 1498 Ecclesiae
2950 1442 3097 1495 velut
3144 1440 3300 1494 matri
3351 1437 3556 1507 agnati.

1978 1536 2320 1606 Quapropter
2357 1549 2453 1604 per
2485 1535 2645 1588 licum
2678 1543 2732 1587 et
2762 1538 2925 1586 vitem
2967 1530 3254 1585 intellectis
3283 1527 3557 1587 Ecclesiis,

1979 1629 2079 1684 sub
2117 1627 2248 1696 ipsis
2281 1629 2503 1691 erimus,
2542 1635 2597 1681 et
2645 1626 2696 1679 in
2729 1625 2862 1696 ipsis
2903 1621 3325 1684 diversabimur,
3362 1622 3559 1672 cohor-

1985 1717 2256 1787 tandoque
2306 1717 2448 1771 inter
2501 1731 2600 1771 nos
2653 1717 2897 1770 dicemus
2949 1713 3078 1766 illud
3125 1707 3500 1779 propheticum
3541 1722 3558 1759 :

1981 1827 2000 1860 ι
2034 1809 2249 1873 Venite,
2292 1807 2652 1862 ascendamus
2707 1806 2774 1860 ad
2824 1812 3062 1858 montem
3114 1799 3360 1862 Domini,
3394 1807 3449 1851 et
3492 1797 3560 1850 ad

1975 1901 2192 1955 domum
2260 1901 2351 1954 Dei
2400 1897 2602 1960 Jacob,
2681 1902 2736 1951 et
2794 1894 3136 1948 annuntiabit
3190 1892 3346 1945 nobis
3415 1889 3557 1940 viam

1979 2006 2154 2055 suam,
2183 2000 2237 2044 et
2272 1989 2666 2044 ambulabimus
2713 1988 2766 2041 in
2805 1999 2869 2040 ea
2894 1985 2960 2038 “.
2996 2001 3015 2036 ι
3047 1983 3199 2050 Quod
3234 1983 3279 2036 si
3324 1978 3559 2034 assecuti

1983 2081 2268 2147 fuerimus,
2293 2081 2627 2136 omnimodis
2657 2077 3075 2149 praedicabimns
3105 2075 3197 2145 qui
3227 2088 3327 2127 nos
3365 2073 3431 2124 ad
3458 2070 3562 2123 hoc

1989 2182 2272 2235 vocarunt,
2318 2173 2664 2242 dicemusque
2698 2187 2712 2223 :
2743 2191 2762 2222 ‹
2793 2171 3029 2224 Lanatus
3075 2183 3193 2223 sum
3236 2167 3288 2219 in
3336 2163 3419 2217 his
3467 2160 3560 2229 qui

1982 2264 2235 2320 dixerunt
2293 2263 2424 2318 mihi
2457 2281 2471 2317 :
2508 2267 2569 2320 In
2639 2263 2858 2318 domum
2919 2260 3133 2315 Domini
3205 2257 3402 2312 ibimus
3429 2253 3496 2306 ¹³.
3534 2268 3556 2304 s

1984 2353 2206 2408 Summa
2255 2352 2400 2407 enim
2451 2351 2634 2407 latitia
2688 2350 2898 2406 fruetus
2947 2359 3137 2406 noster
3177 2344 3406 2413 intelligi
3442 2343 3564 2412 jure

1981 2452 2162 2514 queat.
2204 2443 2440 2498 Proinde
2464 2457 2652 2497 rursus
2687 2443 2818 2497 illud
2857 2437 3265 2509 Psalmographi
3291 2434 3564 2490 exclama-

1982 2536 2163 2590 bimus
2195 2553 2209 2589 :
2245 2551 2263 2585 t
2296 2534 2473 2590 Unam
2506 2533 2669 2603 petivi
2715 2547 2744 2586 a
2778 2533 3024 2596 Domino,
3076 2530 3216 2583 hanc
3263 2525 3561 2595 requiram,

1985 2633 2043 2678 ut
2077 2625 2370 2679 inhabilem
2407 2627 2468 2682 in
2506 2624 2672 2679 domo
2701 2623 2912 2678 Domini
2944 2621 3196 2676 omnibus
3225 2617 3417 2672 diebus
3441 2615 3565 2668 vita

1983 2729 2117 2769 mea:
2149 2730 2166 2769 :
2195 2725 2256 2769 ut
2299 2715 2513 2770 videam
2568 2715 2899 2780 voluptatem
2961 2709 3193 2773 Domini,
3245 2716 3303 2760 et
3351 2705 3562 2758 visitetn

1985 2806 2247 2876 templum
2283 2816 2528 2862 sanctum
2552 2807 2668 2876 ejus
2694 2805 2756 2859 “.
2791 2824 2811 2856 ι

296 2889 440 2943 κατὰ
469 2887 562 2942 τὸν
584 2890 906 2961 Ψαλμῳδόν·
931 2909 950 2943 t
973 2892 1119 2949 Μίαν
1145 2891 1436 2964 ᾐτησάμην
1466 2894 1618 2964 παρὰ
1641 2897 1869 2966 Κυρίου,
1909 2898 2115 2970 ταύτην
2187 2899 2426 2971 ζητήσω,
2487 2897 2578 2953 τοῦ
2639 2899 2918 2952 κατοικεῖν
2979 2911 3045 2966 με
3085 2895 3144 2945 ἐν
3193 2891 3328 2962 οἴκῳ
3358 2885 3564 2957 KV?!”

296 2982 478 3046 πάσας
496 2983 594 3046 τὰς
623 2983 836 3054 ἡμέρας
891 2985 986 3054 τῆς
1029 2984 1174 3056 ζωῆς
1235 3001 1360 3054 μου,
1419 2986 1512 3040 τοῦ
1563 2986 1788 3060 θεωρεῖν
1815 3007 1882 3060 με
1923 2991 2022 3063 τὴν
2043 2994 2382 3066 τερπνότητα
2433 2990 2777 3065 Κυρίου,καὶ
2841 2985 3266 3043 ἐπισκέπτεσθαι
3292 2982 3383 3036 τὸν
3411 2978 3566 3047 ἀγιον

293 3077 486 3130 αὑτοῦ.
526 3095 546 3130 s

562 3219 946 3309 TOMOZ
1022 3161 1616 3309 ΔΕΥΤΕΡΟΣ.

907 3376 1160 3434 ΚΕΦΑΛ.
1207 3381 1281 3435 Δ¹.

366 3515 481 3570 Καὶ
503 3515 880 3582 ἐπέστρεψεν
915 3516 950 3568 ὁ
987 3515 1242 3584 ἅγγελος
1295 3517 1330 3570 ό
1377 3515 1586 3570 ⁸λαλῶν
1623 3515 1694 3570 ἐν
1714 3513 1844 3584 ἐμοὶ
1869 3554 1884 3579 ,

297 3607 401 3660 καὶ
440 3605 710 3675 ἐξήγειρέ
728 3622 827 3675 με,
871 3603 943 3658 ὃν
979 3606 1222 3673 τρόπον,
1273 3606 1418 3659 ὅταν
1449 3607 1736 3676 ἐξεγερθιῖ
1785 3608 1889 3661 ἆν-

296 3703 536 3768 θρωπος
567 3699 637 3762 ἐξ
670 3699 866 3751 ὕπνου
913 3696 1124 3761 αὐτοῦ,
1164 3698 1263 3752 καὶ
1305 3699 1436 3752 εἷπε
1488 3701 1639 3767 πρός
1693 3717 1788 3769 με·
1827 3700 1889 3754 Τί

299 3789 383 3842 σὺ
416 3786 707 3854 βλέπεις;
729 3787 835 3841 Καὶ
867 3783 1006 3842 εἶπα
1023 3805 1037 3818 ·
1077 3787 1360 3857 Ἑώρακα,
1383 3789 1480 3842 καὶ
1507 3789 1636 3844 ίδοὺ
1665 3792 1892 3860 λυχνία

300 3877 508 3944 χρυσῆ
540 3878 674 3945 ὅλη,
705 3877 804 3932 και
831 3876 898 3930 τὸ
919 3875 1262 3946 λαμπάδιον
1287 3877 1490 3932 ἐπάνω
1545 3878 1755 3948 αὐτῆς,
1790 3879 1890 3933 καὶ

299 3963 456 4015 ἑπτὰ
482 3965 696 4033 λύχνοι
726 3962 926 4018 ἐπάνω
962 3963 1171 4032 αὐτῆς,
1207 3966 1308 4020 καὶ
1343 3966 1494 4022 ἑπτὰ
1535 3967 1893 4036 ἐπαρυστρί-

299 4055 406 4120 der;
453 4054 579 4120 τοῖς
631 4057 883 4123 λύχνοις
929 4055 1054 4121 τοῖς
1096 4056 1298 4112 ἐπάνω
1355 4059 1584 4128 αὐτῆς,
1629 4061 1728 4115 καὶ
1780 4061 1891 4116 δύο

300 4144 504 4199 ἐλαῖαι
526 4146 724 4199 ἐπάνω
738 4146 951 4215 αὐτῆς,
970 4148 1073 4217 μία
1097 4150 1164 4202 ἐκ
1180 4147 1395 4213 δεξιῶν
1421 4151 1529 4205 τοῦ
1551 4152 1895 4222 λαμπαδίου

304 4237 522 4306 αὐτῆς.
552 4239 647 4291 καὶ
669 4239 776 4307 μία
795 4238 865 4303 ἐξ
902 4241 1243 4309 εὐωνύμων.

376 4352 509 4403 ΚΡ.
535 4351 628 4414 Τὸ,
665 4352 1052 4424 Ἐπέστρεψεν,
1084 4355 1141 4407 ἐν
1169 4353 1379 4418 τούτοις
1398 4355 1496 4425 οὐχ
1525 4355 1601 4418 ὡς
1622 4357 1688 4409 ἐκ
1718 4356 1886 4410 τόπου

312 4442 589 4510 νοήσομεν
623 4440 836 4510 (εὔηθες
861 4443 969 4515 γὰρ
994 4443 1238 4514 κομιδῇ),
1261 4445 1558 4515 νομιοῦμεν
1583 4445 1640 4498 δὲ
1660 4446 1883 4515 μᾶλλον,

2197 3233 2606 3326 TOMUS
2694 3187 3346 3319 SECUNDUS.

2540 3379 2705 3453 332
2734 3377 2885 3434 CAP.
2927 3375 3017 3432 tv.

2062 3519 2224 3575 Vens.
2262 3517 2380 3572 1-5.
2432 3516 2497 3571 Et
2547 3531 2783 3569 reversus
2822 3523 2897 3567 est
2935 3511 3149 3580 angelus
3193 3508 3284 3579 qui
3320 3507 3568 3577 loqueba-

1990 3627 2080 3670 tur
2130 3615 2184 3668 in
2225 3629 2344 3678 tne,
2392 3622 2440 3665 et
2485 3609 2762 3664 suscitavit
2808 3622 2888 3660 me
2932 3605 3067 3658 sicut
3109 3617 3228 3656 cunt
3282 3601 3571 3654 suscitatur

1991 3707 2144 3758 homo
2165 3704 2228 3755 de
2259 3717 2442 3756 somno
2481 3716 2598 3762 suo,
2626 3708 2672 3752 et
2703 3697 2833 3750 dixit
2867 3696 2935 3748 ait
2963 3709 3043 3746 me
3070 3708 3090 3747 :
3123 3691 3264 3758 Quid
3305 3702 3361 3745 tu
3389 3692 3527 3744 vides
3547 3691 3573 3743 ?

1994 3796 2058 3849 Et
2084 3795 2199 3848 dixi
2224 3811 2242 3849 :
2275 3793 2417 3858 Vidi,
2449 3801 2498 3846 et
2547 3807 2662 3845 ecce
2693 3788 3068 3844 candelabrum
3117 3801 3338 3840 aureum
3377 3796 3569 3849 totum,

1991 3899 2042 3944 et
2089 3888 2292 3956 lampas
2347 3900 2503 3954 super
2558 3885 2748 3952 ipsunt,
2800 3891 2846 3934 et
2896 3888 3087 3948 septem
3123 3877 3363 3932 ‘lucerntz
3413 3890 3573 3944 super

1993 3974 2150 4037 illud,
2196 3983 2245 4026 et
2285 3981 2478 4040 septem
2513 3969 2775 4039 inlusoria
2820 3967 3048 4022 lucernis
3090 3981 3245 4036 super
3283 3967 3450 4034 ipsum
3472 3979 3493 4029 ;
3521 3975 3571 4016 et

1994 4066 2113 4120 dua:
2139 4066 2292 4120 olivae
2314 4080 2471 4133 super
2500 4063 2653 4129 illud,
2686 4078 2793 4115 una
2837 4078 2870 4115 α
2897 4059 3102 4113 dextris
3137 4058 3396 4126 lantpadis
3433 4055 3572 4126 ejus,

1995 4170 2041 4213 st
2075 4174 2182 4211 una
2213 4175 2246 4212 ιι
2278 4156 2530 4212 sinistris.

2070 4353 2259 4410 XXIII.
2304 4354 2600 4407 Reversnm
2628 4365 2751 4405 esse
2781 4351 2869 4405 hic
2899 4364 3004 4403 non
3035 4357 3094 4402 ut
3127 4362 3193 4405 ex
3226 4347 3344 4401 loco
3374 4347 3578 4416 accipi-

1985 4458 2141 4508 mus,
2180 4444 2231 4497 id
2271 4443 2414 4496 enim
2464 4455 2726 4510 perquam
2774 4440 3016 4507 ineptum
3048 4449 3190 4493 esset
3223 4457 3236 4492 :
3268 4447 3577 4491 statuemus

308 4531 410 4598 τὴν
446 4531 522 4593 ὡς
549 4531 606 4594 ἐξ
630 4531 872 4602 ὁράσεως
902 4534 1002 4604 τῆς
1030 4535 1089 4598 ἐξ
1127 4536 1330 4606 ἀμφοῖν
1363 4536 1449 4603 ἐφ’
1499 4535 1692 4607 ἑτέραν
1736 4536 1887 4600 εὐθὺς

2002 4545 2180 4590 autem
2205 4534 2381 4604 potius
2419 4547 2484 4586 ex
2517 4532 2779 4609 ambabus
2806 4530 3108 4584 visionibus
3151 4529 3217 4582 ad
3263 4529 3423 4582 aliam
3461 4538 3577 4581 sta-

313 4623 412 4675 καὶ
445 4621 660 4690 γείτονα
709 4626 1118 4695 μεταφοίτησιν,
1163 4627 1323 4697 δῆλον
1382 4627 1439 4680 δὲ
1485 4627 1566 4681 ὅτι
1605 4645 1904 4700 πνευματι-

311 4715 440 4783 κήν.
478 4713 698 4786 Ἐπειδὴ
750 4714 808 4768 δέ
867 4717 1084 4786 νήψεως
1153 4719 1396 4788 ἀκράτου
1451 4719 1612 4790 χρεία
1667 4720 1760 4773 καὶ
1805 4721 1905 4790 τῆς

313 4805 463 4870 ὑπὲρ
495 4804 620 4856 νοῦν
645 4805 734 4857 τὸν
765 4805 1127 4878 ἀνθρώπινον,
1154 4807 1211 4861 ἐν
1239 4825 1303 4876 γε
1330 4810 1394 4880 δὴ
1429 4811 1662 4881 μάλιστα
1695 4813 1905 4877 τούτοις

313 4895 526 4964 λεπτὴν
586 4897 812 4950 ἐνετίθει
867 4900 1264 4971 ἐπιγρήγορσιν
1315 4899 1394 4969 τῷ
1453 4903 1708 4973 προφήτῃ
1751 4902 1906 4969 Θεὸς,

317 4985 719 5056 μαθητεύοντος
780 4991 1016 5058 ἀγγέλου
1048 4991 1143 5045 τοῦ
1191 4991 1479 5054 λαλοῦντος
1528 4995 1586 5046 ἐν
1626 4993 1796 5063 αὐτῷ,
1828 4993 1906 5056 ὡς

313 5080 497 5132 δοκεῖν
527 5079 589 5144 ἐξ
621 5080 791 5134 ὕπνου
812 5081 1181 5154 διεγερθῆναι.
1232 5085 1469 5156 Τοιαύτη
1503 5085 1612 5155 γάρ
1638 5089 1754 5149 πώς
1787 5087 1903 5138 ἐστι

317 5171 419 5240 τῆς
451 5173 508 5223 ἐν
561 5173 691 5241 ἡμῖν
727 5173 963 5239 διανοίας
1011 5179 1045 5246 ή
1087 5177 1460 5244 κατάστασις,
1515 5179 1611 5231 καὶ
1673 5177 1808 5230 πολὺ
1838 5177 1904 5248 δὴ

221 5337 230 5350 Ι
322 5261 494 5330 μείων
553 5262 704 5333 παρά
743 5263 849 5334 τὴν
895 5261 1060 5319 οὖσαν
1114 5267 1172 5319 ἐν
1223 5268 1336 5329 τοῖς
1392 5266 1570 5334 ἁγίοις
1626 5265 1901 5335 ἀγγέλοις,

317 5351 465 5405 ὥστε
491 5353 624 5423 φαίη
679 5371 764 5415 τις
812 5355 879 5410 ἂν
941 5358 1270 5429 ἐγρήγορσιν
1319 5357 1418 5428 μὲν
1447 5357 1516 5412 τά
1567 5359 1813 5420 ἐκείνων,
1845 5358 1904 5410 ἐν

318 5441 480 5512 ὕπνῳ
500 5442 558 5494 δὲ
587 5444 775 5516 ὥσπερ
801 5447 872 5500 τὰ
895 5448 1020 5501 καθ’
1046 5451 1216 5518 ἡμᾶς.
1248 5449 1463 5520 Ἐπειδὴ
1484 5449 1540 5502 δὲ
1569 5452 1598 5503 ὁ
1622 5448 1904 5510 θεσπέσιος

315 5533 553 5602 ἄγγελος
581 5535 806 5608 γνώμην
852 5555 911 5592 τε
959 5541 1054 5595 καὶ
1098 5539 1220 5594 νοῦν
1259 5542 1391 5612 πρὸς
1423 5540 1598 5611 τούτῳ
1641 5539 1704 5608 δὴ
1764 5555 1904 5609 παρ-

401 5705 421 5735 ’
453 5708 596 5767 Psal.
625 5728 830 5778 cum,
863 5716 912 5769 5.
998 5718 1036 5748 ¹⁰
1066 5717 1219 5775 Cant.
1254 5732 1308 5782 ιι,
1342 5717 1418 5770 15.

1502 5716 1538 5746 ¹¹
1576 5715 1769 5784 lipltcs.
1807 5727 1877 5775 tv,
1916 5712 1996 5767 l3.
2079 5713 2118 5742 ”
2149 5709 2250 5765 lsa.
2291 5725 2345 5778 ιι,
2387 5712 2440 5764 '3.

2004 4627 2100 4681 tim
2157 4635 2212 4682 et
2245 4625 2480 4681 vicinam
2509 4623 2844 4694 spiritualem
2891 4622 3077 4691 utique
3140 4619 3380 4675 transiri.
3430 4619 3581 4686 Quo-

2004 4722 2150 4776 niam
2184 4734 2313 4774 vero
2347 4718 2401 4772 in
2449 4717 2534 4772 his
2566 4717 2802 4772 maxime
2839 4715 3101 4786 singulari
3134 4712 3414 4784 vigilantia
3445 4728 3582 4782 opus

2005 4821 2110 4877 est,
2164 4819 2218 4866 et
2257 4809 2462 4879 majore
2524 4825 2690 4878 quam
2734 4822 2832 4877 pro
2865 4815 3022 4874 captu
3081 4806 3341 4872 humano,
3392 4818 3580 4858 acrem

2011 4903 2245 4974 vigiliam
2293 4901 2538 4956 immittit
2573 4903 2845 4970 propheta:
2892 4898 3054 4961 Deus,
3113 4898 3341 4952 docente
3388 4896 3582 4966 angelo

2005 4995 2094 5062 qui
2123 4995 2176 5048 in
2211 4994 2326 5063 ipso
2362 4992 2698 5060 loquebatur,
2738 4999 2795 5044 ut
2821 5004 2880 5045 se
2919 5005 2949 5043 e
2979 5003 3172 5042 somno
3197 4997 3415 5056 putaret
3444 4986 3582 5039 esci-

2007 5093 2201 5138 tatum.
2243 5082 2390 5136 Talis
2429 5092 2512 5136 est
2544 5081 2688 5135 enim
2729 5081 2892 5135 animi
2939 5079 3114 5134 nostri
3147 5079 3407 5139 conditio,
3443 5075 3581 5129 mul-

2008 5183 2172 5242 toque
2211 5173 2440 5227 inferior
2486 5187 2648 5242 quam
2686 5172 2740 5226 in
2780 5172 2984 5226 sanctis
3019 5172 3244 5240 angelis,
3273 5177 3331 5222 ut
3363 5179 3582 5219 asseve-

2010 5280 2131 5320 rare
2167 5265 2340 5334 possit
2393 5265 2663 5333 quispiam
2701 5264 2825 5319 illos
2855 5278 2975 5318 esse
3006 5263 3057 5316 in
3090 5269 3346 5330 perpetua
3377 5255 3580 5326 vigilia,

2009 5371 2107 5410 nos
2159 5355 2310 5425 quasi
2368 5355 2420 5409 in
2476 5364 2736 5424 perpetuo
2794 5369 3003 5409 somno.
3056 5353 3347 5417 Postquam
3401 5355 3583 5402 autem

2008 5447 2221 5502 divinus
2251 5446 2475 5515 angelus
2511 5447 2860 5508 voluntates»,
2896 5454 2950 5498 et
3001 5450 3235 5496 mentem
3269 5453 3487 5509 quoque
3507 5455 3586 5494 eo

2012 5536 2322 5592 inclinatam
2375 5537 2545 5602 vidit,
2599 5547 2658 5590 ut
2710 5535 2854 5605 quod
2910 5533 3073 5586 ﬂebat
3125 5529 3398 5585 subtiliter
3451 5528 3586 5589 satis

2523 5710 2566 5744 ’⁸
2596 5709 2742 5764 I’sal.
2783 5724 2932 5777 esst,
2970 5707 3020 5764 I.
3101 5706 3145 5738 “
3173 5705 3318 5767 Psal.
3348 5719 3492 5773 nrt,
3522 5704 3578 5759 4.
