4092 6202
532 315 600 371 σε)
1522 303 1582 356 S.
1621 298 1899 353 CYHILLI
1939 296 2121 350 ALEX

2230 295 2411 351 DlilNl
2450 295 2764 350 ARCliiEP.
3714 296 3785 350 60

534 426 840 498 perspicere
866 431 1064 492 posset.
1099 432 1448 492 percontatur
1492 418 1751 487 quidnam
1814 425 1954 484 putet
1983 430 2104 469 esse

2230 414 2564 484 ,quaypz'vov
2617 412 2889 474 τεθέαται,
2919 411 3059 463 ὥστε
3106 410 3197 463 καὶ
3238 409 3602 480 ἀποχρώντως
3641 410 3785 479 ἔχειν

533 536 653 589 qua:
684 516 1145 575 monstrabantur.
1179 514 1314 568 Tum
1357 512 1623 580 pmplteta
1658 524 1866 561 rursmn
1910 508 2105 559 certis-

535 614 726 665 simam
761 608 988 663 visionis
1017 602 1590 660 commemorationem
1649 598 1878 659 inducit,
1918 598 2106 650 dicens

532 718 592 756 se
628 701 826 754 vidisse
858 697 1264 760 candelabrum,
1315 703 1486 746 totum
1525 705 1746 742 aureum
1781 703 1876 756 per
1910 696 2102 749 totum,

534 809 599 846 ac
638 805 803 859 super
851 791 1025 857 ipsum
1076 786 1409 853 lamp.ulem;
1449 784 1579 852 quin
1623 790 1677 835 et
1727 781 1976 833 lucernas
2022 794 2109 831 se-

537 894 703 951 ptem,
764 890 820 935 et
859 885 1046 933 eodem
1092 890 1317 933 numero
1380 873 1666 938 iniusoria,
1727 871 1897 925 olivas
1951 870 2106 933 duas,

537 990 697 1027 unum
724 989 753 1025 a
779 971 983 1025 dextris
1012 969 1296 1036 lampadis,
1325 966 1551 1019 alteram
1575 980 1604 1017 a
1630 962 1885 1017 sinistris.
1914 961 1977 1014 Et
2005 960 2109 1015 ista

552 1066 771 1135 quidem
811 1071 1028 1116 ostensa
1061 1060 1313 1128 liquidius
1345 1058 1570 1111 forsitan
1606 1053 1968 1123 explattabttut
1992 1064 2110 1121 quae

538 1156 680 1209 dit-ta
703 1163 853 1206 sunt.
889 1152 1120 1213 Necesse
1146 1162 1229 1203 est
1260 1159 1436 1202 tamen
1470 1146 1693 1199 visionis
1735 1142 1896 1211 hujus
1922 1143 2108 1193 intima

537 1246 806 1302 Curiosius
853 1245 1189 1312 indagantes,
1243 1238 1560 1308 signiﬁcatis
1608 1245 1811 1288 attente
1864 1233 2112 1286 conside-

542 1332 727 1387 randis
746 1331 1160 1398 diligentissime
1185 1327 1517 1390 incumbere,
1542 1336 1596 1380 et
1618 1341 1678 1378 ea
1703 1340 1822 1377 cum
1844 1323 1953 1390 jam
1985 1337 2114 1391 prue-

539 1424 699 1479 dictis
724 1424 861 1476 scite
901 1422 1172 1490 copulare.
1203 1419 1478 1488 Aitigitnr
1518 1418 1898 1470 universorum
1944 1414 2108 1476 Deus,

540 1530 599 1570 se.
658 1514 863 1568 foveam
926 1515 1218 1574 fossorum,
1283 1523 1337 1565 ct
1378 1517 1843 1563 contrectaturum
1893 1520 2109 1558 omnem

543 1605 882 1673 iniquitatem
919 1614 1076 1659 teme
1106 1604 1250 1657 illius
1286 1602 1339 1655 iu
1372 1602 1457 1655 die
1492 1616 1619 1656 una.
1655 1598 1915 1653 Hortatur
1946 1598 2111 1651 etiam

541 1697 700 1760 alios,
749 1704 811 1751 ut
852 1698 994 1750 inter
1040 1711 1098 1750 se
1147 1695 1246 1749 sub
1278 1694 1442 1748 vitent
1490 1703 1544 1747 et
1581 1691 1738 1745 ﬁcum
1788 1697 2105 1744 convenerit.

542 1786 651 1841 Nos
677 1803 897 1855 scopum
923 1786 1219 1856 prophetia:
1251 1784 1580 1849 aperientes,
1600 1782 1908 1836 dicebamus
1933 1782 2109 1835 iucre-
2145 1758 2187 1813 Β

543 1878 684 1930 dolis
734 1888 788 1930 et
813 1877 1116 1945 agrestibus
1138 1873 1602 1943 contemptoribus
1628 1873 1819 1926 salutis
1844 1888 1937 1941 per
1960 1872 2115 1926 Citri-

546 1978 688 2021 stum
739 1976 904 2034 partte
932 1966 1221 2036 quamdam
1274 1965 1483 2019 foveam
1529 1964 1801 2019 exitialem
1849 1978 1970 2018 esse
2008 1963 2117 2017 fos-

542 2074 680 2123 sam,
710 2058 873 2129 683
899 2057 1278 2112 contumeliam
1330 2057 1537 2111 scilicet
1584 2057 1787 2119 crucis,
1831 2065 1888 2108 et
1941 2054 2117 2111 scelus

542 2159 778 2203 cruenta:
804 2149 969 2201 caedis
996 2147 1219 2201 Christi.
1270 2145 1557 2200 Perierunt
1593 2148 1737 2199 enim
1774 2146 1981 2205 miseri,
2025 2143 2116 2210 qui

555 2241 840 2294 Dominum
883 2240 1045 2306 impie
1078 2247 1428 2291 necaverunt.
1472 2236 1542 2289 lis
1583 2247 1761 2290 autem
1794 2236 1882 2303 qui
1918 2236 2121 2289 dilexe-

547 2340 670 2386 runt
707 2332 993 2384 adventum
1042 2328 1159 2399 ejus
1205 2330 1640 2387 delectationem,
1690 2336 1744 2381 et
1773 2327 2020 2387 delicias,
2061 2335 2116 2378 et

544 2422 676 2492 quid
704 2436 808 2475 non
834 2421 1050 2475 tandem
1078 2419 1235 2488 hujus
1265 2420 1482 2487 generis
1514 2418 1847 2486 contigisse?
1881 2417 2123 2481 Fuerunt

547 2514 687 2566 enim
719 2512 773 2566 in
812 2512 1067 2567 Ecclesiis
1105 2511 1249 2564 velut
1278 2513 1376 2563 suh
1407 2510 1614 2564 iit-obus
1666 2518 1717 2563 et
1752 2510 1976 2564 vitibus.
2015 2509 2121 2563 Sed

548 2618 676 2659 ecce
696 2603 803 2656 alio
831 2604 955 2655 item
994 2604 1153 2655 modo
1184 2601 1445 2671 propheta
1475 2601 1801 2672 mysterium
1830 2601 1981 2654 vidit.
2014 2601 2124 2653 Au-

553 2709 700 2748 reum
742 2696 937 2762 quippe
962 2693 1347 2747 candelabrum
1392 2708 1578 2747 rursus
1622 2692 1917 2747 Ecclesium
1954 2693 2124 2746 inter-

553 2795 854 2855 pretantur,
911 2793 1099 2853 utpote
1163 2784 1534 2838 houornbilem
1598 2783 1816 2849 mundo,
1872 2793 2124 2853 tanquam

552 2877 843 2930 virtutibus
908 2875 1329 2929 iliustrissimam
1392 2892 1456 2930 ac
1499 2874 2017 2944 Splendidissimae),
2066 2882 2127 2928 ut

555 2963 782 3017 sublime
806 2961 1093 3015 admodum
1129 2962 1390 3017 eievatam
1415 2971 1555 3018 verae
1584 2963 1907 3032 cognitionis
1929 2962 2127 3017 divina

2210 505 2445 558 συνιέναι
2475 506 2686 567 λεπτῶς
2718 504 2815 573 τὴν
2851 504 3060 572 ὅρασιν,
3094 501 3477 555 διεπυνθάνετο
3508 501 3702 568 λέγων,
3734 500 3786 554 τί

2211 596 2277 649 ἂν
2302 596 2465 648 οἴοιτο
2516 594 2781 664 ὑπάρχειν
2830 594 2898 646 τὰ
2945 591 3280 661 δεδειγμένα.
3346 590 3787 660 ’Δπλανεστάτην

2208 703 2272 754 γε
2335 686 2441 757 μὴν
2494 687 2523 738 6
2564 686 2850 757 προφήτης
2905 684 3004 751 τῆς
3067 683 3307 753 ὁράσεως
3355 683 3454 752 τὴν
3511 682 3786 750 ἀφήγησιν

2209 780 2444 831 ἐποιεῖτο
2473 776 2656 839 πάλιν,
2720 774 2940 844 λυχνίαν
2985 773 3285 843 ἑωρακέναι
3334 772 3505 837 λέγων
3550 774 3678 842 ὃλην
3719 773 3786 825 δι’

2208 871 2331 924 ὅλου
2365 870 2590 939 χρυσῆν·
2629 867 2812 921 ἐπάνω
2844 866 2901 918 δὲ
2927 866 3099 933 αὐτῆς
3124 865 3184 917 τὸ
3216 864 3651 934 λαμπάδιον,καὶ
3683 869 3789 933 μὴν

2211 963 2305 1015 καὶ
2340 962 2565 1032 λύχνους
2591 960 2749 1022 ἑπτα,
2782 959 2876 1011 καὶ
2938 958 3257 1028 ἰσαρίθμους
3292 958 3474 1019 αὐτοῖς
3535 957 3634 1019 τὰς
3690 958 3786 1007 ἐπ-

2212 1054 2571 1125 αρυστρῖδας,
2601 1052 2787 1115 ἐλαίας
2804 1050 2917 1115 δύο,
2956 1050 3081 1120 μίαν
3107 1050 3201 1119 μὲν
3223 1051 3288 1101 ἐκ
3312 1047 3499 1114 δεξιῶν
3527 1048 3619 1099 τοῦ
3650 1048 3791 1115 λαμ-

2213 1146 2425 1205 παιδίου,
2470 1143 2703 1213 θατέραν
2734 1160 2792 1210 γε
2833 1142 2938 1212 μὴν
2968 1140 3224 1210 κειμένην
3250 1139 3310 1202 ἐξ
3337 1139 3652 1208 εὐωνύμων.
3681 1138 3790 1191 Καὶ

2212 1238 2377 1308 ἡμὲν
2425 1235 2803 1305 ὲμφανεστέρα
2834 1232 2939 1287 τῶν
2988 1231 3346 1301 δεδειγμένων
3394 1231 3648 1294 ἀπόδοσις
3703 1230 3788 1300 εἴη

2213 1328 2278 1381 ἂν
2303 1329 2400 1397 οὐχ
2428 1329 2591 1397 ἑτέρα
2621 1326 2772 1396 παρά
2802 1325 2991 1381 ταῦτα.
3024 1325 3144 1397 Χρὴ
3174 1324 3229 1376 δὲ
3257 1324 3381 1385 τοὺς
3409 1323 3506 1392 τῆς
3537 1322 3793 1374 ἐσωτάτω

2212 1419 2303 1472 τὸν
2325 1418 2449 1473 νοῦν
2479 1420 2718 1481 ἐνιέντας
2749 1419 3188 1489 περιεργότερον,
3212 1412 3526 1484 περιαθρεῖν
3554 1406 3614 1465 εὖ
3644 1412 3789 1481 μάλα

2215 1510 2508 1582 πειρᾶσθαι
2540 1511 2611 1564 τά
2638 1509 2962 1581 δηλούμενα,
3020 1495 3114 1562 κᾶι
3166 1507 3372 1560 συνδεῖν
3420 1503 3648 1566 ἀστείως
3682 1505 3795 1565 τοῖς

2214 1602 2314 1674 ἤδη
2346 1601 2764 1672 προειρημένοις
2787 1602 2881 1654 καὶ
2902 1601 3045 1654 τάδε.
3082 1602 3225 1669 Ἔση
3251 1598 3430 1651 τοίνυν
3474 1597 3504 1647 6
3532 1596 3637 1649 τῶν
3659 1596 3794 1648 ὅλων

2214 1694 2368 1757 Θεὸς,
2392 1694 2473 1746 ὅτι
2520 1693 2608 1745 καὶ
2639 1692 2830 1762 βόθρον
2874 1693 3077 1763 ὀρύξει,
3131 1692 3223 1744 καὶ
3270 1690 3579 1760 ψηλαφήσει
3616 1689 3797 1741 πᾶσαν

2216 1788 2314 1857 τὴν
2340 1785 2553 1839 ἀδικίαν
2586 1785 2685 1852 τῆς
2727 1784 2827 1853 γῆς
2854 1783 3071 1853 ἐκείνης
3098 1783 3157 1835 ὲν
3192 1782 3377 1853 ἡμέρᾳ
3402 1782 3517 1852 μιᾷ.
3561 1781 3700 1848 Προτ
3713 1779 3799 1847 ρέ-

2218 1895 2309 1931 πει
2364 1877 2420 1930 δὲ
2473 1859 2568 1930 καὶ
2608 1876 2817 1944 ἑτέροις
2871 1875 3162 1942 συγκαλεῖν
3221 1873 3482 1944 ἀλλήλους
3539 1869 3799 1924 ὑποκάτω

2219 1970 2466 2040 ἀμπέλου
2518 1968 2610 2021 καί
2646 1965 2900 2019 ὑποκάτω
2934 1966 3124 2035 συκῆς.
3168 1965 3355 2033 Ἡμεῖς
3380 1964 3438 2015 δὲ
3469 1960 3613 2029 σαφῆ
3665 1958 3799 2012 καί)⁶

2220 2059 2465 2119 ιστάντες
2499 2056 2597 2126 τῆς
2632 2056 2968 2127 προφητείας
3020 2055 3110 2107 τὸν
3137 2053 3360 2113 σκοπὸν,
3414 2050 3672 2120 ἐλέγομεν
3720 2050 3803 2100 ὅτι

2219 2154 2331 2216 τοῖς
2349 2152 2445 2222 μὲν
2465 2148 2711 2203 ἀπειθεῖν
2732 2146 3054 2219 ᾑρημένοις,
3071 2145 3167 2199 καὶ
3193 2143 3551 2213 ἀτιμάζουσιν
3576 2142 3803 2211 ἀμαθῶς

2206 2243 2319 2312 τὴν
2350 2240 2439 2294 διὰ
2473 2238 2709 2311 Χριστοῦ
2743 2238 3037 2309 σωτηρίαν,
3061 2236 3251 2306 βόθρος
3279 2233 3370 2288 οἷά
3394 2252 3475 2298 τις
3497 2234 3802 2305 ὀρώρυκται

2221 2333 2605 2403 κατακομίζων
2635 2333 2713 2394 είς
2736 2330 2974 2401 ὄλεθρον,
3006 2332 3038 2400 ἡ
3064 2331 3156 2382 ἐπὶ
3183 2328 3262 2397 τῷ
3288 2327 3504 2397 σταυρῷ
3528 2328 3801 2397 παροινία,

2223 2426 2318 2480 κα⁶ι
2339 2426 2439 2495 τῆς
2481 2424 2624 2478 κατά
2670 2422 2908 2494 Χριστοῦ
2972 2419 3283 2491 μιαιφονίας
3334 2418 3401 2472 τὰ
3460 2418 3805 2487 ἐγκλήματα.

2235 2515 2572 2569 Ἀπολώλασι
2648 2516 2758 2586 γὰρ
2839 2515 2890 2567 οἱ
2965 2512 3188 2564 δείλαιοι
3268 2509 3806 2581 Κυριοκτονήσαντες

2224 2607 2473 2670 ἀνοσίως.
2498 2606 2622 2668 Τοῖς
2641 2623 2706 2674 γε
2743 2604 2846 2681 μὴν
2876 2602 3189 2673 ἠγαπηκόσι
3236 2601 3337 2671 τὴν
3360 2601 3679 2668 ἐπιφάνειαν
3710 2598 3805 2654 αδ)-

2224 2698 2319 2752 τοῦ
2341 2696 2530 2767 τέρψις
2560 2714 2621 2749 τε
2653 2696 2749 2750 καὶ
2779 2693 2979 2764 τρυφὴ,
3002 2694 3094 2746 καὶ
3131 2692 3183 2745 τί
3217 2690 3324 2760 γάρ
3353 2690 3471 2760 ουχὶ
3502 2689 3611 2742 τῶν
3633 2687 3807 2740 τοιού-

2224 2810 2330 2847 των
2361 2791 2602 2861 ὐπῆρξες
2631 2790 2894 2858 Γεγόνασι
2918 2787 3028 2858 γὰρ
3066 2787 3142 2850 ὡς
3172 2786 3277 2838 ὑπὸ
3306 2787 3499 2845 συκαῖς
3566 2782 3660 2834 καὶ
3695 2784 3802 2847 ἁμ-

2230 2883 2418 2945 πέλοις
2451 2884 2575 2945 ταῖς
2616 2879 2985 2950 Ἑκκλησίαις.
3030 2877 3169 2930 Ἀλλ’
3207 2877 3312 2929 ίδοὺ
3348 2875 3440 2928 καὶ
3483 2872 3808 2943 καθ’ἕτερον

2227 2972 2428 3040 τρόπον
2455 2968 2547 3022 τοῦ
2599 2967 2900 3038 μυστηρίου
2932 2966 3030 3035 τὴν
3078 2963 3305 3033 δύναμιν
3342 2963 3370 3013 ὁ
3405 2963 3688 3031 προφήτης
3723 2977 3812 3010 τε-

556 3050 843 3115 dogmatis,
880 3066 1043 3118 super
1079 3064 1181 3119 qua
1221 3050 1423 3119 lampas
1472 3061 1575 3114 est,
1626 3068 1816 3121 nempe
1850 3051 2124 3114 Christus,

2231 3060 2443 3114 θέαται.
2498 3059 2608 3129 Τὴν
2667 3058 2776 3127 γάρ
2829 3074 2912 3109 τοι
2945 3055 3151 3127 χρυσῆν
3198 3052 3418 3121 λυχνίαν
3460 3050 3635 3119 φαμὲν
3668 3044 3810 3101 εἶναι

555 3142 622 3196 tle
656 3156 764 3211 quo
792 3141 930 3195 Deus
968 3152 1018 3196 et
1058 3142 1254 3196 Pater:
1294 3161 1312 3194 ι
1347 3142 1573 3212 Propter
1612 3144 1740 3197 Sion
1775 3159 1877 3198 non
1916 3144 2129 3209 tacebo,

557 3246 610 3286 et
638 3243 857 3303 propter
885 3232 1180 3288 Jerusalem
1219 3250 1325 3289 non
1355 3236 1655 3304 quiescam,
1684 3234 1859 3290 donec
1887 3234 2132 3304 egredia-

560 3335 646 3377 tur
688 3335 745 3379 ut
785 3324 962 3378 lumen
995 3326 1201 3393 justitia
1259 3340 1401 3390 mea,
1451 3336 1505 3380 et
1556 3326 1793 3381 salutare
1850 3340 2026 3381 meum
2075 3333 2135 3379 ut

560 3418 766 3481 lampas
799 3417 1122 3469 accendetur
1147 3416 1210 3469 ’⁸.
1244 3437 1261 3469 ι
1311 3416 1459 3469 llanc
1486 3417 1787 3485 lampadem
1821 3417 2132 3472 universum

560 3507 748 3560 urbem
800 3509 1193 3562 illuminanteut
1254 3523 1417 3577 super
1462 3509 1846 3562 candelabrum
1896 3509 2036 3563 Deus
2081 3518 2137 3564 et

565 3600 722 3654 Pater
754 3602 975 3669 posuit:
1015 3620 1031 3652 ι
1068 3598 1138 3655 Ut
1166 3615 1356 3655 omnes
1400 3600 1489 3669 qui
1543 3600 1916 3668 ingrediuntur
1956 3599 2135 3655 lumen

564 3693 801 3755 vidi-aut,
848 3704 901 3745 et
943 3693 1119 3745 luceat
1164 3693 1415 3745 omnibus
1448 3693 1538 3759 qui
1583 3691 1634 3744 in
1671 3691 1832 3745 domo
1859 3702 1984 3746 sunt
2010 3692 2074 3744 ιδ.
2111 3710 2131 3743 ι

564 3784 784 3850 Septem
820 3792 1002 3835 autem
1035 3792 1163 3835 sunt
1207 3782 1460 3843 lucernae,
1496 3797 1599 3834 non
1650 3783 1909 3835 habentes
1955 3781 2133 3834 lumen

565 3875 885 3941 proprium,
944 3876 1038 3925 sed
1096 3873 1371 3927 inductum
1446 3882 1501 3926 et
1547 3883 1852 3936 externum,
1925 3881 1980 3924 et
2034 3872 2136 3924 olei

565 3965 832 4018 atTusioue
884 3966 1169 4026 nutritum,
1203 3980 1323 4033 qua:
1353 3975 1407 4017 et
1448 3966 1577 4033 ipsa
1607 3974 1825 4016 sanctos
1865 3963 2139 4031 apostolos

565 4056 830 4121 referunt,
880 4068 934 4110 et
973 4056 1334 4125 evangelistas
1388 4057 1627 4122 insuper,
1671 4063 1725 4107 et
1772 4053 1862 4121 qui
1915 4053 2139 4121 singulis

574 4149 906 4215 temporibus
939 4149 1262 4200 exstiterunt
1298 4146 1655 4199 Ecclesiarum
1707 4144 2013 4212 magistros,
2047 4143 2137 4212 qui

570 4238 1018 4290 illttutiuatiouem
1076 4252 1103 4287 a
1149 4236 1368 4290 Christo
1416 4236 1578 4289 veluti
1621 4236 1877 4303 quosdam
1920 4235 2141 4305 lychnus

567 4328 622 4385 iu
660 4331 855 4384 animis
918 4338 972 4384 et
1005 4328 1259 4383 cordibus
1303 4329 1417 4383 suis
1442 4338 1816 4397 susceperunt,
1854 4329 1939 4380 cui
1972 4326 2142 4395 Spiri—

570 4431 656 4475 tus
706 4434 923 4475 sanctus
968 4422 1224 4475 alimenta
1268 4422 1650 4489 suppeditavit,
1694 4421 1784 4488 qui
1830 4418 2139 4473 domesticis
2175 4421 2216 4474 D

570 4517 749 4568 lumen
820 4515 1062 4581 praaltcut
1112 4523 1165 4567 et
1219 4513 1508 4567 credentes
1566 4527 1670 4564 uua
1721 4527 1845 4564 cum
1897 4509 2144 4577 lampade

572 4604 900 4658 illuminant.
931 4603 1170 4658 Observa
1207 4612 1492 4668 prmtereu,
1541 4610 1749 4667 Septem
1793 4599 2029 4651 lucernis
2063 4598 2145 4650 iu-

571 4694 773 4748 l'usoria
804 4694 1059 4759 adfuisse,
1107 4709 1198 4761 per
1234 4708 1352 4760 quae
1387 4692 1491 4744 illis
1524 4691 1701 4743 oleum
1746 4688 2142 4750 infunderetur,

573 4784 804 4850 lampadi
864 4800 969 4837 non
1017 4784 1276 4837 adfuisse.
1314 4782 1452 4848 Quid
1499 4781 1615 4835 ita?
1648 4789 1731 4832 est
1781 4779 1923 4833 enim
1968 4779 2144 4829 lumen

574 4890 762 4930 verum
797 4874 838 4928 F
844 4876 981 4936 ilius,
1014 4891 1119 4930 non
1168 4885 1473 4934 externum,
1503 4885 1679 4939 neque
1711 4869 2008 4930 inductum,
2050 4881 2147 4920 nec

574 4967 643 5022 ab
672 4966 778 5021 alio
816 4967 1026 5032 datum,
1066 4966 1153 5020 cui
1198 4964 1428 5019 facultas
1461 4961 1797 5017 illuminandi
1841 4958 2145 5026 contigerit,

579 5057 673 5112 sed
717 5057 834 5126 ipse
867 5065 953 5112 est
985 5056 1282 5111 secundum
1316 5065 1562 5109 naturam
1616 5055 1792 5108 lumen
1823 5071 1835 5107 :
1868 5054 2006 5120 quod
2047 5066 2147 5103 au-

581 5163 686 5205 tem
742 5154 795 5206 in
849 5153 1053 5206 sanctis
1102 5161 1202 5216 est,
1246 5151 1315 5205 ab
1370 5152 1484 5219 ipso
1533 5152 1991 5205 communicatum
2037 5160 2139 5203 est.

580 5244 923 5298 'l‘estiiicatur
972 5242 1023 5296 id
1066 5243 1284 5311 sapiens
1322 5241 1557 5297 Joannes
1597 5255 1612 5294 :
1649 5260 1666 5292 ι
1698 5241 1773 5295 De
1816 5241 2150 5309 plenitudine

580 5335 724 5401 ejus,
783 5336 977 5405 inquit,
1039 5350 1231 5392 omnes
1286 5336 1678 5403 accepimus”.
1716 5354 1733 5386 ι
1793 5333 1910 5403 Ipse
1971 5343 2148 5387 autem

584 5425 753 5480 Filius
782 5445 968 5484 verum
1015 5427 1196 5484 lumen
1224 5428 1494 5483 claritatis
1524 5443 1639 5482 suae
1667 5429 1955 5496 participes
1983 5426 2152 5482 factos

586 5517 768 5571 mundi
807 5519 986 5575 lumen
1021 5521 1349 5592 appellabat.
1400 5520 1487 5573 Ait
1535 5520 1735 5574 etenim
1779 5520 1983 5574 sanctis
2018 5534 2149 5589 apo—

661 5689 705 5724 “
736 5688 843 5745 Isa.
874 5706 1003 5755 uti,
1051 5695 1095 5748 l.

1177 5698 1216 5729 ’⁸
1249 5696 1377 5751 Luc.
1412 5712 1483 5763 τι,
1517 5697 1585 5751 ’55
1687 5697 1728 5727 ἰ’
1760 5694 1914 5750 Joau.
1950 5710 1990 5763 ι,
2019 5694 2099 5748 ιδ.

2234 3150 2396 3204 πάλιν
2435 3148 2533 3220 τὴν
2595 3138 2944 3215 Ἐκκλησίαν,
2996 3145 3071 3207 ὡς
3116 3142 3485 3212 τετιμημένην
3514 3142 3569 3191 ὲν
3596 3140 3810 3207 κόσμῳ,

2232 3236 2662 3310 διαφανεστάτην
2687 3240 2746 3292 ἐν
2770 3239 3014 3310 ἀρεταῖς,
3044 3236 3120 3298 ὡς
3148 3232 3283 3304 ὑψοῦ
3308 3233 3372 3303 δὴ
3399 3231 3518 3284 λίαν
3568 3232 3815 3299 ἠρμένην

2232 3335 2347 3397 τοῖς
2378 3332 2478 3401 τῆς
2541 3330 2800 3400 ἀληθινῆς
2852 3326 3179 3396 θεογνωσίας
3223 3324 3511 3393 δόγμασιν,
3563 3315 3710 3393 ἐ’φ’ᾖ
3756 3322 3817 3372 τὸ

2234 3426 2560 3495 λαμπάδιον,
2591 3422 2855 3480 τουτέστι,
2888 3419 3142 3491 Χριστὸς,
3176 3417 3305 3485 περὶ
3328 3407 3388 3467 οῦ
3425 3430 3591 3484 φησιν
3634 3413 3660 3464 6
3684 3413 3816 3474 Θεὸς

2235 3518 2331 3571 καὶ
2353 3517 2563 3587 Πατήρ·
2600 3533 2619 3564 ‹
2650 3514 2746 3566 Διά
2785 3512 2925 3565 Σιὼν
2975 3512 3037 3563 οὑ
3066 3510 3439 3577 σιωπήσομαι,
3468 3506 3560 3558 καὶ
3590 3504 3675 3556 διὰ
3715 3504 3815 3553 Ἱε-

2240 3611 2523 3684 ρουσαλὴμ
2572 3608 2672 3662 οὐκ
2719 3608 2923 3678 ἀνήσω,
2976 3606 3079 3666 ’έως
3107 3602 3171 3655 ἂν
3205 3600 3397 3671 ἐξέλθῃ
3419 3599 3491 3660 ὡς
3541 3596 3651 3664 φῶς
3681 3596 3713 3665 ή
3743 3594 3821 3646 δι-

2237 3705 2496 3771 καιοσύνη
2530 3718 2654 3771 μου,
2683 3701 2744 3753 τὸ
2771 3702 2825 3752 δὲ
2854 3696 3119 3766 σωτήριόν
3148 3712 3246 3764 μου
3269 3694 3342 3756 ὡς
3368 3690 3587 3760 λαμπὰς
3617 3689 3822 3754 καυοήο

2241 3811 2411 3847 σεται.
2440 3812 2458 3844 ι
2494 3791 2664 3843 Τοῦτο
2687 3793 2795 3862 γὰρ
2819 3788 3123 3859 λαμπάδιον
3145 3787 3204 3839 τὸ
3237 3786 3413 3837 πᾶσαν
3443 3779 3822 3847 καταφωτίζον

2236 3886 2337 3955 τὴν
2370 3883 2460 3937 ὑπ’
2488 3883 2732 3952 οὐρανὸν,
2789 3883 2881 3933 ἐπὶ
2912 3882 2976 3949 τῇ
3008 3878 3198 3946 λυχνίᾳ
3230 3876 3469 3927 τέθεικεν
3493 3875 3519 3923 6
3554 3871 3684 3932 Θεὸς
3727 3870 3821 3921 καὶ

2240 3978 2450 4046 Πατὴρ,
2481 3993 2497 4025 ι
2528 3976 2643 4027 Ἵνα
2667 3973 2865 4034 πάντες
2896 3973 2944 4023 οἱ
2974 3968 3439 4039 εἰσπορευόμενοι,
3461 3964 3521 4015 τὸ
3551 3962 3663 4031 φῶς
3698 3960 3820 4029 βλέο

2242 4085 2408 4131 most,
2442 4068 2535 4119 καὶ
2558 4066 2750 4136 λάμπῃ
2777 4065 2907 4116 πᾶσι
2932 4064 3043 4124 τοῖς
3076 4064 3133 4114 ὲν
3190 4062 3254 4129 τῇ
3299 4057 3468 4126 οἰκία.
3504 4074 3522 4106 ι
3566 4052 3734 4106 Ἐπτά
3765 4052 3823 4105 δὲ

2241 4161 2289 4212 οἱ
2336 4158 2538 4227 λύχνοι,
2564 4156 2678 4226 φῶς
2714 4156 2813 4209 οὐκ
2847 4155 3061 4225 ἔχοντες
3113 4152 3265 4211 ἴδιον,
3296 4150 3409 4202 ἀλλ’
3435 4146 3689 4203 ἐπακτὸν,
3728 4143 3825 4195 καὶ

2242 4253 2457 4316 ἔξωθεν,
2491 4251 2584 4303 καὶ
2628 4251 2747 4310 ταῖς
2780 4248 2845 4300 δι’
2878 4246 3058 4299 ἐλαίου
3107 4242 3395 4313 χορηγίαις
3445 4238 3778 4308 τρεψάμενον
3808 4250 3820 4262 ·

2244 4345 2565 4416 σημαίνουσι
2589 4342 2645 4396 δὲ
2672 4342 2765 4395 καὶ
2788 4341 2939 4395 αὐτοὶ
2961 4338 3085 4401 τοὺς
3124 4336 3309 4403 ἁγίους
3337 4330 3692 4390 ἀποστόλους,
3732 4326 3825 4378 καὶ

2249 4436 2430 4506 μέντοι
2490 4435 2585 4487 καὶ
2610 4431 3023 4502 εὐαγγελιστάς,
3054 4428 3149 4481 καὶ
3180 4426 3307 4485 τοὺς
3336 4422 3481 4477 κατά
3506 4422 3693 4488 καιρδν
3715 4418 3826 4471 τῶν

2259 4524 2593 4594 Ἐκκλησιῶν
2627 4522 3001 4581 διδασκάλους,
3052 4516 3373 4585 δεχομένους
3425 4515 3519 4581 μὲν
3560 4506 3646 4564 οἷά
3675 4525 3824 4571 τινας

2246 4616 2471 4685 λύχνους
2532 4617 2611 4676 εἰς
2658 4612 2781 4665 νοῦν
2832 4611 2922 4662 καὶ
2964 4608 3189 4677 καρδίαν
3250 4604 3340 4658 τὸν
3385 4605 3535 4673 παρὰ
3589 4598 3826 4672 Χριστοῦ

2248 4706 2549 4774 φωτισμὸν,
2592 4703 2686 4755 καὶ
2711 4704 2831 4763 ταῖς
2887 4699 2981 4752 τοῦ
3029 4698 3345 4768 Πνεῦματος
3394 4695 3677 4765 χορηγίαις
3705 4707 3826 4760 τρε·

2249 4797 2483 4867 φάμενον
2516 4794 2760 4863 ἔχοντας,
2788 4793 2967 4854 ἱέντας
2990 4808 3055 4859 γε
3086 4791 3191 4860 μὴν
3236 4790 3349 4851 τοῖς
3385 4789 3443 4839 ἐν
3480 4790 3545 4857 τῇ
3594 4784 3737 4853 οἰκίᾳ
3767 4783 3828 4834 τὺ

2250 4885 2383 4955 φῶς,
2415 4886 2507 4938 καὶ
2533 4883 2608 4953 τῷ
2627 4880 2917 4951 λαμπαδέῳ
2946 4877 3500 4947 συγκαταυγάζοντας
3552 4876 3678 4935 τοὺς
3734 4888 3829 4922 ’πε⁹

2249 4976 2631 5038 πιστευκὸτας.
2670 4975 2951 5042 Ἐπιτήρει
3000 4972 3075 5033 δὲ,
3102 4973 3186 5023 ὅτι
3226 4973 3340 5033 τοῖς
3384 4970 3481 5040 μὲν
3530 4966 3669 5019 ἑπτά
3722 4963 3819 5016 λύ-

2264 5086 2411 5138 χνοις
2436 5065 2831 5136 ἑπαρυστρίδες
2854 5060 3014 5135 ἦσαν,
3050 5063 3113 5115 δι’
3161 5055 3235 5116 ὧν
3268 5062 3455 5121 αὐτοῖς
3486 5057 3747 5125 εἰσεχεῖτο
3768 5054 3833 5106 τὸ

2255 5161 2453 5222 ἔλαιον,
2476 5156 2842 5227 ὲπαρυστρίδα
2887 5172 2952 5222 γε
3003 5156 3109 5225 μὴν
3146 5156 3207 5207 τὸ
3231 5151 3535 5219 λαμπάδιον
3561 5148 3660 5198 οὐκ
3692 5144 3827 5213 ἔχει.

2256 5250 2355 5302 Διὰ
2387 5249 2546 5301 ποίαν
2575 5246 2775 5310 ait-inv;
2807 5246 2925 5308 Φῶς
2961 5246 3056 5314 μὲν
3091 5245 3199 5314 γάρ
3250 5246 3364 5295 ἐστι
3404 5240 3466 5292 τὸ
3496 5234 3756 5307 ἀληθινὸν
3805 5236 3833 5287 6

2258 5337 2404 5400 Υἱὸς,
2435 5340 2537 5389 οὐκ
2560 5333 2777 5401 ἔξωθεν,
2802 5335 2908 5387 οὐδ’
2932 5336 3185 5393 ἐπακτὸν,
3221 5331 3342 5384 οὒτε
3386 5328 3490 5399 μὴν
3544 5327 3673 5396 παρ’
3714 5324 3832 5377 ἑτέ-

2263 5446 2353 5499 ρου
2380 5429 2529 5481 δοτδν
2551 5428 2611 5481 τὸ
2635 5428 3034 5495 καταφωτίςειν
3073 5423 3328 5479 δύνασθαι
3362 5419 3563 5490 λαχὼνο
3596 5418 3712 5471 ἀλλ’
3734 5416 3834 5469 αὑ-

2259 5519 2349 5582 τὸς
2381 5519 2521 5573 κατὰ
2552 5518 2712 5588 φύσιν
2738 5520 2996 5591 ὑπάρχων
3037 5517 3167 5585 φῶς
3217 5513 3478 5583 μεθεκτόν
3510 5528 3570 5580 γε
3607 5508 3712 5579 μὴν
3773 5507 3833 5557 έν
