4092 6202
575 291 649 348 65
1542 277 1601 332 S.
1643 274 1924 331 CYltlLLl
1966 267 2442 328 ΑιΕΧΑΝυῐιιΝι
2482 265 2806 326 ΑἰῖίέΙΙΙΕΡ.
3749 258 3821 315 64

558 411 662 449 tms
691 395 850 450 etiam
877 396 956 450 sic
978 395 1166 450 tardus
1199 403 1284 449 est
1315 395 1381 446 ad
1417 393 1766 463 percipienda
1791 408 1912 462 quae
1945 403 2130 446 osten-

2238 391 2492 462 τάσματα
2559 390 2887 458 Ἐγήγερται
2919 385 2984 453 δὴ
3013 380 3106 438 οὖν
3147 384 3175 436 ό
3199 382 3488 451 προφήτης
3527 379 3608 442 είς
3634 377 3821 448 νῆψιν,

557 489 778 541 duntttr.
810 487 1016 542 ldcirco
1070 485 1370 554 iustissime
1404 496 1779 554 percontatur.
1812 493 1867 538 et
1913 497 1978 537 ea
2026 497 2127 535 an-

557 579 676 647 gelo
742 580 1048 632 declarante
1103 591 1436 645 cognoscere
1495 576 1651 643 petit.
1717 574 1956 643 Angelus
2008 587 2130 626 eum

559 670 766 724 nescire
795 669 1006 722 illorum
1044 667 1495 737 signiﬁcationem
1525 664 1915 733 prOpemodum
1948 663 2134 716 obstu-

559 759 752 826 pescit,
799 768 854 813 et
902 773 1026 812 num
1069 772 1197 811 vere
1245 755 1456 809 nesciat
1502 755 1818 819 interrogat.
1866 750 2130 818 Propheta

559 852 914 918 ignorantiam
957 859 1144 917 aperte
1191 849 1488 902 conﬁtente
1521 853 1576 898 et
1621 843 1930 896 tarditatem
1977 856 2130 895 suam

561 959 664 993 non
699 943 1077 1002 erubescente,
1120 939 1509 994 obscuritatem
1555 934 1655 988 visi
1705 933 1962 1000 deinceps
1991 945 2130 984 euu-

559 1035 733 1100 t-lcat;
787 1044 874 1096 et,
923 1041 1181 1100 tanquam
1217 1045 1282 1083 ex
1336 1026 1572 1097 imagine
1625 1022 1912 1078 manifesta
1978 1029 2032 1075 et
2079 1019 2131 1072 in

558 1125 731 1178 oculis
763 1124 1092 1185 incurrente,
1125 1135 1345 1190 scopum
1379 1119 1432 1171 iu
1473 1133 1534 1172 ea
1566 1116 1819 1170 latentem
1858 1111 2129 1179 extllanat.

564 1216 738 1282 lnquit
765 1213 909 1267 enim
943 1231 956 1266 :
992 1231 1010 1262 ι
1047 1212 1141 1265 llic
1168 1221 1250 1264 est
1273 1224 1452 1263 sermo
1478 1206 1687 1261 Domini
1716 1207 1782 1257 ad
1813 1199 2130 1266 Zurobabel,

561 1306 746 1356 direns
779 1321 792 1356 :
828 1303 941 1356 Non
972 1303 1024 1355 in
1054 1301 1376 1354 fortitudine
1426 1313 1644 1364 magna,
1674 1310 1774 1349 nec
1816 1295 1870 1346 in
1917 1292 2130 1358 robore,

562 1396 654 1446 sed
703 1396 753 1446 in
803 1393 1005 1461 Spiritu
1048 1407 1191 1456 meo,
1238 1391 1371 1444 dicit
1399 1388 1661 1442 Dominus
1709 1383 2076 1452 omnipotens.
2107 1399 2128 1434 ι

561 1483 790 1537 I‘ut'itttlc
820 1484 1052 1536 fortasse
1091 1497 1154 1537 ac
1197 1481 1244 1536 si
1288 1480 1456 1543 dicat,
1493 1476 1676 1533 omnia
1720 1475 1840 1531 haec
1867 1475 2006 1537 visa,
2038 1470 2136 1525 alio

561 1577 775 1638 quando
815 1573 973 1626 tinem
1015 1589 1170 1628 suum
1217 1579 1560 1634 assecutura,
1601 1583 1705 1622 non
1756 1569 1986 1620 humana
2019 1565 2134 1618 vir-

563 1675 673 1717 Iule
719 1665 1111 1729 administrata,
1150 1677 1251 1717 nec
1294 1662 1349 1716 in
1395 1660 1590 1714 robore
1629 1655 1920 1726 corporali,
1953 1655 2046 1710 sed
2081 1655 2133 1707 in

2234 480 2369 534 ἀλλὰ
2405 480 2496 532 καὶ
2526 477 2698 540 οὕτως
2721 475 2882 545 ἔχων,
2917 473 3070 527 οὐδὲν
3109 467 3274 544 ἧττόν
3298 471 3416 521 ἐστι
3443 467 3642 538 βραδὺς
3687 465 3823 536 πρός

2233 586 2298 637 γε
2330 569 2390 620 τὸ
2413 565 2691 630 δύνασθαι,
2717 581 2790 633 φη
2800 564 2882 633 μὶ,
2911 561 3155 614 συνιέναι
3175 560 3243 614 τὰ
3294 555 3652 626 δεικνύμενα.
3679 553 3824 607 Ταύ-

2233 675 2404 728 τῃτοι,
2428 657 2520 710 καὶ
2554 655 2697 725 μάλα
2719 653 2966 715 εἰκότως,
2999 647 3436 704 ἀναπυνθάνεται
3459 664 3525 700 τε
3557 645 3653 698 καὶ
3682 645 3823 710 ἀξιοῖ

2236 750 2430 818 μαθεῖν
2457 747 2607 818 παρά
2656 745 2749 798 τοῦ
2777 742 3165 812 διασαφοῦντος
3215 738 3470 807 ἀγγέλου.
3537 736 3597 790 '0
3641 735 3698 790 δὲ
3738 736 3821 789 ὅτι

2233 841 2294 892 ού
2348 839 2545 908 συνῆκε
2593 833 2880 906 μονονουχὶ
2931 829 3278 898 κατατέθηπέ
3307 845 3445 891 πως,
3494 825 3606 879 καὶο
3645 825 3696 876 εί
3743 823 3820 895 μὴ

2233 930 2449 1000 άληθῶς
2481 928 2644 997 εἰδείη
2670 924 2920 995 διερωτᾷ.
2952 921 3059 974 Τοῦ
3113 921 3172 972 δὲ
3205 917 3503 990 διαρρήδην
3539 914 3822 985 ὡμολογη-

2234 1024 2390 1084 κότος
2419 1021 2514 1090 τὴν
2566 1020 2807 1086 ἄγνοιαν,
2848 1014 2942 1068 καὶ
2981 1013 3043 1065 τὸ
3097 1009 3373 1078 δυσμαθές
3419 1008 3521 1060 οὐκ
3567 1009 3823 1074 αἰσχυνο⁹

2239 1117 2423 1187 μένου,
2449 1111 2868 1167 καταλευκαίνει
2889 1107 3076 1161 λοιπὸν
3127 1105 3188 1157 τὸ
3217 1105 3284 1156 ὲκ
3341 1103 3440 1172 τῆς
3467 1100 3709 1171 ὁράσεως
3735 1096 3842 1166 ατο,

2235 1224 2427 1278 νιγμα,
2473 1205 2567 1258 καὶ
2596 1200 2707 1257 οἷον
2741 1200 2817 1264 ὡς
2844 1200 2907 1263 ἐξ
2934 1197 3141 1259 είκόνος
3169 1192 3448 1264 ἐμφανοῦς
3471 1209 3532 1244 τε
3573 1191 3823 1257 καῗόρω-

2237 1277 2405 1371 μένης
2430 1297 2522 1350 τὸν
2543 1295 2600 1349 ὲν
2624 1295 2761 1363 αὐτῇ
2797 1289 3102 1360 λεληθότως
3125 1285 3443 1355 ἐγκείμενον
3472 1277 3821 1352 διερμηνεύει

2237 1390 2458 1446 σκοπόν.
2500 1407 2518 1438 ι
2561 1382 2731 1448 Οὗτος
2753 1384 2883 1453 γὰρ,
2915 1381 3115 1450 φησὶν,
3170 1379 3201 1430 ό
3241 1376 3399 1444 λόγος
3429 1373 3636 1444 Κυρίου
3682 1373 3820 1441 πρὺς

2235 1479 2557 1553 Ζοροϐάϐελ,
2596 1476 2790 1543 λέγων·
2845 1474 2957 1526 Οὐκ
2985 1474 3044 1524 ὲν
3075 1468 3302 1538 δυνάμει
3346 1465 3581 1537 μεγάλῃ,
3614 1462 3734 1515 οὐδὲ
3758 1463 3820 1515 tv

2239 1552 2406 1639 ίσχύῖ,
2460 1565 2657 1620 ἁλλ’ὲν
2709 1559 2990 1631 Πνεύματί
3037 1575 3177 1629 μου,
3229 1556 3379 1624 λέγει
3440 1552 3644 1622 Κύριος
3683 1566 3821 1602 παν-

2235 1660 2540 1731 τοκράτωρ.
2575 1675 2595 1708 ι
2629 1656 2852 1724 Ὅμοιον
2877 1653 2950 1715 ὼς
2992 1653 3041 1704 εί
3080 1650 3226 1717 λέγοι
3277 1645 3461 1716 τυχὸν,
3491 1645 3576 1697 ὅτι
3637 1643 3821 1696 πάντα

562 1756 758 1809 virtute
789 1753 1024 1822 Spiritus
1052 1755 1251 1818 sancti,
1283 1762 1337 1807 et
1368 1761 1428 1806 ut
1453 1766 1520 1806 ex
1545 1750 1728 1805 divino
1753 1756 1906 1801 mttu.
1935 1744 2132 1801 Factus

2238 1751 2403 1805 ταῦτα
2427 1749 2496 1802 τὰ
2523 1746 2773 1818 ὁρώμενα
2799 1746 2879 1807 είς
2907 1743 3081 1814 πέρας
3117 1739 3236 1811 ἥξει
3271 1736 3417 1791 κατὰ
3448 1735 3696 1806 καιροὺς,
3721 1733 3825 1786 οὒκ

563 1857 645 1898 est
715 1846 980 1914 siquidem
1055 1845 1216 1899 homo
1267 1842 1440 1897 nostri
1496 1839 1694 1895 similis
1747 1837 2127 1905 Unigeuitus:

561 1945 930 1989 verumtamen
966 1948 1072 1990 non
1102 1932 1322 1987 bellavit
1344 1928 1612 2000 corporali
1645 1928 1825 1990 modo,
1859 1935 1920 1980 ut
1954 1924 2133 1980 Eccle-

560 2030 696 2081 siam
730 2027 880 2093 quasi
917 2025 1183 2094 quoddam
1209 2021 1598 2080 candelabrum
1629 2017 1832 2072 mundo
1857 2015 2128 2083 erigeret:

563 2131 737 2184 Itrqtte
767 2116 998 2183 sumptis
1023 2115 1194 2168 armis
1218 2125 1434 2166 sensum
1466 2107 1833 2176 tangentibus,
1859 2113 1914 2158 et
1935 2102 2131 2158 cohor-

562 2209 703 2260 tibus
728 2207 996 2260 bellicosis
1019 2207 1156 2258 duos
1185 2201 1412 2272 populos
1447 2198 1547 2254 sibi
1581 2195 1847 2264 adiunxit,
1878 2203 1972 2248 aut
1999 2194 2136 2248 duas

562 2298 812 2350 lucernas
850 2295 1031 2348 animo
1074 2290 1432 2362 aspectabiles
1477 2287 1804 2344 candelabro
1853 2284 2132 2353 imposuit,

561 2390 654 2440 sed
694 2388 746 2440 in
785 2389 978 2440 robore
1025 2385 1263 2454 Spiritus
1292 2379 1466 2437 sancti
1522 2377 1730 2433 creavit
1772 2376 1824 2431 in
1873 2373 2136 2432 Ecclesiis

561 2482 794 2548 primum
836 2477 1132 2546 apostolos,
1166 2474 1359 2530 deinde
1401 2471 1718 2540 prophetas,
1771 2475 1826 2522 et
1854 2463 2134 2534 evangeli-

559 2581 694 2629 stas.
717 2579 772 2623 et
804 2569 1073 2637 reliquum
1105 2581 1319 2621 omnem
1348 2571 1658 2618 sanctorum
1685 2567 1908 2621 costum,
1939 2555 2136 2612 divinis

559 2659 981 2713 charismatibus
1009 2672 1103 2711 eos
1139 2655 1388 2724 implens,
1418 2662 1473 2707 et
1530 2649 1847 2719 irrigatione
1901 2645 2138 2714 Spiritus

563 2753 792 2805 ubertim
828 2749 1232 2819 pingttelacictts
1255 2746 1320 2801 ⁸³.
1354 2745 1539 2811 Itaque
1584 2757 1688 2798 non
1725 2741 1779 2794 iu
1820 2736 2138 2794 fortitudine

565 2859 780 2912 magna,
815 2858 915 2896 nec
947 2844 997 2896 itt
1037 2843 1230 2896 robore
1253 2838 1481 2903 carnali,
1517 2835 1610 2891 sed
1646 2835 1699 2888 in
1732 2833 1932 2888 virtute
1961 2829 2137 2900 Spiri-

567 2948 652 2989 tus
697 2954 725 2988 a
771 2936 990 2989 Christo
1038 2933 1302 3003 spoliatus
1351 2940 1438 2986 est
1478 2928 1732 2991 Satanas,
1781 2938 1904 2980 cum
1937 2937 2044 2994 quo
2083 2929 2140 2976 et

563 3027 868 3081 adversaria
881 3043 997 3080 rum
1044 3033 1370 3095 potestatum
1390 3019 1531 3090 globi
1565 3018 1901 3082 ceciderunt,
1929 3013 2137 3069 vocati-

565 3135 669 3186 que
716 3128 840 3172 sunt
881 3119 952 3170 ad
996 3117 1323 3185 agnitionem
1377 3112 1468 3167 Dei
1501 3127 1595 3180 per
1629 3111 1786 3164 [idem
1835 3117 1891 3162 et
1927 3105 2019 3175 qui
2069 3121 2138 3160 ex

565 3212 754 3277 Israel,
794 3221 847 3264 et
897 3210 986 3278 qui
1022 3208 1315 3277 aliquando
1363 3223 1382 3256 ι
1416 3213 1679 3258 creaturae
1714 3200 1892 3270 potius
1937 3196 2139 3251 servie-

578 3316 697 3358 rant
748 3320 904 3372 quam
935 3299 1179 3355 Creatori
1204 3299 1269 3356 εδ.
1305 3316 1324 3348 ι
1374 3294 1637 3350 Exhibitus
1685 3299 1812 3346 sunt
1853 3288 2014 3343 etiam
2083 3285 2138 3340 in

567 3396 657 3449 Ect
680 3397 824 3448 Irsiis
869 3395 1121 3453 lucernae,
1163 3391 1213 3444 id
1243 3399 1324 3444 est
1376 3385 1573 3448 sancti,
1605 3399 1707 3439 una
1737 3382 1982 3436 lucentes
2015 3393 2140 3433 cum

565 3488 836 3557 lampade,
885 3484 1125 3546 Christo,
1183 3483 1419 3548 inquam.
1468 3475 1710 3530 Fuerunt
1763 3486 2018 3540 namque,
2083 3479 2140 3522 ut

565 3578 782 3644 quident
815 3583 894 3630 est
934 3576 1072 3642 apud
1100 3569 1558 3641 sapientissimum
1615 3564 1860 3628 Paulum,
1916 3579 1937 3614 ι
1967 3561 2132 3616 lumi-

569 3669 719 3720 naria
784 3668 835 3720 itt
893 3667 1116 3728 mundo,
1177 3665 1401 3716 verbum
1461 3660 1582 3714 vitae
1649 3658 1990 3712 continentes
2013 3653 2079 3706 ".
2116 3670 2134 3703 ι

567 3760 722 3823 Quod
774 3767 952 3810 autem
1014 3753 1326 3808 Emmanuel
1387 3766 1492 3804 non
1542 3764 1724 3812 manu,
1769 3762 1861 3801 seu
1903 3745 2138 3815 polentia

570 3850 828 3908 humana,
871 3846 964 3898 sed
1018 3844 1222 3898 viribus
1263 3841 1378 3897 suis
1411 3849 1663 3908 tanqttam
1701 3838 1842 3891 Deus
1883 3838 2140 3891 mundum

570 3937 881 3999 salvat-erit,
932 3944 1157 3990 testatus
1185 3942 1267 3988 est
1314 3941 1368 3986 et
1407 3947 1502 4000 per
1532 3930 1748 3993 Oscam,
1799 3927 1940 3996 apud
1980 3942 2140 3996 quem

572 4029 674 4082 ista
722 4027 972 4097 leguntur
1007 4042 1022 4079 :
1060 4041 1078 4074 ι
1113 4022 1366 4076 Filiorum
1412 4028 1590 4073 autem
1638 4015 1776 4071 Juda
1819 4016 2140 4080 miserebor,

570 4129 624 4173 et
649 4118 866 4172 salvabo
905 4131 998 4170 eos
1045 4115 1098 4166 in
1135 4111 1360 4166 Domino
1398 4111 1508 4164 Deo
1537 4125 1659 4176 suo,
1691 4119 1746 4165 et
1791 4125 1896 4165 non
1924 4109 2143 4164 salvabo

573 4225 667 4265 eos
694 4211 746 4262 in
782 4224 934 4272 arcu,
974 4219 1153 4274 neque
1185 4205 1237 4258 in
1267 4203 1463 4273 gladio,
1492 4219 1668 4272 neque
1704 4203 1755 4258 in
1783 4203 1943 4265 bello,
1970 4216 2145 4271 neque

573 4301 628 4356 iu
660 4299 930 4363 curribus,
978 4309 1154 4365 neque
1185 4296 1236 4350 in
1283 4293 1457 4364 equis,
1493 4308 1666 4364 neque
1698 4293 1751 4348 in
1790 4293 2085 4364 equitibus.
2119 4310 2139 4344 ι

575 4388 1087 4445 Peraccommodate
1142 4396 1322 4441 autem
1394 4387 1617 4440 verbum
1669 4385 1868 4440 factum
1937 4392 2023 4440 est
2078 4383 2145 4438 ad

575 4482 872 4537 Zorohabel
893 4480 1061 4552 686
1087 4480 1152 4534 de
1183 4479 1324 4533 tribu
1354 4477 1492 4532 Juda
1514 4491 1685 4546 genus
1711 4477 2021 4538 ducentem,
2053 4473 2145 4543 qui

575 4576 626 4628 id
673 4574 932 4642 temporis
977 4575 1159 4627 sedem
1208 4569 1356 4640 regni
1409 4566 1802 4636 Hierosolymis
1841 4566 2144 4620 obtinebat.

578 4665 786 4718 Etenim
827 4682 892 4720 ne
926 4664 1062 4717 adeo
1097 4662 1397 4730 insignibus
1422 4656 1868 4724 admirandisque
1890 4656 2146 4724 operibus

575 4756 680 4807 sibi
706 4754 1081 4822 prmuuutiatis
1105 4751 1504 4820 expeditionem
1531 4748 1818 4816 aliquando
1841 4747 2136 4814 suscipien-

2216 1844 2549 1916 νάνθρωπείᾳ
2571 1842 2794 1910 δυνάμει
2821 1835 3254 1908 κατορθούμενα,
3292 1830 3415 1885 οὒτε
3451 1829 3556 1900 μὴν
3583 1829 3639 1880 tv
3677 1825 3827 1894 ἰσχύϊ

2236 1939 2494 2007 σαρκικῇ,
2523 1933 2636 1988 ἀλλ’
2665 1934 2722 1984 tv
2772 1931 3001 1998 δυνάμει
3057 1923 3374 1995 Πνεύματος
3407 1922 3592 1989 ἁγίου,
3632 1919 3727 1971 καὶ
3744 1918 3822 1980 ὡς

2235 2027 2300 2079 ὲκ
2327 2024 2483 2077 θείων
2521 2021 2917 2091 διανευμάτων.
2959 2017 3155 2086 Γέγονε
3215 2014 3312 2085 μὲν
3369 2011 3476 2082 γὰρ
3522 2009 3620 2063 ἄνθ
3638 2024 3824 2080 ρωπος

2235 2115 2357 2172 καθ’
2383 2116 2530 2186 ἡμᾶς
2557 2115 2585 2166 ὁ
2616 2111 2948 2181 Μονογενής·
2980 2107 3117 2179 πλὴν
3139 2106 3198 2160 ού
3249 2102 3605 2173 πεπολέμηκε
3630 2115 3823 2165 σαρκι-

2236 2207 2369 2271 κῶς,
2402 2208 2492 2259 ἴνα
2527 2203 2779 2274 καθάπερ
2801 2202 2924 2256 τινά
2969 2197 3192 2270 λυχνίαν
3217 2196 3506 2266 ἀναστήσῃ
3527 2192 3606 2262 τῷ
3633 2191 3822 2260 κόσμῳ

2233 2299 2332 2369 τὴν
2365 2295 2711 2365 Ἐκκλησίαν·
2751 2293 2850 2362 οὐχ
2876 2290 3018 2346 ὅπλα
3050 2290 3282 2359 κινήσας
3309 2284 3567 2355 αἰσθητὰ,
3595 2283 3689 2335 καὶ
3722 2298 3824 2350 μα-

2236 2390 2414 2461 χίμων
2433 2386 2721 2457 φάλαγγας
2749 2382 3088 2454 παρέστησεν
3113 2377 3291 2448 ἑαυτῷ
3316 2378 3444 2438 τοὺς
3472 2375 3565 2427 δύο
3581 2370 3820 2442 λαοὺς,ἢ

2236 2481 2366 2543 τοὺς
2381 2478 2608 2550 λύχνους
2631 2476 2756 2539 τοὺς
2787 2475 3012 2545 νοητοὺς
3065 2470 3303 2540 ἐπέθηκε
3362 2469 3427 2538 τῇ
3464 2463 3674 2535 λυχνίᾳ,
3706 2461 3824 2515 ἀλλ’

2237 2572 2296 2626 tv
2327 2571 2473 2641 ἰσχύϊ
2506 2567 2823 2638 Πνεύματος
2873 2565 3033 2634 ἁγίου
3088 2561 3536 2633 κεχειροτόνηκεν
3593 2557 3651 2608 ἐν
3701 2555 3822 2617 ταῖς

2251 2660 2598 2732 Ἐκκλησίαις
2625 2658 2845 2730 πρῶτον
2890 2655 3246 2719 ἀποστόλους,
3298 2650 3548 2720 δεύτερον
3605 2647 3823 2718 προφή-

2237 2777 2340 2824 τας
2387 2760 2484 2814 καὶ
2523 2755 2940 2828 εὐαγγελιστάς,
2996 2753 3090 2808 καὶ
3117 2752 3216 2823 τὴν
3259 2750 3425 2819 ἄλλην
3449 2748 3666 2801 ἃπασαν
3711 2742 3822 2797 τῶν

2241 2853 2411 2922 ἁγίων
2437 2853 2730 2923 ὁμήγυριν,
2762 2848 2920 2902 θείων
2941 2845 3139 2908 αὐτοὺς
3191 2840 3546 2912 χαρισμάτων
3581 2837 3825 2905 ἀναπιμ-

2243 2942 2406 3006 stag,
2453 2941 2550 2994 καὶ
2592 2942 2660 3010 τῇ
2712 2936 2807 2990 τοῦ
2849 2934 3166 3005 Πνεύματος
3225 2930 3382 3001 χύσει
3442 2925 3824 2979 καταπιαίνων

2164 3063 2209 3123 C
2243 3031 2534 3092 πλουσίως.
2559 3027 2768 3082 Οὐκοῦν
2791 3025 2892 3078 οὐκ
2937 3025 2996 3076 tv
3029 3021 3258 3086 δυνάμει
3303 3015 3534 3087 μεγάλῃ.
3597 3013 3718 3066 οὐδὲ
3767 3015 3826 3066 ὲν

2250 3122 2395 3194 ίσχύῖ
2415 3123 2481 3192 τῆ
2514 3119 2749 3190 σαρκικῇ
2785 3114 2937 3186 παρὰ
2967 3110 3225 3185 Χριστοῦ,
3259 3109 3372 3163 ἀλλ’
3399 3107 3474 3169 ὡς
3507 3107 3564 3158 tv
3592 3105 3824 3173 δυνάμει

2245 3212 2564 3283 Πνεύματος
2593 3206 2911 3262 ὲσκυλεύετο
2940 3203 3038 3276 μὲν
3060 3203 3087 3254 ό
3115 3201 3376 3261 Σατανᾶς,
3401 3197 3628 3251 ἔπιπτον
3649 3195 3707 3248 δὲ
3729 3195 3826 3247 σὺν

2247 3303 2396 3373 αὐτῷ
2424 3301 2521 3356 καὶ
2547 3298 2618 3353 τὰ
2640 3297 2750 3352 τῶν
2776 3293 3168 3365 ἀντικειμένων
3189 3292 3470 3361 δυνάμεων
3506 3289 3692 3358 στίφη,
3729 3287 3826 3340 καὶ

2247 3393 2539 3448 ἐκαλοῦντο
2568 3389 2705 3460 πρὸς
2761 3385 3091 3454 θεογνωσίαν
3137 3382 3226 3436 διὰ
3278 3383 3376 3452 τῆς
3404 3380 3660 3440 πίστεως,
3689 3377 3740 3430 οἵ
3765 3394 3826 3430 τι

2246 3481 2309 3546 ἐξ
2373 3477 2589 3550 Ἰσραὴλ
2656 3477 2752 3530 καὶ
2808 3475 2858 3528 οἱ
2912 3473 3080 3532 πάλαι
3130 3491 3149 3522 ι
3181 3473 3250 3540 τῇ
3306 3469 3479 3522 κτίσει
3539 3466 3691 3536 παρὰ
3735 3465 3827 3518 τὸν

2249 3574 2474 3642 κτίστην
2522 3568 2961 3639 λελατρευκότες.
3002 3585 3022 3616 ι
3075 3562 3474 3616 Ἀνεδείκνυντο
3525 3559 3581 3612 δὲ
3635 3559 3728 3611 καὶ
3767 3559 3826 3610 ὲν

2247 3667 2367 3728 ταῖς
2410 3659 2761 3732 Ἐκκλησίαις
2826 3659 2876 3710 oi
2926 3654 3134 3725 λύχνοι,
3175 3651 3488 3712 τουτέστιν,
3544 3649 3593 3700 οἱ
3643 3647 3826 3713 ἅγιοι,

2251 3753 2719 3824 συνεκλάμιποντες
2769 3748 2847 3818 τῷ
2894 3745 3210 3817 λαμπαδίῳ,
3251 3742 3394 3810 φημὶ
3443 3740 3528 3809 δὴ,
3567 3737 3826 3809 Χριστῷ.

2249 3848 2509 3914 Γεγόνασι
2530 3843 2658 3913 γὰρ,
2688 3841 2763 3904 ὡς
2799 3839 2930 3907 γοῦν
2980 3839 3008 3891 ὁ
3078 3835 3384 3904 σοφώτατος
3428 3830 3628 3901 γράφει
3679 3828 3826 3882 Παῦ-

2249 3936 2360 3998 λος,
2401 3953 2419 3985 ι
2460 3933 2743 4002 φωστῆρες
2770 3931 2827 3982 tv
2856 3928 3064 3996 κόσμῳ,
3113 3925 3269 3991 λόγον
3299 3921 3442 3989 ζωῆς
3475 3919 3781 3986 ἐπέχοντες.
3803 3936 3821 3967 ο

2253 4028 2377 4080 Ὅτι
2407 4025 2463 4077 δὲ
2491 4023 2590 4076 οὐκ
2616 4021 2712 4074 ἀνθ
2723 4018 2931 4090 ρωπείᾳ
2948 4016 3093 4086 χειρὶ
3116 4014 3322 4066 σέσωκε
3344 4012 3438 4082 τὴν
3469 4010 3558 4063 ὑπ’
3580 4009 3828 4079 οὐρανὸν,

2250 4118 2365 4172 ἀλλ’
2393 4115 2548 4177 ἰδίαις
2575 4112 2868 4182 δυνάμεσιν
2895 4109 2970 4173 ὡς
2995 4108 3126 4170 Θεὸς
3143 4109 3172 4160 ὁ
3194 4101 3560 4174 Ἑμμανουὴλ,
3605 4099 3830 4170 διεμαρ-

2251 4206 2452 4278 τύρατο
2515 4202 2690 4270 λέγων
2747 4200 2841 4253 καὶ
2892 4197 2981 4250 διὰ
3036 4197 3221 4268 φωνῆς
3271 4191 3451 4262 Ὠσηέ.
3505 4190 3659 4259 Ἔχει
3719 4189 3831 4258 γὰρ

2251 4306 2414 4360 οὕτω·
2451 4321 2472 4353 ε
2510 4303 2652 4364 Τοὺς
2678 4299 2736 4352 δὲ
2770 4299 2921 4361 υἱοὺς
2968 4296 3137 4350 Ἰούδα
3161 4293 3388 4363 ἑλεήσω,
3415 4288 3511 4356 καὶ
3559 4286 3719 4340 σώσω
3743 4287 3832 4340 αύ-

2179 4419 2228 4478 D
2253 4397 2379 4459 τοὺς
2411 4393 2470 4446 ὲν
2501 4391 2692 4462 Κυρίῳ
2730 4387 2849 4458 Θεῷ
2877 4385 3075 4447 αὐτῶν,
3102 4383 3199 4436 καὶ
3239 4381 3300 4434 ού
3343 4377 3503 4431 σώσω
3533 4378 3735 4441 αὐτοὺς
3770 4379 3831 4431 tv

2253 4485 2415 4555 τόξῳ,
2468 4480 2592 4535 οὔτε
2649 4482 2707 4532 ἐν
2756 4476 3027 4548 ῥομφαίᾳ,
3074 4472 3200 4526 οὔτε
3243 4473 3301 4525 tv
3334 4469 3578 4538 πολέμῳ,
3608 4468 3730 4523 οὐδὲ
3772 4468 3835 4522 ἐν

2255 4554 2516 4646 ἅρμασιν,
2538 4571 2659 4624 οὐδὲ
2687 4571 2744 4622 tv
2775 4569 2996 4629 ἵπποις,
3047 4564 3168 4618 οὐδὲ
3209 4564 3266 4616 ἰν
3305 4560 3578 4615 ἱππεῦσιν.
3618 4578 3637 4610 ι
3675 4554 3746 4612 Εὖ
3777 4557 3836 4611 δὲ

2251 4666 2316 4734 δὴ
2342 4664 2547 4733 σφόδρα
2581 4660 2716 4732 πρὸς
2745 4655 3051 4729 Ζοροῦάὸελ
3101 4656 3129 4707 ό
3159 4653 3314 4721 λόγος
3333 4647 3422 4723 ῆν,
3446 4651 3537 4704 τὸν
3560 4651 3619 4717 ἐξ
3666 4649 3837 4703 Ἰούδα

2253 4756 2450 4826 φυλῆς,
2494 4754 2745 4807 διέποντα
2789 4750 2850 4802 τὸ
2899 4746 3203 4818 τηνικαῦτα
3235 4745 3361 4806 τοὺς
3419 4744 3520 4812 τῆς
3562 4739 3838 4812 βασιλείας

576 4849 721 4905 dam,
753 4853 807 4897 et
841 4843 1029 4912 proelia
1069 4841 1314 4895 facienda
1339 4841 1717 4902 arbitraretur,
1744 4839 1810 4891 ab
1844 4837 2137 4903 bujusmodl

2257 4845 2467 4908 θώκους
2508 4847 2566 4897 ὲν
2606 4841 2982 4913 Ἰερουσαλήμ.
3011 4839 3129 4892 Ἵνα
3152 4836 3263 4908 γάρ
3294 4835 3368 4906 μὴ
3399 4833 3508 4888 τῶν
3533 4832 3674 4886 οὕτω
3696 4829 3838 4898 λαμ-

581 4935 787 4988 ftivulis
837 4943 890 4986 et
933 4931 1182 4986 humanis
1238 4929 1659 4996 cogitationibus
1705 4943 1828 4982 eum
1875 4929 2137 4982 deterren-

2259 4934 2415 5003 πρῶν
2474 4933 2568 4987 καὶ
2615 4931 2962 4998 ἀξια-τάττων
3014 4925 3459 4998 κατορθωμάτων
3522 4919 3669 4988 αύτῷ
3701 4936 3836 4987 προ·

579 5027 704 5078 dum
741 5023 969 5092 putavit,
1001 5022 1284 5088 potiusque
1330 5017 1733 5086 sentircjussit,
1767 5017 2002 5072 divinam
2041 5016 2137 5071 elIi‘

2257 5023 2695 5096 απηγγελμένων
2725 5019 2994 5088 πολέμους
3027 5019 3213 5081 οἴοιτο,
3254 5017 3348 5070 καὶ
3389 5013 3565 5084 μάχας
3596 5024 3835 5078 συγκρο-

581 5117 886 5180 racitatem,
920 5123 973 5168 et
1007 5112 1314 5166 facultatem
1343 5126 1448 5165 non
1479 5111 1792 5172 ltumauam,
1824 5111 1916 5163 sed
1948 5107 2137 5162 Chriin

2258 5113 2590 5186 τηοήσεσθαι
2637 5109 2778 5164 κατὰ
2806 5109 3053 5174 καιροὺς,
3084 5107 3358 5175 ἐξίστησιν
3391 5096 3706 5165 ἀναγκαίως
3737 5097 3838 5149 αύ-

585 5209 708 5260 talia
746 5205 1014 5260 molientis
1041 5219 1184 5258 esse.
1231 5202 1572 5257 Meminimus
1618 5216 1778 5270 porro
1810 5215 1908 5254 nos
1948 5200 2137 5254 dicere,

2259 5205 2352 5257 τὸν
2408 5203 2515 5255 τῶν
2566 5200 2708 5254 οὕτω
2752 5197 2967 5268 σαθρῶν
3019 5198 3115 5252 καὶ
3164 5192 3518 5265 ἀνθρωπίνων
3573 5188 3833 5251 ἐννοιῶν,

583 5311 638 5354 et
675 5302 848 5370 ipsum
883 5296 1292 5360 Zorobahelem,
1333 5305 1386 5348 ιιι
1428 5309 1492 5349 ex
1545 5279 1691 5348 tribu
1722 5292 1860 5348 Juda
1902 5305 2137 5360 procrea-

2263 5293 2562 5349 διακεῖσθαι
2592 5291 2649 5344 δὲ
2677 5289 2878 5360 μᾶλλον
2928 5289 3312 5359 προστέταχεν,
3340 5284 3419 5336 ὅτι
3451 5279 3764 5350 θεοπρεπὴς
3799 5281 3836 5347 ἡ

589 5403 700 5444 tmn
750 5403 805 5446 et
865 5406 1078 5461 regem,
1127 5387 1438 5456 significare
1497 5385 1808 5448 Christum,
1868 5382 2137 5449 cuujunctt

2263 5379 2534 5448 ἐνέργεια,
2570 5379 2723 5447 καὶὴ
2759 5376 2988 5446 δύναμις
3033 5378 3132 5429 οὐκ
3155 5369 3488 5443 ἀνθρωπίνη,
3520 5368 3614 5422 τοῦ
3651 5368 3839 5421 Stase-

591 5485 753 5538 etiam
782 5482 910 5538 Jesu
927 5455 1054 5538 'ﬁlio
1090 5455 1339 5545 Josedec,
1388 5487 1446 5533 ut.
1490 5477 1735 5532 simulet
1788 5475 1843 5529 in
1896 5491 1996 5528 una
2035 5487 2137 5541 per

2267 5469 2542 5540 ραίνοντος
2573 5468 2644 5522 τά
2669 5467 2843 5522 τοιάδε
2867 5464 3124 5537 Χριστοῦ.
3155 5456 3496 5532 Μεμνήμεθα
3520 5455 3598 5524 δὲ,
3633 5457 3716 5509 ὅτι
3741 5457 3836 5510 καὶ

665 5657 711 5686 ’³
744 5652 912 5708 iCor.
943 5670 1039 5719 xu,
1063 5654 1152 5707 28.
1230 5655 1274 5687 "'
1301 5657 1454 5710 ltom.
1490 5669 1527 5719 ι,
1551 5652 1639 5706 23.
1718 5651 1762 5681 ’⁸
1792 5649 2022 5720 Philipp.
2059 5662 2116 5713 tt,
2151 5645 2231 5701 16.
