4092 6202
330 244 397 301 65

1170 249 1713 311 COMMENTARIUS
1751 255 1818 312 IN
1859 257 2255 316 ZACHARIAM
2293 261 2732 323 PROPHETAM.

3511 284 3579 341 66

328 358 491 413 αὑτὸν
511 358 603 410 τὸν
630 358 936 429 Ζοροϐάϐελ
974 361 1050 424 ὡς
1073 364 1136 415 ὲκ
1166 365 1338 435 φυλῆς
1376 366 1540 421 ’ἰούδα
1560 407 1575 431 ,
1628 371 1720 425 καὶ
1758 371 1868 441 βασι

1952 381 1972 435 ι
2005 388 2133 428 sona
2168 376 2480 434 Emmanuel
2508 394 2564 439 et
2601 396 2694 435 rex
2741 390 2794 436 et
2836 398 3076 443 summus
3106 393 3360 450 sacerdos
3414 398 3576 451 intel-

326 449 421 503 λέα
455 449 795 520 παραδηλοῦν
840 452 1101 522 ἐλέγομεν
1143 456 1227 523 ἐφ’
1280 456 1459 527 ἑαυτῷ
1508 459 1600 513 τὸν
1640 462 1893 532 Χριστὸν,

2005 466 2221 535 ligatur.

322 543 669 612 συνημμένου
696 543 753 597 δὲ
791 545 886 598 καὶ
926 546 1101 614 Ἰησοῦ
1131 546 1223 600 τοῦ
1279 549 1543 619 Ἰωσεδὲκ,
1601 555 1667 608 ἶν’
1699 558 1756 610 ὲν
1814 558 2000 628 ταυτῷ
2065 564 2236 615 νοοῖτο
2285 562 2538 632 βασιλεύς
2591 585 2649 620 τε
2699 568 2816 638 ἅμα
2880 574 2972 626 καὶ
3019 576 3303 648 ἀρχιερεὺς
3362 580 3394 631 ὁ
3449 583 3573 652 Ἐμο

326 636 588 707 μανουήλ.

398 732 492 797 Τίς
522 728 580 785 εἷ
606 731 710 794 σὺ,
751 733 819 787 τὸ
844 734 984 801 ὄρος
1016 736 1083 801 τὸ
1107 738 1280 810 μέγα,
1322 740 1390 794 τὸ
1422 744 1536 812 πρὸ
1570 746 1892 812 προσώπου

318 823 673 892 Ζοροϐάϐελ,
705 826 812 879 τοῦ
839 828 1249 896 κατορθῶσαι;
1282 835 1389 888 Καὶ
1415 835 1632 899 ἐξοίσω
1657 839 1765 890 τὸν
1796 839 1890 891 λί-

2073 746 2234 800 Vsns.
2261 747 2313 799 7.
2363 747 2494 811 Quis
2518 765 2571 802 es
2604 760 2682 813 lu,
2723 767 2869 805 mam
2904 754 2993 809 ille
3039 774 3279 828 magnus,
3321 780 3440 824 ante
3486 775 3569 842 fa-

1998 835 2126 887 ciem
2179 835 2502 901 Zurobubel,
2538 850 2593 891 ut
2640 842 2899 896 instaures
2929 846 2953 898 ?
2988 846 3054 899 Et
3080 853 3298 908 educam
3339 835 3566 926 lapidem

222 958 227 967 .
314 915 423 967 θον
474 912 587 981 τῆς
632 917 1068 985 κληρονομίας,
1116 921 1343 991 ισότητι
1399 924 1641 993 χάριτος
1679 927 1868 996 χάριτι

1995 927 2337 993 hwredilatis,
2361 930 2658 998 wquulitale
2677 936 2862 1001 gratia:
2894 940 3119 1007 gratiam
3148 943 3281 1012 ejus.

311 1003 524 1071 αὐτῆς.

382 1096 511 1148 κει.
553 1096 884 1165 Δυσέφικτον
910 1100 1008 1171 μὲν
1034 1104 1228 1175 κομιδῇ
1258 1105 1319 1158 τὸ
1350 1108 1728 1178 προκείμενον·
1748 1110 1886 1182 πλὴν

306 1186 549 1256 ἐροῦμεν
597 1189 757 1258 ἡμεῖς
788 1190 850 1242 τό
901 1208 965 1259 γε
1018 1193 1095 1257 ὡς
1137 1196 1333 1266 ἄριστα
1386 1198 1481 1250 καὶ
1527 1200 1702 1270 ὀρθῶς
1744 1202 1885 1272 ἔχειν

305 1277 737 1348 ὑπειλημμένον.
777 1282 961 1335 Ἐοικε
987 1285 1169 1339 τοίνυν
1209 1290 1236 1340 ό
1277 1288 1434 1357 λόγος
1470 1294 1751 1361 μονονουχὶ
1791 1294 1885 1347 καὶ

303 1368 566 1440 ἓπιτιμᾷν
594 1370 671 1439 τῷ
696 1371 813 1443 ὄρει
855 1374 935 1444 τῷ
975 1378 1215 1447 μεγάλῳ,
1246 1382 1523 1447 τουτέστι,
1558 1383 1635 1452 τῷ
1670 1386 1883 1456 Σατανᾷ

300 1459 817 1532 κατεξανισταμένῳ
846 1481 906 1515 τε
933 1467 1027 1520 καὶ
1055 1468 1401 1537 ἀντεξάγοντι
1425 1473 1503 1542 τῷ
1524 1474 1763 1545 Χριστῷ,
1782 1477 1883 1545 τῆς

300 1551 469 1603 αὑτοῦ
517 1553 847 1624 δυστροπίας
897 1558 998 1627 τὴν
1050 1559 1299 1630 δύναμιν,
1347 1562 1375 1614 δ
1422 1563 1485 1634 δὴ
1528 1565 1623 1617 καὶ
1668 1567 1726 1618 ὲν
1767 1570 1879 1632 τοῖς

2084 1102 2261 1160 XXV.
2340 1106 2698 1168 Diﬂicillinttts
2766 1115 3035 1172 intellectu
3101 1120 3247 1177 locus
3312 1135 3560 1195 preposi-

1995 1200 2127 1246 tus:
2172 1210 2542 1255 verumtamen
2605 1205 2745 1269 quod
2794 1208 3095 1263 rectissime
3142 1225 3302 1280 atque
3360 1222 3562 1286 optime

1988 1283 2096 1338 dici
2152 1303 2308 1354 posse
2358 1292 2812 1363 existimavimus,
2848 1299 2898 1351 id
2963 1301 3012 1354 in
3070 1305 3303 1359 medium
3371 1310 3559 1367 affere—

1984 1392 2124 1432 mus.
2184 1377 2408 1436 Videtur
2446 1386 2626 1454 itaque
2685 1404 2865 1444 sermo
2900 1393 3135 1459 quadam
3188 1397 3558 1469 objurgatione

1983 1467 2251 1524 incessere
2279 1484 2510 1528 montem
2546 1492 2820 1546 magnum,
2878 1494 3003 1551 puta
3044 1484 3300 1541 Satanam
3353 1467 3548 1547 contra

1983 1556 2256 1614 Christum
2296 1562 2683 1633 insurgentem,
2714 1579 2767 1623 et
2802 1574 3175 1638 perversitatis
3222 1594 3335 1634 sua:
3363 1594 3553 1650 poten-

297 1642 558 1712 ἀνωτέρω
608 1644 769 1697 πάλιν
829 1648 959 1717 ἡμῖν
1012 1651 1425 1721 αἰνιγματωδῶς
1480 1657 1868 1725 κατεγράφετο.

1984 1649 2131 1713 tiam,
2172 1653 2323 1718 quasi
2360 1654 2529 1708 aciem
2560 1669 2747 1711 contra
2782 1674 3208 1731 promovenlem,
3238 1672 3379 1737 quod
3423 1672 3548 1725 ileut

300 1731 446 1801 Ἔφη
483 1732 595 1802 γὰρ
639 1737 668 1787 ό
712 1739 999 1810 προφήτης
1033 1742 1318 1796 τεθεᾶσθαι
1376 1746 1475 1815 μὲν
1528 1747 1735 1817 Ἰησοῦν
1783 1750 1874 1803 τὸν

296 1823 450 1893 ἱερέα
494 1823 587 1875 τὸν
619 1826 793 1893 μέγαν
817 1829 1028 1882 ἑστῶτα
1057 1833 1163 1902 πρὸ
1194 1833 1489 1903 προσώπου
1516 1837 1609 1889 τοῦ
1635 1838 1869 1906 ἀγγέλου

292 1914 523 1981 Κυρίου,
546 1914 639 1967 τὸν
670 1916 725 1969 δέ
753 1934 818 1985 γε
854 1919 1094 1976 διάϐολον
1125 1925 1333 1977 ἑστῶτα
1373 1927 1437 1978 ὲκ
1470 1926 1655 1991 δεξιῶν
1681 1928 1867 1994 αὑτοῦ,

289 2001 389 2054 τοῦ
418 2004 759 2058 ἀντικεῖσθαι
788 2008 956 2078 αὐτῷ.
987 2010 1108 2064 Ὅτι
1139 2013 1268 2083 γὰρ,
1305 2014 1429 2066 ὅσον
1456 2015 1750 2086 ἐνεχώρει,
1773 2020 1869 2071 καὶ

287 2087 357 2163 ἦν
389 2094 479 2146 ἐπ’
504 2094 674 2163 αύτῷ,
713 2099 1063 2170 πεπολέμηκε
1096 2119 1154 2155 τε
1184 2105 1279 2157 καὶ
1319 2106 1711 2179 ἀντεγήγερται
1758 2111 1866 2164 δει-

285 2184 398 2247 νῶς
429 2189 548 2249 ταῖς
582 2188 677 2239 τοῦ
714 2188 965 2261 Σωτῆρος
998 2192 1329 2263 οἰκονομίαις
1355 2235 1369 2260 ,
1403 2198 1694 2263 καλοῦντος
1731 2201 1866 2272 πρὸς

287 2279 562 2349 σωτηρίαν
589 2278 686 2350 τὴν
730 2282 818 2333 ὑπ’
851 2284 1100 2353 οὐρανὸν,
1160 2290 1540 2361 προσκυνητὴν
1572 2292 1699 2345 ἴδιον
1731 2294 1865 2347 ἀπο-

284 2367 499 2434 φαίνειν
530 2368 711 2439 ἧθελε,
740 2372 1101 2440 παραδεικνὺς
1128 2377 1227 2445 μὲν
1250 2378 1418 2449 αὐτῷ,
1449 2382 1497 2433 εί
1530 2381 1592 2451 δὴ
1624 2399 1863 2453 προσπε-

284 2461 405 2510 σεῖν
449 2459 624 2512 ἕλοιτο
667 2462 763 2514 καὶ
819 2467 1197 2537 προσκυνῆσαι
1244 2469 1432 2539 αὐτῷ’.
1484 2468 1619 2526 Εἶτα
1661 2475 1753 2528 καὶ
1802 2476 1860 2543 ἐξ

280 2549 456 2603 αὑτοῦ
483 2551 574 2604 τοῦ
600 2552 761 2623 χοροῦ
788 2554 896 2606 τῶν
923 2555 1095 2623 ἁγίων
1124 2559 1436 2613 ἀποστόλων
1464 2562 1556 2614 τὸν
1594 2565 1859 2635 προδότην

276 2641 510 2711 ἥρπασε
541 2642 805 2712 μαθητὴν,
845 2645 1147 2710 ἀναπείσας
1179 2648 1413 2719 δργανον
1442 2651 1542 2716 τῆς
1592 2654 1857 2708 Ἰουδαίων

275 2730 541 2799 γενέσθαι
598 2734 938 2805 σκαιότητος.
984 2737 1336 2809 Ἐπιπλήττει
1380 2742 1444 2811 δὴ
1491 2740 1583 2796 οὖν
1626 2746 1654 2797 ὁ
1703 2744 1857 2812 λόγος

278 2822 455 2892 αὐτῷ,
507 2822 601 2875 καί
649 2841 812 2893 φησιο
850 2844 869 2877 ι
900 2826 996 2890 Τίς
1026 2823 1077 2880 εἷ
1114 2830 1199 2893 σὺ,
1248 2830 1309 2883 τὸ
1335 2832 1461 2903 ὅρος
1490 2834 1550 2886 τὸ
1590 2835 1764 2905 μέγα,
1794 2836 1856 2889 τὸ

1975 1755 2157 1809 Supra,
2195 1759 2500 1813 quanquam
2536 1750 2635 1801 sub
2674 1750 2959 1817 velamine,
2999 1757 3155 1810 nobis
3202 1760 3548 1817 describeba-

1977 1837 2080 1883 tur.
2116 1831 2337 1885 Dicebat
2366 1834 2508 1887 enim
2545 1838 2805 1904 propheta
2866 1854 2926 1893 se
2981 1843 3180 1897 vidisse
3211 1845 3394 1900 Jesum
3455 1866 3545 1904 sa-

1972 1922 2242 1975 cerdotem
2288 1939 2537 1993 magnum
2570 1934 2801 1981 stantem
2847 1944 3029 1985 coram
3071 1938 3263 2004 angelo
3304 1938 3540 2004 Domini,

1969 2019 2023 2063 et
2046 2012 2314 2067 diabolum
2354 2024 2585 2069 stantem
2627 2031 2656 2069 a
2702 2017 2909 2074 dextris
2938 2021 3077 2088 ejus,
3106 2035 3166 2079 ut
3214 2028 3535 2086 adversare.

1971 2109 2060 2154 tur
2087 2103 2157 2156 ei.
2199 2102 2339 2170 Quin
2379 2106 2545 2171 enim,
2577 2118 2836 2176 quantum
2865 2111 3028 2182 licuit,
3065 2125 3119 2169 et
3152 2116 3203 2170 iu
3240 2120 3359 2188 ipso
3416 2123 3537 2189 fuit,

1966 2197 2463 2263 oppugnaverit,et
2517 2201 2865 2257 vehementer
2925 2204 3286 2263 insurrexerit
3347 2225 3537 2267 contra

1966 2288 2327 2343 (Pconomiam
2361 2290 2679 2359 Salv’atoris,
2702 2298 2958 2350 mundum
2980 2298 3047 2352 ad
3076 2299 3303 2356 salutem
3340 2319 3538 2359 vocan-

1967 2378 2057 2444 tis,
2094 2395 2251 2433 nemo
2290 2383 2576 2450 dubitabit,
2617 2386 2661 2440 si
2693 2388 3012 2456 cogitaverit
3054 2392 3285 2461 primum
3318 2397 3534 2463 quidem

1966 2473 2266 2526 accessisse
2298 2474 2361 2526 ad
2389 2474 2721 2544 jejuuantem
2755 2481 2805 2531 in
2841 2481 3076 2543 deserto,
3105 2493 3159 2537 et
3192 2488 3371 2539 nnmdi
3409 2487 3535 2542 Sal-

1962 2572 2202 2615 vatorem
2237 2562 2513 2628 intuitum,
2540 2581 2597 2620 se
2636 2567 2703 2620 ab
2741 2568 2830 2621 illo
2862 2570 3075 2623 adorari
3136 2577 3529 2643 concupivisse,

1959 2665 2080 2705 cum
2138 2651 2210 2705 illi
2264 2655 2445 2707 omnia
2503 2670 2666 2724 regna
2727 2659 2908 2712 mundi
2966 2662 3255 2717 ostendens
3304 2666 3532 2720 dixisset

1956 2742 2134 2796 omnia
2173 2742 2288 2796 fore
2318 2745 2513 2812 ipsius,
2543 2748 2588 2799 si
2635 2748 2913 2815 procidere
2942 2749 2993 2803 in
3042 2767 3213 2821 genua
3258 2766 3312 2806 et
3337 2771 3395 2809 se
3431 2760 3529 2810 ad-

1956 2849 2113 2890 orare
2143 2852 2247 2890 non
2287 2848 2561 2894 recusaret
2578 2840 2639 2891 ".
2674 2840 2878 2896 Deinde
2903 2858 2966 2897 ex
2992 2845 3105 2911 ipso
3125 2848 3292 2903 choro
3313 2859 3530 2903 sancto-

276 2912 391 2983 πρὸ
427 2915 716 2985 προσώπου
762 2915 855 2969 τοῦ
900 2918 1224 2989 Ζοροϐάϐελ,
1267 2922 1363 2977 τοῦ
1406 2925 1784 2996 κατορθῶσαι;
1827 2946 1847 2980 ι

1957 2939 2074 2978 runt
2106 2927 2471 2995 apostolorum
2530 2932 2859 2999 proditorem
2916 2932 3109 2988 Judam
3148 2938 3399 3007 arripuit,
3439 2941 3526 2993 cui

272 3004 350 3057 τι
374 3004 454 3065 δὲ,
491 3004 589 3070 Τίς
619 3002 680 3059 ετ
711 3008 831 3071 σύ;
858 2986 1075 3078 νοητέον
1100 3012 1196 3081 οὐχ
1225 3012 1301 3076 ὡς
1326 2986 1601 3078 ἐθέλοντος
1633 2986 1844 3087 ἀναμα-

2140 2986 2154 2995 ,
2532 2986 2545 2999 .
2926 2986 2931 2987 κ
3064 2986 3107 2988 κ-
3152 2986 3399 3007 η--ι-τη
3443 2986 3526 2993 νη-

1955 3019 2226 3084 persuasit
2259 3028 2317 3073 ut
2362 3018 2670 3075 Judaaorum
2707 3022 2937 3078 feritatis
2966 3026 3384 3083 instrumentum
3437 3034 3530 3084 lie-

273 3095 412 3161 θετν,
443 3096 524 3159 τίς
547 3097 611 3165 δὴ
642 3097 750 3169 ἄρα
781 3100 876 3152 καὶ
915 3101 1076 3154 πόθεν
1105 3103 1252 3155 ἐστίν
1290 3104 1369 3175 (ού
1399 3106 1505 3177 γὰρ
1526 3106 1590 3159 ἂν
1612 3109 1850 3178 ⁴Ινγγνόησε

272 3187 409 3250 Θεὸς
437 3188 533 3257 ῶν)
558 3231 573 3254 ,
610 3191 726 3243 ἀλλ’
752 3186 863 3244 οἷον
920 3194 1454 3265 κατασμικρύνοντος
1514 3199 1607 3251 καὶ
1634 3200 1849 3265 οὐδενὸς

272 3276 559 3341 ἀξιοῦντος
589 3279 772 3345 λόγου,
800 3281 904 3333 κᾶν
933 3283 980 3334 εί
1010 3282 1150 3351 μέγα
1173 3301 1232 3336 τε
1263 3286 1352 3355 εἴη
1405 3288 1496 3339 καί
1519 3287 1847 3360 δυσάντητον

265 3369 441 3440 ὅρος,
490 3373 581 3424 καὶ
637 3374 890 3442 ἐμποδὼν
939 3376 1187 3446 κείμενον
1241 3380 1542 3450 κατορθοῦν
1608 3382 1846 3437 ἐθέλοντι

263 3461 447 3515 τοιάδε
501 3464 759 3535 Χριστῷ,
810 3459 874 3518 οὗ
924 3468 1017 3521 καὶ
1068 3470 1148 3531 εἰς
1201 3468 1371 3522 τύπον
1423 3472 1450 3523 ὁ
1504 3474 1842 3543 Ζοροϐάϐελ,

264 3554 521 3624 καθάπερ
551 3557 651 3627 ἠδη
688 3559 1049 3629 προείπομεν.
1078 3562 1274 3615 Καίτοι
1311 3562 1419 3633 γὰρ
1448 3565 1841 3636 ἀπαράκλητον

262 3644 408 3715 ἔχων
444 3647 544 3718 τὴν
580 3648 913 3721 δυστροπίαν
941 3654 969 3705 ὁ
994 3653 1210 3723 δράκων
1241 3656 1270 3707 ὁ
1300 3657 1636 3726 ἀποστάτης,
1666 3660 1845 3713 πεπά-

263 3752 431 3807 τηται
486 3739 634 3809 παρά
676 3742 913 3811 Χριστοῦ
962 3745 1127 3798 πόνου
1183 3763 1243 3799 τε
1290 3749 1383 3800 καὶ
1433 3748 1654 3819 ἱδρῶτος
1697 3750 1839 3819 δίχα.

261 3827 401 3893 Θεὸς
426 3831 534 3901 γὰρ
562 3827 632 3902 ἦν
690 3834 833 3887 κατὰ
869 3834 1030 3905 φύσιν
1068 3839 1096 3890 ὁ
1128 3839 1338 3902 πάντας
1370 3840 1635 3896 νικῶν.Ἦ
1662 3844 1840 3897 τοίνυν

259 3920 410 3974 κατά
455 3922 546 3975 τὸν
594 3924 796 3979 τοιόνδε
849 3927 970 3981 τινὰ
1018 3928 1219 3999 τρόπον
1268 3931 1685 4003 προσϐαλοῖῳεν
1728 3937 1841 3998 τοῖς

259 4014 577 4084 εἰρημένοις
596 4057 610 4081 ,
641 4015 673 4086 ἢ
706 4019 799 4070 καί
827 4020 1029 4093 ἑτέρως
1048 4060 1063 4086 ,
1107 4022 1157 4073 εί
1186 4021 1352 4076 δοκεῖ.
1392 4024 1536 4094 Ἔφη
1571 4024 1669 4095 μὲν
1706 4027 1837 4098 γὰρ,

258 4106 335 4159 ὃτι
398 4107 499 4159 οὐκ
552 4108 867 4180 ἀνθρωπεία
922 4112 1149 4184 δυνάμει
1218 4114 1692 4186 κατορθωθήσεται
1760 4118 1838 4190 τῷ

258 4200 453 4270 κόσμῳ
485 4201 554 4254 τὰ
592 4202 728 4273 πρὸς
771 4204 935 4276 ζωήν.
980 4206 1090 4259 Καὶ
1122 4208 1379 4277 στήσεται
1417 4208 1517 4277 μὲν
1564 4210 1833 4282 ήλυχνία,

1952 3116 2054 3162 ret.
2081 3107 2399 3179 lncrepatnr
2424 3112 2603 3175 itaque
2622 3113 2704 3166 his
2731 3115 2947 3169 verbis:
2976 3135 2993 3167 ι
3029 3116 3160 3182 Quis
3179 3134 3238 3172 es
3268 3129 3344 3181 tu,
3372 3135 3528 3175 mons

1952 3212 2310 3269 magne,anle
2342 3202 2533 3258 faciem
2581 3204 2899 3270 Zorohabel,
2933 3218 2990 3261 ut
3016 3208 3287 3264 instaures
3319 3211 3341 3264 ?
3392 3211 3523 3267 “llltl

1950 3292 2083 3357 Quis
2112 3307 2193 3358 es,
2248 3309 2352 3347 non
2385 3294 2455 3347 ita
2497 3296 2892 3365 accipiendum,
2945 3302 3102 3366 quasi
3139 3316 3296 3355 nosse
3345 3304 3526 3373 cupiat

1948 3384 2073 3450 quis
2132 3385 2343 3438 tandem
2375 3394 2430 3439 et
2472 3387 2615 3440 unde
2648 3388 2740 3441 sit.
2774 3387 2886 3442 Non
2912 3390 3055 3443 enim
3090 3392 3400 3460 ignorabat,
3442 3407 3522 3448 nt~

1946 3482 2071 3540 pete
2090 3472 2249 3526 Dens.
2271 3473 2374 3527 Sed
2401 3474 2555 3541 quasi
2581 3486 2922 3539 extenuet,ct
2942 3478 3096 3531 nihili
3124 3478 3306 3545 faciat,
3332 3497 3524 3550 quam-

1946 3564 2026 3617 vis
2058 3579 2280 3633 magnus
2326 3579 2479 3617 mons
2517 3573 2681 3628 esset,
2732 3575 2783 3618 et
2830 3567 2914 3619 cui
2979 3566 3136 3621 facile
3184 3570 3359 3623 resisti
3414 3588 3517 3625 non

1944 3662 2147 3723 posset,
2172 3665 2225 3706 et
2258 3654 2699 3722 impedimentum
2725 3656 2993 3725 objectnm
3027 3657 3243 3713 Christo
3291 3660 3404 3715 hazc
3432 3662 3517 3714 iu-

1943 3754 2194 3799 staurare
2252 3745 2478 3809 volenti,
2506 3747 2671 3818 687
2714 3749 2866 3818 cujus
2899 3760 3053 3820 typus
3104 3750 3425 3818 Zorsbabel,
3460 3769 3519 3809 ut

1936 3832 2049 3902 jam
2086 3834 2339 3890 diximus.
2392 3835 2502 3889 Etsi
2539 3840 2683 3890 enim
2732 3838 2804 3890 sit
2863 3839 3220 3905 implacabilis
3273 3844 3517 3912 nequitia

1940 3926 2193 3981 draconis
2217 3934 2497 3997 apostataa,
2531 3937 2709 3981 tamen
2744 3930 2879 3983 citra
2934 3931 3170 3986 laborem
3227 3933 3514 3989 sudorem-

1940 4032 2046 4087 que
2074 4034 2101 4071 a
2133 4018 2346 4073 Christo
2370 4020 2718 4075 conculcatus
2763 4031 2867 4075 est.
2919 4020 3051 4076 Erat
3115 4014 3258 4077 enim
3322 4037 3511 4079 natura

1940 4108 2101 4174 Deus,
2136 4123 2325 4163 omnes
2351 4123 2702 4179 exsuperans.
2759 4112 2866 4166 Aut
2938 4111 3098 4181 igitur
3135 4113 3223 4168 tali
3280 4116 3508 4183 quodam

1937 4200 2096 4255 modo
2121 4201 2262 4254 dicta
2300 4202 2461 4255 verba
2488 4201 2896 4269 explicabimus,
2918 4214 3010 4259 aut
3030 4206 3158 4272 alio,
3189 4205 3232 4260 si
3258 4206 3503 4276 placebit.

254 4292 313 4345 τὸ
338 4294 651 4363 λαμπάδιον
672 4294 893 4366 ἔχουσα,
918 4298 1186 4364 τουτέστι,
1207 4300 1465 4371 Χριστὸν,
1492 4301 1831 4373 ὲκλάμψουσι
1863 4333 1868 4383 4;

1952 4290 2086 4344 Dixit
2134 4291 2302 4355 enim,
2349 4308 2452 4346 non
2507 4292 2743 4347 humana
2779 4296 2972 4349 virtute
2998 4298 3198 4352 mundo
3224 4300 3391 4353 vitam
3426 4301 3508 4353 iu-

254 4383 307 4436 δὲ
332 4387 389 4439 οἱ
412 4386 595 4456 λύχνοι
621 4428 636 4452 ,
670 4391 763 4442 καὶ
793 4390 901 4462 μὴν
932 4391 1029 4443 καὶ
1061 4393 1125 4445 ὲκ
1154 4391 1344 4457 δεξιῶν
1381 4393 1475 4446 καὶ
1527 4393 1588 4458 ἐξ
1628 4396 1830 4448 εὐωνύ-

257 4489 375 4543 μων
405 4472 501 4526 τοῦ
526 4474 831 4545 λαμπαδίου
866 4479 921 4530 αἰ
945 4477 1039 4532 δύο
1068 4480 1285 4544 πάντως
1323 4481 1496 4535 ἐλαῖαι
1524 4484 1829 4554 στήσονται,

254 4567 382 4628 τοὺς
409 4564 505 4618 δύο
538 4565 703 4630 λαοὺς
734 4569 1115 4638 σημαίνουσαι.
1154 4568 1267 4625 Εἶθ’
1299 4572 1489 4644 ῶσπερ
1517 4575 1828 4629 ἀναπυνθαο

252 4656 484 4727 νομένου
527 4658 674 4721 τινὸς
713 4660 809 4713 καλ⁵
848 4660 1135 4729 λέγοντοςο
1190 4664 1287 4727 Τίς
1320 4661 1433 4735 ἆρα
1472 4664 1523 4719 εί
1557 4669 1656 4732 σὺ,
1696 4670 1723 4721 ὀ
1758 4668 1829 4722 τὰ

252 4746 395 4800 οὕτω
443 4748 656 4817 μεγάλα
722 4751 961 4823 πολέμου
1012 4754 1137 4824 δίχα
1185 4756 1403 4820 πάντως
1451 4759 1545 4811 καὶ
1591 4760 1827 4830 ἀμογητὶ

254 4836 623 4909 κατορθώσειν
653 4841 1114 4913 ύπισχνούμενος;
1146 4848 1630 4920 προσυπακούεται
1652 4850 1824 4918 λέγων

251 4921 278 4971 ὁ
308 4922 441 4986 Θεὸς
474 4924 569 4977 καὶ
597 4926 786 4998 Πατήρ
811 4944 825 4959 ·
860 4945 879 4979 ι
916 4929 1058 4999 Ἐγὼ
1091 4932 1151 4986 τὸ
1177 4934 1303 5005 ὅρος
1331 4934 1391 4988 τὸ
1436 4937 1597 5005 μέγα,
1630 4937 1689 4991 τὸ
1720 4938 1825 5010 πρὸ

250 5013 546 5082 προσώπου
581 5017 909 5087 Ζοροϐάϐελ,
942 5020 1037 5074 τοῦ
1075 5025 1438 5096 κατορθῶσαι·
1468 5044 1485 5086 ι
1527 5027 1821 5095 τουτέστιν,

260 5102 404 5170 Ἐγώ
428 5105 591 5177 είμιή
615 5109 794 5162 πάντα
823 5111 1194 5185 ὑπεραίρουσα
1217 5116 1395 5185 φύσις,
1415 5120 1447 5186 ἡ
1469 5116 1825 5191 θεοπρεπέσιν

250 5190 543 5265 ὕψῶμασιν
581 5199 661 5260 είς
706 5199 804 5271 τὴν
836 5202 1239 5274 ὑπερεπέκεινα
1283 5208 1501 5262 πάντων
1540 5208 1826 5280 διᾴττουσα

246 5280 428 5347 δόξαν,
473 5286 615 5341 κατὰ
644 5291 869 5361 καιροὺς
912 5292 1170 5363 ἀρκέσειν
1203 5296 1471 5365 μέλλουσα
1517 5299 1654 5371 πρὸς
1688 5316 1821 5353 κατ-

245 5374 483 5446 όρθωσιν
534 5377 640 5431 τῶν
697 5380 1162 5454 ἐπηγγελμένων,
1229 5388 1321 5441 καὶ
1371 5388 1479 5461 πρὸ
1526 5389 1820 5460 προσώπου

244 5465 573 5536 Ζοροϐάϐελ.
614 5468 686 5521 Ού
719 5470 823 5543 γὰρ
856 5474 1041 5544 ἠγνόει
1079 5475 1313 5547 Χριστὸς
1348 5478 1437 5535 τὸν
1475 5480 1666 5535 ἑαυτοῦ
1702 5482 1815 5535 [la-

318 5645 367 5678 ³⁸
393 5646 576 5705 Matth.
605 5664 678 5717 tv,
706 5651 727 5706 Ι
754 5666 908 5725 seqq.

1936 4390 2323 4439 stauraturum.
2352 4382 2418 4436 Et
2438 4383 2602 4437 stabit
2633 4384 2849 4451 quidem
2879 4385 3280 4451 candelabrum,
3306 4388 3509 4457 lampa-

1934 4474 2053 4530 dem
2094 4474 2319 4537 habens,
2338 4473 2439 4528 hoc
2468 4484 2551 4527 est
2572 4472 2847 4528 Christum
2879 4491 2894 4527 :
2928 4474 3180 4529 lucebunt
3208 4488 3391 4532 autem
3422 4479 3504 4532 lu-

1932 4582 2131 4624 cernae.
2156 4567 2420 4622 Praeterea
2446 4582 2477 4622 a
2505 4568 2688 4622 dextra
2713 4566 2951 4638 laevaque
2978 4567 3236 4636 lampadis
3264 4570 3379 4622 dua:
3409 4568 3507 4621 oli-

1933 4676 2013 4717 vae
2074 4661 2292 4716 omnino
2318 4662 2569 4725 stabunt,
2613 4662 2746 4715 duos
2796 4660 3021 4730 populos
3096 4661 3502 4715 adumbrantcs.

1932 4748 2150 4817 Postea,
2195 4752 2349 4822 quasi
2374 4751 2689 4807 sciscitante
2724 4750 2976 4820 quopiam
3002 4766 3065 4803 ac
3092 4750 3337 4805 dicente:
3370 4751 3505 4815 Quis

1930 4841 2094 4911 igitur
2121 4856 2181 4896 es
2218 4851 2295 4907 tu,
2325 4842 2415 4910 qui
2461 4850 2570 4895 tam
2621 4842 2786 4896 ardua
2820 4841 2963 4895 nullo
3003 4840 3140 4895 bello
3179 4852 3232 4895 et
3268 4842 3384 4895 sine
3426 4842 3472 4893 la

1932 4931 2061 4987 bore
2109 4931 2339 4986 feliciter
2375 4931 2793 4987 constitutorum
2840 4930 3129 5000 spondes?
3182 4930 3502 4986 subauditur

1933 5025 2261 5091 respondens
2299 5023 2435 5077 Deus
2464 5023 2696 5079 etl’ater
2724 5039 2737 5075 :
2769 5040 2788 5073 ι
2829 5023 2938 5093 Ego
2960 5039 3115 5077 mons
3152 5022 3239 5075 ille
3277 5036 3499 5088 magnus

1931 5126 2055 5170 ante
2082 5116 2271 5169 faciem
2302 5113 2619 5179 Zorobabel,
2650 5125 2707 5168 ιιι
2735 5114 3029 5167 iustaurem
3058 5131 3071 5166 :
3116 5131 3133 5162 ι
3177 5113 3227 5165 id
3268 5121 3349 5163 cst
3397 5125 3499 5177 ego

1924 5215 2041 5256 sum
2082 5203 2334 5255 omnibus
2365 5202 2774 5269 supereminens
2805 5211 3017 5264 natura,
3059 5200 3251 5252 divinis
3280 5198 3496 5250 ccls3tu-

1923 5294 2137 5348 dinibus
2160 5296 2225 5347 ad
2247 5294 2469 5362 gloriam
2502 5292 2939 5347 sublimissimam
2976 5290 3211 5343 oumium
3234 5289 3497 5350 emicans,

1925 5401 2043 5456 quae
2101 5401 2200 5440 suo
2264 5398 2502 5456 tempore
2559 5385 2624 5439 ad
2678 5384 2941 5453 promissa
2992 5378 3216 5431 ﬁdeliter
3275 5388 3329 5431 et
3375 5392 3500 5431 ante

1922 5477 2111 5534 faciem
2172 5476 2466 5534 Zorobabel
2536 5474 2835 5545 praestanda
2892 5467 3136 5525 solliciet.
3194 5470 3307 5525 Non
3353 5474 3502 5526 enim
