4092 6202
523 337 592 393 67
1554 330 1611 385 S.
1649 327 1925 384 CYRILLI
1969 325 2439 382 ALEXANDRINI
2478 324 2800 383 ARCHIEP.
3708 324 3775 379 68

527 448 811 520 ignorabat
846 445 1098 503 Christus
1127 444 1339 500 Patrem
1376 458 1535 499 suum
1561 464 1575 499 :
1600 447 1692 501 sed
1738 447 1889 515 quasi
1916 460 2099 515 quem.

2215 444 2359 515 τέρα,
2402 444 2517 497 ἀλλ’
2553 443 2741 513 ὥσπερ
2774 442 2893 495 τινὰ
2939 438 3275 511 συνεργάτην
3310 437 3421 491 τῶν
3467 436 3611 490 ἰδίων
3648 453 3777 489 κατ·

527 545 650 596 dam
708 540 1005 606 adjutorem
1059 537 1349 605 insignium
1391 551 1607 591 suarum
1629 536 1899 591 actionum
1976 550 2097 590 eum

2215 534 2537 605 >ρθωμάτων
2588 535 2821 586 ἐποιεῖτο
2863 531 3066 599 λέγων·
3119 548 3138 582 ι
3181 531 3300 582 ’Δγ-ς’
3349 524 3586 597 ἐμαυτοῦ
3640 525 3778 578 ποιῶ

529 631 783 694 faciebat,
811 644 934 684 cum
963 628 1200 681 diceret:
1238 644 1258 677 ι
1283 628 1323 679 Α
1347 641 1430 680 me
1454 626 1572 695 ipso
1604 627 1742 680 facio
1767 627 1917 681 nihil.
1947 627 2103 679 Pater

529 732 707 775 autem
742 722 794 774 in
825 733 908 772 me
945 734 1187 780 manens.
1222 719 1335 789 ipse
1369 718 1497 773 facit
1521 734 1681 787 opera
1707 720 1809 772 ".t
1837 720 2104 788 Operaba-

531 824 617 868 tttr
641 814 782 867 enim
811 822 869 865 ut
898 826 993 880 per
1030 811 1303 881 propriam
1341 812 1594 866 virtutem
1638 824 1730 879 per
1768 809 1982 873 Filium,
2010 824 2105 877 per

528 921 690 976 quem
747 916 803 959 et
847 904 914 958 ab
977 903 1130 957 initio
1189 902 1387 956 creatis
1451 903 1724 965 omnibus,
1783 906 1975 954 merito
2021 910 2105 955 est

530 996 862 1050 admirabilis
916 1034 931 1048 .
981 1033 994 1048 .
1048 1033 1062 1048 .
1121 993 1583 1062 asapientissimo
1638 993 1855 1047 Daniele
1910 993 2104 1046 iterum

532 1090 673 1143 Deus
704 1098 755 1143 et
782 1086 945 1141 Pater
996 1101 1152 1140 mons
1187 1085 1517 1150 nominatur,
1549 1086 1691 1138 unde
1726 1092 1779 1137 et
1804 1083 1938 1152 lapis
1988 1084 2107 1138 sine

526 1183 779 1236 manibus
841 1181 1098 1248 praecisus
1127 1188 1239 1241 est,
1283 1179 1375 1246 qui
1412 1185 1467 1230 et
1521 1191 1735 1241 aurum,
1781 1186 2102 1247 argentum,

528 1290 624 1335 trs,
659 1273 858 1327 ferrum
895 1271 1210 1325 comminuit
1233 1272 1298 1325 '°.
1333 1270 1462 1336 Qum
1505 1273 1667 1324 etiam
1697 1270 1896 1325 Christi
1933 1272 2107 1339 imago

533 1364 650 1418 fuit.
679 1362 845 1415 Natus
872 1361 1015 1415 enim
1048 1375 1112 1413 ex
1154 1363 1260 1415 Deo
1309 1360 1467 1414 Patre
1507 1358 1693 1422 Filius,
1747 1374 1905 1427 supra
1945 1374 2104 1426 quam

530 1457 635 1510 dici
668 1464 759 1507 aut
782 1462 962 1507 mente
977 1452 1091 1521 capi
1115 1461 1309 1520 potest,
1328 1452 1841 1519 coatrivitrcgnamt
1858 1450 2106 1518 deinceps

532 1560 841 1615 peneseunt
872 1544 942 1597 sit
981 1558 1142 1597 omne
1191 1543 1477 1612 imperium
1520 1558 1587 1594 τι
1642 1541 1913 1594 Flectetur
1963 1540 2105 1593 enim

531 1638 632 1703 ipsi
656 1651 815 1689 omne
847 1650 1009 1703 genu,
1066 1644 1120 1687 et
1148 1635 1331 1687 omnis
1380 1634 1556 1701 lingua
1602 1632 1946 1686 conﬁtebitur
1984 1633 2105 1699 quia

530 1727 789 1780 Dominus
822 1725 980 1779 Jesus
1011 1725 1261 1779 Christus
1302 1726 1354 1778 in
1380 1724 1545 1793 gloria
1569 1734 1653 1777 est
1677 1724 1767 1777 Dei
1804 1723 1979 1775 Patris
2001 1722 2100 1777 ".t

532 1818 719 1887 Itaque
750 1828 804 1871 ιιι
833 1832 896 1870 ex
930 1826 1111 1871 monte
1146 1818 1237 1870 Dei
1265 1825 1320 1870 et
1356 1815 1533 1869 Patris
1568 1828 1810 1867 summus
1834 1814 2107 1880 angularis

528 1920 587 1963 et
620 1908 821 1960 electus
852 1906 985 1974 lapis
1013 1911 1253 1959 resectus
1280 1903 1623 1967 Deus,factus
1644 1914 1728 1956 est
1758 1903 1908 1957 nobis
1936 1902 2106 1955 haere-

533 1998 750 2053 ditas“.
779 1997 969 2051 Vocati
998 1997 1191 2065 quippe
1216 2008 1403 2049 sumus
1430 1996 1484 2048 in
1509 1995 1848 2062 adoptionem
1877 1992 2107 2047 filiorum

533 2109 632 2161 per
661 2094 828 2160 ipsum
858 2091 924 2155 ",
954 2091 1250 2158 scriptique
1281 2088 1519 2142 lta‘redes
1550 2088 1640 2141 Dei
1660 2087 1907 2149 viventis,
1931 2101 2109 2155 a-qua-

535 2182 682 2235 litate
713 2182 899 2251 gratia:
937 2181 1165 2247 gratiam
1208 2177 1638 2232 lucrifacientes.
1673 2178 1784 2232 lloc
1823 2192 1951 2231 vero
1982 2177 2107 2246 quid

534 2274 665 2328 est?
701 2275 827 2325 Data
860 2281 940 2325 est
972 2271 1185 2340 quidem
1236 2272 1407 2340 gratia
1454 2270 1667 2338 antiqua
1704 2270 1785 2321 illa
1826 2279 1878 2322 et
1909 2270 2108 2322 decan-

535 2372 641 2417 tata
671 2379 684 2414 :
712 2362 918 2416 liberati
960 2370 1085 2415 sunt
1121 2362 1264 2416 enim
1292 2376 1355 2414 ex
1394 2359 1625 2428 Egypto
1655 2359 1947 2414 secundum
1986 2375 2103 2413 cor-

536 2470 655 2525 pus,
701 2453 1106 2523 servilejugum
1144 2452 1526 2506 dominationis
1572 2467 1677 2520 quo
1726 2453 2109 2519 premebantur

538 2562 566 2600 a
602 2546 902 2600 cervicibus
933 2545 1267 2611 deiecerunt,
1294 2559 1388 2613 per
1410 2543 1642 2598 medium
1696 2557 1845 2595 mare
1880 2542 2107 2595 traducti

536 2649 682 2701 sunt,
718 2639 1069 2692 comederunt
1097 2651 1291 2690 manna
1319 2637 1372 2689 in
1401 2635 1706 2699 solitudine,
1760 2636 1929 2705 688
1967 2636 2112 2704 pedi-

536 2732 635 2787 lms
657 2729 873 2784 (lumina
898 2725 1539 2791 transieruntJordanem
1567 2725 1892 2789 videlicet,iu
1911 2735 2110 2778 terram

537 2820 915 2891 promissionis
946 2819 1239 2873 introducti
1273 2826 1419 2871 sunt.
1456 2817 1578 2872 Haec
1609 2817 1774 2885 igitur
1798 2816 1970 2886 gratia
2022 2816 2112 2869 illa

537 2915 731 2981 prima.
767 2911 964 2964 Verum
994 2911 1046 2964 itt
1090 2909 1394 2979 mquaiitate
1423 2918 1478 2963 et
1506 2909 1855 2965 similitudine
1882 2909 2115 2977 antiqua

539 3004 681 3055 illius
713 3001 898 3069 gratiae
917 3000 1088 3071 gratia
1116 3000 1385 3068 impertita
1416 3009 1500 3052 est
1520 2998 1801 3062 aChristo,
1823 3001 1911 3067 (ιυί
1941 2998 2114 3053 factus

2202 624 2375 678 οὐδέν.
2420 624 2478 677 '0
2503 624 2558 676 δὲ
2589 623 2781 693 Πατὴρ
2814 625 2841 675 ὁ
2871 624 2927 674 ἐν
2967 623 3089 690 ἐμοὶ
3134 620 3333 690 μένων,
3372 620 3517 671 ποιεῖ
3540 617 3606 670 τὰ
3641 615 3779 686 ἔργα

2203 716 2385 778 αὑτός.
2427 734 2445 767 ι
2484 715 2783 783 Εἰργάζετο
2820 714 2928 783 γὰρ
2974 712 3049 775 ὡς
3088 712 3175 764 διὰ
3200 712 3478 781 δυνάμεως
3511 709 3645 771 ιδίας
3682 705 3776 761 τοῦ

2205 807 2359 871 Υίοῦ,
2390 807 2458 859 δι’
2495 802 2556 859 οῦ
2591 807 2685 858 καὶ
2717 808 2773 858 ἐν
2800 804 2995 875 ἀρχαῖς
3032 803 3100 856 τὰ
3146 803 3323 857 πάντα
3366 801 3500 871 πρὸς
3544 799 3605 851 τὸ
3638 796 3778 852 εἶναι

2221 898 2576 970 παρενεγκὼν
2605 896 2829 958 εἰκότως
2862 892 3315 964 θαυμάζεται.....
3337 890 3485 961 παρὰ
3508 888 3585 959 τῷ
3612 905 3783 956 σοφω-

2204 992 2353 1060 τάτῳ
2389 989 2608 1059 Δανιὴλ,
2636 989 2711 1050 ὡς
2736 988 2859 1057 δρος
2887 989 3020 1056 ἡμῖν
3060 986 3370 1056 ὠνόμασται
3404 983 3564 1036 πάλιν
3593 985 3621 1035 6
3648 982 3778 1043 Θεὸς

2205 1085 2301 1137 καὶ
2334 1080 2543 1151 Πατὴρ,
2584 1080 2641 1144 ἐξ
2672 1075 2733 1133 οῦ
2768 1081 2862 1132 καὶ
2897 1079 3043 1141 λίθος
3084 1078 3211 1131 ἄνευ
3245 1076 3425 1147 χειρὸς
3456 1074 3689 1145 ἐτμήθη,
3719 1074 3778 1137 ὃς

2204 1172 2301 1226 καὶ
2339 1172 2596 1225 ἐλέπτυνε
2640 1171 2700 1222 τὸ
2731 1170 2972 1239 χρυσίον,
3019 1170 3111 1221 τὸν
3140 1170 3397 1238 ἄργυρον,
3432 1168 3522 1220 τὸν
3558 1165 3776 1236 χαλκὸν,

2204 1262 2297 1314 τὸν
2339 1262 2575 1330 σίδηρον,
2618 1260 2711 1313 καὶ
2753 1255 2821 1328 ἦν
2881 1259 2958 1321 εἰς
3005 1259 3174 1310 τύπον
3223 1258 3314 1309 καὶ
3356 1257 3471 1309 τόδε
3518 1251 3777 1325 Χριστοῦ.

2205 1352 2574 1423 Γεγενημένος
2615 1352 2723 1420 γὰρ
2767 1354 2829 1403 ἐκ
2870 1349 3005 1403 Θεοῦ
3038 1349 3248 1421 Πατρός
3307 1350 3633 1418 ἀπορρήτως
3685 1345 3781 1397 καὶ

2205 1444 2348 1513 ὑπὲρ
2374 1443 2497 1497 νοῦν
2521 1446 2547 1495 ό
2576 1443 2720 1504 Υἱὸς,
2760 1442 3051 1513 συνέτριψε
3084 1441 3182 1505 τὰς
3216 1440 3515 1509 βασιλείας,
3549 1438 3610 1489 ἶν’
3634 1432 3782 1504 αὐτῷ

2207 1535 2391 1587 λοιπὸν
2424 1535 2484 1586 τὸ
2515 1532 2656 1586 κατὰ
2681 1533 2901 1585 πάντων
2930 1533 3128 1602 κράτος
3156 1531 3462 1599 ἀνάπτηται
3481 1546 3492 1557 ·
3529 1526 3780 1595 ιΚάμψει

2206 1626 2312 1696 γὰρ
2349 1624 2498 1695 αὐτῷ
2528 1626 2633 1677 πᾶν
2662 1626 2812 1693 γόνυ,
2843 1625 2938 1676 καὶ
2961 1625 3111 1676 πᾶσα
3140 1623 3359 1691 γλῶσσα
3388 1619 3782 1690 ἐξομολογήσε-

2208 1736 2319 1780 ται,
2366 1719 2447 1770 ὅτι
2494 1717 2697 1789 Κύριος
2756 1715 2963 1786 Ἰησοῦς
3008 1717 3240 1786 Χριστος
3300 1716 3379 1775 εἰς
3438 1713 3595 1777 δόξαν
3643 1708 3781 1762 Θεοῦ

2209 1810 2440 1880 Πατρός.
2481 1828 2498 1860 ι
2536 1809 2742 1862 Οὐκοῦν
2769 1809 2842 1869 ὡς
2875 1809 2931 1874 ἐξ
2964 1808 3121 1877 δρους
3152 1804 3245 1857 τοῦ
3278 1804 3412 1858 Θεοῦ
3451 1806 3545 1855 καὶ
3571 1800 3784 1871 Πατρός

2208 1905 2603 1975 ἀκρογωνιαῖος
2642 1904 2732 1956 καὶ
2758 1901 3011 1963 ἐκλεκτὸς
3038 1898 3373 1969 ἀποτμηθεὶς
3403 1896 3548 1958 λίθος
3578 1896 3604 1946 ό
3627 1894 3781 1957 Θεὸς,

2210 1998 2431 2064 γέγονεν
2465 1997 2596 2065 ἡμῖν
2644 1994 3001 2065 κληρονομία.
3061 1988 3392 2061 Κεκλήμεθα
3418 1987 3526 2057 γάρ
3562 1988 3639 2047 εἰς
3672 1986 3785 2038 υἱο-

2211 2088 2396 2141 θεσίαν
2443 2087 2509 2139 δι’
2553 2086 2739 2152 αὐτοῦ,
2796 2085 2889 2138 καὶ
2938 2082 3265 2154 κληρονόμοι
3312 2080 3615 2148 γεγόναμεν
3647 2075 3780 2129 Θεοῦ

2213 2180 2434 2244 ζῶντος,
2479 2178 2686 2247 ἰσότητι
2730 2176 2949 2247 χάριτος
3000 2174 3199 2245 χάριτα
3238 2172 3630 2241 κερδαίνοντες.
3672 2167 3783 2222 Καὶ

2211 2271 2261 2322 τί
2290 2270 2352 2339 δὴ
2370 2268 2560 2332 τοῦτο;
2588 2268 2807 2319 Δὲδοται
2836 2266 2934 2335 μὲν
2960 2265 3067 2334 γὰρ
3080 2265 3237 2334 χάρις
3259 2280 3340 2325 τις
3368 2262 3447 2331 τῷ
3486 2260 3719 2332 Ἰσραὴλ,
3748 2259 3781 2329 ἡ

2211 2360 2411 2430 ἀρχαία
2439 2376 2497 2411 τε
2531 2359 2715 2427 ἐκείνη
2748 2356 2844 2408 καὶ
2868 2356 3150 2426 διαϐόητος
3168 2367 3183 2382 ’
3209 2353 3572 2424 λελύτρωνται
3595 2352 3704 2422 γὰρ
3725 2349 3785 2415 ἐξ

2202 2452 2485 2520 ⁸Αἰγύπτου
2538 2449 2854 2520 σαρκικῶς,
2900 2448 2999 2518 τὴν
3049 2445 3438 2517 ἐπηρτημένην
3492 2445 3675 2506 αὺτοῖς
3722 2444 3788 2495 ἐκ

2215 2544 2527 2611 πλεονεξίας
2559 2541 2921 2596 άπεσείσαντο
2947 2538 3211 2603 δουλείαν,
3251 2536 3673 2607 διεῦιὸάσθησαν
3698 2534 3788 2588 διὰ

2214 2637 2486 2704 θαλάσσης
2521 2636 2693 2705 μέσης
2712 2674 2725 2698 ,
2757 2632 2957 2701 ἔφαγον
2986 2631 3046 2683 τὸ
3085 2631 3259 2702 μάννα
3290 2631 3347 2681 ἐν
3368 2632 3434 2699 τῇ
3471 2630 3683 2699 ἐρήμῳ,
3715 2626 3793 2678 δι-

2214 2725 2376 2795 ῆλθον
2410 2726 2467 2777 ἐν
2494 2725 2612 2776 ποδὶ
2665 2722 2950 2792 ποταμοὺς
2996 2718 3477 2791 (διεπεραιὼσαντο
3502 2719 3610 2789 γὰρ
3646 2718 3789 2771 οὕτω

2214 2818 2306 2870 τὸν
2343 2816 2661 2886 Ἰορδάνην),
2681 2813 3137 2883 εἰσεκομίσθησαν
3168 2812 3246 2874 είς
3274 2813 3376 2881 τὴν
3418 2812 3519 2881 γῆν
3549 2809 3649 2879 τῆς
3687 2811 3787 2862 ἐπ-

2216 2908 2496 2976 αγγελίας.
2533 2907 2681 2977 Αὕτη
2715 2906 2780 2977 δὴ
2814 2902 2907 2958 οὖν
2941 2908 2973 2975 ἡ
3014 2905 3173 2977 χάρις
3214 2905 3246 2974 ἡ
3293 2902 3506 2973 πρώτη.
3551 2902 3692 2955 Ἀλλ’
3731 2904 3789 2955 ἐν

2220 3001 2425 3068 ἰσότητι
2483 2998 2575 3051 καὶ
2602 2998 2879 3068 ὁμοιότητι
2914 2997 3012 3066 τῆς
3036 2994 3269 3067 ἀρχαίας
3298 2995 3514 3065 ἐκείνης
3543 2995 3787 3065 χάριτος,

537 3104 621 3146 est
695 3092 851 3146 nobis
927 3088 1059 3158 lapis
1104 3097 1165 3142 ut
1229 3088 1663 3154 fundamentum,
1705 3091 1818 3143 sive
1873 3104 2112 3141 summus

2218 3093 2373 3164 χάρις
2402 3091 2611 3144 δέδοται
2642 3090 2789 3161 παρὰ
2817 3089 3079 3158 Χριστοῦ,
3110 3088 3168 3152 ὃς
3205 3088 3427 3159 γέγονεν
3455 3090 3606 3158 ἡμῖν,
3640 3088 3787 3153 λίθος

534 3183 837 3251 angularis,
867 3193 920 3235 et
974 3196 1189 3234 rursum
1248 3180 1422 3235 haeres
1456 3190 1516 3235 ut
1561 3180 1754 3235 Filius.
1812 3181 1916 3235 Per
1965 3181 2113 3235 illutn

538 3275 737 3341 quippe
764 3272 1005 3327 Itaeredes
1055 3271 1147 3326 Dei
1184 3270 1417 3326 instituti
1482 3286 1672 3326 sumus
1705 3273 1753 3304 ³¹
1779 3312 1793 3325 .
1835 3270 2117 3337 Quomodo

538 3362 705 3432 igitur
738 3362 788 3415 in
820 3363 1127 3431 aequalitate
1158 3362 1345 3431 prima:
1374 3362 1561 3432 gratiae
1594 3362 1870 3416 secunda?
1898 3361 2026 3428 Quae
2062 3363 2114 3416 in

541 3456 648 3508 illis
686 3454 889 3508 ﬁebant
934 3456 1234 3510 secundum
1267 3470 1510 3522 carnem,
1551 3454 1666 3510 sive
1712 3471 1951 3516 sensmn.
2002 3456 2118 3509 hate

541 3547 793 3601 Christus
820 3547 1116 3601 secundum
1141 3548 1388 3616 spiritum
1416 3555 1471 3601 et
1495 3547 1819 3603 intellectum
1848 3549 2116 3617 pra-stitit.

540 3637 752 3708 Eripuit
788 3653 884 3692 nos
911 3653 943 3693 ο
994 3638 1254 3694 servitute
1294 3638 1582 3706 diabolica,
1624 3653 1723 3695 ceu
1771 3654 1836 3694 ex
1890 3640 1999 3693 luto
2065 3647 2118 3693 ct

540 3729 787 3783 latere”.
822 3730 1095 3783 Liberavit
1137 3729 1510 3787 affectionibus
1567 3732 1855 3787 mundanis
1894 3742 1947 3787 et
2000 3747 2121 3786 car-

542 3817 757 3871 nalibus
820 3818 1197 3872 immunditiis.
1240 3819 1397 3873 Velut
1470 3836 1569 3890 per
1613 3837 1762 3875 mare
1834 3823 2115 3877 transitum

539 3907 844 3961 concessit:
880 3906 1076 3962 ﬂuctus
1118 3910 1260 3963 enim
1306 3908 1464 3977 hujus
1504 3912 1625 3965 vitae
1676 3920 1729 3965 et
1766 3913 2116 3967 acerbitatem

541 3999 661 4070 ejus
690 4000 1895 4069 sollicitudinumpraterivimus.Comedimus
1925 4019 2117 4073 panem

541 4093 606 4143 de
635 4091 772 4144 caelo
805 4090 1068 4160 (mystice
1089 4092 1716 4161 loquimur),Jordanem
1746 4096 2116 4160 transivimus,

540 4182 1007 4237 circumcisionem
1030 4183 1082 4236 in
1101 4184 1293 4251 spiritu
1314 4185 1648 4254 suscepimus
1668 4184 1732 4250 “,
1753 4186 2116 4242 haereditatcm

542 4274 844 4326 audivimus
862 4288 1150 4343 supernam
1182 4275 1619 4341 civitatem,vere
1647 4287 1886 4333 sanctam
1920 4289 2117 4334 terram

540 4362 695 4428 cujus
724 4374 777 4416 et
809 4362 1059 4418 Christus
1119 4364 1233 4434 ipse
1266 4367 1509 4420 meminit
1564 4382 1684 4421 cum
1728 4370 1845 4421 ait:
1906 4388 1924 4421 ι
1968 4368 2117 4425 Beati

2223 3185 2320 3253 μὲν
2364 3183 2439 3244 ὠς
2474 3182 2753 3252 θεμέλιος,
2790 3182 2957 3251 ἤγουν
2997 3182 3410 3251 ἀκρογωνιαῖος,
3456 3180 3791 3251 κληρονόμος

2216 3278 2272 3331 δὲ
2310 3276 2490 3339 πάλιν,
2518 3274 2593 3336 ὼς
2627 3274 2772 3337 Υἱός.
2808 3274 3114 3344 Γεγόναμεν
3149 3273 3255 3345 γὰρ
3284 3275 3351 3328 δι’
3382 3273 3544 3327 αὑτοῦ
3590 3273 3786 3344 κληροο

2219 3370 2373 3437 νόμοι
2402 3364 2558 3419 Θεοῦ.
2588 3365 2711 3429 Πῶς
2737 3361 2830 3418 οὖν
2860 3367 2916 3417 ἐν
2947 3366 3152 3435 ἰσότητι
3186 3365 3286 3430 τῆς
3318 3366 3541 3436 πρώτης
3571 3365 3792 3435 χάριτος

2216 3460 2250 3529 ἡ
2285 3457 2512 3529 δευτέρα
2532 3458 2626 3521 ;"A
2661 3456 2771 3527 γὰρ
2803 3457 2888 3509 ἐπ’
2910 3455 3140 3518 ἐκείνοις
3161 3455 3461 3526 ἐπράττετο
3492 3453 3788 3527 σαρκικῶς,

2217 3554 2386 3624 ἢγουν
2434 3550 2739 3621 αἰσθητῶς,
2802 3548 2977 3601 ταῦτα
3040 3546 3389 3600 τετελείωκεν
3442 3550 3526 3616 ἐφ’
3579 3550 3712 3617 ἡμῖν
3762 3549 3791 3601 6

2217 3644 2452 3715 Χριστὸς
2489 3640 2875 3712 πνευματικῶς
2904 3657 2961 3692 τε
2994 3640 3088 3692 καὶ
3112 3640 3335 3710 νοητῶς.
3386 3638 3650 3703 Ἐξείλετο
3674 3639 3793 3692 δου-

2210 3735 2368 3807 ,λείας
2401 3732 2735 3801 διαϐολικῆς,
2770 3732 2843 3793 ὠς
2870 3732 2934 3782 ἐκ
2968 3730 3139 3799 πηλοῦ
3191 3731 3285 3782 καὶ
3326 3729 3622 3793 πλινθείας.
3664 3729 3793 3783 Ἀπ-

2220 3824 2417 3897 ήλλαξε
2467 3822 2574 3875 τῶν
2622 3823 2682 3875 ἐν
2731 3821 2920 3890 κόσμῳ
2971 3819 3159 3873 παθῶν
3228 3821 3323 3872 καὶ
3362 3820 3470 3873 τῶν
3512 3819 3792 3891 σαρκικῶν

2219 3915 2592 3986 ἁκαθαρσιῶν.
2616 3912 2933 3965 Διεϐίϐασεν
2964 3911 3040 3974 ὡς
3064 3912 3153 3964 διὰ
3187 3911 3497 3981 θαλάσσηςο
3523 3913 3795 3983 παρεδρά-

2223 4023 2395 4078 μομεν
2432 4004 2541 4075 γὰρ
2566 4004 2656 4056 τὸν
2688 4003 2932 4056 κλύδωνα
2957 4001 3051 4055 τοῦ
3101 4003 3369 4074 παρόντος
3398 4002 3535 4072 βίου,
3569 4006 3662 4057 καὶ
3694 4004 3792 4075 τῆς

2219 4104 2277 4154 ἐν
2322 4098 2470 4168 αὐτῷ
2501 4096 2779 4167 φροντίδος
2821 4097 2881 4150 τὸ
2925 4097 3141 4168 πικρόν.
3183 4097 3490 4168 Ἐφάγομεν
3533 4097 3696 4167 ἄρτον
3736 4098 3792 4165 ἐξ

2218 4187 2447 4259 οὐρανοῦ
2477 4185 2759 4257 (μυστικὸς
2785 4187 2813 4239 6
2843 4185 3047 4253 λόγος),
3077 4186 3500 4258 διεὸιῦάσθημεν
3529 4187 3618 4241 τὸν
3660 4187 3793 4257 Ἰορ-

2219 4280 2406 4348 δάνην,
2452 4276 2752 4351 περιτομὴν
2796 4279 3112 4349 ἐσχήκαμεν
3142 4279 3240 4349 τὴν
3276 4280 3333 4332 ἐν
3360 4280 3659 4349 πνεύματι,
3702 4295 3794 4331 κε-

2222 4371 2714 4441 κληρονομήκαμεν
2755 4368 2853 4440 τὴν
2897 4368 3009 4422 ἄνω
3037 4368 3214 4429 πόλιν,
3257 4368 3354 4437 τὴν
3384 4368 3598 4439 άληθῶς
3636 4369 3794 4437 ἁγίαν

541 4456 724 4520 mites,
762 4454 1018 4522 quoniam
1048 4456 1146 4526 ipsi
1180 4459 1530 4525 possidebunt
1586 4469 1784 4515 terram
1815 4461 1881 4515 ³⁸.
1920 4482 1939 4513 ι
1980 4462 2112 4517 Ρυιο

2222 4465 2347 4533 γῆν,
2395 4456 2460 4531 ἦς
2497 4462 2591 4514 καὶ
2633 4460 2795 4523 αὐτὸς
2838 4462 2866 4512 6
2918 4459 3151 4529 Χριστὸς
3191 4458 3540 4530 διεμεμνητο,
3584 4460 3791 4528 λέγων’

538 4556 719 4602 autem
743 4562 841 4617 ego
868 4550 1327 4618 sapientissimum
1355 4566 1567 4622 quoque
1603 4553 1988 4622 evangelistam
2023 4554 2115 4609 Jo-

540 4652 735 4692 annem
770 4639 869 4693 hoc
913 4639 1087 4708 ipsum
1156 4641 1466 4708 signiﬁcare
1510 4643 1663 4706 velle,
1716 4660 1837 4697 cum
1873 4645 2001 4698 dicit
2053 4650 2118 4702 de

540 4729 794 4784 Christo:
830 4732 933 4785 «De
955 4732 1292 4800 plenitudine
1320 4735 1437 4803 ejus
1455 4751 1553 4789 nos
1577 4750 1766 4789 omnes
1785 4738 2112 4808 accepimus,

540 4827 596 4869 et
628 4820 855 4887 gratiam
888 4835 987 4887 pro
1016 4824 1209 4890 gratia.
1243 4820 1378 4887 Quia
1412 4824 1495 4877 lex
1527 4838 1621 4893 per
1651 4824 1831 4877 Mosen
1861 4829 1982 4880 data
2014 4841 2122 4894 est,

541 4908 713 4979 gratia
746 4918 800 4963 et
825 4910 1028 4963 veritas
1058 4926 1151 4978 per
1180 4909 1364 4965 Jesum
1395 4913 1670 4968 Christum
1706 4914 1845 4970 facta
1883 4928 1966 4971 est
1992 4918 2060 4974 ³⁵.
2097 4939 2114 4973 ι

542 4998 788 5053 Minister
840 5000 982 5053 enim
1038 5010 1092 5053 ct
1178 5003 1446 5065 mediator
1521 5006 1721 5060 veteris
1806 5007 1947 5061 illius
2003 5025 2127 5077 gra-

545 5093 635 5146 tiae
713 5091 889 5146 Moses
944 5092 1091 5160 fuit;
1138 5098 1391 5152 secundae
1488 5110 1669 5154 autem
1757 5101 2131 5171 gratia-Chri-

540 5194 680 5249 stus,
706 5194 838 5254 qua:
884 5184 1292 5241 similitudinem
1344 5190 1542 5258 prioris
1598 5190 1740 5246 illius
1766 5192 1946 5248 habet.
1993 5192 2123 5265 Typi

540 5278 686 5330 enim
713 5277 931 5347 quidam
963 5287 1120 5331 erant
1179 5280 1245 5332 ad
1308 5282 1626 5348 veritatem,
1691 5286 1807 5339 sive
1878 5288 2125 5341 veritatis

540 5370 707 5423 decus
740 5371 1125 5441 parturientes,
1161 5382 1312 5427 tanto
1340 5373 1585 5429 melioris
1617 5387 1669 5429 et
1697 5376 2120 5441 excellentioris,

539 5471 745 5527 quanto
791 5479 911 5534 qua:
975 5465 1227 5521 sensibus
1277 5481 1339 5520 ea
1411 5480 1532 5535 quae
1586 5468 1700 5521 sola
1769 5469 2119 5538 intelligentia

576 5638 577 5643 Ἴ
611 5660 654 5690 ’⁷
685 5658 979 5735 Joanaxw.
1010 5665 1094 5721 l0.
1172 5667 1217 5697 "
1246 5666 1377 5721 Dan.
1412 5683 1473 5729 tt,
1507 5668 1596 5721 5i.
1677 5667 1720 5699 ¹⁹
1755 5667 1986 5735 Philipp.
2017 5684 2078 5731 ιι,
2119 5668 2205 5730 10,
2246 5667 2329 5720 ll.

539 5740 660 5793 Vm,
692 5730 772 5783 l7.
852 5734 894 5763 ³³
927 5736 1093 5789 Exod.
1140 5753 1175 5801 ι,
1208 5739 1292 5792 li.
1372 5740 1415 5769 "
1452 5739 1619 5792 Exod.
1650 5752 1757 5806 xu,
1796 5739 1809 5789 Ι
1846 5754 1857 5803 ;
1892 5730 2042 5791 ιω...
2068 5730 2153 5807 't't,
2179 5739 2265 5793 δι.

2229 4568 2247 4601 t
2270 4544 2548 4619 Μακάριοι
2582 4550 2630 4601 οἱ
2661 4549 2874 4616 πραεῖς,
2912 4547 2995 4599 ὅτι
3020 4547 3173 4598 αὐτοὶ
3204 4548 3671 4620 κληρονομήσουσι
3698 4548 3795 4620 τὴν

2224 4639 2350 4707 γῆν.
2392 4659 2410 4691 ι
2445 4636 2613 4708 Οῖμαι
2642 4639 2699 4690 δὲ
2728 4638 2905 4705 ἔγωγε
2935 4638 3028 4691 καὶ
3050 4638 3140 4690 τὸν
3177 4637 3487 4707 σοφώτατον
3509 4641 3796 4709 εὐαγγελι-

2225 4732 2357 4799 στὴν
2397 4730 2668 4798 Ἰωάννην.
2705 4728 2837 4781 αὐτὸ
2872 4729 2935 4799 δὴ
2973 4728 3130 4783 τοῦτο
3154 4729 3455 4799 ’βούλεσθαι
3494 4733 3707 4803 δηλοῦν,
3748 4733 3797 4785 εἰ

2222 4821 2370 4889 λέγοι
2401 4822 2527 4891 περὶ
2551 4820 2809 4891 Χριστοῦ,
2832 4822 2913 4874 δτι
2946 4841 2963 4873 t
2987 4823 3081 4875 Ἐκ
3113 4822 3209 4875 τοῦ
3238 4822 3604 4896 πληρώματος
3631 4825 3794 4878 αὐτοῦ

2224 4914 2385 4983 ἡμεῖς
2412 4912 2611 4977 πάντες
2647 4913 2933 4983 ἐλάϐομεν,
2963 4914 3059 4967 καὶ
3088 4915 3245 4986 χάριν
3275 4916 3394 4969 ἀντὶ
3427 4916 3795 4990 χάριτος.⁸οτι

2222 5008 2251 5059 6
2282 5007 2443 5075 νόμος
2476 5004 2565 5057 διὰ
2598 5006 2838 5068 Μωσέως
2875 5005 3030 5077 ἐδόθη
3053 5046 3069 5069 ,
3099 5009 3131 5079 ὴ
3179 5009 3336 5080 χάρις
3375 5011 3470 5063 καὶ
3509 5011 3541 5079 ἠ
3572 5007 3795 5079 ἀλήθεια

2225 5099 2311 5151 διὰ
2352 5097 2526 5168 Ἰησοῦ
2556 5096 2791 5169 Χριστοῦ
2819 5098 3054 5165 ἐγένετο.
3085 5118 3101 5151 ι
3128 5102 3384 5165 Διάκονος
3412 5099 3515 5169 μὲν
3544 5100 3652 5169 γὰρ
3702 5100 3797 5154 καὶ

2229 5190 2457 5262 μεσίτης
2484 5191 2581 5259 τῆς
2608 5189 2841 5257 ἀρχαίας
2868 5189 3081 5261 ἐκείνης
3108 5191 3329 5262 χάριτος
3357 5189 3580 5258 γέγονεν
3609 5192 3637 5243 ό
3670 5191 3797 5244 Μω-

2226 5283 2343 5351 σῆς
2359 5282 2460 5351 τῆς
2488 5297 2553 5348 γε
2585 5281 2691 5352 μὴν
2709 5281 2970 5354 δευτέρας
3000 5285 3220 5355 χάριτος
3244 5285 3272 5336 6
3293 5282 3547 5353 Χριστὸς.
3567 5282 3797 5354 ἐχούσης

2227 5375 2325 5445 μὲν
2370 5374 2668 5445 ὁμοιότητα
2720 5376 2857 5446 πρὸς
2904 5377 3122 5448 ἐκείνην
3168 5374 3349 5442 (τύποι
3390 5372 3502 5445 γὰρ
3546 5370 3688 5445 ἦσαν
3721 5376 3796 5440 ὡς

2222 5467 2359 5537 πρὸς
2406 5467 2700 5538 ἀλήθειαν,
2748 5470 2916 5542 ἧγουν
2962 5471 3023 5523 τὸ
3073 5469 3169 5539 τῆς
3215 5466 3474 5539 ἀληθείας
3520 5468 3796 5529 ὡδίνοντες

2408 5669 2451 5700 ³ο
2486 5670 2683 5736 Ephes.
2740 5687 2795 5735 ll,
2839 5671 2927 5725 20.
3028 5670 3069 5704 “
3105 5669 3301 5739 Epltez.
3330 5684 3367 5729 t.
3406 5670 3439 5722 5
3544 5668 3589 5701 ³⁸
3630 5665 3791 5724 Rom.

2345 5739 2389 5770 "
2413 5740 2601 5796 Matth.
2631 5757 2681 5805 ν,
2711 5742 2760 5792 4.
2841 5743 2884 5771 ³⁸
2915 5739 3075 5799 Joan.
3108 5757 3167 5809 ιι,
3198 5741 3279 5807 l6,
3316 5742 3402 5795 l7.
