4092 6202
257 276 330 330 eo
1110 259 1658 318 COMMENTARIUS
1698 257 1761 312 IN
1803 257 2198 314 ZACllARlAM
2238 257 2680 314 PROPlIETAM.
3448 259 3520 314 το

259 387 510 456 κάλλος),
535 383 819 453 ἀμείνονος
850 381 906 433 δὲ
927 380 1021 432 καὶ
1041 376 1469 450 ὑπερκειμένης,
1485 377 1594 445 ὅσῳ
1619 375 1712 427 καὶ
1741 373 1848 427 τῶν

1903 376 2478 444 teomprelienduntur
2533 373 2879 428 antecellunt.
2911 372 3133 427 Accedit
3174 373 3328 430 testis
3376 374 3519 430 Pau-

259 477 541 551 αἰσθητῶν
571 473 875 546 ύπερφέροι
908 472 973 525 ἂν
998 473 1222 532 εἰκότως
1252 469 1322 522 τὰ
1347 468 1532 539 νοητά.
1570 469 1677 521 Καὶ
1705 481 1844 538 μαρ-

1949 467 2031 520 ius
2067 480 2191 519 cum
2223 466 2416 519 scribit
2448 466 2514 518 ⁸⁷.
2540 465 2780 518 melioris
2824 465 3136 518 testamenti
3169 467 3518 522 mediatorum

257 575 507 644 τυρήσας
536 574 739 638 γράφει
780 568 808 618 ό
841 563 1069 626 Παῦλος,
1119 562 1198 614 ὅτι
1244 561 1551 632 κρείττονος
1577 557 1843 628 διαθήκης
1948 569 2066 610 esse
2095 553 2304 609 Jesum.

3543 605 3564 640 ὲ

259 667 486 736 γέγονεν
518 661 714 728 ἔγγυος
750 653 978 726 Ἰησοῦς.

337 793 447 850 Kal
471 791 708 861 ἐγένετο
746 789 929 856 λόγος
960 784 1180 853 Κυρίου
1212 783 1358 851 πρός
1395 799 1492 852 με,
1517 779 1738 850 λέγων’
1777 780 1843 832 Al

2023 768 2184 822 Vens.
2209 766 2264 832 8,
2295 767 2348 820 9.
2379 765 2442 819 Et
2483 765 2654 836 factus
2684 776 2760 821 est
2795 784 2962 821 sermo
3025 768 3234 822 Domini
3289 773 3361 824 ad
3419 788 3520 838 mc,

307 888 462 957 εῖρες
485 881 820 952 Ζοροϐάϐελ
840 878 1246 946 ἑθεμελίωσαν
1275 876 1381 928 τὸν
1418 871 1586 926 οἷκον
1608 871 1840 933 τοῦτον,

1949 863 2122 914 (licens
2178 875 2194 913 .°
2267 859 2460 912 Manus
2540 857 2831 912 Zorobabel
2897 860 3249 927 fundaverant
3312 863 3520 916 domum

266 910 462 959 χειρες
485 910 820 952 Δυμυυαυονῑ
840 910 1229 946 ουσμς.ιιιιυυαι
1279 910 1366 928 ιυι
1418 910 1570 926 υυυυι
1611 910 1840 933 ιυυινι,

268 979 364 1033 καί
413 979 472 1029 αἱ
518 972 714 1041 χεῇοες
769 969 956 1024 αὑτοῦ
995 964 1457 1020 ἐπιτελέσωσιν
1491 962 1707 1024 αὐτὸν,
1747 961 1844 1015 καὶ

1949 948 2212 1015 ἱδιιιηι,ἐι
2261 964 2448 1002 atauus
2518 948 2630 1016 ejus
2680 949 3004 1018 comphbunt
3075 967 3210 1016 eam,
3271 963 3321 1006 et
3393 955 3521 1007 scies

593 1026 742 1117 διότι
760 1062 975 1129 Κύριος
993 1056 1411 1125 παντοκράτωρ
1428 1050 1844 1120 ἐξαπέσταλκέ

1602 1050 1844 1106 ξσταλχέ
1949 1044 2070 1113 quia
2139 1041 2392 1095 Dominus
2433 1041 2755 1109 omnipotens
2783 1041 2925 1095 misit
2955 1057 3034 1095 me
3054 1043 3122 1094 ad
3153 1051 3218 1097 te.

263 1177 338 1230 με
370 1157 522 1225 πρὸς
551 1153 644 1208 σέ.

338 1273 487 1338 KG”.
532 1267 660 1321 Ἰδοὺ
721 1263 787 1333 δὴ
819 1261 980 1315 πάλιν
1009 1261 1136 1330 ἡμῖν
1164 1259 1221 1311 ὲν
1249 1256 1529 1321 αἰσθητοῖς
1558 1253 1842 1324 πράγμασι

2021 1258 2209 1314 XXV].
2235 1259 2335 1326 En,
2362 1275 2574 1315 rursum
2610 1261 2662 1313 in
2694 1260 2854 1315 rebus
2900 1275 3036 1330 quas
3085 1277 3246 1318 sensu
3309 1265 3523 1335 attingi-

269 1360 614 1432 καταγράφει
651 1357 720 1408 τὰ
747 1352 948 1422 νοητὰ,
981 1350 1078 1404 καὶ
1113 1348 1221 1401 τῶν
1257 1348 1344 1400 διὰ
1387 1346 1622 1418 Χριστοῦ
1663 1363 1842 1416 παρα-

1951 1367 2088 1414 mus,
2120 1365 2212 1406 eas
2260 1365 2378 1419 qua:
2441 1351 2614 1405 solum
2655 1352 3357 1422 intelligunturdescribit,
3400 1367 3452 1411 et
3492 1373 3521 1410 a

269 1454 433 1516 δόξως
462 1446 866 1515 τετελεσμένων
909 1440 1274 1513 παρατίθησιν
1322 1440 1401 1502 εἰς
1442 1438 1611 1491 τύπον
1652 1437 1712 1489 τὸ
1757 1434 1844 1488 διὰ

1950 1442 2166 1497 Christo
2230 1443 2624 1497 admirabiliter
2683 1453 3116 1513 perpetratorum
3153 1456 3334 1516 typum
3403 1463 3521 1516 pro-

269 1543 452 1615 χειρὸς
505 1537 810 1610 Ζοροϐάϐελ
855 1533 1000 1588 κατὰ
1049 1533 1276 1602 καιροὺς
1331 1527 1838 1601 ἐκπεπερασμὲνον.

1951 1537 2101 1602 ponit
2161 1534 2210 1588 id
2273 1537 2416 1603 quod
2477 1550 2572 1603 per
2622 1551 2838 1588 manum
2905 1535 3202 1592 Zorohabel
3229 1539 3519 1609 aliquando

283 1635 504 1705 Ἐπειδὴ
536 1635 668 1704 γὰρ,
702 1630 939 1698 ἀλούσης
971 1629 1069 1698 τῆς
1103 1627 1454 1680 Βαϐυλωνίων
1489 1627 1592 1680 ὑπὸ
1622 1623 1843 1694 Περσῶν

1950 1627 2253 1678 Coniectum
2283 1625 2398 1678 fuit.
2432 1625 2718 1694 Postquam
2747 1627 2890 1679 enim
2920 1626 3232 1697 Babyloniis
3282 1645 3312 1682 a
3381 1629 3525 1700 Cyro

275 1728 366 1782 καὶ
411 1725 631 1796 Κύρου,
661 1722 770 1775 τῶν
800 1721 898 1790 τῆς
925 1718 1169 1781 δουλείας
1209 1719 1418 1771 ἀνεῖντο
1455 1716 1668 1786 δεσμῶν
1701 1717 1747 1766 οἱ
1784 1712 1844 1776 ἐξ
1879 1779 1891 1796 1

1911 1784 1918 1796 _
1952 1716 2237 1770 Persarum
2257 1732 2382 1786 rege
2404 1717 2640 1770 subactis
2667 1717 2926 1772 servitute
2947 1719 3177 1772 exsoluti
3205 1732 3331 1774 sunt
3353 1721 3527 1776 Israe-

285 1779 522 1890 ‘lcpahl,
549 1779 641 1870 xci.
673 1814 737 1884 δὴ
767 1779 1090 1883 καὶ-’ἀνῆκον
1122 1779 1201 1872 είς
1223 1779 1591 1881 Ἰεροσόλυμα,
1619 1806 1846 1876 Δαρείου
1879 1779 1901 1833 Ῑ

1912 1785 2077 1872 ἶιίιιΡ,
2109 1817 2164 1861 et
2231 1809 2451 1876 insuper
2524 1806 2960 1878 Hierosolymam
3018 1811 3309 1875 redierunt.
3359 1814 3528 1884 689

271 1910 457 1963 λοιπὸν
503 1908 600 1978 τὴν
647 1904 927 1958 Χαλδαίων
970 1903 1244 1964 διέποντος
1290 1900 1486 1970 ἀρχὴν,
1539 1898 1846 1973 προῦτρεπε

1950 1899 2110 1955 Dario
2149 1910 2332 1967 postea
2357 1899 2728 1953 Chaldaeorum
2753 1915 2972 1970 regnum
3005 1915 3356 1972 proetirante,
3391 1907 3518 1958 hor-

273 2000 408 2062 Θεὸς
435 1999 563 2060 τοὺς
586 1997 1058 2064 ύπονοστήσαντας
1090 1992 1177 2044 τὸν
1207 1991 1348 2044 θεῖον
1368 1991 1528 2052 εὐθὺς
1561 1989 1851 2058 ἀναδείμα-

1953 2003 2098 2052 tatus
2133 2003 2215 2046 est
2275 1993 2418 2046 Deus
2473 1995 2696 2046 reduces
2756 2001 2813 2044 nt
2855 2005 2981 2047 ante
3050 1996 3228 2051 omnia
3287 1998 3525 2054 divinum

277 2092 402 2145 σθαι
430 2091 574 2154 ναὸν,
596 2086 974 2159 βασιλεύοντος
1008 2085 1106 2155 μὲν
1139 2080 1849 2154 Ζοροϐάϐελ,ἰερατεύοντός

1955 2082 2211 2151 templum
2269 2081 2679 2144 reaedilicarent,
2735 2097 2862 2152 rege
2917 2084 3133 2152 quidem
3173 2083 3524 2150 Zorobabele,

275 2199 337 2250 γε
377 2180 485 2252 μὴν
520 2176 692 2249 Ἰησοῦ
740 2176 834 2236 τοῦ
880 2173 1145 2228 Ἰωσεδὲκ.
1183 2174 1293 2229 Καὶ
1337 2174 1569 2243 ἣπτοντο
1617 2171 1715 2242 μὲν
1751 2171 1846 2224 τοῦ

1949 2173 2194 2242 principe
2215 2181 2392 2226 autem
2418 2173 2754 2226 sacerdomm
2771 2171 2895 2226 Jesu
2922 2174 3029 2226 lilio
3049 2171 3273 2229 Josedee
3294 2175 3358 2228 ⁸⁸.
3380 2173 3531 2229 Jam-

275 2273 460 2344 ἔργου,
495 2271 590 2324 καὶ
626 2269 689 2340 δὴ
720 2269 818 2322 καὶ
851 2269 911 2320 ὲν
945 2265 1189 2337 πρώταις
1214 2265 1495 2336 κρηπίδων
1524 2263 1850 2327 καταϐολαῖς

1951 2280 2054 2334 que
2083 2265 2148 2318 ad
2189 2279 2324 2334 opus
2357 2264 2822 2334 aggrediebantur,
2850 2276 2903 2317 et
2935 2265 3104 2333 prima
3171 2265 3527 2324 fundamenta

273 2365 336 2418 τὸ
371 2364 530 2434 ἔργον
554 2359 643 2431 ἦν,
672 2358 808 2433 ἦρτο
832 2361 888 2414 δὲ
916 2361 1010 2414 καὶ
1044 2359 1180 2429 ὑψοῦ
1211 2360 1279 2414 τὰ
1308 2360 1459 2430 τείχη
1490 2358 1699 2421 λοιπὸν,
1734 2353 1851 2411 εἶτα

1941 2355 2088 2425 jacta
2115 2365 2294 2418 erant,
2313 2365 2367 2408 et
2397 2358 2534 2410 muri
2557 2356 2606 2407 in
2638 2354 2802 2408 altum
2831 2356 3031 2420 educti,
3061 2372 3204 2422 cum,
3232 2360 3529 2426 prohiben—

278 2455 483 2527 μεταξὺ
525 2455 842 2508 κωλυόντων
889 2452 1077 2516 τινῶν,
1129 2453 1222 2506 καὶ
1268 2451 1521 2521 ἐμποδὼν
1565 2451 1850 2519 γεγονότος

1955 2450 2096 2502 tibus
2144 2448 2463 2517 quibusdam
2508 2455 2565 2501 et
2619 2447 2819 2500 invidia
2885 2447 3234 2502 “uitiatarum
3291 2452 3528 2518 gentium

274 2549 370 2602 τοῦ
421 2548 616 2618 φθόνου
655 2545 762 2599 τῶν
805 2544 1100 2616 περιοίκων
1139 2542 1341 2604 ἐθνῶν,
1381 2543 1568 2610 γέγονέ
1603 2559 1685 2605 τις
1723 2543 1852 2594 ἀνα-

1953 2540 2300 2608 impediente,
2331 2555 2360 2591 a
2391 2538 2574 2592 labore
2609 2547 2878 2592 cessatum
2905 2548 2989 2593 est
3025 2550 3080 2592 et
3107 2554 3327 2607 operum
3353 2541 3526 2596 studia

273 2640 462 2708 κωχὴ,
493 2639 588 2690 καὶ
619 2636 1042 2706 σπουδασμάτων
1071 2634 1180 2687 τῶν
1226 2635 1320 2688 ἐπὶ
1363 2638 1474 2696 τοῖς
1505 2635 1684 2705 ἔργοις
1719 2632 1849 2686 ἀνά-

1953 2633 2178 2700 prolata.
2247 2628 2353 2682 Deo
2425 2638 2602 2682 autem
2654 2629 2720 2682 ad
2787 2643 2922 2697 opus
2982 2630 3086 2687 rite
3139 2629 3527 2686 conﬁciendqu

273 2732 502 2802 ϐλησις.
543 2728 789 2790 ’Λνὲντος
817 2728 869 2781 δὲ
904 2727 1059 2782 πάλιν
1106 2726 1290 2789 αὐτοῖς
1319 2725 1411 2778 τοῦ
1440 2725 1575 2778 Θεοῦ
1616 2725 1675 2778 τὸ
1701 2724 1854 2777 δύναο

1956 2719 2462 2784 rursnsfacnltatem
2487 2719 2980 2788 supp:-ditaute,vix
3002 2720 3210 2774 tandem
3227 2720 3528 2774 absolutum

278 2825 410 2878 σθαι
455 2819 759 2890 κατορθοῦν
779 2859 792 2883 ,
842 2819 1182 2872 τετελείωται
1215 2818 1369 2888 μόλις
1401 2819 1429 2870 ὁ
1456 2815 1589 2878 νεὼς
1609 2855 1622 2878 .
1677 2815 1850 2885 Ἰησοῦ

1953 2821 2054 2877 est,
2087 2811 2217 2866 J-esn
2245 2827 2512 2865 summum
2547 2821 2767 2880 gerente
2793 2811 3174 2873 sacerdotium,
3201 2810 3530 2868 Zorobabele

283 2916 388 2987 μὲν
435 2911 826 2984 ίερατεύοντος,
873 2910 1180 2981 Ζοροϐάϐελ
1206 2926 1268 2977 γε
1319 2909 1428 2980 μὴν
1482 2909 1844 2978 ἐφεστηκότος

1955 2915 2134 2959 autem
2171 2921 2348 2960 rerum
2398 2906 2652 2970 potiente.
2691 2903 2756 2957 Et
2780 2904 2863 2957 bis
2901 2905 3115 2973 (intidem
3145 2904 3367 2960 historia
3397 2920 3530 2961 con-

277 3006 378 3060 καὶ
423 3001 815 3075 βασιλεύοντος.
861 3001 998 3054 ‘Ali.’
1030 3003 1086 3054 ὲν
1117 3001 1328 3063 τούτοις
1375 2999 1476 3069 μὲν
1508 3001 1536 3052 ό
1567 3001 1667 3069 τῆς
1715 3002 1854 3052 ἱστοο

1956 2996 2156 3052 tinetnr
2194 2996 2264 3050 ’9.
2305 2995 2437 3063 Quia
2475 3011 2602 3052 vero
2629 3012 2726 3067 pro
2759 3007 2886 3068 typo
2913 2997 3112 3052 Christi
3143 2995 3530 3054 Zorobabelem

283 3097 403 3169 ρίας
452 3093 908 3165 συμπεπέρασται
958 3091 1135 3160 λόγος.
1191 3089 1410 3161 Ἐπειδὴ
1455 3090 1512 3142 δὲ
1559 3092 1640 3153 είς
1685 3089 1851 3143 τύπον
1882 3135 1899 3189 1

1917 3136 1922 3154 ,
1959 3088 2024 3142 de
2061 3089 2201 3142 tribu
2239 3085 2374 3154 Juda
2425 3098 2606 3142 ortum
2657 3089 3072 3158 assumpsimus,
3105 3103 3227 3158 age,
3289 3089 3533 3156 dicamus

285 3185 520 3258 Χριστοῦ
568 3183 940 3254 παρείληπται
994 3181 1120 3252 παρ’
1164 3180 1321 3251 ἡμῶν
1367 3183 1395 3232 ὁ
1437 3181 1501 3232 ὲκ
1550 3179 1647 3249 τῆς
1687 3178 1854 3232 Ἰούδα
1886 3177 1901 3190 “

1917 3177 1924 3188 ’
1960 3177 2234 3246 quomodo
2284 3187 2339 3230 et
2373 3193 2474 3246 qua
2513 3181 2721 3232 ratione
2751 3180 2980 3250 cmperit
3009 3180 3120 3250 ipse
3153 3180 3370 3249 quidem
3397 3180 3533 3235 tedi-

280 3280 456 3349 φυλῆς
482 3274 804 3346 Ζοροϐάϐελ,
829 3275 961 3342 φέρε
989 3272 1052 3342 δὴ
1080 3271 1325 3340 λέγωμεν
1353 3273 1498 3329 ὅπως
1528 3287 1588 3322 τε
1615 3269 1708 3322 καὶ
1734 3270 1858 3340 τίνα

1958 3268 2122 3320 licare
2149 3267 2365 3322 domum
2403 3269 2643 3322 Domini:
2671 3270 2763 3324 sed
2797 3281 2976 3324 mente
3002 3282 3310 3340 conceptus,
3341 3280 3395 3323 et
3423 3271 3533 3340 spi—

279 3371 481 3440 τρόπον
511 3369 714 3439 ἤρξατο
757 3366 854 3436 μὲν
887 3364 1048 3427 αὐτὸς
1079 3364 1382 3434 οἰκοδομεῖν
1425 3362 1514 3417 τὸν
1555 3359 1702 3416 οἷκον
1739 3365 1855 3415 Κυ-

1963 3359 2177 3415 ritualis
2215 3359 2522 3426 Zorobabel
2578 3376 2696 3416 eam
2759 3373 2948 3430 postea
2985 3360 3274 3429 perfecerit
3307 3371 3360 3416 et
3404 3377 3533 3416 con-

283 3464 403 3534 ρίου
426 3503 442 3527 ,
479 3461 800 3514 τετελείωκε
834 3459 877 3510 δ’
909 3453 976 3511 αὖ
1026 3459 1054 3509 ό
1088 3456 1277 3526 νοητὸς
1324 3455 1418 3508 καὶ
1466 3455 1855 3526 πνευματικός.

1959 3454 2335 3506 summaverit.
2386 3451 2679 3507 Constituit
2763 3453 2909 3507 enim
2994 3453 3258 3520 principio
3317 3454 3533 3507 donmm

282 3555 672 3623 Κατεστήσατο
725 3551 822 3623 μὲν
873 3549 980 3622 γὰρ
1014 3551 1071 3602 ὲν
1117 3548 1310 3617 ἀρχαῖς
1362 3542 1508 3600 οἶκόν
1551 3565 1673 3600 τινα
1763 3547 1858 3600 καὶ

1960 3543 2247 3610 quamdam
2266 3552 2318 3595 et
2355 3544 2683 3596 mansionem
2705 3541 2942 3596 divinant
2968 3541 3070 3596 sibi
3089 3552 3144 3596 et
3163 3539 3536 3598 PatriJudzeo-

282 3645 588 3714 ἑναύλισμα
639 3641 943 3712 θεοπρεπὲς
991 3637 1142 3708 αὐτῷ
1182 3655 1242 3690 τε
1287 3639 1380 3691 καὶ
1417 3638 1495 3708 τῷ
1526 3638 1720 3709 Πατρὶ,
1760 3638 1858 3710 τὴν

1962 3649 2080 3687 rum
2123 3635 2483 3704 Synagogam.
2516 3633 2608 3688 Sic
2633 3647 2866 3702 namque
2922 3633 3074 3689 illam
3127 3632 3436 3703 appellavit,
3468 3633 3536 3689 de

295 3735 568 3790 Ἰουδαίων
615 3733 967 3803 Συναγωγήν.
1013 3730 1168 3785 Οὕτω
1212 3730 1318 3800 γὰρ
1364 3731 1534 3801 αὐτὴν
1586 3728 1858 3799 ὠνόμαζε,

1961 3724 2357 3794 sapientissimo
2393 3726 2630 3780 omnium
2656 3725 2803 3782 Moss
2831 3727 2905 3781 ita
2934 3724 3197 3797 loquens:
3231 3747 3250 3781 ι
3284 3727 3340 3784 Si
3375 3731 3538 3785 luerit

283 3825 418 3893 περὶ
451 3821 544 3874 τοῦ
582 3823 860 3890 πανσὸφου
911 3820 1154 3882 Μωσέως
1186 3818 1354 3872 εἰπών
1376 3836 1388 3850 ν
1425 3839 1443 3871 ι
1481 3820 1604 3873 Ἐὰν
1635 3820 1859 3889 γένηται

1963 3819 2225 3886 propheta
2262 3833 2327 3872 ex
2365 3817 2516 3872 vobis
2550 3817 2798 3881 Domino,
2829 3819 2883 3873 in
2908 3819 3113 3873 visione
3135 3819 3211 3874 illi
3243 3836 3538 3891 cognoscat

233 3908 244 3914 ’
285 3916 573 3986 προφήτης
603 3914 662 3978 ἐξ
687 3914 842 3983 ὑμῶν
864 3912 1150 3984 Κυρίῳ,ὲν
1177 3912 1416 3982 ὁράματι
1444 3911 1591 3982 αύτῷ
1613 3912 1849 3982 γνωσθή-

1961 3915 2016 3960 et
2057 3909 2108 3962 in
2147 3923 2339 3963 somno
2368 3909 2557 3977 loiluar
2587 3909 2660 3965 ei.
2741 3907 2855 3964 Non
2899 3910 2980 3966 sic
3035 3920 3090 3963 ut
3133 3925 3322 3966 servus
3387 3927 3537 3967 mens

287 4023 490 4077 σομαι,
521 4008 613 4060 καί
642 4009 698 4060 ἐν
737 4005 889 4077 ῦπνῳ
920 4005 1139 4074 λαλήσω
1173 4003 1344 4074 αὐτῷ.
1370 4001 1485 4075 Οὐχ
1520 4003 1693 4066 οὕτως
1728 4004 1805 4066 ὡς
1829 4005 1860 4057 ό

1965 3997 2159 4061 Moses.
2200 4000 2251 4054 in
2286 4001 2432 4053 omni
2481 4001 2640 4054 domo
2687 4015 2805 4056 mea
2857 4000 3030 4056 ﬁdelis
3067 4012 3148 4056 est
3178 4001 3224 4033 “
3253 4038 3271 4057 .
3308 4021 3328 4054 ι
3397 4003 3539 4072 Ergo

291 4097 546 4168 θεράπων
595 4114 694 4167 μου
732 4081 962 4165 Μωσῆς,
1007 4097 1065 4147 ἐν
1107 4094 1211 4165 ὅλῳ
1241 4095 1320 4164 τῷ
1360 4094 1494 4164 οίκῳ
1538 4111 1639 4164 μου
1672 4095 1862 4156 πιστός

1963 4090 2188 4145 luiidata
2233 4101 2315 4145 cst
2343 4101 2596 4160 tanquam
2626 4093 2817 4148 domus
2839 4107 2934 4163 per
2962 4093 3238 4150 Chi-istum
3257 4131 3276 4162 ,
3330 4098 3424 4150 sed
3457 4096 3538 4148 iu-

290 4190 457 4242 ἐστιν.
495 4207 514 4239 ι
551 4187 764 4243 Οὐκοῦν
803 4186 1193 4256 τεθεμελίωται
1225 4187 1322 4256 μὲν
1358 4185 1545 4256 ὥσπερ
1587 4181 1732 4248 οἶκος
1776 4184 1864 4238 διὰ

1966 4181 2190 4236 tervallo
2217 4195 2427 4236 eversa.
2448 4181 2626 4248 Quare
2653 4184 2914 4253 prapbeta
2963 4182 3230 4241 Jeremias
3286 4195 3346 4242 ut
3405 4203 3539 4242 con-

292 4276 552 4348 Χριστοῦ·
569 4275 879 4348 καθῄρηται
901 4277 958 4328 δὲ
989 4274 1211 4347 μεταξύ.
1237 4277 1344 4328 Καὶ
1372 4274 1501 4344 γοῦν
1523 4277 1551 4328 ό
1579 4277 1864 4347 προφήτης

1964 4287 2178 4328 cussam
2232 4284 2284 4326 et
2312 4274 2605 4343 collapsam
2641 4276 2958 4344 deploratin
2991 4277 3105 4333 haec
3133 4280 3336 4334 verba:
3373 4298 3392 4331 ι
3431 4281 3538 4335 Do-

303 4365 576 4437 Ίερεμίας
604 4366 678 4430 ὡς
712 4365 1038 4419 πεπτωκότα
1079 4383 1138 4419 τε
1189 4367 1284 4419 καὶ
1341 4367 1686 4436 σεσεισμένον
1728 4383 1862 4419 κατ-

1965 4381 2085 4419 mns
2115 4365 2276 4420 Israel
2302 4365 2521 4429 cecidit,
2576 4375 2632 4421 et
2681 4382 2784 4421 non
2837 4376 2921 4421 est
2961 4368 3052 4435 qui
3109 4369 3288 4424 denuo
3337 4370 3539 4425 excitet

291 4456 622 4527 ωλοφύρετο,
657 4457 850 4526 λέγων’
880 4476 898 4508 ι
929 4453 1089 4520 Οἶκος
1103 4456 1318 4528 Ἰσραὴλ
1349 4457 1560 4519 ἔπεσεν,
1589 4457 1688 4509 οὐκ
1713 4455 1860 4510 ἔστιν
1892 4466 1907 4524 |

1923 4469 2104 4521 team.
2141 4474 2162 4510 ι
2217 4457 2592 4512 Verumtamen
2645 4473 2742 4526 per
2767 4457 3040 4513 Christum
3070 4460 3329 4525 excitata,
3377 4471 3432 4515 et
3485 4462 3539 4516 in

292 4549 320 4599 ὁ
343 4549 668 4620 ἀναστήσων
721 4548 902 4604 αὐτόν.
933 4567 951 4599 ι
994 4548 1140 4618 Πλὴν
1178 4550 1475 4618 ἐγήγερται
1503 4548 1590 4602 διὰ
1620 4549 1858 4621 Χριστοῦ

1965 4553 2126 4606 alium
2183 4549 2571 4618 melioremque
2606 4550 2830 4604 formam
2865 4560 3068 4606 mutata
3097 4552 3540 4618 est,introductis

295 4640 382 4692 καί
424 4639 838 4710 μετεσκευάσθη
874 4639 1008 4710 πρὸς
1049 4639 1109 4692 τὸ
1158 4639 1404 4709 ἄμεινον,
1436 4640 1860 4710 είσκεκομισμέο

1963 4643 2017 4698 in
2047 4643 2216 4713 ipsam
2247 4642 2516 4710 gentibus,
2544 4651 2600 4697 et
2625 4643 2860 4697 exhibita
2909 4643 2960 4698 in
3017 4645 3218 4698 mundo
3271 4642 3541 4711 Ecclesia,

294 4749 396 4784 νων
437 4731 586 4800 αύτῷ
623 4731 730 4785 τῶν
766 4730 958 4794 ἐθνῶν,
1002 4732 1094 4784 καὶ
1126 4731 1529 4803 ἀναδειχθείσης
1573 4733 1628 4785 ὲν
1675 4732 1864 4802 κόσμῳ

1972 4752 1991 4786 ι
2013 4749 2136 4803 quae
2161 4742 2246 4788 est
2263 4733 2456 4787 domus
2493 4732 2586 4788 Dei
2619 4732 2847 4788 viventis
2907 4731 2978 4800 ",
3004 4752 3022 4786 ι
3083 4734 3238 4804 cujus
3303 4736 3541 4804 pulchri-

291 4823 386 4892 τῆς
424 4822 786 4894 Ἐκκλησίας,
830 4841 848 4874 ι
879 4823 1003 4894 ἥτις
1044 4823 1190 4876 ἐστὶν
1237 4817 1384 4886 οἶκος
1413 4823 1544 4876 Θεοῦ
1587 4823 1809 4888 ζῶντος,
1839 4843 1859 4875 ι

1968 4826 2208 4880 tudinem
2238 4826 2608 4880 universorum
2639 4824 2896 4881 Dominus
2926 4842 2988 4881 ac
3040 4826 3178 4881 Deus
3245 4828 3537 4884 adamavit.

291 4906 356 4982 ἧς
385 4911 481 4964 τοῦ
511 4912 743 4974 κάλλους
779 4912 1003 4980 γέγονεν
1029 4911 1264 4984 ἐραστὴς
1295 4915 1323 4966 ὁ
1347 4913 1454 4966 τῶν
1492 4913 1628 4968 ὅλων
1661 4914 1866 4985 Κύριος

1967 4915 2182 4972 Etenim
2218 4917 2492 4986 Itemplum
2543 4919 2806 4974 extremis
2880 4920 3541 4989 temporibusexcitalnm,

295 5003 384 5054 καὶ
413 5002 582 5067 θεός..
604 5004 726 5056 Ὅτι
772 5004 880 5075 γὰρ
925 5005 1270 5074 ἀσυγκρίτως
1307 5005 1544 5075 ἀμείνων
1590 5006 1740 5078 παρὰ
1775 5007 1865 5060 τὸν

1966 5007 2264 5068 Ecclesium
2290 5009 2514 5074 scilicet,
2559 5008 2782 5065 inﬁnitis
2799 5010 3049 5080 partibus
3073 5013 3250 5080 primo
3284 5023 3541 5081 prastare

293 5093 509 5162 πρῶτον
557 5095 587 5147 ό
641 5096 700 5147 ὲν
743 5095 992 5164 ἐσχάτοις
1037 5098 1250 5166 καιροῖς
1301 5097 1668 5166 ἐγηγερμένος
1715 5097 1860 5162 ναὸς,

1969 5101 2102 5156 satis
2160 5114 2427 5169 superque
2453 5101 2653 5165 docuit,
2703 5115 2797 5170 per
2834 5103 3150 5172 prophetam
3177 5106 3428 5173 Aggaanm
3469 5103 3539 5156 ita

292 5185 590 5249 τουτέστιν,
618 5189 651 5258 ἠ
698 5186 996 5257 Ἐκκλησία
1015 5226 1030 5251 ,
1063 5187 1552 5260 πεπληροφόρηκεν
1583 5189 1752 5242 εἰπὼν
1779 5190 1868 5244 διὰ

1967 5193 2225 5262 loquens:
2255 5209 2274 5243 ι
2304 5191 2432 5258 Quis
2463 5201 2544 5248 est
2573 5208 2639 5250 ex
2674 5193 2824 5249 vobis
2851 5195 3010 5250 homo
3052 5196 3141 5264 qui
3170 5195 3302 5249 vidit
3325 5195 3544 5248 domum

296 5281 481 5349 φωνῆς
525 5279 780 5348 ’Δγγαιου
807 5279 904 5332 τοῦ
936 5281 1215 5348 προφήτου
1239 5296 1252 5311 ·
1281 5297 1298 5329 ι
1333 5278 1427 5344 Τίς
1451 5282 1598 5333 ἐστιν
1626 5281 1682 5348 ἐξ
1713 5282 1868 5352 ὑμῶν

1967 5283 2108 5339 hanc
2132 5284 2184 5336 in
2210 5283 2376 5350 gloria
2405 5298 2500 5338 sua
2525 5283 2704 5354 priore
2723 5285 2746 5340 ἲ
2765 5283 2834 5339 Et
2879 5286 3148 5354 quomodo
3191 5299 3288 5338 vos
3347 5284 3546 5341 videtis

295 5367 600 5438 ἄνθρωπος,
630 5369 690 5432 ὃς
719 5366 827 5424 εἶδε
856 5369 947 5423 τὸν
973 5365 1121 5422 οἷκον
1154 5371 1340 5424 τοῦτον
1371 5373 1430 5424 ὲν
1458 5374 1523 5442 τῇ
1551 5373 1676 5444 δόξῃ
1703 5373 1866 5427 αὑτοῦ

1969 5374 2142 5444 ipsam
2187 5389 2328 5429 nunc
2375 5375 2515 5429 sicut
2560 5391 2666 5429 non
2727 5376 3078 5430 exsistentem
3138 5374 3191 5426 iu
3250 5387 3540 5432 consuccln

294 5452 364 5530 τῇ
391 5459 732 5532 ἔμπροσθεν;
786 5460 896 5516 Καὶ
947 5462 1065 5527 πῶς
1113 5462 1269 5533 ὑμεῖς
1315 5463 1538 5533 βλέπετε
1573 5465 1736 5519 αὐτὸν
1775 5467 1871 5520 νῦν

1970 5476 2150 5523 vestro
2180 5468 2224 5499 δ’
2259 5469 2281 5522 ?
2319 5489 2338 5522 ι
2378 5467 2441 5524 Et
2491 5468 2629 5526 inira
2670 5484 2683 5521 :
2719 5487 2736 5521 ι
2785 5468 2920 5534 Quia
2973 5481 3168 5538 magna
3221 5482 3326 5526 erit
3375 5470 3550 5541 gloria

367 5655 412 5687 ⁸⁷
447 5654 618 5712 Hebr.
657 5671 688 5709 ν
725 5655 768 5687 ³⁸
797 5654 814 5709 l
845 5655 1000 5710 Esdr.
1035 5673 1086 5711 tv
1110 5696 1124 5722 ,
1161 5657 1183 5710 l
1218 5673 1372 5728 seqq.
1448 5661 1581 5730 Agg.
1622 5661 1851 5714 ιΑΞ-ιι.
1930 5662 1974 5693 ⁸⁸

1930 5662 1974 5693 ⁸⁸
2008 5663 2164 5718 Num.
2197 5680 2290 5730 Sil,
2324 5666 2378 5730 ϐ,
2417 5667 2469 5722 7.
2548 5665 2588 5698 ⁶¹
2621 5666 2637 5718 l
2666 5664 2804 5722 Tim.
2867 5683 2949 5736 ιιι,
2986 5669 3274 5744 1.5“¹Αες,
3339 5687 3397 5737 ιι,
3422 5671 3478 5729 6.
