4092 6202
611 276 671 331 71
1592 272 1647 327 S.
1692 268 1962 327 CYIULLI
2006 262 2470 326 ALEXANDRINI
2516 262 2833 320 ARCIIZEP.
3786 263 3856 316 7?.

608 393 804 446 doiuus
835 390 990 447 istius
1028 390 1334 447 novissimae
1367 404 1527 459 super
1554 391 1803 461 primam,
1834 391 1965 447 dicit
1998 389 2173 444 Domi-

2287 383 2465 446 καθὼς
2513 384 2610 453 οὐχ
2654 383 2966 453 ὑπάρχοντα
3012 378 3241 432 ἐνώπιον
3291 377 3478 447 ὑμῶνς
3513 396 3529 428 ι
3581 375 3689 461 Καὶ
3742 377 3861 446 μεθ’

610 497 714 537 nus
760 484 1099 550 omnipotens
1133 482 1211 534 ⁸³.
1244 499 1264 534 ι
1323 482 1797 539 Verumeniinvero
1858 484 1955 536 ista
2017 482 2186 536 histo-

612 572 725 626 rice
761 572 1019 624 duntaxat
1064 571 1382 641 intelligere,
1429 571 1558 641 quin
1605 586 1814 639 magna:
1863 572 2084 625 insaniae
2118 572 2188 625 sit

612 660 963 713 dubitandum
999 675 1103 713 non
1144 670 1249 725 est,
1308 660 1353 715 si
1407 661 1530 730 quis
1579 662 1897 731 cogitaverit
1953 676 2185 729 quonam

609 752 767 803 modo
799 751 1065 818 posterior
1083 751 1248 820 gloria
1263 752 1446 822 templi
1475 753 1569 807 Dei
1602 752 1940 821 praestantior
1972 753 2173 821 prioris

620 837 791 906 gloria
823 840 990 893 videri
1025 851 1219 908 queat:
1249 856 1371 895 nam
1418 841 1548 895 illud
1581 841 1819 896 incendit
1868 856 1930 896 ac
1967 842 2189 911 diripuit

612 926 941 999 Babylonius
968 929 1461 987 Nabuchodonosor
1494 952 1506 987 :
1539 934 1703 1003 690
1725 935 1825 988 hoc
1856 943 2034 988 autem
2066 943 2187 1002 post

615 1022 744 1075 illud
779 1031 1117 1079 exstructum
1148 1032 1267 1094 post
1297 1034 1507 1094 tempus
1539 1026 1886 1095 captivitatis,
1913 1024 2184 1081 nihilomi-

609 1128 710 1167 nus
745 1129 773 1166 a
827 1114 1086 1172 Romanis
1114 1118 1392 1172 incensum
1423 1131 1487 1171 ac
1513 1117 1797 1185 spoliatum
1826 1125 1928 1179 est,
1962 1118 2184 1186 ipsaque

609 1206 976 1277 Hierosolyma
1018 1218 1069 1262 et
1123 1207 1304 1263 Iudaea
1335 1208 1584 1262 universa
1633 1210 1698 1263 “.
1752 1208 1868 1263 Non
1914 1210 2075 1280 igitur
2116 1211 2181 1263 ad

606 1297 883 1351 veritatem
915 1296 1113 1352 sufﬁcit
1137 1298 1393 1353 historica
1424 1297 1688 1353 narratio.
1719 1297 1887 1365 Major
1911 1308 2090 1352 autem
2130 1308 2185 1352 et

605 1390 947 1455 praestantior
986 1389 1154 1459 gloria
1210 1390 1483 1460 posterior
1534 1405 1693 1459 quam
1734 1390 1901 1459 prior,
1942 1390 2183 1445 Ecclesia

605 1490 877 1547 :tSsttmpla
902 1497 921 1530 ι
950 1479 1004 1533 in
1030 1480 1282 1551 templum
1315 1489 1581 1544 sanctum,
1606 1480 1659 1534 in
1700 1481 2063 1535 habitaculum
2091 1481 2183 1537 Dei

604 1568 656 1622 in
688 1569 887 1637 Spiritu
923 1570 990 1625 “.
1018 1589 1036 1622 ι
1064 1570 1577 1641 Superzediticamur
1599 1571 1745 1627 enim
1778 1587 1941 1642 super
1988 1573 2180 1627 funda-

604 1671 778 1713 menta
803 1661 1165 1729 apostolorum
1187 1670 1240 1716 et
1257 1662 1658 1733 prephetarum,
1682 1676 1777 1729 per
1809 1678 2023 1718 omnem
2055 1678 2185 1717 con-

2289 477 2453 545 ἔτερα
2473 490 2485 503 ·
2513 495 2531 527 ι
2554 474 2698 526 Διότι
2730 472 2939 543 μεγάλη
2963 471 3115 523 ἔσται
3149 471 3181 540 ή
3214 469 3339 533 δόξα
3370 469 3464 520 τοῦ
3496 456 3645 521 οἴκου
3667 468 3861 523 τούτου

2290 570 2323 638 ή
2356 568 2559 637 ἐσχάτη
2605 566 2743 636 ὑπὲρ
2786 566 2884 635 τὴν
2920 563 3141 633 πρώτην
3165 603 3181 627 ,
3231 561 3379 630 λέγει
3424 562 3629 631 Κύριος
3662 578 3845 614 παντο·

2289 659 2531 728 κράτωρ.
2567 676 2586 709 ι
2630 657 2766 709 Ἀλλ’
2808 657 2888 708 ὅτι
2924 655 3021 724 μέν
3055 653 3213 723 μόνον
3255 652 3541 723 ίστορικῶς
3574 653 3640 704 τά
3685 652 3860 704 τοιάδε

2288 753 2430 803 νοεῖν
2452 749 2826 818 ἀπόπληκτον,
2860 748 2960 801 οὐκ
2988 747 3053 800 ἂν
3083 734 3369 798 ἐνδοιάσειέ
3390 762 3491 807 τις,
3511 742 3861 812 ἐννενοηκὼς,

2288 842 2369 895 ὃτι
2412 841 2528 903 πῶς
2574 840 2640 894 ἂν
2671 841 2840 892 νοοῖτο
2870 837 3279 909 προφερεστέρα
3315 836 3415 904 τῆς
3448 835 3695 904 πρώτης,
3730 836 3764 904 ή
3802 836 3859 886 ἐν

2288 934 2541 1004 ἐσχάτοις
2587 932 2714 996 δόξα
2760 930 2852 982 τοῦ
2900 929 3045 982 θείου
3096 927 3248 988 ναοῦ.
3287 926 3443 995 εἴπερ
3496 928 3702 977 ἐκεῖνον
3758 924 3856 994 μὲν

2291 1024 2666 1092 κατενέπρησε
2698 1021 2806 1073 ικαὶ
2862 1020 3162 1089 διήρπασεν
3205 1018 3234 1068 ό
3274 1014 3612 1076 Βαϐυλώνιος
3642 1015 3857 1067 Ναϐου-

2287 1114 2617 1185 χοδονόσωρο
2662 1111 2754 1164 τὸν
2799 1109 2855 1162 δὲ
2898 1107 3016 1178 μετ’
3051 1110 3257 1161 ἐκεῖνον
3304 1108 3673 1178 ἐγηγερμένον
3722 1123 3861 1176 μετα

2285 1206 2377 1258 τὸν
2393 1204 2493 1274 τῆς
2515 1200 2889 1273 αἰχμαλωσίας
2904 1199 3120 1273 καιρὸν,
3133 1200 3285 1253 οὐδὲν
3302 1195 3462 1271 ἦττον
3491 1200 3749 1268 Ῥωμαῖοι
3769 1217 3839 1250 κα

2287 1293 2650 1363 τενέπρησαν,
2678 1288 3230 1361 συγκαταδηώσαντες
3258 1290 3406 1359 αὐτῷ
3432 1292 3517 1343 καὶ
3549 1288 3597 1361 [τ
3610 1289 3767 1361 ]αὑτὰ
3796 1291 3863 1341 τά

2298 1384 2676 1453 Ἰεροσόλυμα,
2726 1382 2821 1435 καὶ
2857 1382 3074 1435 ἅπασαν
3103 1381 3159 1434 δὲ
3202 1382 3303 1451 τὴν
3336 1381 3604 1434 Ἰουδαίων
3634 1381 3817 1450 χώραν
3848 1398 3863 1444 ;

2287 1475 2495 1528 Οῦκουν
2528 1475 2740 1545 ἀπόχρη
2778 1474 2912 1542 πρὸς
2944 1473 3201 1543 ἀλήθειαν
3234 1473 3267 1543 ή
3308 1474 3405 1543 τῆς
3452 1472 3691 1541 ἱστορίας
3724 1472 3862 1524 a726—

2284 1566 2451 1629 δοσις.
2489 1566 2754 1635 Ἀμείνων
2786 1565 2843 1616 δὲ.
2893 1566 2988 1617 καὶ
3010 1565 3424 1636 προφερεστέρα
3450 1566 3547 1634 τῆς
3577 1564 3796 1634 πρώτης
3824 1566 3859 1633 ή

2285 1658 2572 1711 τελευταία
2605 1656 2752 1722 δόξα,
2784 1656 3234 1726 παραληφθείσης
3270 1655 3704 1724 τῆςἘκκλησίας
3740 1674 3757 1705 ι
3782 1657 3862 1716 εἰς

602 1762 806 1805 taetqu
852 1753 1203 1821 suppeditata
1256 1752 1589 1821 operationis
1637 1752 1897 1820 cujusque
1954 1752 2173 1806 membri

2286 1750 2411 1803 ναὸν
2456 1748 2630 1817 ἅγιον,
2679 1751 2758 1811 είς
2808 1750 3228 1818 κατοικητήριον
3266 1746 3359 1799 τοῦ
3407 1746 3542 1799 Θεοῦ
3590 1749 3647 1801 ἐν
3687 1747 3856 1798 πνεύο

600 1845 834 1913 coaptati
872 1852 1034 1914 atque
1068 1843 1373 1915 compositi,
1410 1852 1467 1899 et
1496 1844 1658 1898 veluti
1694 1844 1836 1898 inter
1867 1859 1964 1898 nos
2014 1843 2173 1897 foedus

2295 1856 2445 1911 ματι.
2488 1858 2505 1890 ι
2553 1837 3084 1908 Ἐποικοδομούμεθα
3116 1838 3225 1907 γὰρ
3254 1837 3345 1889 ἐπὶ
3381 1837 3458 1907 τῷ
3485 1837 3722 1908 θεμελίῳ
3753 1838 3864 1890 τῶν

596 1936 845 1991 ineuntes
880 1937 931 1991 in
980 1936 1242 1991 unitatem
1285 1936 1408 1990 Iidei
1437 1944 1491 1991 et
1526 1933 1831 1990 dilectionis
1866 1948 1962 2003 per
2013 1934 2173 2004 Spiri-

2290 1932 2607 1988 ἀποστόλων
2653 1933 2746 1984 καὶ
2799 1930 3131 2000 προφητῶν,
3182 1930 3270 1983 διὰ
3324 1934 3505 2001 πάσης
3561 1931 3706 2000 ἁφῆς
3762 1935 3863 2002 τῆς

598 2037 737 2091 tum,
766 2028 831 2081 ad
862 2027 1195 2083 elliciendum
1216 2026 1470 2096 templum
1494 2036 1767 2081 sanctum.
1793 2024 2021 2095 Lapides
2043 2026 2173 2079 enin

2290 2021 2649 2093 ἐπιχορηγίας
2710 2021 2808 2091 τῆς
2874 2021 2994 2073 κατ’
3048 2022 3328 2092 ἐνέργειαν
3380 2024 3611 2076 ἑκάστου
3668 2024 3863 2093 μέλους

597 2116 705 2169 vivi
731 2131 918 2172 sumus
938 2117 1007 2171 “.
1039 2116 1398 2183 Quamobrem
1414 2116 1631 2171 divinus
1646 2114 1841 2170 Paulus
1855 2114 2173 2170 credentiun‘

2292 2112 2889 2185 συναρμολογούμενοι,
2944 2112 3039 2166 καὶ
3104 2108 3512 2185 συντιθέμενοι,
3559 2116 3652 2168 καὶ
3698 2117 3862 2169 οἱονεί

598 2208 997 2261 multitudinem
1048 2221 1190 2262 nunc
1218 2206 1435 2276 quidem
1477 2206 1569 2260 Dei
1600 2205 2007 2275 agriculturam,
2042 2219 2173 2258 mmt

2289 2222 2409 2268 πως
2441 2204 2691 2275 ἀλλήλοις
2713 2204 3103 2274 συμϐαίνοντες
3128 2207 3204 2269 είς
3229 2206 3454 2275 ἑνότητα
3503 2208 3737 2271 πίστεως
3766 2208 3857 2261 καὶ

598 2295 690 2351 Dei
761 2298 1171 2354 aediﬁcationem
1246 2298 1461 2353 vocavit
1488 2296 1533 2329 δ’
1572 2312 1586 2349 :
1626 2295 1782 2365 cujus
1847 2304 1909 2350 ut
1968 2296 2173 2364 sapiens

2285 2296 2506 2363 ἀγάπης
2552 2294 2641 2346 ἐπὶ
2680 2292 2774 2347 τοῦ
2823 2294 3138 2364 Πνεύματος
3188 2298 3271 2359 είς
3311 2298 3438 2349 ναὸν
3484 2298 3660 2365 ᾶγιον.
3702 2299 3854 2352 Λίθοι

598 2387 923 2442 architectus
971 2386 1373 2442 fundamentum
1437 2387 1617 2458 posuit
1686 2385 1847 2442 Jesus
1905 2384 2175 2451 Christus,

597 2477 686 2531 cui
742 2490 931 2533 omnes
984 2478 1307 2547 innitimur,
1377 2493 1477 2550 per
1533 2490 1692 2547 quem
1753 2486 1809 2532 et
1854 2484 2082 2538 stamus,
2121 2486 2179 2531 et

597 2566 852 2638 templum
879 2569 1239 2636 nominamur,
1264 2570 1438 2639 ipsum
1458 2569 1721 2624 habentes
1745 2568 1799 2622 in
1839 2579 2022 2622 mente
2045 2578 2100 2622 et
2121 2568 2173 2622 in

593 2660 780 2721 corde,
814 2673 914 2729 per
938 2659 1197 2729 Spiritum
1230 2660 1563 2716 habitantem
1604 2667 1658 2715 et
1685 2670 1989 2714 manentem
2018 2660 2085 2692 λε’

2286 2385 2395 2455 γάρ
2425 2384 2591 2453 ἐσμεν
2615 2382 2835 2446 ζῶντες.
2869 2384 2980 2436 Καὶ
3008 2382 3137 2451 γοῦν
3163 2385 3190 2435 ὁ
3212 2383 3498 2446 θεσπέσιος
3522 2386 3732 2448 Παῦλος
3758 2386 3859 2456 τὴν

2282 2476 2393 2529 τῶν
2418 2474 2860 2528 πεπιστευκότων
2878 2474 3107 2543 πληθὺν,
3129 2474 3257 2527 ποτέ
3285 2476 3383 2547 μὲν
3408 2475 3543 2529 Θεοῦ
3567 2476 3857 2547 γεώργιον,

2282 2566 2414 2619 ποτὲ
2446 2566 2501 2619 δέ
2533 2566 2596 2637 δὴ
2630 2561 2723 2619 οὗν
2762 2566 2857 2619 καὶ
2893 2565 3181 2637 οἰκοδομὴν
3222 2566 3473 2637 ὠνόμαζε
3505 2566 3667 2620 Θεοῦο
3702 2569 3796 2620 καὶ
3831 2572 3860 2621 ὁ

2283 2659 2447 2728 σοφὸς
2480 2658 2816 2731 ἀρχιτέκτων
2862 2657 3107 2728 θεμέλιον
3136 2658 3401 2723 τέθεικεν,
3439 2656 3595 2723 οὗτος
3619 2661 3674 2713 δέ
3710 2662 3857 2713 ἐστιν

607 2748 815 2820 Ἰησοῦς
842 2753 870 2804 ὁ
897 2751 1130 2821 Χριστὸς
1152 2793 1167 2817 ,
1192 2745 1237 2821 ᾧ
1262 2753 1325 2825 δὴ
1354 2752 1554 2815 πάντες
1588 2751 1978 2823 ἐρηρείσμεθα,
2036 2752 2104 2804 δι’
2135 2743 2196 2805 οὗ
2234 2752 2328 2805 atat
2366 2750 2698 2821 ἑστήκαμεν,
2751 2750 2847 2803 καὶ⁵
2867 2750 2984 2802 ναοὶ
3009 2767 3111 2823 χρη
3123 2750 3440 2820 ματίζομεν,
3459 2750 3619 2804 αὐτὸν
3641 2751 3856 2819 ἔχοντες

596 2849 678 2911 είς
712 2847 837 2900 νοῦν
863 2848 958 2901 καὶ
982 2848 1213 2920 καρδίαν
1242 2848 1558 2921 ἐνῳκηκότα
1588 2866 1647 2902 τε
1672 2850 1767 2903 καὶ
1786 2848 2173 2922 ἐνηυλισμένον
2207 2846 2295 2902 διὰ
2326 2845 2421 2900 τοῦ
2454 2845 2789 2917 Πνεύματος.

669 2939 934 2997 Vens.IO.
966 2941 1095 3007 Quis
1125 2943 1259 2995 enim
1288 2942 1521 3009 despexit
1557 2940 1612 2993 in
1669 2941 1779 2995 dies
1827 2941 2054 3010 parvos!
2099 2938 2169 2993 Et

2345 2939 2499 2992 Διότι
2530 2937 2623 3002 τις
2652 2934 3068 3001 ὲξουδένωσεν
3090 2938 3179 3002 εὶς
3212 2936 3441 3005 ἡμέρας
3466 2938 3680 3005 μικράς
3699 2952 3718 2999 ;
3738 2938 3853 2991 Καὶ

594 3030 934 3095 (relabuntur,
970 3043 1015 3085 et
1045 3032 1287 3085 uidebunt
1310 3030 1536 3099 lapidem
1577 3038 1857 3085 stanneum
1905 3032 1961 3086 in
2016 3049 2175 3086 manu

594 3119 901 3176 Zorobabel.
948 3121 1151 3191 Septem
1186 3122 1275 3176 isti
1304 3121 1442 3176 oculi
1476 3119 1691 3177 Domini
1714 3132 1858 3191 sunt,
1894 3126 2177 3195 respicien-

595 3224 670 3267 ((8
695 3229 855 3283 super
878 3228 1081 3267 omnem
1104 3224 1321 3269 terram.

666 3389 881 3446 XXVII.
905 3390 1019 3448 Non
1055 3402 1140 3449 est
1166 3396 1231 3450 de
1260 3409 1384 3450 mox
1416 3394 1615 3452 futuris
1646 3396 1819 3465 visio;
1874 3396 1967 3452 sed
1997 3395 2177 3465 potius

590 3482 659 3538 de
682 3482 1010 3539 deducendis
1051 3485 1117 3540 ad
1150 3488 1480 3557 propositum
1510 3490 1692 3554 linem,
1741 3497 1800 3543 ut
1848 3487 2177 3556 temporibus

590 3576 855 3631 adventus
884 3575 1123 3630 omnium
1171 3589 1415 3633 nostrum
1468 3578 1773 3636 Salvatoris
1829 3577 2053 3643 Christi,
2083 3576 2173 3643 qui

592 3667 647 3720 in
678 3676 920 3721 extrema
952 3677 1193 3738 tempora
1219 3672 1403 3727 saeculi
1435 3672 1595 3743 hujus
1634 3672 1859 3727 incidit:
1919 3679 2173 3724 cancrum

592 3774 702 3814 non
749 3760 821 3813 ita
867 3760 957 3815 diu
1012 3771 1136 3829 post
1199 3762 1338 3817 hanc
1404 3763 1743 3831 prophetiam
1787 3763 2006 3825 editam,
2059 3760 2175 3815 sive

595 3847 850 3917 templum
886 3864 980 3919 per
1007 3864 1226 3905 manum
1267 3849 1569 3906 Zorobabel
1594 3851 1910 3905 excitatum.
1954 3850 2011 3904 Si
2053 3850 2174 3919 quis

594 3940 779 4010 igitur,
823 3941 1017 4009 inquit,
1064 3942 1371 4012 despexerit
1441 3942 1647 3997 medios
1688 3941 1802 3995 dies
1856 3955 2052 4011 parvos
2120 3950 2175 3995 et

590 4046 655 4099 pa
667 4047 818 4095 neos,
841 4032 951 4087 sive
982 4032 1120 4087 nihil
1141 4033 1452 4102 pependerit
1472 4031 1803 4094 dilationem,
1822 4046 1924 4085 non
1948 4040 2174 4085 moestus

589 4130 808 4191 propter
835 4123 1200 4188 hoc,omnino
1233 4124 1377 4178 omni
1409 4122 1594 4178 Izetitia
1620 4122 1932 4191 replebitur.
1961 4120 2169 4176 Gaude-

590 4212 669 4267 bit
700 4214 867 4279 enim,
890 4223 947 4269 et
968 4216 1168 4270 videbit
1193 4215 1419 4285 lapidem
1448 4224 1730 4271 stanneum
1756 4215 1807 4270 in
1855 4229 2016 4270 manu
2069 4214 2172 4269 Zo-

2282 3030 2651 3101 χαρήσονται
2675 3068 2689 3093 ,
2721 3028 2819 3081 καί
2852 3029 3101 3096 ὄψονται
3149 3028 3258 3081 τὸν
3290 3030 3465 3082 λίθον
3499 3030 3606 3082 τὸν
3640 3046 3855 3083 κασσι-

2281 3124 2515 3191 τέρινον
2539 3122 2609 3173 ἐν
2638 3120 2790 3188 χειρὶ
2825 3119 3174 3187 Ζοροσάΰελ.
3220 3121 3405 3173 Ἑπτὰ
3434 3118 3598 3176 οὗτοι
3632 3123 3855 3189 ὀφθαλ-

2276 3214 2375 3283 μοὶ
2425 3214 2648 3280 Κυρίου
2692 3211 2869 3277 εἰσιν,
2921 3214 2975 3266 οἱ
3023 3211 3472 3279 ἀποϐλέποντες
3507 3214 3603 3266 ἐπὶ
3648 3214 3854 3268 πᾶσαν

2278 3306 2395 3374 τὴν
2426 3306 2563 3375 γῆν.

2350 3398 2473 3451 KZ'.
2515 3398 2590 3450 Οὐ
2624 3396 2753 3468 περὶ
2782 3396 2894 3449 τῶν
2941 3396 3102 3459 εὐθὺς
3148 3396 3422 3467 ἐσομένων
3458 3396 3490 3467 ἠ
3519 3397 3737 3468 ὅρασις,
3766 3397 3853 3451 ἑν-

2278 3490 2657 3561 εχθησομένων
2678 3489 2733 3541 δέ
2769 3488 2968 3558 μᾶλλον
2993 3489 3073 3551 εἰς
3102 3488 3294 3559 πέρας,
3328 3490 3403 3551 ὡς
3432 3492 3488 3543 ἐν
3519 3493 3729 3560 καιροῖς
3751 3493 3851 3561 τῆς
3872 3474 3883 3481 λ

2278 3581 2575 3652 ἐπιδημίας
2616 3580 2710 3633 τοῦ
2747 3580 2966 3633 πάντων
3011 3580 3171 3650 ήμῶν
3217 3581 3466 3651 Σωτῆρος
3496 3581 3763 3652 Χριστοῦ,
3815 3584 3849 3653 ἢ

2276 3671 2469 3741 γέγονε
2505 3670 2601 3739 μὲν
2628 3671 2685 3723 ἐν
2714 3670 2961 3739 ἐσχάτοις
2985 3669 3079 3723 τοῦ
3108 3670 3374 3740 παρόντος
3395 3671 3589 3734 αἰῶνος
3612 3674 3846 3742 καιροῖς

2278 3763 2415 3833 πλὴν
2442 3760 2502 3814 οὗ
2526 3779 2608 3814 τοι
2640 3760 2855 3820 πολλοῖς
2888 3758 3025 3829 μετὰ
3049 3760 3223 3815 ταῦτα
3251 3761 3464 3832 χρόνοις
3498 3761 3594 3830 τῆς
3626 3778 3851 3831 προκειο

2280 3851 2449 3921 μένης
2468 3852 2603 3920 ἡμῖν
2634 3849 2991 3920 προφητείας,
3016 3850 3134 3921 ήτοι
3163 3852 3261 3920 τῆς
3282 3850 3570 3920 οἰκοδομῆς
3600 3851 3693 3903 τοῦ
3719 3851 3849 3904 ναοῦ

2274 3938 2367 3991 τοῦ
2404 3938 2492 3991 διὰ
2544 3939 2726 4007 χειρὸς
2774 3938 3077 4005 Ζοροὸάὸελ
3109 3939 3502 4009 ἐγηγερμένον.
3542 3938 3611 3993 Εἴ
3640 3957 3725 4001 τις
3754 3937 3849 3993 οὖν

2274 4029 2405 4099 ἄρα,
2451 4029 2639 4099 φησὶν,
2696 4027 3068 4091 ἐξουδενώσειε
3113 4030 3210 4093 τὰς
3255 4030 3457 4101 μεταξὺ
3505 4032 3704 4104 μικρὰς
3754 4036 3850 4087 καὶ

2274 4121 2675 4191 εὐαριθμήτους
2728 4120 2982 4191 ἡμέρας,
3032 4122 3199 4189 ἥγουν
3242 4122 3393 4175 οὐδὲν
3444 4124 3709 4195 ἡγήσαιτο
3746 4127 3849 4196 τὴν

2275 4211 2592 4281 ἀνάϐλησιν,
2618 4211 2719 4264 οὐκ
2742 4211 3043 4283 άκηδιάσας
3078 4213 3213 4284 πρὸς
3245 4213 3421 4276 τοῦτο,
3451 4214 3627 4285 πάντη
3661 4232 3721 4267 τε
3750 4218 3848 4267 καὶ

591 4303 829 4359 robabel.
860 4304 1148 4361 Stanneum
1179 4284 1308 4362 vero
1351 4306 1577 4377 lapidem
1603 4306 1875 4362 Christum
1908 4306 2169 4362 nominat.

2278 4308 2495 4370 πάντως
2528 4306 2742 4377 ἁπάσης
2764 4305 2915 4359 ἔσται
2937 4306 3203 4377 θυμηδίας
3233 4306 3502 4377 ἔμπλεως.
3530 4284 3849 4379 Χαρήσεται

586 4394 819 4450 Causam
846 4397 892 4452 si
924 4397 1046 4466 quis
1075 4412 1236 4453 nosse
1269 4398 1435 4463 volet,
1484 4412 1607 4453 mox
1660 4397 1888 4451 dixerint
1929 4405 1983 4449 et
2049 4411 2168 4465 qua:

589 4487 709 4541 aliis
737 4488 1009 4553 videntur,
1041 4497 1096 4544 et
1148 4490 1304 4545 nobis
1365 4502 1579 4559 quoque
1637 4490 1954 4557 probantur.
2001 4487 2169 4541 Aiunt

585 4579 729 4633 enim
764 4588 1015 4634 stantium
1047 4595 1112 4635 ex
1150 4596 1258 4636 tere
1287 4590 1340 4635 et
1395 4580 1612 4650 plumbo
1642 4580 1949 4647 temperari,
2005 4588 2167 4649 atque

589 4668 793 4723 idrirco
836 4686 935 4725 nec
959 4672 1180 4727 omnino
1205 4686 1394 4727 carere
1411 4670 1630 4735 duritie,
1656 4684 1754 4723 nec
1782 4684 1974 4724 vacare
2002 4670 2162 4725 etiam

586 4758 939 4813 mollitudine.
988 4760 1148 4830 691
1181 4760 1291 4815 Nos
1344 4776 1559 4831 quoque
1639 4761 2034 4829 quodammodo
2095 4776 2161 4815 ex

582 4847 787 4904 deitate
815 4864 935 4918 quae
962 4852 1013 4905 vi
1038 4852 1181 4905 nulla
1213 4853 1387 4920 frangi
1426 4866 1489 4906 ac
1542 4852 1808 4906 debilitari
1851 4860 2043 4921 potest,
2108 4862 2162 4907 et

584 4956 649 4996 ex
678 4942 905 4995 humana
990 4952 1205 5009 natura,
1256 4942 1627 4999 aﬂ’ectionibus
1694 4944 1849 5013 quasi
1906 4946 2156 5009 obnoxia,

584 5027 988 5087 Emmanuelem
1052 5034 1443 5102 componimus.
1496 5033 1784 5089 Sciendum
1845 5049 2003 5103 porro
2065 5036 2161 5088 ad-

563 5132 858 5201 ‘amantem
887 5139 1101 5194 quoque
1137 5124 1355 5195 plumbo
1387 5126 1547 5180 facile
1584 5125 1871 5195 confringi,
1897 5138 1954 5180 ut
1987 5129 2156 5191 aiunt,

585 5232 709 5270 cum
741 5227 918 5271 tamen
944 5216 994 5271 id
1017 5232 1113 5286 per
1136 5218 1296 5271 aliam
1368 5219 1650 5273 materiam
1725 5234 1829 5273 non
1904 5220 2156 5289 patiatur.

589 5309 828 5364 Dicimus
873 5324 1002 5379 ergo
1030 5309 1326 5374 Christum,
1368 5311 1615 5380 quamvis
1662 5312 1949 5378 benignum
2007 5311 2159 5365 valde

589 5397 849 5470 longeque
884 5404 1326 5471 valentissimum,
1358 5412 1485 5458 etut
1519 5404 1683 5458 Deum
1708 5404 1850 5458 nulla
1879 5404 2155 5472 praeditum

584 5491 813 5553 saevitia.
852 5509 950 5549 ceu
979 5496 1320 5551 adamantem
1358 5496 1640 5567 quemdam
1679 5494 2016 5567 confringere
2052 5495 2155 5549 Sa-

656 5670 704 5702 “
722 5672 940 5742 Agg.n,
965 5674 1053 5730 I0.
1129 5675 1174 5706 “
1200 5673 1265 5729 IV
1291 5672 1424 5744 Reg.
1462 5674 1640 5741 xxv,'I
1675 5688 1806 5746 sc'qq

2274 4401 2404 4472 γὰρ,
2434 4401 2530 4454 καὶ
2558 4400 2747 4471 δψεται
2776 4400 2865 4453 τὸν
2907 4398 3053 4452 λίθον
3079 4399 3170 4452 τὸν
3202 4400 3578 4471 κασσιτέρινον
3615 4403 3671 4452 ἐν
3702 4403 3849 4471 χειρὶ

2272 4492 2598 4563 Ζοροϐάϐελ.
2654 4491 3093 4559 Κασσιτέρινον
3140 4490 3197 4543 δὲ
3244 4490 3387 4542 λίθον
3451 4491 3700 4561 ὠνόμασε
3752 4492 3848 4546 τὸν

2271 4584 2525 4654 Χριστόν.
2560 4583 2669 4636 Καὶ
2701 4584 2753 4634 εῑ
2776 4599 2860 4645 τις
2894 4580 3136 4650 βούλοιτο
3167 4581 3266 4651 τὴν
3300 4581 3480 4635 αἰτίαν
3513 4583 3843 4651 άναμαθεῖν,

2273 4673 2437 4743 φαίην
2476 4672 2542 4725 ἂν
2572 4672 2732 4733 εὐθὺς
2764 4671 2832 4723 τὰ
2877 4669 3136 4723 δοκοῦντά
3179 4686 3324 4735 τισι,
3373 4673 3468 4724 καὶ
3494 4675 3628 4743 ἡμῖν
3661 4676 3847 4739 αὐτοῖς

2269 4762 2446 4834 ὀρθῶς
2496 4761 2641 4832 ἔχειν
2689 4761 3093 4832 ῦπειλημμένα.
3143 4763 3206 4814 οι
3258 4763 3354 4833 μὲν
3405 4765 3514 4836 γάρ
3544 4774 3697 4834 ’φασι
3749 4767 3845 4819 τὸν

2270 4854 2592 4923 κασσίτερον
2640 4854 2747 4907 ἀπό
2800 4871 2858 4906 τε
2903 4854 3104 4925 χαλκοῦ
3142 4857 3238 4909 καὶ
3283 4856 3531 4926 μολίεδου
3576 4861 3671 4926 τὴν
3703 4857 3841 4925 σύγ.

2268 4961 2468 5015 κρασιν
2506 4944 2670 5014 ἔχειν,
2705 4945 2797 4997 καὶ
2825 4945 3029 5014 ταύτης
3058 4946 3223 5000 ἕνεκα
3256 4948 3354 5017 τῆς
3386 4951 3563 5012 αἰτίας
3590 4947 3709 5001 οὔτε
3740 4950 3842 5003 τοῦ

2267 5033 2404 5089 εἶναι
2444 5036 2678 5109 σκληρὸν
2720 5038 3065 5107 ἀπηλλάχθαι
3099 5040 3403 5106 παντελῶς,
3453 5043 3573 5094 οὔτε
3612 5041 3715 5112 μὴν
3745 5043 3843 5094 άν-

2266 5129 2511 5182 αίνεσθαι
2542 5130 2604 5180 τὸ
2642 5128 2787 5199 ἔχειν
2820 5129 2913 5181 καὶ
2944 5129 3259 5201 μαλθακῶς.
3302 5132 3632 5201 Συντίθεμεν
3661 5134 3714 5185 δὲ
3745 5137 3845 5189 καὶ

2261 5224 2424 5291 ἡμεῖς
2457 5220 2822 5274 κατὰποιόνδε
2880 5222 3002 5274 τινὰ
3041 5223 3240 5293 τρόπον
3275 5224 3364 5277 τὸν
3399 5225 3746 5295 Ἐμμανουήλ
3776 5226 3842 5280 ἔκ

2261 5331 2321 5365 τε
2363 5314 2461 5383 τῆς
2493 5313 2803 5386 ἀθραύστου
2846 5313 3127 5386 θεότητος,
3162 5319 3256 5369 καὶ
3293 5318 3355 5369 ἐκ
3392 5316 3491 5386 τῆς
3525 5318 3685 5370 οίονεί
3720 5336 3841 5382 πως

2262 5402 2543 5473 ἐμπαθοῦς
2591 5400 3034 5476 ἀνθρωπότητος.
3098 5405 3291 5475 ’ἰστέον
3330 5404 3418 5469 δέ,
3460 5406 3542 5458 ὅτι
3594 5406 3689 5459 καὶ
3746 5407 3842 5459 τὸν

2264 5496 2547 5565 ἀδάμαντα
2580 5495 2725 5548 λίθον
2771 5496 3004 5567 μολίδδῳ
3052 5497 3214 5567 φασὶν
3258 5497 3495 5561 εὐκόλως
3543 5496 3839 5569 συνθραύε-

1908 5675 1950 5707 ⁸⁸
1981 5672 2173 5745 Epltcs.

2302 5676 2391 5731 Ἦ.
2438 5678 2481 5709 ⁸⁸
2512 5677 2529 5732 I
2558 5679 2697 5732 Petr.
2734 5693 2790 5742 tt,
2825 5677 2875 5729 5.
2918 5676 2961 5705 "’
3006 5673 3172 5731 lCor.
3199 5692 3278 5738 III,
3309 5675 3360 5731 9.
3426 5677 3468 5708 ⁸⁸
3499 5675 3833 5733 lbid.I0-l7.
