4092 6202
308 231 378 286 75
1121 218 1666 278 COMMENTARIUS
1700 219 1765 274 IN
1805 215 2210 274 ZACHARIAM
2245 212 2683 270 PROPIIETAM.
3485 217 3554 275 τι

310 353 458 415 σθαι,
495 347 670 403 καίτοι
713 345 870 398 τοῦτο
913 342 1108 395 παθεῖν
1150 342 1215 394 δι’
1246 343 1440 412 ἐτέρας
1484 341 1616 412 ὕλης
1647 343 1748 394 οὐκ
1786 341 1880 393 dv-

1986 346 2186 399 tanam,
2220 335 2284 388 de
2319 350 2424 404 quo
2451 335 2708 402 scriptum
2749 344 2960 390 exstat:
3003 356 3020 386 ‹
3043 336 3146 391 Cor
3171 335 3286 405 ejus
3339 337 3554 394 indura-

309 442 587 512 εχόμενον.
622 437 802 507 Φαμὲν
826 428 942 501 οὖν,
984 435 1064 487 ὅτι
1109 433 1284 486 καίτοι
1331 433 1566 504 χρηστὸς
1595 431 1670 484 ὢν
1717 432 1878 499 ἄγαν,

311 534 408 585 καὶ
437 528 709 600 παναλκὴς
759 531 788 582 6
828 527 1088 597 Χριστὸς,
1139 526 1234 578 καὶ
1265 525 1326 578 τὸ
1366 526 1572 596 ἀπηνὲς
1601 526 1701 578 οὐκ
1744 523 1882 593 ἔχων

310 623 386 686 ὼς
411 623 562 686 Θεὸς,
579 616 691 673 οἷον
715 620 1002 690 άδάμαντά
1030 636 1152 672 τινα
1177 617 1468 690 συνθραύει
1495 619 1584 672 τὸν
1615 619 1880 677 Σατανᾶν,

312 713 441 783 περὶ
481 706 542 766 οὗ
586 711 932 782 γέγραπται·
989 729 1008 762 ι
1045 711 1110 764 Ἥ
1171 711 1369 782 καρδία
1415 709 1580 764 αὑτοῦ
1635 709 1882 775 πέπηγεν

310 805 497 874 ὥσπερ
527 803 696 866 λίθος.
730 804 968 874 Ἕστηκε
999 802 1056 856 δὲ
1088 802 1279 873 ὥσπερ
1304 802 1496 872 άκμων
1526 800 1813 872 ἀνήλατος.
1858 818 1876 850 ι

310 898 467 950 Δοκεῖ
511 911 578 964 γε
628 893 731 965 μὴν
765 893 860 948 καλ⁸
898 894 1101 965 ἑτέρως
1139 892 1232 946 τὸν
1273 893 1614 964 κασσίτερον,
1660 891 1757 943 εἴτ’
1789 885 1882 943 οὖν

309 989 399 1042 τὸν
448 987 698 1057 μόλιϐδον
748 988 827 1049 εἰς
877 985 1254 1056 ἀποκάθαρσιν
1291 985 1390 1055 τὴν
1435 984 1522 1037 διὰ
1567 983 1737 1054 πυρὸς
1785 982 1882 1051 τῆς

311 1079 506 1149 ἐτέρας
543 1076 676 1147 ὕλης
706 1076 1018 1144 ἀναγκαίως
1051 1073 1611 1144 παραλαμϐάνεσθαι,
1649 1072 1882 1142 μάλιστα

309 1170 367 1222 δὲ
396 1172 511 1232 τοῖς
533 1167 602 1221 τὰ
634 1166 692 1231 ἐξ
716 1166 957 1238 ἀργύρου
985 1169 1330 1237 τεχνουργεῖν
1355 1164 1569 1218 εἰωθόσι
1600 1163 1660 1216 τὸ
1690 1162 1883 1232 χρῆμά

313 1265 463 1314 ἐστιν
492 1260 807 1328 ἀναγκαῖον.
853 1259 961 1311 Καὶ
999 1257 1129 1325 γοῦν
1161 1257 1265 1327 ἔφη
1291 1274 1391 1309 που
1421 1256 1551 1318 Θεὸς
1580 1255 1666 1308 διὰ
1699 1255 1882 1323 φωνῆς

324 1352 586 1423 Ἰερεμίου
621 1350 782 1404 πάλιν
817 1349 949 1402 αὐτὸ
979 1349 1042 1418 δὴ
1071 1348 1228 1401 τοῦτο
1258 1345 1696 1417 αἰνιγματωδῶςο
1733 1364 1750 1395 ι
1775 1344 1883 1407 Ἐξ-

252 1482 254 1485 -
313 1445 466 1497 έλιπε
519 1442 772 1512 φυητὴρ
817 1440 926 1494 ἀπὸ
972 1440 1162 1508 πυρὸς,
1213 1439 1424 1503 ἐξέλιπε
1475 1437 1752 1508 μόλιϐδος,
1803 1437 1882 1498 εἰς

314 1535 467 1589 κενὸν
493 1533 882 1605 ἀργυροκοπεῖ,
916 1529 1168 1602 πονηρίαι
1194 1529 1375 1584 αὐτῶν
1407 1529 1506 1581 οὐκ
1529 1527 1820 1596 ἐτάκησαν.
1856 1544 1874 1575 ι

315 1625 636 1696 Κασσιτέρῳ
656 1624 856 1687 τοίνυν,
895 1623 1064 1693 ἤγουν
1098 1621 1352 1696 μολίϐδῳ,
1387 1617 1717 1690 παρεικάζει
1741 1619 1877 1686 Χρι-

314 1718 458 1783 στὸν,
492 1717 569 1780 ὡς
606 1717 908 1785 ἐκτήκοντα
939 1714 1065 1775 τοὺς
1102 1712 1327 1782 ῥύπους,
1368 1711 1445 1774 ὡς
1471 1709 1881 1764 ἀπαλλάττοντα
1915 1727 1958 1785 Β

311 1809 420 1862 τῶν
449 1807 740 1878 περιττῶν,
770 1805 845 1868 ὼς
871 1804 1311 1874 άποκαθαίροντα
1346 1802 1570 1872 νοητῶς.
1605 1803 1666 1854 Εἰ
1701 1801 1764 1870 δή
1797 1818 1880 1864 τις

314 1897 404 1954 οὖν
448 1899 557 1971 ἄρα
597 1896 1119 1968 κατευμεγεθήσειε,
1179 1895 1333 1964 φησί,
1378 1894 1478 1963 τῆς
1519 1893 1626 1946 τῶν
1679 1891 1878 1962 μεταξὺ

315 1993 519 2065 καιρῶν
557 1991 831 2062 εἰσϐολῆς,
871 1989 965 2044 καὶ
996 1989 1148 2042 οὐδὲν
1182 1989 1440 2059 ἡγήσοιτο
1471 1987 1570 2048 τὰς
1596 1985 1682 2040 διά
1713 1986 1879 2056 μέσου

319 2084 519 2155 μικρὰς
567 2082 806 2154 ἡμέρας,
855 2082 1151 2151 χαρήσεται
1208 2079 1328 2149 μὲν,
1388 2097 1406 2130 ι
1445 2080 1540 2131 καὶ
1573 2077 1758 2146 ὄψεται
1791 2076 1882 2130 τὸν

315 2176 459 2229 λίθον
490 2175 582 2228 τὸν
611 2173 987 2243 κασσιτέρινον
1017 2175 1074 2225 ἐν
1103 2171 1246 2242 χειρὶ
1283 2168 1608 2242 Ζοροϐάϐελ.
1641 2187 1659 2219 ι
1694 2169 1803 2221 Kal
1828 2167 1881 2220 τί

313 2267 375 2338 δὴ
402 2269 508 2339 ἄρα
543 2268 660 2320 ἐστ-ἰ⁵
693 2267 753 2319 τὸ
785 2267 844 2317 ἐν
884 2265 1027 2335 χειρί⁹
1058 2263 1391 2334 Ζοροϐάϐελ;
1434 2262 1498 2313 Ἠ
1529 2260 1881 2322 θεόπνευστος

313 2362 502 2431 Γραφὴ
531 2361 630 2430 τὴν
673 2362 828 2430 χεῖρα
870 2358 1084 2428 δέχεται
1137 2357 1232 2410 καὶ
1264 2358 1342 2418 εἰς
1385 2353 1633 2423 δύναμιν,
1667 2352 1763 2406 καὶ
1801 2353 1882 2414 εἰς

313 2450 578 2514 ἐξουσίαν.
617 2451 703 2502 Ἐν
733 2449 960 2519 δυνάμει
989 2449 1054 2519 δὴ
1088 2445 1181 2501 οὖν
1203 2488 1216 2512 ,
1251 2448 1419 2517 ἤγουν
1446 2447 1541 2498 καὶ
1579 2447 1635 2496 ἐν
1664 2443 1881 2514 ἐξουσίᾳ

313 2547 380 2613 τῇ
402 2542 494 2596 τοῦ
513 2542 814 2612 Ζοροϐάϐελ
839 2541 1031 2610 ὂψεται
1062 2540 1151 2592 τὸν
1183 2539 1328 2592 λίθον
1358 2538 1448 2590 τὸν
1475 2535 1876 2605 κασσιτέρινον,

312 2633 584 2699 τουτέστι,
610 2633 860 2702 Χριστόν.
900 2630 1206 2700 Ζοροϐάϐελ
1239 2631 1337 2700 μὲν
1372 2629 1502 2699 γὰρ,
1532 2629 1606 2690 ὡς
1638 2627 1795 2697 ἔφην,
1819 2629 1881 2678 ἐκ

315 2724 492 2794 φυλῆς
522 2723 614 2776 τοῦ
652 2723 816 2776 Ἰούδα
839 2722 1186 2792 βεϐασίλευκε
1218 2721 1327 2774 τῶν
1358 2720 1416 2786 ἐξ
1443 2719 1677 2791 Ἰσραήλ.
1719 2718 1879 2770 Ἐϐαη

315 2815 528 2868 σίλευσε
563 2813 616 2866 δὲ
646 2813 740 2866 καὶ
781 2814 810 2865 6
845 2812 1079 2884 Χριστὸς
1118 2813 1209 2864 ἐπί
1252 2810 1343 2863 τὸν
1403 2810 1652 2881 Ἰσραὴλ,
1686 2808 1785 2861 οὐκ
1823 2810 1880 2860 ἐν

311 2906 458 2971 τάξει
493 2909 557 2978 τῇ
586 2905 706 2959 καθ’
743 2907 909 2976 ἡμᾶς,
946 2906 1112 2976 ἤγουν
1157 2901 1430 2974 μετρητὴν
1457 2902 1552 2955 καὶ
1579 2900 1752 2972 χρόνῳ
1783 2915 1879 2951 πε-

314 3001 662 3074 περασμένην
689 3000 786 3071 τὴν
814 2999 1091 3070 βασιλείαν
1123 2998 1264 3069 ἔχων
1285 3015 1300 3032 ο
1331 2997 1444 3050 ἀλλ’
1483 2995 1558 3059 ὡς
1596 2995 1726 3056 Θεὸς
1756 2993 1880 3064 ἀλη-

1987 438 2098 480 tum
2133 436 2215 479 est
2249 426 2368 494 plus
2403 441 2559 494 quam
2594 426 2745 494 lapis.
2791 425 2953 481 Stetit
3003 436 3178 480 autem
3209 430 3350 485 sicut
3400 433 3552 488 incus

1987 518 2266 588 impulsata
2291 517 2355 572 ‘9.
2393 536 2410 568 ι
2449 517 2513 571 Ει
2547 519 2744 586 alioqui
2804 528 3071 588 stannum,
3127 525 3239 580 sive
3281 528 3550 595 plumbum

1986 609 2050 660 ad
2085 608 2454 676 purgationem
2487 623 2580 676 per
2621 610 2792 677 ignem
2821 610 3044 666 alterius
3097 615 3294 670 metalli
3350 622 3550 674 assumi

1985 696 2225 750 cernitur
2253 698 2584 760 necessario,
2621 699 2956 766 potissimum
2997 702 3135 770 apud
3163 703 3341 759 fabros
3367 720 3553 776 argen-

1989 790 2173 844 tarios.
2199 789 2464 855 Quocirca
2509 792 2649 846 Deus
2688 793 2883 847 alicubi
2918 809 3013 863 per
3053 795 3342 855 Jeremiam
3367 817 3553 858 rursus

1986 880 2087 934 hoc
2127 881 2321 950 ipsum,
2351 883 2475 937 licet
2507 885 2816 952 obscurius,
2843 888 3002 944 dicit:
3045 908 3065 942 ι
3104 891 3306 948 Defecit
3371 895 3552 951 suma-

1989 971 2180 1025 torium
2201 975 2268 1027 ab
2299 974 2443 1041 igne,
2475 974 2670 1030 defecit
2708 977 3005 1045 plumbum,
3056 981 3257 1038 frustra
3310 999 3554 1057 argenta-

1986 1060 2098 1116 rius
2137 1073 2414 1132 argentum
2446 1068 2699 1132 concidit,
2765 1071 2981 1126 malitiae
3031 1088 3214 1129 eorum
3261 1094 3366 1131 non
3429 1094 3554 1136 sunt

1987 1154 2285 1220 liquefactae
2304 1155 2370 1212 ⁸⁰.
2409 1175 2427 1208 ι
2451 1157 2624 1224 Quare
2647 1155 2859 1228 Stanno,
2893 1163 3005 1218 sive
3031 1165 3248 1232 plumbo
3277 1168 3552 1226 Christum

1984 1254 2262 1313 comparat
2318 1256 2376 1301 ut
2427 1248 2819 1318 abstergenlenl
2879 1255 3089 1317 sordes,
3135 1259 3549 1317 utauferentent

1984 1351 2337 1403 supervacua,
2400 1347 2458 1392 ut
2495 1350 2806 1409 purgantem
2853 1347 3145 1399 secundum
3201 1347 3548 1412 intellectum.

1987 1428 2139 1483 Unde
2189 1430 2234 1484 si
2289 1431 2410 1499 quis
2464 1433 2835 1502 interjcctione
2894 1439 3187 1494 mediorum
3253 1452 3550 1515 temporum

1985 1517 2117 1571 nihil
2143 1517 2302 1573 fuerit
2329 1524 2700 1590 conturbatus,
2733 1538 2780 1580 et
2809 1543 2906 1595 pro
2932 1531 3098 1585 nihilo
3127 1535 3335 1592 duxerit
3357 1553 3548 1607 parvos

1985 1609 2097 1663 dies
2133 1610 2543 1678 intercedentes,
2574 1617 2822 1685 gaudebit
2871 1639 2890 1671 ι
2950 1633 3003 1677 et
3055 1627 3254 1682 videbit
3316 1631 3544 1702 lapidem

1985 1711 2267 1756 stanneum
2302 1705 2356 1757 in
2390 1721 2548 1758 manu
2589 1706 2904 1766 Zorobabel.
2948 1732 2966 1764 ι
3003 1715 3138 1781 Quid
3177 1734 3302 1775 vero
3341 1734 3442 1790 est,
3495 1729 3548 1781 in

1987 1805 2148 1842 manu
2222 1789 2571 1846 Zorobabel?
2640 1796 2904 1855 Divinitus
2951 1803 3209 1873 inspirata
3269 1789 3549 1882 Scriptura

1985 1895 2200 1934 manum
2235 1884 2428 1953 accipit
2462 1893 2514 1938 et
2546 1902 2642 1954 pro
2683 1890 2900 1955 virtute,
2944 1904 2996 1948 et
3025 1911 3120 1964 pro
3173 1910 3457 1968 potestate.
3494 1909 3548 1962 In

1984 1973 2182 2024 virtute
2203 1973 2386 2041 igitur,
2424 1977 2537 2031 sive
2573 1978 2734 2032 etiam
2783 1981 2834 2034 in
2883 1994 3147 2051 potestate
3205 1989 3551 2053 Zorobabelis

1984 2063 2183 2118 videbit
2213 2064 2443 2132 lapidem
2469 2077 2774 2137 stanneum,
2802 2073 2901 2129 hoc
2945 2087 3046 2143 est,
3094 2079 3388 2141 Christum.
3439 2087 3548 2143 Zo-

1983 2154 2199 2210 rohabel
2229 2159 2449 2226 etenim,
2475 2170 2536 2215 ut
2559 2163 2689 2227 dixi,
2715 2165 2781 2220 de
2819 2167 2959 2224 tribu
3005 2169 3142 2225 Jnda
3170 2185 3346 2240 natus,
3380 2178 3550 2236 Israe-

1982 2244 2015 2297 li
2039 2246 2273 2314 praefuit.
2305 2248 2372 2303 Et
2393 2250 2641 2308 Christus
2669 2270 2882 2326 quoque
2907 2264 3153 2330 regnavit
3173 2281 3335 2336 super
3361 2271 3545 2337 Israel,

1987 2350 2090 2390 non
2129 2353 2278 2392 more
2311 2353 2517 2408 nostro,
2550 2345 2663 2400 sive
2701 2347 3166 2423 circumscriptum
3206 2366 3260 2411 et
3310 2362 3549 2432 tempore

1982 2437 2130 2484 certo
2163 2431 2440 2486 definitum
2476 2451 2698 2506 regnum
2757 2450 2944 2498 tenens
2977 2449 3104 2501 :sed
3129 2457 3186 2502 ut
3235 2467 3360 2506 vere
3409 2431 3548 2511 Deus

1981 2522 2047 2575 ad
2075 2521 2282 2576 infinita
2319 2526 2517 2579 srecula
2551 2537 2613 2583 se
2663 2533 2967 2602 porrigens,
3029 2548 3317 2597 atlestante
3389 2546 3546 2601 beato

1981 2611 2232 2669 Gabriele
2260 2631 2321 2669 ac
2355 2617 2526 2672 beatae
2557 2620 2758 2690 Virgini
2787 2625 2851 2677 de
2889 2639 2954 2679 eo
2983 2628 3213 2694 dicente,
3249 2634 3544 2700 parituram

1983 2705 2184 2772 filium,
2215 2718 2270 2763 et
2320 2721 2630 2766 voeaturam
2669 2730 2861 2770 nomen
2913 2719 3030 2787 ejus
3057 2718 3264 2776 Jesum.
3297 2743 3315 2776 ι
3360 2729 3543 2796 Addit,

1987 2815 2006 2848 ι
2042 2799 2289 2852 daturum
2334 2801 2406 2855 illi
2441 2801 2725 2858 Dominum
2758 2808 2919 2862 Deum
2958 2813 3138 2866 sedem
3178 2813 3342 2870 David
3375 2821 3543 2887 patris

1980 2889 2116 2958 ejus,
2147 2899 2201 2944 et
2229 2903 2570 2962 regnaturum
2598 2911 2758 2966 super
2796 2900 3010 2955 domum
3047 2903 3209 2959 lsrael
3260 2908 3311 2961 in
3345 2913 3546 2980 sempi-

1985 2989 2213 3046 ternum,
2245 2993 2298 3037 et
2335 2987 2480 3054 regni
2512 2988 2627 3057 ejus
2651 3005 2753 3044 non
2806 2991 2923 3046 fore
2960 2994 3122 3050 ﬁnem
3152 2999 3218 3052 5‘.
3248 3017 3266 3050 ι
3307 3001 3358 3054 1η
3384 3018 3546 3058 manu

313 3094 440 3158 θῶς,
475 3097 555 3156 εἰς
578 3095 916 3164 ἀπεράντους
950 3091 1154 3154 αἰῶνας
1177 3088 1580 3159 ἐκτεινομένην
1619 3087 1711 3140 καὶ
1741 3103 1880 3156 μαρ-

1986 3088 2114 3142 ergo
2142 3073 2460 3142 Zorobabel,
2497 3079 2599 3134 hoc
2629 3090 2711 3135 est
2754 3081 2806 3135 in
2837 3084 3032 3139 virtute
3065 3095 3117 3141 et
3146 3097 3412 3158 potestate
3453 3091 3550 3146 Zo.

309 3187 535 3256 τυρήσει
571 3186 740 3252 λέγων
765 3185 794 3236 6
825 3183 1093 3254 μακάριος
1114 3183 1150 3234 Γ
1155 3181 1350 3252 αϐριὴλ
1376 3183 1439 3249 τῇ
1470 3178 1599 3246 ἁγία
1620 3177 1881 3248 Παρθένῳ

315 3278 440 3347 περὶ
470 3275 658 3338 αὑτοῦ,
689 3276 771 3327 ὅτι
795 3275 1009 3338 τέξεται
1039 3275 1174 3340 υίὸν,
1214 3275 1306 3329 καὶ
1352 3272 1568 3326 καλέσει
1612 3271 1673 3322 τὸ
1711 3270 1881 3340 δνομα

313 3365 474 3435 αὑτοῦ
530 3366 758 3436 Ἰησοῦν.
809 3366 1156 3437 Προσεπάγει
1230 3364 1320 3430 δέ,
1372 3364 1452 3416 ὃτι
1507 3383 1525 3414 ι
1563 3363 1670 3414 Kal
1722 3359 1881 3413 δώσει

315 3455 460 3526 αύτῷ
498 3456 701 3525 Κύριος
743 3457 772 3508 6
821 3454 952 3518 Θεὸς
983 3454 1072 3507 τὸν
1118 3454 1307 3526 θρόνον
1335 3453 1500 3505 Δαϐὶδ
1547 3451 1641 3504 τοῦ
1674 3451 1880 3521 πατρὸς

315 3547 498 3614 αὐτοῦ,
531 3548 625 3600 καὶ
650 3545 955 3616 βασιλεύσει
984 3545 1078 3598 ἐπὶ
1109 3545 1199 3598 τὸν
1227 3539 1374 3597 οἷκον
1413 3543 1629 3614 Ἰσραὴλ
1653 3544 1732 3605 εἰς
1760 3544 1881 3606 τοὺς

316 3641 533 3707 αἰῶνας,
560 3641 655 3693 καὶ
686 3639 786 3708 τῆς
820 3638 1093 3709 βασιλείας
1122 3637 1287 3692 αὑτοῦ
1317 3639 1417 3691 οὐκ
1458 3636 1608 3690 ἔσται
1646 3637 1816 3698 τέλος.
1858 3655 1875 3686 ›

327 3733 414 3784 Ἐν
438 3733 579 3803 χειρὶ
606 3732 670 3803 δὴ
693 3727 787 3784 οὖν
816 3728 1543 3802 Ζοροϐάϐελ,τουτέστιν,ὼς
1571 3731 1628 3782 ἐν
1656 3730 1881 3798 δυνάμει

315 3845 374 3880 τε
419 3829 510 3880 καὶ
548 3828 768 3897 ἐξουσίᾳ
807 3827 873 3896 τῇ
923 3824 1016 3878 τοῦ
1061 3823 1363 3894 Ζοροϐάϐελ
1405 3823 1700 3893 ὀφθήσεται
1741 3822 1880 3874 κατά

316 3920 540 3988 καιροὺς
566 3921 597 3972 6
622 3918 767 3980 λίθος
799 3920 827 3970 6
857 3916 1248 3987 κασσιτέρινος.
1278 3915 1555 3985 Ἐπιφέρει
1587 3915 1642 3968 δὲ
1673 3915 1880 3977 τούτοις

316 4009 474 4072 εὐθὺς
507 4009 604 4078 τῆς
633 4008 968 4079 προφητείας
1003 4010 1030 4059 6
1051 4006 1208 4073 λόγος
1228 4022 1242 4036 ο
1268 4025 1286 4056 ι
1309 4005 1479 4058 Ἐπτὰ
1506 4000 1650 4059 οὗτοι
1681 4005 1881 4074 ὀφθαλ-

321 4102 410 4171 μοὶ
447 4100 655 4170 Κυρίου
695 4101 866 4164 εἰσὶν,
907 4101 957 4152 οἱ
1000 4099 1381 4161 ἐπιϐλέποντες
1427 4099 1518 4166 ἐπὶ
1563 4100 1741 4151 πᾶσαν
1783 4099 1882 4168 τὴν

318 4201 437 4269 γῆν.
474 4219 492 4251 ι
527 4201 636 4253 Καὶ
669 4199 814 4261 τίνες
852 4197 918 4251 ἂν
951 4193 1061 4249 εἷεν
1105 4189 1249 4249 οὗτοι
1288 4194 1483 4257 πάλιν;
1516 4196 1586 4246 Ἢ
1615 4195 1724 4264 γάρ
1759 4196 1884 4255 τοὺς

316 4289 454 4342 ἑπτά
482 4288 726 4358 λύχνους,
756 4286 851 4350 οὓς
876 4285 1128 4339 τεθέαται
1158 4286 1216 4336 ἐν
1244 4283 1321 4352 τῷ
1339 4281 1648 4352 λαμπαδίῳ,
1680 4279 1878 4349 κέκλη-

317 4399 409 4434 κεν
452 4380 763 4449 όφθαλμοὺς
789 4378 1014 4446 Κυρίου,
1058 4377 1147 4430 ἵνα
1188 4374 1399 4444 νοῶμεν
1427 4374 1551 4438 τοὺς
1576 4373 1783 4439 ἁγίους,
1815 4371 1881 4422 δι’
1915 4417 1934 4470 Ι

313 4469 389 4527 ὧν
417 4475 450 4542 ὴ
491 4471 754 4542 σύμπασα
796 4468 1234 4537 καταφωτίζεται
1285 4465 1392 4535 γῆ,
1444 4465 1537 4517 καὶ
1579 4463 1881 4531 ἐπισκοπῆς

315 4564 604 4628 ἀξιωθεῖσα
637 4562 885 4630 φαίνεται
930 4562 1040 4622 τοῖς
1091 4558 1242 4629 παρὰ
1284 4556 1453 4610 Θεοῦ’
1489 4556 1656 4625 ἤγουν
1686 4557 1881 4616 ἐκεῖνο,

314 4651 469 4726 οἶμαί
493 4672 618 4719 που,
648 4651 1082 4722 κατασημαίνειν
1111 4649 1360 4720 ἐροῦμεν,
1389 4648 1463 4711 ὡς
1491 4648 1591 4700 ούκ
1619 4645 1881 4716 ἀμελήσει

312 4743 422 4796 τῶν
457 4743 600 4795 ἰδίων
640 4741 956 4810 κτισμάτων
984 4741 1012 4792 6
1047 4738 1153 4790 τῶν
1196 4737 1332 4791 ὅλων
1365 4736 1495 4798 Θεὸς
1535 4737 1626 4788 καὶ
1657 4736 1878 4804 Πατήρ·

313 4833 430 4888 ἀλλ’
477 4827 588 4885 οἷον
629 4830 844 4893 πολλοῖς
884 4847 943 4882 τε
981 4830 1071 4882 καὶ
1105 4830 1332 4890 ἀΰπνοις
1365 4828 1577 4897 ὄμμασι
1606 4825 1672 4877 τὰ
1703 4826 1882 4878 πάντα

315 4924 652 4997 περιαθρῶν,
686 4924 957 4993 χαριεῖται
977 4925 1086 4984 τοῖς
1113 4920 1206 4974 ἐπὶ
1239 4919 1338 4989 τῆς
1369 4919 1470 4987 γῆς
1491 4919 1582 4970 τὸν
1614 4917 1757 4970 λίθον
1787 4917 1879 4968 τὸν

316 5015 720 5084 κασσιτέρινον,
760 5011 1023 5073 τουτέστι,
1063 5010 1325 5081 Χριστὸν,
1368 5008 1434 5061 δι’
1465 5004 1525 5062 οὗ
1556 5008 1746 5076 γέγονε
1785 5007 1881 5060 καὶ

314 5108 396 5168 εἰς
424 5106 571 5174 ἡμᾶς
601 5106 630 5156 6
660 5103 761 5172 τῆς
795 5101 1180 5171 κατασκέψεως
1201 5141 1214 5164 ,
1264 5096 1363 5153 εἶτ’
1404 5096 1496 5153 οὖν
1544 5101 1880 5170 ἐπισκέψεως

311 5196 532 5266 τρόπος.
563 5216 580 5248 ι
607 5195 975 5264 Ἐπεσκέψατο
991 5195 1098 5265 γὰρ
1124 5195 1270 5264 ἡμᾶς
1299 5193 1554 5265 Ἀνατολὴ
1570 5193 1629 5258 ἐξ
1644 5193 1830 5262 ὕψους,
1858 5214 1876 5244 ι

315 5287 459 5339 κατὰ
514 5287 574 5340 τὸ
639 5286 1044 5356 γεγραμμένον.
1107 5286 1218 5339 Καὶ
1284 5285 1442 5354 είπερ
1501 5285 1667 5356 ἐσμὲν
1728 5284 1885 5354 σῶμα

313 5375 573 5445 Χριστοῦ,
621 5378 715 5430 καὶ
765 5375 900 5445 μέλη
948 5375 1013 5427 ἐκ
1057 5376 1286 5445 μέρους,
1315 5375 1468 5427 οὐδὲν
1501 5372 1652 5445 οἶμαι
1685 5375 1744 5428 τὸ
1779 5377 1884 5428 ἁπ-

313 5465 486 5531 εικὸς,
517 5468 573 5520 ὲν
607 5467 897 5536 ὀφθαλμῶν
922 5465 1068 5530 τάξει
1110 5468 1234 5529 τοὺς
1267 5467 1453 5535 ἁγίους
1490 5467 1882 5537 μυσταγωγοὺς

387 5638 429 5669 ⁸⁸
473 5637 575 5697 .Iob
614 5657 719 5704 XLI,
767 5642 846 5694 15.
926 5643 971 5672 ‘°
1010 5642 1207 5697 Jcrem.
1254 5659 1325 5705 vr,
1366 5643 1453 5695 ἓξ).

674 5736 944 5797 Parnm.
996 5741 1108 5798 tia.
1282 5742 1408 5799 ΞΠ.

1575 5641 1608 5672 ιι
1654 5641 1779 5694 Lm:
1827 5657 1864 5706 ι,
1905 5642 1994 5709 5t,
2038 5644 2124 5697 52.

1986 3165 2275 3230 rohabelis,
2325 3168 2590 3224 videbitur
2637 3172 2918 3240 aliquando
2955 3176 3090 3245 lapis
3147 3179 3234 3235 ille
3263 3193 3541 3238 stanneus.

1983 3257 2234 3312 Annectit
2265 3262 2507 3326 protinus
2543 3263 2624 3316 his
2648 3266 2990 3334 propheticus
3020 3285 3196 3326 sermo
3230 3289 3242 3324 :
3269 3291 3287 3324 ι
3329 3271 3544 3344 Septem

1986 3349 2038 3404 hi
2075 3352 2212 3406 oculi
2241 3354 2447 3408 Domini
2475 3364 2600 3410 sunt
2625 3359 2974 3427 respicientes
3008 3379 3171 3432 super
3191 3381 3404 3421 omnem
3438 3377 3549 3422 ter-

1987 3458 2122 3495 ram.
2155 3462 2174 3494 ι
2219 3443 2446 3509 Quinam
2478 3447 2564 3501 isti
2596 3449 2732 3503 oeuli
2765 3450 2786 3501 ?
2814 3451 2976 3522 692
3013 3457 3115 3509 Aut
3160 3458 3301 3511 enim
3342 3469 3546 3529 septem

1987 3532 2234 3588 lucernas
2266 3550 2400 3603 quas
2431 3537 2561 3590 vidit
2602 3540 2666 3592 ad
2710 3539 3028 3609 lampadem,
3085 3547 3300 3600 vocavit
3360 3551 3550 3604 oculos

1987 3621 2217 3688 Domini,
2246 3634 2303 3678 ut
2329 3627 2684 3695 intelligamus
2711 3640 2948 3696 sanctos,
2983 3648 3078 3700 per
3105 3649 3240 3703 quos
3297 3639 3547 3696 universa

1987 3723 2128 3769 terra
2162 3715 2508 3782 illuminatur,
2547 3727 2599 3772 et
2631 3720 2807 3774 divina
2845 3722 3152 3779 visitatione
3185 3727 3400 3796 dignata
3425 3746 3546 3785 cer-

1986 3809 2132 3863 nitur
2161 3829 2172 3864 :
2201 3819 2294 3864 aut
2324 3821 2469 3865 certe
2505 3811 2652 3878 illud,
2687 3814 2897 3883 opinor,
2937 3816 3239 3886 significare
3283 3822 3546 3888 dicemus,
3623 3857 3630 3862 -

1986 3901 2150 3956 Deum
2179 3912 2233 3956 et
2267 3901 2478 3957 Patrem
2533 3905 2902 3960 universorum
2960 3921 3238 3966 creaturas
3281 3927 3406 3969 suas
3441 3931 3548 3970 non

1986 3993 2375 4062 neglecturum,
2408 3997 2501 4049 sed
2546 4005 2800 4065 tanquam
2854 4000 3039 4055 multis
3085 4011 3137 4055 et
3199 4016 3414 4074 semper
3470 4009 3549 4060 vi-

1985 4086 2181 4154 gilibus
2224 4087 2395 4141 oculis
2427 4089 2608 4142 omnia
2637 4091 3185 4159 circumspicientem,
3222 4095 3546 4151 donaturum

1988 4179 2298 4233 mortalibus
2336 4181 2564 4248 lapidem
2615 4192 2917 4245 stanneum,
2973 4185 3074 4240 hoc
3107 4195 3190 4240 est
3250 4186 3541 4254 Christum,

1988 4282 2080 4336 per
2113 4284 2269 4338 quem
2311 4279 2365 4324 et
2409 4285 2506 4324 nos
2536 4271 2792 4338 visitavit,
2820 4272 2932 4327 sive
2973 4277 3224 4342 respexit.
3247 4295 3264 4326 ι
3304 4277 3550 4332 Visitavit

1988 4360 2128 4412 enim
2149 4375 2244 4414 nos
2265 4359 2457 4415 Oriens
2488 4376 2552 4414 ex
2585 4361 2709 4425 alto,
2738 4382 2755 4413 ι
2793 4374 2850 4417 ut
2871 4365 3127 4434 scriptum
3145 4368 3306 4422 est”.
3330 4367 3397 4422 Et
3416 4385 3551 4439 quo-

1989 4450 2130 4505 niam
2158 4466 2342 4507 sumus
2371 4467 2564 4520 corpus
2592 4454 2813 4519 Christi,
2855 4467 2910 4510 et
2969 4456 3205 4510 membra
3262 4459 3548 4519 deJnein-

1991 4540 2085 4595 bro
2124 4540 2190 4606 ⁵³,
2227 4557 2326 4595 non
2373 4543 2609 4597 arbitror
2639 4543 3005 4611 improbabile.
3042 4546 3086 4600 si
3118 4556 3334 4603 sanctos
3366 4564 3544 4602 rerum

1989 4631 2287 4686 divinarum
2328 4633 2597 4698 doctores,
2628 4644 2686 4687 ut
2723 4635 2844 4690 aliis
2887 4637 3299 4692 excellentiores
3345 4650 3396 4694 et
3460 4654 3552 4695 su-

1989 4725 2289 4792 blimiores,
2318 4729 2504 4783 oculos
2536 4728 2855 4798 appellatos,
2893 4738 2947 4784 et
2975 4744 3033 4784 ut
3062 4746 3160 4802 ego
3186 4734 3383 4799 sentio,
3411 4734 3549 4797 hanc

1986 4817 2054 4870 ob
2111 4832 2326 4872 causam
2384 4819 2544 4873 etiam
2582 4821 2864 4890 episcopos
2929 4823 3230 4877 nominatos
3288 4826 3546 4879 dicamus.

1990 4907 2310 4977 Speculatur
2352 4911 2533 4980 itaque
2597 4927 2691 4979 per
2746 4912 2867 4967 illos
2921 4914 2972 4967 in
3029 4915 3201 4984 ipsum
3269 4915 3550 4970 credentes

1989 4999 2245 5054 Dominus
2275 5011 2454 5056 noster
2479 4999 2632 5057 Jesus
2655 5001 2920 5058 Christus.
2975 5004 3198 5059 Demum
3247 5005 3382 5074 lapis
3403 5015 3548 5058 stan-

1990 5107 2123 5146 neus
2178 5092 2282 5146 alio
2323 5108 2534 5162 quoque
2586 5094 2743 5148 modo
2792 5093 3042 5151 Christus
3088 5105 3260 5165 potest
3301 5095 3543 5162 intelligi.

1988 5184 2252 5240 Stannum
2271 5186 2414 5239 enim
2433 5186 2702 5256 disiuncta
2722 5187 3129 5256 conjungit,vim
3149 5185 3548 5254 conglutinandi

1988 5278 2214 5333 habens.
2236 5277 2386 5332 Fecit
2423 5278 2672 5348 quiddam
2705 5279 2806 5333 tale
2841 5289 2895 5334 et
2931 5280 3084 5333 nobis
3143 5275 3412 5339 Christus,
3476 5278 3550 5327 si-

1987 5372 2204 5441 quidem
2242 5389 2426 5428 verum
2454 5383 2555 5437 est,
2591 5388 2711 5428 eum
2751 5373 2802 5426 in
2836 5387 2995 5424 unum
3047 5381 3238 5421 novum
3274 5366 3546 5422 hominem

1989 5463 2120 5518 duos
2160 5463 2384 5533 populos
2451 5465 2772 5527 condidisse,
2819 5482 2835 5513 ι
2891 5460 3172 5513 facientem
3233 5475 3440 5530 pacem,
3496 5471 3551 5516 et

2239 5646 2282 5674 ⁵³
2325 5644 2448 5696 an.
2497 5660 2531 5708 ι,
2577 5642 2658 5694 78.
2776 5640 2820 5671 ⁵³
2863 5641 2880 5691 ῐ
2923 5639 3043 5692 (ξων.
3090 5657 3187 5706 χιι,
3224 5643 3315 5700 Q7,

3128 5742 3162 5798 3
3209 5815 3220 5824 .
