4098 6206
500 235 575 291 75
1495 228 1552 282 S.
1596 225 1874 282 CYRILLI
1912 225 2386 283 ALEXANDRINI
2423 225 2748 284 ARCHIEP'
3701 230 3770 285 76

509 340 946 403 reconciliantem
978 344 1031 397 in
1077 357 1184 398 uno
1229 357 1455 413 corpore
1501 344 1687 398 ambos
1715 343 1767 398 in
1830 344 2081 399 unitatem

2192 342 2467 399 τεθεῖσθαι
2505 345 2719 414 λέγειν,
2774 344 2850 408 ὡς
2898 346 3007 399 τῶν
3054 346 3232 401 ἄλλων
3295 345 3635 417 προῦχοντας
3671 346 3772 401 καὶ

505 454 604 509 per
631 438 879 507 spiritum
907 434 978 491 “.
1017 452 1036 487 ι
1061 433 1217 490 Unde
1257 434 1390 503 lapis
1417 449 1660 489 summus
1685 434 1958 505 angularis
1997 444 2080 490 cst

2186 437 2615 508 ὑπερκειμένους
2644 478 2662 504 ,
2707 437 2962 508 ταύτῃτοι
3010 440 3107 492 καὶ
3172 438 3505 502 ἐπισκόπους
3553 437 3770 509 ὠνομα-

506 541 867 599 nuncupatns,
898 535 1228 581 eonnectens
1258 527 1324 579 ad
1357 526 1621 580 unitatem
1662 526 1796 581 duos
1835 526 2078 596 populos,

2188 544 2256 600 σμ
2296 546 2443 595 νους,
2467 528 2720 599 καθάπερ
2758 522 2992 600 ἐγῷμαι.
3016 530 3472 584 Κατασκέπτεται
3498 530 3554 582 δὲ
3581 529 3649 582 δι’
3667 529 3767 582 αύ-

494 632 564 676 ὐι
595 621 726 675 dixi.
752 618 1032 688 Capulavit
1062 619 1188 672 item
1221 618 1435 684 angelos
1458 619 1511 672 in
1565 629 1709 674 terra
1726 620 2039 689 degentibus
2065 636 2077 673 :

2186 619 2296 672 τῶν
2339 621 2465 683 τοὺς
2520 620 2600 683 είς
2649 620 2812 673 αὑτὸν
2862 620 3224 685 πιστεύοντας
3271 623 3299 674 6
3343 621 3547 692 Κύριος
3610 620 3771 691 ἡμῶν

504 726 605 768 nos
627 714 773 780 ipsos
820 725 1034 781 quoque
1057 724 1152 779 per
1180 725 1237 763 se
1285 710 1395 763 Deo
1421 720 1475 765 et
1541 710 1685 765 Patri
1724 712 2081 777 consociavit,

2202 710 2409 781 Ἰησοῦς
2460 713 2716 782 Χριστός.
2770 712 2933 777 Λίθος
2975 730 3038 782 γε
3088 714 3194 785 μὴν
3234 715 3636 786 κασσιτὲρινος,
3676 713 3769 765 καὶ

494 804 777 858 destructo
799 813 1038 871 peccato,
1072 801 1212 870 quod
1258 800 1631 872 interjacebat,
1652 812 1708 857 et
1751 819 1849 858 ceu
1899 819 2081 858 murus

2189 801 2311 856 καθ’
2350 802 2534 873 ἕτερον
2567 804 2634 857 ἂν
2667 806 2839 856 νοοῖτο
2870 804 3072 875 τρόπον
3100 807 3128 857 ὁ
3157 806 3411 875 Χριστός.
3450 805 3510 857 '0
3539 804 3648 874 γάρ
3686 820 3770 856 τοι

503 911 603 949 nus
640 896 708 948 ab
734 910 799 949 eo
828 894 1158 948 secludebat.

2191 896 2517 966 κασσίτερος
2577 897 2839 950 συνάπτει
2896 896 3032 967 πρὸς
3078 896 3275 950 ἕνωσιν
3327 896 3398 949 τά
3444 895 3767 968 διῃρημένα,

494 987 825 1058 ηκολλητικὴν
858 986 997 1057 ἔχων
1026 988 1126 1057 τὴν
1154 984 1336 1055 φύσιν.
1373 986 1629 1059 Πέπραχε
1663 987 1721 1040 δέ
1751 1005 1803 1041 τι
1833 987 2076 1041 τοιοῦτον
2113 988 2207 1042 καὶ
2229 991 2309 1052 είς
2366 990 2513 1059 ἡμᾶς
2551 990 2579 1042 6
2618 990 2877 1057 Χριστὸς,
2948 990 3108 1061 εἴπερ
3152 990 3300 1043 ἐστὶν
3331 990 3550 1060 ἀληθὲς,
3578 992 3654 1055 ὠς
3687 992 3766 1055 είς

497 1083 596 1137 ἕνα
628 1085 813 1137 καινὸν
843 1083 1128 1154 ἄνθρωπον
1164 1085 1288 1145 τοὺς
1321 1082 1413 1135 δύο
1451 1084 1624 1147 κτίζει
1652 1082 1836 1148 λαοὺς,
1864 1102 1883 1135 ι
1935 1082 2109 1135 Ποιῶν
2184 1084 2431 1153 εἰρήνην,
2464 1082 2560 1135 καὶ
2592 1082 3098 1137 ἁποκαταλλάσσων
3146 1085 3204 1137 ὲν
3251 1083 3331 1137 ἐνὶ
3384 1083 3599 1153 σώματι
3639 1083 3771 1146 τοὺς

500 1176 862 1247 ἀμφοτέρους,
894 1179 972 1237 είς
1014 1177 1110 1247 τὴν
1142 1176 1231 1229 διὰ
1294 1176 1598 1245 πνεύματος
1662 1176 1875 1229 ἕνωσιν.
1916 1194 1934 1226 ι
1979 1176 2140 1229 Ὅθεν
2180 1174 2276 1228 καὶ
2341 1175 2487 1238 λίθος
2539 1176 2937 1246 άκρογωνιαῖος
2989 1176 3343 1245 ὠνόμασται,
3395 1176 3632 1228 συνδέων
3688 1177 3768 1238 είς

499 1276 693 1328 ἕνωσιν
734 1274 859 1336 τοὺς
914 1272 1006 1324 δύο
1054 1273 1232 1335 λαοὺς,
1285 1272 1361 1334 ὡς
1406 1270 1558 1342 ἔφην.
1612 1271 1824 1341 Συνῆῲε
1876 1270 1933 1323 δὲ
1983 1273 2076 1323 καὶ
2144 1270 2399 1339 ἀγγέλοις
2430 1272 2558 1333 τοὺς
2584 1271 2677 1323 ἐπὶ
2709 1270 2804 1339 τῆς
2832 1271 2968 1341 γῆς’
3000 1272 3137 1326 ἀλλὰ
3210 1272 3303 1325 καὶ
3333 1272 3570 1342 ἡμᾶςδι’
3604 1271 3770 1326 αὐτοῦ

500 1367 580 1438 τῷ
610 1366 728 1436 Θεῴ
759 1367 849 1418 καὶ
879 1365 1072 1433 Πατρὶ,
1102 1366 1201 1433 τὴν
1232 1364 1436 1434 μεταξὺ
1468 1364 1729 1434 κειμένην
1771 1364 1863 1416 καὶ
1897 1362 2068 1417 πάλαι
2107 1363 2542 1433 διατειχίζουσαν
2581 1364 2826 1417 καθελὼν
2865 1365 3157 1435 ἁμαρτίαν.

576 1459 737 1512 Vens.
775 1457 961 1512 ll-M.
987 1456 1053 1509 Et
1089 1457 1350 1523 respondi,
1378 1467 1424 1507 et
1466 1457 1578 1508 dixi
1624 1457 1690 1508 ad
1734 1471 1892 1509 eum:
1935 1454 2074 1519 Quid

501 1553 623 1605 dua:
654 1550 824 1609 alium,
852 1565 968 1616 quae
994 1565 1026 1600 a
1056 1549 1253 1600 dextris
1282 1546 1585 1599 candelabri
1624 1557 1668 1599 et
1713 1564 1743 1599 a
1791 1548 2019 1601 sinistris
2045 1547 2071 1599 ?

2256 1457 2365 1509 Kal
2419 1456 2774 1523 ἀπεκρίθην,
2814 1456 2914 1508 καί
2961 1456 3099 1509 εἶπα
3155 1454 3305 1524 πρὸς
3346 1455 3564 1509 αὐτόν·
3610 1456 3672 1509 Τί
3711 1458 3771 1509 σί

2183 1545 2292 1599 δύο
2324 1546 2518 1600 ἐλαῖαι
2551 1543 2747 1609 αὗται,
2776 1550 2835 1601 al
2868 1548 2935 1600 ἐκ
2970 1545 3183 1610 δεξιῶν
3212 1545 3319 1613 τῆς
3361 1548 3639 1615 λυχνίας,
3671 1545 3770 1600 καὶ

501 1641 570 1696 Et
608 1640 918 1708 interrogavi
944 1639 1192 1699 secundo,
1226 1648 1272 1690 et
1296 1637 1407 1690 dixi
1441 1638 1510 1689 ad
1534 1653 1648 1689 eum
1674 1651 1692 1689 .'
1725 1637 1863 1701 Quid
1887 1638 1940 1689 hi
1969 1640 2074 1691 duo

2181 1637 2250 1700 ἐξ
2286 1638 2637 1705 εἰιωνύμων;
2674 1638 2785 1690 Kal
2826 1637 3187 1704 ἐπηρώτησα
3227 1638 3296 1707 ἐκ
3333 1635 3635 1707 δευτέρου,
3672 1637 3769 1691 καί

502 1733 637 1785 rami
664 1733 938 1795 olivarum,
970 1731 1059 1799 qui
1096 1732 1148 1782 in
1184 1729 1422 1781 munibus
1460 1730 1687 1781 duarum
1722 1730 1930 1781 uarium
1977 1746 2075 1781 au-

501 1841 729 1887 reorum,
762 1822 1149 1890 infundentium
1193 1831 1238 1873 et
1266 1820 1637 1874 retrahentium
1673 1821 1937 1889 infusoria
1973 1836 2074 1873 au-

503 1916 642 1969 rea?
679 1914 739 1967 Et
773 1914 906 1967 dixit
952 1913 1020 1965 ad
1049 1928 1163 1965 me:
1199 1909 1319 1964 Non
1357 1913 1458 1964 scis
1489 1913 1615 1981 quid
1652 1921 1770 1965 sunt
1813 1911 1967 1965 lucc?
2008 1910 2077 1964 Et

500 2008 657 2061 dixi:
708 2006 1077 2076 Nequaquam,
1129 2003 1366 2056 Domine.
1412 2002 1479 2055 Et
1519 2005 1638 2055 ait:
1687 2002 1785 2056 Isti
1839 2004 1944 2071 duo
1977 2004 2078 2070 ﬁlii

490 2099 830 2170 piuguedinis
863 2100 1138 2150 astiterunt
1170 2095 1392 2148 Domino
1429 2096 1597 2148 omnis
1632 2106 1803 2148 lerra’.

574 2355 811 2411 XXVlll.
872 2354 1100 2407 Animus
1148 2359 1460 2407 sanctorum
1502 2352 1742 2407 discendi
1786 2354 2074 2423 cupidissi-

494 2462 624 2503 mus
651 2456 755 2500 est.
788 2445 1020 2500 Proinde
1052 2444 1183 2498 nihil
1221 2445 1272 2497 in
1315 2443 1524 2499 visione
1564 2454 1906 2498 ostensorum
1949 2459 2076 2513 pro-

500 2541 661 2611 pheta
687 2538 1070 2603 praetermittit,
1100 2548 1155 2592 et
1190 2536 1522 2606 perlibenter
1552 2538 1879 2602 sciscitatur,
1924 2548 1978 2592 et
2010 2542 2075 2593 de

500 2631 732 2701 singulis
762 2629 1003 2685 exactius
1030 2629 1273 2698 inquirit,
1301 2631 1557 2699 quidnam
1590 2631 1876 2700 significati
1921 2646 2073 2686 com-

501 2722 828 2793 plectantur.
862 2719 1162 2789 Oportebat
1197 2720 1359 2789 igitur
1407 2722 1477 2774 ita
1524 2722 1766 2789 poscenti
1816 2737 1947 2777 voce
1976 2738 2074 2777 an-

500 2814 604 2885 geli
647 2813 953 2875 declarari,
993 2812 1146 2877 cujus
1190 2814 1266 2864 rei
1312 2812 1611 2880 symbolum
1653 2824 1859 2877 essent,
1892 2830 2011 2883 qum
2045 2829 2074 2867 a

496 2905 710 2961 dextris
758 2914 814 2958 et
861 2903 1093 2957 sinistris
1123 2903 1286 2974 693
1331 2904 1591 2973 latnpadis
1663 2906 1880 2959 stabant
1920 2906 2077 2959 olivae

2178 1724 2315 1782 εἶπα
2349 1728 2498 1795 πρὸς
2532 1730 2748 1781 αὐτόν·
2788 1730 2848 1781 Τί
2874 1731 2928 1782 οἱ
2956 1728 3066 1781 δύο
3107 1727 3321 1781 κλάδοι
3366 1727 3486 1780 τῶν
3524 1728 3767 1789 ἐλαιῶν,

2179 1821 2233 1872 οἱ
2266 1819 2337 1872 ἐν
2379 1819 2511 1884 ταῖς
2552 1820 2723 1889 χερσὶ
2775 1818 2895 1872 τῶν
2921 1818 3031 1873 δύο
3072 1818 3442 1888 μυξωτήρων
3475 1818 3592 1871 τῶν
3626 1837 3773 1888 χρυ-

2179 1909 2332 1977 σῶν,
2388 1910 2508 1965 τῶν
2588 1913 2952 1981 ἐπιχεόντων
3026 1912 3127 1965 καὶ
3181 1912 3607 1980 ἐπαγαγόντων
3662 1913 3772 1977 τὰς

2177 2003 2617 2073 ἐπαρυστρίδας
2638 2004 2745 2068 τὰς
2770 2002 3042 2072 χρυσᾶς
3062 2004 3171 2057 Kal
3193 1999 3323 2056 εἷπε
3346 2005 3494 2071 πρός
3517 2020 3593 2072 με
3610 2019 3624 2034 '
3648 2006 3770 2057 Οὐκ

2179 2088 2343 2159 οἶδας
2378 2094 2435 2146 tl
2481 2094 2612 2147 ἐστι
2643 2094 2829 2147 ταῦτα
2848 2109 2866 2157 ;
2901 2093 3010 2148 Kal
3037 2090 3209 2147 εἶπεν
3241 2092 3409 2160 Οὐχί,
3438 2095 3636 2161 Κύριε.
3661 2092 3769 2147 Καί

2176 2179 2373 2235 εἶπεν-ο
2398 2180 2571 2238 Οὗτοι
2596 2190 2648 2238 οἱ
2671 2185 2780 2239 δύο
2798 2186 2912 2239 υἱοὶ
2929 2184 3037 2253 τῆς
3058 2186 3337 2251 πιότητος
3356 2184 3768 2253 παρεστήκασι

2176 2274 2371 2339 Κυρίῳ
2400 2274 2602 2341 πάσης
2648 2275 2759 2343 τῆς
2794 2276 2928 2343 riis-

2249 2362 2381 2418 KH'.
2425 2365 2734 2437 Φιλομαθὴς
2764 2367 2901 2434 ἄγαν
2936 2367 3046 2421 τῶν
3092 2369 3265 2437 ἁγίων
3293 2373 3321 2424 6
3348 2370 3491 2433 νοῦς.
3534 2370 3771 2439 Τοιγάρ-

2175 2473 2256 2509 τοι
2291 2458 2521 2528 παρίησι
2559 2458 2654 2527 μὲν
2684 2461 2712 2511 6
2744 2461 3034 2531 προφήτης
3080 2462 3191 2517 τῶν
3237 2465 3295 2517 ὲν
3327 2465 3393 2533 τῇ
3440 2462 3629 2534 ὁράσει
3661 2463 3771 2515 δει-

2177 2535 2459 2617 κνύμὲνων
2497 2550 2671 2613 οὐδὲν,
2723 2550 3076 2618 φιλοπευστεί
3102 2554 3183 2619 δὲ,
3220 2556 3314 2608 καὶ
3344 2554 3480 2618 λίαν,
3515 2555 3608 2607 καὶ
3641 2554 3771 2625 περ)⁸

2178 2640 2411 2693 ἑκάστου
2449 2640 2664 2703 λεπτῶς
2710 2642 3148 2696 ἀναπυνθάνεται
3194 2646 3288 2710 τὸ,
3319 2647 3372 2697 τί
3415 2645 3480 2699 ἂν
3529 2646 3771 2715 βούλοιτο

2176 2732 2390 2803 δηλοῦν.
2427 2733 2573 2785 Ἔδει
2622 2732 2799 2785 τοίνυν
2839 2732 3014 2796 οὕτως
3050 2734 3226 2805 ἔχοντι
3274 2735 3501 2809 γνώμης
3550 2737 3770 2810 διατρα⁶

2177 2823 2401 2877 νοῦσθαι
2449 2823 2538 2876 διὰ
2580 2824 2673 2877 τού
2723 2825 2824 2894 τῆς
2859 2825 3093 2893 ἀγγέλου
3137 2827 3355 2897 φωνῆς,
3398 2830 3540 2893 τίνος
3573 2828 3639 2881 ἂν
3681 2832 3769 2899 εἴη

2182 2913 2449 2982 σύμϐολον
2484 2916 2517 2980 ἠ
2546 2917 2626 2978 είς
2659 2915 2832 2980 δεξιόν
2863 2933 2923 2969 τε
2966 2918 3064 2970 καὶ
3105 2918 3386 2991 εὐώνυμον
3418 2921 3515 2974 τοῦ
3547 2922 3769 2993 λαμπα-

494 2996 643 3051 duae.
674 2994 949 3049 Curiosius
981 2995 1164 3063 itaque
1199 2998 1437 3064 indagat,
1457 3005 1510 3049 et
1543 2996 1752 3049 discere
1779 2996 1944 3064 cupit.
1982 2997 2075 3050 Vi-

2181 3003 2292 3055 δίου
2336 3003 2525 3067 στάσις
2577 3005 2683 3057 τῶν
2724 3006 2939 3060 ἐλαιῶν.
2989 3006 3258 3081 Ταύτῃτοι
3311 3013 3767 3082 περιεργάζεται,

494 3089 573 3146 de
602 3099 805 3151 autem,
836 3087 1108 3156 quomodo
1151 3088 1345 3141 iterato
1399 3098 1771 3156 percontetur,
1809 3088 2076 3143 modum-

502 3196 608 3252 que
651 3179 1078 3250 percontatiouis
1135 3181 1201 3233 ad
1255 3180 1536 3234 veritatem
1579 3181 1736 3249 quasi
1803 3181 2073 3237 immutet.

503 3271 647 3326 Duas
674 3272 817 3326 enim
840 3270 1009 3324 olivas
1042 3271 1334 3325 nominavit
1368 3273 1420 3324 in
1449 3273 1714 3342 principio
1748 3275 1888 3328 :ised
1925 3291 2076 3329 men-

504 3365 574 3417 tis
601 3364 759 3419 oculo
788 3366 997 3418 acutius
1041 3365 1152 3418 visa
1187 3363 1433 3427 intuitus,
1481 3380 1586 3417 non
1620 3366 1850 3433 amplius
1883 3367 2074 3433 olivas,

503 3455 595 3511 sed
634 3471 809 3509 ramos
832 3456 1099 3509 olivarum
1141 3456 1405 3508 nominat.
1434 3455 1583 3509 Scite
1613 3456 1795 3523 itaque
1832 3456 2069 3510 interro-

500 3543 649 3613 ganti
694 3544 929 3613 explicat
980 3560 1102 3598 mox
1157 3547 1345 3597 beatus
1406 3544 1652 3610 angelus,
1693 3553 1750 3598 et
1810 3545 1883 3598 ait
1932 3546 2078 3613 ipsos

500 3651 622 3690 esse
664 3637 821 3689 iluos'
858 3636 999 3690 ﬁlius
1039 3635 1400 3706 pingnetlinis,
1440 3645 1497 3689 ut
1544 3636 1810 3703 laetantes,
1860 3647 1915 3692 et
1959 3638 2078 3692 oleo

503 3726 703 3781 Christi
738 3728 789 3779 in
834 3727 1038 3780 deliciis
1068 3729 1327 3791 viventes,
1362 3736 1417 3779 el.
1451 3729 1625 3796 gratia
1666 3730 1899 3798 Spiritus
1932 3729 2079 3784 affa-

503 3820 599 3871 tim
626 3818 1057 3886 pinguescentes.
1088 3817 1514 3873 Misericordinm
1539 3822 1682 3874 enim
1720 3822 2075 3884 obtinuimus,

499 3909 776 3979 iustiﬁcati
818 3911 988 3978 gratis
1020 3925 1113 3977 per
1160 3910 1316 3964 [idem
1347 3911 1415 3973 ”,
1473 3922 1529 3967 et
1565 3923 1783 3981 propter
1819 3930 2081 3968 commu-

504 4001 720 4056 nionem
754 4002 927 4055 sancti
965 4000 1200 4069 Spiritus
1225 4012 1504 4057 consortes
1536 4004 1729 4057 divinae
1759 4003 1875 4072 ejus
1909 4017 2080 4060 natu-

504 4108 579 4148 ra:
611 4092 784 4146 eliecti
824 4092 890 4147 '°.
944 4091 1130 4161 Itaque
1188 4093 1239 4146 in
1300 4095 1419 4147 oleo
1466 4103 1520 4147 ct
1578 4094 1812 4150 lucernis
1848 4096 2079 4152 duorum

506 4183 824 4252 populorum
886 4181 1128 4233 lutulatio
1169 4191 1224 4236 et
1273 4182 1582 4235 assistentia
1635 4183 1972 4253 intelligitur.
2021 4184 2078 4237 ln

506 4274 710 4327 lumine
739 4275 882 4327 enim
917 4282 1002 4328 est
1041 4274 1254 4329 vocatio
1282 4286 1493 4340 nostra,
1533 4286 1583 4328 et
1615 4285 1672 4328 ut
1698 4275 1749 4328 in
1787 4276 1906 4330 oleo
1936 4277 2079 4346 quod

504 4370 589 4418 cst
623 4378 652 4416 a
689 4361 834 4417 Deo:
870 4362 1304 4433 quandoquidem
1348 4378 1475 4420 vere
1524 4367 1680 4420 nobis
1719 4367 1901 4422 dicere
1927 4383 2074 4421 con-
2107 4359 2151 4414 D

505 4466 719 4507 cessum
746 4462 854 4517 est,
880 4468 981 4508 nos
1016 4454 1444 4511 misericordiam
1469 4470 1811 4522 consecutos,
1840 4475 1870 4511 a
1918 4474 2077 4513 mor-

510 4554 561 4599 te
588 4553 642 4600 et
696 4556 921 4613 peccato
949 4545 1226 4613 liberatos,
1260 4559 1315 4603 et
1347 4551 1633 4604 veterrima
1660 4550 1919 4605 servitute
1945 4566 2080 4605 cer-

506 4636 655 4691 vices
702 4645 916 4692 nostras
958 4639 1260 4708 expeditas.
1288 4637 1576 4694 llluminati
1628 4650 1810 4693 autem
1866 4657 2074 4707 sumus,

504 4740 675 4782 anum
704 4736 896 4782 natura
930 4728 1095 4783 Deum
1126 4741 1500 4799 agnoscentes,
1526 4740 1579 4785 et
1602 4746 1631 4785 e
1675 4732 1912 4787 tenebris
1944 4733 2078 4800 qui-

506 4818 611 4874 bus
639 4832 735 4873 nos
789 4834 944 4873 error
993 4819 1306 4889 multiplicis
1351 4821 1667 4878 idololatriae
1727 4822 2026 4878 involverat
2064 4866 2080 4892 ,

505 4910 735 4980 egressi.
780 4908 978 4966 Verum
1019 4912 1147 4981 quid
1170 4912 1271 4967 sibi
1306 4913 1474 4968 velint
1511 4913 1685 4981 olivte,
1719 4925 1775 4970 et
1805 4915 1932 4985 quid
1966 4891 2080 4971 mo?

509 5001 649 5056 verit
692 5001 908 5056 beatum
958 5004 1294 5073 prophetam,
1343 5018 1411 5060 ne
1466 5006 1697 5076 amplius
1738 5007 1939 5071 olivas,
1983 5009 2080 5064 sed

511 5107 692 5148 ramos
715 5094 892 5161 potius
916 5095 1178 5149 olivarum
1206 5095 1458 5154 dicendas
1489 5107 1724 5169 putaret,
1746 5114 1845 5169 age
1869 5101 2078 5171 disqui-

501 5200 717 5242 ramus.
752 5184 901 5240 Bona
933 5187 1117 5255 igitur,
1148 5204 1243 5243 seu
1281 5191 1539 5260 frugifera
1568 5192 1707 5247 oliva
1763 5192 2076 5249 Judaeorum

505 5281 819 5349 Synagnga,
853 5280 1079 5348 agrestis
1103 5280 1243 5335 oliva
1283 5284 1523 5351 gentium
1558 5284 1845 5338 multitudo
1877 5295 2077 5340 vocata

513 5376 615 5423 est.
646 5370 737 5423 Sic
760 5372 904 5424 enim
934 5371 1170 5441 ipsarum
1207 5375 1395 5428 beatus
1429 5373 1628 5427 Paulus
1659 5376 1926 5441 meminit,
1956 5390 2079 5430 cre-

510 5456 703 5514 dentes
733 5472 799 5512 ex
830 5462 1076 5528 gentibus
1105 5463 1381 5532 alloquens
1408 5480 1421 5517 :
1462 5480 1479 5514 t
1514 5460 1570 5517 Si
1603 5466 1746 5519 enim
1784 5474 1837 5519 tu
1863 5481 1927 5520 ex
1966 5481 2077 5518 na-

2178 3094 2272 3147 καὶ
2313 3095 2712 3165 ἁναμανθάνειν
2761 3098 2923 3164 ἀξιοῖ.
2972 3099 3162 3171 ’Δθρει
3211 3102 3267 3154 δὲ
3318 3103 3467 3166 ὃπως
3508 3103 3769 3173 δευτέραν

2177 3183 2372 3251 ἐπάγει
2397 3184 2495 3255 τὴν
2522 3186 2736 3248 πεῦσιν,
2763 3189 2854 3241 καὶ
2879 3189 2988 3261 μὴν
3016 3192 3111 3244 καὶ
3140 3192 3505 3263 μεταπλὰττει
3540 3213 3657 3259 πως
3688 3197 3773 3260 είς

2178 3275 2239 3328 τὸ
2262 3277 2489 3350 ἀτρεκὲς
2520 3279 2610 3332 τὸν
2635 3280 2735 3351 τῆς
2765 3283 3089 3354 ἐρωτήσεως
3118 3286 3339 3356 τρόπον.
3378 3286 3481 3340 Δύο
3522 3287 3622 3357 μὲν
3657 3288 3768 3360 γάρ

2179 3366 2365 3428 ἐλαίας
2405 3368 2688 3453 ὠνόμαζεν
2729 3373 2786 3424 ἐν
2813 3374 3007 3445 ἀρχαῖς
3027 3393 3040 3405 ⁸
3077 3374 3397 3448 λεπτότερον
3440 3378 3496 3432 δέ
3525 3396 3642 3442 πως
3670 3380 3769 3450 τῆς

2178 3458 2413 3523 διανοίας
2445 3464 2535 3514 τὸν
2567 3462 2845 3535 ὀφθαλμὸν
2872 3470 2983 3530 τοῖς
3019 3469 3317 3538 ὁρωμένοις
3348 3470 3535 3533 ἐνιεὶς,
3561 3474 3662 3525 οὐκ
3686 3471 3766 3524 ἔτι

2183 3550 2281 3620 μὲν
2325 3550 2543 3618 ἐλαίας,
2593 3553 2824 3619 κλάδους
2865 3557 2923 3611 δέ
2967 3558 3165 3628 μᾶλλον
3217 3558 3503 3629 ὠνόμαζεν
3545 3561 3761 3615 ἐλαιῶν.

2191 3643 2467 3716 Ἐρομένῳ
2493 3646 2557 3716 δὴ
2585 3642 2678 3701 οὖν
2710 3648 2974 3719 εὐτέχνως
3013 3649 3370 3718 ἀποφαίνεται
3401 3651 3584 3705 λοιπὸν
3606 3656 3633 3706 6
3663 3671 3766 3725 μα-

2179 3736 2370 3807 κάριος
2417 3739 2679 3806 ἄγγελος,
2724 3740 2817 3794 καί
2872 3757 3036 3811 φησιν
3084 3741 3281 3805 αὐτοὺς
3329 3744 3456 3807 τοὺς
3493 3744 3587 3799 δύο
3628 3740 3766 3801 εῐναι

2180 3830 2329 3892 υἱοὺς
2357 3829 2459 3899 τῆς
2494 3832 2783 3901 πιότητος,
2827 3831 2903 3894 ὡς
2933 3832 3392 3903 εὐφραινομένους
3433 3853 3493 3887 τε
3537 3839 3631 3890 καὶ
3674 3839 3765 3891 ἐν·

2182 3922 2572 3986 σπαταλῶντας
2617 3923 2780 3993 ἐλαίῳ
2820 3923 2897 3992 τῷ
2928 3925 3079 3991 παρὰ
3121 3925 3387 3995 Χριστοῦ,
3420 3928 3515 3980 καὶ
3558 3931 3623 3997 τῇ
3667 3929 3764 3982 τοῦ

2182 4009 2495 4080 Ιινεύματος
2526 4012 2706 4082 χάριτι
2746 4012 3014 4075 πλουσίως
3058 4015 3459 4085 πιαινομένους.
3501 4017 3766 4090 Ἠλεήθη-

2185 4118 2282 4172 μεν
2318 4103 2447 4172 γὰρ,
2480 4102 2848 4173 δικαιούμενοι
2880 4104 3090 4174 δωρεάν
3119 4106 3204 4160 διὰ
3232 4108 3332 4176 τῆς
3380 4109 3634 4172 πίστεως,
3669 4110 3765 4164 καὶ

2181 4196 2428 4248 κοινωνοὶ
2455 4196 2551 4266 τῆς
2579 4196 2727 4259 θείας
2755 4197 2918 4250 αὑτοῦ
2952 4198 3167 4265 φύσεως
3195 4200 3647 4271 ἀναδεδειγμένοι,
3677 4203 3763 4255 διὰ

2180 4285 2276 4338 τοῦ
2322 4288 2608 4357 μετασχεῖν
2637 4288 2794 4356 ἁγίου
2821 4287 3159 4358 Πνεύματος.
3192 4291 3402 4343 Οὐκοῦν
3432 4293 3490 4345 ἐν
3520 4292 3679 4362 ἐλαίῳ
3702 4310 3761 4346 τε

2183 4378 2277 4429 καὶ
2302 4376 2515 4447 λύχνοις
2547 4379 2580 4449 ὴ
2611 4379 2718 4432 τῶν
2739 4378 2833 4432 δύο
2860 4379 3004 4433 λαῶν
3036 4380 3240 4451 ἴδρυσίς
3269 4398 3329 4435 τε
3362 4384 3453 4436 καὶ
3483 4386 3763 4455 παράστα-

2185 4483 2289 4531 σις.
2329 4469 2416 4522 Ἑν
2451 4472 2589 4539 φωτὶ
2620 4470 2728 4540 γὰρ
2767 4472 2923 4542 ημῶν
2966 4474 2998 4542 ἡ
3029 4472 3240 4541 κλῆσις,
3275 4475 3368 4526 καὶ
3400 4476 3475 4537 ὡς
3508 4468 3569 4528 ἐν
3600 4476 3764 4546 ἐλαίῳ

2182 4557 2261 4628 τῷ
2298 4560 2449 4629 παρὰ
2476 4561 2631 4615 Θεοῦ’
2662 4563 2821 4634 εἴπερ
2847 4565 2994 4616 ἐστὶν
3016 4566 3243 4633 ἀτρεκὲς
3276 4566 3472 4628 εἰπεῖν,
3509 4565 3585 4629 ὡς
3603 4569 3763 4639 ἠλεηο

2187 4650 2328 4720 μεοα
2391 4652 2511 4721 μὲν,
2573 4652 2805 4706 θανάτου
2847 4658 2941 4707 καὶ
2991 4655 3265 4725 ἁμαρτίας
3318 4656 3761 4728 ἀπηλλαγμένοι,

2183 4744 2275 4797 καὶ
2306 4743 2547 4807 δουλείας
2587 4745 2685 4816 τῆς
2715 4747 3077 4817 ἀρχαιοτάτης
3122 4746 3493 4809 ἀπολύσαντες
3527 4750 3618 4802 τὸν
3666 4752 3762 4803 αὐ-

2189 4834 2338 4905 χένα.
2390 4836 2790 4907 Πεφωτίσμεθα
2821 4837 2899 4900 δέ,
2931 4839 3027 4891 ἕνα
3075 4839 3166 4891 τὸν
3204 4842 3363 4908 φύσει
3400 4841 3534 4894 Θεὸν
3580 4843 3759 4907 ἐπιγι-

2189 4923 2508 4991 νώσκοντες,
2539 4926 2634 4979 καὶ
2664 4930 2764 4997 τῆς
2794 4926 3056 4982 πολυθέου
3103 4929 3307 5002 πλάνης
3334 4933 3426 4985 τὸν
3458 4932 3645 4985 σκότον
3671 4934 3761 4983 ἐκ·

2189 5015 2504 5085 ϐεϐηκότες.
2542 5017 2700 5071 Ἀλλὰ
2730 5018 2811 5081 τίς
2841 5018 2908 5073 ἂν
2932 5019 3017 5090 εἴη
3048 5022 3139 5073 καὶ
3165 5022 3193 5073 6
3221 5021 3327 5076 τῶν
3365 5022 3559 5076 ἐλαιῶν
3583 5021 3759 5090 λόγος,

2188 5106 2240 5160 τί
2270 5106 2326 5161 δέ
2353 5107 2462 5178 ἄρα
2498 5108 2557 5160 τὸ
2589 5110 2846 5172 πεπεικὸς
2886 5110 2977 5163 τὸν
3023 5114 3292 5185 μακάριον
3336 5115 3641 5184 προφήτην,
3689 5116 3761 5185 μὴ

2182 5196 2245 5266 δὴ
2277 5199 2472 5270 χρῆναι
2510 5200 2688 5268 λέγειν
2733 5202 2904 5265 αὑτὰς
2949 5204 3133 5268 ἐλαίας
3175 5206 3273 5275 μὲν
3308 5205 3407 5266 ἔτι,
3453 5205 3679 5268 κλάδους
3708 5206 3762 5258 δὲ
3850 5264 3856 5271 ,

2185 5290 2383 5359 μᾶλλον
2419 5291 2631 5356 ἐλαιῶν,
2666 5294 2795 5363 φέρε
2825 5294 2907 5363 δὴ,
2938 5297 3067 5368 φέρε
3107 5296 3579 5367 περιαθρήσωμεν.
3620 5297 3761 5350 Καλ-

2180 5381 2410 5447 λιέλαιος
2463 5386 2561 5455 μὲν
2611 5387 2791 5439 τοίνυν
2852 5388 3027 5457 ἡτῶν
3066 5387 3327 5442 Ἰουδαίων
3380 5388 3755 5459 κεχρημάτικε

2183 5471 2514 5546 Συναγωγή,
2561 5474 2871 5546 ἁγριέλαιός
2904 5493 2965 5544 γε
3027 5476 3130 5548 μὴν
3165 5475 3272 5529 τῶν
3324 5474 3493 5528 ἐθνῶν
3535 5477 3568 5546 η
3619 5475 3758 5547 πλη-

581 5631 635 5667 ⁹δ
668 5630 863 5704 Ephes.
902 5653 958 5703 ιι,
1002 5639 1086 5694 16.
1164 5642 1208 5673 ³³
1248 5639 1403 5696 Rom.
1446 5658 1523 5708 ιιι,
1565 5642 1653 5697 ει.
1695 5644 1741 5675 ⁸⁸
1781 5644 1823 5699 ll
1866 5644 2007 5701 l’etr.
2056 5662 2093 5713 I,
2134 5648 2185 5703 Δ.
