4092 6202
405 267 476 326 77
1254 264 1812 325 COMMENTARIUS
1848 268 1916 325 IN
1955 269 2360 328 ZACHARIAM
2395 270 2838 331 PROPHETAM.
3605 277 3673 335 τε

407 377 524 442 θύς.
554 372 715 431 Οὕτω
764 376 874 448 γὰρ
910 375 1092 434 αὐτῶν
1137 378 1502 453 διαμέμνηται
1533 384 1628 436 καί
1657 384 1686 437 ό
1728 385 1995 457 μακάριος

2104 387 2263 443 turali
2312 388 2552 453 oleastro
2598 388 2813 445 excisus
2858 402 2940 455 es,
2985 397 3041 443 et
3084 398 3273 444 contra
3310 400 3557 447 naturam
3584 394 3672 448 iu-

408 467 651 532 Ιιαῦλος,
701 466 876 537 λέγων
936 469 1077 541 πρὸς
1138 471 1267 534 τοὺς
1328 472 1390 536 ἐξ
1449 472 1623 526 ἐθνῶν
1665 476 1992 529 πιστεύσαν-

404 578 537 626 τας·
570 580 591 613 ι
625 562 689 615 Εἰ
717 560 831 633 γὰρ
866 563 930 617 σὺ
956 564 1022 615 ὲκ
1048 565 1148 633 τῆς
1186 561 1329 617 κατὰ
1357 562 1519 631 φύσιν
1544 564 1811 635 ἐξεκόπης
1845 568 1996 639 ἀγρι-

410 653 586 708 ελαίου
606 692 622 720 ,
667 654 763 706 καὶ
802 654 954 725 παρὰ
999 653 1163 723 φύσιν
1221 656 1635 727 ἐνεκεντρίσθης
1677 658 1759 721 εἰς
1806 659 1993 712 καλλι-

410 747 604 812 έλαιον,
637 745 823 817 πολλῷ
857 747 1059 817 μᾶλλον
1082 741 1228 801 οὗτοι
1259 750 1309 801 οἱ
1341 750 1483 802 κατὰ
1524 750 1688 819 φύσιν
1717 754 1997 823 ὲγκεντρι-

407 837 695 907 σθήσονται
739 840 809 908 τῇ
842 838 946 910 ἰδία
988 837 1165 908 ἐλαίᾳ.
1194 856 1213 888 s
1252 839 1461 892 Οὐκοῦν
1506 839 1846 902 καλλιέλαιος
1898 843 1995 913 μὲν

404 931 440 1001 η
466 928 792 1000 Συναγωγή,
826 927 1078 1001 καθάπερ
1099 928 1236 1000 ἔφην
1267 930 1472 1002 ἀρτίως
1496 972 1512 998 ,
1540 932 1850 1003 ἀγριέλαιος
1888 933 1995 1007 δὲή

405 1020 513 1073 τῶν
543 1019 716 1073 ἐθνῶν
753 1020 945 1090 ἀγέλη.
976 1020 1042 1072 Ol
1090 1022 1191 1091 μὲν
1222 1022 1354 1093 γὰρ,
1402 1022 1501 1094 τὴν
1550 1022 1639 1076 διὰ
1665 1023 1830 1094 νόμου
1866 1025 1996 1079 παί⁸

404 1111 587 1167 δευσιν
630 1111 882 1182 ἔχοντες,
924 1110 1024 1164 οὐκ
1058 1110 1296 1183 ἄκαρποι
1328 1112 1601 1166 διετέλουν
1621 1130 1635 1145 ·
1685 1117 1736 1167 οἱ
1765 1114 1822 1168 δὲ
1854 1111 1996 1186 ἦσαν

356 1186 371 1253 l
410 1204 636 1277 σφηκῶν
657 1203 866 1276 ἀγρίων
892 1203 1303 1275 ὲνδιαιτήματα,
1331 1205 1511 1278 πλήρη
1537 1206 1830 1278 δαιμονίων
1856 1208 1997 1278 ἔχον-

407 1315 497 1361 τες
520 1297 613 1351 τὸν
637 1296 786 1359 νοῦν,
811 1298 904 1351 καὶ
932 1296 1177 1368 ἄκαρποι
1204 1297 1501 1363 παντελῶς.
1526 1300 1673 1371 Πλὴν
1698 1300 1822 1353 οὔτε
1847 1302 1996 1355 πᾶσα

406 1393 442 1463 η
471 1389 581 1443 τῶν
615 1388 886 1443 Ἰουδαίων
920 1390 1215 1461 Συναγωγή
1246 1390 1344 1461 τὴν
1376 1392 1455 1455 εἰς
1503 1391 1631 1447 Υἰὺν
1665 1393 1997 1464 παρεδέξατο

408 1482 606 1546 πίστιν,
639 1481 765 1536 οὔτε
799 1482 904 1553 μὴν
930 1483 1024 1554 ὅλη
1057 1483 1168 1537 τῶν
1213 1484 1382 1538 ἐθνῶν
1413 1485 1446 1555 ἠ
1478 1484 1721 1557 πληθύς*
1758 1487 1995 1552 ὲξεσπα-

411 1577 597 1647 σμένοι
630 1573 689 1626 δὲ
718 1573 911 1645 ὥσπερ
940 1575 1025 1642 ἐφ’
1068 1574 1307 1644 ἑκάστης
1347 1576 1605 1648 ἠλὲηνται
1655 1577 1863 1643 πολλοὶ,
1901 1579 1998 1633 καὶ

407 1667 700 1737 κέκληνται
722 1664 811 1719 διὰ
836 1665 936 1734 τῆς
964 1664 1199 1727 πίστεως
1227 1666 1309 1730 εἰς
1336 1666 1428 1719 τὸν
1448 1666 1537 1721 διὰ
1556 1667 1653 1721 τοῦ
1681 1669 1996 1739 Πνεύματος

2099 489 2278 535 sertus
2323 494 2384 535 es
2438 479 2494 534 in
2536 480 2733 535 bonam
2780 478 2999 545 olivam,
3027 490 3233 550 quanto
3274 482 3444 552 magis
3482 484 3540 549 ii,
3580 488 3672 554 qui

2097 569 2396 625 secundum
2430 580 2681 625 naturam
2720 584 2832 624 suae
2865 569 3023 624 olivae
3062 570 3371 625 inserentur
3397 573 3485 627 "'l
3519 593 3536 626 ι
3582 575 3677 630 Est

2096 672 2230 729 ergo
2279 661 2418 715 bona
2452 659 2594 715 oliva
2635 660 2959 732 Synagoga,
2997 670 3057 715 ut
3092 660 3204 730 jam
3242 664 3351 718 dixi
3378 704 3395 729 ,
3440 669 3674 735 agrestis

2097 759 2276 805 autem
2316 767 2446 821 grex
2494 751 2758 822 gentium.
2794 752 2874 806 ll‘li
2915 752 3061 806 enim
3095 768 3191 823 per
3238 753 3409 824 legem
3449 759 3673 822 eruditi,

2096 856 2316 910 semper
2361 851 2521 897 erant
2550 841 2798 912 frugiferi
2824 859 2840 897 :
2865 852 2923 897 at
2954 843 3043 898 isti
3088 858 3372 912 vesparum
3409 848 3674 901 atrocium

2097 932 2418 1000 diversoria,
2474 942 2712 989 mentem
2756 935 3021 989 habentes
3050 934 3267 1003 plenam
3317 937 3675 1001 daemonibus.

2096 1032 2152 1078 et
2212 1024 2531 1079 infructuosi
2592 1040 2657 1079 ac
2709 1025 2922 1079 steriles
2984 1026 3227 1079 omnino.
3291 1026 3675 1082 Verumtamen

2098 1130 2198 1170 nec
2235 1125 2346 1170 tota
2382 1115 2690 1172 .Itttlzeorum
2721 1115 3003 1188 Synagoga
3031 1116 3190 1170 [idem
3224 1117 3277 1171 itt
3322 1117 3519 1173 Filium
3560 1136 3680 1173 sus-

2098 1207 2285 1276 cepit,
2317 1221 2417 1261 nec
2440 1208 2680 1277 gentium
2712 1207 3065 1269 universitas,
3098 1209 3191 1261 sed
3219 1210 3376 1278 quasi
3420 1210 3679 1277 utrinque

2100 1299 2352 1364 extracti,
2396 1299 2831 1354 misericordiam
2874 1300 3054 1367 adepti
3095 1310 3222 1353 sunt
3264 1302 3439 1365 nmlti,
3480 1312 3537 1356 et
3583 1318 3680 1371 per

2098 1389 2259 1446 [idem
2300 1392 2364 1445 ad
2404 1391 2852 1446 illuminationem
2881 1406 2977 1460 per
3016 1392 3277 1461 Spiritum
3316 1396 3491 1447 vocati
3527 1406 3675 1449 sunt.

2098 1483 2257 1539 Rami
2291 1498 2422 1555 ergo
2451 1485 2717 1538 olivarum
2741 1487 2831 1553 qui
2856 1487 3087 1539 extracti
3114 1495 3263 1550 sunt,
3286 1489 3679 1543 convenirnler

2099 1573 2330 1645 intelligi
2367 1584 2593 1644 queant,
2626 1576 2716 1645 qui
2747 1585 2801 1629 et
2845 1576 3278 1631 misericordiam
3311 1593 3411 1646 per
3443 1580 3676 1648 gratiam

2100 1667 2429 1722 invenerunt
2466 1708 2482 1733 ,
2539 1678 2595 1723 et
2660 1668 2807 1722 velut
2874 1668 2926 1723 in
2972 1669 3153 1723 lumen
3219 1670 3485 1739 lampadis
3518 1711 3534 1734 ,
3578 1674 3680 1725 hoc

406 1759 705 1829 φωτισμόν.
740 1759 943 1813 Κλάδοι
989 1758 1056 1829 δὴ
1104 1754 1196 1812 οὖν
1231 1759 1425 1813 ὲλαιῶν
1473 1762 1523 1813 οἰ
1575 1763 1992 1831 ἀπεσπασμένοι

2098 1770 2201 1825 cst,
2242 1759 2469 1826 Christi,
2523 1768 2579 1813 et
2619 1770 2824 1829 septem
2876 1760 3262 1814 collucentium
3307 1762 3678 1823 lucernarum,

404 1850 594 1907 νοοῖντ’
621 1851 689 1905 ἂν
719 1851 964 1916 εἰκότως,
992 1851 1041 1904 οἳ
1077 1852 1173 1904 καὶ
1209 1850 1468 1920 ὴλέηνται
1499 1852 1586 1905 διὰ
1613 1855 1711 1923 τῆς
1748 1854 1991 1923 χάριτος,

406 1943 502 1996 καὶ
532 1942 607 2004 ὡς
638 1942 697 1994 ὲν
730 1941 871 2010 φωτὶ
923 1940 1177 2009 γεγόνασι
1196 1942 1298 2015 τοῦ
1346 1940 1672 2011 λαμπαδίου,
1717 1942 1993 2009 τουτέστι,

406 2032 666 2106 Χριστοῦ,
709 2034 803 2087 καὶ
835 2031 946 2085 τῶν
999 2031 1140 2085 ἑπτὰ
1183 2032 1714 2101 συναναλαμπόντων
1765 2031 1994 2103 λύχνων,

405 2125 674 2191 τουτέστι,
705 2126 803 2195 τῆς
827 2123 936 2177 τῶν
975 2124 1147 2192 ἁγίων
1173 2122 1433 2193 πληθύος.
1474 2124 1664 2195 ’Λθρει
1700 2124 1758 2178 δὲ
1788 2125 1935 2187 ὅπως
1969 2125 1998 2178 ό

408 2218 698 2281 θεσπέσιος
741 2216 974 2285 ἄγγελος
1021 2217 1101 2280 εἰς
1134 2216 1321 2269 εἰκόνα
1364 2216 1458 2269 καὶ
1491 2214 1846 2269 ὑποτύπωσιν
1897 2215 1992 2270 τοῦ

420 2310 775 2383 Ἐμμανουήλ
833 2308 1201 2381 παραδέχεται
1244 2308 1306 2362 τὸ
1348 2308 1677 2380 λαμπάδιον.
1727 2308 1993 2381 Τεθειμέ-

406 2420 513 2456 νων
538 2403 650 2474 γὰρ
669 2403 780 2455 τῶν
807 2402 1017 2455 κλάδων
1048 2405 1113 2455 ὲκ
1141 2401 1331 2466 δεξιῶν
1361 2400 1551 2466 αὐτοῦ,
1583 2402 1676 2456 καὶ
1705 2401 1762 2469 ἐξ
1792 2401 1995 2455 εὐωνύ-

410 2512 527 2566 μων
557 2493 670 2563 (οὓς
700 2494 796 2547 καὶ
827 2494 976 2556 υἱοὺς
1009 2492 1108 2563 τῆς
1136 2495 1391 2561 πιότητος
1422 2492 1674 2564 ὠνόμασε
1693 2493 1828 2561 δύο),
1861 2509 1996 2565 παρ-

409 2586 628 2640 εστάναι
664 2586 826 2656 φησὶν
855 2586 1053 2648 αὐτοὺς
1076 2585 1154 2656 τῷ
1192 2586 1382 2657 Κυρίῳ
1408 2586 1585 2656 πάσης
1616 2588 1716 2656 τῆς
1746 2588 1870 2656 γῆς,
1896 2587 1995 2657 τῆς

414 2675 811 2746 παραστάσεως
853 2676 911 2728 ἐν
942 2674 1134 2739 τύποις
1176 2676 1696 2748 κατασημαινούσης
1741 2673 1799 2730 εὖ
1850 2677 1997 2748 μάλα

354 2801 361 2810 -
412 2766 512 2839 τὴν
538 2768 839 2840 οἰκειότητα
861 2769 961 2838 τὴν
990 2769 1389 2840 πνευματικὴν,
1423 2769 1518 2823 καὶ
1550 2770 1612 2823 τὸ
1647 2769 1863 2841 ἕτοιμον
1893 2771 1995 2840 τῆς

409 2857 633 2929 γνώμης
658 2859 736 2922 εἰς
769 2875 831 2926 γε
859 2858 923 2911 τὸ
958 2857 1069 2912 δεῖν
1106 2859 1425 2913 ὑποκεῖσθαι
1472 2877 1533 2912 τε
1575 2860 1669 2913 καὶ
1700 2861 1995 2932 ὑπηρετεῖν

410 2951 576 3021 αὐτῷ.
597 2945 724 3002 Ὧδε
776 2951 887 3022 γὰρ
926 2951 993 3005 ἂν
1022 2954 1195 3004 νοοῖτο
1223 2952 1457 3024 Χριστὸς
1491 2954 1846 3025 παραστήσας
1876 2956 1997 3008 ἐαυ-

409 3044 489 3116 τῷ
510 3045 609 3117 τὴν
638 3044 987 3116 Ἐκκλησίαν,
1008 3044 1107 3115 τὴν
1127 3045 1190 3097 ὲκ
1210 3044 1303 3098 δύο
1320 3044 1463 3098 λαῶν
1488 3046 1992 3120 συναγηγερμένην.

412 3131 564 3186 Κατὰ
586 3129 800 3197 τοῦτον,
822 3128 995 3202 οἶμαι,
1022 3132 1114 3185 τὸν
1138 3132 1338 3205 τρόπον
1364 3131 1442 3203 τῷ
1472 3134 1570 3205 τῆς
1600 3136 1996 3206 παραστάσεως

409 3224 633 3295 ὀνόματι
664 3226 762 3279 καὶ
781 3226 811 3279 ό
834 3224 1120 3289 Θεσπέσιος
1146 3225 1353 3296 Μωσῆς
1382 3225 1834 3293 κατεκαλλύνετο,
1859 3227 1994 3281 Θεοῦ

411 3320 547 3390 πρὸς
577 3319 741 3373 αὐτὸν
768 3321 1047 3390 εἰρηκότος
1068 3334 1083 3348 ’
1109 3320 1180 3373 Σὺ
1209 3319 1267 3372 δὲ
1296 3319 1458 3372 αὑτοῦ
1491 3319 1649 3390 στῆθι
1688 3321 1804 3389 μετ’
1836 3321 1992 3391 ἐμοῦ.

410 3413 483 3466 υύ
514 3413 623 3484 γὰρ
654 3413 963 3484 ἀπόϐλητος
993 3415 1026 3484 ὴ
1060 3411 1149 3465 διὰ
1196 3411 1361 3482 νόμου
1416 3412 1695 3475 παίδευσις
1736 3414 1889 3483 παρὰ
1929 3431 1993 3482 γε

410 3504 487 3575 τῷ
521 3507 699 3559 πάντα
727 3505 888 3557 εἰδότι
916 3503 1053 3575 Θεῷ.
1088 3503 1188 3557 Διὰ
1222 3503 1381 3558 ποίαν
1409 3503 1616 3570 αἰτίαν;
1653 3504 1999 3575 Παιδαγωγεί

2100 1851 2202 1904 huc
2244 1861 2352 1911 (st,
2409 1862 2722 1905 sanctorum
2764 1850 3127 1905 multitudinis
3171 1862 3478 1906 evaserunt.

2096 1945 2485 1997 Animadverte
2539 1945 2758 2012 insuper
2806 1944 3078 2011 quomodo
3127 1959 3286 1998 sacer
3341 1940 3565 2014 angelus
3611 1949 3679 1998 ad

2100 2033 2391 2101 imaginem
2437 2039 2493 2086 et
2514 2032 2933 2101 descriptionem
2960 2033 3335 2087 Emmanuelis
3372 2034 3676 2103 lampadem

2099 2130 2362 2176 assumat.
2405 2121 2601 2176 Positis
2641 2123 2785 2174 enim
2830 2123 2997 2176 ramis
3035 2138 3065 2175 a
3107 2122 3311 2178 dextris
3349 2124 3466 2192 ejus
3510 2135 3565 2178 et
3599 2128 3679 2177 si-

2101 2215 2287 2269 nistris
2314 2213 2474 2285 (quos
2515 2223 2571 2268 et
2617 2216 2753 2269 duos
2798 2215 2940 2269 tilios
2990 2215 3336 2284 pinguedini's
3382 2216 3677 2286 nominat),

2100 2317 2278 2361 astare
2298 2306 2417 2360 illos
2445 2306 2577 2361 dicit
2612 2306 2841 2362 Omnino
2872 2310 3140 2361 universa:
3165 2317 3341 2375 terrae,
3366 2308 3682 2363 assistentia

2100 2398 2201 2452 hoc
2244 2397 2362 2452 loco
2418 2397 2850 2452 familiaritatem
2903 2410 2959 2453 et
3002 2408 3302 2469 promptam
3345 2400 3679 2455 voluntatem

2098 2489 2167 2545 ad
2233 2491 2283 2546 ei
2333 2492 2822 2561 obtemperantium
2883 2493 3414 2562 ntittistrantlumque
3466 2492 3679 2562 signiﬁ-

2098 2593 2278 2639 cante.
2314 2582 2407 2637 Sic
2430 2584 2574 2637 enim
2602 2594 2783 2654 potest
2814 2584 3042 2654 intelligi
3073 2584 3324 2638 Christus
3347 2584 3546 2639 fecisse
3572 2585 3681 2640 sibi

2098 2682 2280 2732 astare
2314 2676 2614 2731 Ecclesiam
2666 2691 2734 2731 ex
2770 2676 2983 2730 duobus
3018 2676 3229 2745 populis
3268 2686 3675 2745 congregatam.

2100 2769 2211 2825 lloc
2229 2772 2409 2835 modo,
2427 2764 2885 2840 opinor,nomiue
2906 2768 3233 2822 assistentite
3266 2770 3427 2823 etiam
3466 2770 3684 2823 divinus

2097 2862 2274 2917 Moses
2317 2873 2541 2916 ornatus
2576 2873 2682 2928 est,
2716 2878 2837 2915 cum
2883 2860 3025 2914 Deus
3054 2861 3121 2916 ad
3148 2876 3270 2915 eum
3307 2860 3621 2931 loqueretur
3659 2879 3676 2917 :

2103 2972 2123 3006 ι
2143 2953 2223 3008 Tu
2239 2963 2457 3009 verosta
2475 2953 2588 3007 illic
2606 2968 2815 3007 mecum
2831 2952 2898 3007 ".
2924 2971 2942 3004 ι
2963 2952 3077 3006 Non
3103 2953 3247 3006 enim
3270 2952 3495 3023 legalem
3519 2952 3682 3007 lusti-

2103 3047 2365 3102 tutionem
2392 3045 2535 3102 Deus
2560 3046 2742 3101 omnia
2774 3045 2959 3101 sciens
2985 3044 3191 3114 abjicit.
3220 3046 3393 3113 Quam
3437 3046 3506 3100 ob
3535 3034 3684 3100 cau-'

2100 3139 2254 3194 sam?
2284 3139 2420 3207 Quia
2467 3148 2555 3194 est
2600 3144 2921 3212 paedagogus
2963 3139 3030 3192 ad
3068 3138 3343 3194 Christum
3371 3136 3439 3205 ⁸⁸,
3471 3146 3526 3192 et
3560 3147 3685 3192 tan-

2098 3246 2259 3302 quam
2311 3233 2364 3286 in
2411 3233 2555 3309 typis
2605 3242 2660 3287 et
2711 3232 2923 3287 umbris
2973 3233 3145 3302 ipsam
3195 3232 3354 3286 nobis
3392 3231 3683 3285 veritatem

2098 3325 2353 3393 patturit.
2404 3324 2584 3380 Testis
2626 3323 2878 3380 Christus
2922 3324 3060 3395 ipse,
3100 3324 3181 3378 sic
3222 3321 3435 3377 allando
3464 3320 3681 3378 Judteos

2100 3415 2433 3480 incredulos,
2489 3434 2509 3468 ι
2548 3416 2605 3470 Si
2644 3416 2944 3471 crederetis
2993 3415 3149 3479 Mosi,
3191 3415 3376 3484 utique
3414 3414 3679 3468 credere-

2101 3511 2169 3563 tis
2193 3518 2249 3564 et
2283 3509 2453 3572 mihi;
2484 3510 2551 3564 de
2589 3523 2676 3563 me
2706 3509 2852 3562 enim
2891 3507 2980 3563 ille
3015 3507 3237 3573 scripsit
3263 3506 3332 3562 ⁸ο.
3369 3524 3390 3558 s

414 3598 518 3670 γὰρ
545 3599 625 3662 εἰς
652 3598 885 3668 Χριστὸν
910 3599 1003 3651 καὶ
1031 3596 1107 3661 ὡς
1134 3599 1193 3650 ἐν
1225 3596 1414 3661 τύποις
1460 3597 1556 3651 καὶ
1587 3602 1765 3663 σκιαῖς
1794 3578 2127 3673 αὑτὴ-δ’ἡμῖν
2165 3602 2345 3656 ὠδίνει
2411 3601 2511 3673 τὴν
2545 3601 2820 3670 ἀλήθειαν,
2864 3600 2958 3653 καὶ
2995 3598 3152 3653 τοῦτο
3201 3600 3346 3670 ἡμᾶς
3408 3595 3681 3653 πιστώσε-

410 3706 501 3743 ται
526 3687 700 3758 λέγων
726 3688 887 3751 αὐτος
914 3689 942 3741 ὁ
980 3688 1215 3759 Χριστὸς
1247 3689 1383 3760 πρὸς
1414 3691 1537 3753 τοὺς
1584 3691 1946 3755 ἀπιστοῦντας
1983 3692 2269 3756 Ἰουδαίους
2293 3709 2310 3724 ο
2358 3712 2375 3746 ι
2406 3695 2468 3746 Εἰ
2503 3692 2816 3746 ἐπιστεύετε
2846 3693 3057 3758 Μωσεῖ,
3095 3690 3411 3744 ἐπιστεύετε
3444 3691 3509 3743 ἂν
3532 3690 3677 3762 ἐμοί’

414 3783 542 3855 περὶ
566 3785 679 3855 γὰρ
706 3782 842 3854 ἐμοῦ
872 3784 1080 3847 ἐκεῖνος
1107 3783 1336 3855 ἔγραψε.
1375 3804 1394 3836 ι
1447 3800 1453 3805 '

1024 3919 1274 3975 ΚΕΦΔΛ.
1307 3921 1383 3976 Ε’.

481 4055 592 4113 Kal
625 4054 989 4123 ἐπέστρεψα,
1026 4054 1125 4109 καὶ
1151 4051 1268 4126 ἦρα
1296 4054 1438 4123 τοὺς
1478 4058 1824 4127 ὀφθαλμούς
1850 4076 1993 4128 μου,

2764 3924 2919 3980 CAP.
2954 3925 3014 3979 Υ.

2169 4064 2335 4124 Vens.
2374 4065 2487 4121 1-4.
2544 4068 2612 4119 Et
2654 4082 2934 4120 conversus
2993 4080 3108 4117 sum
3138 4104 3153 4129 ,
3195 4077 3244 4119 et
3297 4064 3465 4120 levavi
3501 4068 3680 4121 oculos

413 4143 511 4199 καὶ
547 4143 700 4210 Mor,
732 4143 829 4197 καί
859 4142 988 4199 ἰδοὺ
1014 4142 1313 4212 δρέπανον
1336 4146 1685 4216 πετόμενον.
1715 4149 1827 4203 Καὶ
1862 4146 1995 4204 εἶπε

2098 4170 2260 4219 meos,
2287 4164 2336 4209 et
2360 4155 2486 4222 vidi,
2516 4166 2562 4208 et
2597 4171 2712 4209 ecce
2745 4156 2861 4225 {alas
2905 4154 3102 4208 volans.
3145 4152 3212 4207 Et
3253 4154 3386 4208 dixit
3436 4157 3506 4208 ad
3557 4173 3678 4211 me:

414 4237 566 4306 πρός
606 4252 717 4306 με·
765 4235 829 4289 Τί
859 4238 941 4290 σὺ
976 4235 1268 4302 ﬁdenam;
1310 4239 1419 4291 Kal
1467 4234 1641 4292 εἶπεν
1688 4240 1830 4310 Ἐγὼ
1879 4241 1995 4312 ὁρῶ

2101 4246 2242 4313 Quid
2274 4256 2331 4300 tu
2359 4248 2498 4301 vides
2518 4249 2543 4300 ἓν
2569 4245 2639 4301 Ει
2668 4249 2783 4302 dixi
2810 4264 2829 4302 :
2857 4246 2968 4318 Ego
2998 4249 3146 4302 video
3181 4248 3372 4319 falcem
3400 4249 3677 4311 volantem,

414 4328 704 4398 δρέπανον
738 4330 1068 4398 πετόμενον
1098 4328 1334 4397 μήκους
1363 4330 1606 4399 πήχεων
1643 4334 1862 4399 εἴκοσι,
1896 4335 1995 4389 καί

2098 4337 2443 4408 longitudinis
2495 4339 2789 4395 cubitorum
2845 4343 3052 4411 uiginti,
3111 4352 3159 4395 et
3218 4340 3519 4396 latitudinis
3581 4358 3681 4394 cu.

414 4421 685 4488 κλάτους
727 4420 971 4491 πήχεων
1007 4419 1174 4475 δέκα.
1201 4421 1311 4476 Kal
1340 4418 1472 4476 εἶπε
1503 4424 1654 4490 πρός
1687 4439 1765 4493 με
1784 4440 1799 4454 ο
1832 4425 1995 4493 Αὕτη

2101 4428 2328 4483 bitorum
2388 4430 2584 4484 decem.
2657 4429 2725 4484 Et
2779 4434 2917 4485 dixit
2979 4437 3049 4486 ad
3117 4450 3197 4487 me
3243 4447 3263 4486 :
3324 4433 3452 4488 Herc
3518 4434 3681 4485 male-

415 4515 454 4584 ἡ
479 4512 596 4583 ἀρὰ
621 4515 661 4582 vi
694 4512 1139 4584 ἐκπορευομένη
1166 4513 1264 4567 ἐπὶ
1294 4512 1621 4581 πρόσωπον
1652 4515 1858 4582 πάσης
1888 4514 1995 4585 τῆς

2098 4521 2262 4576 dictio
2314 4538 2433 4594 quia
2488 4522 2754 4591 egreditur
2799 4540 2956 4590 super
3005 4525 3199 4595 faciem
3261 4525 3516 4577 universa:
3573 4534 3680 4577 ter-

414 4603 543 4676 τῆς.
573 4606 729 4661 Διότι
761 4604 881 4672 πᾶς
904 4608 937 4660 ὀ
963 4604 1230 4673 κλέπτης
1254 4605 1323 4659 ἐκ
1347 4608 1562 4660 τούτου
1590 4604 1702 4672 ἓως
1731 4606 1991 4663 θανάτου

2099 4628 2193 4667 τω.
2229 4611 2367 4677 Quia
2395 4612 2565 4667 omnis
2597 4611 2686 4681 [nr
2716 4628 2781 4666 ex
2810 4612 2905 4666 hoc
2934 4631 3095 4684 usque
3129 4615 3198 4667 ad
3234 4625 3455 4668 mortem
3484 4614 3676 4685 punico

411 4695 899 4765 ἐκδικηθήσεται,
939 4698 1036 4750 καὶ
1086 4695 1207 4763 πᾶς
1250 4699 1284 4751 ὀ
1328 4697 1609 4765 ἐπίορκος
1652 4698 1721 4752 ἐκ
1775 4701 1991 4756 τούτου

2098 4716 2187 4759 tur
2214 4720 2232 4758 :
2264 4714 2310 4759 et
2335 4705 2502 4759 omnis
2524 4702 2771 4775 perjurus
2802 4723 2866 4760 ea;
2897 4710 2994 4760 hoc
3020 4724 3179 4777 usque
3210 4712 3277 4761 ad
3312 4717 3533 4762 mortem
3565 4724 3683 4761 cru-

411 4790 518 4859 ἕως
563 4790 826 4848 θανάτου
876 4790 1355 4861 ἐκδικηθήσεται.
1398 4788 1510 4844 Καὶ
1558 4789 1776 4856 ἐξοίσω
1821 4791 1989 4858 αὐτὸ,

2099 4797 2350 4855 ciabitur.
2377 4796 2447 4852 Et
2470 4807 2690 4853 educant
2711 4799 2868 4864 illud,
2888 4800 3015 4854 dicit
3041 4799 3299 4856 Dominus
3321 4802 3676 4870 omnipotens,

408 4880 569 4954 λέγει
605 4886 824 4953 Κύριος
861 4882 1301 4952 παντοκράτωρ,
1334 4880 1432 4936 καὶ
1462 4882 1873 4937 εἰσελεύσεται
1903 4886 1992 4951 εις

2098 4899 2146 4943 et
2169 4890 2564 4959 ingredieturin
2587 4891 2797 4944 domum
2816 4889 2977 4960 furis,
2996 4901 3041 4946 et
3068 4892 3120 4945 in
3137 4896 3348 4946 domum
3365 4892 3603 4961 jurantis
3624 4891 3678 4944 in

410 4973 518 5031 tor
554 4975 727 5031 οἷκον
778 4974 883 5030 τοῦ
922 4975 1209 5041 κλέπτου,
1257 4975 1358 5030 καί
1389 4975 1479 5042 εἰς
1523 4976 1634 5027 τὸν
1669 4970 1838 5030 οἶκον
1884 4977 1990 5032 τοῦ

2099 4982 2309 5035 nomine
2336 4997 2450 5035 meo
2468 4981 2522 5034 in
2535 4983 2829 5050 mendacio,
2849 4994 2896 5037 et
2928 4984 3208 5053 requiescet
3227 4984 3281 5037 in
3298 4976 3467 5038 medio
3489 4985 3674 5037 domus

409 5060 739 5136 ὀμνύοντος
767 5066 849 5135 τῷ
886 5067 1133 5138 ὀνόματί
1168 5084 1288 5137 μου
1317 5066 1419 5120 ἐπὶ
1464 5064 1706 5134 ψεύδει,
1740 5066 1842 5121 καὶ
1888 5085 1990 5123 κα-

2098 5072 2237 5143 ejus,
2263 5082 2314 5127 et
2340 5084 2607 5128 consumet
2634 5091 2773 5139 eam,
2811 5084 2860 5129 et
2889 5074 3033 5145 ligna
3067 5074 3203 5146 ejus,
3224 5086 3274 5130 et
3301 5074 3501 5140 lapides
3534 5073 3672 5141 ejus.

408 5160 659 5216 ταλύσει
697 5160 768 5214 ἐν
791 5158 960 5229 μέσῳ
1006 5158 1114 5214 τοῦ
1154 5156 1325 5213 οῑκου
1386 5160 1594 5227 αὐτοῦ,
1646 5161 1744 5216 καὶ
1790 5161 2149 5217 συντελέσει
2209 5164 2418 5230 αὐτὸν,
2484 5165 2583 5221 καὶ
2611 5165 2684 5221 τὰ
2711 5164 2869 5230 ξύλα
2900 5165 3109 5233 αὐτοῦ,
3170 5164 3438 5230 καὶτοὺς
3463 5164 3674 5231 λίθους

404 5251 613 5308 αὑτοῦ.

474 5341 605 5401 ιτα.
635 5342 731 5407 Τὸ,
759 5342 1125 5412 ἐπέστρεψα,
1148 5343 1312 5398 πάλιν
1334 5345 1392 5397 ἒν
1419 5343 1648 5409 τούτοις,
1679 5345 1780 5399 οὐκ
1809 5344 1895 5409 ἂν,
1918 5340 1995 5400 οἷ-

2166 5343 2357 5400 ΧΧΙΧ.
2415 5344 2616 5402 lterum
2676 5349 2730 5405 in
2779 5350 2864 5405 his
2925 5348 3147 5404 verbum
3197 5363 3474 5404 conversus
3526 5368 3666 5419 sum,

406 5453 525 5508 μαι,
566 5434 651 5500 τὶς
684 5433 972 5489 ὲκλάϐοιτο
998 5435 1094 5489 ἐπὶ
1132 5434 1330 5511 τόπου·
1376 5435 1492 5490 ἀλλ’
1531 5435 1608 5501 ὡς
1656 5438 1717 5492 ὲν
1764 5437 1988 5508 ἀμείψει

2098 5452 2277 5502 nemo,
2319 5447 2378 5492 ttt
2406 5439 2682 5508 existimo,
2715 5441 2783 5497 de
2815 5440 2936 5495 loco
2962 5439 3432 5510 interpretabitur,
3474 5445 3570 5499 sed
3603 5446 3672 5501 de

404 5528 568 5585 πάλιν
611 5530 680 5599 τῇ
728 5524 855 5581 καθ’
882 5527 1075 5599 ὶτέραν
1124 5528 1333 5600 ὅρασιν.
1382 5527 1825 5599 Ἐκκοπτομένης
1877 5529 1986 5598 γὰρ

2098 5529 2391 5583 mutatione
2417 5532 2714 5585 secundum
2745 5529 3278 5605 alteram‘visionetn.
3308 5529 3498 5589 Priora
3522 5534 3667 5590 enim

507 5702 553 5733 "
593 5700 748 5760 Rom.
792 5717 866 5766 ιι,
904 5700 996 5756 21.
1075 5700 1122 5734 ⁸⁸
1166 5703 1317 5758 Dent.
1353 5717 1404 5767 v,
1446 5703 1533 5757 5|.
1576 5703 1619 5735 "
1661 5688 1836 5760 Galat.
1881 5720 1962 5772 tu,

2172 5706 2216 5737 "
2254 5705 2408 5760 Joau.
2456 5723 2503 5771 v,
2546 5706 2636 5760 46.
