4092 6202
469 221 532 276 79
1487 219 1542 272 S.
1586 216 1861 271 (ZYRILLI
1904 215 2369 271 ALEXANDIIINI
2411 214 2728 273 ARCHIEI'.
3632 217 3702 271 80

457 332 895 402 velutiprazcisa,
932 332 1243 401 visioncque
1295 335 1361 386 ad
1414 333 1572 386 aliam
1613 332 2010 403 contemplatio

2129 331 2316 401 ῶσπερ
2343 332 2438 403 τῆς
2473 333 2724 402 πρώτης,
2787 331 2879 384 καὶ
2929 328 3338 401 μεταφοιτώσης
3381 328 3479 398 τῆς
3531 327 3705 398 δψεως

467 441 587 480 nem
621 434 956 491 transeunte,
986 425 1206 478 nomine
1237 425 1613 479 conversionis
1651 427 1699 478 id
1727 425 1869 493 quod
1900 440 2026 479 eve-

465 517 544 569 nit
587 517 748 570 tacite
799 516 1019 588 indicat.
1078 515 1271 570 Mentis
1326 516 1489 582 igitur
1537 516 1722 569 oculos
1771 517 1822 568 in
1861 516 2024 569 altum

444 607 622 671 -to|lit,
649 606 842 661 deinde
869 605 1058 660 falcem
1095 609 1210 660 avis
1244 608 1416 660 instar
1445 607 1497 660 in
1543 605 1772 662 sublime
1805 606 2025 670 elatam,

461 709 514 752 et
535 699 686 766 quasi
720 697 771 752 in
809 705 985 750 totum
1033 699 1218 752 orbem
1272 699 1608 753 desilientem
1642 698 1805 752 videt.
1860 696 2024 768 695

459 788 534 843 Ea
572 797 693 842 erat
721 803 982 857 perquam
1022 788 1132 842 lata
1181 799 1238 842 et
1271 789 1448 858 longa.
1486 788 1620 842 Nam
1653 789 1826 844 viceni
1858 789 2024 844 cubiti

459 878 733 948 longitudo
755 877 889 944 ejus,
933 878 1086 947 cujus
1122 878 1398 932 dimidium
1441 879 1664 934 latitudo
1694 879 2020 934 continebat.

457 969 742 1037 Qumrente
781 984 999 1023 rursum
1043 969 1237 1038 angelo
1274 969 1404 1038 quid
1457 978 1620 1035 esset,
1671 979 1726 1026 et
1764 971 2022 1040 propheta

456 1062 834 1130 respondente,
861 1074 919 1114 se
951 1061 1160 1115 nescire
1190 1079 1203 1114 :
1231 1079 1248 1112 ι
1282 1060 1427 1126 Ilaec,
1463 1061 1640 1131 inquit
1664 1061 1874 1128 ille,est
1904 1077 2021 1115 ma-

455 1153 673 1208 ledictio
700 1153 988 1223 egrediens
1027 1167 1188 1222 super
1225 1155 1418 1208 faciem
1465 1154 1733 1209 universae
1777 1163 1954 1220 terrae,
1995 1172 2014 1206 ι

453 1255 508 1300 et
571 1245 747 1314 paenis
803 1245 1252 1313 respondentibus
1310 1245 1536 1300 induens
1605 1243 1902 1316 perjurnm,
1966 1253 2022 1298 ct

451 1349 574 1387 eum
606 1349 671 1388 eo
703 1333 899 1387 furem.
935 1333 1000 1387 Et
1035 1335 1178 1403 quod
1230 1335 1444 1402 quidem
1480 1334 1544 1387 ad
1589 1335 2016 1389 manifestioretn

454 1425 612 1495 hujus
645 1427 845 1480 ostenti
882 1425 1307 1480 declarationem
1350 1427 1562 1490 attinet,
1595 1426 1739 1480 nulla
1776 1435 1860 1480 est
1884 1424 2019 1480 dilli-

449 1516 647 1570 cultas.
712 1515 1016 1570 Maledictio
1058 1515 1199 1570 enim
1252 1516 1430 1571 divina
1476 1517 1621 1571 fures
1673 1527 1725 1572 et
1768 1533 1888 1572 cum
1935 1519 2016 1573 his

450 1607 690 1678 pcjerare
737 1606 928 1663 solitos
971 1607 1128 1676 plane
1173 1608 1480 1676 occupabit,
1527 1619 1581 1662 et
1631 1607 2013 1678 propemodum

2130 426 2216 480 ἐπὶ
2259 424 2488 494 Θεωρίαν
2533 424 2744 493 ἑτέραν,
2779 421 2855 492 τῷ
2892 422 2992 492 τῆς
3025 420 3359 490 ἐπιστροφῆς
3391 419 3612 486 ὀνόματι
3646 421 3706 470 τὸ

2131 512 2346 580 συμϐὰν
2396 512 2705 576 ὑποφαίνει.
2736 509 2890 580 Αἴρει
2933 510 3109 563 τοίνυν
3148 511 3225 572 είς
3259 508 3392 578 ὕψος
3439 508 3541 578 τῆς
3586 507 3704 560 διασ-

2129 602 2273 666 νοίας
2309 604 2434 664 τοις
2467 603 2813 670 ὀφθαλμοὺς,
2854 597 2971 654 εἶτα
3014 601 3278 671 δρέπανον
3319 601 3454 670 ὁρᾷ,
3499 597 3703 665 πτηνοῦ

2126 693 2303 763 δίκην,
2335 693 2470 762 ὑψοῦ
2513 711 2572 745 τε
2597 692 2856 763 ἠρμένον,
2887 692 2982 745 καὶ
3017 689 3130 744 οἷον
3167 693 3246 754 είς
3284 693 3463 743 πᾶσαν
3493 689 3706 761 διᾷττον

2125 783 2223 854 τὴν
2256 785 2378 854 γῆν.
2404 779 2511 836 Ἦν
2543 784 2599 836 δὲ
2648 784 2712 854 δὴ
2742 783 2860 835 λίαν
2900 781 3031 854 εὐρύ
3077 798 3138 834 τε
3182 782 3275 834 καὶ¹
3306 779 3569 850 εύμηκες.
3606 779 3702 832 El-

2126 876 2411 945 κοσάπηχυ
2444 874 2544 944 μὲν
2575 874 2680 945 γὰρ
2707 874 2768 926 τὸ
2800 873 2971 944 μῆκος
2997 872 3166 942 αὐτῷ,
3193 874 3250 925 ἐν
3281 872 3467 943 ἡμίσει
3491 871 3550 924 δὲ
3579 869 3704 924 τού-

2123 983 2216 1020 του
2245 966 2306 1018 τὸ
2340 965 2561 1030 πλάτος.
2598 965 2892 1037 Ἐρομένου
2925 964 2981 1016 δὲ
3012 962 3105 1016 τοῦ
3145 963 3401 1032 ἀγγέλου,
3430 962 3483 1015 τί
3518 961 3584 1015 ἂν
3614 961 3702 1030 εἴη

2124 1057 2319 1122 πάλιν,
2369 1058 2463 1110 καὶ⁹
2512 1057 2588 1128 μὴ
2636 1057 2836 1110 εἰδέναι
2889 1056 3185 1124 φάσκοντος
3235 1054 3330 1107 τοῦ
3383 1054 3698 1124 προφήτου,

2129 1169 2146 1200 ι
2175 1149 2346 1219 Αὕτη,
2376 1151 2558 1218 φησὶν,
2591 1150 2623 1219 ἡ
2653 1148 2826 1219 ἀρὰ’ή
2856 1147 3262 1219 ἐκπορευομένη
3292 1145 3384 1198 ἐπὶ⁵
3411 1145 3701 1216 πρόσωπον

2123 1243 2303 1310 πάσης
2334 1244 2431 1312 τῆς
2471 1242 2595 1311 γῆς,
2623 1261 2640 1292 ι
2675 1241 2770 1294 καὶ
2805 1244 2926 1302 ταῖς
2958 1241 3093 1311 αὑτῇ
3130 1239 3466 1311 πρεπούσαις
3496 1240 3700 1290 ἐνιεῖσα

2121 1336 2330 1396 ποιναῖς
2357 1335 2447 1386 τὸν
2469 1334 2743 1404 ἐπίορκον,
2775 1333 2867 1385 καὶ
2897 1333 2992 1386 σὺν
3017 1333 3166 1401 αὐτῷ
3192 1331 3280 1384 τὸν
3309 1330 3568 1400 κλέπτην.
3592 1329 3700 1380 Καὶ

2119 1422 2241 1474 ὅσον
2279 1423 2378 1486 μὲν
2409 1423 2530 1492 ἥκει
2559 1425 2636 1485 εἰς
2664 1421 3076 1492 ἐμφανεστέραν
3119 1420 3352 1492 δήλωσιν
3379 1418 3478 1488 τὴν
3503 1415 3596 1469 ἐπί
3633 1431 3696 1483 γε

2117 1517 2194 1587 τῷ
2221 1516 2566 1585 δεδειγμένιρ,
2592 1515 2848 1586 δυσχερὲς
2875 1517 3046 1569 οὐδέν.
3085 1515 3216 1584 Ἀρὰ
3244 1513 3351 1582 γὰρ
3376 1511 3495 1564 θεία
3520 1510 3694 1578 πάντη

2117 1625 2175 1659 τε
2211 1607 2304 1660 καὶ
2339 1607 2555 1670 πάντως
2600 1608 3113 1678 κατανεμηθήσεται
3142 1607 3269 1670 τοὺς
3301 1605 3560 1669 κλέπτας,
3601 1602 3696 1656 καὶ

447 1700 585 1754 falce
607 1708 890 1768 protervos
913 1699 1213 1764 demetens,
1234 1698 1414 1752 fenum
1442 1707 1700 1753 tectorum
1724 1700 1971 1754 reddet“
1997 1741 2010 1767 ,

2117 1698 2337 1770 προσέτι
2387 1699 2483 1752 σὺν
2528 1696 2738 1762 τούτοις
2785 1700 2908 1761 τοὺς
2946 1699 3264 1769 ψευδορκεῖν
3315 1695 3570 1758 εἰωθότας
3604 1697 3696 1748 καὶ

448 1802 500 1845 et
527 1791 634 1860 igni
655 1790 970 1844 alimentum
1000 1789 1169 1853 dabit,
1193 1799 1248 1842 et
1277 1791 1327 1842 in
1369 1789 1584 1842 domum
1617 1789 1717 1842 viri
1750 1791 2009 1856 ingressa,

450 1881 608 1933 talem
645 1891 834 1932 rursus
869 1877 1053 1945 ipsum.
1090 1877 1363 1940 conficiet,
1411 1886 1465 1930 et
1505 1877 1726 1946 agitabit
1772 1887 2008 1932 strenue.

447 1973 654 2026 Censeo
696 1983 857 2038 porro
905 1983 1097 2023 causas
1149 1969 1463 2036 proficiendi
1518 1969 1694 2021 studio
1745 1970 2012 2023 curiosius

447 2063 889 2133 perscrutandas,
919 2060 989 2114 ob
1024 2075 1162 2130 quas
1193 2076 1432 2130 praesens
1460 2074 1622 2127 quam
1670 2060 1720 2112 in
1768 2063 2014 2116 manibus

453 2157 715 2210 habemus
748 2154 888 2208 visio
927 2153 1139 2207 cancris
1182 2153 1394 2222 adjungi
1434 2150 1639 2204 debuit.
1685 2149 1861 2216 Quare
1911 2152 2013 2222 (in-

446 2249 599 2314 quiet
634 2241 826 2312 aliquis
861 2243 1136 2312 aequitatis
1182 2242 1573 2307 studiosorum)
1617 2255 1738 2293 cum
1780 2241 2010 2308 plurima

444 2346 666 2408 peccata
698 2335 1170 2390 committerentur
1208 2333 1261 2386 in
1304 2333 1434 2394 vita,
1475 2342 1528 2386 et
1571 2341 1681 2385 tum
1717 2332 1806 2385 lilii
1847 2332 2013 2386 Israel

443 2426 673 2479 diversis
711 2437 770 2477 se
813 2421 1135 2476 criminibus
1173 2421 1686 2488 commaculassent,
1721 2421 1849 2477 solis
1883 2421 2012 2475 furi-

443 2518 544 2570 bus
588 2523 643 2569 et
690 2512 924 2582 perjuris
978 2510 1300 2579 supplicium
1364 2510 1514 2566 falcis
1547 2513 1814 2580 ingruisse
1858 2512 2010 2576 dicit,

444 2606 559 2659 sive
599 2604 783 2674 egredi
825 2601 1281 2666 maledictionem,
1326 2602 1707 2657 detondeutem
1749 2619 1884 2671 quos
1922 2604 2013 2657 de-

445 2695 812 2767 prehenderit,
853 2702 907 2746 et
931 2702 1338 2748 consumentem
1373 2693 1634 2762 penitus?
1667 2696 1749 2748 Ad
1774 2695 1889 2750 haec
1926 2710 2007 2749 rec

453 2789 802 2856 spondemus,
829 2786 994 2840 Deum
1036 2783 1263 2853 singulis
1301 2785 1628 2853 temporibus
1653 2786 2011 2840 conducentia

447 2881 682 2934 locutum
741 2889 866 2930 esse
914 2889 1008 2944 per
1059 2875 1349 2944 prOpltetas
1399 2884 1616 2929 sanctos
1671 2875 2011 2930 audientibus

443 2983 655 3038 semper
687 2965 1079 3022 consulentem.
1117 2963 1212 3017 Illo
1249 2965 1413 3034 igitur
1441 2974 1682 3034 tempore
1711 2967 2012 3020 viventibus

443 3064 583 3114 hanc
613 3057 876 3112 visionem
909 3053 1146 3108 maxime
1175 3062 1356 3106 notam
1391 3068 1515 3107 esse
1543 3055 1847 3122 oportebat.
1874 3055 2009 3106 Cau-

443 3166 531 3206 sas
559 3147 929 3216 subjiciemus,
955 3153 1009 3199 et
1031 3144 1541 3213 opportunissimam
1571 3145 1744 3200 fuisse
1780 3148 2004 3200 demon-

442 3243 753 3298 strabimus.
787 3237 998 3291 Etenim
1030 3237 1189 3290 simul
1216 3245 1376 3305 atque
1405 3236 1655 3290 Chaldzea
1709 3238 1919 3302 relicta,
1955 3247 2010 3292 et

443 3351 471 3388 a
499 3335 628 3404 jugo
672 3329 954 3386 servitutis
985 3325 1239 3381 vindicati
1269 3325 1524 3382 Israelita:
1556 3329 1606 3382 in
1649 3327 1886 3382 Judazam
1919 3344 2008 3382 re-

443 3431 741 3489 verterunt,
781 3419 1317 3487 IIierosolymamque
1363 3430 1708 3489 receperunt,
1757 3436 1877 3476 cum
1917 3437 2008 3475 eos

445 3515 717 3570 veteribus
757 3513 862 3565 illis
897 3511 1105 3565 delictis
1140 3510 1354 3566 modum
1385 3525 1609 3576 ponere,
1641 3522 1694 3566 et
1737 3527 2008 3582 regressus

441 3609 508 3663 ad
541 3606 799 3661 salutaria
826 3644 840 3670 ,
893 3613 1142 3658 anteacta
1190 3605 1498 3670 emendare,
1548 3614 1601 3657 et
1641 3604 2007 3670 liberatorem,

443 3699 698 3753 voluntati
717 3698 833 3765 ejus
863 3695 1156 3748 serviendo
1194 3709 1441 3750 recreare
1467 3697 1798 3764 conveniret,
1820 3696 2010 3752 nihilo-

441 3791 638 3855 minus,
668 3787 719 3841 in
755 3786 962 3840 scelere
993 3786 1430 3855 perseverabant,
1489 3787 1799 3856 praescripta
1831 3787 2005 3858 legum

441 3883 612 3938 libere
637 3879 916 3936 violantes.
953 3877 1086 3932 Nam
1128 3894 1248 3933 cum
1275 3879 1534 3932 vetuisset
1562 3879 1736 3933 Moses
1765 3880 2006 3950 coniugia

415 3989 562 4028 .cnm
611 3969 930 4039 alienigenis
977 3968 1300 4024 mulieribus
1324 3969 1369 3999 “
1395 4007 1410 4033 ,
1451 3968 1527 4022 illi
1564 3970 1724 4036 hujus
1765 3971 2005 4024 mandati

441 4063 640 4130 securi,
673 4078 792 4117 cum
824 4061 1037 4116 filiabus
1067 4059 1364 4114 vicinarum
1393 4059 1630 4128 gentium
1655 4075 1884 4131 corpora
1919 4074 2006 4115 co-

440 4157 717 4224 pulabant,
777 4153 1188 4219 alienorumque
1247 4151 1538 4206 liberorum
1589 4160 1768 4222 patres
1810 4150 2006 4207 eIIicie-

441 4249 660 4310 bantur,
690 4252 743 4298 et
770 4244 988 4313 insuper
1021 4251 1266 4298 sanctam
1295 4244 1569 4298 civitatem
1605 4243 1769 4314 impio
1799 4243 2005 4299 semine

2121 1789 2400 1858 μονονουχὶ
2427 1789 2675 1859 δρεπάνῳ
2705 1790 2829 1851 τοὺς
2863 1789 3120 1860 ὑϐριστὰς
3147 1787 3532 1857 ἀποκείρουσα,
3564 1786 3694 1856 χόρ-

2115 1895 2204 1930 τον
2230 1879 2495 1946 ἀποφανεῖ
2516 1879 2798 1947 δωμάτων,
2827 1880 2920 1932 καὶ
2950 1880 3082 1950 πυρὶ
3128 1878 3318 1931 δδώσει
3345 1877 3570 1948 τροφὴν,
3597 1877 3693 1930 καὶ

2117 1970 2195 2030 εἰς
2225 1965 2370 2022 οἷκον
2421 1969 2610 2039 ἀνδρὸς
2655 1969 2953 2035 είσελῶσα,
2987 1969 3230 2022 τοιοῦτον
3278 1969 3586 2022 συντελέσει
3633 1985 3692 2020 τε

2117 2059 2276 2111 πάλιν
2312 2059 2496 2121 αὐτὸν,
2545 2061 2638 2113 καὶ
2681 2061 3035 2130 καταδονήσει
3082 2060 3364 2128 γεννικῶς.
3398 2060 3610 2130 Χρῆναι
3638 2059 3693 2113 δὲ

2115 2147 2264 2219 οἶμαι
2304 2150 2614 2220 φιλομαθῶς
2643 2151 3113 2222 πολυπραγμονεῖν
3139 2153 3238 2214 τὰς
3269 2152 3462 2216 αἰτίας,
3497 2153 3582 2220 ἐφ’
3607 2147 3693 2214 αἷς

2115 2240 2147 2308 ἡ
2181 2238 2447 2309 παροῦσα,
2475 2241 2569 2291 καὶ
2598 2241 2654 2292 ἐν
2687 2241 2872 2309 χερσὶν
2921 2243 3050 2310 ἡμῖν
3079 2243 3287 2310 ὅρασις,
3315 2242 3389 2303 ὡς
3422 2241 3693 2309 ἀναγκαία

2112 2333 2231 2393 ταῖς
2260 2330 2444 2393 ἄλλαις
2474 2332 2993 2401 συνεισκεκόμισται.
3036 2332 3174 2383 ‘AvO‘
3197 2333 3318 2385 ὅτου
3344 2331 3420 2393 δέ,
3450 2331 3583 2402 φαίη
3607 2348 3692 2393 τις

2115 2420 2178 2474 ἂν
2224 2420 2331 2474 τῶν
2365 2422 2799 2493 ἐπιεικεστέρων,
2834 2423 3101 2476 πλείστων
3149 2439 3208 2474 τε
3250 2423 3388 2475 ὅσων
3431 2423 3689 2492 πλημμε-

2114 2511 2367 2580 λημάτων
2413 2515 2579 2568 ὄντων
2626 2515 2769 2567 κατὰ
2811 2516 2901 2566 τὸν
2962 2513 3094 2582 βίον.
3140 2514 3234 2565 καὶ
3274 2514 3380 2582 μὴν
3413 2514 3468 2565 ἐν
3505 2511 3689 2580 διαφό-

2115 2618 2229 2671 ροις
2261 2602 2428 2656 ὄντων
2460 2604 2799 2672 αἱτιαμάτων
2833 2604 2893 2656 τὸ
2921 2603 3178 2674 τηνικάδε
3205 2603 3312 2656 τῶν
3349 2602 3408 2667 ἐξ
3453 2601 3686 2673 Ἰσραὴλ,

2114 2692 2256 2746 κατά
2286 2693 2459 2762 μόνων
2489 2693 2735 2747 κλεπτῶν
2761 2711 2820 2746 τε
2842 2693 2937 2746 καὶ
2963 2692 3306 2764 ψευδομοτῶν
3346 2691 3443 2763 τὴν
3469 2692 3556 2745 διὰ
3593 2691 3702 2763 τοῦ,

2113 2783 2377 2854 δρεπάνου
2427 2785 2616 2857 ποινὴν
2667 2783 3005 2856 ἐπηρτῆσθαι
3060 2801 3243 2853 φησιν,
3295 2785 3460 2853 ἤγουν
3520 2784 3688 2836 ἐκπο-

2119 2874 2365 2944 ρεύεσθαι
2391 2875 2487 2945 τὴν
2516 2876 2674 2946 ἀρὰν,
2707 2877 3105 2945 ἀποκείρουσαν
3129 2876 3254 2939 τοὺς
3279 2875 3686 2946 ἁλισκομένους,

2116 2969 2207 3019 καὶ
2248 2968 2601 3022 συντελοῦσαν
2636 2969 2713 3030 είς
2745 2967 2926 3034 ᾶπανς
2962 2969 3104 3039 Πρὸς
3133 2967 3196 3038 δὴ
3227 2969 3295 3020 τὰ
3321 2967 3548 3022 τοιαῦτά
3584 2985 3688 3038 φα·

2117 3074 2236 3126 μεν,
2267 3060 2347 3112 ὅτι
2385 3058 2453 3111 τὰ
2489 3059 2704 3128 ἑκάστῳ
2751 3063 2997 3129 χρήσιμα
3030 3058 3207 3130 καιρῷ
3239 3059 3326 3114 διὰ
3373 3059 3480 3113 τῶν
3519 3059 3688 3128 ἁγίων

2114 3141 2402 3220 προφητῶν
2430 3149 2605 3202 ἐλάλει
2628 3149 2781 3212 Θεὸς,
2808 3149 2892 3202 ἀεί
2922 3165 3038 3212 πως
3067 3149 3288 3218 ὠφελῶν
3317 3148 3440 3214 τοὺς
3468 3148 3689 3202 ἀκούον-

2111 3258 2226 3302 τας.
2269 3236 2375 3292 Ἦν
2419 3237 2511 3294 οὖν
2563 3243 2852 3307 ἀναγκαῖον
2889 3243 3001 3304 τοῖς
3039 3242 3100 3294 τὸ
3146 3240 3396 3310 τηνικάδε
3451 3239 3686 3310 μάλιστα

2110 3328 2313 3399 ταύτην
2360 3329 2507 3399 σαφῆ
2560 3327 2817 3398 γενέσθαι
2861 3329 2959 3400 τὴν
3003 3330 3212 3400 ὅρασιν.
3264 3327 3583 3398 Ἐποίσομεν
3627 3329 3684 3382 δέ

2111 3420 2207 3483 τάς
2234 3420 2430 3483 αἰτίας,
2464 3420 2885 3490 ἐπικαιροτάτην
2912 3415 3075 3474 οὖσαν
3103 3421 3430 3483 δεικνύντες.
3467 3417 3685 3488 Ἐπειδὴ

2110 3510 2217 3579 γὰρ
2246 3510 2342 3582 τὴν
2375 3511 2483 3564 τῶν
2510 3512 2790 3565 Χαλδαίων
2820 3513 3046 3581 ἀφέντες
3079 3513 3228 3583 μόλις
3264 3514 3313 3566 οί
3345 3511 3404 3576 ἐξ
3445 3509 3682 3582 Ἰσραὴλ,

2112 3602 2205 3652 καὶ
2251 3603 2342 3654 τὸν
2393 3604 2490 3672 τῆς
2537 3603 2778 3666 δουλείας
2819 3603 3218 3673 ἀπολυσάμενοι
3261 3601 3444 3670 ζυγὸν,
3489 3601 3684 3654 ἀπενό-

2111 3709 2312 3763 στησαν
2341 3695 2419 3757 εἰς
2459 3694 2561 3764 τὴν
2597 3693 2875 3761 Ἰουδαίαν,
2905 3696 2998 3748 καὶ
3040 3689 3178 3766 ἦσαν
3208 3694 3265 3770 ἐν
3304 3695 3417 3757 τοῖς
3461 3691 3686 3764 Ἱεροσο-

2108 3783 2320 3854 λύμοις,
2353 3785 2470 3839 δέον
2499 3786 2796 3858 ἀπέχεσθαι
2828 3787 2937 3840 τῶν
2967 3788 3207 3857 ἀρχαίων
3235 3787 3457 3840 ἐκείνων
3499 3783 3682 3854 πλημ-

2113 3879 2244 3948 μελη
2255 3880 2458 3948 μάτων,
2484 3881 2576 3933 καὶ
2605 3885 2722 3945 ταῖς
2745 3883 2822 3944 εἰς
2844 3882 2904 3933 τὸ
2929 3881 3148 3952 ἄμεινον
3170 3880 3499 3950 ἀναδρομαῖς
3524 3879 3690 3931 ἐπαν-

2108 3971 2298 4039 ορῦοὖν
2328 3989 2384 4023 τε
2431 3973 2500 4023 τά
2533 3972 2834 4042 φθάσαντα,
2878 3972 2970 4024 καὶ
3007 3971 3424 4042 κατευφραίνειν
3455 3969 3547 4023 τὸν
3588 3969 3683 4022 λυ-

2107 4060 2338 4130 τρωτὴν,
2369 4061 2436 4114 τὰ
2457 4063 2604 4132 αὐτῷ
2627 4061 2885 4116 δοκοῦντα
2911 4059 3149 4131 πληροῦν
3174 4058 3502 4132 ᾑρημένους,
3527 4056 3680 4111 οὐδὲν

2107 4146 2266 4223 ἦττον
2291 4148 2429 4222 ἦσαν
2459 4155 2630 4206 ὁποῖοι
2660 4153 2750 4206 καί
2779 4170 2929 4216 ποτε,
2961 4151 3328 4223 παραλύοντες
3355 4150 3679 4219 ἀφυλάκτως

2108 4245 2166 4297 τὸ
2189 4244 2264 4315 τῷ
2301 4245 2448 4315 νόμῳ
2481 4245 2688 4299 δοκοῦν.
2725 4247 3154 4315 Ἀποφάσκοντος
3181 4245 3288 4316 γὰρ
3319 4243 3412 4297 τοῦ
3436 4243 3675 4306 Μωσέως

447 4337 744 4407 replebant.
781 4336 951 4389 Erant
983 4349 1146 4403 porro
1181 4335 1394 4404 quidam
1434 4336 1576 4390 inter
1607 4335 1725 4391 illos
1766 4337 2002 4390 honora-

2115 4335 2167 4389 τὸ
2193 4335 2300 4390 δεῖν
2323 4336 2518 4399 αὐτοὺς
2543 4336 2857 4406 ἀλλοφύλοις
2882 4335 3266 4406 ἐπιμίγνυσθαι
3293 4333 3560 4405 γυναιξὶν,
3584 4334 3678 4385 αύ-

442 4431 607 4483 tiores
641 4428 709 4481 ab
749 4425 1116 4494 hujuscemodi
1145 4426 1354 4495 piaculo
1388 4428 1528 4482 haud
1557 4427 1841 4495 immunes,
1867 4428 2007 4496 quod

442 4520 649 4573 Iisdras
679 4516 942 4583 deﬂebat;
971 4519 1101 4586 quin
1141 4527 1195 4572 et
1221 4517 1484 4572 accedens
1533 4518 1597 4570 ad
1641 4517 1874 4571 divinam
1912 4519 2007 4571 do—

385 4597 392 4606 ’
439 4624 584 4662 mum
620 4623 716 4676 pro
753 4609 935 4677 impiis
969 4607 1226 4662 fundebat
1257 4621 1465 4676 preces.
1493 4605 1660 4678 696
1696 4607 1832 4672 Quid
1863 4616 2006 4675 post-

439 4699 658 4751 modum
689 4698 953 4761 evenerit,
991 4714 1056 4752 ex
1091 4699 1306 4766 scriptis
1335 4698 1453 4765 ejus
1483 4711 1892 4765 cognoscemus,
1918 4697 2005 4751 ubi

438 4791 513 4843 ita
542 4788 769 4856 legimus
797 4805 810 4841 :
847 4809 865 4838 ι
898 4788 963 4840 Ει
994 4797 1272 4856 postquam
1303 4803 1464 4841 orans
1491 4787 1689 4841 Esdras
1715 4789 1856 4856 quod
1888 4797 2004 4840 erat

437 4882 841 4956 exposuitgﬂens
883 4892 937 4936 et
976 4882 1122 4936 humi
1157 4884 1353 4936 cadens
1405 4896 1587 4935 coram
1626 4881 1842 4951 templo,
1893 4882 2002 4934 col-

438 4975 563 5031 lecti
596 4984 722 5028 sunt
755 4973 822 5028 ad
853 4987 972 5026 eum
1006 4973 1073 5028 ab
1105 4971 1491 5042 Hierosolymis
1524 4973 1692 5028 turhm
1715 4973 1892 5026 multae
1928 4973 2005 5025 ni-

439 5067 562 5130 mis,
582 5065 681 5119 viri
709 5073 764 5118 et
793 5064 1043 5119 mulieres
1090 5073 1145 5117 et
1171 5064 1577 5120 adolescentes:
1614 5079 1840 5134 magnus
1861 5064 2004 5117 enim

419 5165 558 5212 erat
581 5155 738 5211 ﬂetus
778 5155 830 5210 in
857 5155 1068 5222 populo.
1091 5153 1157 5206 Et
1189 5154 1518 5221 respondens
1546 5154 1833 5210 Jechonias
1865 5153 2003 5207 filius

437 5245 572 5302 Jeeli
600 5248 666 5302 de
700 5247 824 5302 filiis
863 5245 1045 5310 Israel,
1084 5245 1218 5298 divit
1247 5244 1429 5298 Esdrre
1464 5265 1474 5299 :
1510 5245 1616 5299 Nos
1659 5245 2001 5314 praevaricati

435 5351 626 5391 sumus
655 5338 708 5391 in
746 5339 1024 5393 Dominum
1059 5337 1248 5399 Deum,
1293 5345 1343 5391 et
1383 5338 1633 5391 duximus
1679 5337 1833 5391 nobis
1868 5352 2002 5390 uxo-

433 5444 526 5484 res
549 5429 754 5484 alienas
777 5434 842 5485 de
872 5429 1081 5500 populis
1121 5439 1298 5496 terrae,
1331 5437 1382 5482 et
1421 5428 1696 5482 cohabilat
1731 5429 1834 5482 illis
1884 5443 2003 5482 Olll-

2109 4427 2189 4480 τοὶ
2227 4427 2332 4481 τῶν
2370 4420 2803 4497 τεθεσπισμένων
2853 4426 3008 4493 ὀλίγα
3056 4425 3511 4496 πεφροντικότες,
3557 4427 3676 4486 ταῖς

2108 4516 2215 4568 τῶν
2239 4517 2450 4588 ὁμόρων
2489 4517 2656 4568 ἐθνῶν
2695 4515 3082 4568 συνεπλέκοντο
3111 4515 3430 4583 θυγατράσι,
3459 4513 3554 4567 καὶ
3586 4513 3674 4565 τέ-

2109 4623 2249 4657 κνων
2285 4601 2422 4676 ἦσαν
2457 4605 2749 4675 ἀλλοτρίων
2797 4605 3063 4674 πατέρες,
3111 4605 3202 4656 καὶ
3246 4605 3456 4657 ἀνοσίου
3509 4602 3679 4673 σπέρ-

2111 4713 2276 4765 ματος
2320 4695 2496 4765 πλήρη
2545 4696 2703 4749 πάλιν
2743 4695 3129 4764 ἀποφαίνοντες
3174 4695 3272 4766 τὴν
3305 4695 3463 4764 ἁγίαν
3499 4695 3672 4749 πόλιν.

2109 4782 2288 4838 ἾΙσαν
2313 4785 2367 4838 δέ
2397 4804 2541 4850 τινες
2570 4788 2661 4840 καὶ
2687 4788 2794 4840 τῶν
2819 4789 2873 4839 ἐν
2898 4787 3078 4849 αὐτοῖς
3106 4787 3543 4858 ὲπιφανεστέρων
3565 4788 3674 4847 τοῖς

2109 4877 2366 4938 τοιούτοις
2405 4878 2742 4949 ἐνισχημένοι
2783 4877 3144 4948 πταίσμασιν,
3187 4870 3246 4929 οὖ
3284 4877 3346 4948 δὴ
3396 4877 3676 4945 γεγονότος

2112 4971 2428 5038 κατεθρήνει
2461 4970 2557 5040 μὲν
2583 4971 2610 5021 ὁ
2635 4968 2888 5038 Ἔσδρας.
2921 4967 3012 5022 καὶ⁵
3041 4967 3103 5036 δὴ
3127 4969 3219 5020 καὶ
3243 4968 3330 5021 τὸν
3361 4967 3501 5022 θεῖον
3530 4963 3675 5020 οἷκον

2113 5060 2452 5124 καταλαϐὼν,
2499 5060 2595 5122 τάξ
2644 5059 2783 5131 ὑπέρ
2826 5076 2887 5127 γε
2919 5060 3025 5111 τῶν
3059 5059 3404 5130 ἠσεϐηκότων
3441 5061 3676 5133 ἐποιεῖτο

2108 5150 2277 5212 λιτάς.
2307 5148 2436 5203 Εἶτα
2471 5151 2522 5202 τί
2565 5150 2812 5218 γενέσθαι
2842 5149 3207 5220 συμϐέϐηκεν,
3241 5151 3300 5214 ἐξ
3331 5151 3506 5206 αὐτῶν
3537 5151 3674 5203 είεόο
3747 5157 3752 5164 ”

2111 5242 2248 5312 μεΘα
2289 5241 2394 5296 τῶν
2428 5242 2574 5312 αύτῴ
2612 5245 3036 5314 γεγραμμένων·
3071 5243 3182 5316 ἔχει
3219 5243 3272 5295 δὲ
3306 5242 3478 5297 οὕτω·
3519 5261 3538 5295 ι
3569 5244 3678 5296 Καὶ

2109 5335 2195 5385 ὅτε
2243 5333 2668 5405 προσευχόμενος
2697 5336 2930 5407 Ἔσδρας
2973 5335 3418 5405 ἀνθωμολογεῖτο,
3453 5334 3674 5398 κλαίων,
3765 5349 3774 5356 “

2110 5425 2454 5497 χαμαιπετὴς
2506 5427 2812 5500 ἔμπροσθεν
2862 5427 2954 5481 τοῦ
3011 5426 3187 5499 ἱεροῦ,
3239 5427 3676 5500 ἐπισυνήχθησαν
3754 5426 3758 5430 ’

503 5584 550 5615 ﬂ
595 5601 735 5657 Psal.
775 5617 998 5669 cxxvtn,
1042 5608 1093 5658 (5.
1175 5607 1217 5636 ⁶²
1258 5607 1425 5660 Ιέιοι.
1473 5619 1652 5670 xxxiv,
1701 5603 1763 5658 I6
1804 5619 1816 5668 ;
1868 5603 2010 5658 Deut.

2123 5618 2156 5667 ι,
2201 5603 2231 5655 5
2285 5617 2437 5672 seqq.
