4092 6202
362 325 430 384 at
1218 291 1776 375 COMMENTARIUS
1818 314 1882 369 IN
1924 286 2324 371 metutum
2362 314 2808 373 PBOPlIETAM.
3548 272 3635 385 ‘32

369 441 508 514 πρὸς
533 438 698 495 αὐτὸν
735 437 845 492 ἀπὸ
875 434 1266 509 Ἰεροσολύμων
1308 435 1454 506 ὄχλοι
1501 435 1684 489 πολλοί
1716 435 1919 508 σφόδρα
1938 476 1951 500 ,

2080 437 2143 491 tis
2181 436 2366 492 Israel.
2394 438 2453 490 In
2495 436 2599 491 hoc
2626 437 2994 506 percutiamus
3035 437 3209 493 lmdus
3247 452 3367 491 cum
3407 436 3633 493 Domino

370 534 581 602 ἄνδρες,
612 530 706 583 καὶ
733 531 1012 599 γυναῖκες,
1044 527 1139 582 καὶ
1167 527 1375 582 νεανίαι
1395 545 1408 560 ’
1449 526 1722 599 κλαυθμὸς
1752 528 1863 601 γὰρ
1890 524 1958 600 ἦν

377 625 550 697 μέγας
578 623 636 676 ἐν
677 621 758 694 τῷ
790 620 1004 693 πλήθει.
1037 619 1149 673 Καὶ
1183 620 1439 691 φωνήσας
1474 620 1727 691 Ἰεχονίας
1758 620 1957 691 Ἰεήλου

372 716 479 769 τῶν
507 714 642 768 υἱῶν
671 712 892 786 Ἰσραὴλ
920 706 1071 765 εἶπεν
1095 711 1300 783 Ἐσδρᾳ
1318 728 1331 742 ·
1364 731 1383 764 ι
1425 712 1615 784 Ἡμεῖς
1638 714 1959 785 ἡμάρτομεν

375 810 453 871 εἰς
493 805 699 879 Κύριον
728 804 1026 871 τὺν.Θεδν,
1066 804 1160 858 καὶ
1192 803 1574 876 συνῳκίσαμεν
1613 806 1825 869 ἑαυτοῖς
1860 821 1959 875 γυ-

376 902 567 961 ναῖκας
602 897 908 965 ἀλλογενεῖς
934 894 1041 948 ἀπὸ
1068 896 1177 949 τῶν
1205 894 1377 949 ἐθνῶν
1405 894 1505 965 τῆς
1536 895 1669 966 γῆς,
1701 897 1796 949 καὶ
1837 896 1960 950 σύν-

374 1002 525 1038 εστιν
555 983 745 1046 αὐταῖς
776 984 884 1046 πᾶς
919 983 1158 1055 Ἰσραήλ.
1200 984 1289 1037 Ἐν
1329 983 1505 1057 τούτῳ
1537 984 1780 1054 γενέσθω
1828 987 1960 1057 ἡμῖν

374 1073 692 1145 ὀρκωμοσία
733 1072 869 1143 πρὸς
906 1072 996 1126 τὸν
1044 1071 1273 1145 Κύριον,
1328 1073 1579 1128 ἐκϐαλεῖν
1631 1076 1810 1140 πάσας
1862 1074 1962 1140 τὰς

376 1167 644 1236 γυναῖκας
698 1164 879 1236 ήμῶν,
938 1164 1037 1229 τὰς
1083 1167 1147 1220 ἐκ
1183 1166 1293 1220 τῶν
1339 1166 1667 1236 ἀλλογενῶν,
1716 1168 1813 1220 σὺν
1850 1171 1962 1232 τοῖς

376 1256 588 1322 τεκνοις
616 1254 819 1319 αὐτῶν,
852 1254 928 1319 ὡς
964 1255 1161 1329 ἐκρίθη
1198 1257 1283 1311 σοί⁵
1313 1258 1406 1312 καί
1437 1259 1552 1311 ὅσοι
1604 1258 1961 1330 πειθαρχοῦσι

378 1346 459 1418 τῷ
481 1347 651 1418 νόμῳ.
687 1345 943 1410 Ἀνάστα,
970 1345 1229 1399 ἐπιτέλει⁶
1256 1346 1392 1420 πρὸς
1414 1346 1605 1419 σὲνγάρ
1626 1346 1686 1400 τὸ
1709 1348 1961 1416 πρᾶγμα,

379 1440 476 1493 καὶ
513 1439 677 1509 ήμεῖς
713 1436 850 1508 μετά
884 1436 976 1490 σοῦ
1009 1439 1161 1508 ἰσχὺν
1196 1440 1385 1491 ποιεῖν.
1431 1438 1539 1491 Καὶ
1568 1439 1806 1501 ἀναστὰς
1834 1438 1966 1490 Ἔσ-

381 1531 534 1603 δρας,
570 1530 776 1603 ὥρκισε
808 1530 936 1592 τοὺς
967 1530 1275 1602 φυλάρχους
1303 1530 1410 1584 τῶν
1442 1531 1653 1602 ἱερέων,
1684 1531 1779 1584 καὶ
1812 1531 1966 1583 Λευῖ·

382 1626 491 1681 τῶν
524 1625 726 1689 παντὸς
761 1622 977 1696 Ἰσραὴλ
1020 1625 1239 1695 ποιῆσαι
1281 1623 1424 1679 κατὰ
1454 1624 1645 1690 ταῦτα,
1693 1624 1788 1678 καί
1815 1622 1961 1695 ῶμο-

386 1735 504 1774 σαν.
536 1738 556 1769 ι
598 1719 947 1789 Ὀμωμοκόσι
976 1716 1041 1789 δὴ
1069 1712 1162 1770 οῦν
1190 1714 1268 1787 τῷ
1318 1716 1471 1788 νόμῳ
1519 1715 1781 1771 δοκοῦντα
1827 1715 1966 1786 πλη-

2058 527 2125 582 ad
2154 526 2474 596 ejiciendum
2509 542 2699 583 omnes
2737 527 2992 584 mulieres
3037 535 3254 584 nostras
3275 543 3343 583 ex
3380 527 3635 597 alienige~

2058 633 2163 684 ms,
2196 634 2320 675 cum
2354 617 2545 674 liberis
2572 618 2838 688 ipsarum,
2873 627 2932 674 ut
2959 619 3259 691 judicatum
3297 626 3381 674 est
3413 632 3442 673 a
3483 628 3555 683 te,
3582 625 3640 674 et

2057 710 2311 767 omnibus
2338 711 2428 782 qui
2465 711 2591 766 huic
2615 711 2719 783 legi
2748 712 3146 782 obtemperant.
3188 710 3383 781 Surge,
3428 710 3534 777 fac,
3570 712 3640 765 ad

2060 811 2113 858 te
2140 802 2284 857 enim
2319 801 2595 873 negotium
2640 802 2904 874 pertinet,
2946 811 3000 857 et
3050 816 3151 857 nos
3196 812 3371 857 tecum
3407 801 3474 855 ad
3511 815 3643 855 con-

2060 899 2390 954 fortandum.
2425 897 2492 952 Et
2525 897 2763 953 surrexit
2791 895 3013 962 Esdras,
3051 903 3105 951 et
3137 893 3409 963 adjuravit
3438 890 3644 964 princi-

2060 1005 2156 1061 pes
2195 988 2535 1046 sacerdotum
2572 999 2628 1043 et
2666 987 2985 1043 Levitarum
3041 986 3209 1041 totius
3258 982 3422 1038 lsrael
3459 993 3517 1036 ut
3568 979 3645 1035 fa-

2062 1089 2250 1135 cerent
2289 1079 2584 1134 secundum
2612 1079 2757 1145 haec;
2802 1087 2857 1132 et
2879 1076 3202 1146 juraverunt
3242 1075 3309 1131 “.
3344 1094 3362 1128 ι
3392 1074 3523 1131 Cum
3559 1071 3648 1143 ju-

2064 1178 2277 1224 rassent
2321 1168 2487 1239 igitur
2531 1170 2597 1223 de
2638 1168 2817 1239 legum
2863 1167 3101 1223 decretis
3131 1164 3517 1236 exsequendis,
3562 1177 3651 1219 ne-

2064 1260 2362 1315 cessarium
2411 1271 2530 1317 erat
2581 1261 3017 1316 maledictionem
3069 1275 3234 1329 supra
3288 1268 3454 1327 caput
3503 1272 3645 1322 esse,

2065 1368 2187 1424 qua:
2227 1354 2475 1424 pejerare
2508 1355 2697 1410 solitos
2729 1352 3088 1409 inclementer
3131 1351 3359 1416 invadit,
3399 1359 3456 1405 ut
3490 1348 3647 1420 jura-

2069 1449 2136 1501 tis
2163 1456 2389 1503 starent.
2420 1446 2710 1517 Postquam
2747 1456 2927 1502 autem
2984 1444 3184 1515 templo
3227 1444 3413 1498 divino
3444 1442 3648 1496 exaedi-

2070 1538 2280 1593 ﬁcando
2333 1539 2552 1607 grandis
2586 1540 2812 1609 pecunia
2844 1546 3036 1594 exacta
3080 1546 3187 1601 est,
3235 1537 3431 1606 partim
3488 1534 3652 1588 Dario

2068 1633 2325 1697 donante,
2363 1632 2559 1701 partim
2609 1632 2805 1703 populo
2837 1630 3135 1697 offerente,
3170 1628 3467 1685 verisimile
3511 1636 3650 1690 erat,

2069 1719 2334 1787 quosdam
2384 1721 2451 1775 ad
2496 1735 2616 1776 eam
2668 1722 3088 1791 dispensandam
3132 1720 3462 1776 constitutos
3502 1731 3653 1786 quae:

387 1809 535 1883 ροῦν,
574 1805 642 1882 ἦν
680 1826 798 1872 πως
830 1811 1124 1877 ἀναγκαῖον
1162 1808 1468 1879 ἐπαρτῆσαι
1506 1807 1607 1878 τὴν
1656 1808 1816 1877 ἀρὰν,
1873 1807 1969 1876 τὴν

2080 1812 2194 1865 dam
2239 1811 2306 1865 ad
2359 1812 2451 1867 Dei
2498 1811 2727 1881 gloriam
2768 1811 2951 1867 oblata
3001 1820 3248 1867 avertere
3278 1809 3343 1865 “.
3378 1808 3557 1874 Quare
3598 1817 3657 1863 et

382 1905 495 1966 τοῖς
515 1902 833 1973 ψευδορκεῖν
866 1899 1110 1954 εἰωθόσιν
1135 1900 1360 1971 ἀπηνῶς
1386 1899 1511 1953 ἐπιο
1522 1898 1855 1970 ρὼσκουσαν,
1882 1898 1968 1951 ἵνα

385 1996 480 2049 καὶ
512 1994 757 2063 γένοιντο
796 1992 1036 2064 φύλακες
1060 1992 1167 2045 τῶν
1191 1991 1625 2063 ὀμωμοσμένων.
1668 1989 1884 2062 Ἐπειδὴ
1912 1988 1966 2041 δέ

384 2085 838 2157 οἰκοδομουμένου
894 2083 987 2137 τοῦ
1045 2083 1193 2136 θείου
1249 2083 1379 2137 ναοῦ
1432 2082 1601 2153 πολλὴ
1672 2082 1970 2154 χρημάτων

386 2172 629 2245 άθροισις
667 2169 759 2243 ἦν,
800 2171 957 2227 τοῦτο
994 2172 1091 2244 μὲν
1126 2171 1353 2243 Δαρείου
1389 2171 1669 2242 νέμοντος,
1717 2171 1876 2224 τοῦτο
1907 2170 1963 2223 δὲ

385 2266 480 2319 τοῦ
523 2264 651 2319 λαοῦ
683 2264 1206 2337 προσκεκομικότος,
1238 2259 1359 2318 εἶτά
1390 2281 1545 2327 τινας
1583 2259 1651 2334 ἦν
1685 2263 1830 2326 εἰκὸς
1858 2262 1969 2315 τῶν

386 2358 457 2412 τά
496 2358 679 2411 τοιάδε
729 2358 951 2411 διοικεῖν
1010 2357 1453 2427 ἐπιτεταγμένων
1515 2355 1971 2425 ἀπονοσφίζεσθαί

390 2467 514 2505 τινα
540 2450 646 2504 τῶν
676 2451 756 2513 εἰς
794 2448 953 2514 δόξαν
985 2448 1121 2503 Θεοῦ
1163 2449 1741 2521 προσκεκομισμένων.
1782 2448 1967 2519 Ταύτῃ

391 2561 476 2599 τοι
508 2546 602 2598 καὶ
643 2545 783 2597 κατά
814 2542 1063 2597 κλεπτῶν
1112 2543 1247 2598 ἱέναι
1292 2544 1389 2615 τὴν
1428 2543 1567 2616 ἀράν
1602 2543 1746 2614 μάλα
1782 2542 1970 2613 φησὶν,

393 2638 486 2691 ῖνα
517 2638 610 2690 καὶ
654 2638 806 2692 αὐτοὶ
856 2638 1161 2709 λημμάτων
1194 2636 1434 2706 αἰσχρῶν
1477 2636 1762 2704 γεγονότες
1811 2634 1971 2706 ἀμεί-

394 2747 553 2793 νους,
592 2730 665 2803 μὴ
706 2730 811 2784 τῶν
851 2730 1017 2802 ἱερῶν
1055 2729 1306 2784 ἀπτοιντο
1347 2728 1668 2798 χρημάτων,
1714 2730 1793 2791 εἰς
1840 2728 1972 2793 ἰδίας

2076 1904 2512 1960 maledictionetn
2574 1904 2785 1960 furibus
2837 1913 3286 1975 superventuram
3348 1900 3654 1956 rectissime

2077 1997 2227 2061 dicit,
2262 2007 2320 2051 ut
2372 2006 2426 2051 et
2462 1996 2563 2067 ipsi
2596 2012 2627 2051 a
2677 1997 2820 2066 turpi
2861 2007 3066 2067 quaestu
3106 1995 3316 2062 invicti,
3369 1993 3652 2063 pecuniam

2076 2104 2285 2143 sacram
2325 2104 2392 2145 ne
2430 2089 2794 2160 attingerent,
2828 2093 2894 2144 ad
2922 2090 3164 2160 privatos
3192 2102 3321 2143 usus
3355 2102 3475 2141 eam
3516 2100 3655 2140 con-

2076 2181 2336 2237 ferentes.
2369 2180 2546 2252 Atque
2598 2182 2715 2237 haec
2762 2182 2989 2237 visionis
3027 2192 3113 2235 est
3160 2179 3398 2235 occasio.
3445 2176 3658 2231 Formi-

2081 2276 2257 2329 danda
2295 2284 2476 2330 autem
2522 2284 2607 2330 est
2656 2273 2964 2333 maledictio
3013 2281 3068 2328 et
3109 2271 3266 2326 falcis
3302 2269 3472 2325 sectio
3513 2267 3658 2323 furto

2080 2376 2136 2420 et
2160 2366 2399 2437 perjurio
2426 2368 2681 2431 assuetis,
2712 2365 2967 2436 quoniam
2996 2365 3140 2420 Deus
3181 2364 3250 2419 ad
3300 2362 3505 2418 exitum
3536 2377 3656 2415 om-

2079 2459 2208 2512 nino
2245 2460 2510 2527 perducet
2544 2473 2663 2528 quae
2697 2458 2959 2524 decrevit,
2989 2466 3045 2512 et
3081 2471 3257 2526 neque
3283 2456 3514 2522 furibus,
3564 2469 3659 2509 ne-

2080 2563 2185 2618 que
2212 2549 2335 2605 aliis
2357 2560 2564 2620 parcet.
2612 2548 2738 2605 Odit
2777 2552 2923 2606 enim
2970 2564 3188 2621 semper
3218 2550 3456 2604 divinam
3506 2564 3659 2604 suam

2082 2640 2306 2707 gloriam
2361 2649 2791 2708 contemnentes,
2822 2650 2876 2696 et
2926 2641 3114 2696 animo
3166 2639 3478 2711 inexplebili
3523 2637 3663 2695 nihil

2082 2731 2151 2785 ad
2185 2746 2243 2787 se
2267 2733 2593 2801 pertinentia
2622 2734 3091 2805 concupiscentes.

395 2822 535 2877 αύτά
561 2824 904 2890 δαπανῶντες
938 2825 1146 2897 χρείας.
1187 2822 1336 2893 Αὕτη
1380 2822 1479 2893 μὲν
1522 2817 1614 2875 οὖν
1653 2823 1686 2893 ή
1749 2821 1849 2891 τῆς
1914 2824 2160 2894 ὁράσεως
2223 2825 2519 2896 πρόφασις.
2565 2826 2688 2898 Χρὴ
2726 2827 2784 2880 δὲ
2828 2826 3058 2881 δεδιέναι
3098 2826 3197 2899 τὴν
3224 2824 3385 2899 ἀρὰν,
3429 2825 3525 2879 καὶ
3564 2820 3662 2889 τὴν

276 2925 280 2929 ’
394 2915 487 2969 τοῦ
529 2914 792 2985 δρεπάνου
826 2916 997 2986 τομὴν
1031 2913 1157 2977 τούς
1195 2930 1255 2966 τε
1299 2911 1610 2983 κλέπτεινῆ
1651 2911 1970 2984 ψευδορκεῖν
2007 2915 2290 2981 εἰωθότας,
2352 2920 2433 2972 ὅτι
2466 2919 2645 2990 πάντη
2675 2937 2735 2973 τε
2777 2919 2874 2975 καὶ
2911 2920 3132 2984 πάντως
3170 2922 3250 2984 εἰς
3319 2918 3493 2991 πέρας
3527 2914 3664 2969 οἴσει

394 3009 525 3073 θεὸς
563 3011 633 3064 τὰ
659 3011 1024 3082 διωρισμένα,
1070 3011 1165 3066 καί
1207 3010 1330 3064 οὔτε
1382 3008 1652 3074 κλεπτῶν,
1694 3008 1816 3063 οὔτε
1859 3011 1966 3081 μὴν
2003 3010 2109 3065 τῶν
2174 3013 2376 3083 ἑτέρων
2437 3013 2705 3083 φείσεται.
2740 3014 2980 3067 Ποιεῖται
3007 3013 3118 3086 γάρ
3145 3030 3264 3078 πως
3290 3012 3378 3067 ἀεὶ
3402 3025 3667 3067 κατεστυ-

394 3104 651 3173 γμένους,
671 3105 799 3167 τοὺς
824 3107 924 3175 τῆς
946 3103 1096 3168 θείας
1116 3102 1277 3157 αὐτοῦ
1339 3089 1814 3174 καταφρονοῦντας
1830 3102 2009 3175 δόξης,
2051 3106 2145 3159 καί
2187 3106 2311 3169 τοὺς
2378 3105 2642 3179 ἀπλήστῳ
2676 3105 2871 3179 γνώμῃ
2911 3105 3019 3162 τῶν
3060 3106 3216 3160 οὐδὲν
3262 3105 3446 3168 αὐτοῖς
3493 3118 3666 3174 προσ-

392 3196 636 3270 ηκόντων
667 3194 1005 3267 ἐφιεμένους.
3012 3184 3015 3195 “

466 3289 575 3343 Kal
608 3286 870 3355 ἐξῆλθεν
900 3290 933 3341 ό
969 3287 1240 3358 ἄγγελος,
1271 3291 1311 3343 δ
1341 3287 1547 3343 λαλῶν
1584 3289 1655 3343 ἐν
1681 3288 1843 3360 ἐμοὶ,
1884 3287 1976 3344 καί

2158 3287 2322 3342 Vens.
2373 3285 2493 3343 5-8.
2534 3285 2600 3340 Et
2648 3301 2887 3357 egressus
2925 3295 3003 3341 est
3043 3285 3261 3356 angelus
3303 3287 3393 3353 qui
3418 3287 3685 3357 loqueba-.

396 3376 527 3436 εἶπε
564 3380 714 3450 πρός
752 3396 861 3449 με’
904 3378 1270 3449 Ἀνάϐλεψον
1304 3380 1429 3447 τοῖς
1481 3379 1809 3450 ὀφθαλμοῖς
1843 3393 1976 3449 σου¹

2088 3391 2175 3434 tur
2197 3381 2249 3434 iu
2282 3396 2381 3447 me,
2405 3388 2453 3434 et
2480 3379 2617 3433 dixit
2639 3380 2709 3433 ad
2740 3395 2853 3433 me:
2881 3377 3101 3447 Suspice
3125 3378 3287 3431 oculis
3316 3378 3447 3445 tuis,
3480 3390 3527 3433 et
3551 3381 3668 3435 vide

394 3471 497 3526 καὶ
548 3469 639 3527 (de
673 3471 743 3526 τὸ
790 3471 1270 3541 ἐκπορευόμενον
1314 3471 1509 3527 τοῦτο.
1558 3472 1670 3525 Καὶ
1702 3468 1875 3527 εἶπα·
1926 3476 1976 3527 Tt

2086 3474 2212 3542 quid
2241 3480 2317 3526 est
2347 3473 2444 3526 hoc
2478 3472 2619 3542 quod
2644 3472 2931 3541 egreditur.
2972 3468 3040 3522 Et
3079 3469 3232 3523 dixi:
3266 3468 3408 3534 Quid
3440 3482 3513 3522 est
3536 3471 3562 3523 Σ)
3598 3468 3668 3524 Et

395 3554 527 3614 ἐστι
538 3576 559 3626 ;
590 3561 698 3617 Kal
730 3557 860 3617 εἷπε
879 3579 893 3594 ο
928 3560 1110 3617 Τοῦτο
1139 3563 1206 3617 τὸ
1239 3563 1462 3633 μέτρον
1494 3565 1561 3619 τὸ
1593 3565 1987 3635 ἐκπορευόμε-

400 3671 531 3709 νον.
560 3655 669 3710 Kal
707 3652 907 3711 εἶπεν
956 3656 1119 3725 Αὕτη
1158 3657 1196 3725 ἡ
1239 3656 1440 3713 ἀδικία
1485 3659 1684 3713 αὐτῶν
1718 3659 1787 3712 ἐν
1815 3660 1985 3729 πάσῃ

400 3746 477 3815 τῇ
504 3746 600 3818 τῇ.
630 3748 738 3803 Kal
775 3748 905 3803 ἰδοὺ
933 3748 1232 3805 τάλαντον
1253 3751 1546 3820 μολίϐδου
1576 3752 1980 3822 ἐξαιρόμενον,

400 3837 501 3889 καί
538 3837 666 3891 ἰδοὺ
693 3838 849 3908 γυνὴ
890 3839 998 3907 μία
1038 3838 1293 3908 ἐκάθητο
1326 3840 1395 3893 ἐν
1414 3839 1583 3909 μέσῳ
1615 3841 1720 3896 τοῦ
1741 3843 1983 3911 μέτρου.

401 3927 511 3982 Kal
558 3924 758 3983 elatas"
808 3930 969 3998 Αῦτη
1020 3930 1192 3985 ἐστὶν
1226 3932 1263 4000 ἠ
1303 3931 1538 4002 ἀνομία.
1574 3933 1685 3987 Kal
1741 3933 1989 4003 ἔρριψεν

402 4022 598 4090 αὐτὴν
654 4025 741 4089 εἰς
794 4021 991 4092 μέσον
1031 4023 1138 4076 τοῦ
1186 4024 1430 4094 μέτρου,
1478 4026 1577 4079 καὶ
1625 4025 1837 4096 ἔρριψε
1881 4028 1989 4082 τὸν

401 4115 575 4169 λίθον
613 4115 716 4169 τοῦ
739 4114 1033 4184 μολίϐδου
1066 4118 1156 4182 εἰς
1187 4115 1252 4169 τὸ
1288 4117 1485 4186 στόμα
1525 4116 1739 4186 αὐτῆς.

473 4208 552 4261 Λ’.
577 4206 792 4269 Φθάσας
818 4206 976 4276 ἔφην,
1005 4206 1105 4277 τῆς
1131 4209 1210 4271 εἰς
1240 4207 1333 4262 τὸν
1363 4209 1651 4281 προφήτην
1686 4210 1989 4282 σαφηνείας

402 4299 727 4371 ἀρχόμενος,
765 4299 846 4353 ὅτι
906 4299 1045 4369 μετά
1095 4300 1195 4371 τὴν
1238 4300 1303 4354 ἐκ
1337 4301 1660 4366 Βαϐυλῶνος
1705 4303 1985 4368 ἐπάνοδον,

405 4392 546 4463 ἅπερ
575 4393 633 4445 ἐν
661 4390 740 4463 τῷ
762 4389 939 4462 καιρῴ
957 4389 1059 4461 τῆς
1086 4391 1465 4461 αἰχμαλωσίας
1487 4392 1779 4459 τέθεινται,
1815 4395 1989 4448 ταῦτα

405 4488 518 4549 τοῖς
561 4483 993 4555 λελυτρωμένοις
1048 4485 1343 4555 ἀφηγεῖται
1402 4485 1710 4557 χρησίμως.
1770 4486 1989 4557 Ἐπειδὴ

404 4576 515 4647 γὰρ
544 4576 741 4639 αὐτοὺς
764 4575 954 4629 ἐθεᾶτο
979 4576 1537 4650 καταρρᾳθυμοῦντας
1563 4577 1703 4646 ἄγαν
1727 4576 1820 4631 τοῦ
1848 4577 1986 4650 χρῆ-
2019 4612 2071 4650 _.

2088 3566 2259 3619 dixit:
2297 3563 2426 3619 Htec
2464 3572 2542 3618 est
2593 3579 2839 3617 mensura
2880 3578 2999 3633 qua:
3050 3564 3338 3632 egreditur.
3393 3559 3457 3614 Et
3490 3560 3667 3617 dixit:

2092 3654 2220 3711 Haec
2246 3664 2323 3711 est
2352 3656 2605 3725 iniquitas
2640 3670 2821 3709 eorum
2865 3654 2919 3707 in
2962 3653 3104 3707 omni
3132 3664 3294 3707 terra.
3334 3651 3401 3705 Et
3430 3668 3546 3706 ecce
3584 3662 3670 3707 ta-

2089 3750 2285 3805 lentum
2310 3749 2507 3819 plumbi
2536 3749 2814 3813 eleuatum,
2839 3758 2885 3802 et
2925 3763 3042 3802 ecce
3082 3746 3272 3801 mulier
3313 3764 3417 3801 una
3456 3749 3668 3801 sedebat

2089 3846 2145 3900 in
2176 3845 2342 3899 medio
2374 3859 2655 3907 mensurae.
2692 3840 2760 3895 Et
2787 3841 2928 3896 dixit
2954 3854 2972 3894 :
2999 3839 3129 3895 Hart:
3164 3848 3239 3894 est
3283 3840 3558 3910 iniquitas.
3601 3838 3667 3892 Et

2089 3936 2312 4006 projecit
2338 3952 2455 3991 eam
2493 3936 2552 3989 in
2595 3933 2825 3989 medium
2870 3946 3148 3997 mensum,
3194 3941 3241 3985 et
3275 3931 3495 4001 projecit
3529 3930 3669 3997 lapi-

2090 4029 2207 4083 dem
2236 4027 2438 4098 plumbi
2459 4027 2517 4081 in
2546 4042 2603 4081 os
2628 4025 2765 4095 ejus.

2160 4208 2325 4280 697
2387 4206 2558 4262 XXX.
2621 4206 2780 4261 Initio
2818 4205 3250 4262 declarationum
3313 4217 3554 4259 mearum
3614 4200 3668 4256 in

2090 4299 2236 4353 hunc
2294 4300 2610 4369 prophetam
2644 4297 2823 4362 docui,
2855 4312 2976 4352 eum
3009 4305 3130 4366 post
3166 4293 3399 4350 reditum
3429 4308 3460 4348 e
3489 4292 3670 4362 Baby-

2093 4393 2236 4455 lone,
2300 4404 2421 4458 quae
2460 4396 2707 4459 tempore
2738 4387 3073 4458 captivitatis
3127 4385 3453 4450 acciderint,
3512 4383 3672 4437 liber-

2094 4490 2203 4537 tate
2249 4479 2437 4551 potitis
2503 4478 2782 4535 l‘ructuose
2831 4492 3075 4533 narrare.
3105 4477 3373 4544 Quoniam
3395 4474 3539 4531 enim
3574 4489 3671 4529 eos

2092 4573 2159 4628 ad
2209 4573 2420 4628 sancita
2478 4572 2656 4643 legum
2699 4572 3001 4642 praastanda
3058 4569 3413 4624 vehementer
3476 4580 3673 4638 segnes

408 4645 494 4723 ναι
518 4668 760 4741 πληροῦν
786 4668 857 4722 τὰ
902 4645 1285 4741 νενομισμένα,
1307 4645 1412 4727 ⁷καί
1456 4645 1976 4742 ἀποκλίναντας-*μεν

2094 4665 2475 4736 perspiciebat,
2536 4675 2595 4720 et
2637 4665 2705 4719 ad
2736 4663 3045 4734 voluptates
3081 4676 3208 4719 suas
3241 4658 3539 4730 explendas
3559 4667 3674 4715 toto

405 4761 723 4826 ἀκαθέκτως
758 4761 837 4824 εῐς
858 4778 923 4830 γε
950 4761 1012 4814 τὸ
1039 4762 1222 4831 σφίσιν
1249 4763 1431 4826 αὐτοῖς
1462 4762 1559 4834 ἡδύ
1593 4779 1652 4815 τε
1686 4763 1781 4816 καὶ
1810 4761 1983 4832 φίλον,

404 4851 563 4920 ὀλίγα
586 4851 643 4904 δὲ
672 4850 952 4915 παντελῶς
980 4850 1089 4906 τῶν
1133 4851 1220 4905 διὰ
1260 4851 1506 4915 Μωσέως
1558 4852 1988 4924 πεφροντικότας

406 4943 588 5013 νόμων
632 4943 1045 5014 (συνεπλέκοντο
1083 4945 1191 5016 γὰρ
1236 4944 1333 4999 καὶ
1381 4944 1700 5015 ἀλλοφύλοις
1750 4944 1985 5013 γυναιξὶ,

409 5034 507 5090 καὶ
529 5034 631 5107 ήδη
660 5034 806 5098 τινὲς
848 5035 1153 5106 όλοτρόπως
1182 5034 1288 5100 ἔξω
1329 5034 1600 5106 βαίνοντες
1634 5035 1725 5088 τοῦ
1758 5035 1985 5101 εἰκότος,

409 5125 771 5197 ἐτελέσθησαν
820 5124 1075 5192 εἰδώλοις,
1112 5124 1205 5178 καί
1234 5142 1357 5179 τινα
1402 5125 1538 5197 πρὸς
1570 5125 1781 5189 τούτοις
1819 5123 1989 5195 ἔδρων

407 5217 445 5273 ἃ
487 5216 620 5289 μηδὲ
667 5216 829 5288 θέμις
871 5216 1087 5285 εἰπεῖν)’
1135 5198 1517 5285 ἀναγκαίοινό
1565 5218 1851 5289 προφήτης
1883 5217 1991 5270 τῶν

409 5311 701 5384 δραμάτων
730 5311 964 5363 ποιεῖται
992 5308 1091 5380 τὴν
1123 5310 1421 5380 ἀφήγησιν,
1458 5309 1522 5362 ἵν’
1553 5308 1740 5361 εἰδεῖεν
1770 5308 1819 5361 οἰ
1845 5306 1993 5359 λελυ-

409 5402 680 5474 τρωμένοι
730 5402 904 5473 μόλις,
939 5402 1150 5467 ὁποίαις
1178 5401 1479 5474 ἀνθρώπων
1506 5402 1596 5456 καὶ
1619 5401 1791 5471 ἁγίων
1825 5400 1992 5469 ἀγγέ-

408 5494 522 5550 λων
553 5496 729 5560 λιταῖς
754 5496 817 5550 τὸ
841 5499 1031 5569 χρῆμα
1054 5497 1424 5569 κερδαίνοντες
1449 5496 1622 5563 αὐτοὶ,
1670 5496 1809 5550 κατὰ
1842 5496 1992 5566 σφῶν

408 5588 788 5657 παραθήγουσι
819 5587 978 5641 πάλιν
997 5588 1087 5641 τὸν
1114 5588 1220 5641 τῶν
1244 5588 1379 5643 ὅλων
1418 5589 1570 5653 Θεὸν,
1606 5590 1724 5650 ταῖς
1756 5587 1865 5641 τῶν
1897 5591 1994 5657 ἁρ-

482 5762 526 5795 ⁰²
560 5760 581 5817 1
620 5761 778 5820 Esdr.
822 5781 873 5823 ι.
920 5765 967 5823 l.
1008 5765 1058 5818 9.
1140 5764 1182 5794 ⁸⁷⁵
1222 5763 1238 5818 l
1278 5763 1429 5819 Estlr.
1476 5779 1545 5823 vr.
1596 5764 1613 5818 Ι
1660 5779 1808 5823 scan.

2097 4764 2299 4831 impetu
2354 4759 2677 4824 declinasse,
2708 4767 2763 4813 et
2820 4757 2965 4829 leges
2989 4755 3123 4813 Mosi
3158 4755 3214 4811 in
3238 4754 3533 4825 postremis
3565 4753 3668 4810 du—

2095 4868 2221 4910 cere
2288 4854 2521 4923 coepisse
2564 4851 2972 4924 (implicuerant
3024 4848 3169 4907 enim
3205 4861 3330 4904 sese
3359 4843 3677 4918 ,peregrinis

2097 4942 2438 5008 mulieribus,
2496 4951 2549 4998 et
2576 4940 2688 5010 jam
2762 4939 3005 4996 nonnulli
3069 4947 3243 4996 metas
3288 4936 3676 5008 aequitatispe-

2099 5035 2244 5090 nitus
2299 5034 2527 5105 egressi,
2592 5032 2750 5089 idolis
2775 5032 2976 5087 initiati
3034 5039 3213 5095 erant;
3256 5037 3311 5085 et
3344 5028 3568 5095 insuper
3593 5023 3674 5078 fa-

2097 5130 2314 5185 ciebant
2336 5142 2456 5198 qua:
2488 5126 2735 5197 proferre
2761 5126 2937 5196 pudor
2966 5125 3165 5195 vetat),
3207 5118 3516 5177 necessario
3544 5130 3672 5186 pro-

2094 5221 2254 5289 pheta
2267 5232 2388 5289 quae
2404 5226 2526 5272 acta
2551 5224 2680 5273 sunt
2704 5224 3119 5280 commemorat,
3158 5220 3215 5266 ut
3239 5214 3576 5279 cognoscant
3608 5205 3673 5259 li-

2094 5314 2267 5369 berati
2327 5311 2583 5379 tandem,
2636 5311 2836 5382 quibus
2892 5307 3171 5364 hominum
3248 5310 3676 5370 sanctorumque

2097 5403 2412 5471 angelorum
2453 5401 2708 5474 precibus
2768 5401 3072 5456 libertatem
3133 5391 3676 5463 adepti,contra'se-

2096 5496 2358 5565 metipsos
2416 5496 2593 5550 denuo
2644 5493 3020 5547 universorum
3076 5486 3246 5543 Deum
3300 5486 3599 5552 concitent,
3636 5498 3667 5537 a

2097 5588 2343 5658 pristinis
2372 5585 2585 5642 delictis
2610 5593 2867 5638 tanquam
2889 5580 3092 5636 morbis
3112 5580 3368 5651 correpti.
3397 5578 3484 5632 Ait
3508 5590 3673 5645 ergo:
