4092 6202
439 332 517 392 83
1451 343 1510 398 S.
1552 342 1822 400 CYRILLI
1862 343 2331 401 ALEXANDRINI
2369 347 2684 405 ARCHIEP.
3604 345 3673 402 Si

435 478 458 514 ι
494 459 754 528 Egressus
812 465 892 510 est
947 456 1169 525 angelus
1206 457 1296 526 qui
1337 456 1667 528 loquebatur
1743 458 1796 513 in
1824 472 1932 514 me.
1971 477 1991 510 ι

2099 460 2268 529 χαίων
2290 460 2437 513 αἰτια
2444 459 2630 530 μάτων
2645 458 3045 531 ἐμπλεκόμενοι
3066 457 3278 522 λαϐαῖς.
3310 458 3453 529 Ἔφη
3474 455 3677 524 τοίνυν,

430 550 550 618 Quo
578 564 827 618 egressus
850 548 874 602 ?
901 556 995 602 aut
1020 548 1106 603 ubi
1147 550 1361 603 tandem
1391 550 1554 605 erat?
1579 551 1661 604 Ab
1686 551 1999 606 ostensione

434 641 588 697 taleis
617 642 682 695 ad
717 642 1045 710 propositam
1077 641 1363 711 visionem,
1390 641 1459 697 de
1495 644 1746 698 mensura
1768 643 1996 708 scilicet,

431 734 574 789 facta
619 744 704 789 est
753 734 1014 803 egressio.
1062 734 1224 787 Tollit
1268 751 1397 806 ergo
1456 737 1717 805 propheta
1743 737 1796 790 in
1831 736 1997 789 altum

430 826 637 887 oculos,
688 827 883 894 quibus
914 826 979 879 ad
1012 825 1259 879 sublimia
1286 827 1649 896 percurrenda
1683 828 1999 883 exercitatis

431 919 513 973 fas
538 919 609 973 sit
655 934 775 972 cum
805 918 987 971 divina
1021 918 1218 971 virtute
1255 919 1567 989 mysterium
1614 920 1995 990 contemplari.

429 1009 629 1076 Quaerit
675 1011 837 1079 igitur
882 1010 1010 1078 quid
1070 1011 1164 1074 sit,
1196 1009 1339 1079 quod
1368 1011 1691 1065 ostenditur.
1735 1011 1871 1065 Tum
1901 1027 1999 1065 an-

429 1101 615 1171 gelus:
656 1119 673 1152 t
716 1099 841 1154 Haec
861 1110 964 1165 est,
1026 1098 1224 1169 inquit,
1265 1116 1520 1155 mensura
1553 1117 1675 1171 qua!
1701 1102 1994 1170 egreditur.

424 1193 554 1247 llaec
583 1204 662 1246 est
703 1192 960 1261 iniquitas
984 1195 1405 1246 eoruminonmi
1435 1202 1599 1248 terra.
1645 1213 1663 1246 ι
1702 1192 1821 1248 Jam
1867 1194 1996 1261 quid

427 1299 679 1338 mensura
704 1285 795 1347 sit,
857 1286 1145 1339 videndum
1169 1295 1271 1349 est,
1304 1286 1544 1341 Dicimus
1578 1288 1760 1354 itaque
1800 1296 1995 1340 natura

428 1373 626 1428 bouum
681 1384 733 1428 et
788 1375 1068 1429 hominum
1121 1385 1391 1430 amantem
1450 1391 1569 1431 esse
1612 1378 1994 1432 universorum

426 1463 735 1519 Dominum.
759 1463 1054 1519 Peccautes
1083 1466 1224 1519 enim
1252 1467 1466 1530 tolerat,
1495 1476 1548 1520 et
1567 1466 1750 1535 inique
1774 1477 1995 1535 agentes

423 1554 679 1620 sustinet,
728 1554 1151 1626 uniuscujusque
1212 1557 1590 1627 pmniteutiam
1645 1567 1993 1627 ex5peetans.

423 1646 581 1714 Quod
628 1649 673 1702 si
728 1650 849 1717 quis
881 1650 1042 1703 etiam
1074 1649 1164 1702 diu
1218 1649 1491 1718 peccando
1521 1650 1869 1717 processerit,
1905 1665 1995 1704 su-

423 1754 777 1809 premamque
830 1739 923 1794 Dei
980 1740 1296 1807 patientiam
1342 1752 1596 1807 expertus
1639 1739 1821 1806 luerit,
1878 1750 1989 1794 tum

2100 553 2181 606 ὅτι
2220 571 2237 602 ι
2281 552 2531 623 Ἐξῆλθεν
2558 554 2586 605 6
2606 553 2837 621 ἄγγελος
2869 554 2898 605 6
2926 551 3103 605 λαλῶν
3128 552 3185 603 ἐν
3209 550 3353 618 ἐμοί.
3395 567 3414 601 ›
3456 548 3676 619 Ἐξῆλθε

2100 643 2155 698 δέ
2187 646 2339 710 ὄποι;
2369 644 2471 697 ποῦ
2506 645 2614 717 γὰρ
2652 641 2721 717 ἦν
2767 644 2934 711 ὄλωςς
2964 643 3174 699 Οὐκοῦν
3203 645 3267 697 ἐκ
3308 644 3406 715 τῆς
3437 641 3532 697 τοῦ
3558 643 3678 713 δρε-

2101 737 2273 790 πάνου
2295 736 2513 803 δείξεως
2546 737 2638 790 ἐπὶ
2678 737 2780 809 τὴν
2813 736 3181 808 προκειμένην
3207 736 3418 806 ὅρασιν,
3454 735 3552 805 τὴν
3583 733 3678 788 ἐπί

2099 846 2184 898 γε,
2212 830 2376 899 φημὶ,
2428 829 2508 900 τῷ
2558 830 2762 901 μέτρῳ,
2794 830 2855 884 τὸ
2880 833 2979 902 τῆς
3021 829 3201 896 ἐξόδου
3247 827 3436 896 γέγονε
3465 829 3674 898 χρῆμα.

2099 921 2253 990 Δῖρει
2291 938 2353 988 γε
2386 921 2492 989 μὴν
2524 923 2552 975 6
2588 922 2874 992 προφήτης
2900 923 2979 984 εἰς
3018 919 3153 988 ὕψος
3188 919 3313 981 τοὺς
3340 918 3674 990 ὀφθαλμοὺς.

2098 1004 2178 1074 οἷς
2203 1011 2435 1082 διᾴττειν
2457 1010 2590 1081 ὑψοῦ
2619 1012 3035 1083 μεμελετηκόσι,
3058 1011 3259 1083 πρέποι
3282 1011 3347 1064 ἂν
3369 1009 3592 1073 εἰκότως
3615 1010 3678 1064 τὸ

2099 1104 2191 1158 καὶ
2215 1103 2333 1176 θείᾳ
2350 1105 2576 1176 δυνάμει
2608 1105 2900 1176 καταθρεῖν
2923 1107 3238 1176 μυστήριον.
3276 1105 3478 1175 Ἤρετο
3498 1103 3561 1174 δὴ
3583 1099 3678 1158 οῦν

2097 1192 2151 1244 τί
2200 1191 2308 1262 ἄρα
2364 1193 2479 1246 ἔστι
2535 1194 2596 1247 τὸ
2646 1193 3012 1263 δεικνύμενον.
3060 1193 3117 1245 Ὅ
3175 1192 3231 1245 δὲ
3287 1191 3424 1262 πρὸς
3478 1192 3673 1245 αὐτόν·

2104 1302 2123 1335 ι
2167 1284 2357 1348 Τοῦτο,
2394 1284 2549 1356 φησὶ,
2596 1286 2656 1338 τὸ
2707 1284 2906 1355 μέτρον
2940 1284 3001 1337 τὸ
3043 1284 3497 1354 ἐκπορευόμενον.
3528 1282 3675 1355 Αὕτη

2097 1376 2244 1429 ἐστὶν
2276 1378 2306 1446 ἡ
2338 1375 2516 1429 ἀδικία
2552 1375 2728 1428 αὐτῶν
2759 1377 2815 1428 ἐν
2846 1375 2994 1446 πάσῃ
3032 1378 3097 1445 τῇ
3128 1377 3221 1445 γῇ.
3259 1392 3276 1423 ι
3309 1372 3420 1427 Kal
3442 1371 3495 1425 τί
3521 1371 3584 1442 δὴ
3614 1371 3678 1426 τδ

2100 1467 2318 1538 μέτρον,
2362 1465 2774 1537 ἀναλογίζεσθαι
2805 1468 2932 1537 χρή.
2965 1466 3073 1519 Kal
3107 1465 3172 1537 δὴ
3204 1466 3296 1518 καί
3341 1481 3544 1533 φαμεν,
3592 1463 3678 1520 ὅτι

2098 1556 2256 1626 φύσει
2286 1558 2543 1629 χρηστὸς,
2568 1559 2661 1612 καὶ
2702 1556 3083 1628 φιλάνθρωπος
3109 1558 3137 1610 6
3174 1556 3280 1609 τῶν
3309 1554 3445 1609 ὅλων
3473 1553 3679 1607 Δεσπόο

2096 1666 2215 1719 της.
2240 1648 2626 1719 Πλημμελοῦσι
2656 1647 2767 1719 γὰρ
2799 1646 3132 1712 ἀνεξικακεῖ,
3161 1646 3259 1700 καὶ
3291 1644 3678 1716 παρανομοῦν-

2096 1757 2205 1794 των
2246 1742 2516 1810 ἀνέχεται,
2548 1740 2859 1811 περιμένων
2901 1740 3001 1811 τὴν
3042 1738 3274 1793 ἑκάστου
3313 1736 3675 1809 μετάγνωσιν.

421 1827 656 1895 denique
709 1828 886 1896 pinnis
942 1828 1279 1896 subjicietur,
1302 1838 1357 1882 et
1382 1839 1485 1881 tam
1511 1830 1781 1883 diuturna:
1807 1844 1991 1884 socor-

2098 1832 2157 1883 Ei
2194 1831 2250 1884 δὲ
2280 1831 2341 1902 δή
2369 1849 2453 1895 τις
2485 1830 2553 1885 ἴοι
2595 1831 2690 1885 καὶ
2731 1831 2893 1902 μέχρι
2931 1828 3126 1883 πολλοῦ
3160 1828 3296 1900 πρὸς
3324 1827 3386 1880 τὸ
3425 1826 3679 1896 πλημμε-

414 1917 523 1974 dia:
553 1932 856 1991 pnetexere
884 1922 1017 1976 nihil
1060 1923 1259 1990 poterit
1294 1940 1306 1975 :
1342 1922 1605 1976 uecillum
1645 1924 1931 1991 quisquam
1962 1937 1993 1976 ο

422 2010 617 2074 pmnis,
683 2012 992 2065 commissis
1023 2010 1139 2078 cjus
1206 2011 1428 2080 paribus
1480 2013 1695 2081 eripiet.
1746 2012 1994 2081 Quapro-

418 2111 539 2170 pter
571 2100 821 2155 Christus
852 2102 1048 2172 populo
1082 2100 1408 2171 Iudaeorum,
1444 2103 1722 2172 impotenti
1772 2103 1989 2157 vesania

417 2192 484 2245 ad
517 2191 733 2262 quidvis
788 2193 1051 2248 nefarium
1117 2195 1316 2257 ruenti,
1363 2196 1537 2264 inquit
1567 2215 1578 2246 :
1622 2212 1641 2243 ι
1671 2195 1733 2247 Ει
1762 2210 1859 2247 vos
1890 2195 1988 2248 im-

417 2283 607 2349 plestis
637 2299 944 2338 mensuram
980 2293 1190 2352 patrum
1221 2295 1522 2338 vestrorum
1564 2284 1631 2337 ⁸⁵.
1676 2303 1694 2333 ι
1725 2283 1988 2337 Mensura

419 2376 585 2443 igitur
631 2390 750 2445 quae
792 2377 1109 2444 apparebat,
1141 2385 1486 2446 peccatorum
1517 2375 1695 2443 populi
1728 2375 1779 2427 iu
1807 2375 1987 2443 ipsum

417 2466 751 2520 cumulatam
811 2467 1209 2521 multitudinem
1249 2468 1592 2522 ostendebat.
1641 2466 1699 2520 In
1737 2481 1989 2520 mensura

417 2571 582 2624 porro
602 2557 798 2611 mulier
819 2557 1067 2618 sedebat.
1104 2557 1405 2626 iniquitatis
1465 2557 1680 2609 modum
1734 2571 1990 2610 consum-

416 2663 590 2713 mans,
627 2658 678 2702 et
707 2649 851 2702 velut
881 2662 976 2716 per
997 2663 1056 2702 se
1085 2650 1447 2716 capacitatem
1482 2647 1710 2713 impleus
1738 2664 1751 2700 :
1793 2647 1990 2700 fortas-

416 2740 493 2792 sis
526 2740 686 2791 etiam
725 2736 1079 2805 superellusa,
1110 2747 1165 2791 et
1200 2752 1304 2807 qua
1326 2737 1599 2798 exstabat,
1628 2734 1985 2806 prospiciens.

420 2825 445 2879 ἐ
484 2829 547 2882 Εῑ
575 2844 724 2893 ecce,
753 2830 945 2898 inquit,
971 2829 1233 2883 talentum
1264 2829 1462 2899 plumbi
1488 2827 1656 2900 698
1691 2830 1985 2895 elevatum,

415 2934 471 2977 et
501 2921 728 2991 proiecit
785 2921 916 2974 illud
960 2921 1013 2975 in
1072 2936 1134 2976 os
1160 2922 1302 2987 ejus.
1340 2940 1359 2973 ι
1389 2923 1651 2975 Describit
1675 2934 1855 2975 autem
1894 2937 1989 2975 no-

415 3016 498 3067 bis
547 3012 887 3081 iniquitatem
936 3013 1072 3067 visio
1116 3015 1169 3068 in
1205 3014 1387 3068 habitu
1417 3013 1747 3067 muliercula:
1781 3029 1794 3067 :
1832 3024 1988 3081 typus

2094 1921 2203 1988 λές,
2235 1922 2331 1975 καὶ
2361 1926 2440 1987 εἰς
2470 1923 2643 1993 πέρας
2666 1922 2790 1992 ἥκοι
2820 1921 3010 1974 λοιπὸν
3042 1921 3143 1991 τῆς
3167 1920 3316 1989 αὐτῷ
3344 1919 3676 1990 νεμηθείσης

2092 2011 2464 2077 ἀνεξικακίας,
2486 2013 2548 2065 τὸ
2571 2011 2824 2082 τηνικάδε
2851 2010 3036 2064 λοιπον
3065 2012 3272 2074 ποιναῖς
3300 2010 3674 2071 ὑποκείσεται,

2094 2105 2189 2159 καὶ
2218 2105 2375 2173 λόγος
2409 2103 2559 2175 αὐτῷ
2606 2107 2704 2175 τῆς
2746 2103 2889 2157 οὕτω
2921 2105 3139 2174 μακρᾶς
3182 2101 3453 2173 ῥᾳθυμίας
3475 2099 3675 2165 οὐδεὶς,

2091 2197 2200 2248 οὐδ’
2233 2195 2298 2248 ἂν
2329 2195 2562 2259 ἐξέλοιτο
2602 2196 2695 2249 τοῦ
2738 2196 2938 2266 χρῆναι
2972 2195 3158 2248 λαϐεῖν
3207 2194 3529 2263 ἰσομέτροις
3579 2192 3678 2246 αὐ-

2090 2286 2219 2352 τῶν,
2251 2280 2326 2340 ὧν
2364 2287 2430 2339 ἂν
2457 2286 2698 2367 (paternae
2727 2285 3004 2356 δεδρακὼς
3038 2286 3138 2345 τὰς
3172 2285 3349 2349 δίκας.
3402 2285 3512 2338 Kal
3544 2285 3677 2354 γοῦν

2091 2377 2193 2448 ἔφη
2225 2396 2326 2430 που
2375 2364 2625 2449 Χριστδξ
2653 2378 2791 2448 πρὸς
2841 2378 2970 2440 τοὺς
2999 2377 3108 2429 τῶν
3156 2376 3423 2431 Ἰουδαίων
3469 2376 3677 2448 δήμους

2089 2468 2364 2538 ἀχαλίνοις
2391 2469 2670 2530 άπονοίαις
2699 2468 2835 2540 πρδς
2873 2469 2980 2521 πᾶν
3005 2467 3113 2520 τῶν
3149 2466 3398 2521 ἐκτόπων
3430 2467 3676 2521 διάττον-

2088 2577 2188 2622 τας
2207 2577 2221 2592 ο
2260 2580 2279 2613 ι
2318 2560 2431 2614 Kal
2465 2562 2621 2631 ὑμεῖς
2651 2558 3077 2631 άνεπληρώσατε
3106 2558 3167 2611 τὸ
3206 2559 3402 2630 μέτρον
3428 2559 3536 2611 τῶν
3566 2575 3674 2611 πα·-

2088 2649 2263 2720 τέρων
2290 2649 2465 2719 ὑμῶν.
2505 2667 2524 2699 ι
2558 2649 2767 2701 Ούκοῦν
2814 2650 3013 2719 μέτρον
3046 2643 3113 2717 ἦν
3147 2648 3209 2701 τὸ
3243 2646 3542 2717 ὁρώμενον,
3576 2649 3675 2719 τῆς

2087 2740 2198 2793 τῶν
2228 2738 2370 2792 λαῶν
2400 2739 2778 2809 πλημμελείας
2808 2739 2891 2807 ἐφ’
2925 2738 3103 2809 ἐαυτῷ
3129 2738 3373 2792 δεικνύον
3405 2740 3502 2811 τὴν
3539 2741 3674 2794 ἀνα-

2089 2831 2392 2903 πλήρωσιν.
2445 2831 2723 2901 Ἐνίδρυτο
2766 2829 2822 2883 δὲ
2859 2828 2937 2900 τῷ
2991 2830 3173 2901 μέτρῳ
3218 2831 3375 2901 γυνὴ,
3410 2835 3510 2900 τῆς
3549 2834 3673 2884 ἀνο-

2092 2923 2221 2993 μίας
2249 2922 2529 2993 πληροῦσα
2553 2922 2642 2974 τὸν
2674 2922 2859 2984 τόπον,
2894 2920 2990 2972 καὶ
3028 2915 3139 2973 οἷον
3178 2920 3576 2988 άναπιμπλᾶσα
3602 2920 3671 2973 δι’

2089 3013 2289 3082 ἑαυτῆς
2321 3012 2382 3064 τὸ
2434 3012 2772 3082 κεχωρηκὸς,
2800 3011 2942 3082 τάχα
2975 3030 3078 3064 που
3132 3012 3225 3063 καὶ
3266 3011 3670 3083 ὑπερχεομένη,

413 3106 559 3159 enim
580 3105 869 3172 voluptatis
897 3115 1058 3175 atque
1098 3106 1260 3157 etiam
1291 3104 1622 3157 inﬁrmitatis
1646 3113 1731 3157 est
1757 3104 1985 3156 mulier:

2094 3104 2188 3157 καὶ
2227 3103 2303 3174 τῷ
2344 3102 2583 3174 περιττῷ
2624 3103 3014 3157 διακύπτουσα.
3065 3122 3083 3153 ι
3143 3102 3281 3155 Ἀλλ’
3331 3103 3460 3159 ἰδοὺ,
3513 3104 3668 3173 φησὶ,

413 3207 471 3251 et
489 3198 668 3250 omnis
693 3197 949 3265 iniquitas
995 3195 1280 3249 nonaliter
1335 3195 1716 3259 committitur,
1751 3194 1853 3248 nisi
1889 3209 1987 3248 vo-

414 3286 618 3357 luptate
646 3286 930 3362 aliqna_ad
958 3286 1156 3339 malum
1214 3285 1514 3349 iuescante,
1575 3293 1629 3338 et
1674 3283 1991 3338 inﬁrmitate

415 3381 617 3435 mentis
667 3381 730 3433 ad
787 3381 885 3432 hoc
942 3377 1334 3432 consentiente.
1400 3376 1532 3429 Nam
1560 3375 1603 3429 si
1675 3376 1898 3429 mensin
1933 3389 1991 3429 se

417 3473 573 3526 ﬁrma
615 3482 669 3526 ct
702 3471 873 3523 virilis
925 3469 1106 3533 fuerit,
1153 3483 1425 3535 nunquam
1477 3482 1536 3522 se
1571 3466 1635 3521 ad
1676 3467 1866 3519 vitium
1896 3467 1991 3520 de-

414 3564 558 3621 ﬂecti
606 3565 862 3631 patietur.
901 3563 957 3615 Si
1012 3571 1193 3614 autem
1244 3560 1484 3614 emollita
1522 3569 1576 3612 et
1606 3560 1881 3613 incantata
1921 3558 1990 3612 ad

414 3656 772 3724 voluptatem,
820 3653 1123 3708 molestiam
1157 3652 1403 3707 .seutiet.
1456 3649 1708 3720 Pingitur
1754 3664 1906 3717 ergo,
1937 3657 1993 3703 et

416 3756 780 3817 congruenter
809 3745 984 3809 valde,
1015 3743 1193 3811 specie
1217 3743 1461 3796 mulieris
1487 3742 1767 3810 iniquitas.
1804 3741 1990 3794 Plum-

417 3842 468 3894 bi
504 3850 680 3893 autem
738 3838 998 3891 talentum
1046 3837 1313 3890 elevatum
1371 3846 1425 3889 et
1455 3835 1713 3888 obturans
1750 3850 1812 3888 os
1852 3835 1989 3903 ejus,

417 3929 550 3983 nihil
583 3928 751 3992 aliud,
801 3927 1015 3995 opinor,
1069 3925 1522 3995 potesliulelligi,
1577 3935 1775 3994 praeter
1810 3925 1994 3979 Domi-

419 4036 544 4075 num
574 4031 819 4073 nostrum
842 4015 1024 4072 Jesum
1052 4015 1349 4077 Christum.
1377 4014 1467 4084 qui
1501 4029 1597 4083 per
1630 4029 1847 4068 erucem
1868 4028 1992 4079 pre-

421 4113 622 4166 tiosam
680 4110 973 4171 exaltatus,
1009 4118 1065 4163 et
1099 4107 1413 4174 iniquitates
1445 4118 1660 4160 nostras
1694 4105 1913 4158 sustulit
1936 4105 1990 4158 in

416 4220 616 4274 corpus
639 4219 793 4256 suum
808 4217 969 4270 super
998 4201 1201 4265 lignum
1233 4198 1302 4263 “,
1328 4208 1382 4253 et
1406 4197 1829 4267 chimgraphum
1858 4212 1993 4251 cou-

414 4306 499 4351 tra
532 4310 629 4349 nos
666 4293 1015 4362 triumphavit
1041 4293 1107 4357 ⁸⁷,
1136 4302 1216 4355 ut,
1246 4293 1383 4345 sicut
1420 4292 1494 4343 ait
1522 4291 1735 4345 divinus
1763 4284 1989 4343 cantor:

420 4409 439 4440 ι
473 4387 662 4441 Omnis
721 4385 976 4453 iniquitas
1025 4385 1225 4453 oppilct
1272 4397 1334 4437 os
1378 4398 1532 4437 suum
1584 4379 1651 4434 ⁸⁸.
1698 4398 1719 4432 ι
1766 4379 1992 4434 Pluutbo

2091 3198 2351 3250 τάλαντον
2384 3194 2633 3265 μολίϐδου
2656 3194 3024 3266 ἐξαιρόμενον,
3060 3196 3154 3246 καί
3185 3193 3410 3265 ἔρριψεν
3436 3193 3567 3246 αὐτὸ
3593 3195 3673 3256 εἰς

2090 3289 2150 3342 τὸ
2172 3288 2347 3359 στόμα
2373 3288 2564 3357 αὐτῆς.
2597 3306 2616 3339 ι
2641 3288 2846 3359 Γράφει
2873 3287 2929 3340 δέ
2952 3290 3083 3357 ἡμῖν
3110 3287 3206 3358 τὴν
3226 3288 3456 3358 ἀνομίαν
3477 3289 3510 3352 ἡ
3537 3287 3670 3359 ὅρα-

2093 3398 2177 3446 σις
2205 3383 2282 3445 είς
2314 3381 2376 3434 τὸ
2404 3381 2497 3434 τοῦ
2523 3381 2746 3450 γυναίου
2788 3381 2969 3450 σχῆμα
2993 3398 3006 3412 υ
3055 3383 3223 3446 τύπος
3257 3381 3367 3451 γὰρ
3404 3379 3602 3451 ἡδονῆς
3634 3381 3669 3450 ἡ

2091 3475 2248 3547 γυνὴ,
2299 3475 2395 3529 καὶ
2447 3475 2631 3546 μέντοι
2672 3474 2769 3527 καὶ
2825 3472 3143 3535 ἀσθενείας·
3192 3473 3392 3542 ἀνομία
3421 3471 3477 3524 δὲ
3520 3472 3670 3523 πᾶσα

2090 3564 2264 3636 δρῷτο
2288 3564 2353 3618 ἂν
2378 3564 2478 3633 ούχ
2518 3564 2742 3635 ἑτέρως,
2779 3562 2919 3634 πλὴν
2950 3562 3031 3615 ὅτι
3070 3561 3159 3615 διά
3188 3578 3330 3624 τινος
3363 3560 3555 3630 ἡδονῆς
3581 3560 3669 3612 δε-

2091 3657 2391 3727 λεαζούσης
2424 3659 2515 3710 ἐπὶ
2547 3657 2608 3710 τὸ
2638 3655 2861 3725 φαῦλον,
2904 3653 3310 3724 συμϐαινούσης
3335 3653 3475 3724 πρὸς
3494 3652 3671 3724 τούτῳ

2091 3751 2304 3820 καὶτῆς
2329 3751 2407 3813 είς
2450 3749 2572 3802 νοῦν
2602 3747 2903 3809 ἀσθενείας.
2948 3748 3009 3798 Εἰ
3047 3745 3144 3815 μὲν
3169 3744 3278 3816 γὰρ
3303 3744 3386 3812 εἴη
3421 3742 3671 3813 βεϐηκὼς

2091 3840 2175 3908 ἐφ’
2203 3839 2401 3910 ἐαυτῷ,
2428 3839 2523 3892 καὶ
2549 3838 2791 3909 ἀνδρεῖος
2817 3839 2845 3889 6
2877 3834 3024 3898 νοῦς,
3045 3835 3143 3887 οὐκ
3175 3834 3240 3888 ἂν
3271 3833 3445 3887 ἕλοιτο
3475 3833 3673 3886 παθεῖν

2089 3931 2188 4002 τὴν
2225 3932 2305 3993 είς
2336 3930 2397 3981 τὸ
2440 3928 2642 3997 φαῦλον
2683 3928 2874 3999 ῥοπήν.
2911 3926 2975 3978 Ei.
3015 3925 3070 3977 δὲ
3100 3924 3164 3994 δὴ
3212 3922 3576 3994 μαλακισθείη
3608 3939 3669 3976 τε

2092 4023 2185 4075 xal
2238 4018 2561 4090 γοητευθείη
2597 4018 2732 4089 πρὸς
2768 4014 2979 4087 ἡδονὴν,
3036 4012 3282 4066 πείσεται
3329 4012 3391 4065 τὸ
3440 4009 3666 4063 λυποῦν.

2090 4112 2365 4179 Γράφεται
2394 4110 2457 4180 δὴ
2485 4106 2598 4171 οὖν,
2631 4109 2725 4161 καὶ
2752 4107 2895 4177 μάλα
2917 4105 3113 4177 ὀρθῶς,
3144 4105 3224 4168 εἰς
3247 4103 3478 4172 ἀνομίαν
3505 4103 3536 4172 ἠ
3572 4118 3670 4170 γυο

2091 4200 2180 4269 νή.
2212 4198 2478 4253 Μολίϐδου
2534 4198 2591 4251 δὲ
2616 4198 2879 4251 τάλαντον
2921 4195 2981 4248 τὸ
3005 4193 3377 4267 ἐξαιρόμενον,
3416 4193 3512 4245 καὶ
3562 4191 3668 4262 μὴν

2093 4292 2184 4345 καὶ
2212 4291 2521 4362 ἐμφράττον
2549 4290 2606 4342 τὸ
2635 4289 2808 4358 στόμα
2831 4289 3018 4356 αὐτῆς,
3056 4287 3272 4358 νοηθείη
3312 4285 3378 4338 ἂν
3416 4284 3512 4354 ούχ
3550 4284 3669 4337 ἓτε-

2095 4400 2208 4455 ρον.
2237 4378 2411 4453 οἶμαι,
2448 4380 2600 4452 παρά
2622 4382 2713 4433 τὸν
2743 4379 2946 4450 Κύριον
2973 4381 3005 4448 ἡ
3016 4376 3131 4448 μῶν
3175 4376 3379 4447 Ἰησοῦν
3408 4375 3664 4446 Χριστὸν,

416 4490 591 4536 autem
648 4488 701 4532 et
757 4480 870 4548 ipse
924 4486 1273 4544 comparatur
1316 4494 1328 4528 :
1369 4474 1665 4528 assumitur
1716 4473 1881 4529 enim.
1928 4480 1988 4524 ut

2093 4473 2149 4536 ὃς
2179 4473 2367 4544 ὑψώθη
2396 4473 2485 4526 διὰ
2528 4472 2620 4525 τοῦ
2649 4473 2832 4540 τιμίου
2869 4468 3123 4541 σταυροῦ,
3161 4467 3251 4520 καὶ
3293 4466 3392 4529 τάς
3437 4466 3667 4535 ἀνομίας

415 4574 547 4636 dixi,
587 4572 860 4641 plumbum
889 4570 955 4622 ab
994 4569 1319 4635 argentariis
1349 4567 1647 4619 artiﬁcibus
1682 4565 1749 4616 ad
1796 4578 1988 4632 purga—

418 4662 618 4713 tionem
650 4676 836 4713 eorum
873 4674 992 4727 qua:
1049 4657 1377 4712 conﬂantur.
1423 4655 1569 4708 Talis
1591 4652 1990 4720 quodammodo

416 4752 589 4803 virtus
640 4751 841 4805 ClitiSti
896 4751 949 4803 in
979 4750 1154 4802 nobis.
1189 4750 1245 4805 Si
1288 4749 1432 4800 enim
1481 4746 1532 4799 in
1558 4754 1788 4798 mentem
1823 4753 1991 4798 etcor

415 4844 643 4902 venerit,
700 4854 891 4893 Omnes
928 4839 1116 4893 sordes
1163 4851 1385 4906 prorsus
1442 4834 1991 4902 abstergiLCcuseut

414 4932 657 5004 quidam,
695 4932 1000 5001 projectum
1054 4944 1175 4983 esse
1215 4927 1488 4996 plumbum
1515 4928 1567 4980 in
1612 4940 1674 4980 os
1725 4924 1989 4995 iniquita-

417 5026 810 5094 tis,velutDco
851 5022 982 5076 illud
1026 5023 1337 5084 obturante,
1396 5028 1451 5074 et
1504 5019 1791 5073 immodice
1845 5018 1984 5071 ultra

414 5128 728 5189 peccatores
781 5128 1041 5169 accusare
1082 5127 1186 5165 non
1248 5112 1618 5179 permittente.
1686 5108 1892 5162 ideirco
1933 5115 1989 5162 et

413 5211 565 5279 quasi
591 5209 713 5263 l‘tme
748 5203 1232 5269 circumscribitur,
1256 5201 1495 5255 omnium
1533 5200 1851 5255 miseratore
1880 5199 1987 5254 Deo

416 5302 841 5371 uniuscujusque
877 5311 1091 5368 pernam
1140 5293 1439 5350 sceleribus
1487 5293 1838 5362 proportione
1899 5307 1987 5348 re-

415 5395 767 5455 spondentem
803 5389 1115 5445 delittiente.

2092 4565 2248 4635 ἡμῶν
2270 4567 2568 4635 ἀνήνεγκεν
2608 4566 2662 4616 ἐν
2702 4562 2779 4633 τῷ
2811 4562 3021 4632 σώματι
3062 4559 3225 4612 αὐτοῦ
3269 4561 3361 4613 ἐπὶ
3390 4559 3450 4612 τὸ
3488 4558 3665 4625 ξύλον,

2091 4655 2489 4725 τεθριάμϐευκέ
2533 4672 2592 4708 τε
2636 4655 2697 4707 τὸ
2738 4653 2859 4706 καθ’
2909 4651 3064 4722 ἡμῶν
3110 4653 3491 4723 χειρόγραφον.
3524 4651 3662 4713 Ἵνα,

2091 4744 2235 4798 καθά
2274 4762 2438 4814 φησιν
2484 4747 2512 4797 ό
2553 4744 2840 4806 θεσπέσιος
2888 4741 3172 4813 Μελῳδὸς,
3205 4761 3223 4793 ι
3268 4742 3425 4796 Πᾶσα
3467 4740 3667 4810 ἀνομία

2091 4841 2344 4913 ἐμφράξῃ
2378 4840 2439 4892 τὸ
2467 4831 2641 4910 στόμα
2691 4838 2878 4907 αὐτῆς.
2924 4855 2942 4887 ι
2981 4836 3231 4906 Μολίϐδῳ
3271 4837 3328 4889 δὲ
3371 4835 3464 4888 καὶ
3506 4833 3668 4897 αὐτὸς

2092 4931 2516 5004 παρεικάζεται·
2557 4928 3046 5000 παραλαμϐάνεται
3077 4928 3157 4992 δέ,
3186 4927 3260 4989 ὡς
3283 4926 3440 4996 ἔφην,
3464 4928 3493 4979 6
3519 4926 3667 4997 μόλι-

2092 5024 2215 5088 ϐδος
2248 5024 2398 5094 παρὰ
2414 5024 2522 5077 τῶν
2543 5025 2901 5095 ἀργυροχοεῖν
2923 5021 3210 5085 εἰωθότων,
3241 5022 3322 5086 είς
3350 5018 3669 5091 ἀποκάθαρ-

2097 5133 2181 5169 σιν
2207 5115 2315 5168 τῶν
2353 5116 2757 5187 χωνευομένων.
2790 5113 3025 5185 Τοιαύτη
3061 5113 3117 5167 δέ
3156 5132 3272 5179 πως
3304 5113 3397 5167 τοῦ
3430 5110 3666 5183 Χριστοῦ

2095 5206 2127 5275 ἠ
2155 5172 2385 5275 δύναμιὲ
2410 5206 2467 5256 ἐν
2498 5172 2647 5275 ἡμῖν.
2685 5205 2747 5256 Εἰ
2773 5201 2882 5274 γὰρ
2910 5205 2990 5267 είς
3014 5172 3142 5257 νοῦν
3171 5172 3377 5268 γένοιτο
3409 5172 3502 5254 καί
3533 5172 3688 5270 καρ-ί

2092 5295 2229 5358 δίαν,
2254 5296 2429 5349 πάντα
2450 5295 2512 5364 δὴ
2547 5298 2762 5357 πάντως
2796 5297 3014 5366 ἐκτήκει
3042 5297 3228 5367 ῥύπον.
3259 5296 3415 5346 Δοκεῖ
3440 5292 3498 5345 δέ
3525 5310 3667 5347 τισιν

2091 5388 2347 5459 ἐρρῖφθαι
2393 5389 2485 5442 τὸν
2535 5388 2780 5460 μόλιϐδον
2825 5390 2904 5451 εἰς
2935 5389 2994 5441 τὸ
3036 5388 3136 5457 τῆς
3186 5386 3414 5457 ἀνομίας
3467 5386 3665 5455 στόμα,

412 5475 524 5536 οόν
553 5483 959 5552 ἐμφράττοντος
992 5480 1122 5536 αὐτὸ
1153 5477 1247 5533 τοῦ
1279 5475 1437 5540 Θεοῦ,
1472 5476 1568 5530 καὶ
1612 5475 1757 5547 πέρα
1822 5476 2024 5548 μέτρου
2062 5482 2331 5552 καταϐοᾷν
2397 5482 2505 5535 τῶν
2534 5482 2931 5553 ἡμαρτηκότων
2966 5481 3066 5534 οὐκ
3090 5466 3331 5548 ὲῷιέντος
3356 5478 3453 5531 ἔτι.
3482 5477 3667 5549 Ταύτῃ

414 5573 522 5644 γὰρ
552 5573 614 5642 δή
674 5590 757 5625 τοι
798 5573 893 5626 καὶ
953 5573 1134 5644 μέτρῳ
1193 5569 1675 5641 περισχοινίζεται,
1731 5571 2280 5641 συναναμετροῦντος,
2324 5567 2477 5639 οἶμαί
2552 5590 2678 5635 που,
2732 5570 2825 5624 τοῦ
2871 5572 3076 5632 πάντας
3125 5567 3479 5638 οίκτείροντος
3526 5566 3664 5622 Θεοῦ

413 5666 528 5727 τοϊς
578 5662 684 5715 τῶν
737 5664 1093 5731 πταισμάτων
1151 5662 1462 5733 ἐγκλήμασι
1498 5659 1599 5722 τὰς
1640 5660 1725 5729 ἐφ’
1773 5659 1987 5730 ἑκάστῳ
2022 5662 2194 5724 δίκας.

485 5772 530 5807 ⁶⁸
575 5776 763 5831 Matth.
809 5789 961 5839 xxttt,
1002 5775 1089 5832 '52.

1206 5778 1298 5833 “I
1341 5777 1482 5831 Petr.
1526 5792 1584 5841 ll,
1624 5776 1712 5831 2i.
1791 5776 1832 5808 ⁸⁷
1871 5775 2078 5832 Coloss.
2128 5794 2184 5837 tl,
2236 5779 2313 5831 lt.

2398 5780 2439 5808 ⁵⁸
2482 5778 2616 5833 i‘sul.
2660 5793 2769 5839 CVI,
2805 5775 2892 5829 43.
