4092 6202
311 320 384 379 85

312 530 446 584 ιὸοὺ
490 528 597 582 δύο
646 525 927 597 γυναῖκες
975 528 1458 598 ἐκπορευόμεναι,
1514 528 1612 583 καὶ
1662 528 1900 596 πνεῦμα

309 620 384 672 ἐν
415 618 542 682 ταῖς
569 615 858 685 πτέρυξιν
887 616 1103 682 αὐτῶν,
1146 618 1245 671 καὶ
1284 614 1461 674 αὗται
1491 615 1661 689 εἶχον
1693 617 1900 686 πτέρυ-

312 727 424 780 γας
450 709 699 772 ἔποπος,
748 707 848 762 καί
889 707 1188 762 ἀνέλαϐον
1230 709 1298 764 τὸ
1323 709 1548 777 μέτρον
1591 709 1900 779 ἀναμέσον

313 800 425 868 τῆς
452 800 586 870 γῆς,
637 801 738 854 καὶ
773 800 1084 869 ἀναμέσον
1116 800 1225 854 τοῦ
1266 804 1548 870 οὐρανοῦ.
1602 802 1712 858 Kal
1760 800 1900 861 εἶπα

313 891 464 958 πρὸς
502 892 614 942 τὸν
649 891 926 959 ἄγγελον,
968 891 1074 943 τὸν
1120 892 1432 945 ,λαλοῦντα
1469 893 1541 945 ἐν
1567 893 1699 961 ἐμοί
1721 912 1735 926 ⁸
1773 894 1898 949 Ποῦ

310 978 484 1037 αὗται
512 981 885 1050 ἀποφέρουσι
916 981 981 1033 τὸ
1014 980 1276 1050 μέτρον;
1303 982 1410 1036 Kal
1441 979 1571 1036 εἷπε
1605 985 1754 1051 πρός
1785 1003 1862 1054 με
1882 1001 1895 1014 '

316 1072 717 1143 Οἰκοδομῆσαι
755 1072 915 1138 αὐτῷ
950 1076 1150 1128 οὶκίαν
1188 1075 1258 1126 ἐν
1286 1074 1362 1144 γῇ
1390 1076 1766 1142 Βαϐυλῶνος,
1801 1078 1899 1132 καὶ

311 1164 643 1233 ἑτοιμάσαι,
674 1163 768 1216 καὶ
798 1163 1098 1229 θήσουσιν
1135 1164 1280 1218 αὐτὸ
1318 1165 1448 1218 ἐκεῖ
1478 1165 1574 1218 ἐπὶ
1602 1165 1717 1234 τὴν
1749 1167 1898 1221 ἐτοι-

305 1257 544 1325 μασιάν
574 1254 782 1308 αὐτοῦ.
944 1311 954 1320 ,

381 1346 509 1398 AA’.
553 1344 618 1397 Τί
648 1344 714 1397 ἂν
746 1344 988 1414 βούλοιτο
1032 1344 1223 1416 δηλοῦν
1255 1345 1363 1400 τῶν
1400 1345 1672 1414 γυναικῶν
1703 1349 1736 1419 ἡ
1777 1346 1900 1414 ξυν-

311 1437 470 1508 ωρὶς,
517 1435 727 1507 ἧτίνος
771 1434 837 1488 ἂν
881 1432 990 1488 εἷεν
1027 1439 1106 1500 είς
1159 1437 1350 1502 τύπον,
1404 1439 1702 1508 ἀναγκαῖον
1744 1435 1898 1508 οἶμαι

313 1545 418 1580 που
451 1530 541 1580 καὶ
570 1527 674 1598 πρό
703 1543 766 1594 γε
790 1526 897 1578 τῶν
920 1526 1095 1580 ἄλλων
1119 1530 1312 1584 είπεῖν.
1342 1530 1484 1599 Ἔφη
1511 1530 1688 1582 τοίνυν
1718 1532 1746 1583 ὁ
1767 1530 1898 1593 Θεὸς

311 1619 390 1689 τῷ
423 1621 679 1690 προφήτῃ
721 1617 982 1688 Ἱεζεχιήλ
1005 1635 1018 1648 ·
1051 1637 1070 1670 ι
1102 1618 1196 1671 Υἱὲ
1241 1619 1550 1690 ἀνθρώπου,
1595 1621 1688 1675 δύο
1715 1627 1900 1689 γυναί-

312 1729 410 1776 κες
447 1707 610 1784 ἦσαν,
661 1710 962 1782 θυγατέρες
996 1712 1201 1783 μητρὸς
1252 1714 1400 1783 μιᾶς,
1445 1713 1540 1766 καὶ
1592 1714 1900 1784 ὲξεπόρνευ-

1142 320 1700 378 COMMENTARIUS
1740 321 1806 376 IN
1849 322 2249 382 ZACIIARIAM
2290 326 2733 385 PBOPHETAM.
2788 395 2797 403 .

382 437 494 492 Kal
536 427 654 507 ἤρα
695 431 840 502 τοὺς
877 433 1224 505 ὀφθαλμούς
1254 454 1398 506 μου.
1440 436 1540 492 καί
1595 436 1746 500 ἴδον,
1800 436 1900 492 καί

2078 442 2244 507 Vsus,
2269 443 2326 509 9,
2368 443 2452 498 10.
2482 443 2548 498 Et
2581 444 2745 498 levavi
2775 443 2951 498 oculos
2983 463 3143 511 utros,
3171 458 3220 502 et
3245 452 3371 515 ridi,
3404 464 3450 506 et
3473 472 3588 510 eccs

2012 536 2132 589 dua:
2162 536 2407 591 mulieres
2440 538 2850 606 egredientes,et
2885 537 3108 606 spiritus
3136 539 3190 593 in
3216 539 3586 610 alisipsarttm,

2008 635 2058 680 et
2088 627 2217 694 ipsa
2254 627 2511 681 habebant
2548 627 2664 681 alas
2695 641 2903 696 upupa,
2931 634 2980 680 et
3009 627 3336 683 elevaverunt
3377 647 3585 686 mensu-

2011 736 2124 773 ram
2151 721 2291 789 inter
2335 728 2528 774 terram
2565 729 2613 774 et
2675 719 2880 775 calum.
2932 719 3001 775 Et
3045 721 3161 774 dixi
3199 721 3268 774 ad
3315 724 3586 791 angelum,

2008 812 2488 881 quiloquebaturiu
2524 829 2604 865 me
2633 828 2651 866 :
2675 811 2795 877 Quo
2825 814 2940 867 ista:
2971 813 3211 878 deferunt
3239 830 3537 868 mensuram
3563 817 3588 869 .’

2012 903 2080 958 Et
2106 906 2243 957 dixit
2272 905 2342 958 ad
2383 920 2462 959 me
2487 921 2505 958 :
2543 903 2611 958 Ut
2647 904 2904 972 aediﬁcent
2929 906 2974 958 ei
2996 907 3205 958 domum
3229 905 3280 958 in
3308 916 3448 958 terra
3480 905 3584 960 Ba-

2009 995 2234 1065 bylonis,
2266 1005 2315 1049 et
2333 1005 2648 1065 praparent,
2679 1004 2728 1050 et
2762 1007 2957 1065 ponant
2985 996 3136 1050 illam
3175 997 3245 1049 ibi
3264 1012 3423 1066 super
3447 1013 3583 1063 prc-

2006 1089 2330 1157 paratiouem
2347 1104 2519 1142 suam.

2089 1267 2100 1307 l

2079 1350 2271 1406 XXXI.
2301 1353 2438 1419 Quid
2490 1367 2587 1420 par
2637 1354 2926 1408 mulierum
2978 1354 3200 1420 indicet,
3237 1363 3293 1409 et
3313 1353 3472 1423 cuius
3503 1354 3584 1410 rei

2009 1454 2190 1516 typum
2243 1456 2415 1514 gerat,
2471 1454 2595 1499 ante
2627 1447 2806 1500 omnia
2829 1446 3205 1512 exponendum
3243 1461 3457 1501 censeo.
3493 1447 3584 1502 Ait

2007 1536 2190 1605 itaque
2256 1536 2395 1590 Deus
2445 1538 2717 1605 prophetae
2767 1537 3034 1591 Ezechieli
3072 1554 3085 1590 :
3118 1554 3137 1588 ι
3178 1537 3276 1592 Fili
3325 1538 3580 1601 hominis.

2011 1628 2128 1682 diue
2162 1627 2414 1682 mulieres
2442 1638 2619 1693 erant,
2652 1627 2774 1683 filia:
2801 1629 2990 1682 matris
3019 1628 3202 1694 unius,
3225 1637 3278 1684 et
3307 1629 3582 1685 fornicata:

2007 1729 2134 1773 sunt
2157 1720 2207 1773 in
2240 1718 2501 1789 Egypto,
2525 1720 2578 1774 in
2602 1720 2965 1776 adolescentia
2997 1736 3093 1775 sua
3119 1721 3400 1776 fornicata!
3431 1733 3578 1786 sunt,

315 1821 415 1858 σαν
439 1805 496 1857 ἐν
519 1807 586 1874 τῇ
613 1804 898 1875 Αἰγύπτῳ,
929 1805 988 1856 ἐν
1012 1806 1077 1874 τῇ
1104 1804 1314 1875 νεότητι
1339 1805 1519 1858 αὐτῶν
1542 1807 1900 1876 ἐπόρνευσαν,

2008 1810 2115 1864 illic
2165 1812 2479 1866 ceciderunt.
2535 1815 2699 1866 ubera
2746 1828 2933 1866 earum
2985 1814 3052 1867 ⁸⁸.
3098 1831 3118 1864 ι
3151 1813 3317 1867 Addit
3365 1813 3471 1875 bis,
3512 1815 3580 1867 il-

312 1900 432 1952 ἐκεῖ
459 1897 656 1951 ἔπεσον
691 1899 739 1949 oi
794 1896 992 1966 μαστοὶ
1028 1895 1227 1950 αὐτῶν.
1268 1914 1286 1948 ι
1324 1897 1641 1968 Προσετίθει
1672 1897 1731 1951 δὲ
1775 1897 1902 1951 τού-

309 2008 445 2053 τοις,
502 1990 838 2060 σαφέστερον
891 1988 1152 2052 καθιστὰς
1202 1989 1263 2042 τὸ
1308 1989 1718 2062 διηγγελμένον,
1753 2011 1772 2044 ι
1810 1993 1904 2046 καὶ

309 2084 379 2136 τα
409 2082 653 2152 ὀνόματα
691 2082 895 2147 αὐτῶν,
926 2081 1214 2152 Σαμάρεια
1246 2081 1278 2152 ἢ
1307 2083 1470 2144 om,
1500 2083 1593 2136 καὶ
1631 2083 1901 2155 Ἱερουσα·

310 2172 423 2242 λὴμ
439 2174 470 2245 ἦ
489 2173 708 2228 Οολιδά.
723 2192 743 2226 ι
770 2173 883 2228 Μία
913 2175 1010 2244 μὲν
1029 2174 1137 2245 γὰρ
1157 2170 1226 2246 ἦν
1245 2173 1351 2246 [ἐν]
1370 2175 1562 2246 ἀρχαῖς
1579 2177 1612 2246 ἡ
1637 2176 1746 2229 τῶν
1776 2177 1904 2230 Ἰου-

309 2266 477 2319 δαίων
520 2267 828 2337 συναγωγή.
890 2266 1046 2320 Κατά
1086 2266 1144 2319 δέ
1197 2283 1260 2335 γε
1295 2267 1384 2320 τὸν
1429 2268 1619 2337 καιρὸν
1661 2268 1759 2338 τῆς
1807 2268 1902 2321 τοῦ

324 2357 563 2428 Ῥοὸοάμ
590 2358 887 2428 βασιλείας,
915 2359 1316 2431 ἀπορραγεῖσαι
1347 2359 1456 2412 τῶν
1488 2361 1664 2415 ἄλλων
1693 2363 1748 2414 αί
1769 2361 1902 2416 δέκα

313 2451 500 2519 φυλαὶ,
540 2452 901 2522 κατῳκήκασι
948 2451 1284 2522 Σαμάρειαν,
1327 2453 1420 2506 καὶ
1466 2452 1903 2523 πεπορνεύκασιν

311 2544 407 2596 ἐπὶ
439 2545 559 2608 ταῖς
609 2543 874 2614 δαμάλεσι
918 2547 1039 2608 ταῖς
1089 2547 1343 2615 χρυσαῖς,
1387 2543 1452 2608 ἃς
1503 2545 1904 2598 κατεσκεύασεν

324 2633 607 2706 Ἱεροϐοάμ
645 2635 759 2699 υίὸς
811 2634 1023 2688 Ναόάτ.
1074 2634 1222 2705 Πλὴν
1275 2635 1375 2688 οὐκ
1426 2635 1531 2699 ἔξω
1576 2635 1674 2705 τῆς
1723 2635 1903 2699 αἰτίας

312 2725 508 2794 γέγονε
581 2765 596 2780 .
669 2764 685 2780 .
762 2767 779 2783 .
855 2765 873 2783 .
952 2765 967 2780 .
1046 2765 1062 2780 .
1142 2767 1156 2783 .
1235 2765 1251 2781 .
1348 2726 1646 2790 τουτέστιν,
1705 2725 1904 2796 Ἰερου-

315 2816 521 2888 σαλήμε
555 2817 967 2889 ὲκπεπόρνευκε
1021 2817 1130 2888 γὰρ
1178 2817 1274 2869 καὶ
1316 2815 1457 2886 αὕτη
1503 2816 1646 2870 κατὰ
1676 2817 1903 2882 πολλοὺς

314 2910 567 2980 τρόπους,
597 2910 752 2963 τοῦτο
779 2911 878 2978 μὲν
903 2908 1141 2972 εἰδώλοις
1167 2909 1696 2979 προσκεκυνηκότων
1717 2910 1899 2976 τινῶν,

315 3002 409 3055 καὶ
448 3002 684 3055 θυόντων
727 3004 792 3072 τῇ
830 3001 994 3063 Βαὰλ,
1050 3004 1114 3072 τῇ
1165 3001 1457 3071 Ἀστάρτη,
1509 3004 1622 3064 τοῖς
1667 3000 1900 3070 βουνοῖς,

313 3092 470 3163 ἡλίῳ,
512 3094 712 3164 σελήνῃ
772 3092 867 3146 καὶ
904 3094 1124 3163 ἄστροις
1159 3092 1406 3162 ἑτέροις·
1448 3091 1612 3144 τοῦτο
1661 3091 1718 3144 δὲ
1765 3092 1901 3163 πρὸς

314 3187 494 3240 πᾶσαν
539 3184 775 3254 ἑτοίμως
809 3185 999 3238 ἰόντων
1041 3184 1406 3255 ἀκαθαρσίαν,
1443 3184 1539 3238 καὶ
1588 3187 1718 3256 παρ’
1747 3185 1900 3239 οὐδὲν

308 3274 381 3327 τὰ
417 3276 506 3330 διὰ
535 3275 629 3328 τοῦ
671 3277 947 3346 πανσόφου
979 3276 1221 3340 Μωσέως
1255 3276 1698 3348 τεθεσπισμένων
1727 3278 1903 3331 τιθέν-

309 3386 440 3424 των.
473 3370 583 3433 Τὰς
610 3369 705 3422 δύο
725 3369 790 3438 δὴ
822 3365 914 3424 οὖν
943 3369 1051 3422 τῶν
1079 3369 1136 3435 ὲξ
1180 3367 1396 3440 Ἰσραὴλ
1423 3369 1748 3436 συναγωγὰς
1777 3370 1900 3424 δυσὶ

312 3461 559 3529 γυναιξὶν
590 3461 848 3530 ἀφομοιοῖ
880 3457 1111 3528 πάλιν.ή
1149 3458 1362 3530 ὅρασις,
1403 3455 1469 3520 ἃς
1499 3457 1593 3510 καὶ
1625 3455 1900 3525 πτέρυγας

310 3551 515 3614 ἔποπος
541 3550 834 3621 ἐσχηκέναι
861 3551 1047 3620 φησὶν,
1079 3549 1166 3601 ἵνα
1191 3550 1290 3620 τὴν
1318 3548 1541 3602 ἐνοῦσαν
1563 3549 1745 3611 αὐτοῖς
1772 3547 1905 3601 ἀκά-

314 3643 512 3716 θαρτον
549 3642 776 3714 γνώμην
827 3643 922 3696 καὶ
965 3642 1026 3695 τὸ
1055 3642 1192 3714 πρὸς
1241 3643 1348 3695 πᾶν
1380 3640 1558 3694 ὁτιοῦν
1604 3641 1713 3693 τῶν
1752 3641 1904 3694 ἐκτό-

312 3753 434 3789 πων
478 3735 704 3798 εὐπετὲς
755 3729 813 3788 εὖ
854 3733 998 3805 μάλα
1049 3734 1509 3803 κατασημήνειεν.
1546 3731 1604 3784 Ὀ
1651 3731 1751 3801 μὲν
1793 3732 1902 3800 γὰρ

315 3826 458 3897 ἔποψ
507 3827 788 3899 στρουθίον
825 3829 971 3878 ἐστὶν
1005 3826 1102 3878 οὐκ
1151 3826 1386 3894 ἄσημον,
1423 3822 1809 3894 φιλοϐόρεῖορον
1843 3824 1901 3877 δὲ

314 3921 408 3975 καὶ
436 3919 790 3991 κοπροϐόρον,
825 3920 918 3971 καὶ
945 3921 1065 3981 ταῖς
1104 3908 1403 3987 σκωλήκων
1437 3917 1663 3985 ἀγέλαις
1693 3917 1901 3987 ἀγρίως

315 4011 759 4082 ἑπιμαινόμενον,
790 4009 886 4063 καὶ
911 4008 1116 4080 τροφὴν
1146 4009 1234 4061 ἀεὶ
1261 4007 1529 4060 ποιεῖσθαι
1555 4008 1903 4078 κατειθισμέ-

316 4117 406 4155 νον
433 4103 532 4172 τὴν
575 4100 813 4169 ἐσχάτην
859 4098 1224 4168 ἀκαθαρσίαν.
1254 4097 1505 4160 Τοιοῦτος
1557 4098 1613 4152 δέ
1645 4115 1761 4161 πως
1810 4100 1903 4152 καὶ

316 4196 428 4258 τοῖς
458 4189 938 4261 είδωλολατροῦσιν
963 4189 1156 4243 ὕπεστι
1199 4189 1341 4253 νοῦς.
1376 4189 1493 4244 Οὐκ
1518 4190 1737 4261 ἔρχεται
1769 4207 1902 4243 κατι

317 4287 446 4341 seei;
477 4285 572 4338 τοῦ
622 4285 925 4354 πρέποντος
947 4299 960 4313 ·
1011 4283 1126 4335 ἀλλ’
1157 4281 1262 4346 ἔξω
1294 4281 1520 4352 φέρεται
1550 4282 1644 4334 τοῦ
1673 4282 1899 4348 εἰκότος,

318 4380 408 4433 τὸν
438 4379 579 4432 θεῖον
621 4378 724 4430 οὐκ
763 4371 870 4428 οἶδε
903 4375 1088 4444 νόμον.
1122 4375 1278 4427 Ἔστι
1317 4373 1372 4426 δὲ
1414 4373 1631 4444 ἀπάσης
1659 4373 1902 4444 ἀκαθαρ-

2004 1903 2242 1957 lustrans
2269 1903 2436 1974 699
2466 1905 2606 1972 quod
2639 1904 2939 1968 nuntiabat,
2977 1922 2997 1955 ι
3039 1914 3094 1958 et
3129 1907 3343 1958 nomina
3368 1919 3577 1971 earum,

2007 1993 2276 2060 Samaria,
2309 1998 2422 2049 sive
2462 1995 2615 2062 Oola,
2659 2004 2713 2049 et
2732 1993 3051 2056 Jerusalem,
3079 1995 3194 2048 sive
3217 1992 3410 2049 Ooliha
3443 1994 3514 2049 '°.
3550 2013 3570 2047 ι

2004 2086 2275 2156 Principio
2325 2088 2468 2141 enim
2502 2101 2605 2139 una
2667 2085 2766 2140 fuit
2816 2086 3124 2140 Judmorum
3149 2100 3440 2155 synagoga.
3479 2087 3581 2141 Re-

2003 2187 2204 2247 gnante
2224 2187 2403 2232 autem
2433 2177 2692 2241 Roboam,
2723 2177 2966 2246 abruptae
2996 2179 3063 2232 ab
3108 2178 3230 2232 aliis
3249 2179 3441 2232 decem
3483 2178 3582 2231 tri-

2004 2270 2126 2331 hus,
2163 2269 2473 2323 habitarunt
2508 2267 2834 2331 Samariam,
2868 2277 2922 2322 et
2956 2266 3234 2324 fornicatzn
3252 2281 3380 2324 sunt
3418 2271 3472 2323 in
3502 2271 3581 2323 vi-

2005 2362 2132 2415 tulis
2149 2360 2350 2425 aureis,
2379 2375 2515 2430 quos
2537 2359 2665 2414 fecit
2689 2358 2976 2415 Jeroboam
3006 2361 3150 2416 (ilius
3168 2361 3339 2415 Nabal
3366 2362 3433 2416 ⁷⁸.
3465 2361 3584 2415 Ca:-

2007 2465 2178 2510 terum
2245 2470 2348 2509 non
2412 2453 2530 2509 sine
2558 2468 2720 2508 causa
2751 2453 2948 2506 factum
2964 2462 3069 2508 est.
3103 2491 3118 2505 .
3151 2493 3167 2510 .
3199 2493 3214 2508 .
3255 2491 3270 2506 .
3311 2491 3326 2508 .
3367 2491 3381 2506 .
3421 2488 3436 2505 .
3466 2488 3482 2504 .
3515 2491 3528 2504 .
3565 2492 3578 2505 .

2003 2545 2109 2602 hoc
2160 2556 2264 2610 est,
2305 2543 2608 2600 Jerusalem
2642 2564 2657 2599 :
2689 2545 2806 2613 ipsa
2833 2545 2978 2598 enim
3007 2558 3222 2613 quoque
3252 2543 3436 2597 multis
3469 2559 3584 2598 mo-

2003 2635 2089 2692 dis
2117 2636 2382 2692 fornicata
2410 2643 2515 2700 est,
2550 2635 2872 2705 quihusdam
2897 2645 3008 2690 tum
3031 2635 3170 2689 idola
3203 2634 3578 2701 adorantibus,

2003 2738 2058 2783 et
2078 2727 2512 2783 sacrificantibus
2536 2725 2687 2794 Baal,
2727 2727 2980 2792 Astartte,
3005 2725 3258 2789 collibus,
3296 2725 3431 2787 Soli,
3468 2725 3578 2778 Lu-

2005 2835 2110 2886 na‘,
2160 2821 2432 2874 sideribus
2479 2819 2702 2887 reliquis
2733 2834 2748 2871 :
2780 2828 2888 2873 tum
2941 2819 3008 2873 ad
3044 2831 3260 2874 omnem
3293 2817 3580 2873 immundi-

2007 2913 2133 2964 tiam
2166 2911 2361 2979 cupide
2409 2911 2756 2975 abeuntihus,
2790 2919 2847 2964 et
2873 2909 3052 2963 divina
3079 2909 3330 2962 mandata
3361 2910 3580 2978 sapien-

2005 3004 2198 3058 tissimi
2232 3003 2396 3057 Mosis
2436 3017 2534 3056 nec
2563 3001 2656 3055 hili
2685 3000 3028 3055 facientibus.
3060 3001 3201 3055 Duas
3229 3001 3411 3069 itaque
3443 2999 3584 3072 Syn-

2003 3108 2204 3163 agogas
2256 3090 2473 3146 lsraelis
2519 3091 2729 3146 duabus
2771 3090 3090 3145 mulieribus
3129 3091 3326 3145 iterum
3358 3090 3462 3144 hac
3497 3090 3582 3146 vi-

2003 3186 2154 3241 sione
2203 3193 2485 3254 comparat
2514 3199 2528 3235 :
2565 3198 2701 3252 quas
2729 3190 2782 3236 et
2809 3182 2923 3236 alas
2943 3199 3134 3252 upupa:
3157 3183 3411 3238 habuisse
3432 3182 3581 3238 afﬁr-

2003 3284 2136 3339 mat,
2168 3283 2226 3329 ut
2262 3276 2525 3342 impuram
2558 3289 2767 3336 earum,
2799 3285 3035 3327 mentem
3076 3285 3127 3328 et
3149 3275 3214 3327 ad
3247 3290 3583 3345 quaecunque

2003 3367 2208 3422 nefaria
2275 3365 2586 3420 facilitatem
2614 3365 3013 3434 appositissime
3071 3365 3331 3420 declaret.
3389 3365 3580 3437 Upupa

2002 3461 2147 3515 enim
2211 3469 2396 3514 notum
2445 3467 2529 3512 est
2572 3473 2743 3526 genus
2795 3458 3053 3526 passeris,
3119 3473 3310 3512 amans
3336 3462 3500 3523 cmui,
3526 3468 3582 3514 et

2007 3552 2458 3618 stercorivorum,
2515 3560 2569 3604 et
2601 3551 2652 3602 in
2689 3565 2879 3618 greges
2897 3550 3221 3604 crabronum
3253 3550 3582 3606 ferociusin-

2004 3646 2245 3706 saniens,
2304 3652 2358 3698 et
2404 3641 2841 3696 immumlissima
2882 3655 3110 3710 quaeque
3169 3655 3266 3710 pro
3322 3641 3582 3697 alimento

2005 3750 2268 3806 usurpare
2314 3735 2556 3790 solitum.
2594 3731 2742 3786 Talis
2795 3732 3195 3801 quodammodo
3234 3746 3386 3786 mens
3415 3731 3579 3785 etiam

2006 3827 2306 3882 itlololatris
2356 3826 2518 3880 inest.
2575 3822 2695 3879 Non
2751 3832 2904 3878 recto
2947 3821 3144 3876 itinere
3197 3822 3265 3876 ad
3295 3822 3581 3876 honestum

2004 3919 2303 3984 contendit,
2333 3919 2426 3973 sed
2449 3927 2601 3971 extra
2628 3916 2701 3980 id,
2732 3915 2876 3984 quod
2906 3924 3332 3971 consentaneum
3367 3923 3451 3970 est
3474 3913 3583 3968 fer-

2004 4019 2114 4066 tur.
2163 4011 2253 4065 Dei
2291 4011 2463 4080 legem
2508 4024 2612 4064 non
2649 4011 2821 4074 novit,
2850 4008 3002 4079 plena
3033 4007 3179 4062 omni
3217 4007 3580 4074 immunditia,

2005 4114 2060 4157 et
2083 4117 2246 4158 omne
2274 4117 2444 4172 genus
2490 4100 2859 4169 improbitatis
2922 4101 3103 4155 cibum
3142 4114 3299 4154 suum
3351 4099 3579 4155 ducens.

2005 4193 2212 4248 Idcirco
2247 4203 2303 4248 et
2340 4193 2454 4248 alas
2483 4208 2674 4261 upupa:
2703 4191 3033 4247 mulierculis
3063 4200 3273 4262 aptatas
3300 4206 3480 4246 sermo
3509 4189 3583 4244 vi-

2004 4285 2172 4340 sionis
2206 4295 2409 4350 narrat,
2442 4284 2674 4357 similem
2711 4297 2929 4353 quoque
2968 4293 3202 4338 mentem
3234 4293 3290 4338 et
3316 4282 3580 4353 judicium

2004 4376 2110 4431 illis
2157 4376 2337 4431 inesse
2383 4377 2601 4431 docens.
2670 4376 2975 4444 Capessunt
3033 4385 3213 4430 autem
3275 4387 3580 4428 mensuram

321 4472 442 4535 σίας
492 4469 766 4541 ἔμπλεως,
818 4468 912 4521 καὶ
962 4469 1069 4520 πᾶν
1121 4462 1258 4529 εἶδος
1307 4463 1640 4534 φαυλότητος
1687 4464 1898 4533 ἡγεῖται

2006 4467 2296 4537 iniquitate
2355 4466 2637 4535 repletam.
2675 4465 2904 4536 Oportet
2953 4465 3098 4520 enim
3149 4466 3446 4534 quamlibet
3473 4466 3582 4518 ani-

319 4566 545 4637 τροφήν.
581 4562 852 4636 Ταύτῃτοι
886 4563 977 4614 καὶ
1015 4559 1290 4629 πτέρυγας
1333 4557 1532 4620 ἔποπος
1566 4555 1900 4625 ἑνηρμόσθαι

320 4659 434 4718 τοῖς
487 4655 729 4723 γυναίοις
771 4656 800 4706 ὁ
830 4655 927 4722 τῆς
972 4653 1216 4722 ὁράσεως
1262 4649 1365 4720 ἔφη
1414 4648 1590 4716 λόγος,
1642 4647 1740 4718 τὴν
1779 4647 1899 4718 ἴσην

321 4749 542 4802 ἐκείνων
573 4746 796 4816 γνώμην
832 4746 924 4798 καὶ
955 4746 1138 4807 αὐτοῖς
1178 4745 1375 4796 ἐνεῖναι
1405 4742 1690 4796 διδάσκων.
1741 4742 1898 4803 Ἀνα-

320 4839 660 4911 λαμδάνουσι
691 4839 749 4892 δὲ
787 4839 846 4892 τὸ
889 4838 1086 4909 μέτρον
1119 4839 1183 4907 τῇ
1217 4835 1417 4906 ἀνομίᾳ
1457 4834 1896 4905 μεμεστωμένον.

322 4935 412 4985 Δεῖ
459 4933 572 5002 γὰρ
618 4916 856 4994 ἑκάστην
907 4928 1086 4998 ψυχὴν
1119 4930 1197 4996 τῷ
1245 4927 1358 4997 ἰδίῳ
1406 4925 1900 4996 καταφορτίζεσθαι

325 5023 503 5094 βάρει,
532 5021 612 5091 τῷ
645 5021 747 5090 τῆς
795 5021 1099 5092 ἁμαρτίας,
1135 5019 1303 5089 φημί.
1360 5017 1577 5087 Ἐπειδὴ
1611 5018 1667 5070 δὲ
1713 5018 1802 5070 ἶσα
1841 5034 1901 5070 τε

323 5118 526 5185 ἀμφοῖν
556 5114 650 5167 καὶ
675 5113 877 5183 ἀδελφὰ
904 5113 970 5166 τὰ
991 5113 1332 5183 ἐγκλήματα,
1353 5113 1452 5181 τῆς
1479 5127 1537 5164 τε
1569 5110 1901 5181 Σαμαρείας,

325 5205 492 5277 φημὶ,
531 5205 625 5259 καὶ
664 5204 762 5273 τῆς
804 5201 1182 5274 Ἰερουσαλὴμ,
1232 5199 1491 5274 ταύτῃτοι
1549 5202 1643 5254 καὶ
1685 5201 1743 5253 ὲν
1804 5199 1904 5270 ῐσῳ

289 5298 512 5376 ,τρόπῳ
555 5294 998 5366 κατηχθεσμέναι
1047 5293 1126 5364 τῷ
1179 5293 1366 5365 μέτρῳ
1412 5292 1508 5376 κα).
1555 5294 1624 5364 τῇ
1687 5291 1906 5365 ἀνομίᾳ,

327 5363 639 5460 πνεύματος
680 5363 1044 5458 ἐμπίπτοντος
1082 5363 1204 5449 ταῖς
1259 5363 1516 5454 πτέρυξιν
1563 5363 1761 5450 αὑτῶν,
1800 5363 1914 5449 ὀξεῖ

325 5485 423 5537 καὶ
447 5481 874 5554 ἀπαραποδίστῳ
905 5480 1163 5552 φέρονται
1189 5479 1375 5550 δρόμῳ
1409 5477 1544 5548 πρὸς
1570 5477 1668 5548 τὴν
1697 5476 1802 5530 τῶν
1829 5477 1914 5530 ἀλ-

326 5573 575 5643 λοφύλων
615 5572 820 5643 χώραν,
858 5570 1020 5642 δῆλον
1061 5569 1120 5624 δὲ
1151 5569 1232 5623 ὅτι
1260 5570 1358 5640 τὴν
1389 5567 1497 5620 τῶν
1533 5567 1907 5621 Βαϐυλωνίων.

436 5754 481 5785 ⁸⁹
513 5749 715 5808 Ειεοὴ.
751 5769 905 5818 xxttt,
946 5750 996 5814 l,
1023 5748 1108 5804 '5.’
1152 5749 1196 5781 "
1239 5747 1364 5803 ibid.
1407 5747 1458 5799 4.

2011 4576 2154 4614 mam
2189 4575 2286 4614 suo
2313 4574 2478 4616 onere
2508 4559 2747 4624 onerari,
2775 4557 2980 4626 peccati
3009 4557 3250 4627 inquam.
3277 4555 3414 4621 Quia
3451 4570 3582 4610 vero

2007 4650 2163 4722 paria
2204 4659 2327 4706 sunt
2378 4650 2659 4704 ambarum
2717 4656 2773 4704 et
2826 4658 3057 4718 cognata
3098 4656 3344 4717 peccata,
3387 4647 3581 4702 Sama-

2007 4745 2103 4798 ria:
2173 4742 2433 4797 nimirum
2485 4752 2542 4795 et
2582 4738 2904 4807 Jerusalem,
2959 4739 3078 4794 ideo
3128 4737 3317 4793 eodem
3367 4754 3584 4810 quoque

2007 4833 2165 4889 modo
2216 4842 2456 4886 oneratae
2501 4845 2754 4886 mensura
2799 4839 2855 4884 et
2894 4827 3205 4898 iniquitate,
3251 4828 3443 4897 spiritu
3484 4827 3586 4882 alis

2007 4940 2196 4980 earum
2246 4923 2541 4985 incidente,
2601 4921 2764 4976 celeri
2804 4935 2869 4975 ac
2911 4935 3014 4974 non
3044 4918 3303 4990 impedito
3330 4935 3493 4974 cursu
3517 4919 3584 4972 ad

2009 5015 2436 5085 alienigenarum
2493 5013 2768 5082 regionem
2821 5009 3234 5080 Babyloniorum
3285 5010 3470 5077 utique
3499 5006 3580 5062 fe-

2010 5117 2227 5161 runtur.
2284 5105 2564 5159 lmmundo
2617 5104 2762 5159 enim
2812 5105 3002 5172 spiritu
3031 5106 3098 5156 ad
3126 5100 3455 5170 peccandum
3489 5114 3584 5154 eas

2012 5197 2344 5268 impellente,
2391 5204 2449 5250 et
2493 5189 2780 5264 iniquitate
2841 5202 3236 5264 praegravante,
3267 5191 3317 5244 in
3364 5190 3585 5258 captivi-

2009 5295 2175 5343 tatem
2238 5287 2548 5350 abstractae,
2575 5294 2630 5341 et
2655 5284 2758 5340 sub
2781 5285 2947 5354 pedes
2974 5281 3312 5336 inimicorum
3355 5280 3586 5334 redacta:

2009 5391 2154 5436 sunt.
2185 5379 2478 5450 Postquam
2529 5386 2712 5434 autem
2765 5376 2901 5430 dixit
2953 5374 3146 5428 beatus
3211 5369 3455 5440 angelus,
3489 5385 3586 5429 eos

2009 5474 2222 5530 deferre
2249 5486 2560 5528 mensuram
2621 5469 2688 5524 ad
2731 5465 3105 5523 aedificandam
3138 5462 3238 5533 ipsi
3271 5463 3494 5518 domum
3530 5466 3584 5519 lu

2011 5575 2154 5621 terra
2208 5565 2520 5636 Babylonis,
2581 5559 2912 5629 accipiamus
2957 5557 3060 5612 hoc
3116 5555 3243 5612 licet
3278 5571 3376 5628 pro
3408 5557 3584 5626 signo.

1574 5747 1612 5776 τί
1664 5744 1728 5797 Ill
1774 5743 1904 5812 Reg.
1936 5760 2030 5808 xu,
2074 5743 2141 5795 28
2176 5758 2331 5810 seqq.

3601 1231 3610 1286 ζ
