4092 6202
457 297 524 349 ετ
1444 299 1502 356 s.
1543 298 1813 358 cmeLt
1855 302 2327 363 ALEXANDRINI
2367 309 2685 366 ARCHIEP.
3613 298 3708 362 '88

453 412 592 467 alios
645 411 806 467 Israel
860 412 948 468 diu
989 412 1125 483 apud
1153 413 1335 470 hostes
1361 415 1616 482 victuros,
1669 421 1812 489 quod
1837 430 1891 474 et
1925 422 2022 478 do-
2051 457 2096 511 ὁ

453 519 574 558 mus
626 505 902 573 iniquitati
943 505 1262 573 aediﬁcatur,
1298 507 1460 578 700
1489 518 1542 561 et
1575 511 1736 566 veluti
1772 514 1927 570 sedes
1955 529 2017 569 ac

449 597 614 650 statio
646 597 742 666 ipsi
785 597 923 665 apud
965 597 1148 652 hostes
1197 609 1440 666 paratur.
1481 599 1544 656 ld
1591 605 1734 672 quod
1798 616 2022 660 eventus

454 686 795 742 monstravit.
871 684 964 739 Vix
1013 686 1157 740 enim
1205 689 1604 758 septuagesimo
1648 707 1790 748 anno
1845 694 2017 760 ﬁnito,

451 777 678 831 \inculis
705 777 985 831 servitutis
1013 777 1171 832 levati
1208 788 1351 832 sunt.

2125 423 2230 476 Τοῦ
2262 426 2370 495 γὰρ
2417 426 2726 496 ἀκαθάρτου
2775 424 3082 494 πνεύματος
3140 421 3503 483 συνωθοῦντας
3538 420 3705 482 αὑτὰς

2128 523 2206 579 είς
2238 515 2299 569 τὸ
2338 516 2676 588 πλημμελὲς,
2724 516 2815 568 καὶ
2844 519 2908 586 τῇ
2952 515 3150 584 ἀνομίᾳ
3198 510 3704 581 καταφορτίζοντος,

2127 607 2577 678 ἀπεκομίσθησαν
2604 611 2682 671 εἰς
2711 607 3110 678 αἰχμαλωσίαν,
3153 604 3247 657 καὶ
3281 603 3386 682 {me
3415 603 3583 664 πόδας
3610 618 3704 652 πε-

2117 697 2374 751 ’πτώκασι
2402 699 2512 752 τῶν
2550 699 2782 768 ἐχθρῶν.
2823 696 3042 767 Ἐπειδὴ
3087 695 3144 749 δέ
3188 696 3398 765 φησινὸ
3436 692 3705 762 μακάριος

2125 789 2373 855 ἄγγελος,
2399 789 2473 853 ὡς
2507 790 2842 860 ἀποφέρουσι
2873 788 2931 840 τὸ
2961 787 3157 858 μέτρον
3187 784 3535 854 οἰκοδομῆσαι
3557 778 3704 849 αὑτῷ

448 869 623 922 οἰκίαν
661 869 718 923 ὲν
749 871 818 939 γῇ
849 867 1184 932 Βαϐυλῶνος,
1227 870 1523 937 ἀναγκαῖον
1551 873 1695 943 ἡμᾶς
1727 876 1905 927 ἐκεῖνο
1943 879 2102 943 νοεῖν,
2127 877 2202 942 ὡς
2228 879 2340 932 ἔστι
2372 883 2596 952 σημεῖον
2635 879 2728 934 τοῦ
2764 880 2971 951 μακρὸν
2996 878 3123 949 παρ’
3158 875 3370 946 ἐχθροῖς
3398 873 3704 927 διατελέσαι

448 963 636 1036 χρόνον
662 962 785 1024 τοὺς
819 960 876 1026 eg
905 959 1140 1031 Ἰσραὴλ,
1178 960 1240 1012 τὸ
1270 961 1364 1014 καὶ
1386 958 1533 1016 οἰκον
1557 965 1951 1035 οἰκοδομεῖσθαι
1982 971 2048 1038 τῇ
2076 970 2292 1042 ἀνομίᾳ,
2320 973 2412 1025 καί
2443 967 2554 1026 οἷον
2573 973 2778 1045 ἴδρυσίν
2800 989 2921 1028 τινα
2951 970 3043 1022 καὶ
3076 969 3261 1021 στάσιν
3298 966 3433 1035 αὐτῇ
3458 963 3702 1032 γίνεσθαι

456 1059 586 1127 παρ’
625 1056 859 1127 ἐχθροῖς.
895 1057 959 1108 Ὃ
987 1054 1052 1128 δὴ
1098 1056 1192 1108 καὶ
1213 1055 1544 1112 τετέλεσται.
1585 1060 1754 1124 Μόλις
1784 1062 1893 1133 γὰρ
1926 1064 2109 1128 αὐτοῖς
2138 1065 2538 1138 ἐϐδομηκοστοῦ
2580 1066 2956 1140 πληρωθέντος
2999 1065 3171 1128 ἔτους,
3208 1061 3316 1114 τῶν
3335 1057 3438 1129 τῆς
3461 1058 3700 1119 δουλείας

448 1148 735 1221 ἀνεῖ[ν]ται
761 1147 991 1208 δεσμῶν.
1191 1164 1216 1175 ·’

1097 1243 1248 1299 CAP.
1298 1243 1380 1298 Vl.

525 1334 686 1388 Vens.
708 1334 825 1390 1-8.
854 1333 922 1386 Et
939 1351 1210 1388 comersus
1240 1352 1376 1397 sum,
1404 1346 1450 1389 et
1471 1336 1631 1390 levavi
1657 1338 1835 1392 oculos
1856 1355 2018 1406 nieos,

447 1438 497 1481 et
524 1429 653 1492 uidi,
688 1438 736 1481 et
766 1443 879 1481 ecce
920 1439 1148 1497 quatuor
1177 1445 1363 1481 currus
1401 1428 1720 1497 egredientes
1754 1433 1817 1484 de
1849 1433 2018 1484 medio

447 1522 672 1574 duorum
721 1520 1000 1585 montium,
1055 1528 1103 1573 et
1129 1530 1325 1574 montes
1350 1531 1499 1576 erant
1534 1532 1736 1577 montes
1774 1525 1919 1576 aerei.
1953 1522 2019 1576 In

447 1628 608 1665 curru
654 1613 824 1679 primo
844 1613 962 1682 equi
993 1612 1127 1680 ruﬁ,
1182 1623 1229 1666 et
1253 1614 1306 1666 in
1338 1630 1494 1667 curru
1520 1619 1746 1669 secundo
1781 1617 1900 1686 equi
1939 1616 2020 1668 ni-

446 1701 549 1770 gri,
589 1711 638 1754 et
661 1702 715 1754 in
743 1717 901 1755 curru
948 1703 1103 1754 tertio
1148 1705 1266 1772 equi
1297 1704 1447 1767 albi,
1487 1715 1533 1758 et
1559 1705 1610 1757 in
1634 1721 1792 1758 curru
1832 1716 2020 1773 quarto

447 1808 565 1860 equi
619 1793 752 1844 varii
795 1807 840 1845 et
903 1792 1277 1847 multicolores.
1331 1793 1401 1846 Et
1449 1797 1711 1864 respondi,
1741 1807 1787 1850 et
1810 1797 1927 1849 dixi
1954 1797 2021 1848 ad

2707 1252 2961 1305 ΚΕΦΑΛ.
3013 1253 3082 1318 ς’
3109 1290 3121 1302 .

2197 1343 2308 1396 Kal
2335 1342 2698 1412 ἐπέστρεψα,
2735 1344 2832 1397 καὶ
2862 1340 2977 1412 ἦρα
3005 1340 3145 1406 τοὺς
3185 1337 3527 1407 ὀφθαλμούς
3555 1352 3696 1403 μου,

2125 1435 2221 1486 καὶ
2254 1434 2403 1500 ἴδον,
2431 1435 2528 1487 καὶ
2554 1433 2682 1488 ἰδοὺ
2713 1435 2980 1501 τέσσαρα
2999 1432 3230 1500 ἅρματα
3260 1427 3699 1495 ἐκπορευόμενα

2125 1527 2193 1580 ἐκ
2222 1527 2416 1596 μέσου
2458 1527 2567 1581 δύο
2601 1527 2806 1595 ὀρέων,
2839 1525 2935 1580 καὶ
2970 1524 3040 1578 τὰ
3077 1524 3181 1591 ὄρη
3231 1516 3309 1591 ἦν
3339 1519 3443 1586 ὅρη
3479 1514 3694 1586 χαλκᾶ.

2142 1619 2237 1671 Ἐν
2270 1619 2349 1684 τῷ
2397 1619 2608 1688 ἅρματι
2639 1616 2719 1682 τῷ
2751 1615 2959 1685 πρώτῳ
3003 1617 3175 1669 ἵπποι
3222 1609 3454 1680 πυρῤοὶ,
3501 1607 3600 1660 καὶ
3631 1607 3700 1659 ἐν

2127 1707 2206 1772 τῷ
2238 1707 2451 1776 ἅρματι
2484 1705 2564 1772 τῷ
2602 1707 2857 1774 δευτέρῳ
2889 1707 3058 1759 ἵπποι
3084 1704 3368 1773 μέλανες,
3403 1699 3496 1752 καὶ
3522 1697 3592 1750 ἐν
3618 1697 3700 1757 τῷ

2128 1798 2338 1867 ἅρματι
2366 1797 2444 1863 τῷ
2479 1798 2654 1866 τρίτῳ
2678 1799 2847 1851 ἵπποι
2876 1795 3105 1858 λευκοὶ,
3137 1793 3232 1847 καί
3268 1793 3337 1845 ἐν
3378 1790 3458 1855 τῷ
3485 1789 3699 1857 ἅρματι

448 1883 692 1954 angelum
723 1883 814 1952 qui
835 1883 1146 1953 loquebatur
1179 1886 1232 1936 in
1265 1901 1344 1939 nte
1373 1901 1391 1939 :
1432 1885 1571 1951 Quid
1609 1898 1729 1940 sunt
1754 1889 1886 1952 lucc,
1921 1889 2021 1940 do-

2129 1888 2202 1952 τῴ
2235 1888 2486 1956 τετάρτῳ
2507 1889 2679 1940 ἵπποι
2727 1887 3008 1949 ποικίλοι,
3040 1885 3137 1937 καὶ
3186 1882 3388 1952 “gi-apol.
3438 1880 3544 1933 Kal
3583 1879 3698 1931 ὰπ-

448 1977 629 2030 utine?
658 1974 726 2028 Et
765 1975 1029 2044 respondit
1091 1977 1309 2046 angelus
1344 1979 1431 2047 qui
1461 1978 1772 2048 loquebatur
1798 1981 1852 2032 in
1887 1997 1967 2033 me
2001 2019 2016 2044 ,

447 2078 498 2123 et
531 2069 666 2123 dixit
703 2084 722 2122 :
752 2071 880 2123 Ha'c
937 2076 1058 2122 sunt
1111 2081 1341 2138 quatuor
1393 2073 1529 2125 venti
1589 2073 1722 2136 caeli,
1755 2074 1845 2142 qui
1867 2090 2015 2143 egre-

447 2161 669 2214 diuntur
686 2169 742 2214 ut
761 2162 1010 2216 assistant
1029 2159 1258 2215 Domino
1277 2165 1445 2216 omnis
1465 2174 1638 2218 terra’.
1666 2164 1730 2218 In
1744 2182 1844 2233 quo
1864 2177 2011 2220 erant

447 2253 565 2321 equi
603 2250 761 2320 nigri,
794 2251 1200 2320 egrediebantur
1232 2269 1390 2320 super
1426 2263 1620 2306 terram
1655 2255 1936 2322 aquilonis,
1971 2266 2022 2309 et

447 2340 557 2394 albi
603 2340 1004 2412 egrediebantur
1051 2352 1164 2410 post
1198 2359 1306 2396 eos.
1356 2341 1422 2395 Et
1457 2345 1591 2397 uarii
1619 2347 1826 2399 exibant
1866 2363 2022 2417 super

450 2445 647 2487 terram
699 2433 890 2494 austri,
919 2443 966 2488 et
1018 2433 1375 2487 multicolores
1425 2434 1842 2503 egrediebantur,
1869 2447 1914 2489 et
1941 2438 2021 2490 in-

447 2525 732 2591 spiciebant
755 2524 1020 2578 utirentet
1044 2525 1380 2578 circumirent
1404 2523 1694 2578 terram.Et
1718 2527 1850 2579 dixit
1873 2542 1890 2579 :
1915 2525 2017 2591 Ite,

447 2624 495 2669 et
527 2616 744 2669 circuito
770 2627 985 2669 terram.
1023 2613 1088 2668 Et
1128 2614 1444 2667 circuierunt
1470 2623 1685 2670 terram.
1719 2614 1786 2667 Et
1823 2616 2020 2670 clama-

449 2708 541 2771 uit,
578 2717 628 2762 et
661 2708 869 2761 locutus
891 2716 967 2761 est
991 2707 1058 2760 ad
1084 2707 1377 2766 me.dicens
1398 2721 1416 2757 :
1459 2705 1593 2759 Ecce
1618 2709 1706 2777 qui
1736 2708 2019 2776 egrediun-

449 2808 536 2852 tur
576 2814 733 2868 super
776 2807 968 2851 terram
1023 2797 1314 2866 aquilonis,
1345 2807 1395 2849 et
1431 2797 1749 2866 requiescere
1786 2799 2020 2865 fecerunt

450 2889 680 2956 furorem
706 2905 871 2942 meum
887 2905 1047 2957 super
1067 2899 1253 2942 terram
1274 2889 1554 2958 aquilonis.

2121 1981 2384 2048 εκρίθην,
2432 1978 2532 2034 καί
2565 1976 2703 2031 εἶπα
2751 1977 2902 2045 πρὸς
2952 1977 3058 2031 τὸν
3108 1974 3386 2044 ἄγγελον,
3427 1972 3533 2024 τὸν
3585 1972 3695 2023 λιι-

2119 2072 2347 2125 λοῦντα
2372 2071 2442 2123 ἐν
2482 2071 2646 2140 ἐμοί·
2690 2071 2751 2124 Τί
2780 2071 2912 2124 ἐστι
2942 2069 3159 2135 ταῦτα,
3202 2068 3406 2136 κύριε;
3447 2064 3554 2118 Kal
3587 2064 3699 2116 ἀπ-

2117 2166 2319 2231 εκρίθη
2374 2163 2404 2216 ὁ
2452 2163 2705 2233 ἅγγελος
2761 2166 2794 2216 ὀ
2840 2163 3046 2217 λαλῶν
3095 2162 3164 2215 ἐν
3211 2159 3358 2229 ἐμοὶ,
3409 2157 3504 2211 καί
3534 2151 3697 2210 εἶπε·

2129 2255 2318 2308 Ταῦτά
2349 2256 2518 2308 ἐστιν
2546 2258 2600 2308 οί
2629 2256 2928 2322 τέσσαρες
2955 2255 3164 2323 ἄνεμοι
3192 2251 3300 2305 τοῦ
3338 2249 3621 2318 οὐρανοῦ,
3645 2246 3703 2302 οἳ

2121 2347 2548 2413 ἐκπορεύονται
2588 2344 2965 2414 παραστῆναι
2989 2344 3070 2410 τῷ
3115 2345 3307 2412 Κυρίῳ
3343 2342 3548 2408 πάσης
3593 2339 3702 2408 τῆς

2122 2439 2254 2506 γῆς.
2309 2439 2408 2490 Ἐν
2433 2430 2480 2503 ᾧ
2506 2434 2666 2507 ἦσαν
2686 2439 2858 2490 ἵπποι
2882 2439 2934 2490 οἱ
2961 2436 3240 2505 μέλανες,
3272 2434 3703 2500 ἐξεπορεύοντο

2121 2530 2219 2583 ἐπὶ
2249 2528 2362 2599 γῆν
2387 2530 2600 2598 βορρᾶ,
2625 2531 2722 2583 καί
2751 2533 2804 2583 οἱ
2845 2530 3052 2584 λευκοί
3095 2527 3522 2596 ἐξεπορεύοντο
3561 2540 3700 2576 κατ-

2125 2620 2374 2673 όπισθεν
2402 2619 2619 2674 αὐτῶν.
2647 2621 2752 2673 Kal
2782 2623 2835 2673 οὶ
2860 2621 3122 2674 ποικίλοι
3145 2618 3572 2685 ἐξεπορεύοντο
3602 2616 3695 2666 ἐπὶ

2127 2713 2244 2781 γῆν
2271 2715 2471 2776 νότου,
2520 2712 2617 2766 καὶ
2655 2714 2706 2765 οἱ
2746 2711 2926 2779 ψαροί
2970 2711 3422 2778 ἐξεπορεύοντο,
3459 2707 3553 2759 καὶ
3594 2705 3699 2757 ἐπ·

2125 2801 2382 2855 ἐϐλεπον
2428 2802 2530 2856 τοῦ
2568 2803 2944 2870 πορεύεσθαι,
2996 2801 3102 2854 τοῦ
3156 2798 3535 2867 περιοδεῦσαι
3588 2797 3701 2863 τὴν

2126 2893 2263 2961 τῆν.
2309 2893 2416 2947 Καὶ
2472 2891 2635 2946 εἶπε’
2713 2894 3065 2960 Πορεύεσθε,
3125 2891 3224 2945 καὶ
3277 2890 3700 2959 περιοδεύσατε

448 2977 565 3046 τὴν
619 2976 756 3047 γῆν.
819 2978 928 3031 Kal
989 2977 1400 3044 περιώδευσαν
1451 2978 1564 3046 τὴν
1611 2978 1746 3048 γῆν.
1799 2981 1906 3032 Kal
1958 2981 2272 3050 ἀνεϐόησε,
2326 2984 2427 3036 καὶ
2486 2984 2757 3049 ἐλάλησε
2817 2985 2966 3052 πρός
3042 3001 3136 3052 με,
3182 2982 3406 3053 λέγων·
3451 2981 3603 3036 Ἰδοὺ
3646 2982 3698 3031 οἰ

448 3069 907 3137 ἐκπορευόμενοι
951 3067 1047 3121 ἐπὶ
1088 3067 1207 3136 γῆν
1245 3066 1462 3136 βορρᾶ,
1519 3068 1616 3121 καὶ
1677 3069 2036 3126 ἀνέπαυσαν
2068 3073 2174 3127 τὸν
2206 3075 2396 3142 θυμόν
2421 3091 2540 3142 μου
2578 3073 2647 3127 ἐν
2678 3073 2755 3142 γῇ
2783 3072 2995 3142 βορρᾶ.

522 3161 733 3216 XXXII.
768 3159 959 3215 Docuit
987 3171 1132 3227 ante,
1165 3162 1276 3216 suis
1307 3162 1540 3230 ipsorum
1577 3163 1784 3232 laqueis
1814 3174 2019 3232 captos,

2195 3168 2316 3222 AB'.
2350 3166 2745 3238 Προῦπέδειξεν
2782 3168 2862 3220 ὅτι
2894 3169 3006 3230 τοῖς
3037 3165 3185 3236 σφῶν
3217 3165 3395 3220 αὐτῶν
3425 3164 3700 3226 ἐναλόντες

449 3269 504 3311 et
561 3256 768 3311 catenis
805 3265 1144 3324 peccatorum
1199 3271 1417 3310 suorum
1473 3258 1820 3325 constrictos,
1882 3261 2022 3314 sicut

451 3347 709 3417 scriptum
760 3355 845 3400 est
865 3345 1020 3408 ",-in
1054 3346 1304 3413 ignotam
1361 3347 1634 3417 regionem
1687 3348 2019 3418 discessisse,

455 3441 829 3509 habitasseque
876 3443 1014 3508 apud
1046 3439 1229 3494 hostes
1268 3481 1282 3506 ,
1323 3440 1591 3495 insuetum
1643 3441 2024 3510 servitutisju-

452 3548 577 3603 gum
624 3531 1005 3602 perpetientes.
1038 3533 1304 3586 Caeterum
1329 3543 1383 3586 et
1409 3544 1655 3604 tempora
1683 3535 2022 3589 liberationis

455 3621 698 3691 redigere
760 3622 815 3676 in
872 3622 1191 3686 memoriam
1245 3623 1747 3691 oportebat;quare
1807 3625 2024 3679 insertis

451 3712 573 3766 aliis
630 3726 817 3766 eorum
878 3712 1144 3767 meminit.
1191 3713 1391 3768 Doctus
1449 3726 1534 3769 est
1579 3717 1723 3770 enim
1765 3718 2020 3785 propheta

454 3801 774 3871 compendio
802 3801 982 3855 omnia
1000 3802 1144 3871 genti
1169 3801 1296 3856 olim
1327 3815 1605 3858 eventura.
1632 3807 1772 3875 Ergo
1795 3808 2024 3874 quatuor

454 3910 648 3949 currus
674 3894 727 3948 in
757 3893 936 3948 medio
961 3893 1222 3948 montium
1243 3909 1504 3949 aerem-uin
1537 3897 1765 3953 dicimus
1790 3915 1912 3954 esse
1944 3918 2023 3956 rc-

454 4002 558 4056 gna
622 3986 1010 4054 illustrissima,
1035 4003 1154 4058 qua:
1185 3990 1236 4042 in
1281 3988 1501 4040 totidem
1532 3992 1714 4043 mundi
1755 3992 2016 4057 climatis,

456 4079 571 4133 sive
603 4081 670 4133 ad
719 4088 952 4148 quatuor
992 4091 1182 4134 ventos
1227 4080 1344 4135 suis
1386 4081 1632 4134 aetatibus
1692 4082 2019 4136 claruerunt.

457 4171 668 4225 Montes
708 4186 880 4227 aereos
905 4172 1008 4225 dici
1031 4166 1259 4240 conﬁcio
1279 4172 1612 4225 duasniundi
1646 4181 1845 4239 partes.
1865 4175 2019 4244 701

454 4260 684 4326 Quidam
746 4263 890 4315 enim
924 4264 1110 4316 orhetn
1161 4271 1330 4316 totum
1359 4264 1410 4315 in
1445 4261 1714 4332 Europam
1761 4275 1813 4318 et
1839 4265 2020 4319 Asiam

453 4351 723 4419 dividunt,
753 4351 904 4420 cujus
937 4364 1115 4422 partes
1145 4369 1298 4408 aereae
1325 4363 1541 4422 propter
1576 4354 1885 4410 ﬁrmitatem
1917 4374 2020 4410 un-

454 4444 759 4514 dequaque,
792 4452 845 4498 et
871 4444 1327 4510 immobilitatetn,
1358 4456 1411 4499 et
1457 4448 1581 4516 quia
1617 4449 1729 4502 laedi
1759 4465 1863 4503 non
1897 4466 2022 4519 pos-

2131 3259 2363 3331 βρὸχοις,
2394 3261 2484 3314 καὶ
2512 3263 2722 3329 σειραῖς
2759 3259 2869 3313 τῶν
2911 3259 3054 3312 ἰδίων
3112 3259 3526 3329 ἁμαρτημάτων
3569 3273 3700 3310 κατ-

2129 3352 2466 3422 εσφιγμένοι,
2509 3351 2651 3404 κατὰ
2718 3353 2778 3404 τὸ
2819 3351 3225 3422 γεγραμμένον,
3273 3352 3352 3413 εἰς
3398 3348 3702 3418 ἀλλοδαπὴν

2128 3443 2427 3514 ἀπῴχοντο.
2463 3445 2552 3496 καὶ
2586 3443 2943 3513 κατῳκήκασι
2985 3443 3113 3512 παρ’
3147 3441 3381 3512 ἐχθροῖς,
3415 3441 3506 3493 τὸν
3559 3439 3699 3511 ἀήθη

2129 3535 2227 3605 τῆς
2256 3535 2496 3598 δουλείας
2542 3535 2866 3591 ἀνατλάντες
2900 3534 3081 3602 ζυγόν.
3135 3533 3274 3586 Ἀλλ’
3303 3529 3371 3603 ἦν
3407 3533 3702 3600 ἀναγκαῖον

2131 3628 2225 3680 καὶ
2252 3628 2358 3679 τῶν
2394 3627 2493 3696 τῆς
2539 3625 2858 3696 λυτρώσεως
2901 3622 3302 3694 διαμεμνῆσθαι
3351 3623 3577 3693 καιρῶν,
3611 3623 3703 3674 καὶ

2129 3719 2192 3790 δὴ
2219 3721 2451 3772 ποιεῖται
2477 3717 2574 3788 τὴν
2602 3718 2854 3787 δήλωσιν,
2884 3715 3458 3786 προεμπεπλεγμένων
3479 3714 3698 3786 ἑτέρων.

2144 3813 2481 3866 Ἐδιδάσκετο
2506 3811 2612 3880 γὰρ
2642 3813 2668 3862 ὁ
2711 3812 2996 3882 προφήτης
3038 3809 3338 3879 συλλήϐδην
3373 3808 3606 3871 ἅπαντα,
3637 3807 3705 3860 τὰ

2129 3906 2204 3975 τῷ
2235 3891 2376 3956 ἔθνει
2421 3904 2810 3974 συμϐησόμενα
2858 3903 2999 3956 κατά
3044 3903 3289 3972 καιρούς.
3335 3900 3417 3953 Τὰ
3461 3900 3704 3969 τέσσαρα
3759 3941 3766 3946 .

2129 3996 2305 4048 τοίνυν
2333 3994 2573 4064 ἅρματα,
2605 3994 2672 4046 τά
2705 3996 2762 4047 ἐν
2797 3995 2945 4064 μέσῳ
2973 3994 3080 4045 τῶν
3117 3993 3286 4064 ὀρέων
3327 3992 3434 4044 τῶν
3463 3990 3700 4061 χαλκῶν,

2131 4087 2309 4156 φαμὲν
2339 4081 2480 4138 εἶναι
2515 4085 2679 4138 πάλιν
2717 4086 2815 4148 τὰς
2856 4085 2964 4137 τῶν
2993 4084 3168 4138 ἄλλων
3198 4083 3486 4154 βασιλειῶν
3513 4083 3704 4154 ἐπιση-

2134 4175 2387 4246 μοτέρας,
2427 4175 2524 4237 τὰς
2562 4176 2618 4226 ἐν
2651 4176 2762 4236 τοῖς
2789 4173 3046 4243 τέσσαρσι
3077 4173 3355 4242 κλίμασιν,
3389 4173 3554 4242 ἤγουν
3585 4173 3704 4226 ἀνέ-

2135 4281 2279 4337 μοις,
2305 4269 2419 4329 τοῖς
2445 4267 2536 4318 ὑπ’
2567 4265 2793 4336 οὐρανὸν
2815 4265 2958 4318 κατὰ
2983 4265 3207 4334 καιροὺς
3233 4264 3700 4332 ἀναδεδειγμένας.

2136 4361 2275 4429 "Opp,
2314 4359 2369 4411 δὲ
2393 4354 2544 4428 οἶμαι
2573 4357 2825 4424 λέγεσθαι
2855 4357 2923 4410 τὰ
2964 4357 3140 4427 χαλκᾶ
3169 4355 3237 4408 τὰ
3266 4355 3360 4409 δύο
3402 4357 3498 4426 τῆς
3523 4359 3691 4409 οἰκου-

2136 4451 2303 4521 μένης
2329 4451 2608 4520 τμήματα.
2644 4449 2910 4518 Τέμνουσι
2943 4450 3048 4518 γάρ
3081 4465 3225 4510 τινες
3249 4448 3328 4510 εἷς
3351 4448 3621 4518 Εὐρώπην
3645 4464 3703 4498 τε

455 4547 600 4591 sunt.
643 4537 830 4594 Psallit
878 4539 1024 4593 enim
1070 4539 1265 4593 alicuhi
1298 4539 1513 4592 divinus
1563 4540 1730 4602 David
1759 4542 2024 4595 universi-

2129 4541 2221 4592 καὶ
2259 4542 2442 4592 Ἀσίαν
2473 4541 2569 4609 τὴν
2603 4539 2893 4608 σύμπασαν
2932 4540 3034 4609 γῆν
3061 4556 3076 4570 ο
3118 4540 3295 4609 χαλκᾶ
3330 4539 3384 4592 δὲ
3424 4539 3605 4600 αὐτοῖς
3636 4537 3704 4590 τὰ

459 4630 586 4684 tatis
613 4629 807 4701 Opiﬁci
841 4650 854 4687 :
889 4650 908 4683 ι
945 4631 1202 4686 Fundasti
1238 4642 1458 4697 terram,
1489 4640 1542 4684 et
1570 4643 1850 4698 permanet
1888 4633 2026 4686 ordi-

458 4723 672 4778 natione
731 4733 820 4778 tua
843 4725 911 4779 ⁷³.
953 4744 971 4776 ι
1003 4724 1125 4779 ΗίΒο
1171 4725 1332 4793 igitur
1358 4735 1415 4778 ut
1442 4743 1469 4778 ιι
1496 4733 1729 4792 quatuor
1751 4727 1924 4780 ventis
1949 4741 2027 4779 re-

456 4826 560 4881 gna
613 4815 846 4878 caeteris,
894 4824 953 4868 ut
1009 4815 1265 4877 diximus,
1326 4818 1628 4880 potentiora
1694 4815 2026 4883 multamque

456 4900 648 4955 sortita
705 4901 925 4968 gloriam
977 4917 1193 4972 egressa
1258 4913 1383 4957 sunt
1415 4904 1668 4957 assistere
1694 4903 2024 4957 Doininatori

457 4990 634 5044 nnmis
661 4999 842 5045 terrzc.
871 4992 1193 5048 Assistentia
1223 4994 1547 5048 inserviendi
1589 4996 1805 5049 modum
1847 5005 2028 5048 osten-

457 5084 576 5137 dit:
610 5083 1079 5138 servierunteuim
1135 5087 1353 5141 nutibus
1389 5087 1526 5155 ejus,
1577 5088 1901 5157 fueruntque
1934 5104 2029 5141 ro-

459 5180 614 5231 husta
655 5187 708 5230 et
763 5175 961 5248 inclyta
997 5192 1092 5246 per
1120 5179 1318 5246 ipsum,
1363 5180 1630 5248 quodillis
1664 5181 2027 5234 emolumento

460 5267 736 5322 l'uit.Nam
783 5269 977 5338 siquid
1028 5269 1283 5339 prteclare
1338 5281 1640 5341 gesserunt,
1675 5272 2033 5341 regionesque

458 5369 513 5407 et
539 5357 698 5413 urbes
725 5371 1124 5430 expugnarunt,
1149 5376 1213 5415 eo
1271 5371 1543 5417 annuente
1590 5371 1800 5416 tantum
1852 5364 2032 5417 value-

465 5458 608 5500 runt.
663 5450 872 5505 Etenim
916 5453 959 5508 si
992 5469 1177 5508 verum
1227 5453 1358 5508 dicit
1410 5454 1666 5522 propheta
1711 5471 1766 5507 ει
1803 5454 1916 5507 Non
1951 5463 2034 5507 est

464 5538 662 5593 malum
692 5542 746 5595 in
767 5543 1000 5611 civitate,
1035 5547 1175 5616 quod
1207 5562 1309 5600 non
1331 5546 1458 5600 fecit
1490 5546 1748 5602 Dominus
1769 5548 1837 5610 τι,
1878 5564 1894 5596 ι
1920 5547 2029 5615 (no-

2137 4634 2298 4702 μέρη,
2335 4632 2423 4684 διά
2445 4649 2502 4683 τε
2537 4631 2599 4682 τὸ
2643 4632 2956 4702 ἐρηρεῖσθαι
2988 4631 3296 4696 διαπαντὸς,
3339 4633 3432 4684 καὶ
3475 4631 3704 4702 ἀκλονὴ-

2133 4740 2239 4783 τως
2271 4720 2434 4789 ἔχειν,
2462 4721 2556 4772 καὶ
2606 4721 2876 4789 μηδεμιᾶς
2907 4720 3196 4790 ἀνέχεσθαι
3238 4721 3459 4791 βλάϐης.
3500 4719 3702 4774 Ψάλλει

2136 4814 2243 4882 γάρ
2275 4829 2374 4863 που
2405 4811 2497 4864 καὶ
2543 4812 2571 4863 ὁ
2604 4811 2884 4873 θεσπέσιος
2926 4811 3091 4864 Δαϐὶδ
3124 4812 3258 4882 πρὸς
3293 4813 3383 4865 τὸν
3418 4811 3526 4866 τῶν
3568 4813 3704 4865 ὅλων

2133 4900 2476 4972 Δημιουργόν
2501 4917 2514 4929 ’
2553 4920 2569 4951 ι
2615 4900 3012 4969 Ἐθεμελίωσας
3057 4902 3154 4970 τὴν
3181 4905 3304 4974 γῆν,
3339 4904 3433 4957 καὶ
3463 4904 3704 4974 διαμένει

2134 4996 2198 5062 τῇ
2245 4992 2486 5057 διατάξει
2526 5010 2638 5045 σου.
2671 5011 2688 5043 ι
2726 4989 2890 5045 Ain-ou.
2925 4994 2988 5063 δὴ
3023 4990 3116 5046 οὖν
3145 4995 3201 5046 αἱ
3231 4995 3307 5058 ὡς
3349 4997 3411 5048 ἐκ
3439 4995 3547 5047 τῶν
3579 5009 3703 5047 τεσ-

2141 5085 2320 5156 σάρων
2368 5085 2583 5155 ἀνέμων
2632 5083 2914 5153 βασιλεῖαι,
2960 5085 3066 5137 τῶν
3120 5085 3314 5152 ἄλλων,
3353 5086 3429 5149 ὡς
3475 5086 3742 5172 iungam}

2135 5175 2526 5248 ἀλκιμώτεραι,
2562 5177 2658 5229 καὶ
2689 5177 2824 5229 πολὺ
2873 5176 3132 5246 λαχοῦσαι
3172 5179 3232 5230 τὸ
3269 5178 3506 5242 εὐκλεὲς,
3549 5179 3708 5249 ἐξῆλ-

2135 5271 2226 5324 Θον
2257 5271 2602 5341 παραστῆναι
2627 5270 2708 5341 τῷ
2734 5271 2923 5342 Κυρίῳ
2958 5273 3139 5342 πάσης
3170 5270 3270 5339 τῆς
3299 5272 3418 5340 γῆς.
3466 5271 3529 5322 Ἦ
3559 5271 3615 5324 δέ
3646 5288 3709 5338 γε

2137 5365 2500 5433 παράστασις,
2519 5363 2610 5415 τὸν
2628 5363 2729 5432 τῆς
2747 5363 2990 5426 δουλείας
3016 5366 3148 5433 ἡμῖν
3173 5363 3458 5431 ὑποφαίνει
3480 5363 3704 5433 τρόπον’

2134 5451 2508 5504 δεδουλεύκασι
2539 5452 2646 5522 γὰρ
2681 5455 2790 5514 τοῖς
2820 5452 2984 5504 αὐτοῦ
3015 5452 3266 5522 νεύμασι,
3300 5453 3394 5505 καὶ
3421 5455 3709 5522 γεγόνασιν

2143 5544 2356 5614 ἰσχυραί
2396 5561 2451 5596 τε
2489 5545 2580 5596 καὶ
2627 5544 2898 5616 διαϐόητοι
2948 5547 3014 5598 δι’
3060 5544 3244 5625 αυτοῦ,
3293 5545 3386 5598 καὶ
3429 5545 3587 5598 τοῦτο
3613 5561 3711 5600 κε·-

620 5714 775 5770 Prov.
799 5732 847 5784 v,
880 5717 966 5772 29..
1047 5721 1089 5751 ⁷³
1128 5722 1266 5777 Psal.
1303 5737 1492 5785 cxvm,
1537 5720 1622 5775 90.
1700 5724 1744 5754 ⁷⁵
1772 5726 1935 5778 Amos
1968 5738 2047 5787 ιιι,
2081 5724 2134 5775 6.
