4092 6202
332 391 398 447 30
1186 369 1738 435 COMMENTARIUS
1775 367 1841 424 IN
1882 367 2286 424 ZAClIARlAM
2320 362 2768 422 PROPHETAM.

3515 360 3585 419 90

327 503 681 578 κερδάκασιν.
721 499 784 552 Εἰ
812 497 921 569 γάρ
955 512 1007 548 τι
1037 495 1130 548 καὶ
1155 491 1471 564 δεδράκασι.
1498 488 1590 544 καὶ
1618 482 1908 557 κατηνδρί-

2015 482 2155 537 inine
2188 479 2312 535 mali
2341 481 2441 535 hoc
2472 477 2592 533 loco
2609 473 2951 531 aﬂlictionem
2980 470 3295 543 accipimus)
3313 470 3585 552 quomodo

327 576 494 652 σαντο
534 591 728 663 χωρῶν
769 589 803 659 ἢ
858 586 1097 651 πόλεων,
1150 581 1315 638 αὐτοῦ
1366 579 1775 642 κατανεύοντος,
1827 576 1908 638 είς

326 690 488 743 τοῦτο
514 685 577 756 δὴ
608 681 775 736 πάλιν
809 677 1081 749 προῆλθον
1111 672 1316 745 ἰσχύος.
1342 673 1405 726 El
1436 672 1547 742 γάρ
1587 671 1733 723 ἐστιν
1771 666 1907 737 άλη·

326 781 426 850 θὴς
452 779 482 830 ὁ
507 772 799 844 προφήτης
819 768 996 837 λέγων
1017 782 1031 797 ⁸
1067 786 1085 817 ι
1125 766 1240 820 Ούκ
1270 764 1386 817 ἔστι
1432 761 1599 818 κακία
1636 761 1693 815 ἐν
1732 757 1905 822 πόλει,

425 868 632 938 Κύριος
662 864 765 919 οὐκ
790 860 1013 931 ἐποίησε
1033 875 1046 889 ⁸
1089 876 1108 909 ι
1145 856 1343 911 κακίαν
1382 854 1441 909 δέ
1478 869 1659 924 φαμεν
1697 852 1754 904 ἐν
1785 847 1909 903 τού-

328 978 438 1025 τοις
462 960 563 1031 τὴν
584 958 831 1013 κάκωσιν
854 969 870 986 ο
894 950 1016 1013 πῶς
1048 948 1114 1003 ἂν
1134 949 1339 1003 ἐκεῖναι
1377 945 1708 1015 κατίσχυσαν
1736 938 1907 995 ἐθνῶν

320 1054 423 1108 καὶ
459 1049 678 1123 χωρῶν,
710 1048 786 1120 μὴ
816 1046 939 1117 ούχὶ
974 1045 1039 1118 δὴ
1072 1043 1256 1113 πάλιν,
1292 1039 1461 1095 αὑτοῦ
1489 1037 1551 1091 τὸ
1580 1033 1906 1105 κατισχύσαι

328 1145 588 1215 νέμοντος
616 1137 1009 1209 οἱκονομικῶς;
1046 1136 1202 1198 Τίνες
1229 1132 1284 1187 δὲ
1316 1132 1381 1201 δὴ
1416 1130 1507 1184 καὶ
1534 1129 1591 1182 αί
1619 1125 1905 1215 βασιλεῖαι,

331 1214 521 1307 καιρὸς
569 1233 672 1304 ήδη
703 1231 903 1299 λέγειν.
955 1226 1164 1282 Οὐκοῦν
1190 1229 1248 1279 ἐν
1287 1225 1385 1295 μὲν
1433 1222 1512 1292 τῷ
1572 1220 1779 1291 ἅρματι
1828 1214 1906 1286 τῷ

332 1327 553 1398 πρώτῳ,
577 1325 766 1395 φησὶν,
792 1323 949 1375 ἵπποι
964 1319 1185 1391 πυρροί,
1206 1317 1306 1388 τῆς
1325 1312 1605 1369 Χαλδαίων
1629 1308 1907 1380 βασιλείας

329 1416 740 1479 άνατυποῦντες
773 1413 858 1483 ἐφ’
899 1413 1110 1475 ἑαυτοῖς
1151 1408 1250 1480 τὴν
1296 1407 1574 1479 ὠμότητα.
1623 1402 1907 1474 Πυρῤὀτης

330 1513 438 1584 γάρ
467 1513 597 1582 ἡμῖν
644 1508 745 1579 τὴν
790 1506 1024 1577 αἵματος
1051 1503 1208 1575 χύσιν
1240 1500 1607 1556 ύπαινίττοιτο
1637 1496 1724 1562 ἂν,
1764 1491 1908 1548 κατά

331 1582 487 1676 γετὸ
533 1603 716 1667 είκὸς’
748 1600 1065 1670 φιλαίματοι
1111 1593 1220 1665 γὰρ
1268 1592 1387 1645 λίαν
1437 1590 1487 1642 οί
1535 1582 1903 1640 Βαϐυλώνιοι·

330 1713 474 1772 εἶλον
503 1715 613 1784 γὰρ
665 1711 818 1767 αὐτοὶ
858 1709 959 1780 τὴν
1002 1704 1284 1768 Ἰουδαίαν,
1336 1702 1432 1755 καὶ
1468 1698 1569 1761 τὰς
1615 1699 1673 1751 ἐν
1706 1696 1771 1766 τῇ
1799 1693 1906 1784 Σαξ-

334 1782 538 1881 μαρείᾲ
567 1782 762 1867 πόλεις,
807 1799 1022 1872 φειδοῦς
1062 1797 1279 1866 ἀπάσης
1326 1790 1688 1865 ἐξῃρημένης.
1731 1786 1819 1881 ΪΕν
1846 1782 1905 1881 δὲ

330 1875 645 1971 τῷ-ἆρματι
672 1895 751 1966 τῷ
783 1893 1023 1964 δευτέρῳ
1049 1891 1205 1944 ἵπποι
1229 1887 1477 1959 μέλανες.
1510 1884 1692 1936 Ἔοικε
1724 1878 1786 1971 δὲ⁸
1808 1875 1908 1946 τὴν

333 1968 561 2061 Περσῶν
590 2003 651 2040 τε
683 1985 780 2039 καὶ
800 1982 999 2054 Μήδων
1025 1980 1126 2051 τὴν
1143 1978 1249 2032 ὑπό
1268 1994 1331 2046 γε
1352 1975 1542 2045 Κύρῳ,
1564 1989 1638 2042 φη
1646 1971 1729 2041 μὶ,
1764 1968 1911 2039 βασι-

332 2083 483 2136 λείαν
517 2075 837 2149 ὁποδηλοῦν.
888 2072 1075 2128 Μέλαν
1102 2071 1159 2124 δὲ
1187 2071 1283 2124 καὶ
1318 2067 1531 2128 τούτοις
1569 2061 1910 2134 περιτέθεικε

332 2176 551 2246 χρῶμα,
580 2170 671 2227 διά
695 2169 777 2232 τὸ,
806 2162 981 2238 οἶμαι,
1020 2162 1268 2217 πλεῖστόν
1301 2176 1363 2214 τε
1390 2159 1514 2212 ὅσον
1540 2156 1636 2210 καὶ
1664 2152 1911 2224 ἀμέτρη-

330 2243 424 2320 τον
457 2243 572 2327 τοῖς
611 2258 894 2315 Χαλδαίων
942 2257 1149 2311 ἔθνεσιν
1197 2250 1484 2324 ἐπιρῤίψαι
1532 2247 1786 2308 θάνατον,
1818 2243 1912 2297 καὶ

329 2360 462 2431 ὃλην
503 2357 689 2418 αὐτοῖς
735 2352 832 2423 τὴν
857 2350 1043 2423 χώραν
1085 2348 1145 2400 ὲν
1200 2344 1384 2399 πένθει
1430 2338 1684 2410 γενέσθαι
1728 2352 1911 2431 παραο

332 2425 619 2505 σκευάσαι.
670 2445 905 2507 Πάνθους
942 2442 999 2495 δὲ
1035 2439 1133 2494 καὶ
1166 2437 1399 2492 θανάτου
1429 2433 1489 2487 τδ
1535 2431 1695 2501 φαιὸν
1730 2427 1796 2482 ἂν
1822 2425 1908 2497 εῐη

334 2541 625 2613 σύμϐολον,
652 2536 898 2599 Δευκοὺς
929 2534 986 2588 δὲ
1023 2529 1162 2587 εἷναί
1195 2545 1329 2600 φησι
1357 2526 1482 2588 τοὺς
1519 2524 1577 2576 ἐν
1602 2520 1809 2613 ἅρματι
1832 2516 1911 2588 τῷ

332 2611 529 2707 τρίτῳ,
556 2632 654 2704 τὴν
683 2629 953 2699 Ἐλλήνων
984 2642 1089 2679 που
1126 2623 1268 2693 τάχα
1304 2620 1399 2674 καὶ
1424 2614 1752 2707 Μακεδύνων
1780 2611 1912 2707 ύῇπο-

334 2702 552 2798 φαίνων
578 2702 766 2795 ἀρχὴν,
802 2719 901 2774 εἴτ’
933 2712 1027 2774 οὖν
1075 2716 1177 2786 τὴν
1220 2710 1572 2780 Ἀλεξάνδρου
1610 2702 1907 2798 βασιλείαν.

334 2793 543 2875 Ᾰευκοὶ
570 2793 645 2881 δέ,
686 2793 767 2868 ὅτι
806 2813 901 2866 καὶ
940 2809 1292 2881 ἁϐροδίαιτοι,
1327 2805 1420 2857 καὶ
1458 2804 1517 2855 ἐν
1565 2798 1785 2858 λευκαῖς
1835 2793 1911 2857 ὡς

337 2911 541 2964 ἐπίπαν
569 2906 781 2970 στολαῖς
804 2903 872 2958 τά
909 2902 1177 2973 Ἐλλήνων
1200 2897 1327 2967 ἔθνη
1346 2912 1359 2927 ο
1394 2894 1488 2947 καὶ
1513 2892 1596 2945 ὅτι
1618 2889 1717 2959 τὴν
1741 2883 1913 2955 γλῶτ-

334 3019 435 3055 ταν
461 3001 671 3069 σαφεῖς,
701 2997 802 3066 τῆς
841 2993 1115 3066 βαρϐάρου
1157 2990 1340 3060 φωνῆς
1361 2985 1422 3040 τὸ
1449 2983 1611 3038 οἱονεὶ
1638 2976 1913 3033 σκοτεινὸν

336 3093 439 3145 οὐκ
457 3089 691 3159 ἔχοντες.
719 3088 810 3140 Ἐν
837 3086 893 3139 δὲ
923 3083 1002 3153 τῷ
1021 3080 1289 3152 τετάρτῳ,
1317 3076 1500 3147 φησίν,
1526 3074 1733 3143 ἅρματι
1756 3070 1914 3123 ἵπποι

336 3183 483 3246 τινὲς
512 3177 655 3253 ἦσαν
691 3178 925 3233 ποικίλοι
969 3175 1066 3229 καὶ
1093 3171 1276 3244 ψαροί
1317 3168 1493 3223 ἰστέον
1518 3164 1597 3230 δὲ,
1626 3166 1708 3219 ὅτι
1739 3165 1771 3233 ἡ
1806 3161 1914 3253 τῶν

351 3250 617 3344 Ἑϐραίων
656 3270 890 3334 ἐκδοσις,
941 3266 1037 3320 καὶ
1084 3264 1260 3333 ἕτεροι
1303 3260 1360 3312 δέ
1389 3274 1532 3319 τινες
1586 3255 1695 3308 τῶν
1741 3250 1915 3307 ἄλλων
1943 3259 1986 3319 c

340 3362 710 3436 ἑρμηνευτῶν,
737 3361 858 3415 ἀντὶ
878 3358 996 3423 τοῦ,
1021 3355 1225 3426 ψαροὶ,
1248 3351 1523 3407 τεθείκασι
1549 3347 1632 3414 τὸ,
1653 3345 1912 3415 ἰσχυροί.

344 3457 493 3528 Πλὴν
518 3456 612 3511 και
664 3453 869 3524 ταύτην
896 3448 1037 3506 εἷναί
1083 3463 1263 3519 φαμεν
1301 3445 1398 3517 τὴν
1439 3442 1728 3513 Ῥωμαίων
1762 3439 1915 3511 βασι-

339 3548 513 3611 λείαν,
549 3547 637 3601 άεί
664 3562 781 3608 πως
806 3544 1037 3614 ἔχουσαν
1066 3543 1124 3594 ἐν
1155 3541 1265 3602 τοῖς
1289 3535 1430 3591 κατὰ
1453 3534 1678 3605 καιροὺς
1701 3531 1919 3603 βεϐασι-

344 3640 561 3694 λευκότι
593 3638 653 3691 τὸ
686 3636 927 3691 ποικίλον
965 3636 1044 3697 είς
1087 3631 1149 3685 τὸ
1198 3628 1454 3700 εὐμαθὲς,
1495 3628 1591 3680 καὶ
1639 3623 1773 3695 βαθύ
1802 3638 1918 3684 πως

341 3736 423 3799 είς
473 3731 697 3807 φρένας.
739 3726 1101 3784 Συνετώτατοι
1145 3721 1255 3794 γὰρ
1315 3721 1408 3775 καὶ
1456 3718 1593 3791 πρός
1639 3733 1702 3785 γε
1744 3713 1918 3785 τούτῳ

343 3826 441 3881 καὶ
484 3822 856 3894 ἀλκιμώτατοι
898 3815 1154 3888 γεγόνασί
1182 3832 1242 3868 τε
1284 3814 1378 3866 καὶ
1420 3811 1579 3875 είσὶν,
1626 3810 1676 3862 oi
1716 3808 1784 3861 τὰ
1822 3807 1919 3877 τῆς

355 3918 644 3989 Ῥωμαίων
671 3917 847 3987 ἀρχῆς
875 3911 1154 3974 διέποντες
1193 3907 1391 3979 κράτη.
1426 3904 1703 3958 Τέθεινται
1730 3900 1787 3954 δὲ
1827 3900 1920 3953 καὶ

342 4011 642 4065 τελευταῖοι
693 4006 832 4080 μετὰ
870 4005 997 4070 τοὺς
1044 4002 1294 4074 πρώτους
1334 3998 1478 4053 κατά
1522 4013 1586 4066 γε
1624 3995 1752 4058 τοὺς
1795 3992 1920 4063 χρό-

345 4120 489 4167 νους.
509 4101 738 4172 Ἰδωμεν
758 4099 812 4152 δὲ
834 4097 928 4152 καὶ
946 4096 1046 4167 τὴν
1069 4094 1301 4148 ἑκάστου
1327 4091 1435 4146 τῶν
1454 4088 1738 4161 ἁρμάτων,
1752 4086 1919 4157 ἤγουν

350 4194 647 4267 βασιλείας,
679 4191 876 4256 ἔξοδον,
914 4190 1049 4244 ὅπου
1085 4204 1144 4240 τε
1166 4184 1501 4247 διανένευκε,
1532 4182 1625 4235 καὶ
1648 4180 1741 4232 ἐπὶ
1777 4177 1918 4230 τίσιν

346 4291 586 4361 ἔρχεται.
619 4283 935 4355 Σαφεστάτη
976 4281 1085 4352 γὰρ
1120 4278 1263 4332 οὕτω
1289 4274 1484 4346 γένοιτ’
1510 4273 1576 4327 ἂν
1604 4274 1733 4344 ἡμῖν
1757 4271 1791 4342 ἡ
1814 4269 1920 4361 τῆς

348 4358 580 4452 θεωρίας
601 4377 873 4438 ἀπόδοσις.
890 4373 1144 4443 Τέσσαρα
1168 4369 1267 4441 μὲν
1286 4368 1394 4439 γὰρ
1411 4370 1440 4421 ὁ
1473 4367 1758 4438 προφήτης
1783 4358 1920 4416 εἷναί

346 4490 499 4544 φησι.
529 4468 898 4540 διαμέμνηται
922 4464 979 4518 δὲ
1010 4462 1198 4535 τριῶν,
1222 4460 1319 4515 καὶ
1348 4458 1605 4530 σεσίγηκε
1635 4456 1731 4510 τοῦ
1765 4452 1918 4526 πρώο

2011 588 2173 643 regna
2203 573 2294 627 illa
2334 579 2521 641 gentes
2551 578 2605 623 et
2628 566 2876 637 regiones
2926 564 3284 627 domuissent,
3314 563 3359 619 si
3385 563 3502 632 ipse
3528 574 3588 618 ut

2008 663 2237 720 domare
2297 670 2519 734 possent
2565 655 3033 715 administratorie
3062 654 3168 709 illis
3195 669 3301 709 non
3331 654 3591 709 donavis-

2011 754 2132 813 set?
2158 753 2288 821 Quae
2344 762 2525 807 autem
2554 763 2718 821 regna
2745 748 2846 803 ista
2882 745 3107 807 iuerint.
3149 745 3394 815 sequitur
3412 752 3473 799 ut
3493 743 3577 798 di-

2010 859 2217 899 camus.
2253 842 2309 899 ln
2356 857 2517 898 curru
2564 840 2729 911 igitur
2783 837 2982 906 primo,
3040 834 3240 906 inquit,
3278 834 3405 903 equi
3462 833 3584 904 ruﬁ,

2008 932 2379 989 Chaldaeorum
2465 926 2791 983 monarcliiai
2855 923 3227 979 crudelitatem
3290 936 3587 993 repraesen-

2011 1031 2212 1078 tantes.
2274 1020 2447 1077 Rufus
2495 1021 2639 1074 enim
2661 1017 2813 1073 color
2879 1013 3159 1086 sanguinis
3215 1012 3586 1084 profusionem

2009 1114 2167 1169 nobis
2219 1123 2340 1182 apte
2366 1106 3002 1179 insinuat;sanguinarii
3065 1105 3209 1161 enim
3234 1104 3582 1160 vehementer

2008 1204 2288 1275 Babylonii
2323 1204 2463 1273 :ipsi
2526 1202 2669 1257 enim
2722 1199 2970 1256 Judaeam
3022 1206 3079 1253 et
3116 1196 3278 1252 urbes
3326 1194 3588 1251 Samaria:

2009 1292 2144 1348 citra
2191 1306 2404 1347 omnem
2440 1288 2869 1357 misericordiam
2910 1293 3276 1341 vastaverunt.
3310 1283 3370 1339 In
3423 1299 3586 1339 curru

2009 1379 2247 1436 secundo
2270 1379 2393 1450 equi
2416 1378 2574 1449 nigri.
2616 1377 2734 1444 Quo
2765 1375 3054 1432 Persarum
3082 1382 3139 1430 et
3176 1373 3452 1430 Medorum
3487 1373 3588 1428 sub

2009 1471 2151 1543 Cyro
2229 1470 2623 1536 monarchiam,
2693 1468 2934 1538 inquam,
2994 1466 3208 1522 videtur
3261 1465 3584 1535 signiﬁcare.

2011 1561 2180 1633 Niger
2233 1561 2384 1617 color
2416 1561 2502 1616 his
2532 1559 2807 1626 tribuitur,
2835 1559 2978 1630 quod
3015 1557 3171 1626 longe
3224 1555 3486 1627 plurimas
3534 1565 3591 1610 et

2010 1655 2311 1710 immensas
2348 1650 2402 1707 in
2435 1651 2685 1707 Chaldaea
2703 1659 2863 1720 gente
2910 1659 3120 1718 strages
3158 1647 3464 1711 ediderunt,
3506 1653 3587 1700 to-

2017 1754 2240 1814 tumque
2297 1757 2519 1813 regnum
2560 1742 2611 1796 in
2640 1741 2840 1796 luctum
2878 1741 3241 1810 coniecerunt.
3271 1736 3473 1791 Luctus
3493 1751 3592 1790 au-

1939 1848 1982 1903 Β
2016 1845 2124 1891 tem
2181 1844 2237 1890 et
2269 1834 2460 1889 mortis
2491 1832 2792 1901 symbolum
2830 1829 2984 1901 niger
3008 1830 3159 1885 color
3205 1836 3309 1883 est.
3344 1827 3399 1881 In
3428 1826 3589 1881 tertio

2010 1928 2086 1983 ait
2115 1941 2238 1983 esse
2287 1926 2456 1991 albos,
2516 1923 2828 1979 Graecorum
2864 1921 3099 1976 fortasse
3153 1926 3208 1973 et
3236 1916 3585 1972 Macedonum

2009 2016 2317 2086 imperium,
2342 2017 2458 2071 sive
2490 2013 2782 2070 Alexandri
2822 2027 3043 2083 regnum
3070 2010 3439 2066 subindicans.
3465 2008 3585 2064 Albi

2008 2112 2213 2174 autem,
2238 2105 2365 2177 quia
2388 2104 2613 2161 delicate
2641 2103 2903 2169 viventes,
2928 2111 2984 2156 et
3009 2100 3145 2155 albis
3169 2099 3410 2155 vestibus
3448 2113 3588 2168 pene

2004 2210 2197 2253 omnes
2258 2194 2551 2266 gaudentes
2597 2192 2821 2249 Gracia
2877 2191 3056 2263 populi
3094 2209 3109 2246 :
3144 2198 3200 2246 et
3229 2190 3356 2259 quia
3420 2188 3473 2242 in
3503 2188 3584 2242 lo-

2009 2289 2227 2358 quando
2266 2286 2537 2359 perspicui
2591 2286 2731 2341 citra
2761 2285 2957 2356 lingua:
2985 2284 3231 2340 barbaras
3261 2281 3408 2338 velut
3434 2290 3586 2337 tene-

2008 2380 2158 2436 bras.
2184 2379 2241 2434 ln
2296 2387 2493 2450 quarto
2539 2393 2725 2444 curru,
2758 2378 2950 2447 inquit,
2990 2375 3115 2447 equi
3147 2382 3304 2429 erant
3334 2373 3471 2428 varii
3534 2385 3590 2427 et

1991 2468 2432 2536 'multicolores;
2471 2470 2616 2525 scias
2661 2468 2807 2532 licet,
2856 2465 3135 2522 Hebraeam
3189 2465 3505 2524 editionem,
3534 2472 3589 2519 et

2011 2563 2270 2631 quosdam
2326 2561 2652 2630 interpretes
2689 2574 2787 2629 pro
2813 2557 2983 2629 ψαροί
3010 2599 3026 2625 ,
3066 2556 3447 2619 multicolora,
3492 2570 3591 2626 po-

2011 2653 2184 2708 suisse
2216 2652 2446 2723 ίσχυροί,
2465 2652 2648 2716 validi,
2673 2665 2767 2706 seu
2797 2649 3026 2707 robusti.
3044 2647 3427 2704 Verumtamen
3451 2648 3589 2701 hanc

2016 2744 2381 2798 llomanorum
2439 2742 2813 2797 monarchiam
2848 2756 2969 2796 esse
3008 2740 3261 2806 dicimus,
3295 2754 3415 2808 qua:
3443 2753 3589 2793 seni-

2014 2851 2109 2905 per
2142 2834 2279 2888 inter
2330 2834 2564 2889 diversis
2606 2831 2941 2902 temporibus
2987 2840 3276 2900 regnantes
3326 2831 3589 2885 varietate

2014 2926 2304 2982 docilitatis
2337 2926 2496 2995 702
2532 2934 2586 2980 et
2637 2923 2743 2978 alta
2769 2922 3114 2993 intelligentia
3137 2922 3323 2976 valuit.
3344 2920 3588 2976 Pruden~

2018 3018 2212 3073 tissimi
2254 3017 2398 3071 enim
2423 3026 2479 3072 et
2526 3017 2749 3087 insuper
2783 3014 3068 3070 fortissimi
3095 3015 3334 3080 fuerunt,
3366 3023 3589 3081 etsunt,

2019 3107 2249 3162 Romani
2338 3106 2673 3175 principatus
2760 3105 3044 3175 imperium
3126 3104 3589 3161 administrantes.

2017 3200 2297 3254 Ponuntur
2315 3209 2496 3254 autem
2527 3197 2646 3253 loco
2676 3207 2950 3267 postremo
2973 3214 3005 3252 a
3040 3198 3257 3265 primis,
3291 3200 3589 3253 secundum

2021 3302 2282 3361 tempora.
2302 3290 2721 3346 Consideremus
2752 3288 2865 3359 jam
2929 3288 3351 3358 uniuscuiusque
3375 3300 3588 3353 currus,

2018 3398 2112 3438 seu
2174 3380 2502 3437 ιιιοιιιιτοιιὶω
2559 3393 2865 3450 egressum,
2916 3393 3026 3448 quo
3075 3378 3316 3447 inclinet,
3372 3388 3429 3432 et
3484 3392 3593 3447 quo

2025 3474 2229 3528 tendat.
2286 3471 2377 3528 Sic
2408 3472 2553 3526 enim
2598 3486 2760 3540 quam
2785 3470 3096 3540 planissime
3118 3470 3261 3540 quod
3283 3470 3594 3526 considera-

2019 3578 2138 3617 mus
2190 3561 2619 3632 explanabimus.
2669 3560 2909 3626 Quatuor
2959 3559 3176 3629 quidem
3240 3560 3416 3630 inquit
3468 3574 3593 3615 esse

2021 3655 2305 3723 propheta,
2330 3652 2424 3706 sed
2457 3652 2621 3706 trium
2647 3649 3179 3723 egressusmeminit,
3231 3650 3390 3722 primi
3431 3657 3591 3706 tacet.

2022 3744 2273 3816 Repetam
2309 3743 2494 3812 paucis
2520 3742 2665 3813 quod
2717 3741 2850 3797 dixi.
2883 3740 2939 3795 In
2975 3741 3150 3811 primo
3170 3742 3246 3797 ait
3299 3740 3448 3796 ruios
3473 3755 3596 3797 esse

2021 3850 2211 3905 equos.
2270 3832 2465 3904 Incipit
2522 3842 2705 3904 autem
2755 3846 2786 3887 a
2814 3831 3075 3897 secundo,
3100 3839 3157 3888 et
3176 3831 3300 3887 ait:
3336 3849 3357 3883 ι
3402 3830 3460 3886 ιιι
3485 3846 3608 3901 quo.

2022 3938 2177 3983 erant
2208 3928 2331 3998 equi
2357 3925 2518 3997 nigri,
2545 3923 2966 3993 egrediebantur
2992 3922 3061 3977 ad
3079 3931 3279 3977 terram
3304 3921 3594 3992 aquilonis.

2022 4031 2071 4075 et
2115 4020 2222 4075 albi
2247 4020 2618 4088 sequebantur
2671 4030 2787 4071 eos.
2815 4015 2882 4069 Et
2909 4013 3046 4067 varii
3076 4013 3497 4084 egrediebantur
3525 4014 3594 4067 ad

2026 4124 2222 4167 terram
2271 4108 2587 4165 australem.
2620 4126 2640 4159 ι
2668 4105 2775 4163 Sed
2816 4104 3065 4175 quamvis
3088 4104 3252 4158 addat
3294 4103 3594 4157 multicolo-

2025 4218 2123 4268 res,
2158 4215 2263 4255 non
2296 4199 2414 4255 ideo
2431 4207 2664 4269 quatuor
2695 4209 2890 4251 currus
2940 4192 3262 4247 memorabit
3289 4209 3303 4246 :
3328 4206 3452 4247 nam
3481 4205 3595 4246 eos-

2023 4293 2144 4347 dem
2184 4304 2306 4346 esse
2361 4303 2487 4344 cum
2550 4288 2718 4342 variis
2774 4286 3046 4355 ponimus.
3103 4285 3198 4340 Ait
3247 4284 3437 4339 enim:
3473 4301 3493 4335 ι
3537 4282 3594 4337 ιιι

2024 4397 2185 4437 curru
2235 4390 2428 4451 quarto
2475 4386 2633 4435 erant
2677 4378 2804 4448 equi
2860 4377 2995 4431 varii
3045 4384 3102 4432 et
3143 4375 3532 4435 multicolores.
3569 4394 3589 4426 ι

2023 4478 2208 4533 Trium
2274 4474 2539 4541 meminit,
2566 4474 2741 4543 primo
2779 4471 3079 4542 praeterito.
3106 4470 3237 4537 Quae
3268 4471 3490 4538 sitergo
3513 4479 3590 4525 ιοο

346 4586 435 4623 rw
459 4566 558 4637 τὴν
586 4561 786 4626 ἔξοδον.
827 4557 1149 4628 Ἀναμνήσω
1173 4553 1228 4607 δὲ
1257 4552 1346 4607 διὰ
1378 4550 1643 4623 βραχέων,
1664 4547 1738 4612 ὡς
1758 4546 1914 4618 ἔφην.

2027 4571 2133 4626 tius
2160 4567 2479 4625 meonomiaa
2507 4565 2669 4631 ratio,
2699 4577 2800 4634 age
2832 4560 3183 4618 docilioribus
3204 4574 3302 4629 pro
3332 4558 3473 4613 virili
3499 4576 3594 4615 no-

360 4660 444 4714 Ἐν
479 4657 580 4729 μὲν
625 4653 735 4725 γάρ
765 4649 844 4722 τῷ
878 4648 1078 4721 πρώτῳ
1130 4646 1264 4716 φησὶ
1309 4642 1552 4716 πυρροὺς
1598 4638 1740 4694 εἶναι
1791 4641 1919 4703 τοὺς

347 4752 564 4811 immo;
599 4746 861 4816 ’Δρχεται
892 4741 948 4795 δὲ
990 4739 1099 4794 ἀπὸ
1138 4737 1232 4791 τοῦ
1270 4733 1544 4807 δευτέρου,
1576 4733 1668 4788 καί
1721 4748 1914 4803 φησιν·

349 4859 368 4892 ι
412 4841 503 4893 Ἐν
522 4832 567 4907 ᾧ
591 4834 732 4910 ἦσαν
763 4837 814 4889 οί
859 4835 1015 4888 ἵπποι
1041 4832 1089 4884 oi
1123 4829 1373 4902 μέλανες,
1403 4825 1785 4896 ἐξεπορεύοντο
1827 4824 1921 4877 ἐπὶ

345 4933 444 5003 γῆν
482 4931 675 5003 βορρᾶ,
702 4930 798 4983 καὶ
838 4929 888 4981 οί
934 4925 1117 4979 λευκοὶ
1161 4920 1543 4992 ἐξεπορεύοντο
1591 4917 1919 4972 κατόπισθεν

343 5024 542 5077 αὐτῶν.
573 5022 685 5075 Καὶ
707 5021 756 5075 οἱ
782 5019 1015 5074 ποικίλοι
1043 5014 1427 5087 ἐξεπορεύοντο
1454 5014 1547 5067 ἐπὶ
1567 5013 1670 5085 γῆν
1688 5011 1861 5065 νότου.
1892 5028 1910 5060 ι

345 5118 406 5170 Ei
431 5117 491 5170 δὲ
518 5115 587 5185 δὴ
626 5112 969 5186 προσεπάγει
1002 5110 1129 5174 τοὺς
1152 5107 1404 5179 ψαροὺς.
1438 5105 1499 5160 ού
1517 5103 1798 5176 τεσσάρων
1829 5104 1920 5174 άρο

348 5211 532 5281 μάτων
564 5207 1015 5279 διαμεμνήσεταιο
1048 5205 1174 5266 τοὺς
1210 5200 1320 5273 γὰρ
1353 5199 1550 5262 αὐτοὺς
1580 5192 1719 5250 εἶναι
1758 5195 1919 5249 δεδώ-

345 5304 520 5374 καμεν
551 5305 665 5366 τοῖς
707 5299 991 5362 ποικίλοις.
1024 5317 1042 5350 ι
1088 5298 1176 5363 Ἐν
1208 5295 1317 5365 γὰρ
1358 5293 1436 5364 τῷ
1478 5292 1683 5362 ἅρματι
1712 5290 1791 5361 τῷ
1830 5307 1919 5343 τε-

343 5396 549 5465 τάρτῳ,
580 5394 765 5463 φησὶν,
795 5388 936 5464 ἦσαν
958 5392 1117 5446 ἵπποι
1133 5388 1369 5443 ποικίλοι
1393 5386 1487 5440 καὶ
1507 5383 1694 5455 ψαροὶ.
1721 5402 1739 5435 ι
1770 5382 1916 5437 Ούκ-

342 5483 438 5536 οὖν
472 5483 642 5554 τριῶν
669 5483 1059 5555 διαμέμνηται,
1092 5481 1376 5551 σιωπήσας
1430 5476 1493 5530 τὸ
1550 5475 1764 5546 πρῶτον
1824 5473 1922 5536 Τίς

324 5571 435 5628 ὀὖν
472 5574 583 5644 ἄρα
611 5574 727 5627 ἐστὶ
748 5575 846 5644 τῆς
873 5574 1000 5645 ὅλης
1034 5572 1345 5642 οίκονομίας
1373 5572 1401 5624 ό
1431 5570 1609 5638 λόγος,
1639 5565 1775 5644 φέρε
1810 5571 1924 5628 τοῖς

2026 4674 2136 4717 stra
2158 4660 2482 4731 aperiamus.
2502 4656 2681 4726 Equos
2712 4654 2863 4711 rufos
2890 4652 3231 4709 asseruimus
3258 4665 3380 4707 esse
3398 4642 3594 4706 cruen-

2031 4765 2140 4809 tuin
2204 4751 2583 4808 Chaldaeorum
2632 4746 2944 4818 imperium,
2992 4744 3137 4815 quod
3164 4742 3408 4798 funditus
3429 4751 3592 4797 totam

2028 4846 2265 4902 Judaeain
2308 4843 2528 4907 evertit,
2559 4850 2615 4896 et
2671 4839 2913 4896 incensis
2935 4835 3054 4907 eius
3087 4834 3313 4892 urbibus
3335 4832 3591 4892 lsraclem

2028 4938 2299 5007 captivum
2322 4934 2540 4990 abduxit
2569 4931 2821 5001 ;nomine
2845 4931 3150 5001 nigrorum,
3173 4926 3462 4983 Persarum
3481 4924 3593 4980 lle-

2037 5028 2340 5096 dorumque
2384 5021 2753 5079 monarchiam
2807 5018 3135 5088 accepimus.
3190 5014 3249 5071 In
3279 5014 3415 5071 albis
3437 5025 3597 5084 porro

2028 5118 2316 5174 Alexandri
2376 5126 2431 5171 et
2463 5114 2816 5170 Macedonum
2846 5111 3136 5181 imperium
3161 5105 3596 5166 describebatur,

2024 5224 2147 5280 qua:
2178 5206 2338 5261 ambo
2387 5203 2654 5260 Οιιιιιιίεεαι
2679 5215 2829 5257 arma
2853 5199 3172 5262 intulerunt,
3199 5207 3427 5262 eamque
3457 5190 3601 5246 bello

2026 5299 2288 5355 acerrimo
2306 5301 2659 5366 occuparunt,
2697 5293 2935 5364 primum
2963 5290 3180 5361 quidem
3212 5285 3411 5356 Cyrus,
3444 5290 3596 5352 post-

2025 5406 2086 5445 ea
2140 5388 2462 5454 Alexander,
2514 5386 2604 5455 qui
2648 5393 2706 5442 et
2779 5384 2952 5453 ipsum
3007 5378 3226 5436 Darium
3281 5373 3424 5444 cepit
3446 5372 3600 5445 juxta

2024 5480 2217 5547 Issum,
2235 5490 2551 5546 utvocatur,
2578 5479 2763 5534 urbem
2793 5474 3017 5537 Ciliciae,
3058 5467 3290 5525 inﬁnitis
3309 5466 3596 5524 Persarum

2029 5573 2259 5629 millibus
2309 5571 2664 5641 interemptis.
2715 5567 2880 5623 Fama
2934 5572 3035 5629 est,
3066 5575 3320 5634 magnum
3381 5560 3598 5631 ossium

344 5667 788 5740 εύμαθεστέροις,
824 5667 898 5730 ὠς
928 5666 1028 5730 ἔνι,
1070 5664 1337 5734 λέγωμεν.
1367 5663 1505 5724 Τοὺς
1529 5662 1772 5732 πυρροὺς
1785 5657 1914 5714 εἶναι

2029 5679 2283 5718 acervum
2310 5663 2603 5717 excitatum
2623 5661 2689 5714 de
2709 5658 2794 5725 iis,
2818 5657 2909 5726 qui
2952 5654 3148 5711 ibidem
3179 5654 3549 5708 occubuerunt
3573 5660 3589 5705 ξ

347 5760 795 5830 δινεὸεὸαιούμεθα
826 5760 924 5830 τὴν
948 5758 1271 5829 φιλαίματον
1300 5755 1407 5810 τῶν
1425 5754 1710 5808 Χαλδαίων
1728 5755 1919 5826 ἀρχὴν,

2030 5755 2256 5809 incisum
2277 5762 2359 5807 est
2387 5767 2601 5821 quoque
2633 5749 2963 5819 epitaphium
2987 5747 3038 5803 in
3069 5747 3183 5800 haec
3207 5744 3364 5800 verba
3398 5767 3409 5799 ;

348 5852 384 5916 t
420 5854 514 5906 καὶ
550 5855 727 5907 πᾶσαν
768 5850 1007 5906 ἐκποδὼν
1039 5851 1210 5922 ᾕρηκε
1253 5848 1349 5921 τὴν
1386 5848 1672 5912 Ἰουδαίων,
1706 5848 1799 5901 καὶ
1826 5847 1918 5911 τὰς
1947 5846 2001 5899 ἐν
2087 5849 2219 5915 αὐτῇ
2270 5841 2711 5914 κατεμπιπρῶσα
2753 5840 2953 5904 πόλεις.
3013 5838 3345 5901 ἀπεκόμισεν
3380 5836 3453 5896 είς
3503 5830 3590 5883 αι-

508 6040 539 6060 δ
