  <div class='ocr_page' id='page_1' title='image "/cluster/home/n/w/nwhite01/storage/ocr_20150623/72/hvd.32044073502015/052.png"; bbox 0 0 4092 6202; ppageno 0'>
   <div class='ocr_carea' id='block_1_1' title="bbox 270 380 3549 465">
    <p class='ocr_par' dir='ltr' id='par_1_1' title="bbox 270 380 3549 465">
     <span class='ocr_line' id='line_1_1' title="bbox 270 380 3549 465; baseline -0.01 0"><span class='ocrx_word' id='word_1_1' title='bbox 270 398 354 465; x_wconf 73' lang='grc'><strong><em>’95</em></strong></span> <span class='ocrx_word' id='word_1_2' title='bbox 1140 387 1692 451; x_wconf 70' lang='lat' dir='ltr'><strong><em>COMMENTARIUS</em></strong></span> <span class='ocrx_word' id='word_1_3' title='bbox 1729 386 1795 442; x_wconf 76' lang='lat' dir='ltr'><strong><em>IN</em></strong></span> <span class='ocrx_word' id='word_1_4' title='bbox 1839 380 2246 443; x_wconf 64' lang='lat' dir='ltr'><strong><em>ZACHARIAM</em></strong></span> <span class='ocrx_word' id='word_1_5' title='bbox 2284 383 2732 443; x_wconf 71' lang='lat' dir='ltr'><strong><em>PROPHETAM.</em></strong></span> <span class='ocrx_word' id='word_1_6' title='bbox 3477 388 3549 449; x_wconf 72' lang='grc' dir='ltr'><em>οι</em></span> 
     </span>
    </p>
   </div>
   <div class='ocr_carea' id='block_1_2' title="bbox 279 503 1879 590">
    <p class='ocr_par' dir='ltr' id='par_1_2' title="bbox 279 507 1866 590">
     <span class='ocr_line' id='line_1_2' title="bbox 279 507 1866 590; baseline -0.01 -13"><span class='ocrx_word' id='word_1_7' title='bbox 279 522 358 587; x_wconf 80' lang='grc' dir='ltr'><em>τῆ</em></span> <span class='ocrx_word' id='word_1_8' title='bbox 390 516 579 590; x_wconf 74' lang='grc' dir='ltr'><em>ἡμέρα</em></span> <span class='ocrx_word' id='word_1_9' title='bbox 604 514 809 582; x_wconf 74' lang='grc' dir='ltr'><em>ἐκείνῃ</em></span> <span class='ocrx_word' id='word_1_10' title='bbox 839 514 930 580; x_wconf 79' lang='grc' dir='ltr'><strong><em>εις</em></strong></span> <span class='ocrx_word' id='word_1_11' title='bbox 955 512 1064 569; x_wconf 72' lang='grc' dir='ltr'><strong><em>τὸν</em></strong></span> <span class='ocrx_word' id='word_1_12' title='bbox 1086 512 1255 567; x_wconf 79' lang='grc' dir='ltr'><em>οἷκον</em></span> <span class='ocrx_word' id='word_1_13' title='bbox 1290 510 1514 565; x_wconf 83' lang='grc' dir='ltr'><strong><em>Ἰωσίου</em></strong></span> <span class='ocrx_word' id='word_1_14' title='bbox 1541 507 1649 563; x_wconf 84' lang='grc' dir='ltr'><em>τοῦ</em></span> <span class='ocrx_word' id='word_1_15' title='bbox 1678 510 1866 575; x_wconf 60' lang='grc' dir='ltr'><em>Σοφο-</em></span> 
     </span>
    </p>
   </div>
   <div class='ocr_carea' id='block_1_3' title="bbox 1983 503 3550 590">
    <p class='ocr_par' dir='ltr' id='par_1_3' title="bbox 1983 503 3550 576">
     <span class='ocr_line' id='line_1_3' title="bbox 1983 503 3550 576; baseline 0.004 -18"><span class='ocrx_word' id='word_1_16' title='bbox 1983 506 2161 560; x_wconf 76' lang='lat' dir='ltr'><strong><em>nientis</em></strong></span> <span class='ocrx_word' id='word_1_17' title='bbox 2182 521 2248 560; x_wconf 75' lang='lat' dir='ltr'><strong><em>ea:</em></strong></span> <span class='ocrx_word' id='word_1_18' title='bbox 2272 504 2556 576; x_wconf 75' lang='lat' dir='ltr'><strong><em>Babylone.</em></strong></span> <span class='ocrx_word' id='word_1_19' title='bbox 2592 503 2660 558; x_wconf 80' lang='lat' dir='ltr'><strong><em>Et</em></strong></span> <span class='ocrx_word' id='word_1_20' title='bbox 2679 504 2903 575; x_wconf 77' lang='lat' dir='ltr'><strong><em>accipies</em></strong></span> <span class='ocrx_word' id='word_1_21' title='bbox 2943 514 3214 576; x_wconf 75' lang='lat' dir='ltr'><strong><em>argentum</em></strong></span> <span class='ocrx_word' id='word_1_22' title='bbox 3239 516 3286 561; x_wconf 78' lang='lat' dir='ltr'><strong><em>et</em></strong></span> <span class='ocrx_word' id='word_1_23' title='bbox 3332 524 3550 565; x_wconf 68' lang='lat' dir='ltr'><strong><em>aurum.</em></strong></span> 
     </span>
    </p>
   </div>
   <div class='ocr_carea' id='block_1_4' title="bbox 268 597 1866 674">
    <p class='ocr_par' dir='ltr' id='par_1_4' title="bbox 268 597 1866 674">
     <span class='ocr_line' id='line_1_4' title="bbox 268 597 1866 674; baseline -0.011 -6"><span class='ocrx_word' id='word_1_24' title='bbox 268 613 441 672; x_wconf 81' lang='grc' dir='ltr'><em>νίου.</em></span> <span class='ocrx_word' id='word_1_25' title='bbox 470 609 576 666; x_wconf 81' lang='grc' dir='ltr'><em>τοῦ</em></span> <span class='ocrx_word' id='word_1_26' title='bbox 617 606 871 674; x_wconf 78' lang='grc' dir='ltr'><em>ἥκοντος</em></span> <span class='ocrx_word' id='word_1_27' title='bbox 901 605 970 659; x_wconf 69' lang='grc' dir='ltr'><strong><em>ἐκ</em></strong></span> <span class='ocrx_word' id='word_1_28' title='bbox 1003 602 1383 669; x_wconf 71' lang='grc' dir='ltr'><em>Βαϐυλῶνος.</em></span> <span class='ocrx_word' id='word_1_29' title='bbox 1418 601 1526 655; x_wconf 86' lang='lat' dir='ltr'><strong><em>Kal</em></strong></span> <span class='ocrx_word' id='word_1_30' title='bbox 1554 597 1729 667; x_wconf 71' lang='grc' dir='ltr'><strong><em>λήψῃ</em></strong></span> <span class='ocrx_word' id='word_1_31' title='bbox 1762 598 1866 667; x_wconf 83' lang='grc' dir='ltr'><strong><em>ἀρ-</em></strong></span> 
     </span>
    </p>
   </div>
   <div class='ocr_carea' id='block_1_5' title="bbox 280 690 1865 775">
    <p class='ocr_par' dir='ltr' id='par_1_5' title="bbox 280 690 1865 775">
     <span class='ocr_line' id='line_1_5' title="bbox 280 690 1865 775; baseline -0.009 -18"><span class='ocrx_word' id='word_1_32' title='bbox 280 708 494 775; x_wconf 79' lang='grc' dir='ltr'><em>τύριον</em></span> <span class='ocrx_word' id='word_1_33' title='bbox 532 700 632 754; x_wconf 80' lang='grc' dir='ltr'><strong><em>και</em></strong></span> <span class='ocrx_word' id='word_1_34' title='bbox 673 699 935 770; x_wconf 80' lang='grc' dir='ltr'><em>χρυσίον</em></span> <span class='ocrx_word' id='word_1_35' title='bbox 959 737 974 758; x_wconf 93' lang='grc'><strong><em>,</em></strong></span> <span class='ocrx_word' id='word_1_36' title='bbox 1027 697 1126 751; x_wconf 77' lang='grc' dir='ltr'><strong><em>καὶ</em></strong></span> <span class='ocrx_word' id='word_1_37' title='bbox 1175 693 1452 762; x_wconf 81' lang='grc' dir='ltr'><strong><em>ποιήσεις</em></strong></span> <span class='ocrx_word' id='word_1_38' title='bbox 1501 690 1865 761; x_wconf 68' lang='grc' dir='ltr'><em>στεφάνους,</em></span> 
     </span>
    </p>
   </div>
   <div class='ocr_carea' id='block_1_6' title="bbox 279 781 1868 857">
    <p class='ocr_par' dir='ltr' id='par_1_6' title="bbox 279 781 1868 857">
     <span class='ocr_line' id='line_1_6' title="bbox 279 781 1868 857; baseline -0.011 -8"><span class='ocrx_word' id='word_1_39' title='bbox 279 796 378 849; x_wconf 75' lang='grc' dir='ltr'><strong><em>καὶ</em></strong></span> <span class='ocrx_word' id='word_1_40' title='bbox 422 791 736 857; x_wconf 73' lang='grc' dir='ltr'><em>ἐπιθήσεις</em></span> <span class='ocrx_word' id='word_1_41' title='bbox 768 790 869 844; x_wconf 76' lang='grc' dir='ltr'><strong><em>ἐπὶ</em></strong></span> <span class='ocrx_word' id='word_1_42' title='bbox 906 787 1024 855; x_wconf 81' lang='grc' dir='ltr'><em>τὴν</em></span> <span class='ocrx_word' id='word_1_43' title='bbox 1048 786 1328 857; x_wconf 65' lang='grc' dir='ltr'><em>κεφαλὴν</em></span> <span class='ocrx_word' id='word_1_44' title='bbox 1365 782 1561 849; x_wconf 85' lang='grc' dir='ltr'><strong><em>Ἰησοῦ</em></strong></span> <span class='ocrx_word' id='word_1_45' title='bbox 1606 781 1713 836; x_wconf 89' lang='grc' dir='ltr'><em>τοῦ</em></span> <span class='ocrx_word' id='word_1_46' title='bbox 1756 781 1868 833; x_wconf 80' lang='grc' dir='ltr'><strong><em>Ἰω-</em></strong></span> 
     </span>
    </p>
   </div>
   <div class='ocr_carea' id='block_1_7' title="bbox 281 869 1871 953">
    <p class='ocr_par' dir='ltr' id='par_1_7' title="bbox 281 869 1871 953">
     <span class='ocr_line' id='line_1_7' title="bbox 281 869 1871 953; baseline -0.015 -9"><span class='ocrx_word' id='word_1_47' title='bbox 281 888 486 953; x_wconf 72' lang='grc' dir='ltr'><em>σεδὲκ,</em></span> <span class='ocrx_word' id='word_1_48' title='bbox 512 886 622 941; x_wconf 84' lang='grc' dir='ltr'><em>τοῦ</em></span> <span class='ocrx_word' id='word_1_49' title='bbox 671 884 873 952; x_wconf 77' lang='grc' dir='ltr'><em>ἱερέως</em></span> <span class='ocrx_word' id='word_1_50' title='bbox 900 882 1008 937; x_wconf 87' lang='grc' dir='ltr'><em>τοῦ</em></span> <span class='ocrx_word' id='word_1_51' title='bbox 1055 878 1344 950; x_wconf 70' lang='grc' dir='ltr'><em>μεγάλου.</em></span> <span class='ocrx_word' id='word_1_52' title='bbox 1377 874 1485 930; x_wconf 84' lang='lat' dir='ltr'><strong><em>Kal</em></strong></span> <span class='ocrx_word' id='word_1_53' title='bbox 1523 872 1676 953; x_wconf 73' lang='grc' dir='ltr'><em>ἐρεῖς</em></span> <span class='ocrx_word' id='word_1_54' title='bbox 1720 869 1871 939; x_wconf 73' lang='grc' dir='ltr'><em>πρὸς</em></span> 
     </span>
    </p>
   </div>
   <div class='ocr_carea' id='block_1_8' title="bbox 283 949 1869 1042">
    <p class='ocr_par' dir='ltr' id='par_1_8' title="bbox 283 949 1869 1042">
     <span class='ocr_line' id='line_1_8' title="bbox 283 949 1869 1042; baseline -0.013 -7"><span class='ocrx_word' id='word_1_55' title='bbox 283 949 502 1035; x_wconf 69' lang='grc' dir='ltr'><em>αὐτόν’</em></span> <span class='ocrx_word' id='word_1_56' title='bbox 558 949 913 1042; x_wconf 36' lang='grc' dir='ltr'><em>Τάδε-,λέγει</em></span> <span class='ocrx_word' id='word_1_57' title='bbox 948 974 1164 1040; x_wconf 74' lang='grc' dir='ltr'><em>Κύριος</em></span> <span class='ocrx_word' id='word_1_58' title='bbox 1205 949 1630 1036; x_wconf 78' lang='grc' dir='ltr'><em>παντοκράτωρ</em></span> <span class='ocrx_word' id='word_1_59' title='bbox 1655 980 1667 992; x_wconf 80' lang='grc'><em>’</em></span> <span class='ocrx_word' id='word_1_60' title='bbox 1715 959 1869 1017; x_wconf 81' lang='grc' dir='ltr'><em>Ἰδοὺ</em></span> 
     </span>
    </p>
   </div>
   <div class='ocr_carea' id='block_1_9' title="bbox 283 1054 1873 1139">
    <p class='ocr_par' dir='ltr' id='par_1_9' title="bbox 283 1054 1873 1139">
     <span class='ocr_line' id='line_1_9' title="bbox 283 1054 1873 1139; baseline -0.016 -10"><span class='ocrx_word' id='word_1_61' title='bbox 283 1069 765 1139; x_wconf 70' lang='grc' dir='ltr'><em>ἀνὴρ,Ὰνατο.ιὶι</em></span> <span class='ocrx_word' id='word_1_62' title='bbox 805 1067 994 1134; x_wconf 79' lang='grc' dir='ltr'><em>ὄνομα</em></span> <span class='ocrx_word' id='word_1_63' title='bbox 1023 1062 1203 1127; x_wconf 85' lang='grc' dir='ltr'><em>αὐτῷ.</em></span> <span class='ocrx_word' id='word_1_64' title='bbox 1239 1061 1339 1114; x_wconf 78' lang='grc' dir='ltr'><em>καὶ</em></span> <span class='ocrx_word' id='word_1_65' title='bbox 1362 1057 1748 1115; x_wconf 77' lang='grc' dir='ltr'><strong><em>ὑποκάτωθεν</em></strong></span> <span class='ocrx_word' id='word_1_66' title='bbox 1768 1054 1873 1107; x_wconf 79' lang='grc' dir='ltr'><strong><em>αὐ-</em></strong></span> 
     </span>
    </p>
   </div>
   <div class='ocr_carea' id='block_1_10' title="bbox 282 1145 1870 1225">
    <p class='ocr_par' dir='ltr' id='par_1_10' title="bbox 282 1145 1870 1225">
     <span class='ocr_line' id='line_1_10' title="bbox 282 1145 1870 1225; baseline -0.016 -3"><span class='ocrx_word' id='word_1_67' title='bbox 282 1167 393 1222; x_wconf 77' lang='grc' dir='ltr'><strong><em>τοῦ</em></strong></span> <span class='ocrx_word' id='word_1_68' title='bbox 416 1162 718 1221; x_wconf 78' lang='grc' dir='ltr'><em>άνατελεῖ.</em></span> <span class='ocrx_word' id='word_1_69' title='bbox 753 1160 848 1215; x_wconf 74' lang='grc' dir='ltr'><em>καὶ</em></span> <span class='ocrx_word' id='word_1_70' title='bbox 893 1154 1279 1225; x_wconf 76' lang='grc' dir='ltr'><strong><em>οἰκοδομήσει</em></strong></span> <span class='ocrx_word' id='word_1_71' title='bbox 1306 1153 1415 1206; x_wconf 80' lang='grc' dir='ltr'><em>τὸν</em></span> <span class='ocrx_word' id='word_1_72' title='bbox 1438 1147 1607 1205; x_wconf 77' lang='grc' dir='ltr'><em>οἶκον</em></span> <span class='ocrx_word' id='word_1_73' title='bbox 1625 1145 1870 1215; x_wconf 81' lang='grc' dir='ltr'><em>Κυρίου,</em></span> 
     </span>
    </p>
   </div>
   <div class='ocr_carea' id='block_1_11' title="bbox 284 1233 1875 1320">
    <p class='ocr_par' dir='ltr' id='par_1_11' title="bbox 284 1233 1875 1320">
     <span class='ocr_line' id='line_1_11' title="bbox 284 1233 1875 1320; baseline -0.016 -6"><span class='ocrx_word' id='word_1_74' title='bbox 284 1259 384 1313; x_wconf 75' lang='grc' dir='ltr'><strong><em>καὶ</em></strong></span> <span class='ocrx_word' id='word_1_75' title='bbox 436 1256 622 1320; x_wconf 71' lang='grc' dir='ltr'><em>αὐτὸς</em></span> <span class='ocrx_word' id='word_1_76' title='bbox 675 1252 935 1320; x_wconf 71' lang='grc' dir='ltr'><em>λήψεται</em></span> <span class='ocrx_word' id='word_1_77' title='bbox 984 1247 1226 1317; x_wconf 81' lang='grc' dir='ltr'><em>ἀρετὴν,</em></span> <span class='ocrx_word' id='word_1_78' title='bbox 1272 1245 1368 1298; x_wconf 78' lang='grc' dir='ltr'><em>καὶ</em></span> <span class='ocrx_word' id='word_1_79' title='bbox 1418 1241 1723 1298; x_wconf 79' lang='grc' dir='ltr'><em>καθιεῖται.</em></span> <span class='ocrx_word' id='word_1_80' title='bbox 1773 1233 1875 1289; x_wconf 71' lang='grc' dir='ltr'><strong><em>καὶ</em></strong></span> 
     </span>
    </p>
   </div>
   <div class='ocr_carea' id='block_1_12' title="bbox 286 1330 1871 1417">
    <p class='ocr_par' dir='ltr' id='par_1_12' title="bbox 286 1330 1871 1417">
     <span class='ocr_line' id='line_1_12' title="bbox 286 1330 1871 1417; baseline -0.015 -13"><span class='ocrx_word' id='word_1_81' title='bbox 286 1349 567 1417; x_wconf 50' lang='lat' dir='ltr'><strong><em>amnicis:</em></strong></span> <span class='ocrx_word' id='word_1_82' title='bbox 606 1346 703 1400; x_wconf 76' lang='grc' dir='ltr'><strong><em>ἐπὶ</em></strong></span> <span class='ocrx_word' id='word_1_83' title='bbox 737 1344 845 1398; x_wconf 81' lang='grc' dir='ltr'><em>τοῦ</em></span> <span class='ocrx_word' id='word_1_84' title='bbox 888 1342 1105 1409; x_wconf 81' lang='grc' dir='ltr'><em>θρόνου</em></span> <span class='ocrx_word' id='word_1_85' title='bbox 1148 1336 1355 1399; x_wconf 83' lang='grc' dir='ltr'><em>αὑτοῦ,</em></span> <span class='ocrx_word' id='word_1_86' title='bbox 1387 1333 1486 1388; x_wconf 73' lang='grc' dir='ltr'><em>καὶ</em></span> <span class='ocrx_word' id='word_1_87' title='bbox 1531 1334 1704 1387; x_wconf 76' lang='grc' dir='ltr'><em>ἔσται</em></span> <span class='ocrx_word' id='word_1_88' title='bbox 1731 1331 1762 1382; x_wconf 88' lang='grc' dir='ltr'><strong><em>ό</em></strong></span> <span class='ocrx_word' id='word_1_89' title='bbox 1796 1330 1871 1381; x_wconf 83' lang='grc' dir='ltr'><em>ιε·</em></span> 
     </span>
    </p>
   </div>
   <div class='ocr_carea' id='block_1_13' title="bbox 277 1420 1873 1511">
    <p class='ocr_par' dir='ltr' id='par_1_13' title="bbox 277 1420 1873 1511">
     <span class='ocr_line' id='line_1_13' title="bbox 277 1420 1873 1511; baseline -0.016 -14"><span class='ocrx_word' id='word_1_90' title='bbox 277 1442 429 1511; x_wconf 81' lang='grc' dir='ltr'><em>ρεὺς</em></span> <span class='ocrx_word' id='word_1_91' title='bbox 459 1441 530 1493; x_wconf 70' lang='grc' dir='ltr'><strong><em>ἐκ</em></strong></span> <span class='ocrx_word' id='word_1_92' title='bbox 564 1436 779 1501; x_wconf 80' lang='grc' dir='ltr'><em>δεξιῶν</em></span> <span class='ocrx_word' id='word_1_93' title='bbox 802 1432 1010 1491; x_wconf 81' lang='grc' dir='ltr'><em>αὑτοῦ,</em></span> <span class='ocrx_word' id='word_1_94' title='bbox 1033 1430 1129 1483; x_wconf 71' lang='grc' dir='ltr'><em>καὶ</em></span> <span class='ocrx_word' id='word_1_95' title='bbox 1164 1426 1369 1492; x_wconf 76' lang='grc' dir='ltr'><em>,βουλὴ</em></span> <span class='ocrx_word' id='word_1_96' title='bbox 1404 1420 1674 1493; x_wconf 76' lang='grc' dir='ltr'><em>εἰρηνικὴ</em></span> <span class='ocrx_word' id='word_1_97' title='bbox 1700 1423 1873 1475; x_wconf 76' lang='grc' dir='ltr'><em>ἔσται</em></span> 
     </span>
    </p>
   </div>
   <div class='ocr_carea' id='block_1_14' title="bbox 287 1514 1871 1600">
    <p class='ocr_par' dir='ltr' id='par_1_14' title="bbox 287 1514 1871 1600">
     <span class='ocr_line' id='line_1_14' title="bbox 287 1514 1871 1600; baseline -0.015 -13"><span class='ocrx_word' id='word_1_98' title='bbox 287 1531 600 1600; x_wconf 77' lang='grc' dir='ltr'><em>άναμέσον</em></span> <span class='ocrx_word' id='word_1_99' title='bbox 625 1524 990 1595; x_wconf 62' lang='grc' dir='ltr'><em>ἀμφοτέρων.</em></span> <span class='ocrx_word' id='word_1_100' title='bbox 1011 1523 1072 1574; x_wconf 86' lang='lat'><strong><em>&#39;0</em></strong></span> <span class='ocrx_word' id='word_1_101' title='bbox 1098 1521 1167 1575; x_wconf 79' lang='grc' dir='ltr'><strong><em>δὲ</em></strong></span> <span class='ocrx_word' id='word_1_102' title='bbox 1191 1519 1493 1587; x_wconf 66' lang='grc' dir='ltr'><em>στέφανος</em></span> <span class='ocrx_word' id='word_1_103' title='bbox 1519 1514 1686 1567; x_wconf 82' lang='grc' dir='ltr'><em>ἔσται</em></span> <span class='ocrx_word' id='word_1_104' title='bbox 1720 1515 1871 1566; x_wconf 82' lang='grc' dir='ltr'><em>ὑπο-</em></span> 
     </span>
    </p>
   </div>
   <div class='ocr_carea' id='block_1_15' title="bbox 280 1604 1871 1693">
    <p class='ocr_par' dir='ltr' id='par_1_15' title="bbox 280 1604 1871 1693">
     <span class='ocr_line' id='line_1_15' title="bbox 280 1604 1871 1693; baseline -0.014 -15"><span class='ocrx_word' id='word_1_105' title='bbox 280 1623 562 1693; x_wconf 77' lang='grc' dir='ltr'><em>μένουσι.</em></span> <span class='ocrx_word' id='word_1_106' title='bbox 593 1617 692 1672; x_wconf 75' lang='grc' dir='ltr'><em>καὶ</em></span> <span class='ocrx_word' id='word_1_107' title='bbox 728 1616 856 1680; x_wconf 83' lang='grc' dir='ltr'><em>τοῖς</em></span> <span class='ocrx_word' id='word_1_108' title='bbox 887 1613 1204 1684; x_wconf 67' lang='grc' dir='ltr'><em>χρησᾷιοις</em></span> <span class='ocrx_word' id='word_1_109' title='bbox 1233 1608 1444 1676; x_wconf 83' lang='grc' dir='ltr'><em>αὐτῆς,</em></span> <span class='ocrx_word' id='word_1_110' title='bbox 1486 1604 1735 1670; x_wconf 79' lang='grc' dir='ltr'><em>καὶτοῖς</em></span> <span class='ocrx_word' id='word_1_111' title='bbox 1763 1605 1871 1657; x_wconf 81' lang='grc' dir='ltr'><strong><em>ἐπ-</em></strong></span> 
     </span>
    </p>
   </div>
   <div class='ocr_carea' id='block_1_16' title="bbox 284 1694 1874 1784">
    <p class='ocr_par' dir='ltr' id='par_1_16' title="bbox 284 1694 1874 1784">
     <span class='ocr_line' id='line_1_16' title="bbox 284 1694 1874 1784; baseline -0.012 -16"><span class='ocrx_word' id='word_1_112' title='bbox 284 1715 621 1784; x_wconf 72' lang='grc' dir='ltr'><em>ετνωκέσιν</em></span> <span class='ocrx_word' id='word_1_113' title='bbox 662 1708 876 1775; x_wconf 68' lang='grc' dir='ltr'><em>αὐτὴν,</em></span> <span class='ocrx_word' id='word_1_114' title='bbox 908 1706 1007 1760; x_wconf 80' lang='grc' dir='ltr'><em>καὶ</em></span> <span class='ocrx_word' id='word_1_115' title='bbox 1053 1707 1140 1769; x_wconf 66' lang='grc' dir='ltr'><strong><em>εἰς</em></strong></span> <span class='ocrx_word' id='word_1_116' title='bbox 1182 1701 1393 1771; x_wconf 78' lang='grc' dir='ltr'><em>χάριτα</em></span> <span class='ocrx_word' id='word_1_117' title='bbox 1420 1699 1544 1763; x_wconf 82' lang='grc' dir='ltr'><em>τοῖς</em></span> <span class='ocrx_word' id='word_1_118' title='bbox 1575 1694 1727 1761; x_wconf 80' lang='grc' dir='ltr'><em>υἱοῖς</em></span> <span class='ocrx_word' id='word_1_119' title='bbox 1766 1697 1874 1750; x_wconf 88' lang='grc' dir='ltr'><strong><em>Σο-</em></strong></span> 
     </span>
    </p>
   </div>
   <div class='ocr_carea' id='block_1_17' title="bbox 1972 595 3549 665">
    <p class='ocr_par' dir='ltr' id='par_1_17' title="bbox 1972 595 3549 665">
     <span class='ocr_line' id='line_1_17' title="bbox 1972 595 3549 665; baseline 0 -13"><span class='ocrx_word' id='word_1_120' title='bbox 1972 606 2024 652; x_wconf 76' lang='grc' dir='ltr'><strong><em>ιι</em></strong></span> <span class='ocrx_word' id='word_1_121' title='bbox 2047 597 2208 665; x_wconf 81' lang='lat' dir='ltr'><strong><em>[acies</em></strong></span> <span class='ocrx_word' id='word_1_122' title='bbox 2229 606 2539 660; x_wconf 84' lang='lat' dir='ltr'><strong><em>coronas,et</em></strong></span> <span class='ocrx_word' id='word_1_123' title='bbox 2573 614 2730 661; x_wconf 86' lang='lat' dir='ltr'><strong><em>pones</em></strong></span> <span class='ocrx_word' id='word_1_124' title='bbox 2756 612 2913 663; x_wconf 81' lang='lat' dir='ltr'><strong><em>super</em></strong></span> <span class='ocrx_word' id='word_1_125' title='bbox 2926 606 3080 663; x_wconf 80' lang='lat' dir='ltr'><strong><em>caput</em></strong></span> <span class='ocrx_word' id='word_1_126' title='bbox 3145 595 3273 651; x_wconf 75' lang='lat' dir='ltr'><strong><em>Iesu</em></strong></span> <span class='ocrx_word' id='word_1_127' title='bbox 3328 596 3429 661; x_wconf 77' lang='lat' dir='ltr'><strong><em>ﬁlii</em></strong></span> <span class='ocrx_word' id='word_1_128' title='bbox 3456 597 3549 652; x_wconf 82' lang='lat' dir='ltr'><strong><em>Jo-</em></strong></span> 
     </span>
    </p>
   </div>
   <div class='ocr_carea' id='block_1_18' title="bbox 1972 688 3548 761">
    <p class='ocr_par' dir='ltr' id='par_1_18' title="bbox 1972 688 3548 761">
     <span class='ocr_line' id='line_1_18' title="bbox 1972 688 3548 761; baseline 0.002 -19"><span class='ocrx_word' id='word_1_129' title='bbox 1972 690 2123 743; x_wconf 80' lang='lat' dir='ltr'><strong><em>sedec</em></strong></span> <span class='ocrx_word' id='word_1_130' title='bbox 2143 689 2432 742; x_wconf 80' lang='lat' dir='ltr'><strong><em>sacerdotis</em></strong></span> <span class='ocrx_word' id='word_1_131' title='bbox 2456 690 2651 757; x_wconf 83' lang='lat' dir='ltr'><strong><em>magni.</em></strong></span> <span class='ocrx_word' id='word_1_132' title='bbox 2676 688 2742 743; x_wconf 83' lang='lat' dir='ltr'><strong><em>Et</em></strong></span> <span class='ocrx_word' id='word_1_133' title='bbox 2769 690 2909 751; x_wconf 82' lang='lat' dir='ltr'><strong><em>dices</em></strong></span> <span class='ocrx_word' id='word_1_134' title='bbox 2931 691 3001 744; x_wconf 80' lang='lat' dir='ltr'><strong><em>ad</em></strong></span> <span class='ocrx_word' id='word_1_135' title='bbox 3036 688 3200 761; x_wconf 59' lang='lat'><strong><em>705</em></strong></span> <span class='ocrx_word' id='word_1_136' title='bbox 3223 707 3340 744; x_wconf 77' lang='lat' dir='ltr'><strong><em>eum</em></strong></span> <span class='ocrx_word' id='word_1_137' title='bbox 3364 707 3383 745; x_wconf 91' lang='lat'><strong><em>:</em></strong></span> <span class='ocrx_word' id='word_1_138' title='bbox 3422 689 3548 746; x_wconf 79' lang='lat' dir='ltr'><strong><em>Hart:</em></strong></span> 
     </span>
    </p>
   </div>
   <div class='ocr_carea' id='block_1_19' title="bbox 1972 780 3550 846">
    <p class='ocr_par' dir='ltr' id='par_1_19' title="bbox 1972 780 3550 846">
     <span class='ocr_line' id='line_1_19' title="bbox 1972 780 3550 846; baseline 0.001 -11"><span class='ocrx_word' id='word_1_139' title='bbox 1972 781 2101 835; x_wconf 83' lang='lat' dir='ltr'><strong><em>dicit</em></strong></span> <span class='ocrx_word' id='word_1_140' title='bbox 2136 780 2389 834; x_wconf 84' lang='lat' dir='ltr'><strong><em>Dominus</em></strong></span> <span class='ocrx_word' id='word_1_141' title='bbox 2421 782 2782 846; x_wconf 79' lang='lat' dir='ltr'><strong><em>omnipotens:</em></strong></span> <span class='ocrx_word' id='word_1_142' title='bbox 2814 781 2947 836; x_wconf 76' lang='lat' dir='ltr'><strong><em>Ecce</em></strong></span> <span class='ocrx_word' id='word_1_143' title='bbox 2989 782 3090 845; x_wconf 84' lang='lat' dir='ltr'><strong><em>vir,</em></strong></span> <span class='ocrx_word' id='word_1_144' title='bbox 3118 780 3308 836; x_wconf 82' lang='lat' dir='ltr'><strong><em>Oriens</em></strong></span> <span class='ocrx_word' id='word_1_145' title='bbox 3363 797 3550 836; x_wconf 68' lang='lat' dir='ltr'><strong><em>nomen</em></strong></span> 
     </span>
    </p>
   </div>
   <div class='ocr_carea' id='block_1_20' title="bbox 1973 873 3552 942">
    <p class='ocr_par' dir='ltr' id='par_1_20' title="bbox 1973 873 3552 942">
     <span class='ocr_line' id='line_1_20' title="bbox 1973 873 3552 942; baseline 0.001 -15"><span class='ocrx_word' id='word_1_146' title='bbox 1973 874 2096 941; x_wconf 85' lang='lat' dir='ltr'><strong><em>ipsi,</em></strong></span> <span class='ocrx_word' id='word_1_147' title='bbox 2121 882 2170 927; x_wconf 81' lang='lat' dir='ltr'><strong><em>et</em></strong></span> <span class='ocrx_word' id='word_1_148' title='bbox 2195 874 2371 927; x_wconf 77' lang='lat' dir='ltr'><strong><em>subter</em></strong></span> <span class='ocrx_word' id='word_1_149' title='bbox 2400 890 2516 927; x_wconf 80' lang='lat' dir='ltr'><strong><em>eum</em></strong></span> <span class='ocrx_word' id='word_1_150' title='bbox 2533 876 2747 937; x_wconf 77' lang='lat' dir='ltr'><strong><em>orietur,</em></strong></span> <span class='ocrx_word' id='word_1_151' title='bbox 2772 883 2823 928; x_wconf 82' lang='lat' dir='ltr'><strong><em>et</em></strong></span> <span class='ocrx_word' id='word_1_152' title='bbox 2858 874 3140 942; x_wconf 75' lang='lat' dir='ltr'><strong><em>trdi/icabit</em></strong></span> <span class='ocrx_word' id='word_1_153' title='bbox 3203 875 3416 929; x_wconf 81' lang='lat' dir='ltr'><strong><em>domum</em></strong></span> <span class='ocrx_word' id='word_1_154' title='bbox 3443 873 3552 928; x_wconf 87' lang='lat' dir='ltr'><strong><em>Do-</em></strong></span> 
     </span>
    </p>
   </div>
   <div class='ocr_carea' id='block_1_21' title="bbox 1978 966 3550 1036">
    <p class='ocr_par' dir='ltr' id='par_1_21' title="bbox 1978 966 3550 1036">
     <span class='ocr_line' id='line_1_21' title="bbox 1978 966 3550 1036; baseline -0.001 -16"><span class='ocrx_word' id='word_1_155' title='bbox 1978 967 2128 1022; x_wconf 87' lang='lat' dir='ltr'><strong><em>mini.</em></strong></span> <span class='ocrx_word' id='word_1_156' title='bbox 2159 966 2224 1020; x_wconf 84' lang='lat' dir='ltr'><strong><em>Et</em></strong></span> <span class='ocrx_word' id='word_1_157' title='bbox 2259 972 2369 1036; x_wconf 81' lang='lat' dir='ltr'><strong><em>ipse</em></strong></span> <span class='ocrx_word' id='word_1_158' title='bbox 2398 967 2616 1035; x_wconf 82' lang='lat' dir='ltr'><strong><em>accipiet</em></strong></span> <span class='ocrx_word' id='word_1_159' title='bbox 2643 968 2905 1032; x_wconf 72' lang='lat' dir='ltr'><strong><em>uirtutem,</em></strong></span> <span class='ocrx_word' id='word_1_160' title='bbox 2932 980 2976 1020; x_wconf 77' lang='lat' dir='ltr'><strong><em>et</em></strong></span> <span class='ocrx_word' id='word_1_161' title='bbox 3003 966 3218 1031; x_wconf 79' lang='lat' dir='ltr'><strong><em>sedebit,</em></strong></span> <span class='ocrx_word' id='word_1_162' title='bbox 3240 976 3290 1020; x_wconf 74' lang='lat' dir='ltr'><strong><em>et</em></strong></span> <span class='ocrx_word' id='word_1_163' title='bbox 3319 967 3550 1024; x_wconf 77' lang='lat' dir='ltr'><strong><em>impera-</em></strong></span> 
     </span>
    </p>
   </div>
   <div class='ocr_carea' id='block_1_22' title="bbox 1978 1055 3550 1126">
    <p class='ocr_par' dir='ltr' id='par_1_22' title="bbox 1978 1055 3550 1126">
     <span class='ocr_line' id='line_1_22' title="bbox 1978 1055 3550 1126; baseline -0.002 -14"><span class='ocrx_word' id='word_1_164' title='bbox 1978 1060 2070 1124; x_wconf 80' lang='lat' dir='ltr'><strong><em>bit,</em></strong></span> <span class='ocrx_word' id='word_1_165' title='bbox 2094 1074 2250 1122; x_wconf 76' lang='lat' dir='ltr'><strong><em>super</em></strong></span> <span class='ocrx_word' id='word_1_166' title='bbox 2270 1060 2456 1111; x_wconf 82' lang='lat' dir='ltr'><strong><em>throno</em></strong></span> <span class='ocrx_word' id='word_1_167' title='bbox 2491 1073 2606 1118; x_wconf 86' lang='lat' dir='ltr'><strong><em>suo.</em></strong></span> <span class='ocrx_word' id='word_1_168' title='bbox 2635 1069 2682 1111; x_wconf 83' lang='lat' dir='ltr'><strong><em>et</em></strong></span> <span class='ocrx_word' id='word_1_169' title='bbox 2715 1057 3078 1111; x_wconf 67' lang='lat' dir='ltr'><strong><em>erilsacerdos</em></strong></span> <span class='ocrx_word' id='word_1_170' title='bbox 3114 1073 3148 1111; x_wconf 85' lang='grc' dir='ltr'><strong><em>α</em></strong></span> <span class='ocrx_word' id='word_1_171' title='bbox 3191 1057 3389 1110; x_wconf 70' lang='lat' dir='ltr'><strong><em>dextris</em></strong></span> <span class='ocrx_word' id='word_1_172' title='bbox 3413 1055 3550 1126; x_wconf 83' lang='lat' dir='ltr'><strong><em>ejus,</em></strong></span> 
     </span>
    </p>
   </div>
   <div class='ocr_carea' id='block_1_23' title="bbox 1977 1147 3553 1218">
    <p class='ocr_par' dir='ltr' id='par_1_23' title="bbox 1977 1147 3553 1218">
     <span class='ocr_line' id='line_1_23' title="bbox 1977 1147 3553 1218; baseline -0.002 -14"><span class='ocrx_word' id='word_1_173' title='bbox 1977 1161 2022 1204; x_wconf 81' lang='lat' dir='ltr'><strong><em>et</em></strong></span> <span class='ocrx_word' id='word_1_174' title='bbox 2045 1149 2320 1204; x_wconf 86' lang='lat' dir='ltr'><strong><em>consilium</em></strong></span> <span class='ocrx_word' id='word_1_175' title='bbox 2346 1150 2627 1218; x_wconf 81' lang='lat' dir='ltr'><strong><em>paciﬁcum</em></strong></span> <span class='ocrx_word' id='word_1_176' title='bbox 2658 1151 2754 1204; x_wconf 84' lang='lat' dir='ltr'><strong><em>erit</em></strong></span> <span class='ocrx_word' id='word_1_177' title='bbox 2774 1150 2910 1203; x_wconf 78' lang='lat' dir='ltr'><strong><em>inter</em></strong></span> <span class='ocrx_word' id='word_1_178' title='bbox 2936 1160 3233 1217; x_wconf 85' lang='lat' dir='ltr'><strong><em>utrumque.</em></strong></span> <span class='ocrx_word' id='word_1_179' title='bbox 3260 1147 3326 1201; x_wconf 83' lang='lat' dir='ltr'><strong><em>At</em></strong></span> <span class='ocrx_word' id='word_1_180' title='bbox 3359 1162 3553 1201; x_wconf 76' lang='lat' dir='ltr'><strong><em>corona</em></strong></span> 
     </span>
    </p>
   </div>
   <div class='ocr_carea' id='block_1_24' title="bbox 1977 1239 3550 1310">
    <p class='ocr_par' dir='ltr' id='par_1_24' title="bbox 1977 1239 3550 1310">
     <span class='ocr_line' id='line_1_24' title="bbox 1977 1239 3550 1310; baseline -0.003 -16"><span class='ocrx_word' id='word_1_181' title='bbox 1977 1241 2075 1294; x_wconf 79' lang='lat' dir='ltr'><strong><em>erit</em></strong></span> <span class='ocrx_word' id='word_1_182' title='bbox 2101 1240 2541 1305; x_wconf 73' lang='lat' dir='ltr'><strong><em>exspectantibus.</em></strong></span> <span class='ocrx_word' id='word_1_183' title='bbox 2566 1250 2614 1294; x_wconf 84' lang='lat' dir='ltr'><strong><em>et</em></strong></span> <span class='ocrx_word' id='word_1_184' title='bbox 2644 1241 2860 1293; x_wconf 83' lang='lat' dir='ltr'><strong><em>utilibus</em></strong></span> <span class='ocrx_word' id='word_1_185' title='bbox 2888 1240 3022 1308; x_wconf 81' lang='lat' dir='ltr'><strong><em>ejus.</em></strong></span> <span class='ocrx_word' id='word_1_186' title='bbox 3056 1250 3105 1292; x_wconf 80' lang='lat' dir='ltr'><strong><em>et</em></strong></span> <span class='ocrx_word' id='word_1_187' title='bbox 3139 1239 3220 1292; x_wconf 79' lang='lat' dir='ltr'><strong><em>his</em></strong></span> <span class='ocrx_word' id='word_1_188' title='bbox 3240 1239 3326 1310; x_wconf 86' lang='lat' dir='ltr'><strong><em>qui</em></strong></span> <span class='ocrx_word' id='word_1_189' title='bbox 3356 1253 3550 1307; x_wconf 78' lang='lat' dir='ltr'><strong><em>cogno-</em></strong></span> 
     </span>
    </p>
   </div>
   <div class='ocr_carea' id='block_1_25' title="bbox 1979 1326 3550 1401">
    <p class='ocr_par' dir='ltr' id='par_1_25' title="bbox 1979 1326 3550 1401">
     <span class='ocr_line' id='line_1_25' title="bbox 1979 1326 3550 1401; baseline -0.004 -15"><span class='ocrx_word' id='word_1_190' title='bbox 1979 1339 2162 1386; x_wconf 73' lang='lat' dir='ltr'><strong><em>uerunt</em></strong></span> <span class='ocrx_word' id='word_1_191' title='bbox 2184 1348 2322 1394; x_wconf 80' lang='lat' dir='ltr'><strong><em>eam.</em></strong></span> <span class='ocrx_word' id='word_1_192' title='bbox 2352 1341 2401 1384; x_wconf 82' lang='lat' dir='ltr'><strong><em>et</em></strong></span> <span class='ocrx_word' id='word_1_193' title='bbox 2436 1333 2489 1385; x_wconf 89' lang='lat' dir='ltr'><strong><em>in</em></strong></span> <span class='ocrx_word' id='word_1_194' title='bbox 2508 1334 2733 1401; x_wconf 73' lang='lat' dir='ltr'><strong><em>gratiora</em></strong></span> <span class='ocrx_word' id='word_1_195' title='bbox 2758 1332 2890 1395; x_wconf 86' lang='lat' dir='ltr'><strong><em>[iliis</em></strong></span> <span class='ocrx_word' id='word_1_196' title='bbox 2925 1330 3228 1396; x_wconf 76' lang='lat' dir='ltr'><strong><em>Sophonitc,</em></strong></span> <span class='ocrx_word' id='word_1_197' title='bbox 3253 1341 3298 1384; x_wconf 84' lang='lat' dir='ltr'><strong><em>el</em></strong></span> <span class='ocrx_word' id='word_1_198' title='bbox 3327 1331 3379 1383; x_wconf 89' lang='lat' dir='ltr'><strong><em>in</em></strong></span> <span class='ocrx_word' id='word_1_199' title='bbox 3406 1326 3550 1395; x_wconf 79' lang='lat' dir='ltr'><strong><em>psal—</em></strong></span> 
     </span>
    </p>
   </div>
   <div class='ocr_carea' id='block_1_26' title="bbox 1980 1419 3553 1492">
    <p class='ocr_par' dir='ltr' id='par_1_26' title="bbox 1980 1419 3553 1492">
     <span class='ocr_line' id='line_1_26' title="bbox 1980 1419 3553 1492; baseline -0.004 -17"><span class='ocrx_word' id='word_1_200' title='bbox 1980 1437 2120 1475; x_wconf 82' lang='lat' dir='ltr'><strong><em>mum</em></strong></span> <span class='ocrx_word' id='word_1_201' title='bbox 2144 1422 2196 1475; x_wconf 90' lang='lat' dir='ltr'><strong><em>in</em></strong></span> <span class='ocrx_word' id='word_1_202' title='bbox 2212 1422 2366 1475; x_wconf 88' lang='lat' dir='ltr'><strong><em>domo</em></strong></span> <span class='ocrx_word' id='word_1_203' title='bbox 2386 1421 2616 1477; x_wconf 84' lang='lat' dir='ltr'><strong><em>Domini.</em></strong></span> <span class='ocrx_word' id='word_1_204' title='bbox 2656 1420 2723 1475; x_wconf 85' lang='lat' dir='ltr'><strong><em>Et</em></strong></span> <span class='ocrx_word' id='word_1_205' title='bbox 2749 1422 2840 1492; x_wconf 87' lang='lat' dir='ltr'><strong><em>qui</em></strong></span> <span class='ocrx_word' id='word_1_206' title='bbox 2868 1421 3019 1490; x_wconf 83' lang='lat' dir='ltr'><strong><em>longe</em></strong></span> <span class='ocrx_word' id='word_1_207' title='bbox 3051 1420 3115 1475; x_wconf 85' lang='lat' dir='ltr'><strong><em>ab</em></strong></span> <span class='ocrx_word' id='word_1_208' title='bbox 3142 1421 3217 1474; x_wconf 80' lang='lat' dir='ltr'><strong><em>eis</em></strong></span> <span class='ocrx_word' id='word_1_209' title='bbox 3255 1419 3482 1483; x_wconf 82' lang='lat' dir='ltr'><strong><em>uenient,</em></strong></span> <span class='ocrx_word' id='word_1_210' title='bbox 3504 1424 3553 1470; x_wconf 79' lang='lat' dir='ltr'><strong><em>et</em></strong></span> 
     </span>
    </p>
   </div>
   <div class='ocr_carea' id='block_1_27' title="bbox 1980 1507 3553 1579">
    <p class='ocr_par' dir='ltr' id='par_1_27' title="bbox 1980 1507 3553 1579">
     <span class='ocr_line' id='line_1_27' title="bbox 1980 1507 3553 1579; baseline -0.003 -14"><span class='ocrx_word' id='word_1_211' title='bbox 1980 1511 2317 1579; x_wconf 64' lang='lat' dir='ltr'><strong><em>a’diﬁcobunt</em></strong></span> <span class='ocrx_word' id='word_1_212' title='bbox 2339 1513 2393 1565; x_wconf 84' lang='lat' dir='ltr'><strong><em>in</em></strong></span> <span class='ocrx_word' id='word_1_213' title='bbox 2421 1512 2581 1566; x_wconf 84' lang='lat' dir='ltr'><strong><em>domo</em></strong></span> <span class='ocrx_word' id='word_1_214' title='bbox 2616 1510 2851 1576; x_wconf 77' lang='lat' dir='ltr'><strong><em>Domini,</em></strong></span> <span class='ocrx_word' id='word_1_215' title='bbox 2872 1522 2916 1564; x_wconf 82' lang='lat' dir='ltr'><strong><em>et</em></strong></span> <span class='ocrx_word' id='word_1_216' title='bbox 2942 1510 3118 1565; x_wconf 78' lang='lat' dir='ltr'><strong><em>scietis</em></strong></span> <span class='ocrx_word' id='word_1_217' title='bbox 3146 1510 3271 1579; x_wconf 82' lang='lat' dir='ltr'><strong><em>quia</em></strong></span> <span class='ocrx_word' id='word_1_218' title='bbox 3300 1507 3553 1562; x_wconf 78' lang='lat' dir='ltr'><strong><em>Dominus</em></strong></span> 
     </span>
    </p>
   </div>
   <div class='ocr_carea' id='block_1_28' title="bbox 1979 1601 3554 1669">
    <p class='ocr_par' dir='ltr' id='par_1_28' title="bbox 1979 1601 3554 1669">
     <span class='ocr_line' id='line_1_28' title="bbox 1979 1601 3554 1669; baseline 0 -13"><span class='ocrx_word' id='word_1_219' title='bbox 1979 1605 2300 1669; x_wconf 83' lang='lat' dir='ltr'><strong><em>omnipotens</em></strong></span> <span class='ocrx_word' id='word_1_220' title='bbox 2364 1604 2507 1658; x_wconf 84' lang='lat' dir='ltr'><strong><em>misit</em></strong></span> <span class='ocrx_word' id='word_1_221' title='bbox 2558 1621 2637 1659; x_wconf 84' lang='lat' dir='ltr'><strong><em>me</em></strong></span> <span class='ocrx_word' id='word_1_222' title='bbox 2675 1606 2745 1658; x_wconf 88' lang='lat' dir='ltr'><strong><em>ad</em></strong></span> <span class='ocrx_word' id='word_1_223' title='bbox 2809 1620 2920 1658; x_wconf 84' lang='lat' dir='ltr'><strong><em>vos.</em></strong></span> <span class='ocrx_word' id='word_1_224' title='bbox 2980 1602 3046 1657; x_wconf 82' lang='lat' dir='ltr'><strong><em>Et</em></strong></span> <span class='ocrx_word' id='word_1_225' title='bbox 3066 1603 3185 1668; x_wconf 78' lang='lat' dir='ltr'><strong><em>erit,</em></strong></span> <span class='ocrx_word' id='word_1_226' title='bbox 3216 1601 3263 1656; x_wconf 87' lang='lat' dir='ltr'><strong><em>si</em></strong></span> <span class='ocrx_word' id='word_1_227' title='bbox 3285 1602 3554 1656; x_wconf 81' lang='lat' dir='ltr'><strong><em>audientes</em></strong></span> 
     </span>
    </p>
   </div>
   <div class='ocr_carea' id='block_1_29' title="bbox 1979 1695 3019 1751">
    <p class='ocr_par' dir='ltr' id='par_1_29' title="bbox 1979 1695 3019 1751">
     <span class='ocr_line' id='line_1_29' title="bbox 1979 1695 3019 1751; baseline 0.003 -5"><span class='ocrx_word' id='word_1_228' title='bbox 1979 1695 2253 1748; x_wconf 77' lang='lat' dir='ltr'><strong><em>aitdieritis</em></strong></span> <span class='ocrx_word' id='word_1_229' title='bbox 2273 1712 2444 1751; x_wconf 79' lang='lat' dir='ltr'><strong><em>uocem</em></strong></span> <span class='ocrx_word' id='word_1_230' title='bbox 2477 1696 2691 1750; x_wconf 87' lang='lat' dir='ltr'><strong><em>Domini</em></strong></span> <span class='ocrx_word' id='word_1_231' title='bbox 2725 1695 2819 1749; x_wconf 88' lang='lat' dir='ltr'><strong><em>Dei</em></strong></span> <span class='ocrx_word' id='word_1_232' title='bbox 2845 1695 3019 1749; x_wconf 83' lang='lat' dir='ltr'><strong><em>uestri.</em></strong></span> 
     </span>
    </p>
   </div>
   <div class='ocr_carea' id='block_1_30' title="bbox 286 1782 3558 1876">
    <p class='ocr_par' dir='ltr' id='par_1_30' title="bbox 286 1782 3558 1876">
     <span class='ocr_line' id='line_1_30' title="bbox 286 1782 3558 1876; baseline -0.007 -18"><span class='ocrx_word' id='word_1_233' title='bbox 286 1782 528 1876; x_wconf 58' lang='grc' dir='ltr'><em>ςέονιόυ,</em></span> <span class='ocrx_word' id='word_1_234' title='bbox 564 1801 662 1853; x_wconf 81' lang='grc' dir='ltr'><strong><em>και</em></strong></span> <span class='ocrx_word' id='word_1_235' title='bbox 697 1801 784 1862; x_wconf 82' lang='grc' dir='ltr'><em>εἰς</em></span> <span class='ocrx_word' id='word_1_236' title='bbox 812 1795 1062 1865; x_wconf 72' lang='grc' dir='ltr'><em>ψαλμὸν</em></span> <span class='ocrx_word' id='word_1_237' title='bbox 1088 1794 1158 1846; x_wconf 84' lang='grc' dir='ltr'><em>ἐν</em></span> <span class='ocrx_word' id='word_1_238' title='bbox 1190 1794 1336 1856; x_wconf 75' lang='grc' dir='ltr'><strong><em>οἴκῳ</em></strong></span> <span class='ocrx_word' id='word_1_239' title='bbox 1364 1789 1610 1858; x_wconf 71' lang='grc' dir='ltr'><em>Κυρίου.</em></span> <span class='ocrx_word' id='word_1_240' title='bbox 1650 1786 1761 1841; x_wconf 84' lang='lat' dir='ltr'><strong><em>Kal</em></strong></span> <span class='ocrx_word' id='word_1_241' title='bbox 1796 1786 1851 1838; x_wconf 81' lang='grc' dir='ltr'><strong><em>οι</em></strong></span> <span class='ocrx_word' id='word_1_242' title='bbox 1912 1784 2156 1853; x_wconf 82' lang='grc' dir='ltr'><em>μακρὰν</em></span> <span class='ocrx_word' id='word_1_243' title='bbox 2193 1786 2294 1840; x_wconf 81' lang='grc' dir='ltr'><strong><em>ἀπ’</em></strong></span> <span class='ocrx_word' id='word_1_244' title='bbox 2319 1786 2518 1842; x_wconf 86' lang='grc' dir='ltr'><em>αὐτῶν</em></span> <span class='ocrx_word' id='word_1_245' title='bbox 2546 1786 2791 1854; x_wconf 78' lang='grc' dir='ltr'><em>ἥξουσι,</em></span> <span class='ocrx_word' id='word_1_246' title='bbox 2826 1786 2927 1841; x_wconf 78' lang='grc' dir='ltr'><strong><em>και</em></strong></span> <span class='ocrx_word' id='word_1_247' title='bbox 2959 1782 3558 1855; x_wconf 77' lang='grc' dir='ltr'><em>οἱκοδομήσουσινέν</em></span> 
     </span>
    </p>
   </div>
   <div class='ocr_carea' id='block_1_31' title="bbox 288 1874 3558 1963">
    <p class='ocr_par' dir='ltr' id='par_1_31' title="bbox 288 1874 3558 1963">
     <span class='ocr_line' id='line_1_31' title="bbox 288 1874 3558 1963; baseline -0.008 -10"><span class='ocrx_word' id='word_1_248' title='bbox 288 1874 369 1963; x_wconf 74' lang='grc' dir='ltr'><em>τῷ</em></span> <span class='ocrx_word' id='word_1_249' title='bbox 418 1897 563 1960; x_wconf 82' lang='grc' dir='ltr'><em>οἴκῳ</em></span> <span class='ocrx_word' id='word_1_250' title='bbox 613 1892 854 1959; x_wconf 79' lang='grc' dir='ltr'><strong><em>Κυρίου,</em></strong></span> <span class='ocrx_word' id='word_1_251' title='bbox 907 1888 1008 1941; x_wconf 80' lang='grc' dir='ltr'><em>καὶ</em></span> <span class='ocrx_word' id='word_1_252' title='bbox 1071 1884 1377 1955; x_wconf 75' lang='grc' dir='ltr'><em>γνώσεσθε</em></span> <span class='ocrx_word' id='word_1_253' title='bbox 1403 1921 1421 1947; x_wconf 93' lang='grc'><strong><em>,</em></strong></span> <span class='ocrx_word' id='word_1_254' title='bbox 1469 1881 1619 1934; x_wconf 82' lang='grc' dir='ltr'><strong><em>διότι</em></strong></span> <span class='ocrx_word' id='word_1_255' title='bbox 1665 1878 1879 1944; x_wconf 82' lang='grc' dir='ltr'><em>Κύριος</em></span> <span class='ocrx_word' id='word_1_256' title='bbox 1916 1877 2341 1947; x_wconf 82' lang='grc' dir='ltr'><em>παντοκράτωρ</em></span> <span class='ocrx_word' id='word_1_257' title='bbox 2360 1877 2711 1933; x_wconf 71' lang='grc' dir='ltr'><em>ἀπέσταλκά</em></span> <span class='ocrx_word' id='word_1_258' title='bbox 2727 1893 2807 1946; x_wconf 78' lang='grc' dir='ltr'><strong><em>με</em></strong></span> <span class='ocrx_word' id='word_1_259' title='bbox 2859 1877 3011 1945; x_wconf 77' lang='grc' dir='ltr'><em>πρὸς</em></span> <span class='ocrx_word' id='word_1_260' title='bbox 3034 1875 3208 1946; x_wconf 81' lang='grc' dir='ltr'><em>ὑμᾶς.</em></span> <span class='ocrx_word' id='word_1_261' title='bbox 3234 1876 3343 1931; x_wconf 80' lang='lat' dir='ltr'><strong><em>Kal</em></strong></span> <span class='ocrx_word' id='word_1_262' title='bbox 3383 1874 3558 1930; x_wconf 79' lang='grc' dir='ltr'><em>ἔσται</em></span> 
     </span>
    </p>
   </div>
   <div class='ocr_carea' id='block_1_32' title="bbox 286 1972 2576 2051">
    <p class='ocr_par' dir='ltr' id='par_1_32' title="bbox 286 1972 2576 2051">
     <span class='ocr_line' id='line_1_32' title="bbox 286 1972 2576 2051; baseline -0.01 -2"><span class='ocrx_word' id='word_1_263' title='bbox 286 1996 398 2049; x_wconf 79' lang='grc' dir='ltr'><strong><em>ἐὰν</em></strong></span> <span class='ocrx_word' id='word_1_264' title='bbox 415 1990 836 2051; x_wconf 68' lang='grc' dir='ltr'><em>εἰσακούοντος</em></span> <span class='ocrx_word' id='word_1_265' title='bbox 857 1984 1261 2049; x_wconf 80' lang='grc' dir='ltr'><em>εὶσακούσητε</em></span> <span class='ocrx_word' id='word_1_266' title='bbox 1289 1979 1399 2047; x_wconf 83' lang='grc' dir='ltr'><em>τῆς</em></span> <span class='ocrx_word' id='word_1_267' title='bbox 1422 1974 1625 2049; x_wconf 76' lang='grc' dir='ltr'><em>φωνῆς</em></span> <span class='ocrx_word' id='word_1_268' title='bbox 1649 1973 1868 2042; x_wconf 78' lang='grc' dir='ltr'><em>Κυρίου</em></span> <span class='ocrx_word' id='word_1_269' title='bbox 1901 1972 2009 2027; x_wconf 85' lang='grc' dir='ltr'><em>τοῦ</em></span> <span class='ocrx_word' id='word_1_270' title='bbox 2050 1973 2202 2028; x_wconf 83' lang='grc' dir='ltr'><em>Θεοῦ</em></span> <span class='ocrx_word' id='word_1_271' title='bbox 2234 1974 2423 2043; x_wconf 84' lang='grc' dir='ltr'><em>ὑμῶν.</em></span> <span class='ocrx_word' id='word_1_272' title='bbox 2568 1978 2576 1984; x_wconf 89' lang='grc'><strong>“</strong></span> 
     </span>
    </p>
   </div>
   <div class='ocr_carea' id='block_1_33' title="bbox 357 2060 1879 2150">
    <p class='ocr_par' dir='ltr' id='par_1_33' title="bbox 357 2071 1867 2150">
     <span class='ocr_line' id='line_1_33' title="bbox 357 2071 1867 2150; baseline -0.014 -9"><span class='ocrx_word' id='word_1_273' title='bbox 357 2084 483 2146; x_wconf 80' lang='grc' dir='ltr'><strong><em>ΔΓ.</em></strong></span> <span class='ocrx_word' id='word_1_274' title='bbox 534 2084 592 2137; x_wconf 89' lang='lat'><strong>&#39;0</strong></span> <span class='ocrx_word' id='word_1_275' title='bbox 629 2083 786 2149; x_wconf 83' lang='grc' dir='ltr'><em>λόγος</em></span> <span class='ocrx_word' id='word_1_276' title='bbox 818 2075 885 2150; x_wconf 79' lang='grc' dir='ltr'><em>ἦν</em></span> <span class='ocrx_word' id='word_1_277' title='bbox 914 2077 992 2149; x_wconf 83' lang='grc' dir='ltr'><em>τῷ</em></span> <span class='ocrx_word' id='word_1_278' title='bbox 1017 2075 1136 2146; x_wconf 85' lang='grc' dir='ltr'><strong><em>Θεῷ</em></strong></span> <span class='ocrx_word' id='word_1_279' title='bbox 1160 2074 1298 2145; x_wconf 80' lang='grc' dir='ltr'><em>πρὸς</em></span> <span class='ocrx_word' id='word_1_280' title='bbox 1317 2074 1407 2127; x_wconf 82' lang='grc' dir='ltr'><em>τὸν</em></span> <span class='ocrx_word' id='word_1_281' title='bbox 1441 2071 1709 2143; x_wconf 80' lang='grc' dir='ltr'><em>μακάριον</em></span> <span class='ocrx_word' id='word_1_282' title='bbox 1733 2084 1867 2138; x_wconf 87' lang='grc' dir='ltr'><em>προ-</em></span> 
     </span>
    </p>
   </div>
   <div class='ocr_carea' id='block_1_34' title="bbox 1983 2060 3555 2150">
    <p class='ocr_par' dir='ltr' id='par_1_34' title="bbox 2040 2060 3555 2136">
     <span class='ocr_line' id='line_1_34' title="bbox 2040 2060 3555 2136; baseline -0.004 -16"><span class='ocrx_word' id='word_1_283' title='bbox 2040 2064 2281 2121; x_wconf 67' lang='grc' dir='ltr'><em>Χχχιιι.</em></span> <span class='ocrx_word' id='word_1_284' title='bbox 2321 2064 2711 2136; x_wconf 84' lang='lat' dir='ltr'><strong><em>Alloquebatur</em></strong></span> <span class='ocrx_word' id='word_1_285' title='bbox 2768 2062 2911 2119; x_wconf 89' lang='lat' dir='ltr'><strong><em>Deus</em></strong></span> <span class='ocrx_word' id='word_1_286' title='bbox 2960 2062 3180 2118; x_wconf 83' lang='lat' dir='ltr'><strong><em>beatum</em></strong></span> <span class='ocrx_word' id='word_1_287' title='bbox 3233 2060 3555 2132; x_wconf 73' lang='lat' dir='ltr'><strong><em>prophetam</em></strong></span> 
     </span>
    </p>
   </div>
   <div class='ocr_carea' id='block_1_35' title="bbox 290 2159 1876 2247">
    <p class='ocr_par' dir='ltr' id='par_1_35' title="bbox 290 2159 1876 2247">
     <span class='ocr_line' id='line_1_35' title="bbox 290 2159 1876 2247; baseline -0.013 -16"><span class='ocrx_word' id='word_1_288' title='bbox 290 2179 469 2247; x_wconf 75' lang='grc' dir='ltr'><em>φήτην</em></span> <span class='ocrx_word' id='word_1_289' title='bbox 514 2174 812 2244; x_wconf 78' lang='grc' dir='ltr'><em>Ζαχαρέαν,</em></span> <span class='ocrx_word' id='word_1_290' title='bbox 843 2172 963 2241; x_wconf 72' lang='grc' dir='ltr'><em>ἦτοι</em></span> <span class='ocrx_word' id='word_1_291' title='bbox 1011 2169 1077 2222; x_wconf 79' lang='grc' dir='ltr'><strong><em>δι’</em></strong></span> <span class='ocrx_word' id='word_1_292' title='bbox 1103 2165 1274 2222; x_wconf 79' lang='grc' dir='ltr'><em>αὐτοῦ</em></span> <span class='ocrx_word' id='word_1_293' title='bbox 1323 2164 1460 2237; x_wconf 82' lang='grc' dir='ltr'><em>πρὸς</em></span> <span class='ocrx_word' id='word_1_294' title='bbox 1506 2163 1713 2225; x_wconf 80' lang='grc' dir='ltr'><em>πάντας</em></span> <span class='ocrx_word' id='word_1_295' title='bbox 1747 2159 1876 2231; x_wconf 55' lang='grc' dir='ltr'><strong><em>περὶ⁵</em></strong></span> 
     </span>
    </p>
   </div>
   <div class='ocr_carea' id='block_1_36' title="bbox 289 2250 1877 2336">
    <p class='ocr_par' dir='ltr' id='par_1_36' title="bbox 289 2250 1877 2336">
     <span class='ocr_line' id='line_1_36' title="bbox 289 2250 1877 2336; baseline -0.011 -15"><span class='ocrx_word' id='word_1_296' title='bbox 289 2267 385 2321; x_wconf 78' lang='grc' dir='ltr'><em>τοῦ</em></span> <span class='ocrx_word' id='word_1_297' title='bbox 416 2263 739 2336; x_wconf 75' lang='grc' dir='ltr'><em>Ζοροϐάϐελ,</em></span> <span class='ocrx_word' id='word_1_298' title='bbox 767 2262 826 2325; x_wconf 81' lang='grc' dir='ltr'><em>ὃς</em></span> <span class='ocrx_word' id='word_1_299' title='bbox 853 2257 922 2331; x_wconf 82' lang='grc' dir='ltr'><em>ἦν</em></span> <span class='ocrx_word' id='word_1_300' title='bbox 959 2260 1057 2330; x_wconf 82' lang='grc' dir='ltr'><em>μὲν</em></span> <span class='ocrx_word' id='word_1_301' title='bbox 1086 2261 1149 2312; x_wconf 80' lang='grc' dir='ltr'><strong>ἐκ</strong></span> <span class='ocrx_word' id='word_1_302' title='bbox 1175 2258 1347 2329; x_wconf 79' lang='grc' dir='ltr'><em>φυλῆς</em></span> <span class='ocrx_word' id='word_1_303' title='bbox 1375 2255 1469 2309; x_wconf 84' lang='grc' dir='ltr'><em>τοῦ</em></span> <span class='ocrx_word' id='word_1_304' title='bbox 1499 2254 1693 2317; x_wconf 83' lang='grc' dir='ltr'><em>Ἰούδα,</em></span> <span class='ocrx_word' id='word_1_305' title='bbox 1738 2250 1877 2306; x_wconf 83' lang='grc' dir='ltr'><em>καθ-</em></span> 
     </span>
    </p>
   </div>
   <div class='ocr_carea' id='block_1_37' title="bbox 288 2342 1878 2427">
    <p class='ocr_par' dir='ltr' id='par_1_37' title="bbox 288 2342 1878 2427">
     <span class='ocr_line' id='line_1_37' title="bbox 288 2342 1878 2427; baseline -0.01 -15"><span class='ocrx_word' id='word_1_306' title='bbox 288 2361 479 2427; x_wconf 84' lang='grc' dir='ltr'><em>ηγεῖτο</em></span> <span class='ocrx_word' id='word_1_307' title='bbox 504 2357 561 2410; x_wconf 82' lang='grc' dir='ltr'><strong><em>δὲ</em></strong></span> <span class='ocrx_word' id='word_1_308' title='bbox 589 2355 700 2408; x_wconf 83' lang='grc' dir='ltr'><em>τῶν</em></span> <span class='ocrx_word' id='word_1_309' title='bbox 746 2353 806 2421; x_wconf 74' lang='grc' dir='ltr'><strong><em>ἐξ</em></strong></span> <span class='ocrx_word' id='word_1_310' title='bbox 837 2351 1074 2423; x_wconf 80' lang='grc' dir='ltr'><em>Ἰσραὴλ,</em></span> <span class='ocrx_word' id='word_1_311' title='bbox 1104 2348 1375 2419; x_wconf 78' lang='grc' dir='ltr'><em>καλούσης</em></span> <span class='ocrx_word' id='word_1_312' title='bbox 1413 2346 1576 2401; x_wconf 75' lang='grc' dir='ltr'><em>αὑτὸν</em></span> <span class='ocrx_word' id='word_1_313' title='bbox 1611 2346 1691 2409; x_wconf 76' lang='grc' dir='ltr'><em>εἰς</em></span> <span class='ocrx_word' id='word_1_314' title='bbox 1719 2342 1878 2398; x_wconf 79' lang='grc' dir='ltr'><em>τοῦτο</em></span> 
     </span>
    </p>
   </div>
   <div class='ocr_carea' id='block_1_38' title="bbox 289 2433 1876 2521">
    <p class='ocr_par' dir='ltr' id='par_1_38' title="bbox 289 2433 1876 2521">
     <span class='ocr_line' id='line_1_38' title="bbox 289 2433 1876 2521; baseline -0.01 -17"><span class='ocrx_word' id='word_1_315' title='bbox 289 2453 390 2521; x_wconf 75' lang='grc' dir='ltr'><em>τῆς</em></span> <span class='ocrx_word' id='word_1_316' title='bbox 433 2445 819 2519; x_wconf 67' lang='grc' dir='ltr'><em>βασιλευούσης</em></span> <span class='ocrx_word' id='word_1_317' title='bbox 866 2443 1057 2514; x_wconf 67' lang='grc' dir='ltr'><em>φυλῆς.</em></span> <span class='ocrx_word' id='word_1_318' title='bbox 1094 2442 1229 2495; x_wconf 80' lang='grc' dir='ltr'><em>Τίνα</em></span> <span class='ocrx_word' id='word_1_319' title='bbox 1255 2440 1313 2494; x_wconf 85' lang='grc' dir='ltr'><strong><em>δὲ</em></strong></span> <span class='ocrx_word' id='word_1_320' title='bbox 1344 2435 1414 2512; x_wconf 80' lang='grc' dir='ltr'><em>ἦν</em></span> <span class='ocrx_word' id='word_1_321' title='bbox 1441 2438 1510 2493; x_wconf 79' lang='grc' dir='ltr'><strong><em>τά</em></strong></span> <span class='ocrx_word' id='word_1_322' title='bbox 1541 2436 1671 2508; x_wconf 76' lang='grc' dir='ltr'><em>περὶ</em></span> <span class='ocrx_word' id='word_1_323' title='bbox 1710 2433 1876 2490; x_wconf 79' lang='grc' dir='ltr'><em>αὐτοῦ</em></span> 
     </span>
    </p>
   </div>
   <div class='ocr_carea' id='block_1_39' title="bbox 290 2528 1873 2612">
    <p class='ocr_par' dir='ltr' id='par_1_39' title="bbox 290 2528 1873 2612">
     <span class='ocr_line' id='line_1_39' title="bbox 290 2528 1873 2612; baseline -0.008 -17"><span class='ocrx_word' id='word_1_324' title='bbox 290 2542 562 2612; x_wconf 75' lang='grc' dir='ltr'><em>λεγόμενα</em></span> <span class='ocrx_word' id='word_1_325' title='bbox 611 2537 761 2609; x_wconf 75' lang='grc' dir='ltr'><em>παρὰ</em></span> <span class='ocrx_word' id='word_1_326' title='bbox 809 2536 968 2598; x_wconf 83' lang='grc' dir='ltr'><em>Θεοῦ,</em></span> <span class='ocrx_word' id='word_1_327' title='bbox 1010 2534 1503 2607; x_wconf 77' lang='grc' dir='ltr'><em>προαναμνήσομιν</em></span> <span class='ocrx_word' id='word_1_328' title='bbox 1540 2528 1873 2597; x_wconf 81' lang='grc' dir='ltr'><em>ἀναγκαίως.</em></span> 
     </span>
    </p>
   </div>
   <div class='ocr_carea' id='block_1_40' title="bbox 296 2620 1878 2703">
    <p class='ocr_par' dir='ltr' id='par_1_40' title="bbox 296 2620 1878 2703">
     <span class='ocr_line' id='line_1_40' title="bbox 296 2620 1878 2703; baseline -0.011 -14"><span class='ocrx_word' id='word_1_329' title='bbox 296 2636 449 2703; x_wconf 74' lang='grc' dir='ltr'><strong><em>Ἔφη</em></strong></span> <span class='ocrx_word' id='word_1_330' title='bbox 497 2631 709 2685; x_wconf 78' lang='grc' dir='ltr'><em>τοίνυν·</em></span> <span class='ocrx_word' id='word_1_331' title='bbox 756 2646 776 2680; x_wconf 83' lang='grc' dir='ltr'><strong><em>ι</em></strong></span> <span class='ocrx_word' id='word_1_332' title='bbox 807 2628 872 2682; x_wconf 79' lang='lat' dir='ltr'><strong><em>Ai</em></strong></span> <span class='ocrx_word' id='word_1_333' title='bbox 927 2628 1110 2697; x_wconf 87' lang='grc' dir='ltr'><em>χεῖρες</em></span> <span class='ocrx_word' id='word_1_334' title='bbox 1156 2622 1463 2695; x_wconf 82' lang='grc' dir='ltr'><em>Ζοροϐάϐελ</em></span> <span class='ocrx_word' id='word_1_335' title='bbox 1512 2620 1878 2692; x_wconf 77' lang='grc' dir='ltr'><em>ἐθεμελίωσαν</em></span> 
     </span>
    </p>
   </div>
   <div class='ocr_carea' id='block_1_41' title="bbox 288 2712 1878 2788">
    <p class='ocr_par' dir='ltr' id='par_1_41' title="bbox 288 2712 1878 2788">
     <span class='ocr_line' id='line_1_41' title="bbox 288 2712 1878 2788; baseline -0.009 -9"><span class='ocrx_word' id='word_1_336' title='bbox 288 2726 386 2779; x_wconf 75' lang='grc' dir='ltr'><em>τὸν</em></span> <span class='ocrx_word' id='word_1_337' title='bbox 416 2720 566 2777; x_wconf 82' lang='grc' dir='ltr'><em>οἷκον</em></span> <span class='ocrx_word' id='word_1_338' title='bbox 588 2721 791 2786; x_wconf 76' lang='grc' dir='ltr'><em>τοῦτον,</em></span> <span class='ocrx_word' id='word_1_339' title='bbox 817 2720 912 2774; x_wconf 73' lang='grc' dir='ltr'><strong><em>καὶ</em></strong></span> <span class='ocrx_word' id='word_1_340' title='bbox 956 2719 1013 2772; x_wconf 79' lang='grc' dir='ltr'><em>αἱ</em></span> <span class='ocrx_word' id='word_1_341' title='bbox 1055 2720 1232 2788; x_wconf 81' lang='grc' dir='ltr'><em>χεῖρες</em></span> <span class='ocrx_word' id='word_1_342' title='bbox 1269 2715 1436 2769; x_wconf 82' lang='grc' dir='ltr'><em>αὐτοῦ</em></span> <span class='ocrx_word' id='word_1_343' title='bbox 1474 2712 1878 2768; x_wconf 69' lang='grc' dir='ltr'><em>ἐπιτελέσωσιν</em></span> 
     </span>
    </p>
   </div>
   <div class='ocr_carea' id='block_1_42' title="bbox 289 2801 1875 2884">
    <p class='ocr_par' dir='ltr' id='par_1_42' title="bbox 289 2801 1875 2884">
     <span class='ocr_line' id='line_1_42' title="bbox 289 2801 1875 2884; baseline -0.011 -12"><span class='ocrx_word' id='word_1_344' title='bbox 289 2818 483 2872; x_wconf 78' lang='grc' dir='ltr'><em>αὐτόν.</em></span> <span class='ocrx_word' id='word_1_345' title='bbox 518 2834 536 2867; x_wconf 80' lang='grc' dir='ltr'><strong><em>ι</em></strong></span> <span class='ocrx_word' id='word_1_346' title='bbox 561 2813 694 2867; x_wconf 80' lang='grc' dir='ltr'><em>Ἀλλ’</em></span> <span class='ocrx_word' id='word_1_347' title='bbox 721 2808 790 2884; x_wconf 80' lang='grc' dir='ltr'><em>ἧν</em></span> <span class='ocrx_word' id='word_1_348' title='bbox 823 2812 921 2865; x_wconf 80' lang='grc' dir='ltr'><em>σὺν</em></span> <span class='ocrx_word' id='word_1_349' title='bbox 949 2808 1099 2881; x_wconf 85' lang='grc' dir='ltr'><strong><em>αὐτῷ</em></strong></span> <span class='ocrx_word' id='word_1_350' title='bbox 1126 2808 1204 2879; x_wconf 81' lang='grc' dir='ltr'><em>τῷ</em></span> <span class='ocrx_word' id='word_1_351' title='bbox 1233 2806 1569 2878; x_wconf 84' lang='grc' dir='ltr'><em>θεμελιοῦντι</em></span> <span class='ocrx_word' id='word_1_352' title='bbox 1593 2804 1685 2858; x_wconf 79' lang='grc' dir='ltr'><em>τὸν</em></span> <span class='ocrx_word' id='word_1_353' title='bbox 1708 2801 1875 2867; x_wconf 84' lang='grc' dir='ltr'><em>οἷκον,</em></span> 
     </span>
    </p>
   </div>
   <div class='ocr_carea' id='block_1_43' title="bbox 292 2894 1880 2977">
    <p class='ocr_par' dir='ltr' id='par_1_43' title="bbox 292 2894 1880 2977">
     <span class='ocr_line' id='line_1_43' title="bbox 292 2894 1880 2977; baseline -0.011 -15"><span class='ocrx_word' id='word_1_354' title='bbox 292 2909 396 2963; x_wconf 78' lang='grc' dir='ltr'><strong><em>καὶ</em></strong></span> <span class='ocrx_word' id='word_1_355' title='bbox 426 2906 531 2977; x_wconf 74' lang='grc' dir='ltr'><em>μὴν</em></span> <span class='ocrx_word' id='word_1_356' title='bbox 569 2906 665 2958; x_wconf 68' lang='grc' dir='ltr'><strong><em>καὶ</em></strong></span> <span class='ocrx_word' id='word_1_357' title='bbox 695 2901 1115 2973; x_wconf 83' lang='grc' dir='ltr'><em>άποπεραίνοντι</em></span> <span class='ocrx_word' id='word_1_358' title='bbox 1148 2899 1244 2953; x_wconf 80' lang='grc' dir='ltr'><strong><em>καὶ</em></strong></span> <span class='ocrx_word' id='word_1_359' title='bbox 1269 2896 1478 2969; x_wconf 80' lang='grc' dir='ltr'><em>Ἰησοῦς</em></span> <span class='ocrx_word' id='word_1_360' title='bbox 1505 2897 1535 2949; x_wconf 97' lang='lat'><strong><em>6</em></strong></span> <span class='ocrx_word' id='word_1_361' title='bbox 1571 2894 1666 2949; x_wconf 80' lang='grc' dir='ltr'><em>τοῦ</em></span> <span class='ocrx_word' id='word_1_362' title='bbox 1700 2894 1880 2957; x_wconf 61' lang='grc' dir='ltr'><em>Ἰωσες</em></span> 
     </span>
    </p>
   </div>
   <div class='ocr_carea' id='block_1_44' title="bbox 291 2985 1878 3069">
    <p class='ocr_par' dir='ltr' id='par_1_44' title="bbox 291 2985 1878 3069">
     <span class='ocr_line' id='line_1_44' title="bbox 291 2985 1878 3069; baseline -0.011 -13"><span class='ocrx_word' id='word_1_363' title='bbox 291 3002 391 3058; x_wconf 78' lang='grc' dir='ltr'><strong><em>δὲκ</em></strong></span> <span class='ocrx_word' id='word_1_364' title='bbox 419 3002 447 3053; x_wconf 90' lang='lat'><strong><em>6</em></strong></span> <span class='ocrx_word' id='word_1_365' title='bbox 484 2999 661 3069; x_wconf 73' lang='grc' dir='ltr'><em>ἱερεὺς</em></span> <span class='ocrx_word' id='word_1_366' title='bbox 692 2997 721 3049; x_wconf 89' lang='lat'><strong><em>6</em></strong></span> <span class='ocrx_word' id='word_1_367' title='bbox 748 2994 937 3065; x_wconf 79' lang='grc' dir='ltr'><em>μέγας.</em></span> <span class='ocrx_word' id='word_1_368' title='bbox 969 2992 1237 3063; x_wconf 77' lang='grc' dir='ltr'><em>Ταύτῃτοι</em></span> <span class='ocrx_word' id='word_1_369' title='bbox 1286 2988 1652 3062; x_wconf 80' lang='grc' dir='ltr'><em>προστέταχεν</em></span> <span class='ocrx_word' id='word_1_370' title='bbox 1695 2989 1724 3040; x_wconf 91' lang='lat'><strong><em>6</em></strong></span> <span class='ocrx_word' id='word_1_371' title='bbox 1769 2985 1878 3039; x_wconf 84' lang='grc' dir='ltr'><em>τῶν</em></span> 
     </span>
    </p>
   </div>
   <div class='ocr_carea' id='block_1_45' title="bbox 294 3078 1879 3153">
    <p class='ocr_par' dir='ltr' id='par_1_45' title="bbox 294 3078 1879 3153">
     <span class='ocr_line' id='line_1_45' title="bbox 294 3078 1879 3153; baseline -0.015 -11"><span class='ocrx_word' id='word_1_372' title='bbox 294 3088 433 3142; x_wconf 77' lang='grc' dir='ltr'><em>ὅλων</em></span> <span class='ocrx_word' id='word_1_373' title='bbox 460 3086 592 3146; x_wconf 79' lang='grc' dir='ltr'><em>Θεὸς</em></span> <span class='ocrx_word' id='word_1_374' title='bbox 628 3082 707 3153; x_wconf 80' lang='grc' dir='ltr'><em>τῷ</em></span> <span class='ocrx_word' id='word_1_375' title='bbox 752 3082 1025 3152; x_wconf 79' lang='grc' dir='ltr'><em>θεσπεσίῳ</em></span> <span class='ocrx_word' id='word_1_376' title='bbox 1065 3081 1319 3151; x_wconf 72' lang='grc' dir='ltr'><em>προφήτῃ</em></span> <span class='ocrx_word' id='word_1_377' title='bbox 1344 3078 1414 3132; x_wconf 80' lang='grc' dir='ltr'><em>τὰ</em></span> <span class='ocrx_word' id='word_1_378' title='bbox 1458 3080 1525 3133; x_wconf 82' lang='grc' dir='ltr'><strong><em>ὲκ</em></strong></span> <span class='ocrx_word' id='word_1_379' title='bbox 1571 3078 1671 3150; x_wconf 86' lang='grc' dir='ltr'><em>τῆς</em></span> <span class='ocrx_word' id='word_1_380' title='bbox 1711 3080 1879 3147; x_wconf 79' lang='grc' dir='ltr'><strong><em>αξχμ..</em></strong></span> 
     </span>
    </p>
   </div>
   <div class='ocr_carea' id='block_1_46' title="bbox 294 3167 1879 3244">
    <p class='ocr_par' dir='ltr' id='par_1_46' title="bbox 294 3167 1879 3244">
     <span class='ocr_line' id='line_1_46' title="bbox 294 3167 1879 3244; baseline -0.009 -11"><span class='ocrx_word' id='word_1_381' title='bbox 294 3177 531 3240; x_wconf 80' lang='grc' dir='ltr'><em>αλωσιας</em></span> <span class='ocrx_word' id='word_1_382' title='bbox 555 3175 739 3228; x_wconf 86' lang='grc' dir='ltr'><em>λαϐεῖν</em></span> <span class='ocrx_word' id='word_1_383' title='bbox 766 3174 918 3244; x_wconf 75' lang='grc' dir='ltr'><em>παρὰ</em></span> <span class='ocrx_word' id='word_1_384' title='bbox 954 3172 1064 3224; x_wconf 87' lang='grc' dir='ltr'><em>τῶν</em></span> <span class='ocrx_word' id='word_1_385' title='bbox 1093 3172 1391 3242; x_wconf 79' lang='grc' dir='ltr'><em>ἀρχόντων,</em></span> <span class='ocrx_word' id='word_1_386' title='bbox 1423 3170 1519 3225; x_wconf 73' lang='grc' dir='ltr'><strong><em>καὶ</em></strong></span> <span class='ocrx_word' id='word_1_387' title='bbox 1567 3168 1721 3241; x_wconf 79' lang='grc' dir='ltr'><em>παρὰ</em></span> <span class='ocrx_word' id='word_1_388' title='bbox 1768 3167 1879 3220; x_wconf 84' lang='grc' dir='ltr'><em>τῶν</em></span> 
     </span>
    </p>
   </div>
   <div class='ocr_carea' id='block_1_47' title="bbox 293 3258 1876 3339">
    <p class='ocr_par' dir='ltr' id='par_1_47' title="bbox 293 3258 1876 3339">
     <span class='ocr_line' id='line_1_47' title="bbox 293 3258 1876 3339; baseline -0.006 -18"><span class='ocrx_word' id='word_1_389' title='bbox 293 3269 582 3339; x_wconf 75' lang='grc' dir='ltr'><em>χρησίμων</em></span> <span class='ocrx_word' id='word_1_390' title='bbox 607 3268 801 3335; x_wconf 80' lang='grc' dir='ltr'><em>αὐτῆς,</em></span> <span class='ocrx_word' id='word_1_391' title='bbox 839 3264 932 3317; x_wconf 74' lang='grc' dir='ltr'><strong><em>καὶ</em></strong></span> <span class='ocrx_word' id='word_1_392' title='bbox 959 3263 1111 3334; x_wconf 73' lang='grc' dir='ltr'><em>παρὰ</em></span> <span class='ocrx_word' id='word_1_393' title='bbox 1136 3263 1243 3317; x_wconf 86' lang='grc' dir='ltr'><em>τῶν</em></span> <span class='ocrx_word' id='word_1_394' title='bbox 1272 3263 1662 3331; x_wconf 80' lang='grc' dir='ltr'><em>ὲπεγνωκότων</em></span> <span class='ocrx_word' id='word_1_395' title='bbox 1687 3258 1876 3329; x_wconf 79' lang='grc' dir='ltr'><em>αὐτήν.</em></span> 
     </span>
    </p>
   </div>
   <div class='ocr_carea' id='block_1_48' title="bbox 295 3352 1880 3428">
    <p class='ocr_par' dir='ltr' id='par_1_48' title="bbox 295 3352 1880 3428">
     <span class='ocr_line' id='line_1_48' title="bbox 295 3352 1880 3428; baseline -0.008 -9"><span class='ocrx_word' id='word_1_396' title='bbox 295 3366 453 3428; x_wconf 83' lang='grc' dir='ltr'><em>Τίνες</em></span> <span class='ocrx_word' id='word_1_397' title='bbox 480 3364 526 3417; x_wconf 83' lang='grc' dir='ltr'><strong><em>δ’</em></strong></span> <span class='ocrx_word' id='word_1_398' title='bbox 555 3363 621 3416; x_wconf 84' lang='grc' dir='ltr'><em>ἂν</em></span> <span class='ocrx_word' id='word_1_399' title='bbox 652 3358 763 3414; x_wconf 80' lang='grc' dir='ltr'><em>εἷεν</em></span> <span class='ocrx_word' id='word_1_400' title='bbox 794 3352 959 3424; x_wconf 71' lang='grc' dir='ltr'><em>οὗτοι,</em></span> <span class='ocrx_word' id='word_1_401' title='bbox 995 3360 1122 3411; x_wconf 86' lang='grc' dir='ltr'><em>ποῖα</em></span> <span class='ocrx_word' id='word_1_402' title='bbox 1149 3356 1207 3410; x_wconf 82' lang='grc' dir='ltr'><strong><em>δὲ</em></strong></span> <span class='ocrx_word' id='word_1_403' title='bbox 1249 3357 1343 3410; x_wconf 75' lang='grc' dir='ltr'><strong><em>καὶ</em></strong></span> <span class='ocrx_word' id='word_1_404' title='bbox 1372 3355 1442 3409; x_wconf 76' lang='grc' dir='ltr'><strong><em>τά</em></strong></span> <span class='ocrx_word' id='word_1_405' title='bbox 1488 3358 1553 3409; x_wconf 82' lang='grc' dir='ltr'><strong><em>ὲκ</em></strong></span> <span class='ocrx_word' id='word_1_406' title='bbox 1583 3354 1682 3424; x_wconf 84' lang='grc' dir='ltr'><em>τῆς</em></span> <span class='ocrx_word' id='word_1_407' title='bbox 1715 3353 1880 3423; x_wconf 77' lang='grc' dir='ltr'><em>αἰχμ-</em></span> 
     </span>
    </p>
   </div>
   <div class='ocr_carea' id='block_1_49' title="bbox 296 3430 1880 3525">
    <p class='ocr_par' dir='ltr' id='par_1_49' title="bbox 296 3430 1880 3525">
     <span class='ocr_line' id='line_1_49' title="bbox 296 3430 1880 3525; baseline -0.009 -13"><span class='ocrx_word' id='word_1_408' title='bbox 296 3457 557 3521; x_wconf 80' lang='grc' dir='ltr'><em>αλωσίας,</em></span> <span class='ocrx_word' id='word_1_409' title='bbox 592 3455 952 3525; x_wconf 77' lang='grc' dir='ltr'><strong><em>ἀφηγήσομαι</em></strong></span> <span class='ocrx_word' id='word_1_410' title='bbox 983 3448 1277 3522; x_wconf 87' lang='grc' dir='ltr'><em>χρειωδῶς.</em></span> <span class='ocrx_word' id='word_1_411' title='bbox 1314 3430 1772 3516; x_wconf 77' lang='grc' dir='ltr'><em>Ἀνεκομίσθησαν</em></span> <span class='ocrx_word' id='word_1_412' title='bbox 1815 3444 1880 3497; x_wconf 78' lang='grc' dir='ltr'><strong><em>ἐκ</em></strong></span> 
     </span>
    </p>
   </div>
   <div class='ocr_carea' id='block_1_50' title="bbox 296 3535 1881 3621">
    <p class='ocr_par' dir='ltr' id='par_1_50' title="bbox 296 3535 1881 3621">
     <span class='ocr_line' id='line_1_50' title="bbox 296 3535 1881 3621; baseline -0.01 -17"><span class='ocrx_word' id='word_1_413' title='bbox 296 3552 396 3621; x_wconf 74' lang='grc' dir='ltr'><em>τῆς</em></span> <span class='ocrx_word' id='word_1_414' title='bbox 426 3548 745 3610; x_wconf 69' lang='grc' dir='ltr'><em>Βαϐυλῶνος</em></span> <span class='ocrx_word' id='word_1_415' title='bbox 782 3546 833 3599; x_wconf 78' lang='grc' dir='ltr'><em>οἱ</em></span> <span class='ocrx_word' id='word_1_416' title='bbox 876 3543 937 3608; x_wconf 70' lang='grc' dir='ltr'><strong><em>ἐξ</em></strong></span> <span class='ocrx_word' id='word_1_417' title='bbox 963 3541 1200 3613; x_wconf 81' lang='grc' dir='ltr'><em>Ἰσραὴλ,</em></span> <span class='ocrx_word' id='word_1_418' title='bbox 1230 3540 1291 3594; x_wconf 87' lang='grc' dir='ltr'><strong><em>ού</em></strong></span> <span class='ocrx_word' id='word_1_419' title='bbox 1318 3540 1505 3611; x_wconf 83' lang='grc' dir='ltr'><em>χύδην,</em></span> <span class='ocrx_word' id='word_1_420' title='bbox 1537 3538 1569 3610; x_wconf 81' lang='grc' dir='ltr'>ἢ</span> <span class='ocrx_word' id='word_1_421' title='bbox 1597 3535 1881 3608; x_wconf 81' lang='grc' dir='ltr'><em>πεφυρμέ-</em></span> 
     </span>
    </p>
   </div>
   <div class='ocr_carea' id='block_1_51' title="bbox 297 3627 1883 3708">
    <p class='ocr_par' dir='ltr' id='par_1_51' title="bbox 297 3627 1883 3708">
     <span class='ocr_line' id='line_1_51' title="bbox 297 3627 1883 3708; baseline -0.008 -14"><span class='ocrx_word' id='word_1_422' title='bbox 297 3660 424 3704; x_wconf 74' lang='grc' dir='ltr'><em>νως,</em></span> <span class='ocrx_word' id='word_1_423' title='bbox 457 3640 572 3696; x_wconf 77' lang='grc' dir='ltr'><em>ἀλλ’</em></span> <span class='ocrx_word' id='word_1_424' title='bbox 592 3641 651 3691; x_wconf 77' lang='grc' dir='ltr'><em>ὲν</em></span> <span class='ocrx_word' id='word_1_425' title='bbox 674 3638 864 3708; x_wconf 83' lang='grc' dir='ltr'><em>κόσμῳ</em></span> <span class='ocrx_word' id='word_1_426' title='bbox 886 3653 945 3690; x_wconf 86' lang='grc' dir='ltr'><strong><em>τε</em></strong></span> <span class='ocrx_word' id='word_1_427' title='bbox 969 3636 1063 3689; x_wconf 77' lang='grc' dir='ltr'><strong><em>καὶ</em></strong></span> <span class='ocrx_word' id='word_1_428' title='bbox 1090 3634 1262 3701; x_wconf 78' lang='grc' dir='ltr'><em>τάξει,</em></span> <span class='ocrx_word' id='word_1_429' title='bbox 1290 3631 1432 3686; x_wconf 82' lang='grc' dir='ltr'><em>κατὰ</em></span> <span class='ocrx_word' id='word_1_430' title='bbox 1464 3631 1595 3699; x_wconf 82' lang='grc' dir='ltr'><em>γένη</em></span> <span class='ocrx_word' id='word_1_431' title='bbox 1626 3627 1883 3683; x_wconf 78' lang='grc' dir='ltr'><em>καὶκατὰ</em></span> 
     </span>
    </p>
   </div>
   <div class='ocr_carea' id='block_1_52' title="bbox 298 3719 1884 3801">
    <p class='ocr_par' dir='ltr' id='par_1_52' title="bbox 298 3719 1884 3801">
     <span class='ocr_line' id='line_1_52' title="bbox 298 3719 1884 3801; baseline -0.008 -16"><span class='ocrx_word' id='word_1_432' title='bbox 298 3732 494 3801; x_wconf 69' lang='grc' dir='ltr'><em>φυλὰς,</em></span> <span class='ocrx_word' id='word_1_433' title='bbox 534 3730 997 3801; x_wconf 82' lang='grc' dir='ltr'><em>προεκκειμένους</em></span> <span class='ocrx_word' id='word_1_434' title='bbox 1042 3725 1259 3796; x_wconf 73' lang='grc' dir='ltr'><em>ἔχοντες</em></span> <span class='ocrx_word' id='word_1_435' title='bbox 1303 3724 1400 3777; x_wconf 60' lang='grc' dir='ltr'><strong><em>καὶ¹</em></strong></span> <span class='ocrx_word' id='word_1_436' title='bbox 1437 3720 1771 3793; x_wconf 80' lang='grc' dir='ltr'><strong><em>καθηγητὰς,</em></strong></span> <span class='ocrx_word' id='word_1_437' title='bbox 1807 3719 1884 3782; x_wconf 81' lang='grc' dir='ltr'><em>ὡς</em></span> 
     </span>
    </p>
   </div>
   <div class='ocr_carea' id='block_1_53' title="bbox 296 3810 1883 3890">
    <p class='ocr_par' dir='ltr' id='par_1_53' title="bbox 296 3810 1883 3890">
     <span class='ocr_line' id='line_1_53' title="bbox 296 3810 1883 3890; baseline -0.009 -14"><span class='ocrx_word' id='word_1_438' title='bbox 296 3825 356 3876; x_wconf 73' lang='grc' dir='ltr'><em>ὲν</em></span> <span class='ocrx_word' id='word_1_439' title='bbox 386 3822 467 3890; x_wconf 85' lang='grc' dir='ltr'><em>τῷ</em></span> <span class='ocrx_word' id='word_1_440' title='bbox 498 3819 703 3890; x_wconf 74' lang='grc' dir='ltr'><em>Ἔσδρᾳ</em></span> <span class='ocrx_word' id='word_1_441' title='bbox 728 3818 1058 3887; x_wconf 83' lang='grc' dir='ltr'><em>γέγραπται.</em></span> <span class='ocrx_word' id='word_1_442' title='bbox 1076 3812 1291 3885; x_wconf 77' lang='grc' dir='ltr'><em>Ἐπειδὴ</em></span> <span class='ocrx_word' id='word_1_443' title='bbox 1318 3812 1374 3867; x_wconf 76' lang='grc' dir='ltr'><strong><em>δὲ</em></strong></span> <span class='ocrx_word' id='word_1_444' title='bbox 1400 3812 1660 3880; x_wconf 76' lang='grc' dir='ltr'><em>ἀφίκοντο</em></span> <span class='ocrx_word' id='word_1_445' title='bbox 1696 3810 1883 3863; x_wconf 75' lang='grc' dir='ltr'><em>λοιπὸν</em></span> 
     </span>
    </p>
   </div>
   <div class='ocr_carea' id='block_1_54' title="bbox 299 3898 1882 3985">
    <p class='ocr_par' dir='ltr' id='par_1_54' title="bbox 299 3898 1882 3985">
     <span class='ocr_line' id='line_1_54' title="bbox 299 3898 1882 3985; baseline -0.008 -19"><span class='ocrx_word' id='word_1_446' title='bbox 299 3916 382 3976; x_wconf 73' lang='grc' dir='ltr'><em>εἷς</em></span> <span class='ocrx_word' id='word_1_447' title='bbox 429 3908 801 3979; x_wconf 81' lang='grc' dir='ltr'><em>Ἱεροσόλυμα,</em></span> <span class='ocrx_word' id='word_1_448' title='bbox 825 3904 961 3985; x_wconf 71' lang='grc' dir='ltr'><em>Θεοῦ</em></span> <span class='ocrx_word' id='word_1_449' title='bbox 987 3904 1078 3958; x_wconf 82' lang='grc' dir='ltr'><em>τὸν</em></span> <span class='ocrx_word' id='word_1_450' title='bbox 1118 3903 1245 3957; x_wconf 78' lang='grc' dir='ltr'><em>ναὸν</em></span> <span class='ocrx_word' id='word_1_451' title='bbox 1294 3900 1528 3973; x_wconf 78' lang='grc' dir='ltr'><em>ἐγείρειν</em></span> <span class='ocrx_word' id='word_1_452' title='bbox 1562 3898 1882 3968; x_wconf 74' lang='grc' dir='ltr'><em>ἐπαναγκά-</em></span> 
     </span>
    </p>
   </div>
   <div class='ocr_carea' id='block_1_55' title="bbox 300 3990 1883 4065">
    <p class='ocr_par' dir='ltr' id='par_1_55' title="bbox 300 3990 1883 4065">
     <span class='ocr_line' id='line_1_55' title="bbox 300 3990 1883 4065; baseline -0.008 -10"><span class='ocrx_word' id='word_1_453' title='bbox 300 4002 513 4064; x_wconf 78' lang='grc' dir='ltr'><em>ζοντος,</em></span> <span class='ocrx_word' id='word_1_454' title='bbox 559 4000 793 4063; x_wconf 77' lang='grc' dir='ltr'><em>ἔστησαν</em></span> <span class='ocrx_word' id='word_1_455' title='bbox 831 3997 890 4050; x_wconf 76' lang='grc' dir='ltr'><em>τὸ</em></span> <span class='ocrx_word' id='word_1_456' title='bbox 934 3993 1356 4065; x_wconf 80' lang='grc' dir='ltr'><em>γαζοφυλάκιον,</em></span> <span class='ocrx_word' id='word_1_457' title='bbox 1387 3992 1474 4046; x_wconf 78' lang='grc' dir='ltr'><em>ἴνα</em></span> <span class='ocrx_word' id='word_1_458' title='bbox 1506 3992 1599 4046; x_wconf 81' lang='grc' dir='ltr'><strong><em>καὶ</em></strong></span> <span class='ocrx_word' id='word_1_459' title='bbox 1636 3990 1883 4061; x_wconf 79' lang='grc' dir='ltr'><em>ἅθροισις</em></span> 
     </span>
    </p>
   </div>
   <div class='ocr_carea' id='block_1_56' title="bbox 300 4083 1880 4163">
    <p class='ocr_par' dir='ltr' id='par_1_56' title="bbox 300 4083 1880 4163">
     <span class='ocr_line' id='line_1_56' title="bbox 300 4083 1880 4163; baseline -0.007 -16"><span class='ocrx_word' id='word_1_460' title='bbox 300 4096 515 4162; x_wconf 74' lang='grc' dir='ltr'><em>γένοιτο</em></span> <span class='ocrx_word' id='word_1_461' title='bbox 556 4084 854 4163; x_wconf 83' lang='grc' dir='ltr'><em>χρημάτὼν</em></span> <span class='ocrx_word' id='word_1_462' title='bbox 897 4091 977 4152; x_wconf 68' lang='grc' dir='ltr'><em>εἰς</em></span> <span class='ocrx_word' id='word_1_463' title='bbox 1023 4086 1120 4159; x_wconf 77' lang='grc' dir='ltr'><em>τὴν</em></span> <span class='ocrx_word' id='word_1_464' title='bbox 1164 4085 1276 4139; x_wconf 84' lang='grc' dir='ltr'><em>τῶν</em></span> <span class='ocrx_word' id='word_1_465' title='bbox 1315 4085 1490 4155; x_wconf 82' lang='grc' dir='ltr'><em>ἔργων</em></span> <span class='ocrx_word' id='word_1_466' title='bbox 1516 4083 1880 4154; x_wconf 83' lang='grc' dir='ltr'><em>κατασκευὴν,</em></span> 
     </span>
    </p>
   </div>
   <div class='ocr_carea' id='block_1_57' title="bbox 299 4174 1883 4251">
    <p class='ocr_par' dir='ltr' id='par_1_57' title="bbox 299 4174 1883 4251">
     <span class='ocr_line' id='line_1_57' title="bbox 299 4174 1883 4251; baseline -0.005 -15"><span class='ocrx_word' id='word_1_467' title='bbox 299 4185 400 4238; x_wconf 73' lang='grc' dir='ltr'><strong><em>καὶ</em></strong></span> <span class='ocrx_word' id='word_1_468' title='bbox 430 4185 513 4245; x_wconf 86' lang='grc' dir='ltr'><em>εἰς</em></span> <span class='ocrx_word' id='word_1_469' title='bbox 539 4182 636 4245; x_wconf 74' lang='grc' dir='ltr'><em>τὰς</em></span> <span class='ocrx_word' id='word_1_470' title='bbox 658 4182 766 4233; x_wconf 85' lang='grc' dir='ltr'><em>τῶν</em></span> <span class='ocrx_word' id='word_1_471' title='bbox 793 4180 981 4251; x_wconf 76' lang='grc' dir='ltr'><em>ἱερέων</em></span> <span class='ocrx_word' id='word_1_472' title='bbox 1015 4177 1226 4241; x_wconf 79' lang='grc' dir='ltr'><em>στολὰς,</em></span> <span class='ocrx_word' id='word_1_473' title='bbox 1260 4177 1354 4230; x_wconf 78' lang='grc' dir='ltr'><strong><em>καὶ</em></strong></span> <span class='ocrx_word' id='word_1_474' title='bbox 1381 4178 1461 4239; x_wconf 76' lang='grc' dir='ltr'><strong><em>εις</em></strong></span> <span class='ocrx_word' id='word_1_475' title='bbox 1490 4176 1590 4239; x_wconf 78' lang='grc' dir='ltr'><em>τὰς</em></span> <span class='ocrx_word' id='word_1_476' title='bbox 1616 4174 1883 4244; x_wconf 77' lang='grc' dir='ltr'><em>τεταγμέ-</em></span> 
     </span>
    </p>
   </div>
   <div class='ocr_carea' id='block_1_58' title="bbox 301 4265 1888 4339">
    <p class='ocr_par' dir='ltr' id='par_1_58' title="bbox 301 4265 1888 4339">
     <span class='ocr_line' id='line_1_58' title="bbox 301 4265 1888 4339; baseline -0.007 -12"><span class='ocrx_word' id='word_1_477' title='bbox 301 4291 401 4337; x_wconf 68' lang='grc' dir='ltr'><strong><em>νας</em></strong></span> <span class='ocrx_word' id='word_1_478' title='bbox 434 4274 621 4334; x_wconf 79' lang='grc' dir='ltr'><em>αὐτοῖς</em></span> <span class='ocrx_word' id='word_1_479' title='bbox 649 4270 791 4325; x_wconf 80' lang='grc' dir='ltr'><strong><em>κατᾶ</em></strong></span> <span class='ocrx_word' id='word_1_480' title='bbox 825 4269 986 4339; x_wconf 88' lang='grc' dir='ltr'><em>νόμον</em></span> <span class='ocrx_word' id='word_1_481' title='bbox 1010 4268 1220 4330; x_wconf 72' lang='grc' dir='ltr'><em>θυσίας’</em></span> <span class='ocrx_word' id='word_1_482' title='bbox 1249 4267 1507 4321; x_wconf 83' lang='grc' dir='ltr'><em>τέτακται</em></span> <span class='ocrx_word' id='word_1_483' title='bbox 1526 4267 1585 4320; x_wconf 77' lang='grc' dir='ltr'><strong><em>δὲ</em></strong></span> <span class='ocrx_word' id='word_1_484' title='bbox 1610 4265 1722 4320; x_wconf 82' lang='grc' dir='ltr'><em>τῶν</em></span> <span class='ocrx_word' id='word_1_485' title='bbox 1749 4282 1888 4337; x_wconf 85' lang='grc' dir='ltr'><em>χρη-</em></span> 
     </span>
    </p>
   </div>
   <div class='ocr_carea' id='block_1_59' title="bbox 303 4358 1885 4437">
    <p class='ocr_par' dir='ltr' id='par_1_59' title="bbox 303 4358 1885 4437">
     <span class='ocr_line' id='line_1_59' title="bbox 303 4358 1885 4437; baseline -0.004 -17"><span class='ocrx_word' id='word_1_486' title='bbox 303 4368 491 4437; x_wconf 84' lang='grc' dir='ltr'><em>μάτων</em></span> <span class='ocrx_word' id='word_1_487' title='bbox 528 4363 754 4434; x_wconf 77' lang='grc' dir='ltr'><em>ταμίας,</em></span> <span class='ocrx_word' id='word_1_488' title='bbox 773 4361 981 4425; x_wconf 77' lang='grc' dir='ltr'><em>Ἰωσίας</em></span> <span class='ocrx_word' id='word_1_489' title='bbox 1012 4361 1125 4424; x_wconf 81' lang='grc' dir='ltr'><em>υἱὸς</em></span> <span class='ocrx_word' id='word_1_490' title='bbox 1154 4361 1431 4429; x_wconf 73' lang='grc' dir='ltr'><em>Σοφονιου.</em></span> <span class='ocrx_word' id='word_1_491' title='bbox 1462 4360 1797 4430; x_wconf 86' lang='grc' dir='ltr'><em>Προστάττει</em></span> <span class='ocrx_word' id='word_1_492' title='bbox 1821 4358 1885 4429; x_wconf 79' lang='grc' dir='ltr'><strong><em>δὴ</em></strong></span> 
     </span>
    </p>
   </div>
   <div class='ocr_carea' id='block_1_60' title="bbox 300 4451 1886 4522">
    <p class='ocr_par' dir='ltr' id='par_1_60' title="bbox 300 4451 1886 4522">
     <span class='ocr_line' id='line_1_60' title="bbox 300 4451 1886 4522; baseline -0.006 -9"><span class='ocrx_word' id='word_1_493' title='bbox 300 4454 396 4513; x_wconf 74' lang='grc' dir='ltr'><em>οὖν</em></span> <span class='ocrx_word' id='word_1_494' title='bbox 436 4460 468 4511; x_wconf 92' lang='lat'><strong><em>6</em></strong></span> <span class='ocrx_word' id='word_1_495' title='bbox 508 4455 620 4509; x_wconf 83' lang='grc' dir='ltr'><em>τῶν</em></span> <span class='ocrx_word' id='word_1_496' title='bbox 669 4454 808 4510; x_wconf 81' lang='grc' dir='ltr'><em>ὅλων</em></span> <span class='ocrx_word' id='word_1_497' title='bbox 853 4452 1003 4516; x_wconf 82' lang='grc' dir='ltr'><em>Θεὸς,</em></span> <span class='ocrx_word' id='word_1_498' title='bbox 1046 4453 1152 4506; x_wconf 80' lang='grc' dir='ltr'><strong><em>ἀπὸ</em></strong></span> <span class='ocrx_word' id='word_1_499' title='bbox 1189 4452 1297 4505; x_wconf 82' lang='grc' dir='ltr'><em>τῶν</em></span> <span class='ocrx_word' id='word_1_500' title='bbox 1329 4451 1886 4522; x_wconf 85' lang='grc' dir='ltr'><em>προσκεκομισμένων</em></span> 
     </span>
    </p>
   </div>
   <div class='ocr_carea' id='block_1_61' title="bbox 303 4538 1885 4621">
    <p class='ocr_par' dir='ltr' id='par_1_61' title="bbox 303 4538 1885 4621">
     <span class='ocr_line' id='line_1_61' title="bbox 303 4538 1885 4621; baseline -0.004 -18"><span class='ocrx_word' id='word_1_501' title='bbox 303 4549 458 4621; x_wconf 69' lang='grc' dir='ltr'><em>παρὰ</em></span> <span class='ocrx_word' id='word_1_502' title='bbox 482 4547 593 4601; x_wconf 85' lang='grc' dir='ltr'><em>τῶν</em></span> <span class='ocrx_word' id='word_1_503' title='bbox 616 4546 890 4617; x_wconf 82' lang='grc' dir='ltr'><em>ἀρχόντων</em></span> <span class='ocrx_word' id='word_1_504' title='bbox 919 4545 1018 4613; x_wconf 84' lang='grc' dir='ltr'><em>τῆς</em></span> <span class='ocrx_word' id='word_1_505' title='bbox 1045 4543 1441 4615; x_wconf 69' lang='grc' dir='ltr'><em>αἰχμαλωσίας,</em></span> <span class='ocrx_word' id='word_1_506' title='bbox 1464 4543 1500 4599; x_wconf 74' lang='grc' dir='ltr'><strong>ἃ</strong></span> <span class='ocrx_word' id='word_1_507' title='bbox 1533 4544 1627 4597; x_wconf 69' lang='grc' dir='ltr'><strong><em>καὶ</em></strong></span> <span class='ocrx_word' id='word_1_508' title='bbox 1655 4538 1723 4614; x_wconf 82' lang='grc' dir='ltr'><em>ἦν</em></span> <span class='ocrx_word' id='word_1_509' title='bbox 1746 4543 1885 4598; x_wconf 71' lang='grc' dir='ltr'><strong><em>ἀπό-</em></strong></span> 
     </span>
    </p>
   </div>
   <div class='ocr_carea' id='block_1_62' title="bbox 306 4634 1883 4709">
    <p class='ocr_par' dir='ltr' id='par_1_62' title="bbox 306 4634 1883 4709">
     <span class='ocr_line' id='line_1_62' title="bbox 306 4634 1883 4709; baseline -0.003 -17"><span class='ocrx_word' id='word_1_510' title='bbox 306 4639 435 4694; x_wconf 86' lang='grc' dir='ltr'><em>θετα</em></span> <span class='ocrx_word' id='word_1_511' title='bbox 471 4637 624 4709; x_wconf 71' lang='grc' dir='ltr'><em>παρὰ</em></span> <span class='ocrx_word' id='word_1_512' title='bbox 656 4636 736 4707; x_wconf 82' lang='grc' dir='ltr'><em>τῷ</em></span> <span class='ocrx_word' id='word_1_513' title='bbox 764 4635 969 4706; x_wconf 80' lang='grc' dir='ltr'><em>Ἰωσίᾳ,</em></span> <span class='ocrx_word' id='word_1_514' title='bbox 997 4636 1220 4706; x_wconf 82' lang='grc' dir='ltr'><em>χρυσίον</em></span> <span class='ocrx_word' id='word_1_515' title='bbox 1252 4636 1349 4689; x_wconf 76' lang='grc' dir='ltr'><strong><em>καὶ</em></strong></span> <span class='ocrx_word' id='word_1_516' title='bbox 1391 4634 1653 4704; x_wconf 80' lang='grc' dir='ltr'><em>ἀργύριον</em></span> <span class='ocrx_word' id='word_1_517' title='bbox 1676 4634 1883 4698; x_wconf 85' lang='grc' dir='ltr'><em>λαϐεῖν,</em></span> 
     </span>
    </p>
   </div>
   <div class='ocr_carea' id='block_1_63' title="bbox 1978 2149 3557 2225">
    <p class='ocr_par' dir='ltr' id='par_1_63' title="bbox 1978 2149 3557 2225">
     <span class='ocr_line' id='line_1_63' title="bbox 1978 2149 3557 2225; baseline -0.004 -14"><span class='ocrx_word' id='word_1_518' title='bbox 1978 2157 2322 2223; x_wconf 79' lang='lat' dir='ltr'><strong><em>Zachariam,</em></strong></span> <span class='ocrx_word' id='word_1_519' title='bbox 2350 2156 2465 2210; x_wconf 83' lang='lat' dir='ltr'><strong><em>sive</em></strong></span> <span class='ocrx_word' id='word_1_520' title='bbox 2493 2170 2591 2225; x_wconf 91' lang='lat' dir='ltr'><strong><em>per</em></strong></span> <span class='ocrx_word' id='word_1_521' title='bbox 2618 2155 2793 2225; x_wconf 90' lang='lat' dir='ltr'><strong><em>ipsum</em></strong></span> <span class='ocrx_word' id='word_1_522' title='bbox 2827 2167 3020 2209; x_wconf 89' lang='lat' dir='ltr'><strong><em>omnes</em></strong></span> <span class='ocrx_word' id='word_1_523' title='bbox 3051 2152 3256 2206; x_wconf 84' lang='lat' dir='ltr'><strong><em>amicos</em></strong></span> <span class='ocrx_word' id='word_1_524' title='bbox 3315 2149 3557 2205; x_wconf 78' lang='lat' dir='ltr'><strong><em>Zoroba-</em></strong></span> 
     </span>
    </p>
   </div>
   <div class='ocr_carea' id='block_1_64' title="bbox 1977 2242 3557 2319">
    <p class='ocr_par' dir='ltr' id='par_1_64' title="bbox 1977 2242 3557 2319">
     <span class='ocr_line' id='line_1_64' title="bbox 1977 2242 3557 2319; baseline -0.006 -14"><span class='ocrx_word' id='word_1_525' title='bbox 1977 2249 2084 2314; x_wconf 81' lang='lat' dir='ltr'><strong><em>bet,</em></strong></span> <span class='ocrx_word' id='word_1_526' title='bbox 2113 2249 2371 2319; x_wconf 93' lang='lat' dir='ltr'><strong><em>principis</em></strong></span> <span class='ocrx_word' id='word_1_527' title='bbox 2424 2246 2609 2310; x_wconf 82' lang='lat' dir='ltr'><strong><em>Israel,</em></strong></span> <span class='ocrx_word' id='word_1_528' title='bbox 2672 2247 2812 2301; x_wconf 86' lang='lat' dir='ltr'><strong><em>tribu</em></strong></span> <span class='ocrx_word' id='word_1_529' title='bbox 2868 2245 3038 2316; x_wconf 85' lang='lat' dir='ltr'><strong><em>regia,</em></strong></span> <span class='ocrx_word' id='word_1_530' title='bbox 3074 2244 3217 2297; x_wconf 90' lang='lat' dir='ltr'><strong><em>unde</em></strong></span> <span class='ocrx_word' id='word_1_531' title='bbox 3256 2242 3557 2312; x_wconf 72' lang='lat' dir='ltr'><strong><em>prodierat,</em></strong></span> 
     </span>
    </p>
   </div>
   <div class='ocr_carea' id='block_1_65' title="bbox 1979 2334 3560 2408">
    <p class='ocr_par' dir='ltr' id='par_1_65' title="bbox 1979 2334 3560 2408">
     <span class='ocr_line' id='line_1_65' title="bbox 1979 2334 3560 2408; baseline -0.004 -12"><span class='ocrx_word' id='word_1_532' title='bbox 1979 2341 2130 2397; x_wconf 87' lang='lat' dir='ltr'><strong><em>illum</em></strong></span> <span class='ocrx_word' id='word_1_533' title='bbox 2172 2341 2238 2395; x_wconf 87' lang='lat' dir='ltr'><strong><em>ad</em></strong></span> <span class='ocrx_word' id='word_1_534' title='bbox 2296 2355 2522 2408; x_wconf 83' lang='lat' dir='ltr'><strong><em>regnum</em></strong></span> <span class='ocrx_word' id='word_1_535' title='bbox 2575 2348 2825 2393; x_wconf 87' lang='lat' dir='ltr'><strong><em>vocante.</em></strong></span> <span class='ocrx_word' id='word_1_536' title='bbox 2878 2336 3017 2404; x_wconf 85' lang='lat' dir='ltr'><strong><em>Quid</em></strong></span> <span class='ocrx_word' id='word_1_537' title='bbox 3094 2345 3276 2391; x_wconf 88' lang='lat' dir='ltr'><strong><em>autem</em></strong></span> <span class='ocrx_word' id='word_1_538' title='bbox 3331 2334 3397 2389; x_wconf 86' lang='lat' dir='ltr'><strong><em>de</em></strong></span> <span class='ocrx_word' id='word_1_539' title='bbox 3443 2334 3560 2404; x_wconf 87' lang='lat' dir='ltr'><strong><em>ipso</em></strong></span> 
     </span>
    </p>
   </div>
   <div class='ocr_carea' id='block_1_66' title="bbox 1978 2424 3561 2496">
    <p class='ocr_par' dir='ltr' id='par_1_66' title="bbox 1978 2424 3561 2496">
     <span class='ocr_line' id='line_1_66' title="bbox 1978 2424 3561 2496; baseline -0.006 -9"><span class='ocrx_word' id='word_1_540' title='bbox 1978 2431 2180 2487; x_wconf 85' lang='lat' dir='ltr'><strong><em>dictqu</em></strong></span> <span class='ocrx_word' id='word_1_541' title='bbox 2212 2429 2285 2485; x_wconf 87' lang='lat' dir='ltr'><strong><em>sit</em></strong></span> <span class='ocrx_word' id='word_1_542' title='bbox 2317 2446 2347 2483; x_wconf 89' lang='lat' dir='ltr'><strong><em>a</em></strong></span> <span class='ocrx_word' id='word_1_543' title='bbox 2374 2427 2507 2493; x_wconf 86' lang='lat' dir='ltr'><strong><em>Deo,</em></strong></span> <span class='ocrx_word' id='word_1_544' title='bbox 2532 2426 2683 2496; x_wconf 90' lang='lat' dir='ltr'><strong><em>prius</em></strong></span> <span class='ocrx_word' id='word_1_545' title='bbox 2704 2441 2733 2480; x_wconf 86' lang='lat' dir='ltr'><strong><em>a</em></strong></span> <span class='ocrx_word' id='word_1_546' title='bbox 2765 2440 2850 2479; x_wconf 89' lang='lat' dir='ltr'><strong><em>me</em></strong></span> <span class='ocrx_word' id='word_1_547' title='bbox 2881 2424 3299 2479; x_wconf 87' lang='lat' dir='ltr'><strong><em>commemorari</em></strong></span> <span class='ocrx_word' id='word_1_548' title='bbox 3330 2436 3561 2478; x_wconf 85' lang='lat' dir='ltr'><strong><em>necesse</em></strong></span> 
     </span>
    </p>
   </div>
   <div class='ocr_carea' id='block_1_67' title="bbox 1977 2513 3561 2587">
    <p class='ocr_par' dir='ltr' id='par_1_67' title="bbox 1977 2513 3561 2587">
     <span class='ocr_line' id='line_1_67' title="bbox 1977 2513 3561 2587; baseline -0.007 -9"><span class='ocrx_word' id='word_1_549' title='bbox 1977 2532 2082 2578; x_wconf 76' lang='grc' dir='ltr'><em>εει.</em></span> <span class='ocrx_word' id='word_1_550' title='bbox 2113 2521 2203 2574; x_wconf 86' lang='lat' dir='ltr'><strong><em>Ait</em></strong></span> <span class='ocrx_word' id='word_1_551' title='bbox 2237 2536 2367 2587; x_wconf 80' lang='lat' dir='ltr'><strong><em>ergo</em></strong></span> <span class='ocrx_word' id='word_1_552' title='bbox 2395 2537 2409 2574; x_wconf 87' lang='lat'><strong>:</strong></span> <span class='ocrx_word' id='word_1_553' title='bbox 2446 2536 2465 2570; x_wconf 83' lang='grc' dir='ltr'><strong><em>ι</em></strong></span> <span class='ocrx_word' id='word_1_554' title='bbox 2499 2518 2688 2575; x_wconf 74' lang='lat' dir='ltr'><strong><em>Manus</em></strong></span> <span class='ocrx_word' id='word_1_555' title='bbox 2708 2515 3006 2572; x_wconf 86' lang='lat' dir='ltr'><strong><em>Zorobabel</em></strong></span> <span class='ocrx_word' id='word_1_556' title='bbox 3027 2513 3561 2569; x_wconf 82' lang='lat' dir='ltr'><strong><em>fundaruntdomum</em></strong></span> 
     </span>
    </p>
   </div>
   <div class='ocr_carea' id='block_1_68' title="bbox 1979 2601 3562 2679">
    <p class='ocr_par' dir='ltr' id='par_1_68' title="bbox 1979 2601 3562 2679">
     <span class='ocr_line' id='line_1_68' title="bbox 1979 2601 3562 2679; baseline -0.006 -13"><span class='ocrx_word' id='word_1_557' title='bbox 1979 2612 2139 2678; x_wconf 87' lang='lat' dir='ltr'><strong><em>hanc,</em></strong></span> <span class='ocrx_word' id='word_1_558' title='bbox 2164 2620 2218 2665; x_wconf 90' lang='lat' dir='ltr'><strong><em>et</em></strong></span> <span class='ocrx_word' id='word_1_559' title='bbox 2237 2624 2426 2664; x_wconf 89' lang='lat' dir='ltr'><strong><em>manus</em></strong></span> <span class='ocrx_word' id='word_1_560' title='bbox 2454 2607 2569 2677; x_wconf 86' lang='lat' dir='ltr'><strong><em>ejus</em></strong></span> <span class='ocrx_word' id='word_1_561' title='bbox 2595 2609 2877 2679; x_wconf 84' lang='lat' dir='ltr'><strong><em>perlicient</em></strong></span> <span class='ocrx_word' id='word_1_562' title='bbox 2931 2620 3050 2658; x_wconf 86' lang='lat' dir='ltr'><strong><em>eam</em></strong></span> <span class='ocrx_word' id='word_1_563' title='bbox 3087 2603 3156 2657; x_wconf 75' lang='lat'><strong>&quot;.</strong></span> <span class='ocrx_word' id='word_1_564' title='bbox 3205 2621 3226 2656; x_wconf 77' lang='grc' dir='ltr'><strong><em>ι</em></strong></span> <span class='ocrx_word' id='word_1_565' title='bbox 3282 2602 3388 2657; x_wconf 90' lang='lat' dir='ltr'><strong><em>Sed</em></strong></span> <span class='ocrx_word' id='word_1_566' title='bbox 3441 2601 3562 2657; x_wconf 84' lang='lat' dir='ltr'><strong><em>l&#39;un-</em></strong></span> 
     </span>
    </p>
   </div>
   <div class='ocr_carea' id='block_1_69' title="bbox 1979 2694 3563 2770">
    <p class='ocr_par' dir='ltr' id='par_1_69' title="bbox 1979 2694 3563 2770">
     <span class='ocr_line' id='line_1_69' title="bbox 1979 2694 3563 2770; baseline -0.009 -9"><span class='ocrx_word' id='word_1_567' title='bbox 1979 2704 2127 2761; x_wconf 84' lang='lat' dir='ltr'><strong><em>danti</em></strong></span> <span class='ocrx_word' id='word_1_568' title='bbox 2164 2705 2408 2766; x_wconf 90' lang='lat' dir='ltr'><strong><em>domum,</em></strong></span> <span class='ocrx_word' id='word_1_569' title='bbox 2456 2710 2621 2770; x_wconf 78' lang='lat' dir='ltr'><strong><em>atque</em></strong></span> <span class='ocrx_word' id='word_1_570' title='bbox 2645 2699 2810 2753; x_wconf 87' lang='lat' dir='ltr'><strong><em>etiam</em></strong></span> <span class='ocrx_word' id='word_1_571' title='bbox 2888 2695 3214 2767; x_wconf 79' lang='lat' dir='ltr'><strong><em>perﬁcienti,</em></strong></span> <span class='ocrx_word' id='word_1_572' title='bbox 3256 2694 3439 2748; x_wconf 87' lang='lat' dir='ltr'><strong><em>socius</em></strong></span> <span class='ocrx_word' id='word_1_573' title='bbox 3504 2699 3563 2747; x_wconf 90' lang='lat' dir='ltr'><strong><em>et</em></strong></span> 
     </span>
    </p>
   </div>
   <div class='ocr_carea' id='block_1_70' title="bbox 1979 2786 3556 2868">
    <p class='ocr_par' dir='ltr' id='par_1_70' title="bbox 1979 2786 3556 2868">
     <span class='ocr_line' id='line_1_70' title="bbox 1979 2786 3556 2868; baseline -0.008 -18"><span class='ocrx_word' id='word_1_574' title='bbox 1979 2796 2192 2865; x_wconf 88' lang='lat' dir='ltr'><strong><em>adjutor</em></strong></span> <span class='ocrx_word' id='word_1_575' title='bbox 2220 2791 2515 2849; x_wconf 78' lang='lat' dir='ltr'><strong><em>eratlesus</em></strong></span> <span class='ocrx_word' id='word_1_576' title='bbox 2551 2792 2692 2868; x_wconf 84' lang='lat' dir='ltr'><strong><em>titips</em></strong></span> <span class='ocrx_word' id='word_1_577' title='bbox 2719 2787 2949 2844; x_wconf 76' lang='lat' dir='ltr'><strong><em>losedec</em></strong></span> <span class='ocrx_word' id='word_1_578' title='bbox 2998 2786 3255 2842; x_wconf 82' lang='lat' dir='ltr'><strong><em>sacerdos</em></strong></span> <span class='ocrx_word' id='word_1_579' title='bbox 3304 2797 3556 2855; x_wconf 86' lang='lat' dir='ltr'><strong><em>magnus.</em></strong></span> 
     </span>
    </p>
   </div>
   <div class='ocr_carea' id='block_1_71' title="bbox 1980 2879 3561 2955">
    <p class='ocr_par' dir='ltr' id='par_1_71' title="bbox 1980 2879 3561 2955">
     <span class='ocr_line' id='line_1_71' title="bbox 1980 2879 3561 2955; baseline -0.005 -16"><span class='ocrx_word' id='word_1_580' title='bbox 1980 2886 2242 2955; x_wconf 84' lang='lat' dir='ltr'><strong><em>Quocirca</em></strong></span> <span class='ocrx_word' id='word_1_581' title='bbox 2268 2885 2518 2954; x_wconf 69' lang='lat' dir='ltr'><strong><em>praecepit</em></strong></span> <span class='ocrx_word' id='word_1_582' title='bbox 2546 2885 2919 2938; x_wconf 84' lang='lat' dir='ltr'><strong><em>universorum</em></strong></span> <span class='ocrx_word' id='word_1_583' title='bbox 2986 2879 3127 2934; x_wconf 83' lang='lat' dir='ltr'><strong><em>Deus</em></strong></span> <span class='ocrx_word' id='word_1_584' title='bbox 3182 2887 3372 2934; x_wconf 82' lang='lat' dir='ltr'><strong><em>sancto</em></strong></span> <span class='ocrx_word' id='word_1_585' title='bbox 3430 2892 3561 2949; x_wconf 85' lang='lat' dir='ltr'><strong><em>pro-</em></strong></span> 
     </span>
    </p>
   </div>
   <div class='ocr_carea' id='block_1_72' title="bbox 1979 2970 3559 3050">
    <p class='ocr_par' dir='ltr' id='par_1_72' title="bbox 1979 2970 3559 3050">
     <span class='ocr_line' id='line_1_72' title="bbox 1979 2970 3559 3050; baseline -0.004 -18"><span class='ocrx_word' id='word_1_586' title='bbox 1979 2980 2176 3050; x_wconf 82' lang='lat' dir='ltr'><strong><em>phetae,</em></strong></span> <span class='ocrx_word' id='word_1_587' title='bbox 2203 2977 2363 3033; x_wconf 87' lang='lat' dir='ltr'><strong><em>allata</em></strong></span> <span class='ocrx_word' id='word_1_588' title='bbox 2386 2977 2452 3033; x_wconf 90' lang='lat' dir='ltr'><strong><em>de</em></strong></span> <span class='ocrx_word' id='word_1_589' title='bbox 2501 2976 2816 3047; x_wconf 67' lang='lat' dir='ltr'><strong><em>captivitate</em></strong></span> <span class='ocrx_word' id='word_1_590' title='bbox 2860 2972 3109 3043; x_wconf 87' lang='lat' dir='ltr'><strong><em>accipere</em></strong></span> <span class='ocrx_word' id='word_1_591' title='bbox 3140 2989 3170 3025; x_wconf 90' lang='lat' dir='ltr'><strong><em>a</em></strong></span> <span class='ocrx_word' id='word_1_592' title='bbox 3199 2970 3559 3042; x_wconf 89' lang='lat' dir='ltr'><strong><em>principibus,</em></strong></span> 
     </span>
    </p>
   </div>
   <div class='ocr_carea' id='block_1_73' title="bbox 1979 3067 3559 3140">
    <p class='ocr_par' dir='ltr' id='par_1_73' title="bbox 1979 3067 3559 3140">
     <span class='ocr_line' id='line_1_73' title="bbox 1979 3067 3559 3140; baseline -0.005 -14"><span class='ocrx_word' id='word_1_593' title='bbox 1979 3081 2034 3126; x_wconf 84' lang='lat' dir='ltr'><strong><em>et</em></strong></span> <span class='ocrx_word' id='word_1_594' title='bbox 2060 3072 2126 3125; x_wconf 86' lang='lat' dir='ltr'><strong><em>ab</em></strong></span> <span class='ocrx_word' id='word_1_595' title='bbox 2148 3071 2369 3126; x_wconf 88' lang='lat' dir='ltr'><strong><em>utililms</em></strong></span> <span class='ocrx_word' id='word_1_596' title='bbox 2401 3069 2538 3140; x_wconf 88' lang='lat' dir='ltr'><strong><em>ejus,</em></strong></span> <span class='ocrx_word' id='word_1_597' title='bbox 2575 3078 2630 3124; x_wconf 87' lang='lat' dir='ltr'><strong><em>et</em></strong></span> <span class='ocrx_word' id='word_1_598' title='bbox 2669 3068 2739 3123; x_wconf 86' lang='lat' dir='ltr'><strong><em>ab</em></strong></span> <span class='ocrx_word' id='word_1_599' title='bbox 2770 3067 2856 3122; x_wconf 90' lang='lat' dir='ltr'><strong><em>bis</em></strong></span> <span class='ocrx_word' id='word_1_600' title='bbox 2885 3067 2977 3136; x_wconf 90' lang='lat' dir='ltr'><strong><em>qui</em></strong></span> <span class='ocrx_word' id='word_1_601' title='bbox 3009 3072 3380 3135; x_wconf 87' lang='lat' dir='ltr'><strong><em>cognoverunt</em></strong></span> <span class='ocrx_word' id='word_1_602' title='bbox 3414 3076 3559 3119; x_wconf 85' lang='lat' dir='ltr'><strong><em>eam.</em></strong></span> 
     </span>
    </p>
   </div>
   <div class='ocr_carea' id='block_1_74' title="bbox 1981 3154 3560 3232">
    <p class='ocr_par' dir='ltr' id='par_1_74' title="bbox 1981 3154 3560 3232">
     <span class='ocr_line' id='line_1_74' title="bbox 1981 3154 3560 3232; baseline -0.004 -16"><span class='ocrx_word' id='word_1_603' title='bbox 1981 3164 2211 3232; x_wconf 85' lang='lat' dir='ltr'><strong><em>Quinam</em></strong></span> <span class='ocrx_word' id='word_1_604' title='bbox 2234 3163 2320 3217; x_wconf 84' lang='lat' dir='ltr'><strong><em>isti</em></strong></span> <span class='ocrx_word' id='word_1_605' title='bbox 2361 3162 2589 3228; x_wconf 78' lang='lat' dir='ltr'><strong><em>fuerint,</em></strong></span> <span class='ocrx_word' id='word_1_606' title='bbox 2617 3169 2673 3215; x_wconf 88' lang='lat' dir='ltr'><strong><em>et</em></strong></span> <span class='ocrx_word' id='word_1_607' title='bbox 2708 3175 2826 3230; x_wconf 75' lang='lat' dir='ltr'><strong><em>qtue</em></strong></span> <span class='ocrx_word' id='word_1_608' title='bbox 2858 3160 2969 3214; x_wconf 90' lang='lat' dir='ltr'><strong><em>sint</em></strong></span> <span class='ocrx_word' id='word_1_609' title='bbox 3003 3158 3091 3212; x_wconf 90' lang='lat' dir='ltr'><strong><em>illa</em></strong></span> <span class='ocrx_word' id='word_1_610' title='bbox 3131 3158 3199 3212; x_wconf 88' lang='lat' dir='ltr'><strong><em>de</em></strong></span> <span class='ocrx_word' id='word_1_611' title='bbox 3224 3154 3560 3225; x_wconf 80' lang='lat' dir='ltr'><strong><em>captivitate,</em></strong></span> 
     </span>
    </p>
   </div>
   <div class='ocr_carea' id='block_1_75' title="bbox 1979 3247 3564 3323">
    <p class='ocr_par' dir='ltr' id='par_1_75' title="bbox 1979 3247 3564 3323">
     <span class='ocr_line' id='line_1_75' title="bbox 1979 3247 3564 3323; baseline -0.009 -10"><span class='ocrx_word' id='word_1_612' title='bbox 1979 3257 2263 3313; x_wconf 82' lang='lat' dir='ltr'><strong><em>commode</em></strong></span> <span class='ocrx_word' id='word_1_613' title='bbox 2293 3270 2576 3323; x_wconf 86' lang='lat' dir='ltr'><strong><em>exponam.</em></strong></span> <span class='ocrx_word' id='word_1_614' title='bbox 2603 3250 2857 3306; x_wconf 76' lang='lat' dir='ltr'><strong><em>Israelita:</em></strong></span> <span class='ocrx_word' id='word_1_615' title='bbox 2895 3266 2927 3306; x_wconf 91' lang='lat' dir='ltr'><strong><em>e</em></strong></span> <span class='ocrx_word' id='word_1_616' title='bbox 2977 3249 3252 3319; x_wconf 81' lang='lat' dir='ltr'><strong><em>Babylone</em></strong></span> <span class='ocrx_word' id='word_1_617' title='bbox 3285 3247 3564 3302; x_wconf 85' lang='lat' dir='ltr'><strong><em>redierunt</em></strong></span> 
     </span>
    </p>
   </div>
   <div class='ocr_carea' id='block_1_76' title="bbox 1988 3338 3565 3416">
    <p class='ocr_par' dir='ltr' id='par_1_76' title="bbox 1988 3338 3565 3416">
     <span class='ocr_line' id='line_1_76' title="bbox 1988 3338 3565 3416; baseline -0.008 -12"><span class='ocrx_word' id='word_1_618' title='bbox 1988 3367 2092 3405; x_wconf 89' lang='lat' dir='ltr'><strong><em>non</em></strong></span> <span class='ocrx_word' id='word_1_619' title='bbox 2142 3348 2377 3413; x_wconf 81' lang='lat' dir='ltr'><strong><em>confusi,</em></strong></span> <span class='ocrx_word' id='word_1_620' title='bbox 2401 3362 2501 3402; x_wconf 83' lang='lat' dir='ltr'><strong><em>nec</em></strong></span> <span class='ocrx_word' id='word_1_621' title='bbox 2529 3344 2794 3416; x_wconf 65' lang='lat' dir='ltr'><strong><em>penulati,</em></strong></span> <span class='ocrx_word' id='word_1_622' title='bbox 2829 3343 2923 3398; x_wconf 85' lang='lat' dir='ltr'><strong><em>sed</em></strong></span> <span class='ocrx_word' id='word_1_623' title='bbox 2952 3343 3261 3413; x_wconf 85' lang='lat' dir='ltr'><strong><em>agminibus</em></strong></span> <span class='ocrx_word' id='word_1_624' title='bbox 3294 3338 3565 3409; x_wconf 88' lang='lat' dir='ltr'><strong><em>composi-</em></strong></span> 
     </span>
    </p>
   </div>
   <div class='ocr_carea' id='block_1_77' title="bbox 1989 3431 3564 3508">
    <p class='ocr_par' dir='ltr' id='par_1_77' title="bbox 1989 3431 3564 3508">
     <span class='ocr_line' id='line_1_77' title="bbox 1989 3431 3564 3508; baseline -0.01 -9"><span class='ocrx_word' id='word_1_625' title='bbox 1989 3444 2080 3508; x_wconf 87' lang='lat' dir='ltr'><strong><em>tis,</em></strong></span> <span class='ocrx_word' id='word_1_626' title='bbox 2113 3452 2164 3498; x_wconf 89' lang='lat' dir='ltr'><strong><em>et</em></strong></span> <span class='ocrx_word' id='word_1_627' title='bbox 2187 3442 2397 3507; x_wconf 90' lang='lat' dir='ltr'><strong><em>ordine,</em></strong></span> <span class='ocrx_word' id='word_1_628' title='bbox 2444 3438 2739 3493; x_wconf 88' lang='lat' dir='ltr'><strong><em>secundum</em></strong></span> <span class='ocrx_word' id='word_1_629' title='bbox 2770 3451 2968 3504; x_wconf 86' lang='lat' dir='ltr'><strong><em>genera</em></strong></span> <span class='ocrx_word' id='word_1_630' title='bbox 3018 3443 3070 3490; x_wconf 90' lang='lat' dir='ltr'><strong><em>et</em></strong></span> <span class='ocrx_word' id='word_1_631' title='bbox 3121 3434 3313 3498; x_wconf 88' lang='lat' dir='ltr'><strong><em>tribus,</em></strong></span> <span class='ocrx_word' id='word_1_632' title='bbox 3358 3431 3564 3486; x_wconf 82' lang='lat' dir='ltr'><strong><em>antesi-</em></strong></span> 
     </span>
    </p>
   </div>
   <div class='ocr_carea' id='block_1_78' title="bbox 1983 3520 3560 3608">
    <p class='ocr_par' dir='ltr' id='par_1_78' title="bbox 1983 3520 3560 3608">
     <span class='ocr_line' id='line_1_78' title="bbox 1983 3520 3560 3608; baseline -0.008 -18"><span class='ocrx_word' id='word_1_633' title='bbox 1983 3551 2189 3608; x_wconf 80' lang='lat' dir='ltr'><strong><em>gnauos</em></strong></span> <span class='ocrx_word' id='word_1_634' title='bbox 2227 3544 2282 3589; x_wconf 90' lang='lat' dir='ltr'><strong><em>et</em></strong></span> <span class='ocrx_word' id='word_1_635' title='bbox 2310 3530 2801 3595; x_wconf 72' lang='lat' dir='ltr'><strong><em>ducesbabentes,</em></strong></span> <span class='ocrx_word' id='word_1_636' title='bbox 2840 3536 2899 3582; x_wconf 90' lang='lat' dir='ltr'><strong><em>ut</em></strong></span> <span class='ocrx_word' id='word_1_637' title='bbox 2946 3527 3000 3581; x_wconf 89' lang='lat' dir='ltr'><strong><em>in</em></strong></span> <span class='ocrx_word' id='word_1_638' title='bbox 3046 3527 3215 3581; x_wconf 86' lang='lat' dir='ltr'><strong><em>Esdra</em></strong></span> <span class='ocrx_word' id='word_1_639' title='bbox 3235 3524 3460 3591; x_wconf 86' lang='lat' dir='ltr'><strong><em>legimus</em></strong></span> <span class='ocrx_word' id='word_1_640' title='bbox 3488 3520 3560 3577; x_wconf 79' lang='grc'><strong>⁷⁷.</strong></span> 
     </span>
    </p>
   </div>
   <div class='ocr_carea' id='block_1_79' title="bbox 1981 3616 3564 3694">
    <p class='ocr_par' dir='ltr' id='par_1_79' title="bbox 1981 3616 3564 3694">
     <span class='ocr_line' id='line_1_79' title="bbox 1981 3616 3564 3694; baseline -0.008 -12"><span class='ocrx_word' id='word_1_641' title='bbox 1981 3625 2272 3694; x_wconf 77' lang='lat' dir='ltr'><strong><em>Postquam</em></strong></span> <span class='ocrx_word' id='word_1_642' title='bbox 2310 3625 2475 3694; x_wconf 78' lang='lat' dir='ltr'><strong><em>igitur</em></strong></span> <span class='ocrx_word' id='word_1_643' title='bbox 2495 3623 2608 3692; x_wconf 89' lang='lat' dir='ltr'><strong><em>jam</em></strong></span> <span class='ocrx_word' id='word_1_644' title='bbox 2661 3619 3089 3690; x_wconf 83' lang='lat' dir='ltr'><strong><em>Hierosolymam</em></strong></span> <span class='ocrx_word' id='word_1_645' title='bbox 3139 3625 3423 3681; x_wconf 85' lang='lat' dir='ltr'><strong><em>venerunt,</em></strong></span> <span class='ocrx_word' id='word_1_646' title='bbox 3454 3616 3564 3670; x_wconf 87' lang='lat' dir='ltr'><strong><em>Deo</em></strong></span> 
     </span>
    </p>
   </div>
   <div class='ocr_carea' id='block_1_80' title="bbox 1982 3708 3559 3783">
    <p class='ocr_par' dir='ltr' id='par_1_80' title="bbox 1982 3708 3559 3783">
     <span class='ocr_line' id='line_1_80' title="bbox 1982 3708 3559 3783; baseline -0.011 -6"><span class='ocrx_word' id='word_1_647' title='bbox 1982 3718 2395 3777; x_wconf 80' lang='lat' dir='ltr'><strong><em>tediiicatiouem</em></strong></span> <span class='ocrx_word' id='word_1_648' title='bbox 2430 3713 2611 3783; x_wconf 87' lang='lat' dir='ltr'><strong><em>templi</em></strong></span> <span class='ocrx_word' id='word_1_649' title='bbox 2650 3720 2900 3782; x_wconf 75' lang='lat' dir='ltr'><strong><em>urgente,</em></strong></span> <span class='ocrx_word' id='word_1_650' title='bbox 2931 3708 3379 3781; x_wconf 68' lang='lat' dir='ltr'><strong><em>gazophylacium</em></strong></span> <span class='ocrx_word' id='word_1_651' title='bbox 3433 3721 3559 3761; x_wconf 83' lang='lat' dir='ltr'><strong><em>cum</em></strong></span> 
     </span>
    </p>
   </div>
   <div class='ocr_carea' id='block_1_81' title="bbox 1983 3800 3564 3880">
    <p class='ocr_par' dir='ltr' id='par_1_81' title="bbox 1983 3800 3564 3880">
     <span class='ocr_line' id='line_1_81' title="bbox 1983 3800 3564 3880; baseline -0.008 -14"><span class='ocrx_word' id='word_1_652' title='bbox 1983 3811 2050 3866; x_wconf 88' lang='lat' dir='ltr'><strong><em>ad</em></strong></span> <span class='ocrx_word' id='word_1_653' title='bbox 2086 3809 2365 3880; x_wconf 88' lang='lat' dir='ltr'><strong><em>pecuniam</em></strong></span> <span class='ocrx_word' id='word_1_654' title='bbox 2396 3822 2493 3876; x_wconf 90' lang='lat' dir='ltr'><strong><em>pro</em></strong></span> <span class='ocrx_word' id='word_1_655' title='bbox 2523 3821 2690 3876; x_wconf 85' lang='lat' dir='ltr'><strong><em>opere</em></strong></span> <span class='ocrx_word' id='word_1_656' title='bbox 2718 3803 3077 3867; x_wconf 79' lang='lat' dir='ltr'><strong><em>conﬁciendo,</em></strong></span> <span class='ocrx_word' id='word_1_657' title='bbox 3137 3813 3247 3855; x_wconf 88' lang='lat' dir='ltr'><strong><em>tum</em></strong></span> <span class='ocrx_word' id='word_1_658' title='bbox 3292 3800 3359 3854; x_wconf 89' lang='lat' dir='ltr'><strong><em>ad</em></strong></span> <span class='ocrx_word' id='word_1_659' title='bbox 3385 3809 3564 3855; x_wconf 71' lang='lat' dir='ltr'><strong><em>vestes</em></strong></span> 
     </span>
    </p>
   </div>
   <div class='ocr_carea' id='block_1_82' title="bbox 1984 3892 3565 3965">
    <p class='ocr_par' dir='ltr' id='par_1_82' title="bbox 1984 3892 3565 3965">
     <span class='ocr_line' id='line_1_82' title="bbox 1984 3892 3565 3965; baseline -0.009 -4"><span class='ocrx_word' id='word_1_660' title='bbox 1984 3901 2350 3961; x_wconf 86' lang='lat' dir='ltr'><strong><em>sacerdotales</em></strong></span> <span class='ocrx_word' id='word_1_661' title='bbox 2378 3910 2431 3954; x_wconf 89' lang='lat' dir='ltr'><strong><em>et</em></strong></span> <span class='ocrx_word' id='word_1_662' title='bbox 2464 3899 2531 3953; x_wconf 89' lang='lat' dir='ltr'><strong><em>ad</em></strong></span> <span class='ocrx_word' id='word_1_663' title='bbox 2575 3896 2846 3953; x_wconf 82' lang='lat' dir='ltr'><strong><em>sacritirla</em></strong></span> <span class='ocrx_word' id='word_1_664' title='bbox 2885 3895 3001 3962; x_wconf 81' lang='lat' dir='ltr'><strong><em>lege</em></strong></span> <span class='ocrx_word' id='word_1_665' title='bbox 3060 3893 3373 3965; x_wconf 65' lang='lat' dir='ltr'><strong><em>praescripta</em></strong></span> <span class='ocrx_word' id='word_1_666' title='bbox 3414 3892 3565 3947; x_wconf 83' lang='lat' dir='ltr'><strong><em>colli-</em></strong></span> 
     </span>
    </p>
   </div>
   <div class='ocr_carea' id='block_1_83' title="bbox 1985 3987 3565 4067">
    <p class='ocr_par' dir='ltr' id='par_1_83' title="bbox 1985 3987 3565 4067">
     <span class='ocr_line' id='line_1_83' title="bbox 1985 3987 3565 4067; baseline -0.006 -19"><span class='ocrx_word' id='word_1_667' title='bbox 1985 3996 2212 4067; x_wconf 60' lang='lat' dir='ltr'><strong><em>gendam</em></strong></span> <span class='ocrx_word' id='word_1_668' title='bbox 2250 3992 2399 4049; x_wconf 81' lang='lat' dir='ltr'><strong><em>Josia</em></strong></span> <span class='ocrx_word' id='word_1_669' title='bbox 2425 3991 2715 4062; x_wconf 72' lang='lat' dir='ltr'><strong><em>SOpbonim</em></strong></span> <span class='ocrx_word' id='word_1_670' title='bbox 2742 3988 2853 4043; x_wconf 82' lang='lat' dir='ltr'><strong><em>lilio</em></strong></span> <span class='ocrx_word' id='word_1_671' title='bbox 2890 3996 3160 4058; x_wconf 59' lang='lat' dir='ltr'><strong><em>qua‘store</em></strong></span> <span class='ocrx_word' id='word_1_672' title='bbox 3193 4001 3257 4041; x_wconf 88' lang='lat' dir='ltr'><strong><em>ac</em></strong></span> <span class='ocrx_word' id='word_1_673' title='bbox 3281 3987 3565 4054; x_wconf 87' lang='lat' dir='ltr'><strong><em>dispensa-</em></strong></span> 
     </span>
    </p>
   </div>
   <div class='ocr_carea' id='block_1_84' title="bbox 1988 4079 3566 4158">
    <p class='ocr_par' dir='ltr' id='par_1_84' title="bbox 1988 4079 3566 4158">
     <span class='ocr_line' id='line_1_84' title="bbox 1988 4079 3566 4158; baseline -0.009 -14"><span class='ocrx_word' id='word_1_674' title='bbox 1988 4101 2103 4145; x_wconf 88' lang='lat' dir='ltr'><strong><em>tore</em></strong></span> <span class='ocrx_word' id='word_1_675' title='bbox 2132 4088 2387 4158; x_wconf 69' lang='lat' dir='ltr'><strong><em>praefecto</em></strong></span> <span class='ocrx_word' id='word_1_676' title='bbox 2447 4086 2819 4142; x_wconf 88' lang='lat' dir='ltr'><strong><em>instituerunt.</em></strong></span> <span class='ocrx_word' id='word_1_677' title='bbox 2858 4080 3078 4135; x_wconf 78' lang='lat' dir='ltr'><strong><em>Maudat</em></strong></span> <span class='ocrx_word' id='word_1_678' title='bbox 3129 4080 3310 4149; x_wconf 84' lang='lat' dir='ltr'><strong><em>itaque</em></strong></span> <span class='ocrx_word' id='word_1_679' title='bbox 3348 4079 3566 4133; x_wconf 85' lang='lat' dir='ltr'><strong><em>univer-</em></strong></span> 
     </span>
    </p>
   </div>
   <div class='ocr_carea' id='block_1_85' title="bbox 1986 4172 3562 4246">
    <p class='ocr_par' dir='ltr' id='par_1_85' title="bbox 1986 4172 3562 4246">
     <span class='ocr_line' id='line_1_85' title="bbox 1986 4172 3562 4246; baseline -0.009 -10"><span class='ocrx_word' id='word_1_680' title='bbox 1986 4196 2168 4239; x_wconf 87' lang='lat' dir='ltr'><strong><em>sorum</em></strong></span> <span class='ocrx_word' id='word_1_681' title='bbox 2204 4180 2344 4234; x_wconf 87' lang='lat' dir='ltr'><strong><em>Deus</em></strong></span> <span class='ocrx_word' id='word_1_682' title='bbox 2383 4177 2451 4232; x_wconf 82' lang='lat' dir='ltr'><strong><em>de</em></strong></span> <span class='ocrx_word' id='word_1_683' title='bbox 2485 4179 2570 4232; x_wconf 86' lang='lat' dir='ltr'><strong><em>bis</em></strong></span> <span class='ocrx_word' id='word_1_684' title='bbox 2619 4190 2741 4246; x_wconf 57' lang='lat' dir='ltr'><strong><em>quae</em></strong></span> <span class='ocrx_word' id='word_1_685' title='bbox 2791 4189 2823 4228; x_wconf 90' lang='lat' dir='ltr'><strong><em>e</em></strong></span> <span class='ocrx_word' id='word_1_686' title='bbox 2851 4172 3163 4242; x_wconf 82' lang='lat' dir='ltr'><strong><em>captivitate</em></strong></span> <span class='ocrx_word' id='word_1_687' title='bbox 3195 4180 3381 4225; x_wconf 78' lang='lat' dir='ltr'><strong><em>secum</em></strong></span> <span class='ocrx_word' id='word_1_688' title='bbox 3416 4177 3562 4224; x_wconf 85' lang='lat' dir='ltr'><strong><em>attu-</em></strong></span> 
     </span>
    </p>
   </div>
   <div class='ocr_carea' id='block_1_86' title="bbox 1986 4262 3565 4338">
    <p class='ocr_par' dir='ltr' id='par_1_86' title="bbox 1986 4262 3565 4338">
     <span class='ocr_line' id='line_1_86' title="bbox 1986 4262 3565 4338; baseline -0.009 -9"><span class='ocrx_word' id='word_1_689' title='bbox 1986 4274 2159 4329; x_wconf 83' lang='lat' dir='ltr'><strong><em>lerant</em></strong></span> <span class='ocrx_word' id='word_1_690' title='bbox 2194 4272 2484 4337; x_wconf 81' lang='lat' dir='ltr'><strong><em>principes,</em></strong></span> <span class='ocrx_word' id='word_1_691' title='bbox 2514 4282 2741 4338; x_wconf 66' lang='lat' dir='ltr'><strong><em>quaeque</em></strong></span> <span class='ocrx_word' id='word_1_692' title='bbox 2761 4267 2905 4334; x_wconf 86' lang='lat' dir='ltr'><strong><em>apud</em></strong></span> <span class='ocrx_word' id='word_1_693' title='bbox 2933 4264 3140 4320; x_wconf 80' lang='lat' dir='ltr'><strong><em>Josiam</em></strong></span> <span class='ocrx_word' id='word_1_694' title='bbox 3168 4262 3412 4332; x_wconf 87' lang='lat' dir='ltr'><strong><em>deposita</em></strong></span> <span class='ocrx_word' id='word_1_695' title='bbox 3446 4276 3565 4316; x_wconf 78' lang='lat' dir='ltr'><strong><em>ma—</em></strong></span> 
     </span>
    </p>
   </div>
   <div class='ocr_carea' id='block_1_87' title="bbox 1987 4351 3564 4429">
    <p class='ocr_par' dir='ltr' id='par_1_87' title="bbox 1987 4351 3564 4429">
     <span class='ocr_line' id='line_1_87' title="bbox 1987 4351 3564 4429; baseline -0.009 -8"><span class='ocrx_word' id='word_1_696' title='bbox 1987 4366 2205 4429; x_wconf 89' lang='lat' dir='ltr'><strong><em>nebant,</em></strong></span> <span class='ocrx_word' id='word_1_697' title='bbox 2246 4377 2437 4418; x_wconf 88' lang='lat' dir='ltr'><strong><em>aurum</em></strong></span> <span class='ocrx_word' id='word_1_698' title='bbox 2471 4372 2863 4429; x_wconf 74' lang='lat' dir='ltr'><strong><em>argentumque</em></strong></span> <span class='ocrx_word' id='word_1_699' title='bbox 2891 4356 3064 4423; x_wconf 73' lang='lat' dir='ltr'><strong><em>accipi</em></strong></span> <span class='ocrx_word' id='word_1_700' title='bbox 3109 4370 3126 4408; x_wconf 91' lang='lat'><strong>:</strong></span> <span class='ocrx_word' id='word_1_701' title='bbox 3166 4354 3358 4410; x_wconf 87' lang='lat' dir='ltr'><strong><em>deinde</em></strong></span> <span class='ocrx_word' id='word_1_702' title='bbox 3383 4351 3564 4421; x_wconf 88' lang='lat' dir='ltr'><strong><em>parari</em></strong></span> 
     </span>
    </p>
   </div>
   <div class='ocr_carea' id='block_1_88' title="bbox 1986 4444 3567 4523">
    <p class='ocr_par' dir='ltr' id='par_1_88' title="bbox 1986 4444 3567 4523">
     <span class='ocr_line' id='line_1_88' title="bbox 1986 4444 3567 4523; baseline -0.009 -10"><span class='ocrx_word' id='word_1_703' title='bbox 1986 4471 2241 4519; x_wconf 85' lang='lat' dir='ltr'><strong><em>coronas,</em></strong></span> <span class='ocrx_word' id='word_1_704' title='bbox 2265 4469 2468 4523; x_wconf 82' lang='lat' dir='ltr'><strong><em>easque</em></strong></span> <span class='ocrx_word' id='word_1_705' title='bbox 2497 4452 2547 4505; x_wconf 91' lang='lat' dir='ltr'><strong><em>in</em></strong></span> <span class='ocrx_word' id='word_1_706' title='bbox 2576 4446 2884 4518; x_wconf 83' lang='lat' dir='ltr'><strong><em>caputJesn</em></strong></span> <span class='ocrx_word' id='word_1_707' title='bbox 2918 4448 3011 4503; x_wconf 81' lang='lat' dir='ltr'><strong><em>lilii</em></strong></span> <span class='ocrx_word' id='word_1_708' title='bbox 3040 4445 3269 4500; x_wconf 82' lang='lat' dir='ltr'><strong><em>Josedec</em></strong></span> <span class='ocrx_word' id='word_1_709' title='bbox 3310 4444 3567 4499; x_wconf 83' lang='lat' dir='ltr'><strong><em>sacerdo-</em></strong></span> 
     </span>
    </p>
   </div>
   <div class='ocr_carea' id='block_1_89' title="bbox 1988 4534 3568 4615">
    <p class='ocr_par' dir='ltr' id='par_1_89' title="bbox 1988 4534 3568 4615">
     <span class='ocr_line' id='line_1_89' title="bbox 1988 4534 3568 4615; baseline -0.013 -8"><span class='ocrx_word' id='word_1_710' title='bbox 1988 4551 2058 4607; x_wconf 90' lang='lat' dir='ltr'><strong><em>tis</em></strong></span> <span class='ocrx_word' id='word_1_711' title='bbox 2096 4548 2273 4615; x_wconf 75' lang='lat' dir='ltr'><strong><em>magni</em></strong></span> <span class='ocrx_word' id='word_1_712' title='bbox 2313 4544 2537 4612; x_wconf 84' lang='lat' dir='ltr'><strong><em>imponi,</em></strong></span> <span class='ocrx_word' id='word_1_713' title='bbox 2574 4541 2786 4610; x_wconf 83' lang='lat' dir='ltr'><strong><em>dicique</em></strong></span> <span class='ocrx_word' id='word_1_714' title='bbox 2804 4539 2880 4594; x_wconf 90' lang='lat' dir='ltr'><strong><em>illi</em></strong></span> <span class='ocrx_word' id='word_1_715' title='bbox 2916 4540 2982 4593; x_wconf 87' lang='lat' dir='ltr'><strong><em>de</em></strong></span> <span class='ocrx_word' id='word_1_716' title='bbox 3036 4536 3332 4592; x_wconf 81' lang='lat' dir='ltr'><strong><em>Zorobabel</em></strong></span> <span class='ocrx_word' id='word_1_717' title='bbox 3360 4554 3376 4589; x_wconf 82' lang='grc' dir='ltr'><strong><em>ι</em></strong></span> <span class='ocrx_word' id='word_1_718' title='bbox 3404 4534 3568 4606; x_wconf 73' lang='lat'><strong><em>705</em></strong></span> 
     </span>
    </p>
   </div>
   <div class='ocr_carea' id='block_1_90' title="bbox 1993 4626 3566 4702">
    <p class='ocr_par' dir='ltr' id='par_1_90' title="bbox 1993 4626 3566 4702">
     <span class='ocr_line' id='line_1_90' title="bbox 1993 4626 3566 4702; baseline -0.011 -7"><span class='ocrx_word' id='word_1_719' title='bbox 1993 4662 2012 4695; x_wconf 83' lang='grc' dir='ltr'><strong><em>ι</em></strong></span> <span class='ocrx_word' id='word_1_720' title='bbox 2049 4642 2188 4697; x_wconf 83' lang='lat' dir='ltr'><strong><em>Ecce</em></strong></span> <span class='ocrx_word' id='word_1_721' title='bbox 2214 4640 2327 4702; x_wconf 89' lang='lat' dir='ltr'><strong><em>vir,</em></strong></span> <span class='ocrx_word' id='word_1_722' title='bbox 2361 4635 2553 4693; x_wconf 86' lang='lat' dir='ltr'><strong><em>Oriens</em></strong></span> <span class='ocrx_word' id='word_1_723' title='bbox 2591 4648 2782 4689; x_wconf 88' lang='lat' dir='ltr'><strong><em>nomen</em></strong></span> <span class='ocrx_word' id='word_1_724' title='bbox 2819 4631 2954 4700; x_wconf 84' lang='lat' dir='ltr'><strong><em>ejus.</em></strong></span> <span class='ocrx_word' id='word_1_725' title='bbox 2993 4628 3190 4684; x_wconf 79' lang='lat' dir='ltr'><strong><em>Vocem</em></strong></span> <span class='ocrx_word' id='word_1_726' title='bbox 3226 4630 3421 4692; x_wconf 77' lang='lat' dir='ltr'><strong><em>oriens,</em></strong></span> <span class='ocrx_word' id='word_1_727' title='bbox 3460 4626 3566 4684; x_wconf 78' lang='lat' dir='ltr'><strong><em>He-</em></strong></span> 
     </span>
    </p>
   </div>
   <div class='ocr_carea' id='block_1_91' title="bbox 305 4719 1879 4799">
    <p class='ocr_par' dir='ltr' id='par_1_91' title="bbox 305 4727 1879 4795">
     <span class='ocr_line' id='line_1_91' title="bbox 305 4727 1879 4795; baseline -0.003 -10"><span class='ocrx_word' id='word_1_728' title='bbox 305 4729 426 4786; x_wconf 76' lang='grc' dir='ltr'><em>εἶτα</em></span> <span class='ocrx_word' id='word_1_729' title='bbox 455 4729 868 4785; x_wconf 79' lang='grc' dir='ltr'><em>κατασκευάσαι</em></span> <span class='ocrx_word' id='word_1_730' title='bbox 916 4727 1235 4795; x_wconf 77' lang='grc' dir='ltr'><em>στεφάνους,</em></span> <span class='ocrx_word' id='word_1_731' title='bbox 1262 4727 1533 4782; x_wconf 78' lang='grc' dir='ltr'><em>ἐπιθεῖναί</em></span> <span class='ocrx_word' id='word_1_732' title='bbox 1581 4746 1639 4781; x_wconf 88' lang='grc' dir='ltr'><strong><em>τε</em></strong></span> <span class='ocrx_word' id='word_1_733' title='bbox 1685 4727 1879 4792; x_wconf 73' lang='grc' dir='ltr'><em>αὐτοὺς</em></span> 
     </span>
    </p>
   </div>
   <div class='ocr_carea' id='block_1_92' title="bbox 1983 4719 3570 4799">
    <p class='ocr_par' dir='ltr' id='par_1_92' title="bbox 1986 4719 3570 4797">
     <span class='ocr_line' id='line_1_92' title="bbox 1986 4719 3570 4797; baseline -0.011 -7"><span class='ocrx_word' id='word_1_734' title='bbox 1986 4736 2130 4792; x_wconf 72' lang='grc' dir='ltr'><em>ιπιιιιι</em></span> <span class='ocrx_word' id='word_1_735' title='bbox 2158 4730 2321 4786; x_wconf 85' lang='lat' dir='ltr'><strong><em>editio</em></strong></span> <span class='ocrx_word' id='word_1_736' title='bbox 2373 4741 2505 4784; x_wconf 86' lang='lat' dir='ltr'><strong><em>voce</em></strong></span> <span class='ocrx_word' id='word_1_737' title='bbox 2551 4724 2811 4797; x_wconf 76' lang='lat' dir='ltr'><strong><em>germinis</em></strong></span> <span class='ocrx_word' id='word_1_738' title='bbox 2867 4720 3155 4789; x_wconf 73' lang='lat' dir='ltr'><strong><em>expressit.</em></strong></span> <span class='ocrx_word' id='word_1_739' title='bbox 3194 4738 3215 4773; x_wconf 72' lang='grc' dir='ltr'><strong><em>ι</em></strong></span> <span class='ocrx_word' id='word_1_740' title='bbox 3269 4719 3333 4773; x_wconf 84' lang='lat' dir='ltr'><strong><em>Et</em></strong></span> <span class='ocrx_word' id='word_1_741' title='bbox 3380 4720 3570 4777; x_wconf 84' lang='lat' dir='ltr'><strong><em>subter</em></strong></span> 
     </span>
    </p>
   </div>
   <div class='ocr_carea' id='block_1_93' title="bbox 305 4817 1883 4892">
    <p class='ocr_par' dir='ltr' id='par_1_93' title="bbox 305 4817 1883 4892">
     <span class='ocr_line' id='line_1_93' title="bbox 305 4817 1883 4892; baseline -0.003 -16"><span class='ocrx_word' id='word_1_742' title='bbox 305 4824 400 4876; x_wconf 75' lang='grc' dir='ltr'><strong><em>ἐπὶ</em></strong></span> <span class='ocrx_word' id='word_1_743' title='bbox 424 4821 525 4892; x_wconf 80' lang='grc' dir='ltr'><em>τὴν</em></span> <span class='ocrx_word' id='word_1_744' title='bbox 557 4820 803 4891; x_wconf 81' lang='grc' dir='ltr'><em>κεφαλὴν</em></span> <span class='ocrx_word' id='word_1_745' title='bbox 832 4819 1009 4890; x_wconf 87' lang='grc' dir='ltr'><strong><em>Ἰησοῦ</em></strong></span> <span class='ocrx_word' id='word_1_746' title='bbox 1037 4819 1131 4873; x_wconf 74' lang='grc' dir='ltr'><em>τοῦ</em></span> <span class='ocrx_word' id='word_1_747' title='bbox 1152 4819 1420 4879; x_wconf 83' lang='grc' dir='ltr'><em>Ἰωσεδὲκ,</em></span> <span class='ocrx_word' id='word_1_748' title='bbox 1448 4817 1540 4873; x_wconf 83' lang='grc' dir='ltr'><em>τοῦ</em></span> <span class='ocrx_word' id='word_1_749' title='bbox 1575 4818 1766 4890; x_wconf 77' lang='grc' dir='ltr'><em>ἱερέως</em></span> <span class='ocrx_word' id='word_1_750' title='bbox 1789 4818 1883 4873; x_wconf 85' lang='grc' dir='ltr'><em>τοῦ</em></span> 
     </span>
    </p>
   </div>
   <div class='ocr_carea' id='block_1_94' title="bbox 309 4909 1885 4983">
    <p class='ocr_par' dir='ltr' id='par_1_94' title="bbox 309 4909 1885 4983">
     <span class='ocr_line' id='line_1_94' title="bbox 309 4909 1885 4983; baseline -0.001 -16"><span class='ocrx_word' id='word_1_751' title='bbox 309 4913 571 4983; x_wconf 79' lang='grc' dir='ltr'><em>μεγάλου,</em></span> <span class='ocrx_word' id='word_1_752' title='bbox 609 4912 775 4979; x_wconf 79' lang='grc' dir='ltr'><em>φάναι</em></span> <span class='ocrx_word' id='word_1_753' title='bbox 802 4928 861 4963; x_wconf 87' lang='grc' dir='ltr'><strong><em>τε</em></strong></span> <span class='ocrx_word' id='word_1_754' title='bbox 888 4909 1037 4982; x_wconf 84' lang='grc' dir='ltr'><em>αύτῷ</em></span> <span class='ocrx_word' id='word_1_755' title='bbox 1080 4912 1206 4981; x_wconf 84' lang='grc' dir='ltr'><em>περὶ</em></span> <span class='ocrx_word' id='word_1_756' title='bbox 1232 4910 1328 4964; x_wconf 84' lang='grc' dir='ltr'><em>τοῦ</em></span> <span class='ocrx_word' id='word_1_757' title='bbox 1359 4910 1682 4981; x_wconf 83' lang='grc' dir='ltr'><em>Ζοροϐάϐελ·</em></span> <span class='ocrx_word' id='word_1_758' title='bbox 1712 4929 1730 4961; x_wconf 81' lang='grc' dir='ltr'><strong><em>ι</em></strong></span> <span class='ocrx_word' id='word_1_759' title='bbox 1755 4911 1885 4965; x_wconf 84' lang='grc' dir='ltr'><strong><em>Ἰδοὺ</em></strong></span> 
     </span>
    </p>
   </div>
   <div class='ocr_carea' id='block_1_95' title="bbox 306 5001 1888 5077">
    <p class='ocr_par' dir='ltr' id='par_1_95' title="bbox 306 5001 1888 5077">
     <span class='ocr_line' id='line_1_95' title="bbox 306 5001 1888 5077; baseline -0.002 -18"><span class='ocrx_word' id='word_1_760' title='bbox 306 5004 746 5077; x_wconf 71' lang='grc' dir='ltr'><em>ἁνὴρ,’Δνατολὴ</em></span> <span class='ocrx_word' id='word_1_761' title='bbox 794 5004 963 5074; x_wconf 79' lang='grc' dir='ltr'><em>ὄνομα</em></span> <span class='ocrx_word' id='word_1_762' title='bbox 1005 5003 1173 5073; x_wconf 78' lang='grc' dir='ltr'><em>αύτῷ,</em></span> <span class='ocrx_word' id='word_1_763' title='bbox 1204 5021 1224 5054; x_wconf 75' lang='grc' dir='ltr'><strong><em>ι</em></strong></span> <span class='ocrx_word' id='word_1_764' title='bbox 1265 5002 1339 5056; x_wconf 88' lang='lat' dir='ltr'><em>T6</em></span> <span class='ocrx_word' id='word_1_765' title='bbox 1368 5002 1425 5056; x_wconf 74' lang='grc' dir='ltr'><strong><em>δὲ</em></strong></span> <span class='ocrx_word' id='word_1_766' title='bbox 1461 5002 1729 5070; x_wconf 77' lang='grc' dir='ltr'><em>ἀνατολὴ</em></span> <span class='ocrx_word' id='word_1_767' title='bbox 1779 5001 1888 5056; x_wconf 84' lang='grc' dir='ltr'><em>τῶν</em></span> 
     </span>
    </p>
   </div>
   <div class='ocr_carea' id='block_1_96' title="bbox 317 5093 1888 5170">
    <p class='ocr_par' dir='ltr' id='par_1_96' title="bbox 317 5093 1888 5170">
     <span class='ocr_line' id='line_1_96' title="bbox 317 5093 1888 5170; baseline -0.003 -18"><span class='ocrx_word' id='word_1_768' title='bbox 317 5097 587 5170; x_wconf 78' lang='grc' dir='ltr'><em>Ἐϐραίων</em></span> <span class='ocrx_word' id='word_1_769' title='bbox 638 5097 674 5167; x_wconf 83' lang='grc' dir='ltr'><strong>ἡ</strong></span> <span class='ocrx_word' id='word_1_770' title='bbox 718 5095 927 5159; x_wconf 75' lang='grc' dir='ltr'><em>ἐκδοσις</em></span> <span class='ocrx_word' id='word_1_771' title='bbox 973 5093 1054 5165; x_wconf 84' lang='grc' dir='ltr'><em>τῷ</em></span> <span class='ocrx_word' id='word_1_772' title='bbox 1104 5094 1200 5149; x_wconf 84' lang='grc' dir='ltr'><em>τοῦ</em></span> <span class='ocrx_word' id='word_1_773' title='bbox 1250 5094 1631 5166; x_wconf 83' lang='grc' dir='ltr'><em>βλαστήματος</em></span> <span class='ocrx_word' id='word_1_774' title='bbox 1661 5095 1888 5165; x_wconf 84' lang='grc' dir='ltr'><em>ὀνόματι</em></span> 
     </span>
    </p>
   </div>
   <div class='ocr_carea' id='block_1_97' title="bbox 308 5186 1881 5260">
    <p class='ocr_par' dir='ltr' id='par_1_97' title="bbox 308 5186 1881 5260">
     <span class='ocr_line' id='line_1_97' title="bbox 308 5186 1881 5260; baseline -0.004 -16"><span class='ocrx_word' id='word_1_775' title='bbox 308 5190 683 5260; x_wconf 76' lang='grc' dir='ltr'><em>κατεσήμηνε.</em></span> <span class='ocrx_word' id='word_1_776' title='bbox 736 5205 756 5240; x_wconf 85' lang='grc' dir='ltr'><strong><em>ι</em></strong></span> <span class='ocrx_word' id='word_1_777' title='bbox 786 5188 896 5242; x_wconf 74' lang='grc' dir='ltr'><strong><em>Καὶ</em></strong></span> <span class='ocrx_word' id='word_1_778' title='bbox 940 5187 1291 5241; x_wconf 81' lang='grc' dir='ltr'><em>ὑποκάτωθεν</em></span> <span class='ocrx_word' id='word_1_779' title='bbox 1340 5187 1506 5242; x_wconf 80' lang='grc' dir='ltr'><em>αὐτοῦ</em></span> <span class='ocrx_word' id='word_1_780' title='bbox 1548 5186 1830 5252; x_wconf 81' lang='grc' dir='ltr'><em>ἁνατελεῖ,</em></span> <span class='ocrx_word' id='word_1_781' title='bbox 1861 5206 1881 5238; x_wconf 82' lang='lat' dir='ltr'><strong><em>s</em></strong></span> 
     </span>
    </p>
   </div>
   <div class='ocr_carea' id='block_1_98' title="bbox 307 5279 1890 5353">
    <p class='ocr_par' dir='ltr' id='par_1_98' title="bbox 307 5279 1890 5353">
     <span class='ocr_line' id='line_1_98' title="bbox 307 5279 1890 5353; baseline -0.003 -17"><span class='ocrx_word' id='word_1_782' title='bbox 307 5282 619 5344; x_wconf 82' lang='grc' dir='ltr'><em>τουτέστιν,</em></span> <span class='ocrx_word' id='word_1_783' title='bbox 651 5281 719 5335; x_wconf 75' lang='grc' dir='ltr'><strong><em>ἐκ</em></strong></span> <span class='ocrx_word' id='word_1_784' title='bbox 751 5281 850 5353; x_wconf 85' lang='grc' dir='ltr'><em>τῆς</em></span> <span class='ocrx_word' id='word_1_785' title='bbox 881 5279 1046 5336; x_wconf 83' lang='grc' dir='ltr'><em>αὐτοῦ</em></span> <span class='ocrx_word' id='word_1_786' title='bbox 1080 5279 1237 5352; x_wconf 79' lang='grc' dir='ltr'><em>ῥίζης</em></span> <span class='ocrx_word' id='word_1_787' title='bbox 1272 5279 1560 5350; x_wconf 83' lang='grc' dir='ltr'><em>άναφύσει.</em></span> <span class='ocrx_word' id='word_1_788' title='bbox 1596 5298 1615 5331; x_wconf 81' lang='grc' dir='ltr'><strong><em>ι</em></strong></span> <span class='ocrx_word' id='word_1_789' title='bbox 1645 5279 1890 5350; x_wconf 74' lang='grc' dir='ltr'><em>Δήψεται</em></span> 
     </span>
    </p>
   </div>
   <div class='ocr_carea' id='block_1_99' title="bbox 310 5369 1888 5446">
    <p class='ocr_par' dir='ltr' id='par_1_99' title="bbox 310 5369 1888 5446">
     <span class='ocr_line' id='line_1_99' title="bbox 310 5369 1888 5446; baseline -0.001 -17"><span class='ocrx_word' id='word_1_790' title='bbox 310 5376 367 5429; x_wconf 72' lang='grc' dir='ltr'><strong><em>ει</em></strong></span> <span class='ocrx_word' id='word_1_791' title='bbox 415 5377 512 5429; x_wconf 77' lang='grc' dir='ltr'><strong><em>καὶ</em></strong></span> <span class='ocrx_word' id='word_1_792' title='bbox 539 5373 764 5444; x_wconf 80' lang='grc' dir='ltr'><em>ἀρετὴν,</em></span> <span class='ocrx_word' id='word_1_793' title='bbox 797 5392 818 5428; x_wconf 74' lang='lat' dir='ltr'><strong><em>s</em></strong></span> <span class='ocrx_word' id='word_1_794' title='bbox 848 5373 1148 5440; x_wconf 81' lang='grc' dir='ltr'><em>τουτέστιν,</em></span> <span class='ocrx_word' id='word_1_795' title='bbox 1182 5373 1542 5446; x_wconf 81' lang='grc' dir='ltr'><em>εὐπρέπειαν,</em></span> <span class='ocrx_word' id='word_1_796' title='bbox 1565 5373 1686 5445; x_wconf 72' lang='grc' dir='ltr'><em>ἦτοι</em></span> <span class='ocrx_word' id='word_1_797' title='bbox 1708 5369 1888 5437; x_wconf 64' lang='grc' dir='ltr'><em>δόξαν</em></span> 
     </span>
    </p>
   </div>
   <div class='ocr_carea' id='block_1_100' title="bbox 309 5463 1892 5537">
    <p class='ocr_par' dir='ltr' id='par_1_100' title="bbox 309 5463 1892 5537">
     <span class='ocr_line' id='line_1_100' title="bbox 309 5463 1892 5537; baseline 0 -17"><span class='ocrx_word' id='word_1_798' title='bbox 309 5466 643 5523; x_wconf 73' lang='grc' dir='ltr'><em>ἐκδεδώιιασι</em></span> <span class='ocrx_word' id='word_1_799' title='bbox 692 5466 800 5536; x_wconf 77' lang='grc' dir='ltr'><strong><em>γάρ</em></strong></span> <span class='ocrx_word' id='word_1_800' title='bbox 841 5463 1017 5530; x_wconf 76' lang='grc' dir='ltr'><em>οὕτως</em></span> <span class='ocrx_word' id='word_1_801' title='bbox 1062 5467 1113 5519; x_wconf 78' lang='grc' dir='ltr'><em>οἱ</em></span> <span class='ocrx_word' id='word_1_802' title='bbox 1156 5466 1334 5536; x_wconf 73' lang='grc' dir='ltr'><em>ἕτεροι</em></span> <span class='ocrx_word' id='word_1_803' title='bbox 1374 5464 1485 5520; x_wconf 83' lang='grc' dir='ltr'><em>τῶν</em></span> <span class='ocrx_word' id='word_1_804' title='bbox 1516 5464 1892 5537; x_wconf 79' lang='grc' dir='ltr'><em>ἑρμηνευτῶν.</em></span> 
     </span>
    </p>
   </div>
   <div class='ocr_carea' id='block_1_101' title="bbox 1990 4811 3570 4886">
    <p class='ocr_par' dir='ltr' id='par_1_101' title="bbox 1990 4811 3570 4886">
     <span class='ocr_line' id='line_1_101' title="bbox 1990 4811 3570 4886; baseline -0.009 -7"><span class='ocrx_word' id='word_1_805' title='bbox 1990 4843 2110 4884; x_wconf 86' lang='lat' dir='ltr'><strong><em>eum</em></strong></span> <span class='ocrx_word' id='word_1_806' title='bbox 2142 4822 2440 4886; x_wconf 83' lang='lat' dir='ltr'><strong><em>exorietur,</em></strong></span> <span class='ocrx_word' id='word_1_807' title='bbox 2466 4837 2487 4873; x_wconf 82' lang='grc'>›</span> <span class='ocrx_word' id='word_1_808' title='bbox 2531 4819 2632 4872; x_wconf 89' lang='lat' dir='ltr'><strong><em>hoc</em></strong></span> <span class='ocrx_word' id='word_1_809' title='bbox 2661 4824 2768 4880; x_wconf 90' lang='lat' dir='ltr'><strong><em>est,</em></strong></span> <span class='ocrx_word' id='word_1_810' title='bbox 2796 4823 2855 4869; x_wconf 91' lang='lat' dir='ltr'><strong><em>ut</em></strong></span> <span class='ocrx_word' id='word_1_811' title='bbox 2907 4830 2970 4868; x_wconf 79' lang='lat' dir='ltr'><strong><em>ex</em></strong></span> <span class='ocrx_word' id='word_1_812' title='bbox 3013 4811 3130 4881; x_wconf 83' lang='lat' dir='ltr'><strong><em>ejus</em></strong></span> <span class='ocrx_word' id='word_1_813' title='bbox 3161 4811 3341 4867; x_wconf 85' lang='lat' dir='ltr'><strong><em>radice</em></strong></span> <span class='ocrx_word' id='word_1_814' title='bbox 3365 4811 3570 4881; x_wconf 76' lang='lat' dir='ltr'><strong><em>germi-</em></strong></span> 
     </span>
    </p>
   </div>
   <div class='ocr_carea' id='block_1_102' title="bbox 1993 4902 3571 4980">
    <p class='ocr_par' dir='ltr' id='par_1_102' title="bbox 1993 4902 3571 4980">
     <span class='ocr_line' id='line_1_102' title="bbox 1993 4902 3571 4980; baseline -0.013 -4"><span class='ocrx_word' id='word_1_815' title='bbox 1993 4919 2163 4976; x_wconf 87' lang='lat' dir='ltr'><strong><em>nabit.</em></strong></span> <span class='ocrx_word' id='word_1_816' title='bbox 2210 4932 2228 4965; x_wconf 79' lang='grc' dir='ltr'><strong><em>ι</em></strong></span> <span class='ocrx_word' id='word_1_817' title='bbox 2250 4912 2491 4980; x_wconf 82' lang='lat' dir='ltr'><strong><em>Accipiet</em></strong></span> <span class='ocrx_word' id='word_1_818' title='bbox 2524 4920 2705 4964; x_wconf 87' lang='lat' dir='ltr'><strong><em>autem</em></strong></span> <span class='ocrx_word' id='word_1_819' title='bbox 2733 4906 3017 4969; x_wconf 83' lang='lat' dir='ltr'><strong><em>virtutem,</em></strong></span> <span class='ocrx_word' id='word_1_820' title='bbox 3045 4923 3066 4957; x_wconf 75' lang='grc' dir='ltr'><strong><em>ι</em></strong></span> <span class='ocrx_word' id='word_1_821' title='bbox 3127 4904 3230 4958; x_wconf 90' lang='lat' dir='ltr'><strong><em>hoc</em></strong></span> <span class='ocrx_word' id='word_1_822' title='bbox 3276 4912 3378 4965; x_wconf 88' lang='lat' dir='ltr'><strong><em>est,</em></strong></span> <span class='ocrx_word' id='word_1_823' title='bbox 3413 4902 3571 4957; x_wconf 87' lang='lat' dir='ltr'><strong><em>deco-</em></strong></span> 
     </span>
    </p>
   </div>
   <div class='ocr_carea' id='block_1_103' title="bbox 1994 4993 3571 5075">
    <p class='ocr_par' dir='ltr' id='par_1_103' title="bbox 1994 4993 3571 5075">
     <span class='ocr_line' id='line_1_103' title="bbox 1994 4993 3571 5075; baseline -0.013 -7"><span class='ocrx_word' id='word_1_824' title='bbox 1994 5026 2132 5075; x_wconf 87' lang='lat' dir='ltr'><strong><em>rem,</em></strong></span> <span class='ocrx_word' id='word_1_825' title='bbox 2163 5006 2277 5062; x_wconf 85' lang='lat' dir='ltr'><strong><em>sive</em></strong></span> <span class='ocrx_word' id='word_1_826' title='bbox 2299 5004 2546 5075; x_wconf 83' lang='lat' dir='ltr'><strong><em>gloriam,</em></strong></span> <span class='ocrx_word' id='word_1_827' title='bbox 2574 4997 2844 5069; x_wconf 82' lang='lat' dir='ltr'><strong><em>quomodo</em></strong></span> <span class='ocrx_word' id='word_1_828' title='bbox 2871 4996 2958 5050; x_wconf 85' lang='lat' dir='ltr'><strong><em>alii</em></strong></span> <span class='ocrx_word' id='word_1_829' title='bbox 3012 4996 3339 5063; x_wconf 84' lang='lat' dir='ltr'><strong><em>interpretes</em></strong></span> <span class='ocrx_word' id='word_1_830' title='bbox 3383 4993 3571 5049; x_wconf 85' lang='lat' dir='ltr'><strong><em>edide-</em></strong></span> 
     </span>
    </p>
   </div>
   <div class='ocr_carea' id='block_1_104' title="bbox 1994 5088 3572 5169">
    <p class='ocr_par' dir='ltr' id='par_1_104' title="bbox 1994 5088 3572 5169">
     <span class='ocr_line' id='line_1_104' title="bbox 1994 5088 3572 5169; baseline -0.013 -11"><span class='ocrx_word' id='word_1_831' title='bbox 1994 5113 2140 5159; x_wconf 88' lang='lat' dir='ltr'><strong><em>runt.</em></strong></span> <span class='ocrx_word' id='word_1_832' title='bbox 2169 5098 2379 5169; x_wconf 82' lang='lat' dir='ltr'><strong><em>Adjecit</em></strong></span> <span class='ocrx_word' id='word_1_833' title='bbox 2402 5095 2505 5160; x_wconf 83' lang='lat' dir='ltr'><strong><em>bis,</em></strong></span> <span class='ocrx_word' id='word_1_834' title='bbox 2530 5092 2740 5158; x_wconf 81' lang='lat' dir='ltr'><strong><em>ambos,</em></strong></span> <span class='ocrx_word' id='word_1_835' title='bbox 2767 5089 2949 5147; x_wconf 84' lang='lat' dir='ltr'><strong><em>Jesum</em></strong></span> <span class='ocrx_word' id='word_1_836' title='bbox 2975 5099 3029 5144; x_wconf 91' lang='lat' dir='ltr'><strong><em>et</em></strong></span> <span class='ocrx_word' id='word_1_837' title='bbox 3056 5088 3379 5150; x_wconf 79' lang='lat' dir='ltr'><strong><em>Zorol-abel,</em></strong></span> <span class='ocrx_word' id='word_1_838' title='bbox 3404 5099 3572 5154; x_wconf 87' lang='lat' dir='ltr'><strong><em>super</em></strong></span> 
     </span>
    </p>
   </div>
   <div class='ocr_carea' id='block_1_105' title="bbox 1994 5177 3570 5251">
    <p class='ocr_par' dir='ltr' id='par_1_105' title="bbox 1994 5177 3570 5251">
     <span class='ocr_line' id='line_1_105' title="bbox 1994 5177 3570 5251; baseline -0.015 0"><span class='ocrx_word' id='word_1_839' title='bbox 1994 5195 2182 5251; x_wconf 89' lang='lat' dir='ltr'><strong><em>eodem</em></strong></span> <span class='ocrx_word' id='word_1_840' title='bbox 2215 5190 2351 5247; x_wconf 84' lang='lat' dir='ltr'><strong><em>solio</em></strong></span> <span class='ocrx_word' id='word_1_841' title='bbox 2375 5200 2643 5251; x_wconf 85' lang='lat' dir='ltr'><strong><em>sessuros,</em></strong></span> <span class='ocrx_word' id='word_1_842' title='bbox 2664 5193 2722 5240; x_wconf 86' lang='lat' dir='ltr'><strong><em>ut</em></strong></span> <span class='ocrx_word' id='word_1_843' title='bbox 2744 5197 3028 5239; x_wconf 85' lang='lat' dir='ltr'><strong><em>commune</em></strong></span> <span class='ocrx_word' id='word_1_844' title='bbox 3049 5182 3119 5235; x_wconf 89' lang='lat' dir='ltr'><strong><em>sit</em></strong></span> <span class='ocrx_word' id='word_1_845' title='bbox 3161 5193 3383 5248; x_wconf 85' lang='lat' dir='ltr'><strong><em>regnum</em></strong></span> <span class='ocrx_word' id='word_1_846' title='bbox 3405 5177 3570 5230; x_wconf 89' lang='lat' dir='ltr'><strong><em>etiam</em></strong></span> 
     </span>
    </p>
   </div>
   <div class='ocr_carea' id='block_1_106' title="bbox 1993 5266 3573 5351">
    <p class='ocr_par' dir='ltr' id='par_1_106' title="bbox 1993 5266 3573 5351">
     <span class='ocr_line' id='line_1_106' title="bbox 1993 5266 3573 5351; baseline -0.016 -7"><span class='ocrx_word' id='word_1_847' title='bbox 1993 5282 2352 5344; x_wconf 84' lang='lat' dir='ltr'><strong><em>sacerdotium</em></strong></span> <span class='ocrx_word' id='word_1_848' title='bbox 2386 5276 2720 5351; x_wconf 88' lang='lat' dir='ltr'><strong><em>procuranti,</em></strong></span> <span class='ocrx_word' id='word_1_849' title='bbox 2746 5284 2803 5329; x_wconf 90' lang='lat' dir='ltr'><strong><em>et</em></strong></span> <span class='ocrx_word' id='word_1_850' title='bbox 2831 5274 3064 5345; x_wconf 84' lang='lat' dir='ltr'><strong><em>dignitas</em></strong></span> <span class='ocrx_word' id='word_1_851' title='bbox 3079 5268 3369 5326; x_wconf 87' lang='lat' dir='ltr'><strong><em>sacerdotii</em></strong></span> <span class='ocrx_word' id='word_1_852' title='bbox 3403 5266 3573 5319; x_wconf 86' lang='lat' dir='ltr'><strong><em>etiam</em></strong></span> 
     </span>
    </p>
   </div>
   <div class='ocr_carea' id='block_1_107' title="bbox 1992 5357 3576 5445">
    <p class='ocr_par' dir='ltr' id='par_1_107' title="bbox 1992 5357 3576 5445">
     <span class='ocr_line' id='line_1_107' title="bbox 1992 5357 3576 5445; baseline -0.015 -10"><span class='ocrx_word' id='word_1_853' title='bbox 1992 5395 2116 5435; x_wconf 88' lang='lat' dir='ltr'><strong><em>cum</em></strong></span> <span class='ocrx_word' id='word_1_854' title='bbox 2146 5382 2404 5445; x_wconf 87' lang='lat' dir='ltr'><strong><em>regnante</em></strong></span> <span class='ocrx_word' id='word_1_855' title='bbox 2424 5370 2888 5433; x_wconf 73' lang='lat' dir='ltr'><strong><em>communicatur;</em></strong></span> <span class='ocrx_word' id='word_1_856' title='bbox 2921 5365 3265 5431; x_wconf 82' lang='lat' dir='ltr'><strong><em>luturamque</em></strong></span> <span class='ocrx_word' id='word_1_857' title='bbox 3287 5357 3576 5413; x_wconf 87' lang='lat' dir='ltr'><strong><em>amborum</em></strong></span> 
     </span>
    </p>
   </div>
   <div class='ocr_carea' id='block_1_108' title="bbox 1996 5450 3575 5534">
    <p class='ocr_par' dir='ltr' id='par_1_108' title="bbox 1996 5450 3575 5534">
     <span class='ocr_line' id='line_1_108' title="bbox 1996 5450 3575 5534; baseline -0.015 -10"><span class='ocrx_word' id='word_1_858' title='bbox 1996 5484 2156 5524; x_wconf 89' lang='lat' dir='ltr'><strong><em>unam</em></strong></span> <span class='ocrx_word' id='word_1_859' title='bbox 2188 5464 2470 5534; x_wconf 79' lang='lat' dir='ltr'><strong><em>paciﬁcam</em></strong></span> <span class='ocrx_word' id='word_1_860' title='bbox 2504 5470 2561 5517; x_wconf 88' lang='lat' dir='ltr'><strong><em>et</em></strong></span> <span class='ocrx_word' id='word_1_861' title='bbox 2597 5459 3027 5515; x_wconf 88' lang='lat' dir='ltr'><strong><em>consentientem</em></strong></span> <span class='ocrx_word' id='word_1_862' title='bbox 3079 5450 3432 5513; x_wconf 80' lang='lat' dir='ltr'><strong><em>voluntatem,</em></strong></span> <span class='ocrx_word' id='word_1_863' title='bbox 3513 5456 3575 5501; x_wconf 82' lang='lat' dir='ltr'><strong><em>ut</em></strong></span> 
     </span>
    </p>
   </div>
   <div class='ocr_carea' id='block_1_109' title="bbox 311 5537 1879 5630">
    <p class='ocr_par' dir='ltr' id='par_1_109' title="bbox 311 5556 1879 5630">
     <span class='ocr_line' id='line_1_109' title="bbox 311 5556 1879 5630; baseline -0.001 -17"><span class='ocrx_word' id='word_1_864' title='bbox 311 5557 631 5629; x_wconf 76' lang='grc' dir='ltr'><em>Προσετίθει</em></span> <span class='ocrx_word' id='word_1_865' title='bbox 675 5558 733 5613; x_wconf 76' lang='grc' dir='ltr'><strong><em>δὲ</em></strong></span> <span class='ocrx_word' id='word_1_866' title='bbox 776 5557 1011 5624; x_wconf 77' lang='grc' dir='ltr'><em>τούτοις,</em></span> <span class='ocrx_word' id='word_1_867' title='bbox 1050 5556 1128 5622; x_wconf 79' lang='grc' dir='ltr'><em>ὡς</em></span> <span class='ocrx_word' id='word_1_868' title='bbox 1171 5556 1337 5628; x_wconf 77' lang='grc' dir='ltr'><em>ἄμφω</em></span> <span class='ocrx_word' id='word_1_869' title='bbox 1385 5558 1505 5630; x_wconf 77' lang='grc' dir='ltr'><em>μὲν,</em></span> <span class='ocrx_word' id='word_1_870' title='bbox 1550 5556 1757 5627; x_wconf 80' lang='grc' dir='ltr'><em>Ἰησοῦς</em></span> <span class='ocrx_word' id='word_1_871' title='bbox 1802 5558 1879 5612; x_wconf 64' lang='grc' dir='ltr'><em>καὶ</em></span> 
     </span>
    </p>
   </div>
   <div class='ocr_carea' id='block_1_110' title="bbox 1983 5537 3575 5630">
    <p class='ocr_par' dir='ltr' id='par_1_110' title="bbox 1998 5537 3575 5625">
     <span class='ocr_line' id='line_1_110' title="bbox 1998 5537 3575 5625; baseline -0.015 -8"><span class='ocrx_word' id='word_1_872' title='bbox 1998 5560 2050 5617; x_wconf 91' lang='lat' dir='ltr'><strong><em>in</em></strong></span> <span class='ocrx_word' id='word_1_873' title='bbox 2094 5556 2235 5613; x_wconf 89' lang='lat' dir='ltr'><strong><em>nullo</em></strong></span> <span class='ocrx_word' id='word_1_874' title='bbox 2265 5569 2487 5625; x_wconf 70' lang='lat' dir='ltr'><strong><em>prorsus</em></strong></span> <span class='ocrx_word' id='word_1_875' title='bbox 2516 5552 2827 5621; x_wconf 83' lang='lat' dir='ltr'><strong><em>discrepare</em></strong></span> <span class='ocrx_word' id='word_1_876' title='bbox 2850 5546 3156 5600; x_wconf 86' lang='lat' dir='ltr'><strong><em>videantur.</em></strong></span> <span class='ocrx_word' id='word_1_877' title='bbox 3186 5539 3386 5596; x_wconf 89' lang='lat' dir='ltr'><strong><em>Deinde</em></strong></span> <span class='ocrx_word' id='word_1_878' title='bbox 3418 5537 3575 5610; x_wconf 81' lang='lat' dir='ltr'><strong><em>jubet</em></strong></span> 
     </span>
    </p>
   </div>
   <div class='ocr_carea' id='block_1_111' title="bbox 313 5650 1899 5724">
    <p class='ocr_par' dir='ltr' id='par_1_111' title="bbox 313 5650 1899 5724">
     <span class='ocr_line' id='line_1_111' title="bbox 313 5650 1899 5724; baseline -0.001 -17"><span class='ocrx_word' id='word_1_879' title='bbox 313 5652 641 5724; x_wconf 81' lang='grc' dir='ltr'><em>Ζοροϐάϐελ,</em></span> <span class='ocrx_word' id='word_1_880' title='bbox 689 5652 782 5706; x_wconf 73' lang='grc' dir='ltr'><strong><em>ἐπὶ</em></strong></span> <span class='ocrx_word' id='word_1_881' title='bbox 834 5652 927 5707; x_wconf 80' lang='grc' dir='ltr'><em>τὸν</em></span> <span class='ocrx_word' id='word_1_882' title='bbox 973 5650 1138 5707; x_wconf 74' lang='grc' dir='ltr'><em>αὐτὸν</em></span> <span class='ocrx_word' id='word_1_883' title='bbox 1183 5650 1533 5707; x_wconf 68' lang='grc' dir='ltr'><em>καθεδοῦνται</em></span> <span class='ocrx_word' id='word_1_884' title='bbox 1581 5650 1792 5723; x_wconf 83' lang='grc' dir='ltr'><em>θρόνον,</em></span> <span class='ocrx_word' id='word_1_885' title='bbox 1824 5650 1899 5716; x_wconf 80' lang='grc' dir='ltr'><em>ὡς</em></span> 
     </span>
    </p>
   </div>
   <div class='ocr_carea' id='block_1_112' title="bbox 385 5827 1500 5893">
    <p class='ocr_par' dir='ltr' id='par_1_112' title="bbox 385 5827 1500 5893">
     <span class='ocr_line' id='line_1_112' title="bbox 385 5827 1500 5893; baseline -0.002 -9"><span class='ocrx_word' id='word_1_886' title='bbox 385 5831 429 5860; x_wconf 64' lang='grc' dir='ltr'><strong><em>τ*</em></strong></span> <span class='ocrx_word' id='word_1_887' title='bbox 467 5827 698 5886; x_wconf 77' lang='lat' dir='ltr'><strong><em>Zachar.</em></strong></span> <span class='ocrx_word' id='word_1_888' title='bbox 729 5845 801 5893; x_wconf 81' lang='lat' dir='ltr'><strong><em>tr,</em></strong></span> <span class='ocrx_word' id='word_1_889' title='bbox 842 5830 895 5885; x_wconf 80' lang='lat'><strong><em>9.</em></strong></span> <span class='ocrx_word' id='word_1_890' title='bbox 972 5829 1015 5860; x_wconf 85' lang='grc'><strong>⁷⁷</strong></span> <span class='ocrx_word' id='word_1_891' title='bbox 1061 5827 1250 5884; x_wconf 81' lang='lat' dir='ltr'><strong><em>lEsdr.</em></strong></span> <span class='ocrx_word' id='word_1_892' title='bbox 1296 5843 1370 5893; x_wconf 74' lang='lat' dir='ltr'><strong><em>XI,</em></strong></span> <span class='ocrx_word' id='word_1_893' title='bbox 1415 5829 1500 5883; x_wconf 72' lang='lat'><strong><em>1‘2.</em></strong></span> 
     </span>
    </p>
   </div>
   <div class='ocr_carea' id='block_1_113' title="bbox 1999 5632 3577 5731">
    <p class='ocr_par' dir='ltr' id='par_1_113' title="bbox 1999 5632 3577 5731">
     <span class='ocr_line' id='line_1_113' title="bbox 1999 5632 3577 5731; baseline -0.014 -22"><span class='ocrx_word' id='word_1_894' title='bbox 1999 5666 2230 5709; x_wconf 87' lang='lat' dir='ltr'><strong><em>coronas</em></strong></span> <span class='ocrx_word' id='word_1_895' title='bbox 2258 5648 2399 5715; x_wconf 83' lang='lat' dir='ltr'><strong><em>ﬁeri.</em></strong></span> <span class='ocrx_word' id='word_1_896' title='bbox 2425 5643 2768 5718; x_wconf 77' lang='lat' dir='ltr'><strong><em>splendidum</em></strong></span> <span class='ocrx_word' id='word_1_897' title='bbox 2795 5638 3105 5705; x_wconf 84' lang='lat' dir='ltr'><strong><em>donarium,</em></strong></span> <span class='ocrx_word' id='word_1_898' title='bbox 3127 5635 3272 5709; x_wconf 84' lang='lat' dir='ltr'><strong><em>quod</em></strong></span> <span class='ocrx_word' id='word_1_899' title='bbox 3314 5632 3577 5731; x_wconf 64' lang='lat' dir='ltr'><strong><em>oneratur</em></strong></span> 
     </span>
    </p>
   </div>
  </div>
