4092 6202
542 380 611 434 93
1541 388 1598 442 5.
1641 387 1917 445 CYRILLI
1961 392 2431 451 ALEXANDRINI
2473 395 2793 453 ARCIIIEP.
3737 386 3807 440 96

547 502 657 556 Deo
689 499 740 555 in
763 502 922 559 domo
950 503 1089 572 ejus,
1146 506 1374 576 gratiam
1436 510 1756 578 concilians,
1791 524 1845 569 et
1898 514 2118 584 gloriam

2232 512 2369 570 εἶναι
2404 518 2578 571 κοινὸν
2624 520 2684 572 τὸ
2729 520 2830 589 τῆς
2882 518 3155 588 βασιλείας
3200 520 3296 573 καὶ
3338 519 3414 591 τῷ
3451 515 3595 591 μετὰ
3628 523 3813 593 χεῖρας

548 591 1151 662 pariensoll'erentibus,
1182 595 1644 669 Josim,,inquam,
1695 612 1749 657 et
1791 606 2127 673 captivitatis

548 683 791 753 utilibus,
826 695 881 741 et
910 687 1240 755 principibus
1291 692 1428 760 ejus.
1482 693 1729 749 Dedic’ari
1776 705 1956 752 autem
2011 714 2119 753 non

549 773 750 830 frustra
779 794 793 831 :
824 779 918 834 sed
951 788 1008 832 ut
1046 782 1358 838 cantoribus
1386 785 1596 854 templi,
1631 797 1687 841 et
1733 790 1908 846 sacris
1937 791 2126 860 psaltis

549 868 799 922 cantandi
830 879 1204 938 argumentum
1233 872 1322 927 sit.
1374 873 1546 940 Tunc,
1579 876 1819 946 inquam,
1849 899 1867 932 ι
1936 892 1991 935 et
2034 885 2123 953 qtti

550 951 708 1023 longe
756 956 820 1010 ab
849 957 973 1023 illis,
1014 978 1033 1011 ι
1059 959 1159 1015 hoc
1208 972 1310 1026 est,
1358 964 1449 1032 qui
1488 966 1554 1019 de
1604 967 1723 1023 aliis
1754 969 2000 1037 gentibus
2032 951 2123 1027 ve-

550 1044 720 1112 nient,
754 1056 808 1101 et
833 1050 1134 1106 adorabunt
1169 1054 1477 1110 Dominum.
1501 1056 1776 1115 Eventura
1805 1071 1986 1118 autem
2022 1065 2121 1119 ista

548 1136 797 1201 afﬁrmat,
819 1141 861 1195 si
900 1143 1067 1197 velint
1095 1146 1414 1201 obedientiae
1435 1161 1752 1207 ornamento
1802 1168 1862 1208 se
1894 1170 2123 1210 venera-

548 1227 961 1297 bilesreddere,
993 1243 1047 1287 et
1086 1236 1275 1289 audire
1302 1252 1485 1293 vocem
1516 1242 1721 1297 Domini
1761 1243 1879 1299 Dei.
1910 1240 2121 1302 Actum

548 1319 783 1384 demum,
846 1324 932 1378 ubi
1014 1329 1376 1395 praenuntiata
1440 1332 1621 1388 exitus
1665 1339 2121 1405 comprobaverit,

547 1408 689 1464 haud
724 1412 1211 1485 dubiecognituros
1244 1421 1562 1491 praphetam
1602 1425 1825 1480 missum
1884 1442 2006 1484 esse
2066 1438 2123 1482 ut

548 1500 641 1556 Dei
668 1503 993 1561 Voluntatem
1036 1510 1167 1578 ipsis
1216 1515 1471 1582 aperiret,
1513 1532 1617 1571 non
1680 1527 1854 1573 autem
1912 1531 1969 1575 ut
2026 1537 2123 1591 pro

547 1609 700 1651 more
760 1601 1114 1666 quorumdam
1175 1607 1547 1662 mentientium
1588 1612 1767 1667 cordis
1822 1614 1904 1666 Sui
1962 1629 2120 1669 sensa

548 1683 876 1753 loqueretur,
913 1704 1074 1745 verax
1100 1695 1298 1761 potius,
1326 1713 1424 1752 nec
1456 1698 1707 1754 falsitatis
1735 1704 1974 1758 nuntius.
1997 1703 2121 1759 llaec

543 1772 802 1831 facillima
840 1789 894 1834 et
946 1783 1103 1838 obvia
1158 1797 1242 1842 cst
1291 1788 1533 1845 historia:
1559 1793 1870 1859 explicatio.

2227 608 2401 678 ἔχοντι
2451 608 2549 679 τὴν
2592 609 2926 678 ἱερουργίαν,
2954 610 3015 662 τό
3059 626 3123 678 γε
3170 611 3279 683 μὴν
3331 611 3426 664 τοῦ
3479 610 3669 682 ἱερέως
3719 614 3814 666 καὶ

2228 700 2375 771 αὑτῴ
2418 701 2773 770 προσκεῖσθαι
2805 700 2884 771 τῷ
2925 701 3293 771 βασιλεύοντι·
3325 703 3477 757 ἔσται
3511 705 3571 757 δὲ
3613 706 3816 775 ἀμφοῖν

2225 791 2322 844 καὶ
2368 791 2614 862 βούλημα
2658 793 2956 862 εἰρηνικὸν,
2984 793 3061 856 ὡς
3092 793 3235 846 κατά
3279 812 3333 846 τι
3384 794 3515 863 γοῦν
3560 794 3699 857 ὅλως
3739 795 3814 864 μὴ

2226 882 2799 952 έτερογνωμονοῦντας
2858 882 3111 955 ὁρᾶσθαι.
3161 880 3293 938 Εἶτα
3339 885 3466 949 τοὺς
3518 886 3815 954 στεφάνους

2225 974 2477 1046 λαμπρὸν
2528 976 2773 1044 γίνεσθαι
2826 976 3193 1047 προστέταχεν
3244 977 3525 1048 ἀνάθημα,
3574 977 3652 1049 τῷ
3696 977 3814 1049 Θεῴ

2225 1066 2708 1137 είσκεκομισμένον
2757 1069 2838 1131 είς
2886 1067 2978 1121 τὸν
3018 1064 3166 1122 οἶκον
3211 1067 3400 1133 αὑτοῦ,
3432 1068 3573 1122 ὥστε
3613 1071 3706 1123 καὶ
3735 1072 3815 1133 εἰς

2224 1155 2404 1227 χάριν,
2444 1158 2562 1227 ἦτοι
2596 1159 2881 1229 καύχημα,
2917 1159 3173 1227 γενέσθαι
3204 1161 3312 1213 τῶν
3332 1162 3812 1233 προσαγηοχότων,

2237 1249 2439 1303 Ἰωσίου
2458 1267 2538 1316 τε,
2559 1268 2631 1320 φη
2641 1252 2722 1320 μὶ,
2746 1252 2839 1304 καὶ
2862 1251 2970 1304 τῶν
2989 1251 3089 1320 τῆς
3107 1250 3484 1321 αἰχμαλωσίας
3505 1254 3812 1323 χρησίμων,

2224 1342 2318 1395 καὶ
2348 1342 2458 1396 τῶν
2491 1343 2768 1413 ἀρχόντων
2799 1342 2993 1412 αὐτῆς.
3013 1343 3379 1397 Ἀνατεθεῖναι
3408 1344 3485 1408 δὲ,
3517 1346 3578 1397 οὑ
3614 1345 3811 1415 μάτην,

2223 1434 2335 1486 ἀλλ’
2359 1435 2499 1488 ὥστε
2526 1435 2620 1488 καὶ
2644 1434 2786 1505 ᾠδῆς
2816 1433 3069 1502 γενέσθαι
3097 1434 3369 1505 πρόφασιν
3396 1438 3511 1497 τοῖς
3536 1435 3693 1504 ᾠδοῖς
3718 1437 3813 1489 τοῦ

2223 1524 2351 1578 ναοῦ
2378 1529 2471 1580 καὶ
2506 1526 2869 1597 ἱεροψάλταις.
2906 1528 3040 1580 Τότε
3087 1544 3151 1595 γε
3177 1527 3240 1599 δή
3274 1544 3416 1598 φημι
3451 1547 3470 1580 ι
3494 1528 3589 1581 καὶ
3619 1529 3668 1580 οί
3707 1545 3812 1598 μα-

2224 1618 2360 1687 κρὰν
2423 1618 2518 1669 ἀπ’
2565 1617 2765 1681 αὐτῶν,
2806 1636 2825 1668 ι
2884 1618 3185 1682 τουτέστιν,
3240 1618 3289 1670 οἳ
3345 1619 3409 1670 ἐκ
3452 1618 3561 1671 τῶν
3610 1618 3813 1689 ἐτέρων

2223 1709 2390 1763 ἐθνῶν
2419 1709 2630 1779 ἥξουσι,
2658 1711 2751 1762 καὶ
2783 1711 3228 1780 προσκυνήσουσι
3254 1710 3331 1781 τῷ
3356 1711 3569 1782 Κυρίῳ.
3595 1711 3811 1781 Συμϐή-

2225 1803 2413 1852 σεσθαι
2463 1800 2519 1852 δὲ
2575 1800 2640 1853 τὰ
2688 1800 2866 1853 τοιάδε
2916 1802 3100 1870 φησὶν,
3133 1803 3290 1872 εἰπερ
3342 1802 3547 1855 ἕλοιντο
3591 1800 3669 1872 τῷ
3711 1803 3810 1871 τῆς

545 1870 854 1937 εὐπειθείας
881 1881 1381 1949 κατασεμνύνισθαι
1407 1884 1618 1955 κόσμῳ,
1650 1888 1745 1942 καὶ
1777 1889 1992 1944 ἀκούειν
2019 1891 2119 1962 τῆς
2157 1893 2343 1963 φωνῆς
2376 1894 2578 1965 Κυρίου
2648 1893 2742 1947 τοῦ
2773 1893 2929 1948 Θεοῦ.
2966 1895 3078 1949 Καὶ
3141 1870 3269 1949 τότε
3305 1896 3492 1949 λοιπὸν
3527 1898 3605 1960 εἰς
3639 1870 3813 1967 πέρας

546 1966 923 2037 ὲκϐεϐηκότων
976 1970 1086 2025 τῶν
1149 1977 1611 2047 προηγγελμένων
1641 2019 1656 2044 ,
1717 1980 2117 2050 ἐπιγνώσεσθαι
2159 1985 2365 2055 σαφῶς,
2406 1986 2486 2039 ὅτι
2512 1986 2583 2039 τὰ
2647 1985 2801 2058 παρά
2862 1986 2999 2040 Θεοῦ
3040 1989 3186 2057 σαφῆ
3223 1990 3585 2059 καταστήσων
3615 1990 3642 2041 ό
3677 1966 3809 2058 προ-

547 2060 723 2130 φήτης
743 2062 1047 2134 ἀπεστάλη,
1077 2066 1171 2119 καὶ
1198 2068 1316 2138 οὐχὶ
1342 2069 1406 2138 δὴ
1441 2070 1640 2140 μᾶλλον
1669 2074 1813 2127 κατά
1830 2093 1984 2139 τινας
2010 2076 2117 2131 τῶν
2152 2077 2470 2148 ψευδοεπεῖν
2534 2079 2825 2142 εἰωθότων,
2844 2079 2913 2133 τά
2938 2082 3046 2134 ἀπὸ
3102 2082 3331 2151 καρδίας
3351 2083 3539 2146 αὐτοῖς
3569 2081 3808 2152 λαλήσει,

544 2152 637 2205 καὶ
666 2152 869 2224 ἀληθὴς
888 2154 945 2207 δὲ
975 2156 1193 2225 μᾶλλον,
1224 2160 1318 2212 καὶ
1344 2159 1405 2212 οὐ
1431 2160 1814 2231 ψευδάγγελος.
1846 2165 1993 2238 Αὕτη
2021 2167 2116 2236 μὲν
2150 2169 2183 2239 ή
2249 2170 2572 2240 έτοιμοτάτη
2626 2170 2721 2222 καὶ
2754 2170 3047 2242 πρόχειρος
3090 2170 3200 2225 τῶν
3245 2173 3301 2225 ὲν
3338 2173 3602 2243 ἱστορίαις
3673 2174 3810 2227 ἀπό-

539 2245 707 2308 δοσις.

611 2338 831 2393 Certum
884 2349 968 2395 est
1025 2357 1208 2411 porro,
1267 2345 1638 2403 dubitaturum
1696 2353 1991 2417 neminem,
2050 2356 2117 2410 ad

2292 2356 2460 2427 Δῆλον
2492 2357 2549 2410 δὲ
2580 2359 2663 2411 ὅτι
2696 2358 2758 2411 τὸ
2786 2358 2975 2430 χρῆμα
3014 2358 3075 2411 τὸ
3123 2336 3361 2427 Χριστοῦ
3400 2360 3724 2429 μυστήριον,
3759 2363 3811 2413 εί

542 2431 741 2485 Christi
773 2433 1087 2501 mysterium
1121 2451 1234 2489 rem
1263 2448 1529 2507 spectare,
1568 2443 1611 2496 si
1648 2443 1785 2498 bene
1811 2445 2116 2516 indagetnr.

539 2519 988 2577 tionﬁrmavimus
1035 2525 1177 2579 enim
1259 2526 1327 2581 ab
1394 2530 1567 2595 initio,
1616 2532 1668 2586 in
1721 2533 2013 2591 Zorobabel
2068 2543 2123 2590 et

538 2611 664 2666 Jesu
688 2611 1038 2669 informatum
1066 2631 1187 2672 esse
1212 2617 1511 2687 Christum,
1536 2624 1876 2693 etsigillatim
1902 2627 1953 2680 in
1974 2637 2121 2682 ntro-

538 2704 641 2768 vis,
668 2713 724 2759 et
750 2704 803 2759 in
832 2705 1095 2763 ambobus
1119 2711 1472 2781 coniunctim,
1535 2721 1593 2767 ut
1621 2730 1809 2769 unum.
1839 2717 1936 2773 Est
1975 2719 2118 2773 enim

538 2795 678 2849 idem
703 2806 758 2851 et
826 2811 923 2853 rex
958 2796 1146 2864 lsrael,
1171 2810 1226 2855 et
1287 2818 1515 2872 magnus
1573 2807 1848 2874 sacerdos,
1908 2825 1929 2861 ι
1984 2810 2121 2865 San-

537 2889 983 2953 etus,innocens,
1032 2892 1347 2962 impollutus
1395 2897 1457 2950 ⁷⁸.
1502 2915 1521 2948 ι
1577 2897 1843 2964 Quoniam
1874 2916 2000 2956 vero
2054 2902 2121 2956 de

534 2980 678 3036 tribu
715 2980 848 3035 Juda
878 2985 1217 3054 progenerati
1246 3002 1468 3056 regnum
1530 2991 2019 3055 administrabant,
2065 3002 2119 3048 et

533 3071 642 3126 orti
673 3071 740 3125 de
782 3074 920 3127 tribu
954 3072 1081 3128 Levi
1134 3079 1421 3133 sacerdotii
1473 3096 1667 3135 mttnus
1723 3083 1964 3145 obibant,
1998 3085 2117 3142 ideo

536 3177 635 3229 per
659 3164 792 3218 duos
817 3164 867 3218 in
898 3181 1061 3219 unttm
1087 3165 1371 3222 Dominum
1406 3172 1846 3238 transformatur,
1874 3184 2113 3244 ntpatet.

535 3255 713 3321 Quare
766 3257 809 3312 si
868 3258 1012 3312 dicat
1060 3259 1199 3315 Deus
1259 3261 1328 3317 de
1385 3264 1708 3332 Zorobabel,
1746 3287 1765 3319 ι
1801 3268 1989 3323 Manus
2015 3271 2116 3327 Zo-

535 3349 758 3404 robabel
786 3349 1081 3406 fundarunt
1103 3353 1322 3409 domum
1350 3357 1528 3423 istam,
1559 3368 1614 3413 et
1646 3374 1835 3416 manus
1864 3362 1980 3430 ejus
2004 3379 2117 3433 per-

536 3441 713 3496 tieient
775 3458 893 3497 eam
914 3444 983 3509 ",
1017 3463 1035 3497 ι
1076 3446 1332 3503 historice
1368 3450 1582 3518 quidem
1611 3451 1676 3506 de
1704 3467 1770 3506 eo
1798 3454 1997 3509 dictum
2023 3470 2114 3511 ac-

535 3532 738 3601 cipies;
776 3536 1072 3590 secundum
1130 3538 1274 3594 aliud
1316 3555 1444 3595 vero
1500 3544 1641 3612 quod
1666 3543 2004 3613 intelligitur,
2049 3550 2114 3603 ad

535 3624 810 3679 Christum
847 3627 1069 3683 referes.
1101 3629 1215 3698 Ipse
1241 3631 1383 3685 enim
1440 3632 1612 3689 factus
1646 3643 1732 3690 est
1783 3637 1938 3691 nobis
1989 3638 2114 3693 fun-

2228 2448 2495 2518 ἐρευνῷτο
2542 2449 2743 2513 καλῶς,
2775 2452 2878 2503 οὐκ
2910 2450 2976 2503 ἂν
3009 2449 3298 2503 ἐνδοιάσειέ
3342 2467 3447 2513 τις.
3486 2450 3812 2504 Διεϐεϐαιὼ-

2230 2537 2370 2606 μεθα
2395 2538 2503 2609 γὰρ
2529 2538 2588 2602 ἐξ
2616 2540 2810 2610 ἀρχῆς,
2856 2539 2931 2602 ῶς
2964 2539 3021 2592 έν
3052 2556 3117 2607 γε
3149 2538 3226 2609 τῷ
3268 2538 3571 2609 Ζοροϐάϐελ
3592 2542 3686 2593 καὶ
3713 2542 3810 2611 μέν

2226 2647 2327 2696 τοι,
2358 2629 2634 2700 καὶἸησοῦ
2660 2630 3149 2703 διαμεμορφῶσθαι
3172 2630 3426 2702 Χριστὸν,
3461 2632 3554 2684 καὶ
3579 2630 3681 2685 ἀνά
3708 2634 3803 2702 μέ-

2230 2740 2319 2793 ρος
2353 2724 2410 2776 ὲν
2438 2723 2705 2794 ἑκατέρῳ,
2736 2722 2831 2777 καὶ
2873 2725 2931 2776 ὲν
2978 2723 3183 2793 ἀμφοῖν
3223 2722 3544 2793 συλλήϐδην,
3574 2723 3650 2787 ὡς
3693 2725 3807 2779 ἕνα.

2230 2814 2387 2867 Ἐστι
2416 2815 2524 2886 γὰρ
2549 2816 2608 2869 ὲν
2640 2815 2821 2886 ταυτῷ
2866 2816 2961 2869 καὶ
3010 2814 3263 2884 βασιλεὺς
3308 2815 3399 2868 τοῦ
3432 2816 3669 2887 Ἰσραὴλ,
3718 2818 3810 2870 καὶ

2229 2906 2402 2976 μέγας
2465 2908 2775 2977 ἀρχιερεὺς,
2839 2928 2855 2959 ι
2889 2908 3109 2973 Ὃσιος,
3164 2907 3405 2971 ἄκακος,
3461 2908 3744 2978 ἀμίαντος.
3786 2928 3805 2960 ι

2237 2995 2454 3065 Ἐπειδὴ
2482 2996 2539 3048 δὲ
2562 2997 2611 3047 οί
2646 2996 2742 3066 μὲν
2764 2996 2829 3049 ἐκ
2858 2996 3029 3066 φυλῆς
3052 2996 3226 3051 Ἰούδα
3252 2998 3378 3060 τοὺς
3399 2998 3499 3067 τῆς
3532 2996 3810 3066 βασιλείας

2224 3086 2426 3139 διεῖπον
2468 3085 2696 3150 θώκους,
2736 3087 2785 3139 οἱ
2827 3085 2884 3138 δὲ
2919 3086 3015 3155 τῆς
3047 3085 3182 3139 Λευῖ
3215 3087 3453 3140 τέθειντο
3486 3087 3617 3158 πρὸς
3652 3090 3810 3157 ἱερω-

2226 3178 2414 3250 σύνην,
2462 3178 2719 3250 ταύτῃτοι
2765 3178 2954 3248 σαφῶς
2985 3178 3071 3231 διὰ
3117 3178 3224 3233 τῶν
3254 3179 3397 3233 δυοῖν
3436 3182 3514 3243 είς
3556 3180 3653 3234 ἕνα
3677 3198 3811 3250 μορ-

2226 3270 2419 3339 φοῦται
2442 3270 2665 3342 Κύριον.
2699 3268 2909 3325 Οὐκοῦν
2937 3272 2985 3323 εί
3013 3270 3160 3339 λέγοι
3188 3271 3319 3334 Θεὸς
3354 3271 3483 3341 περὶ
3520 3270 3610 3324 τοῦ
3644 3274 3810 3342 Ζορο-

2227 3361 2417 3429 ϐάϐελ,
2457 3362 2534 3426 ὡς
2584 3380 2603 3412 ι
2635 3363 2699 3414 Δί
2748 3363 2929 3432 χεῖρες
2963 3360 3268 3432 Ζοροϐάϐελ
3315 3361 3680 3432 ὲθεμελίωσαν
3720 3363 3812 3415 τὸν

2224 3450 2371 3509 οἷκον
2402 3454 2608 3521 τοῦτον,
2641 3454 2736 3507 καὶ
2776 3456 2832 3507 αἱ
2863 3456 3045 3525 χεῖρες
3075 3453 3240 3505 αὑτοῦ
3271 3453 3677 3507 έπιτελέσουσιν
3709 3454 3811 3508 αύ-

2222 3547 2332 3611 τὸν,
2368 3566 2386 3600 ι
2426 3546 2837 3618 ίστορικώτερον
2875 3526 2973 3616 μὲν
3008 3546 3093 3598 ἐπ’
3123 3547 3356 3608 ἐκείνου,
3381 3547 3599 3615 νοήσεις
3630 3546 3686 3598 δὲ
3717 3548 3812 3598 ἐπὶ

2223 3633 2459 3704 Χριστὸν
2497 3634 2723 3705 νοητῶς.
2752 3634 2922 3697 Αὐτὸς
2966 3633 3074 3708 γὰρ
3124 3634 3280 3704 ήμῶν
3321 3633 3511 3703 γέγονε
3540 3634 3808 3705 θεμέλιος,

537 3720 874 3785 damentnm,
902 3731 955 3775 et
1009 3738 1175 3791 super
1210 3724 1383 3791 ipsum
1416 3742 1606 3782 omnes
1663 3730 2021 3797 spiritualiter
2066 3732 2117 3786 in

2225 3724 2319 3777 καὶ
2352 3723 2500 3795 αὐτῷ
2528 3724 2729 3785 πάντες
2758 3722 3264 3793 ὲποικοδομούμεθα
3291 3723 3698 3793 πνευματικῶς,
3730 3726 3809 3787 εἰς

538 3810 795 3877 templum
864 3821 1110 3867 sanctum
1163 3816 1416 3870 mdilicati
1493 3834 1713 3885 sumus;
1785 3822 1899 3890 ipse
1961 3824 2112 3878 nobis

536 3902 702 3973 706
726 3904 1048 3973 principium
1078 3913 1133 3959 et
1173 3905 1298 3962 finis
1337 3918 1441 3963 est.
1508 3910 1616 3964 Nos
1676 3912 1819 3966 enim
1870 3916 2114 3969 sanctifi-

536 4003 686 4048 catos
711 3995 760 4047 in
788 3993 989 4062 Spiritu
1011 4034 1025 4059 ,
1054 3996 1485 4068 praeclarumque
1514 4010 1568 4055 et
1598 4011 1844 4056 sanctum
1900 4005 2113 4059 habita-

538 4084 713 4137 culum
770 4085 872 4139 sibi
929 4098 986 4140 et
1050 4087 1218 4154 Patri,
1262 4089 1437 4145 deleto
1492 4103 1713 4160 peccato
1771 4095 2011 4150 funditus
2062 4105 2115 4149 ct

537 4179 881 4247 corruptione
912 4178 1133 4246 abolita,
1178 4180 1441 4236 exhibuit.
1476 4182 1594 4252 Ipse
1636 4186 1778 4239 enim
1833 4197 1914 4241 est
1957 4184 2116 4242 Jesus

537 4269 791 4323 sacerdos
823 4285 1067 4341 magnus,
1105 4282 1159 4327 et
1182 4284 1336 4329 sonat
1364 4276 1578 4344 quidem
1614 4276 1773 4334 Jesus
1802 4280 1947 4333 salus
2013 4297 2113 4349 po-

536 4358 669 4427 puli.
694 4359 784 4416 Sic
808 4378 1042 4434 namque
1095 4366 1310 4423 divinus
1371 4368 1591 4425 Gabriel
1653 4373 1722 4427 ad
1778 4371 2113 4444 Virginem:

545 4470 563 4503 ι
605 4452 669 4507 Ει
715 4468 865 4523 ecce,
918 4458 1191 4529 concipies
1231 4461 1284 4514 in
1328 4472 1504 4527 utero,
1528 4474 1582 4519 et
1612 4466 1791 4534 paries
1822 4466 2011 4531 filium,
2063 4478 2118 4523 et

537 4545 758 4601 vocabis
780 4563 979 4604 nomen
1011 4548 1127 4616 eius
1146 4548 1329 4606 Jesum
1368 4551 1452 4619 ⁸⁰;
1484 4555 1600 4623 ipse
1629 4556 1772 4609 enim
1798 4556 2005 4610 salvum
2040 4556 2118 4610 fa-

538 4636 647 4691 ciet
675 4639 927 4707 populum
961 4657 1116 4697 suum
1152 4658 1179 4695 a
1233 4646 1469 4713 peccatis
1518 4661 1705 4699 eorum
1743 4646 1809 4700 3‘.
1843 4666 1862 4699 ι
1894 4645 2120 4702 Josedec

541 4737 721 4782 autem
766 4733 1007 4786 redditur
1051 4734 1263 4801 justitia
1318 4737 1431 4790 Dei.
1486 4734 1780 4790 Justificati
1844 4740 1989 4791 enim
2066 4741 2118 4793 in

540 4818 657 4884 ipso
699 4834 792 4895 per
817 4820 972 4876 fidem
993 4823 1063 4889 ",
1083 4834 1135 4877 et
1153 4839 1184 4877 a
1215 4827 1465 4879 sordibus
1490 4836 1730 4880 veterum
1770 4838 2117 4895 peccatorum

541 4892 954 4967 abluti‘sumus.
998 4914 1119 4981 Ipse
1174 4929 1270 4970 nos
1301 4917 1541 4985 captivos
1588 4917 1834 4972 liberavit
1886 4917 1957 4983 ⁸³,
1984 4932 2037 4973 et
2091 4936 2119 4974 a

540 5000 815 5067 servitute,
882 5019 1043 5073 quam
1105 5016 1285 5061 mente
1333 5009 1577 5078 capimus
1627 5025 1724 5065 nos
1785 5012 2002 5077 exemit,
2065 5024 2119 5067 et

542 5109 798 5162 tanquam
844 5110 907 5150 ex
955 5100 1238 5167 peregrina
1308 5110 1363 5154 et
1420 5101 1841 5171 alienigenarum
1876 5104 2112 5172 regione,

539 5204 609 5241 ex
666 5188 926 5245 diabolica
989 5192 1300 5248 seductione
1350 5196 1418 5249 ad
1471 5194 1565 5250 Dei
1622 5196 2002 5265 cognitionem,
2064 5206 2116 5251 et

542 5287 852 5335 sanctorum
890 5281 1161 5337 civitatem
1195 5284 1470 5352 eximiam,
1512 5301 1639 5343 vere
1719 5296 1958 5342 sanctam
2022 5287 2115 5342 Je-

545 5372 804 5438 rusalem,
870 5388 990 5444 qua:
1041 5384 1125 5430 est
1182 5375 1444 5441 Ecclesia,
1510 5379 1743 5433 reduxit.
1779 5379 2118 5448 Quapropter

546 5472 692 5518 recta
744 5474 799 5519 et
857 5466 1127 5538 inculpata
1181 5467 1303 5533 fide,
1348 5477 1403 5524 et
1467 5470 1729 5524 virtutum
1782 5470 2119 5524 ornamentis

545 5550 874 5621 hymnisque
892 5558 1092 5625 gratias
1127 5559 1411 5629 agentibus
1444 5576 1473 5615 a
1497 5561 1656 5615 nobis
1681 5570 1994 5616 coronatur.
2054 5559 2119 5614 Et

549 5657 766 5698 Coronae
793 5646 1007 5713 quidem
1036 5649 1137 5704 illa:
1196 5667 1372 5708 aureae
1419 5662 1473 5708 et
1529 5662 1792 5723 argenteae
1838 5661 2013 5716 erant,
2065 5660 2119 5705 et

2149 5058 2199 5117 D

2215 3814 2341 3869 ναὸν
2376 3816 2550 3884 ἆγιον·
2604 3814 2767 3877 αὐτὸς
2790 3814 2949 3885 ήμῶν
2988 3816 3020 3882 ή
3052 3814 3193 3884 ἀρχὴ
3224 3814 3318 3868 καὶ
3349 3815 3411 3868 τὸ
3444 3815 3636 3885 πέρας.
3660 3818 3809 3886 Παρ-

2218 3905 2396 3975 ίστησι
2428 3907 2535 3977 γὰρ
2568 3906 2715 3975 ἡμᾶς
2743 3904 3109 3974 ἡγιασμένους
3140 3905 3198 3957 ὲν
3232 3904 3525 3975 πνεύματι,
3561 3906 3811 3977 λαμπρόν

2214 4013 2274 4048 τε
2324 3997 2419 4049 καὶ
2473 3996 2615 4065 ἱερὸν
2666 3995 2990 4065 ἐνδιαίτημα
3038 3996 3216 4066 ἐαυτῷ
3264 4015 3323 4049 τε
3372 3998 3468 4050 καὶ
3500 3997 3578 4064 τῷ
3612 4000 3809 4069 Πατρὶ,

2217 4088 2635 4160 περιῃρημένης
2668 4090 2747 4151 είς
2778 4088 2926 4141 ἆπαν
2953 4087 3052 4159 τῆς
3076 4090 3372 4161 ἁμαρτίας,
3402 4091 3495 4143 καλ⁸
3525 4109 3810 4163 κατηργηη

2219 4181 2386 4250 μένης
2429 4180 2527 4251 τῆς
2557 4180 2783 4251 φθορᾶς.
2811 4181 2982 4244 Αὐτὸς
3004 4182 3123 4251 γάρ
3156 4183 3303 4235 ἐστιν
3342 4182 3546 4251 Ἰησοῦς
3576 4183 3751 4254 ἱερεὺς
3782 4186 3812 4236 ὁ

2221 4274 2412 4345 μέγας,
2451 4274 2543 4327 καὶ
2576 4272 2942 4344 ἑρμηνεύεται
2979 4273 3076 4343 μὲν
3102 4271 3309 4341 Ἰησοῦς
3339 4273 3600 4341 σωτηρία
3629 4274 3805 4327 λαοῦ.

2218 4365 2373 4419 Οὕτω
2401 4364 2509 4435 γάρ
2540 4368 2635 4418 καὶ
2663 4367 2691 4416 ὁ
2721 4364 3009 4426 θεσπέσιος
3035 4362 3274 4433 Γαϐριὴλ
3316 4362 3450 4432 πρὸς
3478 4361 3579 4433 τὴν
3599 4363 3809 4433 Παρθέο

2219 4476 2307 4513 νον
2343 4458 2508 4530 φησίν
2528 4475 2540 4485 ·
2580 4476 2597 4508 ι
2633 4458 2742 4511 Καὶ
2778 4457 2886 4510 ίδοὺ
2918 4455 3161 4526 συλλήψῃ
3192 4455 3249 4507 ὲν
3281 4454 3500 4523 γαστρὶ,
3524 4456 3615 4507 καὶ
3637 4454 3809 4520 τέξεις

2219 4552 2354 4615 υἱὸν,
2387 4555 2480 4605 καὶ
2509 4550 2758 4612 καλέσεις
2787 4549 2847 4601 τὸ
2874 4547 3045 4617 ὄνομα
3073 4544 3237 4598 αὑτοῦ
3263 4544 3491 4615 Ἰησοῦν
3522 4544 3683 4607 αὐτὸς
3700 4546 3810 4614 γὰρ

2222 4643 2383 4695 σώσει
2432 4643 2522 4694 τὸν
2560 4642 2686 4694 λαὸν
2717 4640 2879 4693 αὐτοῦ
2904 4640 3013 4692 ἀπὸ
3062 4638 3171 4691 τῶν
3218 4637 3499 4709 ἁμαρτιῶν
3551 4637 3739 4691 αὐτοῦ.
3783 4656 3799 4686 ι

2233 4734 2477 4787 Ἰωσεδὲκ
2507 4733 2563 4785 δὲ
2594 4735 2793 4785 νοεῖται
2819 4732 3174 4797 δικαιοσύνη
3208 4729 3378 4783 Θεοῦ.
3400 4729 3807 4799 Δεδικαιώμεθα

2220 4822 2329 4894 γὰρ
2355 4824 2413 4874 ὲν
2440 4822 2589 4892 αὐτῷ
2621 4822 2710 4875 διὰ
2742 4822 3119 4890 «insurgunt
3143 4819 3249 4873 τῶν
3280 4820 3525 4890 ἀρχαίων
3553 4821 3806 4889 αἰτιαμά-

2218 4932 2327 4968 των
2365 4915 2457 4967 τὸν
2504 4915 2673 4986 ῥύπον
2704 4912 3111 4982 ἀπενιψάμεθα.
3147 4911 3318 4974 Αὐτὸς
3354 4914 3500 4982 ἡμᾶς
3527 4910 3799 4980 αἰχμαλώο

2220 5024 2347 5070 τους
2382 5006 2541 5067 ὄντας
2586 5004 2871 5076 ἐρρύσατο,
2904 5003 2997 5056 καὶ
3030 5002 3130 5072 τῆς
3162 5002 3360 5073 νοητῆς
3393 5002 3636 5065 δουλείας
3666 5002 3804 5067 ἐξεί-

2227 5098 2368 5161 λετο,
2405 5097 2498 5150 καὶ
2526 5092 2724 5166 οἷάπερ
2776 5095 2836 5158 ἐξ
2884 5094 3191 5164 ἀλλοδαπῆς
3218 5093 3313 5146 καὶ
3352 5092 3453 5161 τῆς
3494 5089 3805 5158 ἀλλοφύλων

2222 5190 2322 5259 τῆς
2349 5187 2733 5258 δαιμονιώδους
2777 5187 2993 5256 ἀπάτης
3042 5186 3441 5254 ἀνακεκόμικεν
3472 5185 3551 5245 εἰς
3576 5181 3805 5249 θεογνω-

2223 5281 2365 5342 σίαν,
2402 5280 2498 5333 καὶ
2540 5281 2620 5340 είς
2652 5279 2750 5349 τὴν
2784 5278 2891 5331 τῶν
2930 5278 3100 5347 ἁγίων
3136 5274 3469 5335 καλλίπολιν,
3502 5273 3604 5343 τὴν
3644 5270 3807 5339 ἁγίαν

2226 5371 2439 5442 ἀληθῶς
2476 5370 2861 5442 Ἰερουσαλὴμ,
2904 5372 3026 5441 ἥτις
3070 5371 3215 5423 ἐστὶν
3265 5369 3298 5437 ή
3337 5366 3655 5435 Ἐκκλησία.
3711 5362 3805 5417 Διά

2226 5466 2382 5519 τοῦτο
2404 5465 2762 5534 στεφανοῦται
2789 5464 2926 5536 πρὸς
2954 5463 3110 5534 ήμῶν
3136 5460 3269 5531 ὀρθῇ
3295 5460 3389 5513 καὶ
3414 5457 3805 5530 ἀνεπιπλήκτῳ

2228 5559 2429 5624 πίστει,
2465 5561 2557 5613 καὶ
2601 5562 2715 5622 τοῖς
2764 5559 2845 5622 εἰς
2883 5557 3084 5629 ἀρετὴν
3134 5555 3467 5627 αὐχήμασιν,
3505 5552 3696 5623 ὕμνοις
3746 5566 3800 5603 τε

2222 5656 2334 5718 τοῖς
2363 5651 2755 5725 χαριστηρίοις.
2804 5653 2913 5706 Καὶ
2950 5652 2999 5703 οἱ
3037 5650 3133 5720 μὲν
3162 5649 3223 5702 τὸ
3252 5648 3507 5717 τηνικάδε
3550 5645 3802 5726 στέφανοι

620 5817 669 5853 ⁷³
707 5820 865 5877 Hebr.
914 5841 1006 5892 vn,
1048 5828 1133 5883 26.
1214 5834 1254 5864 ⁷³
1299 5832 1522 5890 Zachar.
1564 5850 1633 5899 tv,
1668 5834 1716 5889 9.
1797 5834 1839 5865 ⁸ο
1874 5833 2001 5889 Luc.
2050 5837 2190 5903 t,3l.
2272 5834 2311 5865 ”
2348 5831 2535 5887 Matth.
2577 5845 2615 5895 ι,
2650 5831 2773 5883 EH.’
2818 5828 2860 5857 “
2905 5826 3057 5879 liom.
3096 5840 3145 5892 v,
3175 5826 3219 5877 l.
3299 5825 3343 5855 ³³
3385 5822 3560 5879 Galat.
3608 5836 3677 5888 ιν,
3721 5818 3802 5874 5|.
