4092 6202
295 191 354 243 97
1133 187 1690 245 COMMENTARIUS
1733 190 1799 243 IN
1841 193 2242 251 ZACHARIAM
2284 199 2727 258 PROPIIETAM.
3471 215 3542 272 98
3617 295 3624 300 ν

209 317 214 324 ·
293 304 477 375 χρυσοῖ
506 319 564 355 τε
597 298 761 372 ἦσαν,
785 304 878 356 καὶ
900 303 1154 374 ἀργυροῖ,
1181 307 1278 357 καὶ
1304 305 1363 370 ἐξ
1386 305 1524 375 ὕλης
1547 323 1825 363 κατεσκευέ

1927 319 1950 372 t
1981 327 2045 365 ex
2079 317 2299 370 materia
2325 319 2558 386 peritura
2588 321 2806 376 fiebant.
2833 325 3031 393 Atqua:
3053 341 3081 379 a
3119 327 3273 384 nobis
3302 334 3543 398 plectun-

291 399 434 459 ζοντο
461 397 560 466 τῆς
596 395 861 467 φθαρτῆς.
889 397 951 448 Oi
984 396 1038 448 δέ
1072 413 1136 464 γε
1170 399 1304 468 πρὸς
1327 397 1486 468 ήμῶν
1515 397 1876 469 πεπλεγμένοι

1983 404 2571 478 turimponunturque,
2621 423 2890 468 terrenum
2947 416 3079 471 nihil
3123 395 3355 476 habent:
3412 426 3539 494 quin

291 504 342 539 τε
377 487 470 538 καὶ
497 481 878 554 ἁνημ[μ]ένοι,
911 487 1098 556 γήϊνον
1124 487 1225 555 μὲν
1244 486 1458 556 ἔχουσιν
1473 488 1650 540 οὐδέν’
1689 491 1873 544 συντέ-

1976 495 2156 562 potius
2188 511 2254 551 ex
2288 499 2453 566 gloria
2489 503 2597 558 Deo
2624 504 2780 574 digna
2810 509 3116 577 compositae
3158 523 3300 567 sunt.
3331 481 3537 570 Etenim

291 577 489 628 θεινται
518 575 572 628 δὲ
605 573 807 644 μᾶλλον
838 576 904 627 ὲκ
936 575 1035 644 τῆς
1068 575 1145 646 τῷ
1177 577 1295 648 Θεῷ
1339 579 1660 650 πρεπούσης
1694 581 1870 652 δόξης.

1975 583 2094 640 loco
2127 589 2244 642 auri
2293 590 2601 660 dogtnatutn
2632 573 2703 650 de
2737 597 2853 666 ipso
2879 573 3060 653 veram
3093 610 3404 673 certamque
3450 605 3536 660 in-

303 665 640 735 Ἀνατίθεμεν
659 665 768 734 γὰρ
790 665 940 736 αὑτῷ
955 666 1030 728 ὡς
1052 667 1250 737 χρυσὸν
1274 669 1390 738 μὲν,
1419 671 1528 725 τῶν
1557 673 1688 740 περὶ
1709 673 1872 726 αὐτοῦ

1975 675 2352 746 telligentiam,
2401 684 2608 753 argenti
2644 695 2820 740 autem
2843 702 2906 741 ex
2936 689 3090 744 bonis
3126 665 3379 760 operibus
3401 696 3540 750 nito-

287 759 560 826 δογμάτων
593 755 696 826 τὴν
727 756 946 826 ἀπλανῆ
979 757 1244 828 θεωρίανο
1282 759 1358 823 ὡς
1394 761 1637 833 ἄργυρον
1663 762 1738 828 δὲ,
1773 762 1872 834 τὴν

1971 780 2084 820 rem
2109 770 2290 824 animo
2309 775 2684 840 aspectabilem
2712 775 3009 834 olferimus.
3040 780 3132 835 Est
3161 783 3317 837 aliter
3343 799 3537 840 corona

288 849 345 914 ἐξ
369 850 542 920 ἔργων
589 849 817 917 ἀγαθῶν
844 849 1185 933 φαιδρότητα(ἱ
1223 853 1442 922 νοητήν.
1468 854 1623 906 Ἐστι
1679 853 1738 907 δὲ
1777 854 1869 906 καὶ

1969 866 2023 909 et
2052 857 2220 926 gloria
2248 859 2813 921 Cbristisalvatorum
2842 871 2910 922 ab
2950 871 3067 939 ipso
3127 873 3295 928 salus.
3325 874 3536 928 Salvata

288 941 475 1010 ἑτέρως
504 940 846 1009 στέφανόςσε
871 943 965 995 καὶ
987 941 1111 1008 δόξα
1141 925 1400 1013 Χριστοῦ,
1421 944 1529 997 τῶν
1553 947 1682 1017 παρ’
1700 945 1866 999 αὑτοῦ

1967 955 2053 1002 est
2069 953 2212 1004 enim
2238 967 2342 1007 non
2378 969 2482 1007 una
2507 971 2660 1025 gens,
2695 960 3144 1028 quemadmodum
3178 964 3386 1019 scilicet
3408 966 3535 1021 olim

287 1027 637 1097 σεσωσμένων
669 1031 703 1098 ή
737 1029 998 1100 σωτηρία.
1028 1030 1302 1086 Σέσωσται
1329 1033 1438 1105 γάρ
1472 1034 1571 1087 οὐκ
1597 1035 1746 1099 ἔθνος
1782 1034 1862 1100 ἓν,

1965 1051 2066 1104 per
2093 1038 2275 1094 Mosen
2308 1041 2492 1109 Israel,
2551 1046 2648 1100 sed
2677 1027 2938 1118 quidquid
2980 1053 3139 1106 etiam
3165 1058 3402 1123 gentium
3436 1061 3537 1112 sub

285 1117 528 1187 καθάπερ
574 1118 770 1188 ἀμέλει
826 1121 920 1172 καὶ
971 1121 1140 1176 πάλαι
1187 1123 1275 1176 διὰ
1300 1125 1543 1189 Μωσέως
1569 1127 1597 1179 6
1625 1127 1862 1199 Ἰσραὴλ,

1971 1126 2110 1182 ςωιο
2144 1141 2263 1184 est:
2291 1131 2393 1187 hoc
2411 1136 2610 1204 quippe
2630 1117 2905 1192 Christum
2940 1117 3193 1198 decebat:
3229 1144 3346 1200 Jam
3395 1165 3537 1205 nunc

283 1206 390 1256 ἀλλ’
431 1207 529 1276 ὅλη
565 1206 754 1260 λοιπὸν
789 1209 881 1261 ὑπ’
907 1210 1135 1282 οὐρανόν
1155 1229 1168 1243 ·
1202 1213 1409 1285 ἔπρεπε
1441 1217 1550 1286 γὰρ
1579 1218 1672 1269 καὶ
1703 1219 1862 1271 τοῦτο

1967 1217 2108 1282 vide,
2147 1227 2418 1290 quomodo
2437 1226 2506 1279 ab
2535 1228 2750 1281 utilibus
2809 1231 2946 1300 ejus,
2997 1244 3052 1288 et
3105 1236 3188 1290 his
3224 1238 3315 1305 qui
3341 1253 3536 1308 cogno-

284 1299 356 1366 τῷ
375 1299 819 1371 Χριστῷ.’Ἀθρει
848 1301 926 1370 δὲ,
957 1304 1107 1368 ὅπως
1139 1307 1288 1377 παρά
1317 1307 1423 1360 τῶν
1452 1310 1738 1380 χρησίμων
1761 1313 1859 1365 αὐ-

1963 1321 2154 1365 verunt
2178 1329 2294 1367 eam
2319 1317 2384 1370 ad
2419 1333 2671 1374 coronam
2695 1322 3027 1378 eﬂicieudam
3079 1332 3380 1384 necessaria
3409 1348 3536 1388 con-

280 1388 374 1456 τῆς
411 1389 505 1440 καὶ⁸
547 1389 656 1441 τῶν
709 1392 1102 1458 ἐπεγνωκότων
1152 1396 1330 1467 ,αὐτὴν
1375 1397 1441 1451 τά
1499 1400 1579 1462 είς
1623 1399 1720 1469 τὴν
1750 1402 1857 1454 τῶν

1957 1402 2226 1459 l‘erautur.
2255 1405 2533 1477 Principes
2559 1412 2703 1465 enim
2734 1415 2944 1483 populi,
2972 1427 3026 1471 et
3055 1418 3108 1472 in
3131 1419 3533 1488 magistratibus

282 1481 554 1548 στεφάνων
582 1484 928 1554 κατασκευὴν
961 1488 1441 1557 προσκομίζονται.
1475 1492 1538 1543 υἱ
1577 1492 1684 1563 γὰρ
1713 1493 1856 1545 λαῶν

1957 1492 2266 1561 bnjusmodi
2312 1513 2340 1550 a
2374 1497 2483 1553 Deo
2501 1499 2684 1565 locati,
2737 1481 2817 1558 eti
2850 1506 3045 1574 quibus
3097 1481 3333 1580 antiquae
3362 1510 3533 1580 capti-

280 1571 586 1640 ήγούμενοι,
610 1575 704 1626 καὶ
723 1576 804 1637 είς
824 1575 995 1647 ἀρχὰς
1017 1577 1321 1648 τεθειμένοι
1343 1581 1440 1644 τὰς
1463 1583 1674 1636 τοιάσδε
1705 1585 1856 1656 παρὰ
1887 1663 1896 1668 _

1956 1587 2139 1642 vitatis
2174 1597 2369 1643 nostra:
2397 1593 2535 1646 ratio
2561 1604 2686 1650 nota
2718 1607 2820 1659 est,
2853 1599 3055 1668 quique
3116 1602 3274 1657 utiles
3306 1615 3430 1658 sunt
3465 1606 3529 1659 li-

278 1660 428 1725 Θεοῦ,
460 1663 552 1714 καὶ
583 1663 636 1714 οἱ
664 1663 755 1716 τὸν
780 1665 880 1736 τῆς
919 1667 1155 1736 ἀρχαίας
1185 1669 1342 1739 ἡμῶν
1371 1672 1747 1742 αἰχμαλωσίας
1783 1677 1854 1727 εί-
1886 1663 1894 1717 Ῑ

1914 1665 1926 1716 ι
1955 1678 2158 1733 beratis
2185 1690 2242 1734 ut
2274 1683 2459 1746 duces,
2484 1695 2550 1752 ,οι
2578 1687 2820 1754 magistri
2849 1691 2914 1742 ad
2932 1694 3323 1748 admonendum
3355 1705 3408 1749 et
3437 1699 3530 1751 de-

277 1752 422 1816 δότες
469 1753 690 1823 τρόπον,
725 1756 988 1826 χρήσιμοί
1035 1775 1092 1810 τε
1141 1762 1253 1823 τοῖς
1301 1761 1745 1835 λελυτρωμένοις,
1777 1767 1850 1832 ὡς

1955 1772 2256 1825 ducendum
2300 1776 2608 1831 rectissimo
2633 1779 2828 1833 itinere
2861 1782 2928 1834 ad
2960 1782 3127 1836 vitam
3161 1785 3368 1852 legibus
3395 1802 3527 1841 con-

279 1841 602 1912 καθηγηταὶ,
629 1843 723 1897 καὶ
747 1845 1055 1899 διδάσκαλοι
1101 1850 1194 1901 καί
1226 1851 1493 1905 νουθετεῖν
1522 1855 1615 1907 καὶ
1639 1857 1848 1908 ἀποκο-

1953 1860 2412 1928 gruentissimam,
2470 1865 2567 1932 ipsi
2625 1865 2766 1919 dona
2834 1871 3211 1936 proutnnibus
3267 1871 3523 1936 oll'erunt,

279 1934 450 2003 μίζειν
489 1931 548 1988 εὖ
586 1935 732 2006 μάλα
777 1937 913 2006 πρὸς
963 1940 1343 2012 ὲννομωτάτην
1392 1944 1558 2015 ζωὴν,
1587 1947 1739 2001 αὐτοὶ
1781 1948 1849 2002 τά

1953 1949 2293 2007 infirmitates
2316 1931 2661 2010 imbecillium
2695 1973 2790 2025 per
2822 1931 2882 2013 se
2908 1960 3212 2030 explentes.
3247 1931 3525 2034 Impositis

277 2027 411 2098 ὑπὲρ
445 2026 700 2080 ἁπάντων
747 2028 1080 2099 προσάγουσι
1125 2031 1294 2102 δῶρα,
1327 2036 1395 2087 τά
1435 2036 1543 2089 τῶν
1574 2038 1850 2092 ἀδυνάτων

1953 2049 2129 2093 autem
2169 2044 2384 2098 coronis
2443 2060 2609 2114 super
2661 2059 2826 2117 caput
2883 2026 3032 2116 Jesu,
3083 2055 3148 2107 de
3197 2054 3527 2111 Zorobabele

276 2118 626 2190 ἀσθενήματα
676 2120 1014 2190 πληροῦντες
1054 2123 1121 2176 δι’
1152 2125 1379 2178 ἑαυτῶν.
1399 2128 1848 2199 Ἐπιτεθειμένων

1953 2130 2025 2182 illi
2057 2131 2254 2186 dicitur
2283 2149 2295 2184 :
2327 2153 2345 2186 ι
2381 2135 2520 2190 Ecce
2554 2137 2654 2203 vir,
2683 2137 2877 2195 Oriens
2904 2156 3096 2197 nomen
3131 2145 3229 2210 illi,
3257 2156 3311 2199 et
3339 2147 3527 2201 subter

274 2210 329 2262 δὲ
359 2210 468 2264 τῶν
504 2211 785 2281 στεφάνων
839 2214 931 2266 ἐπὶ
981 2213 1078 2284 τὴν
1124 2216 1365 2288 κεφαλὴν
1398 2219 1598 2289 Ἰησοῦ,
1631 2221 1846 2290 λέγεται

1950 2233 2071 2273 eum
2103 2224 2396 2278 exorietur.
2430 2245 2448 2277 ι
2479 2224 2624 2281 Vidit
2655 2227 2841 2285 Jcsum
2864 2245 3175 2289 coronatum
3204 2247 3259 2290 ut
3281 2241 3527 2293 sacerdo-

277 2304 411 2374 πρὸς
454 2304 617 2358 αὑτὸν
660 2306 788 2377 περὶ
821 2307 914 2360 τοῦ
949 2309 1271 2379 Ζοροϐάϐελ”
1309 2331 1327 2363 ι
1351 2312 1480 2367 Ἰδοὺ
1517 2315 1850 2387 ἀνὴρ,Ἀνα-

1954 2317 2080 2373 tem,
2113 2318 2168 2363 et
2202 2329 2388 2368 rursus
2418 2316 2666 2371 eumdem
2713 2320 3127 2386 prmeellentetn,
3179 2335 3233 2379 et
3273 2327 3326 2380 in
3353 2328 3525 2395 gloria

259 2383 398 2466 ’τολὴ
430 2396 600 2465 ὄνομα
629 2395 799 2466 αὐτῷ,
831 2398 924 2450 καὶ
954 2399 1302 2454 ὑποκάτωθεν
1335 2402 1500 2455 αὐτοῦ
1526 2405 1790 2461 ἀνατελετ.
1823 2426 1842 2459 ι

1951 2402 2112 2470 regali
2140 2404 2304 2468 videt,
2337 2416 2394 2459 ut
2425 2407 2477 2460 in
2507 2383 2824 2465 Zorobaibcl.
2859 2413 3018 2483 707
3077 2383 3321 2486 Intellige
3354 2383 3526 2489 igitur

276 2487 538 2540 Τεθέαται
581 2487 672 2540 τὸν
698 2488 908 2560 Ἰησοῦν
943 2492 1374 2564 στεφανούμενον
1425 2494 1501 2558 ὡς
1550 2498 1718 2568 ἱερέα,
1753 2500 1848 2557 καὶ

1951 2493 2123 2561 ipsum
2154 2511 2278 2550 esse
2300 2497 2603 2564 Orientem,
2678 2502 2780 2556 hoc
2811 2515 2914 2568 est,
2938 2522 3182 2573 germen,
3219 2510 3285 2564 dc
3305 2527 3415 2581 quo
3443 2517 3523 2568 di-

274 2579 580 2650 προῦχοντα
595 2581 648 2633 δὲ
663 2583 766 2652 ὁρᾷ
782 2581 942 2636 πάλιν
966 2584 1126 2637 αὑτὸν
1148 2585 1224 2647 ὡς
1252 2585 1308 2638 ἔν
1336 2603 1398 2654 γε
1423 2587 1500 2658 τῷ
1521 2589 1844 2659 Ζοροϐάϐελ,

1950 2584 2107 2641 vinus
2135 2584 2300 2641 Isaias
2333 2606 2346 2643 :
2385 2609 2402 2640 ‹
2430 2589 2719 2647 Exorietur
2741 2595 2889 2662 virga
2923 2597 2990 2651 de
3015 2599 3196 2654 radice
3237 2579 3410 2669 Jesse,
3468 2617 3524 2661 et

273 2672 366 2724 καὶ
393 2673 452 2724 ὲν
474 2670 602 2743 δόξῃ
614 2675 678 2742 τῇ
707 2672 977 2745 βασιλικῇ.
1013 2675 1178 2738 Σύνες
1207 2675 1293 2747 δὴ,
1324 2678 1406 2730 ὅτι
1430 2678 1596 2742 αὑτός
1629 2682 1779 2733 ἐστιν
1811 2685 1844 2752 ή

1949 2674 2047 2731 llos
2071 2677 2137 2732 de
2163 2680 2342 2734 radice
2371 2681 2485 2751 ejus
2515 2685 2771 2738 ascendet
2805 2685 2873 2738 ⁸⁸.
2934 2705 2953 2738 ι
3009 2687 3520 2759 Regerminavimus

286 2763 570 2834 Ἀνατολὴ,
607 2766 866 2833 τουτέστι,
900 2767 961 2820 τὸ
1006 2767 1312 2838 βλάστημα,
1349 2771 1478 2840 περὶ
1521 2764 1581 2823 οῦ
1627 2790 1790 2843 φησιν
1821 2775 1850 2827 6

1949 2764 2094 2819 enim
2133 2782 2232 2822 nos
2263 2768 2448 2824 subter
2471 2785 2619 2826 eum.
2678 2772 2846 2828 Radix
2895 2775 3095 2845 quippe
3131 2777 3230 2830 fuit
3275 2778 3524 2837 Christus

270 2855 560 2920 θεσπέσιος
605 2857 863 2922 Ἦσαῒαςο
901 2877 918 2911 ι
942 2859 1216 2913 Ἀνατελεῖ
1242 2861 1435 2931 ῥάϐδος
1459 2863 1524 2915 ὲκ
1552 2864 1651 2933 τῆς
1695 2864 1848 2934 ῥίζης

1950 2855 2200 2912 humanae
2223 2869 2446 2924 naturae,
2475 2863 2588 2916 sive
2627 2879 2724 2933 per
2779 2865 2940 2920 ﬁdem
2992 2880 3301 2924 vocatorum
3329 2871 3521 2938 altera,

283 2949 502 3014 Ἰεσσαὶ,
522 2949 616 3002 καὶ
636 2949 795 3013 ἄνθος
819 2951 885 3002 ὲκ
908 2950 1007 3021 τῆς
1032 2951 1186 3022 ῥίζης
1215 2953 1568 3024 ἀναϐήσεται.
1596 2973 1614 3007 ι
1637 2956 1851 3012 Ἀνεθά-
1883 3008 1899 3024 ,

1909 3009 1922 3024 _
1956 2962 2062 3002 non
2088 2951 2380 3003 secundum
2418 2951 2647 3020 primam
2685 2955 3100 3022 humanitatem,
3153 2959 3414 3016 Adamum
3448 2963 3525 3017 vi-

267 3034 436 3104 λομεν
465 3007 520 3090 δὲ
556 3039 721 3108 ήμεῖς
760 3007 1399 3107 ῦποκάτωιαῦτοῦηΡίζά
1438 3007 1883 3114 γάργέγοννενῄό1

1909 3009 1922 3063 ἶ
1957 3038 2170 3105 delicet,
2194 3043 2288 3096 sed
2316 3041 2453 3095 citra
2481 3047 2939 3112 comparationem
2999 3051 3342 3116 praestantior
3377 3071 3390 3106 :
3440 3069 3525 3108 re-

270 3125 507 3193 Χριστὸς
553 3125 656 3194 τῆς
711 3126 1148 3198 άνθρωπότητος,
1180 3131 1299 3201 ἦτοι
1331 3133 1438 3189 τῶν
1485 3135 1573 3189 διὰ
1621 3138 1854 3202 πίστεως

1956 3131 2378 3198 germinavimus
2431 3135 2695 3202 siquidem
2719 3152 2823 3191 non
2859 3138 3089 3207 amplius
3117 3140 3168 3194 in
3212 3143 3519 3211 corruptio-

270 3214 626 3285 κεκλημένων
663 3216 915 3289 δευτέρα,
943 3221 1038 3272 καὶ
1089 3221 1150 3273 οὑ
1205 3222 1347 3275 κατά
1389 3240 1452 3292 γε
1483 3224 1582 3295 τὴν
1609 3225 1850 3298 πρώτην,

1955 3233 2079 3272 nem
2107 3229 2161 3275 et
2209 3231 2438 3276 mortem
2475 3235 2692 3294 propter
2739 3227 3195 3294 maledictionem,
3233 3233 3328 3286 sed
3363 3235 3415 3288 in
3448 3237 3525 3289 vi-

269 3308 415 3376 φημὶ
460 3307 524 3378 δὴ
552 3309 644 3362 τὸν
671 3309 863 3380 Ἀδάμ,
893 3311 1009 3364 ἀλλ’
1044 3313 1102 3365 έν
1140 3313 1419 3384 ἀμείνοσιν
1467 3317 1814 3388 ἁσυγκρίτως
1834 3335 1850 3350 ⁸

1957 3319 2066 3364 tam
2098 3321 2154 3366 et
2184 3313 2678 3384 incorruptionem,
2718 3318 2951 3373 radicem
3021 3321 3282 3378 habentes
3327 3326 3515 3392 vitam,

267 3398 602 3469 ἁνεθάλομεν
651 3401 760 3472 γὰρ
805 3404 884 3466 είς
918 3403 1126 3475 φθορὰν
1165 3405 1348 3458 οὐκέτι
1395 3408 1490 3462 καὶ
1517 3411 1597 3472 είς
1626 3409 1853 3464 θάνατον

1955 3401 2057 3457 hoc
2085 3414 2188 3471 est,
2218 3404 2513 3460 Christum.
2552 3406 2620 3461 Et
2646 3410 2784 3462 sicut
2834 3410 2946 3480 ipse
2969 3421 3052 3464 est
3079 3412 3224 3474 vitis.
3269 3430 3366 3469 nos
3425 3432 3522 3470 au-

264 3489 355 3542 διά
376 3489 478 3560 τὴν
507 3491 669 3560 ἀράν,
707 3492 823 3545 ἀλλ’
853 3495 930 3557 είς
955 3494 1100 3565 ζωήν
1126 3513 1186 3548 τε
1213 3497 1304 3549 καὶ
1337 3497 1664 3570 ἀφθαρσίαν,
1699 3503 1853 3572 ῥίζαν

1956 3503 2062 3549 tem
2099 3496 2434 3565 palmites“,
2492 3501 2678 3571 agnati
2742 3499 2819 3557 illi
2871 3508 3413 3572 percommuniouem
3469 3512 3521 3565 in

262 3580 484 3650 ἔχοντες
535 3581 636 3653 τὴν
685 3582 848 3654 ζωὴν,
899 3584 1166 3649 τουτέστι,
1214 3587 1465 3656 Χριστόν.
1514 3589 1622 3642 Καὶ
1668 3588 1853 3662 ὥσπερ

1956 3585 2198 3655 Spiritu:
2234 3589 2306 3641 ita
2333 3588 2578 3662 ctvirga,
2605 3602 2660 3646 et
2679 3607 2902 3662 germen
2933 3595 3068 3663 ipse,
3094 3597 3208 3650 sive
3235 3599 3523 3665 productio

261 3671 418 3724 ἐστὶν
451 3672 618 3737 αὐτὸς
663 3671 766 3744 μὲν
812 3675 844 3743 ἡ
891 3673 1154 3745 ἄμπελος,
1189 3679 1350 3747 ἡμεῖς
1388 3677 1443 3730 δὲ
1479 3678 1548 3732 τά
1579 3679 1850 3750 κλήματα,

1952 3685 2009 3730 et
2035 3677 2240 3742 oriens,
2265 3693 2362 3734 nos
2386 3691 2566 3736 autem
2589 3697 2752 3753 super
2803 3684 2920 3754 ipso
2965 3687 3414 3756 gerntinavimus,
3469 3703 3525 3748 et

265 3763 723 3833 προσπεφυκότες
745 3764 893 3836 αὐτῷ
919 3766 1004 3821 διὰ
1030 3766 1130 3837 τῆς
1159 3769 1216 3821 ὲν
1242 3769 1518 3840 Πνεῦματι
1544 3773 1848 3836 κοινωνίας

1955 3767 2296 3826 relloruimus
2347 3772 2401 3826 in
2453 3773 2912 3843 incorruptionem
2956 3787 3011 3832 et
3040 3779 3242 3847 vitam,
3283 3791 3342 3836 ut
3390 3783 3523 3842 dixi.

258 3854 412 3908 οὕτω
463 3855 558 3908 καὶ
598 3856 794 3926 ῥάϐδος
837 3859 930 3910 καὶ
984 3858 1268 3931 βλάστημα
1323 3862 1420 3932 μὲν
1469 3862 1652 3929 αὐτὸς,
1689 3865 1854 3934 ήγουν

1953 3859 2074 3928 Ipse
2093 3859 2614 3920 acdilicavitdomum
2666 3864 2898 3921 Domini.
2965 3867 3060 3926 Est
3109 3886 3270 3940 porro
3295 3883 3347 3927 et
3375 3877 3521 3929 omni

259 3947 400 4017 φυὴ,
421 3947 519 4000 καὶ
539 3948 793 4021 ἀνατολὴ,
822 3951 980 4020 ἡμεῖς
1009 3950 1064 4005 δὲ
1088 3953 1174 4005 ἐπ’
1201 3953 1350 4024 αὐτῷ
1382 3954 1850 4027 βεϐλαστήκαμεν,

1952 3953 2154 4012 virtute
2179 3959 2388 4027 plenus,
2418 3960 2519 4016 hoc
2551 3969 2654 4026 est,
2706 3961 2876 4032 gloria
2930 3963 3037 4019 Deo
3067 3967 3298 4021 maxime
3324 3982 3523 4024 conve-

259 4038 357 4089 καὶ
396 4037 736 4109 ἁνεθάλομεν
782 4043 862 4104 είς
889 4043 1221 4114 ἀφθαρσίαν,
1251 4045 1326 4107 ὡς
1364 4046 1520 4115 ἔφην,
1555 4049 1649 4102 καὶ
1682 4047 1849 4120 ζωήν.

1955 4043 2157 4100 niente.
2200 4065 2220 4099 ι
2259 4046 2646 4118 Operuitenim
2708 4051 2875 4106 caelos
2919 4053 3089 4108 virtus
3119 4055 3254 4124 ejus,
3279 4058 3522 4113 etlauitis

255 4128 442 4191 Αὐτὸς
492 4128 810 4202 ᾠκοδόμησε
866 4133 958 4187 τὸν
1003 4131 1151 4188 οἷκον
1190 4137 1416 4208 Κυρίου.
1453 4140 1610 4192 Ἐστι
1655 4141 1711 4193 δὲ
1758 4142 1852 4195 καὶ

1953 4135 2070 4204 ejus
2093 4137 2245 4207 plena
2276 4150 2361 4194 est
2386 4151 2552 4208 terra,
2578 4161 2596 4193 ι
2617 4152 2674 4196 ιιι
2699 4142 2860 4198 habet
2890 4147 3150 4215 propheta
3180 4146 3518 4204 Habacuc“.

255 4219 488 4290 ἁπάσης
540 4219 793 4290 ἔμπλεως
843 4224 1065 4296 ἀρετῆς,
1111 4227 1409 4292 τουτέστιν,
1462 4230 1709 4294 εὐκλείας
1753 4233 1853 4302 τῆς

1955 4225 2155 4280 Scribit
2195 4229 2318 4280 item
2354 4229 2549 4283 alicubi
2587 4231 2805 4299 sapiens
2866 4231 3144 4288 Joannes:
3211 4253 3230 4286 ι
3283 4233 3521 4291 Vidimus

253 4311 385 4380 θεῷ
435 4313 919 4384 πρεπωδεστάτης.
961 4332 980 4366 ι
1025 4317 1293 4387 Ἐκάλυψε
1329 4319 1438 4388 γὰρ
1467 4321 1726 4390 οὐρανοὺς
1759 4325 1850 4377 καὶ

1907 4339 1926 4391 )
1955 4316 2184 4386 gloriam
2232 4317 2366 4385 ejus,
2391 4320 2615 4388 gloriam
2648 4323 2800 4389 quasi
2844 4323 3118 4391 Uuigeniti
3143 4339 3172 4378 a
3196 4324 3375 4392 Patre,
3409 4328 3523 4396 ple-

255 4401 437 4471 ἀρετὴ
468 4401 654 4468 αὑτοῦ,
691 4404 907 4475 καὶτῆς
937 4407 1196 4471 αἰνέσεως
1226 4409 1393 4462 αὑτοῦ
1420 4410 1688 4481 πλήρηςή
1719 4412 1844 4482 γῆ,›

1954 4425 2079 4463 num
2107 4410 2291 4478 gratiae
2333 4420 2386 4463 et
2429 4412 2668 4466 veritatis
2717 4414 2784 4465 ⁸⁷.
2849 4433 2868 4466 ι
2916 4414 3060 4469 Sedit
3113 4433 3273 4486 super
3309 4418 3521 4481 throno,

257 4491 414 4544 καθά
443 4510 607 4563 φησιν
637 4496 665 4546 6
691 4497 977 4567 προφήτης
1005 4497 1340 4570 Ἀϐϐακούμ.
1382 4501 1630 4572 Γέγραφε
1657 4503 1715 4556 δέ
1747 4521 1851 4557 που

1955 4501 2198 4569 regnavit
2233 4501 2470 4564 utDeus,
2506 4510 2561 4554 et
2595 4503 2795 4557 assidet
2828 4503 2936 4559 Deo
2967 4506 3129 4567 Patri,
3149 4517 3203 4560 et
3234 4508 3390 4560 simul
3421 4509 3521 4562 im-
3564 4539 3567 4542 ι

255 4583 358 4634 καὶ
414 4585 442 4635 6
491 4586 652 4652 σοφὸς
682 4586 960 4658 Ἰωάννης,
993 4589 1076 4642 ὅτι
1133 4609 1152 4641 ι
1181 4591 1498 4662 Τεθεάμεθα
1550 4593 1648 4665 τὴν
1696 4594 1853 4660 δόξαν

1956 4599 2106 4659 perat
2132 4589 2404 4644 omnibus.
2441 4589 2738 4664 quobabel
2760 4600 2937 4645 autem
2990 4601 3043 4645 et
3073 4591 3257 4646 Jesum
3288 4593 3522 4660 interse

253 4672 458 4736 αὐτοῦ,
511 4673 666 4740 δόξαν
699 4676 776 4740 ὡς
810 4678 1148 4748 Μονογενοῦς
1178 4681 1329 4752 παρὰ
1364 4683 1597 4754 Πατρδς,
1639 4685 1852 4758 πλήρης

1957 4690 2012 4735 ut
2066 4680 2132 4734 ad
2175 4680 2434 4736 unitatem
2490 4681 2802 4751 conjunctos
2872 4683 3154 4752 aptissime
3220 4686 3523 4755 signiﬁcare

249 4765 492 4834 χάριτος
521 4768 611 4818 καὶ
644 4767 926 4838 ἀληθείας.
957 4789 976 4820 ι
1033 4771 1336 4826 Κεκάθικεν
1368 4774 1462 4826 ἐπὶ
1504 4774 1718 4844 θρόνου,
1759 4777 1849 4848 βε-

1935 4759 2227 4827 'Christum
2255 4787 2435 4842 posse,
2489 4775 2725 4830 ostendit
2780 4777 2920 4846 quod
2979 4776 3128 4831 addit
3159 4785 3417 4848 tanquam
3452 4779 3520 4834 de

249 4855 589 4909 ϐασίλευκεν
617 4857 694 4920 ὡς
719 4859 870 4924 Θεὸς,
900 4862 994 4914 καὶ
1019 4861 1135 4915 ἔστι
1162 4862 1414 4935 σύνεδρος
1456 4863 1534 4935 τῷ
1581 4865 1696 4937 ίδίῳ
1735 4868 1848 4921 Πα-

1997 4866 2290 4923 orobabel:
2327 4887 2344 4920 I
2391 4867 2456 4921 Et
2483 4869 2583 4923 erit
2617 4869 2873 4925 sacerdos
2898 4883 2928 4923 a
2959 4871 3164 4926 dextris
3193 4870 3330 4940 ejus,
3370 4890 3390 4924 ι
3421 4873 3524 4929 hoc
3609 4922 3611 4926 .

243 4950 371 5018 τρὶ,
407 4951 508 5002 καὶ
536 4951 905 5023 συγκατάρχει
930 4953 1038 5006 τῶν
1063 4954 1350 5009 ὃλων.”οτι
1378 4956 1432 5008 δὲ
1459 4957 1768 5032 Ζοροϐάϐελ,
1785 4977 1848 5013 τε

1954 4967 2058 5022 est,
2107 4959 2158 5012 in
2193 4960 2396 5015 honore
2416 4969 2469 5014 et
2494 4960 2686 5029 gloria.
2738 4982 2756 5014 ‹
2798 4963 2865 5019 Ει
2911 4965 3195 5020 consilium
3242 4967 3520 5036 paciﬁcum

250 5041 352 5092 καὶ
394 5041 608 5106 Ἰησοῦς
637 5042 889 5114 ἀλλήλοις
913 5043 1103 5116 ὥσπερ
1147 5048 1228 5111 είς
1260 5048 1489 5120 ἑνότητα
1515 5050 1850 5121 συνημμέναι

1956 5049 2220 5102 eritinter
2269 5058 2576 5118 utrumque.
2609 5069 2629 5103 ι
2663 5051 2760 5107 Est
2795 5053 2938 5108 enim
2969 5055 3178 5122 ipse,ut
3209 5055 3322 5124 jam
3343 5056 3519 5119 docui,

246 5136 720 5204 κατασημήνειαν
749 5131 806 5189 εὖ
840 5137 983 5206 μάλα
1023 5138 1276 5208 Χριστὸν,
1307 5139 1475 5205 ἔδειξε
1515 5143 1850 5212 προστιθεὶς,

1961 5157 2053 5195 rex
2087 5140 2244 5196 simul
2275 5150 2331 5195 et
2357 5157 2601 5198 summus
2635 5146 2908 5211 sacerdos,
2935 5155 2992 5200 ut
3017 5162 3113 5214 per
3139 5147 3272 5202 duos
3290 5160 3387 5214 pro
3416 5161 3523 5202 uno

240 5225 326 5288 ὡς
379 5227 512 5296 περί
540 5244 606 5295 γε
633 5228 727 5282 τοῦ
759 5229 1090 5298 Ζοροϐάϐελ·
1127 5251 1166 5301 ι(
1195 5233 1303 5286 Καὶ
1337 5233 1486 5287 ἔσται
1518 5236 1546 5287 6
1576 5236 1753 5306 ἱερεὺς
1786 5239 1852 5290 ὲκ

1959 5231 2306 5288 Emmanuele
2334 5243 2671 5289 numeratus.
2718 5235 3097 5292 Verumtamen
3125 5249 3244 5292 non
3317 5234 3526 5290 carebit

237 5314 453 5378 δεξιῶν
484 5316 673 5383 αὑτοῦ,
708 5337 728 5370 ι
763 5311 1059 5387 τουτέστιν,
1077 5323 1135 5376 ὲν
1163 5325 1296 5394 τιμῇ
1323 5341 1382 5378 τε
1408 5324 1503 5378 καὶ¹
1531 5325 1674 5397 δόξῃ.
1701 5345 1720 5378 t
1741 5327 1852 5382 Καὶ

1958 5326 2206 5380 mercede
2236 5325 2388 5381 labor
2417 5326 2693 5381 Christum
2729 5329 3138 5384 coronantium:
3189 5325 3283 5381 sed
3312 5323 3517 5396 fructus

243 5406 429 5478 βουλὴ
457 5409 712 5480 εἰρηνικὴ
740 5409 894 5466 ἔσται
934 5412 1037 5467 ἀνὰ
1070 5414 1232 5483 μέσον
1264 5416 1611 5488 ἀμφοτέρων.
1643 5436 1662 5469 ι
1695 5419 1850 5472 Ἔστι

1958 5416 2080 5471 inde
2115 5428 2402 5487 perceptus
2427 5419 2630 5474 creabit
2660 5420 2740 5474 eis
2759 5419 3071 5474 memoriam
3104 5417 3516 5487 sempiternam.

319 5584 377 5616 “
416 5582 520 5642 Isa.
567 5601 640 5650 ιι.
686 5587 738 5644 I.
811 5590 860 5622 "
891 5589 1046 5645 Ioan.
1089 5609 1176 5656 xv,
1209 5595 1261 5649 5.
1337 5597 1381 5626 ⁸⁸
1416 5596 1615 5652 11.ι1›τιο.
1665 5613 1743 5663 tn,
1788 5599 1838 5651 5.

811 5590 860 5622 ⁸³
891 5589 1046 5645 Ioan.
1089 5609 1176 5656 xv,
1209 5595 1261 5649 5.
1337 5597 1381 5626 ⁸⁸
1416 5596 1615 5652 11.ι1›τιο.
1665 5613 1743 5663 tn,
1788 5599 1838 5651 5.
1951 5599 1991 5629 θ’
2032 5597 2184 5651 Ioan.
2230 5615 2263 5665 t,
2316 5601 2397 5652 Il.
