4092 6202
546 217 613 272 99
1569 194 1629 249 S.
1665 189 1941 247 CYRiLLi
1983 186 2448 243 ALEXANDRINI
2490 186 2808 243 ARCHIEP.

3694 190 3798 247 100

550 331 689 385 Vera
723 338 886 397 porro
942 336 1003 377 se
1050 319 1232 374 dicere
1279 312 1585 377 conﬁrmat,
1645 325 1767 365 cum
1812 306 2055 377 adjungit
2098 324 2111 360 :

2234 306 2327 377 γὰρ
2364 305 2639 370 αὑτὸς,ὼς
2672 306 2773 378 ήδη
2819 304 3103 376 προεῖπον,
3152 300 3405 373 βασιλεύς
3425 320 3484 357 τε
3532 304 3645 376 ἅμα
3701 308 3796 359 καὶ

556 439 575 473 ι
609 418 821 475 Corona
856 423 1034 468 autem
1057 411 1161 465 erit
1184 404 1644 477 exspectantibus,
1663 411 1717 456 et
1739 401 1961 454 utilibus
1980 398 2118 467 ejus,

550 521 607 566 et
635 509 726 578 qui
751 509 1114 576 cognoverunt
1145 515 1287 564 eam,
1322 508 1376 552 et
1408 497 1460 551 in
1498 496 1723 563 gratiam
1760 492 1882 545 ﬁliis
1910 490 2122 558 Sopho-

554 600 675 660 πίω,
702 605 756 649 et
782 595 833 647 in
892 590 1155 662 psalmum
1204 588 1255 641 in
1315 588 1473 639 domo
1502 583 1735 638 Domini.
1773 599 1791 633 ι
1827 580 1940 633 Erit
1977 580 2120 632 enim

554 690 607 744 in
634 685 863 756 gratiam
919 683 985 734 iis
1028 680 1119 749 qui
1156 676 1592 733 consecraverint
1616 674 1814 736 oblata,
1868 679 1923 724 et
1962 676 2123 722 erunt

551 781 644 835 illa
674 777 890 833 occasio
912 774 1127 826 laudum
1151 771 1477 823 divinarum.
1497 765 1802 832 Principum
1836 761 1978 818 enim
2012 760 2123 830 pie-

557 879 640 923 tas
669 865 879 921 caeteris
911 865 993 915 via
1031 862 1311 916 charitatis
1361 874 1488 928 erga
1517 858 1680 911 Deum
1744 853 1988 907 eﬂicitur.
2020 850 2124 905 Co-

552 969 747 1016 ronato
780 967 958 1009 autem
991 970 1019 1006 a
1049 953 1201 1007 nobis
1228 952 1469 1013 Christo,
1507 959 1632 1002 tunc
1670 949 1833 1000 etiam
1886 945 2123 1013 gentium

554 1050 843 1104 multitudo
873 1048 938 1098 ad
973 1044 1303 1113 agnitionem
1325 1043 1442 1109 ejus
1470 1039 1798 1109 properabit,
1818 1047 1871 1089 et
1892 1036 1983 1105 qui
2004 1050 2125 1103 pro-

554 1139 640 1190 cul
663 1147 789 1190 sunt
817 1145 1036 1202 prepter
1058 1147 1320 1192 errorem,
1352 1144 1445 1198 per
1471 1128 1628 1182 [idem
1664 1127 2049 1183 vocabnntnm
2071 1131 2126 1177 et

554 1228 897 1283 asdilicabnnt
939 1225 989 1276 in
1036 1225 1195 1277 domo
1254 1220 1487 1275 Domini.
1524 1237 1544 1268 ι
1581 1218 1835 1283 Quaenam
1882 1214 2128 1267 .tedilica-

553 1318 729 1374 bunt?
757 1318 976 1384 Seipsos
1004 1315 1273 1375 videlicet,
1297 1318 1616 1379 cooptantcs
1649 1308 1877 1368 sanctis,
1900 1315 1950 1359 et
1986 1319 2128 1359 com-

554 1420 817 1482 ponentes
842 1408 1006 1479 708
1041 1407 1095 1461 itt
1133 1407 1233 1459 (ide
1258 1406 1323 1458 ad
1357 1405 1617 1457 unitatem
1654 1415 1775 1454 cuni
1800 1399 1865 1451 iis
1883 1400 1972 1466 qui
2001 1405 2128 1451 sunt

554 1516 623 1556 ex
643 1499 829 1563 israel,
863 1502 1079 1553 Christo
1109 1508 1319 1549 summo
1353 1492 1595 1560 angnlari
1629 1489 1804 1558 lapide
1819 1487 1886 1550 ⁸⁸,
1920 1495 1975 1539 et
1999 1503 2129 1540 cou-

557 1599 807 1645 nectettte
840 1589 891 1641 itt
925 1585 1269 1641 conrordiant
1289 1599 1381 1651 per
1398 1597 1478 1648 se,
1511 1595 1630 1648 qua:
1674 1580 1803 1630 olim
1860 1574 2127 1642 disiuncta

2220 395 2537 468 ἀρχιερεὺς,
2559 398 2637 460 ὡς
2667 398 2754 451 διά
2776 398 2919 450 δυοῖν
2944 397 3024 458 είς
3050 395 3145 449 ’ἐνα
3175 394 3523 465 γραφόμενος
3546 395 3636 449 τον
3671 398 3797 467 Ἐμ-

2226 491 2486 560 μανουήλ,
2519 490 2668 560 Πλὴν
2695 491 2795 542 οὐκ
2823 488 3053 559 ἄμισθος
3081 488 3109 539 ὁ
3138 487 3298 550 πόνος
3336 490 3449 551 τοῖς
3476 490 3797 556 στεφανοῦσι

2222 580 2474 653 Χριστὸν,
2507 581 2622 635 ἀλλ’
2653 582 2733 644 είς
2762 581 3115 650 ἀτελεύτητον
3149 579 3329 641 αὐτοῖς
3351 579 3638 649 δραμεῖται
3667 582 3800 650 μνή-

2227 687 2333 740 μην
2365 672 2398 739 ή
2434 670 2931 741 καρποφορία.”οτι
2957 669 3014 721 δὲ
3036 665 3273 739 ἀτρεκὴς
3312 668 3341 718 6
3369 668 3545 738 λόγος,
3578 667 3803 738 ὲμπεδοῖ

2223 762 2561 833 προστιθείς⁸
2612 780 2630 812 ι
2654 761 2710 814 ’0
2738 759 2794 813 δὲ
2824 762 3087 829 στέφανος
3126 760 3278 817 ἔσται
3309 766 3419 826 τοῖς
3446 758 3795 831 ὑπομένουσι,

2223 859 2317 909 καὶ
2346 856 2457 917 τοῖς
2486 853 2775 924 χρησίμοις
2807 852 2996 923 αὐτῆς,
3028 854 3123 906 καὶ
3160 858 3274 918 τοῖς
3302 854 3670 923 ὲπεγνωκόσιν
3703 852 3797 904 αὑ·

2222 943 2346 1013 τὴν,
2377 942 2471 995 καὶ
2495 944 2574 1003 είς
2597 942 2794 1012 χάριτα
2823 944 2935 1005 τοῖς
2968 944 3105 1006 υίοῖς
3130 944 3405 1012 Σοφονίου,
3436 944 3529 997 καὶ
3561 947 3642 1006 εἰς
3667 941 3803 1011 ψαλ-

2229 1034 2326 1105 μὸν
2381 1035 2439 1085 ὲν
2489 1034 2621 1104 οἴκῳ
2668 1035 2894 1105 Κυρίου.
2926 1053 2944 1085 ι
2978 1035 3169 1089 Ἔσται
3213 1037 3321 1107 γάρ
3360 1037 3441 1099 εἰς
3488 1036 3647 1105 χάριν
3692 1036 3804 1096 τοῖς

2224 1124 2595 1179 ἀνατεθεικόσι
2624 1125 2690 1178 τὰ
2725 1129 3259 1197 προσκεκομισμένα,
3288 1129 3609 1195 γενήσονται
3632 1125 3688 1178 δὲ
3712 1126 3807 1177 καὶ

2224 1215 2532 1283 δοξολογίας
2578 1216 2953 1288 πρόφασις.Ἦ
3000 1218 3109 1289 γὰρ
3155 1219 3263 1272 τῶν
3300 1219 3615 1290 ἡγουμένων
3652 1217 3807 1270 εὐσέ-

2226 1308 2375 1369 ϐεια,
2403 1309 2503 1379 τῆς
2529 1310 2609 1371 εἰς
2634 1309 2767 1361 Θεὸν
2789 1311 3009 1381 ἀγάπης
3040 1312 3154 1374 ὁδὸς
3188 1315 3299 1375 τοῖς
3332 1313 3542 1382 ἑτέροις
3572 1311 3803 1378 γίνεται.

2228 1398 2673 1469 Στεφανουμένου
2702 1400 2757 1453 δὲ
2792 1404 2930 1471 πρὸς
2960 1402 3117 1472 ἡμῶν
3151 1404 3244 1456 τοῦ
3275 1404 3537 1475 Χριστοῦ,
3568 1404 3687 1456 τότε
3714 1403 3807 1454 καὶ¹

2227 1491 2262 1559 ἡ
2294 1489 2402 1544 τῶν
2430 1491 2598 1543 ἐθνῶν
2626 1492 2792 1563 ἀγέλη
2822 1493 3110 1564 δραμεῖται
3144 1496 3279 1565 πρὸς
3304 1496 3596 1560 ἐπίγνωσιν
3617 1492 3806 1557 αὑτοῦ,

2228 1581 2323 1633 καὶ
2353 1584 2401 1633 οί
2440 1584 2659 1653 μακράν
2691 1584 2842 1647 ὅντες
2870 1586 2960 1638 διά
2992 1586 3090 1657 τὴν
3133 1587 3423 1656 πλάνησιν,
3452 1585 3809 1654 κεκλήσονται

559 1682 797 1736 fuerant.
837 1697 856 1729 ι
883 1678 1134 1733 Condidit
1164 1677 1307 1730 enim
1339 1676 1473 1727 duos
1526 1669 1749 1739 populos
1771 1670 1824 1720 in
1855 1683 2018 1721 unum
2039 1680 2129 1719 no-

2234 1670 2316 1722 διὰ
2359 1671 2616 1736 πίστεως,
2667 1694 2684 1725 ι
2719 1675 2824 1727 Καὶ
2845 1676 3288 1749 οἰκοδομήσουσιν
3337 1679 3396 1729 ὲν
3437 1675 3512 1745 τῷ
3553 1677 3685 1744 οἴκῳ
3713 1673 3808 1726 τοῦ

554 1787 681 1826 vum
708 1773 998 1831 hominem,
1052 1766 1260 1819 faciens
1315 1778 1524 1831 pacein,
1570 1770 1627 1813 et
1671 1756 2028 1812 reconcilians
2070 1753 2124 1807 in

2234 1763 2385 1817 Θεοῦ.
2442 1782 2459 1815 ι
2498 1766 2634 1819 Τίνα
2685 1767 2742 1819 δὲ
2782 1768 3256 1840 οίκοδομήσουσιν;
3303 1770 3528 1830 ἑαυτοὺς
3569 1767 3811 1838 δηλονότι

556 1880 789 1934 corpore
829 1878 928 1916 suo
963 1860 1111 1914 Patri
1148 1860 1327 1913 omnia
1355 1858 1423 1912 ⁸⁸.
1468 1876 1488 1909 ι
1522 1855 1650 1920 Quae
1678 1866 1799 1905 cum
1848 1851 2128 1905 evenerint

2236 1856 2764 1925 συναρμολογοῦντες
2797 1864 2908 1924 τοῖς
2936 1863 3131 1929 ἁγίοις,
3157 1866 3250 1916 καὶ
3277 1860 3612 1922 συντιθέντες
3636 1860 3694 1911 ὲν
3722 1858 3813 1910 πί-

552 1954 688 2026 jatn,
716 1954 916 2007 sanctis
946 1950 1219 2019 prOphetis
1244 1947 1557 2010 snﬂ'ragintn
1582 1941 1823 1998 veritatis
1860 1940 2127 2004 dabimus,

2237 1961 2351 1997 στει
2376 1947 2510 2016 πρὸς
2536 1948 2727 2002 ἓνωσιν
2752 1954 2864 2013 τοῖς
2894 1950 2953 2017 ἐξ
2974 1954 3216 2025 Ἰσραὴλ,
3242 1955 3393 2017 ὄντος
3416 1950 3811 2023 ἀκρογωνιαίου

559 2045 848 2100 manifeste
901 2054 1316 2110 cognoscentes,
1373 2040 1538 2093 Deum
1593 2035 1829 2091 locutum
1886 2045 2006 2087 esse
2072 2030 2127 2083 in

2234 2038 2492 2107 Χριστοῦ,
2530 2042 2627 2094 καὶ
2660 2044 2993 2116 συνείροντος
3046 2048 3125 2109 εἰς
3181 2046 3482 2116 όμοψυχίαν
3526 2044 3591 2096 δι’
3617 2042 3811 2096 ἑαυτοῦ

558 2139 713 2208 ipsis,
761 2145 816 2192 et
871 2136 1184 2206 mysterium
1227 2130 1428 2185 Christi
1456 2127 1607 2183 nobis
1647 2125 2054 2195 praenuntiasse.

2234 2128 2303 2181 τὰ
2339 2130 2505 2184 πάλαι
2533 2133 2858 2206 διῃρημένα.
2892 2137 3147 2191 «Ἔκτισε
3193 2142 3301 2209 γάρ
3344 2141 3471 2201 τοὺς
3514 2138 3607 2190 δύο
3653 2135 3814 2197 λαοὺς

2235 2216 2316 2277 εἰς
2341 2216 2439 2270 ἕνα
2454 2220 2637 2275 καινὸν
2654 2224 2959 2291 ἄνθρωπον,
2986 2227 3155 2278 ποιῶν
3183 2229 3429 2298 εἰρήνην,
3459 2227 3552 2280 καὶ
3582 2227 3817 2278 ἀποκατ-

562 2314 847 2370 αλλάσσων
876 2314 935 2365 ὲν
963 2313 1041 2382 τῷ
1077 2312 1288 2382 σώματι
1318 2306 1481 2362 αὐτοῦ
1530 2306 1598 2360 τὰ
1639 2304 1820 2360 πάντα
1885 2301 2021 2374 πρὸς
2057 2302 2149 2355 τὸν
2188 2305 2429 2378 Πατέρα.
2460 2304 2587 2364 »Ὧν
2609 2314 2689 2375 είς
2745 2316 2917 2384 πέρας
2941 2316 3342 2386 ἐκϐεϐηκάτων,
3365 2315 3815 2387 ἐπιψηφιούμεθα

560 2407 674 2467 τοῖς
702 2404 873 2471 ἁγίοις
900 2402 1205 2472 προφήταις
1230 2399 1289 2451 τὸ
1320 2396 1569 2469 ἀτρεκὲς,
1597 2394 1897 2465 ἐγνωκότες
1958 2391 2168 2461 σαφῶς,
2206 2395 2283 2459 ὡς
2329 2393 2397 2467 ἦν
2443 2398 2574 2464 Θεὸς
2616 2403 2675 2456 ὲν
2722 2405 2905 2469 αὐτοῖς
2948 2408 2977 2460 6
3045 2408 3223 2462 λαλῶν
3266 2409 3361 2462 καὶ
3408 2406 3815 2480 προαναφωνίἱη

564 2502 697 2571 ἡμῖν
727 2500 787 2552 τὸ
823 2496 1058 2569 Χριστοῦ
1090 2498 1404 2567 μυστήριον.

1184 2588 1337 2644 CAP.
1374 2584 1484 2640 VII.

631 2682 795 2738 Vens.
821 2681 933 2734 1-5.
965 2677 1027 2731 Ει
1062 2679 1256 2748 factum
1279 2688 1349 2731 est
1376 2678 1428 2729 in
1465 2685 1650 2745 quarto
1667 2671 1936 2738 anno,sub
1968 2670 2131 2724 Dario

563 2791 701 2842 rege,
725 2774 898 2839 [actus
923 2778 999 2824 est
1029 2785 1197 2822 sermo
1227 2766 1434 2819 Domini
1471 2767 1537 2819 ad
1565 2763 1883 2817 Zachariam
1935 2768 2131 2829 quarta

562 2866 754 2925 mensis
777 2865 922 2928 noni,
950 2865 1036 2932 qui
1053 2860 1397 2915 est-(Iliaden.
1426 2857 1490 2917 Et
1514 2860 1654 2911 misit
1686 2858 1737 2910 in
1768 2854 1947 2909 Bethel
1968 2852 2132 2907 Sara-

566 2972 674 3020 sar,
699 2964 747 3008 et
774 2954 992 3007 Arscber
1016 2969 1108 3007 rex
1129 2962 1176 3004 et
1199 2951 1295 3003 viri
1321 2951 1457 3018 ejus,
1490 2958 1543 3001 ut
1581 2947 1925 3016 propitiarent
1958 2942 2134 2994 Domi-

566 3064 713 3111 num,
749 3046 960 3115 loquens
993 3047 1061 3095 ad
1092 3043 1388 3095 sacerdotes
1412 3043 1500 3108 qui
1522 3042 1575 3090 in
1607 3042 1762 3089 domo
1786 3035 1997 3087 Domini
2027 3048 2134 3084 om-

567 3139 867 3204 nipotentis,
888 3144 934 3186 et
968 3135 1034 3185 ad
1059 3132 1358 3198 praphetas,
1382 3132 1597 3184 dicens:
1633 3125 1880 3195 Ingresso
1927 3134 1999 3176 est
2032 3122 2133 3175 huc

567 3230 622 3282 in
652 3228 833 3297 quinto
869 3241 1040 3279 mense
1093 3224 1465 3290 sanctiﬁcatio,
1498 3219 1655 3290 juxta
1698 3218 1835 3288 quod
1902 3216 2135 3285 fecerunt

558 3320 676 3392 jam
700 3318 934 3387 pluribus
962 3316 1136 3370 annis.

640 3602 882 3659 XXXIV.
906 3602 1034 3658 Post
1063 3600 1427 3656 ostensionem
1494 3596 1760 3652 visionum
1810 3594 1974 3649 verba
2034 3593 2139 3647 alia

565 3713 597 3753 a
636 3696 743 3752 Deo
781 3697 917 3750 facta
937 3706 1082 3757 sunt,
1141 3694 1286 3747 brevi
1340 3700 1580 3759 tempore
1641 3689 1957 3758 interlapso.
2002 3691 2141 3742 Ante

565 3790 804 3841 visiones
839 3789 982 3839 enim
1016 3786 1273 3851 scriptum
1300 3793 1382 3835 est
1412 3798 1427 3834 :
1481 3800 1499 3833 ι
1536 3780 1590 3834 in
1620 3790 1813 3849 quarta
1865 3792 1919 3834 et
1947 3780 2140 3834 vicesi-

568 3894 657 3935 ma
689 3876 955 3930 undecimi
988 3875 1207 3934 mensis,
1235 3874 1324 3939 qui
1353 3882 1436 3926 est
1500 3872 1704 3925 mensis
1752 3870 1941 3935 Sabat,
1999 3884 2140 3923 anno

569 3969 806 4026 secundo
840 3967 1002 4029 Darii,
1046 3966 1245 4019 factum
1279 3974 1359 4019 est
1399 3964 1619 4017 verbum
1655 3962 1866 4016 Domini
1921 3961 1987 4014 ad
2037 3960 2142 4015 Za-

568 4061 810 4117 chariam
834 4059 1000 4112 tilium
1035 4056 1329 4117 Barachize,
1359 4055 1522 4108 (ilium
1550 4054 1701 4108 Addo
1728 4053 2021 4123 prophetae,
2055 4051 2139 4105 di-

568 4166 704 4209 cens
728 4151 798 4205 ὀ.
840 4168 860 4201 i
893 4147 949 4203 In
984 4149 1230 4201 adductis
1256 4157 1434 4201 autem
1468 4145 1812 4199 theorematis
1837 4145 1978 4197 aliud
2004 4155 2141 4197 tem-

570 4253 674 4310 pus
702 4246 820 4307 post
869 4238 997 4290 illud
1046 4236 1388 4304 exprimitur.
1444 4233 1502 4288 in
1554 4244 1747 4302 quarto
1802 4233 1944 4287 enim
1975 4248 2141 4296 anno,

569 4342 766 4401 quarta
791 4328 991 4384 mensis
1017 4328 1165 4392 noni,
1194 4329 1285 4395 qui
1313 4336 1395 4380 est
1417 4325 1670 4389 Cliasleu,
1696 4340 1827 4379 voce
1879 4323 2141 4377 Hebraica

2844 2585 3098 2641 ΚΕΦΔΛ.
3140 2589 3213 2643 Z'.

2309 2672 2419 2727 Καὶ
2454 2674 2698 2744 ἐγένετο
2713 2676 2791 2730 ἐν
2833 2677 2914 2743 τῷ
2960 2678 3212 2747 τετάρτῳ
3260 2679 3400 2743 ἔτει,
3434 2680 3533 2735 ἐπὶ
3571 2686 3816 2753 Δαρείου

2236 2761 2343 2816 τοῦ
2369 2764 2696 2831 βασιλέως,
2726 2767 2964 2836 ἐγένετο
2990 2770 3173 2839 λόγος
3201 2769 3427 2838 Κυρίου
3454 2775 3604 2842 πρὸς
3627 2779 3818 2846 Ζαχα-

2229 2853 2375 2920 ρίαν
2422 2854 2653 2922 τετράδι
2706 2859 2811 2912 τοῦ
2853 2859 3049 2926 μηνὸς
3101 2862 3207 2915 τοῦ
3266 2864 3541 2931 ἐννάτου,
3581 2868 3650 2935 ὅς
3686 2871 3816 2926 ἐστι

2237 2943 2499 2996 Χασλεῦ.
2535 2946 2645 2997 Καὶ
2675 2947 3107 3010 ἐξαπέστειλεν
3137 2954 3225 3017 εἰς
3252 2956 3480 3023 Βαιθὶιλ
3514 2961 3813 3029 Σαρασὰρ,

2239 3034 2337 3087 καὶ
2383 3036 2650 3105 Ἆρσεὸὲρ
2698 3042 2731 3092 ό
2770 3041 3093 3109 βασιλεὺς,
3122 3046 3222 3099 καὶ
3268 3050 3321 3100 οι
3361 3049 3577 3117 ἄνδρες
3628 3053 3816 3107 αὐτοῦ

2234 3126 2631 3190 ἐξιλάσασθαι
2659 3130 2767 3184 τὸν
2802 3134 3038 3201 Κύριον,
3071 3137 3266 3207 λέγων
3294 3141 3443 3207 πρὸς
3473 3142 3615 3208 τοὺς
3645 3145 3819 3213 ἱερεῖς

2238 3217 2379 3283 τοὺς
2404 3218 2473 3271 ἐν
2500 3218 2580 3285 τῷ
2605 3220 2748 3287 οἴκῳ
2779 3225 2999 3290 Κυρίου
3028 3204 3526 3295 παντοκράτορος,
3540 3204 3636 3284 καὶ

2237 3307 2380 3373 τοὺς
2416 3310 2746 3379 προφήτας,
2785 3313 2981 3383 λέγων
3000 3331 3015 3345 ο
3052 3317 3468 3383 Εἱσελήλυθεν
3490 3315 3608 3374 ὧδε
3637 3322 3707 3385 ἐν
3737 3321 3819 3389 τῷ

2237 3398 2383 3465 αηνὶ
2429 3399 2509 3465 τῷ
2545 3402 2792 3470 πέμπτῳ
2835 3405 2901 3458 τὸ
2951 3407 3233 3478 ἀγίασμα,
3279 3412 3483 3465 καθότι
3520 3412 3822 3482 ἐποίησαν

2239 3488 2357 3557 ἤδη
2391 3492 2568 3545 ἱκανὰ
2599 3492 2728 3560 ἐτη.

2309 3581 2428 3634 ΛΔ’.
2471 3584 2622 3637 Μετὰ
2652 3585 2749 3656 τὴν
2773 3587 2881 3639 τῶν
2903 3588 3145 3660 ὁράσεων
3171 3591 3446 3658 ἀπόδειξιν
3469 3594 3645 3667 ἕτεροι
3668 3596 3820 3667 παρά

2240 3672 2374 3726 Θεοῦ
2408 3675 2661 3741 γεγόνασι
2712 3677 2877 3745 λόγοι,
2915 3681 3113 3752 μικροῦ
3150 3683 3353 3752 μεταξὺ
3396 3685 3817 3752 διιππεύσαντος

2238 3764 2455 3834 χρόνου.
2488 3768 2601 3838 Πρὸ
2648 3769 2747 3839 μὲν
2795 3771 2904 3841 γὰρ
2950 3773 3058 3825 τῶν
3088 3775 3331 3843 όράσεων
3363 3778 3698 3847 γέγραπται,
3734 3778 3817 3831 ὅτι

2248 3856 2377 3908 «Ἐν
2409 3861 2474 3929 τῇ
2525 3861 2740 3929 τετράδι
2776 3864 2869 3915 καὶ
2920 3863 3093 3917 εἰκάδι
3141 3865 3233 3918 τοῦ
3288 3866 3577 3920 ἑνδεκάτου
3629 3867 3818 3938 μηνὸς,

2242 3944 2396 4013 οὗτος
2430 3952 2578 4004 ἐστιν
2606 3953 2634 4002 6
2669 3952 2774 4022 μὴν
2809 3956 2837 4006 6
2875 3954 3074 4020 Σαὸἀτ,
3103 3956 3162 4006 ὲν
3192 3956 3272 4026 τῷ
3303 3957 3537 4029 δευτέρῳ
3572 3958 3679 4010 ἔτει
3716 3961 3821 4011 Δα-

2244 4041 2411 4112 ρείου,
2445 4042 2660 4109 ἐγένετο
2697 4042 2854 4112 λόγος
2884 4047 3087 4116 Κυρίου
3127 4048 3265 4118 πρὸς
3297 4050 3572 4119 Ζαχαρίαν
3602 4051 3691 4102 τὸν
3723 4048 3819 4103 τοῦ

2244 4132 2539 4204 Βαραχίου,
2582 4136 2695 4188 υἱὸν
2725 4135 2892 4190 Ἀδδὼ
2921 4138 3015 4190 τοῦ
3043 4141 3342 4210 προφήτου,
3370 4140 3560 4206 λέγων.
3595 4160 3612 4192 i
3648 4142 3733 4194 Ἐν
3760 4140 3820 4193 δέ

2242 4238 2307 4290 γε
2338 4226 2451 4287 τοῖς
2484 4226 2863 4297 προκειμένοις
2892 4230 3022 4299 ἡμῖν
3070 4228 3420 4300 Θεωρήμασιν
3470 4231 3655 4301 ἕτερος
3691 4231 3820 4302 μετ’

2243 4315 2449 4368 ἐκεῖνον
2481 4317 2722 4386 ὁρίζεται
2752 4319 2958 4391 χρόνος.
2978 4321 3065 4373 Ἐν
3096 4321 3203 4391 γὰρ
3234 4320 3310 4391 τῷ
3342 4323 3586 4393 τετάρτῳ
3612 4323 3721 4374 ἕτει
3750 4325 3818 4395 τῇ

573 4422 845 4485 videlicet,
883 4422 1157 4491 prephetae
1171 4420 1417 4488 quaedam
1446 4419 1626 4472 divina
1657 4415 1794 4471 visio
1814 4415 1991 4471 oblata
2033 4423 2132 4472 est.

2242 4408 2465 4477 τετράδι
2492 4409 2585 4462 τοῦ
2626 4412 2792 4481 μηνὸς
2817 4411 2910 4465 τοῦ
2942 4414 3185 4481 ὲννάτου,
3202 4414 3259 4477 ὃς
3281 4414 3397 4466 ἐστι
3417 4412 3653 4477 Χασλεῦ,
3678 4414 3821 4467 κατά

568 4513 925 4569 Occasionem
950 4512 1187 4566 narratio
1218 4509 1460 4563 historiae
1484 4509 1646 4562 etiam
1672 4516 1833 4575 atque
1851 4505 2011 4558 etiam
2041 4504 2135 4557 de-

569 4603 818 4659 clarabit.
852 4602 965 4656 Non
997 4602 1141 4656 enim
1189 4600 1345 4654 aliter
1390 4599 1633 4667 quidam,
1690 4596 1791 4649 nisi
1837 4596 1938 4648 hoc
1979 4595 2136 4648 modo

572 4695 974 4761 propositorum
997 4693 1281 4746 verborum
1316 4674 1640 4743 sententiain
1670 4682 2136 4751 concipientﬂm-

572 4784 700 4835 nino
716 4783 860 4835 enim
892 4783 1110 4851 quinam
1142 4778 1614 4845 fuerintSarasar,
1647 4787 1705 4832 et
1733 4779 1970 4832 Arseber
2016 4792 2134 4839 rex,

564 4882 625 4926 et
653 4872 880 4925 comites
912 4871 1050 4938 ejus,
1085 4877 1211 4922 ante
1239 4868 1343 4921 alia
1372 4866 1659 4921 dicendum
1715 4874 1817 4919 est.
1870 4863 2134 4917 Praeterea

566 4963 698 5031 quid
736 4962 1090 5017 sanctiﬁcatio
1126 4961 1179 5014 in
1211 4961 1400 5029 quinto
1420 4973 1610 5013 mense
1645 4974 1659 5010 :
1713 4958 1840 5012 item
1908 4957 2141 5009 interro-

564 5054 801 5123 gationis
839 5053 1028 5107 modus
1051 5068 1285 5122 quonam
1322 5051 1593 5121 respiciat,
1618 5050 1827 5119 etquod
1864 5048 1936 5104 sit
1968 5049 2137 5102 inter-

567 5148 867 5218 rogantium
907 5145 1215 5199 consilium.

2237 4499 2335 4571 τὴν
2379 4501 2645 4571 Ἐϐραίων
2690 4504 2874 4573 φωνὴν
2920 4504 3195 4573 δηλονότι,
3250 4506 3686 4578 μεταπεφοίτηκε
3740 4503 3821 4576 τῷ

2241 4594 2493 4663 προφήτῃ
2526 4593 2627 4663 τῆς
2661 4595 2915 4658 θεοπτίας
2943 4597 2971 4647 6
2999 4598 3214 4667 τρόπος.
3248 4599 3343 4661 Τίς
3368 4598 3426 4651 δὲ
3461 4600 3493 4669 ἡ
3522 4600 3818 4669 πρόφασις,

2241 4685 2275 4753 ἡ
2308 4684 2406 4753 τῆς
2442 4685 2679 4755 ἱστορίας
2707 4686 2985 4758 ἀφήγησις
3017 4684 3078 4741 εὖ
3110 4689 3255 4759 μάλα
3295 4693 3571 4761 σαφηνιεί.
3603 4685 3819 4741 Συνεῖεν

2241 4775 2350 4844 γὰρ
2386 4776 2484 4844 οὐχ
2513 4776 2716 4846 ἑτέρως
2739 4778 2882 4840 τινὲς
2912 4779 3049 4851 πλὴν
3077 4781 3157 4833 ὄτι
3186 4784 3328 4834 κατά
3349 4782 3560 4834 τουτονὶ
3581 4782 3671 4834 τὸν
3690 4779 3819 4849 τρό-

2242 4880 2344 4916 πον
2369 4863 2477 4916 τῶν
2508 4866 2882 4936 προκειμένων
2910 4867 3000 4920 τὸν
3033 4868 3178 4922 νοῦν.
3203 4868 3360 4933 Τίνες
3386 4871 3494 4940 γάρ
3526 4870 3680 4930 ὅλως,
3709 4868 3736 4919 ὃ
3760 4884 3819 4919 τε

2238 4954 2497 5026 Σαρασὰρ
2531 4957 2624 5010 καὶ
2652 4958 2915 5028 Ἀροεδὲρ
2948 4961 2977 5012 6
3008 4958 3283 5029 βασιλεὺς,
3316 4961 3409 5014 καὶ
3457 4963 3507 5014 oi
3546 4960 3736 5031 ἄνδρες
3769 4958 3819 5010 oi

2241 5052 2358 5121 μετ’
2373 5049 2559 5117 αὑτοῦ,
2579 5051 2696 5115 πῶς
2717 5053 2816 5105 οὐκ
2843 5054 3139 5122 ἀναγκαῖον
3163 5055 3261 5108 καὶ
3294 5056 3402 5126 πρό
3424 5072 3487 5123 γε
3514 5055 3622 5107 τῶν
3646 5052 3820 5106 ἄλλων

2236 5142 2537 5214 ἀναμαθεῦδ
2554 5160 2568 5174 ο
2605 5144 2657 5198 τί
2685 5161 2744 5197 τε
2764 5146 2827 5199 τὸ
2852 5146 3098 5217 ἀγίασμα
3128 5148 3188 5200 τὸ
3208 5151 3264 5201 ἐν
3291 5148 3369 5217 τῷ
3392 5148 3626 5217 πέμπτῳ
3652 5142 3780 5216 μηνί
3800 5170 3817 5186 ο

566 5239 661 5296 καὶ
708 5239 816 5310 μὴν
859 5238 951 5292 καὶ
1003 5236 1165 5300 αὐτὸς
1192 5236 1222 5289 6
1255 5236 1355 5308 τῆς
1402 5235 1721 5307 ἐρωτήσεως
1752 5233 1987 5305 τρόπος,
2051 5233 2174 5287 ὅποι
2212 5236 2342 5289 ποτὲ
2389 5236 2597 5304 βλέπει,
2666 5239 2758 5291 καὶ
2803 5238 2887 5304 τίς
2938 5239 3004 5294 ἂν
3053 5242 3264 5309 γένοιτο
3308 5241 3419 5293 τῶν
3464 5241 3742 5310 ἐρομένων
3790 5240 3822 5293 6

568 5338 791 5400 σκοπόςς

640 5369 915 5497 liegiiante
945 5426 1104 5496 igitur
1133 5424 1271 5481 Osee
1296 5422 1405 5479 ﬁlio
1427 5421 1518 5478 Eia
1541 5437 1699 5492 super
1724 5421 1906 5477 decem
1959 5422 2130 5477 tribus

635 5599 684 5630 "
720 5597 914 5667 Ephes.
957 5617 1018 5667 tt,
1057 5602 1143 5654 20.

1255 5599 1449 5657 "ibid.
1496 5598 1579 5665 15,
1623 5597 1711 5653 iii.
1791 5599 1840 5630 ’°
1882 5598 2046 5661 Zach.
2094 5616 2131 5668 t,
2178 5601 2229 5656 i.

2311 5419 2693 5485 Βασιλεύοντος
2717 5422 2895 5476 τοίνυν
2922 5423 3083 5492 Ὠσηὲ
3119 5423 3214 5477 τοῦ
3241 5422 3358 5476 υἱοῦ
3389 5422 3529 5479 Ἦλᾶ
3555 5421 3664 5477 τῶν
3684 5421 3815 5480 δέκα
