4092 6202
304 212 393 266 illi
1145 205 1698 263 COMMENTARIUS
1737 205 1802 261 1N
1843 204 2245 264 ZACHABIAM
2284 207 2728 266 PBOPHETAM.

3471 213 3494 268 l
3505 212 3573 265 0'2!

302 324 480 397 φυλῶν
509 323 620 378 τῶν
657 324 717 375 ἐν
746 324 813 392 τῇ
845 322 1152 394 Σαμαρείᾳ,
1182 324 1278 376 καὶ
1318 323 1453 378 πολὺ
1482 322 1888 387 διανενευκότος

1993 324 2047 379 iu
2075 323 2344 390 Samaria,
2375 326 2571 396 insigni
2623 326 2921 392 desertore,
2949 344 2967 379 ι
3007 326 3389 382 servivitenim
3451 327 3573 382 ldo-—

292 417 363 474 εἱς
382 416 686 471 ἀπόστασιν
709 413 1058 484 (λελάτρευκε
1084 413 1193 486 γὰρ
1222 414 1504 486 εἰδώλοις).
1525 415 1889 486 παροξύνεται
1932 468 1934 470 ,

305 508 432 570 Θεὸς
455 507 548 560 ἐπὶ
569 505 661 558 τὸν
685 506 928 576 Ἰσραήλ.
954 501 1090 558 Εἶτα
1114 505 1552 576 κατεστράτευσε
1584 506 1684 576 τῆς
1705 505 1891 578 χώρας

304 603 334 657 ὁ
360 597 728 670 Σαλμανασάρ
775 596 1028 668 βασιλεὺς
1059 599 1382 669 Ἀσσυρίων,
1418 592 1532 651 εἷλε
1565 599 1666 670 τὴν
1705 599 1891 669 Σαμάο

312 709 480 765 ρειαν,
508 689 603 744 καὶ⁸
654 690 921 760 άπῲκησε
968 690 1066 759 μὶν
1107 690 1199 743 τὸν
1236 690 1474 762 Ἰσραὴλ,
1509 691 1890 762 παρεσκεύασε

306 783 362 837 δέ
386 799 537 844 τινας
561 781 672 834 τῶν
700 782 766 833 ἐκ
795 783 894 850 τῆς
923 780 1204 834 Χαλδαίων
1230 781 1412 854 χώρας
1441 781 1768 852 κατοικῆσαι
1793 781 1891 852 τὴν

308 878 428 947 γῆν,
466 874 551 929 ἵνα
583 873 649 944 δὴ
682 874 889 940 γένοιτο
920 873 1165 944 Περσῶν,
1198 874 1274 936 ὡς
1307 874 1514 928 ἐκεῖθεν
1552 874 1747 944 ἔχουσα
1781 874 1891 928 λοι-

313 969 405 1022 πόν
423 967 549 1030 τοὺς
574 967 1078 1038 οἱκήτορας.Ἔχεις
1097 967 1198 1037 τὴν
1226 968 1466 1038 ἱστορίαν
1485 970 1541 1020 ἐν
1567 971 1632 1038 τῇ
1655 968 1889 1041 τετάρτῃ

309 1059 414 1113 τῶν
466 1059 785 1114 Βασιλειῶν.
821 1059 1135 1130 Γέγραπται
1182 1059 1291 1130 γάρ
1337 1059 1542 1124 οὕτως·
1601 1062 1730 1114 (Ἐν
1780 1061 1890 1114 ἔτει

309 1151 595 1221 δωδεκάτῳ
614 1150 784 1219 Ἀχὰζ
817 1149 1082 1220 βασιλέως
1110 1150 1300 1214 Ἰούδα,
1344 1151 1695 1206 ἐϐασίλευσεν
1725 1154 1891 1222 Ὠσηέ

312 1240 434 1303 υἱὸς·
456 1239 596 1292 Ίιλᾶ.
625 1240 684 1291 ἐν
718 1239 1004 1310 Σαμαρείᾳ
1046 1241 1138 1292 ἐπί
1167 1239 1385 1311 Ἰσραὴλ
1436 1242 1594 1295 ἐννέα
1638 1241 1753 1313 ἐτη.
1784 1243 1892 1296 Kal.

311 1332 532 1401 ἐποίησε
564 1329 624 1382 τὸ
653 1330 888 1400 πονηρὸν
929 1332 986 1384 ἐν
1019 1331 1318 1401 ὀφθαλμοῖς
1356 1333 1588 1404 Κυρίου,
1619 1333 1760 1405 πλὴν
1791 1336 1891 1406 οὐχ

308 1421 382 1485 ὡς
425 1423 474 1474 οἱ
530 1419 767 1491 βασιλεῖς
805 1421 1040 1492 Ἰσραὴλ,
1070 1422 1118 1474 οἳ
1152 1419 1293 1492 ἦσαν
1343 1423 1655 1494 ἔμπροσθεν
1701 1427 1887 1483 αὑτοῦ.

321 1514 433 1567 Ἐπ’
453 1513 601 1583 αὐτῷ
623 1512 790 1582 ἀνέϐη
815 1513 1178 1586 Σαλμανασὰρ
1192 1514 1772 1588 βασιλευςἋσσυρίων.
1798 1520 1892 1573 καὶ

308 1609 539 1678 ἐγενήθη
573 1607 722 1676 αὐτῷ
745 1608 906 1677 Ὠσηὲ
934 1608 1138 1668 δοῦλος.
1169 1628 1188 1660 ι
1223 1606 1330 1662 Ka‘t
1368 1610 1485 1678 μεθ’
1507 1611 1669 1680 ἕτερα
1696 1613 1886 1666 πάλιν·

1991 417 2080 479 lis,
2118 435 2138 470 ι
2179 417 2344 489 ⁷09
2373 419 2624 473 irascitur
2648 417 2791 471 Deus
2811 417 3018 475 lsraeli.
3052 420 3253 474 Deinde
3283 419 3570 473 Salmaua-

1991 523 2081 564 sar
2111 508 2454 579 Assyriorum
2487 524 2575 562 rex
2602 509 2934 576 provinciam
2969 510 3136 563 armis
3190 508 3415 572 invadit,
3469 505 3572 564 Stt—

1992 604 2220 656 mariam
2264 611 2518 668 occupat,
2559 601 2809 655 lsraeletu
2846 602 3081 669 migrare
3115 602 3278 670 cogit,
3321 611 3370 654 et
3409 616 3570 670 quos-

1991 693 2115 748 tiam
2147 695 2212 748 de
2246 696 2462 762 regione
2491 693 2864 747 Chaldaeorum
2911 693 3149 746 vicissim
3203 692 3408 746 incolas
3469 694 3570 746 im-

1993 784 2182 846 tnittit,
2222 793 2278 836 ttt
2313 781 2598 837 Persarum
2660 785 2872 852 propria
2906 784 3078 847 lien-et,
3132 783 3398 850 siquidem
3451 783 3572 834 inde

1993 876 2479 942 illCOlnStlciltCeps
2523 877 2768 929 haberet.
2825 874 3115 928 Historiam
3187 875 3353 926 habes
3435 873 3572 928 libro

1992 978 2186 1038 quarto
2222 969 2424 1037 [legum
2461 967 2512 1020 iu
2548 969 2657 1020 haec
2677 966 2834 1021 verba
2870 983 2885 1024 :
2938 985 2956 1016 ι
2993 966 3048 1018 lu
3081 982 3221 1019 anno
3252 965 3572 1020 duodecimo

1991 1059 2176 1113 Achaz
2240 1061 2392 1127 regis
2425 1059 2558 1112 .luda
2594 1060 2839 1127 regnavit
2871 1058 3009 1113 Osee
3036 1059 3174 1113 [ilius
3211 1060 3302 1113 Ela
3367 1061 3418 1113 in
3471 1060 3573 1113 Sa-

1995 1151 2166 1203 tuaria
2195 1165 2358 1216 super
2409 1149 2570 1204 Israel
2613 1166 2803 1205 novem
2828 1151 3006 1204 anuis.
3033 1152 3092 1204 Et
3130 1150 3254 1205 fecit
3294 1152 3490 1204 malum
3518 1151 3571 1204 in

1993 1253 2284 1313 conspectu
2320 1243 2567 1308 Domini,
2604 1256 2975 1298 vermntameu
3010 1261 3113 1296 tton
3147 1246 3287 1298 sicut
3321 1260 3475 1312 reges
3505 1240 3574 1296 ls-

1995 1337 2131 1396 rael.
2155 1338 2246 1406 qui
2283 1336 2496 1390 fuerunt
2520 1348 2643 1392 ante
2678 1354 2818 1393 eum.
2860 1337 2972 1391 Sub
3007 1353 3072 1390 eo
3093 1337 3333 1390 ascendit
3363 1336 3573 1388 Saluta-

1994 1443 2154 1482 nasar
2204 1444 2295 1482 rex
2345 1431 2711 1498 Assyriorum,
2771 1438 2824 1484 et
2881 1429 3051 1482 fartus
3101 1436 3184 1480 est
3210 1427 3258 1480 ei
3288 1426 3425 1481 Osee
3453 1443 3570 1480 ser-

1993 1536 2092 1573 vus
2127 1521 2193 1574 ".
2234 1541 2255 1574 ›
2289 1522 2352 1575 Et
2377 1522 2513 1575 infra
2549 1540 2563 1576 :
2599 1541 2617 1573 ι
2660 1523 2722 1576 Ει
2760 1523 3054 1576 translatus
3084 1534 3165 1576 est
3188 1522 3355 1577 Israel
3385 1524 3435 1575 in
3473 1523 3572 1575 As-

1993 1613 2169 1684 syrios
2195 1630 2362 1680 usque
2395 1615 2445 1666 iu
2480 1616 2621 1668 diem
2657 1616 2812 1668 hanc.
2847 1615 2913 1668 Et
2941 1615 3166 1668 adduxit
3202 1631 3292 1668 rex
3326 1615 3574 1685 Assyrio-

314 1718 333 1752 ι
365 1702 472 1754 Kal.
516 1700 806 1771 ἀπῳκίσθη
854 1701 1072 1770 Ἰσραὴλ
1141 1703 1220 1763 εἱς
1266 1702 1582 1772 ’Λσσυρίους
1633 1703 1738 1766 ἕως
1793 1703 1892 1773 τῆς

1999 1721 2114 1758 rtntt
2139 1706 2207 1758 de
2240 1706 2505 1775 Babylone
2529 1707 2733 1760 Echuta
2767 1709 2834 1759 ab
2866 1707 2990 1768 Aia,
3029 1717 3078 1760 ct
3108 1707 3175 1759 ab
3229 1705 3473 1767 IEmath,
3520 1714 3573 1759 et

310 1793 522 1863 ἡμέρας
569 1791 795 1860 ταύτης.
836 1793 946 1846 Kal
996 1793 1170 1862 ἢγαγέ
1218 1791 1468 1861 βασιλεὺς
1499 1794 1798 1865 Ἀσσυρίων
1829 1797 1892 1848 ἐκ

309 1885 626 1948 Βαϐυλῶνος
653 1885 745 1938 τὸν
779 1888 842 1938 ἐκ
876 1886 1058 1938 Χουθὰ
1085 1887 1191 1938 ἀπὸ
1221 1887 1364 1951 Ἀ’ίὰ,
1395 1888 1488 1940 καὶ
1532 1889 1640 1940 ἀπὸ
1685 1887 1890 1958 Αἱμάθ,

308 1977 401 2031 καὶ
426 1974 844 2046 Σεπξαρουαῒμ,
877 1977 970 2029 καὶ
1005 1975 1430 2046 κατῳκίσθησαν
1457 1979 1512 2029 ἐν
1540 1980 1659 2040 ταῖς
1703 1979 1892 2032 πόλεσι

309 2070 641 2140 Σαμαρείας,
675 2070 794 2122 ἀντὶ
825 2067 932 2122 τῶν
963 2069 1094 2122 υἱῶν
1121 2069 1356 2139 Ἰσραὴλ,
1388 2072 1482 2122 καὶ
1520 2070 1890 2141 ἐκληρονόμη-

309 2177 407 2214 σαν
434 2162 530 2232 τὴν
559 2162 896 2232 Σαμάρειαν.
931 2180 951 2213 ›
992 2154 1152 2214 Οὗτοι
1186 2162 1249 2233 δὴ
1278 2157 1392 2226 οῦν,
1418 2163 1465 2214 οἱ
1498 2161 1697 2230 κλῆρον
1742 2161 1890 2215 ἑλόν-

306 2271 398 2318 τες
427 2255 521 2307 τὸν
553 2255 938 2325 Σαμαρειτῶν,
961 2257 1058 2308 καὶ
1101 2256 1489 2325 κατῳκηκότες
1514 2255 1616 2326 τὴν.
1638 2255 1760 2322 γῆν,
1793 2254 1889 2307 καὶ

306 2347 512 2399 τέκνων
559 2346 701 2416 τάχα
747 2363 852 2399 που
901 2347 1157 2414 γεγόνασι
1190 2348 1445 2416 πατέρες,
1486 2347 1578 2399 καὶ
1619 2348 1726 2408 τοῖς
1754 2345 1890 2398 Ἰου-

307 2437 470 2490 δαίων
503 2437 681 2490 ἑθνεσι
734 2438 1186 2508 προσνενεύκασι,
1218 2438 1317 2501 τὰς
1361 2437 1470 2490 τῶν
1523 2436 1752 2490 λεόντων
1794 2438 1892 2506 ἐφ-

307 2529 460 2593 όδους
494 2530 1026 2601 κατοῤῥωδήσαντες,
1055 2531 1149 2582 καὶ
1202 2530 1382 2583 αὐτῶν
1430 2529 1686 2602 γεγόνασι
1718 2529 1894 2598 Σαρα-

309 2621 436 2691 σὰρ,
494 2622 587 2673 καὶ
644 2620 927 2692 Ἀρσεσὲρ,
975 2622 1033 2684 ὃς
1088 2621 1183 2674 καὶ
1239 2621 1553 2690 ὠνόμασται
1615 2620 1888 2689 βασιλεὺς,

303 2711 400 2764 διά.
423 2729 508 2764 τοι
538 2711 600 2766 τὸ
626 2711 978 2782 καθηγεῖσθαι
1017 2711 1078 2763 τὸ
1105 2711 1360 2782 τηνικάδε
1397 2711 1504 2764 τῶν
1537 2714 1593 2764 ἐν
1611 2710 1894 2782 Σαμαρείᾳ

1990 1797 2370 1864 Sepbarvaim,
2400 1809 2454 1851 et
2503 1799 2752 1851 collocati
2786 1807 2910 1851 sunt
2946 1799 2997 1850 in
3038 1799 3262 1850 urbibus
3311 1797 3572 1850 Samariaa

1990 1905 2088 1958 pro
2121 1889 2243 1941 ﬁliis
2277 1887 2462 1950 Israel,
2499 1900 2553 1942 et
2583 1891 2937 1958 possederunt
2995 1888 3299 1942 Samariam
3327 1888 3395 1942 ’⁸.
3433 1905 3452 1939 ι
3506 1885 3567 1940 Hi

1990 1981 2437 2049 suutigitur,qui
2496 1981 2889 2034 Samaritarunt
2963 1990 3163 2034 sortem
3226 1979 3571 2048 regionemve

1992 2073 2328 2136 insederunt,
2358 2081 2411 2125 et
2443 2074 2808 2134 incoluerunt,
2841 2087 2904 2126 ac
2965 2072 3165 2124 liberos
3203 2071 3341 2124 forte
3377 2085 3573 2138 genue-

1997 2172 2217 2228 ruut,et
2249 2165 2314 2216 ad
2349 2161 2656 2216 Iuda-orum
2704 2178 2882 2217 mores
2913 2177 3006 2217 seu
3044 2166 3177 2216 ritus
3217 2162 3573 2223 inclinarunt,

1997 2257 2207 2310 leonum
2237 2257 2487 2311 incursus
2523 2256 2893 2320 formidantes,
2978 2269 3009 2309 e
3064 2269 3293 2324 quorum
3346 2269 3573 2307 numero

1995 2346 2211 2399 fuerunt
2237 2344 2488 2408 Sarasar,
2520 2354 2572 2399 et
2601 2345 2861 2409 Arbeser,
2885 2346 2976 2414 qui
3019 2352 3074 2399 et
3122 2359 3211 2398 rex
3267 2346 3574 2398 nominatus

1992 2450 2094 2504 est,
2131 2440 2274 2506 quod
2307 2440 2410 2491 dux
2450 2453 2658 2501 eorum,
2689 2453 2752 2492 ac
2805 2439 3054 2507 princeps
3080 2447 3244 2500 esset,
3275 2437 3362 2504 qui
3393 2438 3444 2490 iu
3474 2435 3576 2488 Sa-

1996 2531 2223 2584 mariam
2274 2545 2339 2584 ex
2381 2530 2561 2584 Persis
2618 2530 2916 2583 habitatum
3007 2530 3452 2598 commigrarunt.
3508 2527 3575 2581 Et

1997 2621 2112 2674 ha-c
2150 2623 2363 2688 quidem
2398 2622 2462 2673 de
2512 2621 2662 2673 viris.
2729 2621 2800 2674 De
2821 2619 3250 2672 sanctificatione
3303 2634 3430 2671 vero
3475 2633 3576 2688 age

1995 2723 2140 2764 nunc
2168 2711 2474 2763 verisimilia
2508 2711 2772 2762 dicamus.

303 2805 759 2860 κατοικισθέντων
790 2805 855 2856 ἐκ
883 2804 985 2873 τῆς
1025 2804 1272 2876 Περσῶν.
1299 2803 1410 2857 Καὶ
1468 2803 1642 2856 ταῦτα
1707 2803 1806 2874 μὲν
1833 2803 1962 2873 περὶ
1997 2802 2110 2855 τῶν
2155 2801 2385 2873 ἀνδρῶν.
2423 2801 2558 2871 Περὶ
2595 2801 2652 2854 δέ
2697 2817 2760 2869 γε
2803 2799 2898 2852 τοῦ
2943 2801 3302 2872 ἁγιάσματος,
3333 2798 3465 2871 φέρε
3509 2792 3579 2864 δὴ

306 2897 472 2951 πάλιν
497 2897 566 2949 τὰ
596 2898 780 2950 εἱκότα
811 2896 1080 2967 λέγωμεν.

377 2991 589 3047 Οὐκοῦν
623 2993 752 3063 πρὶν
784 2992 985 3045 ἁλῶναι
1013 2994 1111 3064 τὴν
1149 2993 1412 3049 Ἰουδαίαν
1451 2991 1600 3064 παρὰ
1638 2989 1732 3044 τοῦ
1777 2989 1896 3044 Να-
1923 2991 1966 3052 C

304 3083 714 3155 ὄδυχοδονόσορ,
767 3085 795 3136 ὁ
839 3084 1108 3153 μακάριος
1155 3085 1443 3156 προφήτης
1499 3082 1653 3152 Ἰωὴλ
1691 3081 1892 3136 ἀνακέ-

305 3191 483 3246 κραγε
513 3175 576 3226 τὸ
624 3175 1057 3245 συμϐησόμενον.
1110 3174 1219 3227 Kal.
1261 3173 1325 3244 δὴ
1367 3175 1462 3226 καὶ
1515 3172 1732 3226 πενθεῖν
1781 3173 1894 3234 τοῖς

306 3265 515 3338 ἱερεῦσι
547 3265 962 3336 παρεκελεύετο,
988 3266 1083 3318 καὶ
1110 3265 1334 3335 προσέτι
1355 3265 1450 3319 καὶ
1479 3269 1590 3328 τοῖς
1612 3264 1717 3317 ὑπὸ
1737 3267 1894 3334 χεῖρα

305 3357 478 3421 λαοῖς,
514 3359 610 3410 καὶ
655 3359 778 3410 ὅσον
828 3356 1038 3410 ούδὲπω
1093 3357 1191 3425 τῆς
1243 3355 1343 3425 μὲν
1401 3356 1756 3427 Ἰερουσαλὴμ
1790 3353 1893 3408 ὑπὸ

303 3449 476 3512 πόδας
535 3449 801 3518 ἐσομένης
857 3447 1090 3521 ἐχθρῶν,
1147 3447 1782 3518 κατεμπρησθησομένου
1835 3446 1893 3500 δὲ

305 3542 403 3593 καὶ
446 3539 613 3592 αὐτοῦ
647 3539 742 3591 τοῦ
782 3539 936 3591 θείου
962 3539 1110 3594 ναοῦ.
1149 3541 1293 3610 Ἔφη
1327 3539 1384 3592 δὲ
1414 3538 1620 3600 οὓτως·
1662 3555 1681 3588 ι
1727 3539 1892 3608 Περι-

303 3629 582 3695 ζὼσασθε,
623 3630 718 3684 καὶ
760 3630 1049 3694 κόπτεσθε,
1078 3632 1127 3683 οἱ
1160 3631 1343 3701 ἱερεῖς·
1381 3629 1650 3700 θρηνεῖτε,
1685 3630 1734 3681 οἱ
1777 3629 1892 3681 λει-

302 3720 667 3792 τουργοῦντες
720 3719 1112 3792 θυσιαστηρίῳ,
1165 3721 1453 3784 εἱσέλθετε,
1505 3718 1788 3772 ὑπνώσατε
1833 3721 1891 3772 ἐν

302 3813 560 3877 σάκκοις,
588 3812 1025 3882 λειτουργοῦντες
1051 3813 1186 3883 Θεῷ,
1212 3814 1294 3866 ὅτι
1322 3814 1630 3882 άπέσχηκεν
1658 3812 1717 3877 ἐξ
1742 3811 1890 3864 οῖκου

299 3901 443 3955 Θεοῦ
483 3901 637 3971 ὑμῶν
677 3901 839 3955 θυσία
875 3902 969 3955 καὶ
1001 3902 1222 3974 σπονδή.
1276 3901 1564 3970 Ἀγιάσατε
1599 3899 1888 3971 νηστείαν,

298 3993 585 4066 κηρύξατε
615 3993 932 4064 θεραπείαν,
962 3995 1297 4063 συναγάγετε
1324 3993 1654 4065 πρεσϐύτας,
1681 3992 1891 4055 πάντας

299 4069 701 4150 κατοικοῦντας
733 4087 866 4156 γῆν,
895 4088 972 4149 είς
991 4081 1140 4140 οἶκον
1171 4085 1305 4140 Θεοῦ
1340 4087 1514 4156 ὑμῶν,
1541 4086 1634 4140 καὶ
1654 4084 1891 4155 κράξατε

296 4176 444 4246 πρὸς
492 4178 700 4248 Κύριον
753 4178 1016 4240 ἐκτενῶςο
1049 4179 1206 4247 Οίμοι
1254 4179 1333 4239 εἱς
1383 4177 1630 4249 ἡμέρανί
1696 4196 1714 4228 ι
1777 4175 1890 4230 Ka‘t

294 4268 480 4322 ταῦτα
511 4253 612 4339 μὲν
640 4272 668 4322 ό
705 4273 1010 4340 προφήτης.
1041 4271 1174 4322 Τίνα
1195 4269 1252 4322 δὲ
1275 4269 1339 4340 δὴ
1365 4269 1568 4338 τρόπον
1607 4268 1887 4338 διεπεραί-

2069 2982 2256 3052 Itaque
2275 2991 2565 3051 antequam
2597 2979 2777 3037 Iudam
2812 2998 2843 3038 a
2872 2982 3396 3040 Nabuchodonosore
3443 2988 3575 3042 sub-

1997 3074 2256 3144 igeretur,
2304 3073 2493 3126 beatus
2541 3075 2799 3142 propheta
2828 3073 2943 3128 Joel
2993 3077 3133 3144 quod
3167 3075 3407 3132 futurum
3458 3088 3577 3133 erat

1997 3167 2368 3236 proclamavit.
2399 3165 2538 3231 Quin
2569 3169 2733 3222 etiam
2762 3168 3092 3234 sacerdotes,
3123 3179 3177 3222 et
3208 3170 3427 3239 insuper
3450 3173 3580 3225 sub-

1991 3258 2194 3328 jectqu
2246 3259 2381 3328 ipsis
2431 3260 2706 3328 populum,
2749 3260 2903 3328 quasi
2959 3275 3079 3314 mox
3125 3259 3424 3317 Jerusalem
3475 3264 3576 3317 sub

1996 3350 2221 3417 pedibus
2250 3349 2480 3402 hostium
2519 3349 2720 3414 futura,
2759 3352 2876 3419 ipso
2907 3366 3121 3420 quoque
3153 3353 3336 3408 divino
3379 3355 3576 3424 templo

1997 3441 2353 3505 inﬂammato,
2409 3442 2474 3493 ad
2521 3440 2722 3495 luctuut
2781 3443 3030 3498 hortatus
3077 3453 3181 3498 est.
3242 3445 3332 3500 Sic
3391 3457 3572 3502 autem

1995 3535 2071 3587 ait
2103 3551 2116 3587 :
2146 3551 2165 3585 ι
2189 3533 2565 3602 Acciugimini,
2596 3544 2647 3587 et
2675 3533 2928 3602 plangite,
2949 3535 3279 3600 sacerdotes,
3311 3536 3576 3591 lamenta-

1996 3625 2153 3686 mini,
2174 3623 2266 3686 qui
2301 3623 2624 3676 ministratis
2655 3623 2838 3686 altari,
2861 3621 3229 3690 ingredimini,
3251 3626 3486 3678 dormite
3517 3625 3572 3679 in

1993 3715 2189 3780 saccis,
2232 3715 2605 3770 ministrantes
2634 3713 2768 3780 Deo,
2799 3713 2921 3782 quia
2952 3711 3149 3767 defecit
3179 3715 3246 3768 de
3273 3715 3437 3769 deum
3477 3715 3571 3770 Dei

1996 3806 2160 3859 vestri
2193 3803 2521 3859 sacriﬁcium
2569 3813 2626 3859 et
2669 3804 2876 3857 libatio.
2917 3803 3265 3859 Sanctiﬁcate
3288 3803 3572 3873 jejunium,

1994 3899 2286 3968 praedicata
2323 3899 2686 3963 curationem,
2722 3909 3052 3968 cougregate
3077 3898 3342 3963 seniores,
3380 3913 3571 3955 omnes

1995 3991 2304 4046 habitantes
2337 4001 2537 4044 terram
2573 3991 2624 4043 in
2651 3990 2868 4044 domum
2899 3989 2988 4044 Dei
3033 3992 3223 4056 vestri,
3259 4001 3315 4046 et
3342 3991 3573 4048 clamate

1993 4083 2060 4135 ad
2096 4083 2376 4136 Dominum
2425 4083 2776 4136 vehementer
2806 4098 2819 4135 :
2851 4079 2963 4136 Heu
3009 4081 3138 4135 mihi
3183 4080 3233 4135 itt
3275 4083 3414 4138 dietn
3435 4083 3510 4138 "l
3542 4101 3562 4136 ι

1994 4173 2063 4227 Ει
2111 4173 2223 4228 haec
2269 4175 2485 4242 quidem
2551 4175 2836 4242 propheta.
2885 4174 3126 4240 Quonam
3179 4186 3358 4229 autem
3411 4177 3571 4230 modo

1970 4266 2248 4335 'praediCta
2310 4266 2666 4335 contigerint,
2713 4265 2825 4334 jam
2878 4269 3117 4331 docebo,
3170 4269 3351 4322 verbis
3401 4283 3573 4324 sacra!

295 4378 427 4414 νετο
455 4363 527 4414 τὰ
561 4363 1000 4433 προηγγελμένα,
1041 4361 1286 4432 σαφηνιῶ
1321 4361 1505 4424 πάλιν,
1543 4360 1677 4413 αὐτὸ
1707 4376 1889 4430 παρα-

1996 4358 2290 4426 Scripturtn
2322 4357 2583 4410 recitatis.
2617 4357 2707 4410 Sic
2750 4358 2892 4410 enim
2927 4369 3099 4410 exstat
3142 4360 3193 4411 in
3233 4369 3426 4426 quarto
3465 4357 3571 4414 Re-

293 4451 421 4515 θεὶς
460 4455 523 4504 τὸ
558 4453 797 4522 Γράμμα
829 4451 892 4506 τδ
945 4453 1106 4524 ἱερόν.
1165 4453 1478 4524 Γέγραπται
1517 4451 1574 4504 δὲ
1617 4449 1789 4513 οὕτως
1832 4451 1890 4502 ἐν

293 4544 367 4611 τῇ
425 4543 664 4614 τετάρτῃ
717 4541 824 4597 τῶν
886 4541 1176 4594 Βασιλειῶν
1199 4559 1212 4572 ·
1272 4559 1290 4593 ι
1358 4542 1446 4593 Ἐν
1498 4539 1578 4610 τῷ
1633 4541 1762 4611 μηνὶ
1812 4538 1890 4608 τῷ

294 4633 569 4702 πέμπτῳ,
618 4635 684 4706 τῇ
730 4633 935 4707 ἐϐδόμῃ
973 4631 1067 4688 τοῦ
1112 4633 1300 4704 μηνὸς,
1343 4627 1496 4695 οὗτος
1529 4624 1770 4695 ἐνιαυτὸς
1801 4633 1888 4684 ἐν-

293 4723 731 4788 νεακαιδέκατος
774 4723 850 4796 τῷ
889 4724 1356 4795 Ναϐουχοδονόσορ
1397 4723 1605 4794 βασιλεῖ
1636 4722 1890 4776 Βαϐυλῶ-

291 4829 418 4879 νος,
462 4809 595 4884 ἦλθε
635 4815 1026 4887 Ναϐουζαρδάν
1060 4818 1089 4868 ό
1126 4816 1543 4886 άρχιμάγειρος,
1587 4812 1759 4878 ἐστὼς
1801 4815 1891 4866 ἐν-

289 4900 480 4958 ὢπιον
546 4903 808 4974 βασιλέως
849 4905 1166 4969 Βαὸυλῶνος
1223 4907 1302 4967 εἱς
1339 4905 1727 4974 Ἰερουσαλὴμ,
1791 4905 1888 4956 καὶ

291 4994 582 5065 ἐνέπρησε
609 4993 700 5047 τὸν
739 4991 887 5048 οἷκον
930 4996 1160 5064 Κυρίου,
1196 4995 1291 5048 καὶ
1325 4993 1416 5048 τὸν
1439 4991 1586 5047 οἱκον
1604 4993 1698 5046 τοῦ
1736 4992 1891 5063 βασι-

289 5081 468 5149 λέως,
515 5087 610 5138 καὶ
641 5087 848 5149 πάντας
892 5088 1018 5150 τοὺς
1060 5087 1243 5149 οῑκους
1285 5086 1662 5157 Ἰερουσαλήμ.
1701 5105 1720 5137 ι
1760 5079 1890 5136 Εἶτα

289 5178 756 5248 κεχειροτόνηκεν
785 5179 877 5232 ἐπὶ
909 5179 1000 5234 τὸν
1045 5178 1461 5250 περιλειφθέντα
1488 5178 1660 5248 δῆμον
1689 5179 1745 5244 ἐξ
1791 5177 1892 5229 '16-

288 5270 447 5339 ραὴλ
475 5270 568 5323 τὸν
597 5271 636 5323 Γ
638 5272 869 5337 οδολίανι
907 5275 966 5325 ἐν
996 5274 1130 5344 μηνὶ
1161 5272 1240 5344 τῷ
1280 5272 1513 5341 ἑϐδόμῳ,
1551 5271 1610 5323 ὃν
1642 5269 1890 5324 ὑπελθὼν

283 5360 642 5432 ἐχειρώσατο
685 5363 779 5416 καὶ
808 5365 1127 5418 ἀπέκτεινεν
1171 5361 1397 5434 Ἰσμαὴλ
1437 5363 1550 5426 υίὸς
1598 5362 1888 5428 Ναθανίου,

285 5451 425 5506 υἱοῦ
477 5452 755 5521 Ἐλισά6α,
807 5457 874 5510 ἐκ
918 5455 1012 5510 τοῦ
1069 5455 1383 5528 σπέρματος
1429 5454 1538 5508 τῶν
1582 5454 1886 5525 βασιλέων·

370 5627 425 5661 ’³
462 5625 532 5682 ιν
566 5626 697 5700 Reg.
740 5645 872 5696 xvu,
917 5630 1038 5683 1-3.
1152 5629 1196 5660 ⁹²
1238 5628 1368 5684 ibid.
1407 5629 1498 5694 25,
1538 5629 1630 5682 at.

1997 4463 2121 4517 gum
2169 4464 2235 4501 :t
2276 4443 2332 4499 lu
2385 4461 2572 4500 mense
2623 4447 2813 4514 quinto
2843 4446 3006 4516 710
3045 4449 3270 4514 septima
3329 4453 3566 4512 mensis,

1996 4551 2140 4590 anno
2170 4537 2379 4591 decimo
2419 4552 2562 4590 nono
2607 4539 2746 4605 regis
2770 4535 3266 4592 Nabuchodonosor
3293 4540 3437 4592 venit
3465 4537 3570 4592 Na-

1997 4629 2272 4682 buzardan
2318 4629 2570 4698 princeps
2615 4643 2946 4699 coquorum,
3002 4639 3155 4684 stans
3209 4643 3389 4682 coram
3447 4645 3571 4701 rege

1997 4717 2311 4790 Babylonis,
2345 4720 2792 4790 Hierosolymam,
2827 4728 2881 4774 et
2909 4720 3187 4774 succendit
3219 4719 3438 4774 domum
3469 4721 3571 4775 Do-

1998 4811 2152 4877 mini,
2195 4822 2251 4864 et
2298 4812 2514 4866 domum
2565 4813 2728 4882 regis,
2790 4821 2846 4867 et
2891 4827 3080 4868 OlllHeS
3124 4812 3318 4866 domus
3361 4811 3573 4868 Jerusa-

1995 4903 2098 4957 lem
2125 4902 2192 4958 ”.
2225 4921 2244 4957 ι
2279 4904 2478 4958 Deinde
2523 4905 2766 4974 reliquiis
2807 4905 2986 4975 pepuli
3036 4903 3251 4959 lsraelis
3289 4903 3569 4960 Godoliam

1995 4997 2294 5067 praeposuit
2339 5011 2525 5051 mense
2568 4997 2819 5066 septimo,
2854 5012 3014 5065 quem
3044 4997 3254 5053 insidiis
3284 5011 3572 5066 aggressus

1994 5090 2162 5159 cepit,
2214 5098 2269 5144 et
2309 5088 2888 5155 obtruncavitlsmael,
2943 5090 3086 5145 illius
3127 5088 3430 5153 Nathaniae,
3475 5089 3567 5143 lilii

1996 5180 2234 5241 Elisaba,
2262 5181 2470 5235 semine
2509 5181 2656 5248 regio
2693 5183 2955 5237 oriundus
2983 5201 2996 5236 :
3026 5182 3079 5235 iu
3110 5183 3245 5236 hanc
3270 5180 3414 5234 enim
3448 5194 3571 5233 sen-

1995 5275 2223 5328 tentiam
2259 5273 2523 5342 scriptum
2566 5273 2817 5343 legimus.
2866 5275 3051 5343 Itaque
3084 5283 3363 5342 postquam
3394 5271 3571 5324 couti-

1993 5366 2072 5436 git
2129 5365 2182 5418 in
2243 5380 2426 5420 mense
2483 5367 2670 5436 quinto
2725 5365 2812 5420 die
2871 5367 3097 5435 septima
3141 5362 3566 5433 Hierosolymam

1995 5457 2134 5527 capi,
2161 5458 2419 5525 templum
2445 5457 2725 5521 succendi,
2748 5465 2802 5511 et
2835 5457 3059 5524 lnauper
3083 5452 3258 5510 occidi
3285 5451 3572 5511 Godoliatn

1745 5630 1788 5662 ”
1827 5628 1943 5682 Joel
1983 5628 2137 5694 ι,13,
2183 5629 2266 5683 l5.
2348 5630 2390 5661 "
2435 5629 2499 5684 IV
2543 5628 2674 5701 Reg.
2720 5644 2908 5696 smn,
2949 5625 3004 5684 8.
