4092 6202
493 190 596 246 103

1482 180 1538 236 S.
1574 181 1855 249 βγῐιιιιι
1892 184 2364 243 ΑιΕχΑΝυιιιΝι
2397 186 2720 242 ARCHIEP.

3645 178 3747 237 Nl

490 319 677 362 mense
717 302 970 373 septimo,
1023 300 1114 370 qui
1171 310 1543 354 remanserant
1584 300 1775 369 Judaei,
1823 302 2068 359 fortassis

2174 308 2477 377 γέγραπται
2510 306 2618 373 γὰρ
2657 304 2773 360 ὡδί.
2830 300 3040 357 Οὐκοῦν
3068 298 3365 369 ἐπειδήπερ
3404 296 3749 369 συμϐέϐηκεν

490 398 545 452 in
600 396 917 451 memoriam
977 393 1243 447 dictorum
1309 404 1339 443 a
1388 390 1651 459 propheta
1703 390 1935 447 Jeremia
1990 409 2072 448 re-

487 487 684 557 gressi,
738 491 1069 548 statuerunt,
1120 490 1179 535 ut
1224 496 1292 535 ex
1342 482 1595 536 omnibus
1647 482 1783 538 locis
1828 483 2071 540 ﬁnitimis

487 578 663 647 quinti
718 574 921 629 mensis
978 572 1065 626 die
1119 571 1353 641 septimo
1394 586 1583 627 omnes
1635 571 2067 644 Hierosolymam

486 667 862 730 ascenderem,
890 675 944 719 et
967 664 1229 734 jejunium
1259 663 1681 730 sanctiﬁcarent,
1712 676 1766 720 et
1795 666 2067 736 planctum

486 760 847 828 susciperent,
897 757 1052 825 quasi
1088 769 1250 824 super
1288 764 1524 822 mortuo,
1572 765 1628 810 et
1671 758 2069 829 quodammodo

486 844 653 919 Super
678 850 943 903 cadavere
976 848 1166 917 templi
1195 846 1488 917 ejularent,
1510 856 1565 902 et
1589 862 1752 916 super
1777 851 1911 904 urbe
1946 864 2067 904 cre-

487 953 633 996 mata
670 955 733 995 ex
776 939 1169 1010 posterioribus
1213 937 1457 993 consiliis
1486 937 1759 1008 profectas
1791 939 2069 1011 lacrymas

486 1033 845 1088 eﬂunderent.
898 1031 1299 1086 Existimabam
1341 1038 1523 1085 autem
1573 1045 1633 1085 se
1674 1033 1895 1086 modqu
1924 1033 2070 1088 hunc

490 1126 582 1180 Dei
632 1124 842 1183 colendi
902 1123 1007 1193 ipsi
1063 1131 1273 1193 gratum
1320 1123 1723 1192 sapientissime
1774 1126 2064 1180 invenisse.

486 1218 657 1272 Porro
683 1217 911 1286 degebat
935 1216 1111 1270 adhuc
1145 1215 1311 1271 Israel
1346 1216 1446 1271 sub
1470 1216 1599 1286 jugo
1641 1217 1905 1285 impositae
1950 1232 2069 1271 ser—

486 1308 696 1371 vitulis,
729 1321 828 1361 nec
861 1307 929 1359 de
957 1305 1144 1359 divino
1174 1305 1374 1375 templo
1406 1306 1694 1375 quisquam
1717 1317 1835 1360 erat
1865 1306 2067 1361 sollici-

487 1410 593 1455 tus.
640 1402 739 1454 Ast
790 1400 877 1453 ubi
936 1414 1004 1453 ex
1046 1397 1227 1453 Persis
1271 1407 1327 1452 et
1388 1397 1557 1453 Medis
1607 1408 1971 1463 reverterunt,
2017 1408 2071 1452 et

489 1487 734 1547 sanctam
770 1493 1044 1547 civitatem
1095 1494 1161 1547 de
1209 1492 1422 1561 integro
1458 1491 1791 1557 habitarunt,
1842 1501 1898 1546 et
1936 1491 2073 1545 divi-

489 1598 615 1635 num
654 1585 908 1650 templum
942 1590 1291 1651 repararunt,
1320 1582 1498 1636 visum
1521 1590 1629 1647 est,
1662 1583 1803 1651 quod
1838 1582 2068 1649 solebat,

2172 400 2230 450 έν
2260 399 2338 466 τῷ
2368 397 2603 467 πέμπτῳ
2653 397 2803 467 μηνὶ,
2854 396 2947 447 καὶ
2976 395 3034 446 ὲν
3058 393 3244 463 ήμέρᾳ
3270 393 3337 461 τῇ
3379 389 3581 459 ἑϐδόμῃ
3610 387 3754 442 ἀ·λῶ-

2170 506 2258 542 ναι
2305 491 2404 560 μὲν
2443 490 2512 542 τὰ
2567 488 2947 559 Ἱεροσόλυμα,
3009 482 3500 554 κατεμπρησθῆναι
3552 481 3608 534 δὲ
3657 480 3750 533 τόν

2168 582 2330 645 ναὸν,
2387 580 2817 652 προσαποθανεῖν
2866 579 2923 631 δὲ
2978 577 3073 630 καὶ
3128 575 3220 628 τὸν
3267 573 3517 628 Γοδολίαν
3563 574 3622 625 ὲν
3669 569 3751 639 τῷ

2170 675 2383 746 ἑϐδόμῳ
2439 673 2591 743 μηνὶ,
2642 673 2781 742 τάχα
2811 688 2925 739 ⁶που
2975 667 3110 739 πρὸς
3150 666 3451 737 ἀνάμνησιν
3499 664 3602 735 τῆς
3654 663 3749 717 τοῦ

2170 771 2453 842 προφήτου
2486 766 2693 837 φωνῆς,
2718 766 2767 817 οἱ
2802 762 3119 817 κατάλοιποι
3146 758 3255 812 τῶν
3295 758 3558 812 Ἰουδαίων
3598 758 3752 825 ὲνην-

2169 863 2389 932 εγμένοι
2415 858 2796 914 τετυπώκασιν
2830 856 2928 927 (1),
2960 854 3017 920 ἐξ
3051 853 3266 922 ἁπάσης
3291 851 3389 921 τῆς
3423 846 3753 920 περιοικίδος

2171 956 2228 1007 ἐν
2264 953 2393 1024 μηνὶ¹
2426 952 2504 1022 τῷ
2538 951 2772 1020 πέμπτῳ
2810 949 2867 999 έν
2912 949 2979 1017 τῇ
3032 945 3235 1016 ἐϐδόμῃ
3262 941 3358 995 τοῦ
3409 941 3579 1011 μηνὸς
3619 940 3752 992 ἀνα-

2170 1043 2372 1097 ϐαίνειν
2400 1041 2643 1103 ἅπαντας
2688 1039 2769 1101 εἰς
2828 1035 3198 1109 Ἰεροσόλυμα,
3247 1033 3342 1085 καὶ
3377 1030 3601 1099 ἁγιάσαι
3651 1028 3750 1098 μὲν

2169 1136 2445 1206 νηστείαν,
2499 1130 2712 1201 κομμὸν
2755 1129 2812 1182 δὲ
2856 1127 3099 1181 τίθεσθαι
3150 1124 3401 1193 καθάπερ
3450 1122 3543 1175 ἐπὶ
3572 1118 3750 1190 νεκρῷ

2172 1225 2265 1277 καλ⁵
2294 1220 2624 1291 ὲποιμώζειν
2661 1218 2900 1288 κειμένῳ
2931 1216 3132 1287 τρόπον
3163 1212 3284 1266 τινὰ
3314 1211 3393 1281 τῷ
3429 1209 3562 1280 ναῷ,
3589 1212 3656 1280 τῇ
3689 1226 3749 1262 τε

2172 1316 2323 1371 πόλει
2359 1313 2851 1386 κατεμπρησθείσῃ
2878 1313 2938 1365 τὸ
2972 1313 3036 1364 ὲκ
3068 1310 3167 1381 τῆς
3208 1305 3624 1378 ῦστεροδουλίας
3651 1303 3750 1357 δά-

2172 1426 2335 1480 κρυον
2380 1411 2611 1479 ἐπιχεῖν.
2664 1408 2853 1477 ¹’ῼοντο
2885 1406 2942 1459 δὲ
2994 1405 3075 1457 ὅτι
3124 1401 3379 1475 λατρείας
3426 1400 3612 1462 αὐτοῖς
3654 1398 3752 1468 τῆς

2171 1500 2510 1575 ἀρεσκούσης
2538 1499 2658 1571 Θεῷ
2704 1499 2904 1569 τρόπος
2933 1491 3087 1559 οὗτος
3126 1496 3401 1564 πάνσοφος
3432 1490 3747 1561 ἐξηύρηται.

2187 1592 2327 1645 Ἀλλ’
2365 1591 2668 1663 ἐπράττετο
2713 1590 2833 1659 μὲν,
2860 1588 2939 1641 ἔτι
2972 1586 3113 1659 [τοῦ]
3159 1584 3377 1656 Ἰσραὴλ
3408 1583 3514 1637 ὑπὸ
3536 1582 3627 1634 τὸν
3650 1579 3752 1648 τῆς

486 1690 593 1729 non
622 1672 733 1743 jam
778 1674 833 1728 in
878 1682 1122 1745 tempore
1145 1716 1161 1741 ,
1199 1689 1301 1729 nec
1339 1690 1458 1729 cum
1487 1676 1699 1730 ratione
1733 1675 1867 1731 ﬁeri.
1903 1674 2069 1744 Magis

2174 1681 2549 1753 αἰχμαλωσίας
2587 1679 2843 1749 κειμένου
2878 1678 3062 1747 ζυγὸν,
3095 1676 3351 1746 οὐδεμιᾶς
3385 1675 3442 1728 δὲ
3474 1671 3751 1743 φροντίδος

485 1769 631 1823 enim
673 1776 931 1836 tanquam
969 1784 998 1820 a
1027 1766 1317 1835 praeteritis
1348 1767 1414 1821 ad
1450 1767 1778 1820 hilaritatem
1818 1767 2068 1833 transire,

485 1867 540 1911 et
573 1857 848 1912 celebrare
876 1858 991 1911 dies
1023 1854 1216 1921 festos,
1250 1865 1304 1911 et
1332 1855 1548 1925 hymnis
1573 1854 1837 1909 libertatis
1865 1855 2070 1909 auctori

486 1952 689 2020 gratias
740 1964 902 2020 agere
973 1950 1349 2004 conveniebat.
1409 1948 1726 2004 Dubitantes
1784 1947 1949 2010 igitur
2004 1948 2072 2002 de

486 2043 681 2111 quibus
728 2056 910 2097 sermo
964 2050 1069 2106 est,
1115 2042 1370 2105 Sarazar,
1425 2049 1482 2094 et
1536 2039 1796 2105 Arseber,
1850 2039 2072 2093 mittttnt

486 2134 748 2203 quosdam
828 2133 1222 2201 interrogatum
1273 2130 1582 2185 sacerdotes
1640 2141 1695 2185 et
1737 2131 2066 2200 prophetas:

493 2243 511 2275 ι
542 2225 792 2294 Ingressa
834 2233 920 2299 est
968 2224 1075 2278 huc
1122 2220 1482 2276 sanctiﬁcatio
1516 2222 1567 2275 in
1622 2236 1808 2276 mense
1854 2222 2066 2290 quinto,

486 2316 629 2370 sicut
677 2313 922 2369 fecerunt
960 2314 1070 2384 jam
1123 2312 1279 2367 annis
1330 2311 1533 2375 multis,
1570 2330 1587 2364 ι
1634 2313 1735 2366 hoc
1774 2321 1877 2378 est,
1916 2327 2067 2378 num,

486 2409 577 2478 qui
608 2407 999 2479 Hierosolymis
1030 2407 1298 2471 habitant,
1338 2420 1462 2460 cum
1502 2405 1633 2474 ipsis
1666 2406 1905 2476 lugeant,
1940 2420 2071 2460 con-

487 2499 941 2569 suetudinemque
990 2498 1043 2553 in
1091 2498 1264 2553 forma
1306 2497 1760 2553 sanctificationis
1811 2498 2069 2552 usitatam

487 2591 775 2661 recipiant,
808 2592 972 2645 etiam
1010 2590 1247 2645 excitato
1276 2589 1498 2659 templo,
1537 2600 1591 2643 et
1632 2589 1809 2644 soluta
1842 2591 2069 2659 captivi-

489 2694 617 2739 tate.
665 2682 1087 2739 Sanctiﬁcabant
1131 2682 1275 2736 enim
1306 2681 1597 2750 jejunium,
1646 2691 1704 2736 ut
1748 2683 1883 2747 dixi,
1927 2682 2070 2736 sicut

483 2777 735 2832 fecerant
762 2775 888 2830 inde
927 2774 996 2829 ab
1024 2774 1183 2829 annis
1219 2775 1423 2829 multis.
1455 2774 1678 2845 Captivo
1704 2775 1849 2828 enim
1874 2773 2070 2829 Israele

488 2874 705 2935 tempus
755 2867 934 2921 luctus
979 2874 1034 2920 et
1077 2866 1179 2935 ipsi
1227 2875 1542 2920 constanter
1591 2864 2068 2932 servabant,jeju-

488 2959 639 3013 nium
675 2958 1106 3022 sanctiﬁcantes,
1134 2965 1191 3010 ut
1213 2956 1326 3025 jam
1356 2958 1507 3025 prius
1536 2957 1792 3011 diximus.
1822 2956 1918 3010 Est
1937 2971 2068 3025 ergo

2172 1775 2265 1827 τοῦ
2297 1774 2441 1826 θείου
2472 1756 2834 1842 τετυχηκότος
2875 1770 3027 1825 ναοῦ.
3065 1768 3285 1839 Ἐπειδὴ
3326 1767 3383 1821 δὲ
3425 1764 3749 1835 ἐπανῆλθον,

2171 1866 2270 1935 τὴν
2293 1865 2520 1937 Περσῶν
2543 1865 2775 1934 ἀφέντες
2795 1864 2892 1918 καὶ
2915 1862 3135 1933 Μήδων,
3159 1861 3255 1915 καὶ
3279 1858 3633 1929 κατῳκήκασι
3653 1855 3753 1925 τὴν

2172 1958 2334 2026 ἁγίαν
2368 1958 2543 2023 πόλιν,
2587 1956 2682 2010 καὶ
2726 1953 2844 2009 εἶτα
2885 1956 2976 2009 τόν
3010 1955 3153 2008 θεῖον
3199 1951 3552 2021 ἀνεδείμαντο
3592 1946 3750 2012 νεὼν,

2174 2051 2349 2104 ὲδόκει
2385 2067 2502 2114 πως
2535 2049 2595 2102 τὸ
2631 2048 2753 2111 ἔθος
2788 2050 2970 2113 αὐτοῖς
3017 2048 3117 2101 οὐκ
3163 2046 3222 2100 ὲν
3256 2042 3433 2115 καιρῷ
3481 2043 3573 2096 καὶ
3610 2040 3753 2108 λόγῳ

2175 2135 2510 2207 πράττεσθαι
2532 2135 2736 2190 λοιπόν.
2763 2136 2909 2189 Ἔδει
2936 2135 3044 2207 γὰρ
3070 2134 3270 2204 μᾶλλον
3298 2134 3373 2197 ὡς
3396 2130 3503 2185 ἀπό
3542 2146 3604 2198 γε
3643 2128 3751 2181 τῶν

2173 2226 2555 2296 γεγενημένων
2588 2227 2977 2298 μεταχωρῆσαι
3010 2224 3145 2295 πρὸς
3170 2223 3452 2293 εὐθυμίαν,
3492 2221 3587 2274 καὶ
3613 2219 3752 2290 πλη-

2177 2318 2301 2388 ροῦν
2349 2319 2562 2389 ἑορτὰς,
2608 2320 2702 2371 καὶ
2747 2318 3134 2388 χαριστηρίους
3182 2315 3443 2369 ἀνάπτειν
3485 2312 3627 2383 ᾠδὰς
3675 2310 3755 2381 τῷ

2171 2409 2463 2478 κεκληκότι
2492 2408 2629 2479 πρὸς
2656 2407 2969 2477 ἐλευθερίαν
3002 2405 3219 2467 αὐτούς.
3266 2400 3660 2466 Ἐνδοιάζοντες
3690 2402 3755 2472 δὴ

2171 2496 2262 2554 οῦν
2299 2502 2347 2552 οἱ
2379 2500 2507 2570 περὶ
2540 2493 2614 2553 ὧν
2642 2502 2670 2551 6
2698 2499 2878 2567 λόγος,
2921 2497 3184 2569 Σαρασάρ
3220 2514 3281 2549 τε
3326 2496 3420 2548 καὶ
3466 2492 3752 2563 Ἀρσεὸὲρ,

2172 2591 2449 2662 πέμπουσί
2497 2608 2649 2653 τινας
2691 2589 3055 2662 ἐρησομένους
3102 2589 3229 2652 τοὺς
3284 2589 3466 2659 ἱερεῖς,
3502 2586 3755 2648 καὶτοὺς

2173 2683 2490 2754 προφήτας·
2531 2700 2549 2733 t
2594 2679 2956 2748 Είσελήλυθεν
3009 2673 3112 2733 ὧδε
3166 2679 3228 2731 τὸ
3280 2678 3526 2747 ἀγίασμα
3567 2679 3625 2728 ὲν
3672 2674 3753 2745 τῷ

2175 2775 2305 2845 μηνὶ
2332 2774 2409 2845 τῷ
2440 2774 2699 2843 πέμπτῳ,
2730 2770 2921 2825 καθότι
2954 2770 3216 2841 ἐποίησαν
3245 2770 3346 2840 ήδη
3384 2766 3540 2821 ἱκανὰ
3570 2765 3683 2836 έτηο
3726 2783 3747 2816 s

2171 2867 2468 2929 τουτέστιν,
2512 2867 2561 2917 εἰ
2610 2864 3113 2933 συνδεδραμήκασιν
3156 2863 3204 2914 οἱ
3242 2860 3456 2914 πενθεῖν
3503 2857 3752 2922 εἰωθότες

2172 2960 2229 3011 ὲν
2255 2961 2367 3020 τοῖς
2412 2944 2823 3027 ⁹Ϊεροσολύμοις,
2872 2956 2967 3008 καὶ
3005 2956 3054 3006 εἰ
3095 2951 3459 3025 παρεδέξαντο
3499 2952 3596 3021 τὴν
3628 2967 3748 3003 συνο

489 3048 863 3103 tltthitantiunt
899 3023 1277 3115 interrogatio,
1324 3023 1503 3100 utrum
1547 3046 1723 3100 adhuc
1767 3023 2067 3115 prmstanda

2174 3049 2360 3119 ήθειαν
2379 3023 2551 3111 αὐτοὶ,
2570 3046 2667 3117 τὴν
2684 3023 2764 3110 ὧς
2797 3050 2853 3099 έν
2881 3046 3068 3117 τρόπῳ
3088 3023 3460 3114 γεγενημένην
3484 3043 3755 3110 ἁγιάσμα-

490 3143 561 3197 sit
595 3141 954 3195 sanctiﬁcatio
983 3148 1037 3193 et
1076 3140 1285 3202 luctus,
1314 3138 1563 3206 quamvis
1600 3138 1798 3206 templo
1838 3138 2067 3193 remdiﬁ-

490 3244 659 3288 cato:
710 3233 871 3303 711
914 3239 1008 3284 aut
1058 3238 1204 3284 certe
1246 3228 1626 3283 abstinendum
1680 3228 1733 3283 in
1766 3238 2065 3298 posterum,

490 3338 654 3379 causa
690 3323 864 3377 luctus
901 3330 1109 3375 remota
1142 3321 1372 3376 scilicet.

2174 3157 2285 3205 τος,
2323 3138 2500 3193 καίτοι
2527 3140 2620 3191 καὶ
2650 3138 3023 3209 ἐγηγερμένου
3051 3138 3143 3191 τοῦ
3174 3138 3319 3190 θείου
3352 3135 3501 3201 ναοῦ,
3537 3135 3633 3188 καὶ
3666 3134 3754 3187 λε-

2175 3229 2413 3301 λυμένης
2451 3229 2551 3300 τῆς
2582 3229 2977 3300 αἰχμαλωσίας.
3031 3228 3294 3296 Ἢγίασαν
3320 3227 3448 3298 γὰρ,
3481 3225 3556 3289 ὡς
3595 3226 3755 3295 ἔφην,

2176 3324 2432 3391 νηστείαν
2476 3322 2617 3376 καθά
2667 3322 2989 3393 δεδράκασιν
3037 3323 3102 3374 ὲκ
3146 3321 3355 3374 πολλῶν
3388 3318 3544 3373 ὲτῶν.
3579 3318 3754 3388 Αἰχμ-

488 3415 696 3469 αλῶτου
731 3414 839 3486 γὰρ
893 3413 1045 3476 ὄντος
1098 3412 1192 3466 τοῦ
1235 3412 1471 3485 Ἰσραὴλ,
1521 3414 1924 3468 διατετελέκασι
1981 3417 2076 3470 καὶ
2114 3416 2268 3470 αὐτοὶ
2296 3418 2386 3471 τὸν
2460 3416 2555 3469 τοῦ
2599 3416 2827 3479 πένθους
2857 3415 3149 3489 τηροῦντες
3198 3416 3409 3487 καιρὸν,
3479 3415 3571 3468 καὶ
3600 3412 3760 3481 ἅγιά-

491 3509 673 3573 ζοντες
704 3508 802 3577 τὴν
828 3507 1099 3575 νηστείαν,
1131 3506 1385 3578 καθάπερ
1421 3507 1519 3577 ήδη
1556 3510 1836 3579 προεῖπον.
1872 3508 2080 3560 Οὐκοῦν
2120 3509 2498 3572 ὲνδοιαζόντων
2529 3512 2562 3579 ἡ
2629 3507 2915 3579 ἐρώτησις,
2960 3508 3187 3577 πότερον
3225 3508 3330 3578 χρὴ
3393 3505 3633 3581 πληροῦν
3677 3504 3758 3559 ἔτι

489 3606 552 3658 τὸ
577 3605 845 3673 ἀγίασμα,
876 3603 970 3656 καὶ
1004 3602 1219 3666 πένθος,
1241 3603 1337 3656 καὶ
1363 3603 1503 3673 μετά
1557 3620 1619 3671 γε
1643 3604 1743 3673 τὴν
1774 3603 1991 3675 ἔγερσιν
2011 3604 2104 3657 τοῦ
2139 3606 2268 3659 ναοῦ
2292 3622 2305 3635 '
2341 3606 2509 3676 ἡγουν
2539 3605 2870 3675 ἀποσχέσθαι
2897 3604 3103 3670 λοιπὸν,
3144 3604 3240 3675 τῆς
3273 3602 3367 3656 τοῦ
3415 3602 3644 3666 πένθους
3672 3601 3758 3654 αἱ·

491 3700 609 3761 τίας
637 3696 880 3748 ἐκποδὼν
906 3695 1213 3765 οἰχομένης.

568 3792 735 3846 Vens.
770 3790 886 3843 4-7.
929 3787 997 3840 Et
1038 3788 1208 3857 factus
1253 3801 1325 3843 est
1366 3806 1532 3843 sermo
1581 3790 1787 3845 Domini
1830 3793 2069 3844 virtutum

2253 3791 2361 3845 Καὶ
2387 3791 2624 3859 ἐγένετο
2643 3791 2825 3860 λόγος
2864 3792 3087 3859 Kvplov
3116 3792 3236 3846 τῶν
3258 3792 3570 3862 δυνάμεων
3606 3794 3755 3862 πρὸς

493 3886 561 3940 ad
595 3902 698 3946 me,
728 3883 903 3935 dicens
936 3893 953 3931 ι
1001 3879 1098 3932 Dic
1129 3883 1269 3933 omni
1310 3883 1499 3950 populo
1526 3894 1700 3945 terra’,
1725 3894 1771 3935 et
1802 3884 1868 3934 ad
1903 3899 2069 3935 sacer-

2180 3880 2306 3950 ἐμὲ,
2331 3880 2525 3950 λέγων
2545 3898 2558 3911 ο
2603 3876 2795 3934 Εἶπον
2828 3882 2977 3948 πρὸς
3016 3881 3251 3935 ἅπαντα
3286 3883 3439 3935 λαὸν
3467 3884 3578 3950 τῆς
3621 3884 3753 3952 γῆς,

493 3980 671 4042 dotes,
716 3977 938 4030 dicens:
974 3974 1037 4031 Si
1075 3974 1448 4044 jejunaveritis
1472 4011 1486 4036 ,
1536 3984 1625 4025 aut
1659 3974 1971 4037 plauxeritis
2020 3974 2069 4028 in

2182 3970 2279 4023 καὶ
2314 3972 2463 4036 πρὸς
2491 3969 2631 4034 τοὺς
2676 3968 2869 4037 ἱερεῖς,
2911 3969 3136 4038 λέγων·
3187 3971 3326 4024 Ἐὰν
3353 3975 3753 4041 νηστεύσητε,

495 4069 727 4139 quintis,
761 4077 853 4120 aut
897 4070 951 4119 in
1002 4066 1254 4131 septimis,
1293 4075 1339 4118 et
1390 4080 1505 4118 ecce
1549 4067 1881 4133 septuaginta
1929 4068 2069 4130 anni,

2181 4061 2277 4115 καὶ
2324 4061 2598 4127 κόψησθε
2641 4061 2710 4113 ἐν
2740 4059 2868 4126 ταῖς
2898 4060 3212 4129 πέμπταις,
3258 4062 3295 4130 ἣ
3333 4063 3402 4115 ἐν
3432 4064 3561 4130 ταῖς
3591 4065 3756 4119 ἐϐδό-

499 4160 734 4228 nunquid
767 4158 1033 4228 jejunium
1054 4156 1342 4226 jejunastis
1374 4155 1542 4208 mihi?
1562 4153 1625 4207 Et
1650 4156 1695 4207 si
1724 4158 2069 4221 comederitis,

2175 4171 2338 4221 μαις,
2376 4152 2473 4204 καὶ
2526 4151 2676 4217 ἰδοὺ,
2730 4152 3139 4221 ἐϐδομήκοντα
3176 4155 3301 4221 ἔτη,
3341 4157 3427 4223 μὴ
3464 4159 3755 4223 νηστείαν

496 4263 586 4306 aut
629 4252 887 4327 biberitis,
936 4265 1108 4303 nonne
1159 4264 1245 4302 vos
1294 4248 1586 4316 comeditis,
1636 4260 1682 4302 et
1720 4265 1810 4301 vos
1859 4248 2069 4301 bibitis?

2180 4242 2617 4312 νενηστεύκατέ
2668 4261 2805 4313 110:;
2859 4244 2969 4299 Καὶ
3020 4246 3129 4298 ἐὰν
3181 4246 3425 4315 φάγητε,
3473 4249 3510 4315 ἢ
3560 4251 3753 4314 πίητε,

497 4361 664 4399 nonne
689 4345 792 4397 ista
838 4344 987 4396 verba
1020 4351 1163 4405 sunt,
1212 4356 1329 4410 qua:
1358 4340 1566 4394 locutus
1616 4351 1690 4394 est
1728 4340 1983 4393 Dominus
2016 4340 2069 4393 in

2177 4337 2289 4403 οὐχ
2328 4335 2496 4403 ὑμεῖς
2526 4335 2774 4399 ἐσθίετε,
2828 4337 2925 4388 καὶ
2957 4336 3123 4405 ὑμεῖς
3156 4338 3393 4402 atrata;
3429 4341 3550 4407 Οὐχ
3591 4336 3755 4394 οὗτοι

498 4439 735 4491 manibus
764 4436 1159 4505 prophetarum.
1182 4432 1271 4503 qui
1302 4445 1423 4488 ante
1448 4434 1660 4503 fuerunt
1683 4433 1939 4502 ?quando
1962 4441 2069 4485 erat

2182 4431 2235 4480 ot
2285 4428 2486 4494 λόγοι,
2548 4427 2653 4491 οὓς
2710 4427 2979 4493 enatum;
3033 4430 3244 4495 Κύριος
3299 4429 3367 4481 ἐν
3418 4431 3589 4497 χερσὶ
3639 4431 3757 4484 τῶν

497 4528 793 4583 Jerusalem
826 4529 1087 4591 habitata,
1132 4536 1181 4581 et
1212 4525 1510 4588 abundans,
1547 4537 1592 4578 et
1624 4525 1858 4577 civitates
1881 4525 1993 4592 ejus
2019 4525 2075 4577 in

498 4624 744 4685 circuitu,
768 4632 814 4675 et
850 4630 1120 4685 montana,
1151 4630 1200 4674 et
1239 4618 1549 4688 campestris
1577 4616 1813 4669 habitata
1837 4629 1931 4672 est.

571 4868 791 4924 XXXV.
828 4869 1415 4939 Quaerebantqutoam,
1449 4879 1509 4925 ut
1540 4872 1653 4939 jam
1696 4870 1875 4935 docui,
1911 4870 1978 4924 de
2008 4885 2073 4924 ea

502 4977 620 5034 quae
656 4972 880 5016 vocatur
919 4961 1281 5015 sanctiﬁcatio
1304 5000 1320 5026 ,
1368 4977 1406 5015 a
1444 4961 1816 5016 sacerdotibus
1848 4971 1901 5016 et
1944 4976 2072 5031 pro-

505 5054 700 5125 phetis,
728 5054 844 5122 qui,
871 5062 931 5107 ut
964 5052 1219 5108 credibile
1256 5053 1333 5117 ﬁt,
1362 5068 1485 5109 cum
1519 5068 1707 5122 preces
1729 5053 2071 5117 obtulissent,

502 5156 558 5203 et
591 5147 717 5217 quid
754 5145 879 5200 talia
920 5146 1117 5214 cupide
1159 5145 1562 5200 sciscitantibus
1598 5145 1799 5215 liquido
1847 5159 2072 5212 respon-

504 5240 713 5304 derent,
753 5237 894 5307 apud
923 5252 982 5294 se
1010 5236 1298 5307 diligenter
1322 5238 1677 5307 cogitassent,
1709 5248 1952 5292 secutum
1990 5246 2076 5292 est

503 5332 728 5386 verbum
755 5345 785 5385 tt
814 5328 945 5395 Deo,
974 5328 1158 5393 breve,
1197 5342 1262 5382 ac
1293 5327 1515 5382 minime
1550 5328 1789 5398 longum,
1834 5328 2074 5397 nihilque

506 5423 789 5479 continens
829 5423 1125 5479 involutum
1156 5438 1171 5477 :
1204 5420 1298 5477 sed
1331 5428 1388 5474 ut
1421 5419 1497 5474 ita
1530 5417 1798 5485 dicamus,
1848 5421 2071 5485 nudum,

2176 4518 2503 4587 προφητῶν
2554 4518 2673 4571 τῶν
2726 4519 3099 4585 ἔμπροσθεν;
3152 4520 3283 4572 Ὅτε
3335 4517 3414 4589 ἦν
3461 4522 3755 4588 Ἰερουσα..

2173 4609 2306 4678 λὴμ
2332 4596 2786 4674 κατοίκουμένη.
2814 4608 2909 4660 καὶ
2939 4610 3304 4676 εὐθηνοῦαα,
3333 4612 3429 4664 καὶ
3460 4598 3519 4663 ui
3550 4613 3755 4678 πόλεις

2180 4703 2482 4755 κυκλόθεν
2533 4698 2742 4765 αὐτῆς,
2792 4700 2887 4751 καὶ
2936 4702 2975 4767 ἡ
3028 4701 3249 4769 ὀρεινὴ,
3302 4702 3397 4755 καὶ
3450 4705 3487 4771 ἠ
3539 4705 3752 4771 πεδινὴ

2180 4791 2516 4857 κατῳκεῖτο.

2250 4879 2378 4929 ΛΕ’,
2426 4878 2656 4948 Ἴῐροντό
2694 4895 2859 4941 τινες,
2907 4880 2981 4943 ὼς
3017 4880 3117 4952 ήδη
3167 4885 3446 4953 προεῖπον,
3490 4884 3750 4957 περὶτοῦ

2181 4969 2410 5039 ἐπίκλην
2453 4971 2810 5040 ἀγιάσματος,
2858 4971 2984 5035 τούς
3013 4989 3069 5024 τε
3119 4975 3296 5044 ἱερέας
3341 4978 3434 5028 καὶ
3469 4976 3595 5040 τοὺς
3625 4993 3756 5047 προ-

2183 5061 2378 5131 φήτας,
2419 5063 2558 5114 κατὰ
2583 5062 2638 5113 δὲ
2675 5062 2736 5114 τὸ
2765 5062 2932 5126 εἰκὸς,
2973 5068 3428 5136 προσαγήοχότων
3454 5069 3553 5130 τὰς
3581 5069 3753 5133 λιτὰς,

2180 5155 2277 5205 καὶ
2309 5153 2390 5205 ὃτι
2422 5153 2688 5222 προσήκοι
2729 5155 2843 5217 τοῖς
2875 5155 2942 5208 τὰ
2989 5156 3160 5208 τοιάδε
3208 5159 3586 5226 φιλοπευστεῖν
3620 5163 3757 5232 ᾑρη-

2185 5240 2365 5309 μένοις
2389 5240 2778 5311 ἀποκρίνεσθαι
2807 5244 2993 5312 σαφῶς
3018 5244 3501 5312 διεσπουδακότων,
3528 5247 3645 5304 εἷτὰ
3673 5269 3756 5313 τις

2180 5334 2208 5385 6
2241 5332 2394 5400 λόγος
2423 5335 2450 5385 ὁ
2484 5332 2633 5403 ποιρά
2660 5333 2817 5397 Θεοῦ,
2851 5335 3057 5407 βραχύς
3086 5355 3144 5390 τε
3180 5341 3271 5391 καὶ
3307 5340 3366 5391 οὐ
3401 5339 3630 5410 μακρὸς,
3663 5344 3755 5395 καὶ

2181 5423 2333 5477 οὐδὲν
2365 5424 2504 5493 έχων
2542 5425 2603 5477 τὸ
2636 5428 2970 5498 περισκεπές
2992 5446 3005 5460 ο
3038 5430 3152 5483 ἀλλ’
3178 5432 3242 5483 ἵν’
3276 5431 3447 5497 οὕτως
3488 5434 3752 5504 εἴπωμεν,

579 5603 658 5677 (ι)
698 5603 806 5661 Vox
865 5615 1139 5675 corrupta,
1184 5613 1236 5660 ut
1273 5611 1494 5673 apparet
1524 5621 1535 5659 :
1589 5610 1680 5658 aut
1710 5614 1919 5671 expone
1961 5600 2220 5659 decretum
2258 5603 2513 5672 farciunt,
2544 5616 2589 5659 et
2619 5605 2974 5677 obsignarn'tl,
3001 5624 3027 5659 a
3056 5610 3262 5667 τυπίω.
