4092 6202
475 305 563 361 lli

1452 301 1510 356 S.
1552 295 1827 355 CYHlLLl
1869 289 2342 352 ALEXANDHINI
2383 291 2697 348 AlltLHil'll’.

3634 287 3732 343 ιιι

465 431 587 477 vata
621 428 738 485 est;
787 432 910 475 vera
946 426 1125 474 autem
1177 417 1368 471 civitas
1415 414 2040 479 vocabiturlerusalem,

2167 409 2268 472 Ξας,
2315 408 2544 478 ἀληθινὴ
2588 408 2642 461 δὲ
2691 407 2844 469 πόλις
2894 408 3226 480 κληθήσεται
3285 398 3322 468 ἠ
3357 403 3731 476 Ἰερουσαλὴμ,

480 527 586 568 non
617 511 752 582 jam,
783 519 841 564 ut
881 509 1034 573 olim,
1064 508 1165 562 diis
1199 523 1359 561 manu
1398 507 1676 562 fabricatis
1718 516 1772 562 et
1824 505 2047 559 simula-

467 605 574 658 cris
618 601 786 657 Deum
829 599 1217 654 mentientibus
1260 599 1460 654 cultum
1507 599 1745 653 divinum
1781 598 2043 678 tribuens.

467 701 560 750 sed
605 710 792 761 unum,
831 702 884 748 et
913 702 1106 748 natura
1142 700 1194 745 et
1225 707 1410 746 verum
1473 691 1638 745 Dettm
1671 691 1817 744 omni
1853 704 2048 758 genere

469 785 731 840 bonitatis
761 783 968 846 colens,
995 790 1052 834 ut
1077 780 1128 833 in
1164 779 1404 833 futurum
1434 780 1638 850 legibus
1667 780 2050 834 convenienter

467 876 652 930 virere
682 872 832 937 velit,
861 880 917 923 et
951 872 1017 923 ad
1060 869 1240 922 omnia
1274 867 1431 922 facile
1462 868 1740 924 obediens.

536 963 988 1022 Accommodabis
1017 977 1180 1031 porro
1211 977 1315 1016 non
1348 961 1526 1028 inepte
1555 959 1864 1030 huiusmodi
1893 974 2052 1014 voces

465 1061 512 1111 ei
552 1058 648 1130 qui
701 1065 922 1128 propter
949 1069 1048 1109 nos
1079 1063 1137 1108 ut
1168 1067 1307 1107 unus
1334 1066 1398 1108 ex
1434 1051 1590 1106 nobis
1616 1051 1790 1106 factus
1815 1060 1930 1117 est,
1959 1052 2050 1104 Dei

466 1151 659 1215 Filius,
693 1149 783 1219 qui
819 1162 942 1203 cum
974 1147 1027 1201 in
1065 1145 1235 1200 forma
1268 1143 1447 1201 Patris
1476 1154 1639 1208 esset,
1670 1153 1724 1199 et
1753 1144 1974 1213 aequalis
2005 1145 2052 1198 ei

470 1259 565 1314 per
607 1243 829 1308 omnia,
867 1259 885 1292 ι
928 1239 1167 1308 seipsum
1204 1237 1543 1303 exinanivit,
1582 1237 1755 1294 forma
1789 1237 2054 1293 servi'ac-

471 1344 650 1404 cepta,
678 1345 733 1388 et
759 1333 936 1388 factus
963 1341 1046 1387 est
1081 1334 1261 1392 homo,
1289 1339 1344 1386 et
1369 1344 1574 1400 egenus
1599 1340 1824 1400 prepter
1849 1345 1966 1392 nos,
1999 1338 2057 1383 nt

472 1443 570 1482 nos
599 1426 743 1481 illius
777 1425 956 1495 inopia
987 1424 1186 1478 divites
1213 1438 1456 1478 essemus
1481 1423 1548 1476 ”.
1584 1441 1601 1473 ι
1633 1422 1777 1492 Ergo
1806 1422 1896 1492 qui
1929 1422 2054 1475 olim

471 1529 689 1590 propter
714 1517 1200 1589 transgressionem
1245 1516 1296 1572 in
1327 1515 1517 1579 Adam,
1553 1532 1572 1566 ι
1605 1525 1659 1570 et
1691 1515 1814 1584 quia
1847 1514 2057 1568 incum-

468 1612 548 1664 bit
573 1610 828 1680 cogitatio
856 1608 1088 1663 hominis
1113 1607 1176 1662 ad
1205 1607 1344 1661 mala
1368 1607 1435 1660 ab
1458 1606 1820 1660 adolescentia
1845 1621 1942 1660 sua
1965 1607 2002 1668 ¹,
2035 1626 2051 1655 ι

465 1703 611 1770 juste
640 1716 864 1756 aversus
887 1709 992 1762 est,
1017 1699 1083 1752 ad
1114 1713 1213 1753 nos
1241 1698 1440 1762 denuo,
1467 1708 1524 1750 ut
1552 1714 1617 1751 ex
1648 1699 1876 1752 naturali
1905 1715 2058 1751 mau-

2149 501 2331 553 οὐκέτι
2361 500 2502 553 καθά
2545 502 2639 552 καὶ
2677 499 2842 552 πάλαι
2872 502 2986 562 τοῖς
3035 499 3427 569 χειροκμήτοις
3463 496 3603 558 θεοῖς
3644 499 3736 552 καὶ

2149 595 2262 655 τοῖς
2288 590 2661 660 ψευδωνύμως
2705 590 2990 659 ίνδάλμασι
3033 589 3475 660 προσκομίζουσα
3505 589 3604 650 τὰς
3644 588 3738 641 λα·

2150 684 2371 754 τρείας·
2401 682 2536 735 ἀλλὰ
2574 682 2664 735 τὸν
2719 682 2815 735 ἕνα
2855 682 2950 734 καὶ
2981 681 3138 750 φύσει
3189 683 3282 733 καὶ
3321 679 3572 750 ἀληθινὸν
3611 678 3743 732 Θεὸν

2153 774 2533 846 θεραπεύουσα
2574 776 2691 838 ταῖς
2720 773 3064 836 ἐπιεικείαις,
3097 773 3184 826 διὰ
3213 772 3308 825 τοῦ
3355 772 3452 841 ζῇν
3496 771 3741 841 ἐννόμως

2155 868 2368 920 ἑλέσθαι
2397 867 2606 932 λοιπὸν,
2649 869 2744 920 καὶ
2772 868 2891 928 ταῖς
2931 867 3006 928 είς
3036 866 3143 917 πᾶν
3175 865 3353 918 ὁτιοῦν
3388 863 3737 925 εὐπειθείαις.

2230 957 2523 1029 Περιθείης
2552 959 2596 1012 δ’
2628 957 2693 1011 ἂν
2742 957 2968 1020 είκότως
3001 956 3100 1020 τὰς
3122 955 3332 1008 τοιάσδε
3365 955 3546 1022 φωνάς
3572 953 3650 1025 τῷ
3677 953 3743 1007 δι’

2156 1049 2304 1120 ἡμᾶς
2332 1049 2452 1102 καθ’
2480 1029 2628 1119 ἡμᾶς
2658 1048 2904 1118 γεγονότι.
2932 1046 3111 1117 Λόγῳ,
3149 1047 3207 1109 ὃς
3229 1047 3488 1116 ὑπάρχων
3515 1047 3570 1100 ὲν
3604 1062 3742 1116 μορ-

2157 1144 2230 1210 φῇ
2270 1140 2364 1193 τοῦ
2419 1141 2846 1212 γεγεννηκότος,
2899 1141 2994 1193 καὶ
3047 1141 3104 1192 ὲν
3160 1139 3364 1208 ἰσότητι
3415 1137 3558 1191 κατὰ
3602 1138 3744 1199 πᾶν,

2161 1253 2182 1286 t
2222 1234 2411 1287 ἑαυτὸν
2452 1234 2712 1298 ἐκένωσε,
2763 1233 2975 1303 μορφὴν
3019 1231 3206 1284 δούλου
3260 1229 3442 1283 λαϐὼν
3475 1271 3492 1295 ,
3519 1230 3622 1282 καὶ
3651 1229 3739 1296 γέ·

2159 1344 2312 1396 γονεν
2335 1327 2640 1398 ἅνθρωπος,
2677 1326 2770 1379 καὶ
2823 1323 3136 1394 ἐπτώχευσε
3163 1323 3230 1376 δι’
3259 1323 3428 1392 ἡμᾶς,
3465 1321 3554 1373 ἵνα
3583 1321 3746 1390 ἡμεῖς

2157 1424 2224 1491 τῇ
2257 1419 2419 1472 αὐτοῦ
2449 1417 2693 1488 πτωχεία
2749 1416 3164 1486 πλουτήσωμεν.
3205 1433 3223 1465 ι
3266 1413 3474 1466 Οὐκοῦν
3502 1415 3530 1465 ὁ
3580 1411 3748 1466 πάλαι

2158 1513 2247 1566 διά
2273 1529 2328 1564 τε
2361 1511 2459 1581 τὴν
2485 1512 2543 1563 ὲν
2594 1510 2765 1579 Ἀδάμ
2810 1507 3143 1580 παράϐασιν,
3185 1529 3203 1558 ι
3250 1507 3341 1559 καὶ
3367 1505 3427 1558 τὸ
3462 1502 3746 1573 ἐγκεῖσθαι

2159 1601 2256 1672 τὴν
2277 1600 2517 1654 διάνοιαν
2550 1597 2642 1652 τοῦ
2673 1596 2964 1668 ἀνθρώπου
3009 1597 3102 1650 ἐπὶ
3124 1596 3192 1649 τὰ
3223 1595 3435 1665 πονηρὰ
3465 1595 3526 1646 ὲκ
3562 1595 3748 1662 νεότη-

2162 1709 2273 1755 τος,
2306 1711 2323 1743 ι
2360 1690 2582 1754 δικαίως
2609 1690 3005 1760 ἀποστραφεὶς,
3061 1687 3365 1758 ἐπέστρεψε
3419 1687 3553 1757 πρὸς
3601 1685 3748 1755 ἡμᾶς

472 1792 758 1845 suetudine
787 1803 1038 1844 reversus
1065 1797 1168 1850 est,
1198 1798 1252 1840 et
1287 1788 1582 1842 Ecclesiam
1612 1788 1894 1855 habitavit,
1925 1790 2055 1843 civi-

2167 1788 2232 1851 ὣς
2260 1787 2320 1852 ἐξ
2351 1787 2598 1858 ἐμφύτου
2653 1785 2840 1838 λοιπον
2872 1784 3233 1856 ἡμερότητος,
3296 1781 3390 1835 καὶ
3444 1779 3743 1852 κατῴκηκε

475 1891 749 1951 talemque
777 1890 832 1934 ct
866 1879 1234 1935 habitaculum
1289 1888 1534 1932 sanctum
1570 1880 1940 1935 sanctiﬁcatos
1971 1881 2065 1963 ef-_

475 1973 620 2029 fecit.
656 1975 745 2030 Ait
780 1973 922 2027 enim
961 1971 1159 2026 alicubi
1202 1974 1267 2025 de
1303 1971 1508 2034 electa,
1547 1970 1785 2025 Ecclesia
1821 1972 2004 2041 utique
2039 1991 2051 2028 :

480 2084 498 2116 ι
532 2065 627 2119 llic
647 2065 921 2128 habitabo,
939 2063 1193 2134 quoniam
1217 2063 1352 2132 elegi
1378 2064 1558 2117 eam‘.
1589 2082 1608 2115 ι
1639 2062 1825 2118 Psallit
1851 2075 1903 2118 et
1928 2065 2059 2118 bea-

479 2170 564 2212 tus
595 2157 797 2212 David:
823 2175 841 2208 ι
870 2156 1118 2211 Gloriosa
1139 2155 1283 2209 dicta
1307 2163 1434 2209 sunt
1458 2155 1522 2208 de
1542 2165 1614 2221 te,
1635 2155 1826 2210 civitas
1853 2155 1942 2210 Dei
1962 2155 2002 2208 ³.
2033 2173 2052 2206 ι

478 2249 629 2303 llanc
668 2248 822 2302 nobis
863 2247 991 2302 item
1029 2246 1290 2316 propheta
1331 2245 1496 2300 Isaias
1531 2245 1789 2299 indicavit
1825 2264 1838 2300 :
1881 2264 1900 2296 ς
1946 2246 2060 2300 Erit

476 2337 530 2390 in
577 2335 883 2391 novissimis
923 2335 1114 2390 diebus
1163 2335 1480 2389 manifestus
1525 2351 1676 2390 mons
1717 2335 1965 2400 Domini,
2007 2344 2062 2390 et.

479 2429 671 2483 domus
723 2427 814 2481 Dei
861 2425 914 2482 in
961 2427 1273 2482 summitate
1321 2428 1616 2491 montium,
1664 2437 1718 2480 et
1763 2427 2060 2480 elevabitur

479 2534 640 2590 super
676 2518 874 2583 colles,
909 2525 964 2573 et
998 2518 1214 2572 venient
1251 2519 1317 2573 ad
1359 2533 1482 2574 eum
1517 2533 1705 2574 omnes
1740 2529 1928 2590 gentes
1951 2519 1990 2573 ⁸.
2035 2538 2054 2572 ι

477 2609 779 2679 Conspicua
828 2617 911 2663 est
955 2609 1097 2663 enim
1145 2609 1387 2664 Ecclesia
1434 2608 1673 2674 Christi,
1715 2620 1771 2664 et
1813 2609 1954 2664 velut
2005 2611 2059 2664 in

480 2710 662 2756 monte
689 2700 860 2769 posita
885 2708 1032 2768 patet
1054 2699 1324 2754 omnibus.
1346 2698 1548 2755 Vocata
1572 2711 1653 2756 est
1675 2701 1874 2756 deinde
1893 2701 2058 2757 etiam

477 2809 631 2857 uera,
662 2792 973 2860 neutiquam
1003 2791 1146 2861 typis
1175 2799 1227 2845 et
1256 2792 1460 2846 tnnbris
1493 2793 1769 2854 serviens,
1800 2797 1895 2848 sed
1925 2793 2063 2846 veri-

485 2891 645 2936 tatem
683 2880 957 2950 complcxa
998 2882 1209 2950 potius,
1246 2898 1364 2952 qum
1402 2893 1489 2938 est
1527 2885 1810 2948 Christus,
1877 2896 1928 2940 et
1967 2884 2064 2938 ad-

482 2976 785 3028 orationem
823 2975 874 3026 in
911 2974 1104 3044 spiritu
1141 2989 1204 3028 ac
1233 2976 1464 3029 veritate
1494 2991 1760 3044 usurpans
1781 2977 1823 3031 ".

2158 1881 2258 1950 τὴν
2319 1879 2668 1950 Ἐκκλησίαν,
2733 1877 2884 1931 πόλιν
2933 1894 2992 1930 τε
3040 1877 3134 1930 καὶ
3199 1874 3519 1944 ἐνδιαίτημα
3555 1873 3750 1925 σεπτὸν

2161 1970 2454 2039 ἐποιήσατο
2503 1971 2630 2032 τοὺς
2670 1968 3056 2038 ήγιασμένους.
3112 1966 3255 2034 Ἔφη
3308 1963 3416 2033 γάρ
3471 1978 3573 2014 που
3621 1962 3753 2032 περὶ

2164 2061 2411 2131 αἱρετῆς,
2447 2059 2605 2130 δῆλον
2651 2059 2706 2112 δὲ
2745 2060 2820 2111 ὅτι
2851 2060 2952 2128 τῆς
3000 2057 3328 2127 Ἑκκλησίας
3353 2072 3366 2085 ·
3397 2075 3415 2106 ι
3453 2051 3579 2108 Ὧδε
3621 2071 3751 2108 κατ-

2162 2154 2370 2223 οικήσω
2393 2191 2406 2215 ,
2451 2152 2533 2204 ὃτι
2567 2151 2912 2223 ᾑρετισάμην
2956 2150 3147 2220 αὑτήν.
3184 2168 3204 2201 ι
3259 2149 3464 2201 Ψάλλει
3507 2147 3563 2200 δὲ
3601 2147 3694 2199 καὶ
3724 2148 3754 2198 ό

2169 2245 2436 2314 μακάριος
2459 2243 2640 2296 Δαϐίδ·
2677 2261 2695 2293 t
2726 2242 3103 2310 Δεδοξασμένα
3133 2241 3370 2311 ἐλαλήθη
3433 2241 3564 2310 περὶ
3620 2237 3712 2291 σοῦ
3736 2279 3752 2303 ,

2166 2337 2200 2405 ή
2234 2334 2386 2396 πόλις
2423 2334 2518 2386 τοῦ
2545 2332 2701 2386 Θεοῦ.
2737 2352 2754 2384 ›
2781 2331 2996 2401 Ταύτην
3025 2334 3156 2403 ἡμῖν
3186 2334 3534 2402 κατεμήνυσε
3593 2331 3685 2384 καὶ
3726 2333 3755 2384 ό

2165 2427 2453 2498 προφήτης
2485 2425 2732 2489 Ἡσαΐας,
2765 2425 2958 2492 λέγων·
2985 2444 3002 2476 ι
3029 2425 3217 2478 Ἔσται
3257 2425 3314 2477 ὲν
3344 2426 3465 2486 ταῖς
3498 2423 3758 2492 ἐσχάταις

2165 2519 2402 2591 ἡμέραις
2435 2518 2673 2588 ἐμφανὲς
2722 2518 2783 2571 τὸ
2838 2517 2965 2588 ὅρος
3014 2517 3242 2589 Κυρίου,
3286 2518 3380 2571 καὶ
3413 2518 3441 2569 ὁ
3479 2512 3630 2579 οἶκος
3662 2514 3756 2566 τοῦ

2167 2610 2301 2664 Θεοῦ
2334 2613 2420 2664 ἐπ’
2437 2611 2623 2680 ἄκρων
2649 2608 2756 2662 τῶν
2780 2609 2973 2680 ὀρέων,
3002 2610 3095 2662 καὶ
3117 2608 3468 2678 ὑψωθήσεται
3500 2606 3759 2675 ὑπεράνω

2164 2701 2272 2755 τῶν
2305 2701 2531 2771 βουνῶν,
2563 2700 2656 2752 καὶ
2675 2699 2897 2770 ἥξουσιν
2932 2700 3019 2752 ἐπ’
3047 2699 3209 2753 αὑτὸν
3239 2699 3418 2753 πάντα
3447 2698 3513 2751 τὰ
3539 2698 3688 2767 ἔθνη.
3731 2713 3753 2748 s

2170 2793 2470 2866 Περίοπτος
2501 2791 2609 2862 γάρ
2639 2793 2672 2862 ή
2709 2791 3004 2860 Ἐκκλησία
3031 2789 3269 2862 Χριστοῦ
3290 2831 3304 2854 ,
3346 2791 3439 2844 καὶ
3471 2785 3667 2859 οἷάπερ
3702 2789 3759 2841 ὲν

2167 2887 2284 2956 ὁρει
2313 2886 2564 2955 κειμένη,
2594 2887 2704 2949 τοῖς
2736 2883 3050 2953 ἁπανταχοῦ
3094 2883 3446 2955 γνωρίζεται.
3477 2881 3760 2949 Κέκληται

2167 2977 2225 3029 δὲ
2279 2979 2372 3030 καὶ
2403 2977 2687 3045 ἀληθινὴ,
2743 2978 2945 3047 ἥκιστα
2997 2980 3094 3048 μὲν
3143 2975 3336 3041 τύποις
3384 2976 3628 3046 ἢσκιαῐς
3659 2973 3759 3024 λα-

483 3071 769 3142 τρεύουσα’
820 3070 1242 3142 παραδεξαμένη
1271 3071 1325 3126 δὲ
1358 3072 1557 3143 μᾶλλον
1586 3074 1686 3145 τὴν
1747 3073 2009 3145 ἀλήθειαν
2033 3075 2100 3146 ,ἦ
2139 3076 2252 3129 ἐστι
2283 3075 2536 3147 Χριστὸς,
2566 3077 2658 3129 καὶ
2715 3077 2813 3145 τὴν
2837 3077 2893 3127 ὲν
2925 3074 3196 3146 πνεύματι
3240 3076 3332 3128 καὶ
3361 3072 3591 3146 ἀληθείᾳ
3624 3073 3762 3140 πλη.

487 3163 654 3234 ροῦσα
684 3163 1075 3235 προσκύνησιν.

560 3259 719 3315 Vsus.
755 3260 816 3326 ὁ,
850 3260 904 3316 5.
942 3258 1071 3314 "me
1106 3261 1233 3330 dicit
1270 3261 1525 3316 Dominus
1560 3265 1884 3331 omnipotens
1915 3279 1932 3316 :
1961 3263 2063 3315 Ad-

2250 3257 2395 3311 Τάδε
2450 3255 2610 3327 λέγει
2654 3258 2868 3324 Κύριος
2921 3255 3375 3325 παντοκράτωρ·
3452 3259 3572 3312 Ἔτι
3624 3261 3766 3316 καθ-

485 3355 588 3407 Itue
623 3351 874 3406 sedebant
909 3354 1139 3408 seniores
1187 3363 1235 3408 et
1269 3371 1403 3408 anus
1448 3355 1502 3408 in
1533 3356 1720 3424 plateis
1753 3355 2068 3420 Jerusalem,

485 3443 840 3512 unusquisque
881 3443 1081 3513 virgam
1122 3443 1226 3497 sive
1269 3444 1548 3512 scipionem
1591 3461 1745 3498 suum
1787 3447 1978 3498 habent
2019 3446 2071 3498 iu

487 3549 646 3587 manu
675 3551 793 3598 sua,
826 3549 935 3601 pne
965 3534 1298 3588 multitudine
1331 3535 1495 3606 716
1536 3537 1758 3590 dierum.
1789 3535 1857 3591 Et
1888 3537 2074 3606 plateae

488 3624 717 3677 civitatis
759 3623 1095 3692 replebutrtur
1116 3623 1350 3693 puerulis
1401 3633 1451 3680 et
1480 3625 1668 3696 puellis
1697 3625 1992 3682 ludentibus
2018 3627 2071 3680 in

488 3715 670 3770 olateis
697 3715 832 3784 ejus.

563 3890 674 3943 XL.
713 3889 1020 3944 .lndaeorum
1064 3901 1222 3959 gente
1266 3892 1404 3946 bello
1435 3893 1743 3962 absumpta,
1783 3895 1945 3948 urbes
1977 3910 2070 3950 eo-

491 3998 608 4034 rum
651 3980 718 4034 ab
761 3981 953 4038 incolis
989 3997 1218 4050 vacuas,
1256 3993 1311 4038 et
1351 3984 1542 4039 domos
1581 4000 1702 4039 cum
1741 3986 2074 4054 elegantibus

489 4089 674 4129 earum
707 4074 995 4129 structuris
1036 4083 1091 4128 et
1129 4076 1387 4142 operibus
1413 4075 1620 4130 dirutas
1648 4079 1886 4145 conspici
1914 4092 2074 4146 opor-

493 4164 664 4219 tebat.
690 4163 884 4218 Verum
909 4178 1039 4218 ecce
1063 4164 1301 4219 reversis
1322 4165 1390 4220 ab
1413 4165 1661 4220 hostibus
1682 4165 1930 4235 quamvis
1953 4166 2071 4220 diu-

495 4267 706 4310 turnam
749 4269 936 4326 pacem
973 4255 1225 4310 daturum
1265 4271 1326 4311 se
1360 4257 1667 4325 pollicetur,
1703 4273 1864 4328 quam
1899 4257 2073 4314 Graeci

490 4347 1055 4402 accommodatissime
1066 4348 1452 4420 κουροτρόφον,
1471 4366 1757 4421 puerorum
1787 4353 2073 4418 nutricem,

492 4438 852 4508 appellarunt.
886 4437 1054 4493 Natos
1089 4440 1289 4510 quippe
1321 4443 1387 4496 ad
1423 4443 1762 4512 pubertatem
1797 4444 2073 4512 perducit,

490 4541 545 4583 et
560 4527 838 4596 juventam
863 4529 1123 4600 ingressis
1145 4532 1284 4586 viam
1311 4534 1376 4585 ad
1402 4542 1734 4591 senccuttem
1771 4535 1914 4589 velut
1939 4545 2077 4590 ster-

2173 3351 2426 3415 ἠονονται
2464 3351 2852 3418 πρεσϐύτεροι
2924 3349 3022 3402 καὶ
3077 3349 3467 3419 πρεσϐύτεραι
3520 3351 3590 3403 ἐν
3635 3353 3765 3420 ταῖς

2173 3442 2483 3508 πλατείαις
2533 3442 2950 3511 Ἰερουσαλὴμ,
2977 3441 3237 3507 ἕκαστος
3271 3441 3385 3509 τὴν
3408 3442 3639 3509 ῥάϐδον
3658 3447 3765 3499 αὐ·

2173 3533 2278 3586 τοῦ
2309 3531 2468 3601 ἔχων
2512 3533 2582 3585 ἐν
2615 3531 2686 3600 τῇ
2727 3532 2877 3602 χειρὶ
2913 3531 3121 3596 αὑτοῦ,
3149 3531 3268 3585 ἀπὸ
3301 3533 3578 3598 πλήθους
3622 3535 3765 3604 ἠμε-

2165 3625 2313 3692 ρών.
2347 3625 2451 3677 Kal
2483 3627 2540 3678 al
2567 3623 2841 3677 πλατεῖαι
2894 3620 3000 3689 τῆς
3038 3622 3271 3688 πόλεως
3299 3622 3765 3689 πλησθήσοντιιι

2173 3716 2501 3784 παιδαρίων
2578 3715 2678 3768 καὶ
2740 3715 3043 3782 κοριισίων
3108 3713 3439 3774 παίων-των
3495 3715 3564 3768 ἐν
3633 3716 3764 3782 ταῖς

2174 3808 2485 3870 πλατείαις
2530 3807 2738 3874 αὐτῆς.

2245 3902 2334 3953 Μ’.
2366 3901 2786 3967 Δαπανήσαντος
2840 3897 2936 3950 τοῦ
2972 3898 3212 3968 πολέμου
3243 3897 3304 3951 τὸ
3327 3897 3437 3951 τῶν
3477 3897 3763 3952 Ἰουδαίων

2175 3991 2348 4056 ἔθνος,
2382 3990 2732 4061 συμϐέϐηκεν
2758 3991 3074 4058 ἀναγκαίως
3117 3991 3278 4056 κενὰς
3310 3992 3418 4044 τῶν
3452 3993 3764 4062 κατῳκηκό-

2173 4099 2283 4136 των
2311 4082 2408 4145 τάς
2434 4082 2562 4153 παρ’
2587 4083 2769 4146 αὐτοῖς
2799 4083 3055 4151 γενέσθαι
3085 4083 3288 4148 πόλεις,
3330 4083 3513 4146 οἴκους
3535 4101 3592 4136 τε
3625 4102 3762 4137 κατ-

2175 4174 2546 4247 ερριμμένους
2573 4177 2724 4246 ὁρᾷν,
2757 4177 2849 4228 καὶ
2878 4175 2985 4228 τῶν
3008 4177 3064 4228 ἐν
3084 4175 3264 4238 αὐτοῖς
3303 4178 3766 4247 κατασκευασμά-

2174 4285 2283 4320 των
2309 4267 2375 4320 τά
2406 4266 2598 4336 κάλλη.
2646 4266 2783 4319 Ἀλλ’
2830 4266 2959 4331 ἰδοὺ,
3011 4267 3400 4338 τροπωθέντων
3439 4269 3624 4332 αὐτοῖς
3652 4269 3767 4324 τῶν

2176 4357 2408 4430 ἐχθρῶν,
2437 4357 2539 4412 κᾶν
2597 4358 2811 4428 μακρὰν
2856 4360 3078 4430 εἰρήνην
3134 4360 3440 4430 χαριεῖσθαι
3480 4372 3764 4430 κατεπαγο

2176 4450 2443 4517 τέλλεται,
2493 4451 2578 4520 ἢν,
2637 4450 2733 4502 καὶ
2795 4449 2939 4519 μάλα
2990 4449 3186 4520 ὀρθῶς,
3253 4451 3523 4522 Ἑλλήνιον
3575 4453 3762 4516 παῖδες

2177 4540 2504 4610 ὀνομάζουσι
2534 4543 2959 4608 κουροτρόφον.
2984 4542 3026 4592 Τ
3029 4545 3122 4603 οὺς
3156 4543 3254 4611 μὲν
3272 4543 3382 4614 γάρ
3411 4546 3765 4614 τικτομένολς

493 4623 593 4685 nit,
622 4622 839 4676 neruine
862 4634 1131 4690 vastante,
1159 4639 1261 4678 u0n
1291 4624 1428 4679 bello
1454 4632 1740 4689 atterente,
1769 4641 1872 4679 non
1901 4643 2063 4696 pugna

2181 4630 2500 4700 ἀνακομίζει
2558 4631 2690 4700 πρὸς
2737 4630 2903 4700 ἥϐην,
2957 4634 3067 4694 τοῖς
3100 4631 3156 4685 δὲ
3202 4634 3302 4704 ήδη
3345 4636 3593 4704 γεγονόσι
3627 4637 3766 4698 νέοις

495 4712 806 4764 devorante.
842 4712 1272 4767 Existimant]qu
1312 4713 1496 4782 igitur,
1527 4724 1582 4769 et
1616 4713 1988 4779 meritissimo,
2021 4716 2073 4767 in

499 4813 631 4868 pace
664 4803 825 4854 urbes
857 4802 1071 4856 tametsi
1103 4801 1240 4856 latas
1269 4814 1322 4855 et
1354 4805 1563 4873 longas,
1598 4814 1776 4859 tamen
1821 4817 2076 4875 angustas

495 4889 668 4943 visum
703 4888 802 4952 iri,
830 4898 885 4944 et
913 4889 1151 4944 minores
1181 4906 1342 4962 quam
1377 4893 1670 4948 incolarum
1703 4910 1802 4963 pro
1832 4894 2076 4950 multitu-

498 4979 642 5034 dine.
667 4978 850 5033 Talem
876 4979 1201 5033 seutentiam
1231 4991 1493 5050 praeterea
1521 4995 1584 5036 ex
1619 4982 1776 5040 dictis
1801 4983 2071 5040 elicimus.

489 5067 584 5128 'Ait
616 5071 758 5128 enim
793 5085 1040 5128 sessuros
1085 5071 1137 5124 in
1174 5071 1366 5141 plateis
1399 5070 1698 5128 Jerusalem
1749 5076 1992 5132 seniores
2023 5086 2078 5131 et

497 5182 662 5232 anus,
703 5165 880 5234 virgas
922 5165 1118 5232 quibus
1163 5164 1506 5218 mediocriter
1545 5167 1868 5231 imber-illam
1913 5183 2065 5224 sene-

411 5327 421 5338 .
497 5267 696 5311 ctutein
737 5258 1107 5325 consolentur,
1167 5269 1221 5314 et
1275 5259 1522 5314 baculum
1561 5278 1655 5331 pro
1691 5263 2077 5318 manuduetore

499 5347 783 5406 habentes.
813 5350 940 5418 Quae
976 5367 1061 5404 res
1095 5353 1330 5405 laudatio
1361 5365 1443 5408 est
1477 5365 1799 5424 temporum,
1827 5366 1882 5410 et
1909 5357 2077 5426 longae

495 5441 676 5506 pacis,
706 5443 1052 5504 perducentis
1087 5446 1153 5499 ad
1185 5446 1484 5597 jgzntatis
1520 5463 1690 5502 annos
1724 5448 1990 5516 infantes,
2023 5463 2077 5504 et

504 5703 521 5731 ι
557 5640 612 5731 :9
656 5639 1087 5731 ΡΙιὶΙινρᾹηιιὶηεη
1141 5648 1180 5700 ll
1223 5648 1346 5703 Cor.
1386 5666 1502 5717 \‘ltl,
1554 5650 1607 5706 9.

545 5707 700 5767 luan.
744 5707 818 5778 tt",
847 5713 1036 5778 25,21.

1689 5652 1866 5709 'Gen.
1899 5653 2120 5720 vnnﬂl.

2183 4722 2344 4775 ἁπλοῖ
2370 4723 2571 4792 τρόπον
2594 4720 2718 4773 τινὰ
2750 4722 2847 4791 τὴν
2871 4723 2951 4785 εἰς
2977 4724 3157 4794 γῆρας
3185 4725 3324 4787 ὁδὸν,
3365 4727 3764 4798 καταδῃοῦντος

2179 4813 2416 4875 οὐδενὸς,
2437 4813 2498 4864 οὐ
2528 4810 2766 4882 πολέμου
2800 4813 3198 4884 συντρίϐοντος,
3225 4817 3286 4868 οὐ
3307 4817 3635 4887 δαπανὼσης
3668 4817 3763 4886 μά-

2179 4922 2302 4975 χης.
2355 4904 2757 4972 ’Υποτοπητέον
2785 4904 2848 4974 δὴ
2890 4901 2984 4957 οὖν
3004 4945 3018 4967 ,
3054 4906 3149 4960 καὶ
3174 4908 3319 4977 μάλα
3379 4909 3574 4980 ὀρθῶς,
3601 4909 3675 4972 ὡς
3705 4911 3764 4963 ἐν

2179 4995 2375 5066 εἰρήνῃ
2402 4994 2500 5057 τὰς
2529 4994 2730 5058 πόλεις,
2762 4994 2865 5049 κᾶν
2886 4997 3094 5068 εὑρεῖαί
3142 5016 3201 5052 τε
3244 4991 3360 5053 εῐενί
3387 5003 3480 5055 καὶ
3516 5003 3762 5072 μακραὶ,

2186 5085 2377 5149 στενὰς
2404 5086 2822 5154 ἀποφαίνεσθαι,
2875 5090 2968 5141 καὶ
3001 5090 3267 5159 ἡττῆσθαι
3297 5091 3374 5162 τῷ
3423 5091 3622 5163 πλήθει
3653 5093 3764 5145 τῶν

2182 5178 2603 5248 κατῳκηκότων.
2647 5180 2900 5233 Τοιοῦτόν
2925 5199 3045 5234 τινα
3073 5179 3164 5235 οὖν
3190 5183 3369 5236 ὠδίνει
3420 5185 3580 5237 πάλιν
3632 5188 3764 5256 ήμῑι

2182 5269 2244 5322 τὸ
2275 5270 2655 5340 προκείμενον.
2685 5271 2828 5343 Ἔφη
2862 5273 2971 5344 γὰρ
3011 5274 3092 5326 ὅτι
3133 5272 3483 5328 καθεδοῦνται
3521 5275 3767 5344 πρεσϐύ-

2179 5379 2328 5432 τεροι
2352 5363 2449 5414 καὶ
2487 5362 2855 5434 πρεσϐύτεραι
2904 5367 2962 5417 ὲν
3009 5367 3128 5430 ταῖς
3163 5365 3447 5429 πλατείαις
3490 5367 3764 5439 Ἰερουσα-

2181 5452 2312 5523 λὴμ,
2341 5453 2560 5522 ῥάϐδοις
2599 5455 2752 5525 μόλις
2775 5456 2835 5508 τὸ
2865 5457 2929 5508 ἐκ
2961 5456 3053 5509 τοῦ
3093 5457 3281 5527 γήρως
3305 5458 3499 5512 ἄναλκι
3528 5461 3762 5533 μετρίως

2200 5655 2383 5712 ’Psal.
2421 5673 2604 5724 cum,
2629 5658 2717 5713 M.

2796 5659 2815 5690 ³
2842 5657 2986 5713 Psal.
3011 5674 3230 5730 Lxxxvt,
3263 5663 3318 5720 5.
3395 5668 3418 5696 δ
3453 5663 3562 5718 lsa.
3593 5679 3660 5735 tt,
3701 5662 3756 5721 2.
