4092 6202
345 316 456 371 1ίό

1165 316 1714 379 ςυιιιιιιδτιιιιυε
1752 319 1818 376 IN
1861 320 2267 380 ZACHARlAM
2305 293 2746 378 ιιιιόιιιιιιτιιιι.

3512 321 3611 379 ιιι

342 430 851 502 παραμυθούμενοι.
881 435 975 487 καὶ
1002 434 1306 507 βακτηρίαν
1336 435 1550 507 ἔχοντες
1564 436 1923 507 χειραγωγόν.

2033 436 2301 493 mittentis
2331 438 2397 491 ad
2429 445 2789 501 senectutem,
2820 434 2911 506 qui
2937 434 3048 506 jam
3082 435 3284 490 virilem
3319 444 3495 506 togam
3530 438 3618 489 in-

347 522 613 586 Ἐπαινος
639 523 695 576 δὲ
722 522 785 577 τὸ
810 525 1001 594 χρῆμά
1046 529 1161 579 ἐστι
1217 528 1443 599 καιρῶν,
1471 529 1564 582 καὶ
1592 528 1821 599 βαθείας
1846 530 1925 581 εί·-

350 612 542 684 Ρίινης»
568 614 1002 687 mmem
1047 618 1144 687 μὲν
1187 619 1273 687 ἐφ’
1299 619 1444 689 ἥϐην
1471 619 1541 672 τά
1564 619 1757 691 βρέφη.
1783 635 1926 689 πεμ-

346 702 557 773 πούσης
585 703 640 757 δὲ
671 706 765 758 καὶ
797 707 877 769 είς
908 709 1084 777 γῆρας
1120 707 1248 771 τοὺς
1296 708 1398 779 ἤδη
1433 709 1719 773 τελοῦντας
1745 711 1802 763 ὲν
1832 712 1925 763 ἀν-

341 796 527 868 δράσι,
594 798 692 851 καὶ
748 799 841 852 τὸν
894 800 995 870 τῆς
1046 799 1197 873 ζωῗκ
1240 800 1454 855 ἅπαντα
1501 804 1691 873 χρόνον
1720 801 1926 873 ἀμαχεὶ

349 888 795 962 παραθείογιτας.
835 891 896 944 Εί
921 891 978 945 δὲ
1037 890 1101 963 δὴ
1127 891 1373 963 μέλλοιεν
1402 893 1683 965 ὀρχεῖσθαι
1736 894 1833 966 μὲν
1867 895 1925 948 ὲν

349 981 497 1034 ἄστει
557 982 851 1053 μειράκια,
898 982 1059 1051 κόριά
1094 1000 1154 1036 τε
1182 984 1431 1055 χορεύειν
1463 987 1521 1039 ὲν
1558 985 1755 1056 μέσαις
1782 985 1923 1039 πλα-

2034 528 2302 593 duerunt,
2339 537 2391 584 et
2431 542 2592 583 omne
2631 537 2841 598 tempus
2871 528 2999 582 vitae
3039 526 3308 582 immunes
3351 543 3381 581 a
3427 529 3614 582 militis

2035 621 2433 675 transmittunt.
2468 618 2621 687 Quod
2657 619 2701 675 si
2739 619 2903 674 etiam
2939 617 3138 674 saltent
3171 618 3223 672 in
3262 620 3394 672 urbe
3430 618 3613 673 adole-

2032 710 2285 774 scentuli,
2315 710 2612 781 puellarque
2646 710 2842 765 choros
2876 708 3078 765 ducant
3110 710 3163 763 in
3198 709 3377 763 medio
3409 708 3614 777 platea-

2032 815 2185 864 rum,
2221 802 2512 857 ostendere
2552 812 2605 857 et
2647 801 2772 857 hinc
2812 801 3048 855 dilucide
3084 800 3300 865 licebit,
3338 797 3478 853 nulla
3521 813 3615 853 cos

2031 906 2166 947 cura
2208 893 2456 962 graviore
2494 891 2619 963 angi
2659 910 2673 947 :
2718 908 2823 946 non
2867 893 3012 946 enim
3057 906 3384 962 queinquam
3428 891 3615 947 ludere

2030 994 2367 1055 paterentur,
2404 986 2447 1040 si
2492 985 2729 1039 tristitiae
2766 994 2976 1055 tempus
3009 992 3178 1039 esset.

292 1103 297 1106 ο
345 1076 539 1139 τείαις,
571 1074 684 1147 ἔχοι
712 1074 778 1130 ἂν
801 1077 894 1130 καὶ
924 1077 1081 1131 τοῦτο
1104 1078 1249 1149 σαφῆ
1273 1079 1370 1151 τὴν
1393 1078 1665 1145 ἀπόδειξιν
1730 1079 1825 1134 τοῦ
1876 1080 2150 1153 μηδεμίαν
2209 1078 2388 1137 αὐτῶν
2457 1079 2710 1151 φροντίδα
2751 1077 3095 1151 κατηρῆσθαι
3145 1076 3379 1148 πικράν·
3415 1077 3477 1131 οὐ
3508 1077 3616 1150 γὰρ

348 1166 413 1220 ἂν
451 1167 743 1236 ἠνέσχοντο
773 1166 1078 1233 παιζόντων
1108 1169 1288 1235 τινῶν,
1348 1174 1396 1224 εί
1444 1172 1749 1242 κατηφείας
1791 1168 1859 1244 ἦν
1890 1174 1919 1226 ὁ
1957 1172 2174 1245 καιρός.

416 1256 614 1324 Γέγονε
640 1257 703 1328 δὴ
726 1259 817 1311 καὶ
840 1260 974 1328 ἡμῖν
1008 1259 1192 1325 αὐτοῖς
1229 1263 1423 1333 εἰρήνη
1453 1264 1710 1335 Χριστὸς,
1737 1265 1795 1329 ὃς
1832 1265 1927 1319 καὶ

348 1348 526 1400 πάντα
569 1348 869 1420 συντρίψας
928 1350 1183 1421 πόλεμον,
1248 1353 1450 1425 μεστὴν
1488 1356 1733 1427 ἀπέφηνε
1755 1357 1926 1425 ἀγίων

343 1436 444 1507 τὴν
473 1437 819 1508 Ἐκκλησίαν.
848 1440 959 1493 Καὶ
986 1440 1171 1494 πολλοὶ
1205 1441 1307 1512 μὲν
1326 1442 1426 1506 τάς
1452 1443 1651 1516 φρένας
1680 1447 1736 1499 ἐν
1763 1446 1922 1518 αὐτῇ,

347 1531 536 1603 μυρίοι
555 1549 616 1585 τε
648 1531 762 1586 ὅσοι
801 1533 898 1587 καὶ
928 1532 1227 1606 ἐξαίρετοι,
1256 1527 1339 1598 οἷς
1371 1536 1464 1589 καὶ
1486 1537 1514 1589 ὁ
1540 1536 1702 1607 σοφὸς
1745 1538 1925 1593 Ἰωάν-

345 1640 444 1694 νης
465 1624 796 1689 ἐπιστέλλει,
821 1624 1016 1693 λέγων·
1060 1644 1079 1678 ι
1114 1625 1317 1697 Γράφω
1347 1627 1496 1697 ὑμῖν,
1535 1630 1778 1701 Πατὲρες
1798 1668 1813 1695 ,
1842 1630 1926 1683 ὅτι

2104 1266 2306 1321 Factus
2332 1273 2415 1320 est
2443 1264 2607 1336 igitur
2630 1274 2683 1319 et
2714 1266 2871 1320 nobis
2902 1265 3033 1336 ipsis
3060 1280 3164 1336 pax
3189 1263 3439 1319 Christus
3455 1261 3497 1328 ⁸,
3523 1264 3613 1333 qui

2030 1366 2085 1410 et
2116 1371 2275 1411 omne
2303 1356 2499 1412 bellum
2526 1356 2842 1422 contrivit’,
2872 1365 2927 1411 et
2958 1355 3253 1411 Ecclesiam
3278 1354 3480 1410 sanctis
3510 1356 3612 1407 im-

2032 1447 2217 1517 plevit.
2246 1448 2314 1504 Et
2345 1446 2635 1517 prudentia
2666 1448 2880 1517 quidem
2917 1456 3253 1517 praestantes,
3281 1456 3335 1502 et
3366 1445 3522 1501 electi
3561 1446 3611 1498 in

2031 1555 2097 1596 ea
2150 1538 2571 1596 innumerabiles
2625 1538 2995 1603 inveniuntur,
3048 1538 3245 1607 quibus
3294 1546 3347 1591 et
3397 1537 3614 1606 sapiens

2032 1632 2268 1687 Joannes
2306 1631 2495 1687 scribit
2535 1630 2590 1685 in
2640 1631 2784 1686 hunc
2828 1633 3042 1685 modum
3086 1648 3099 1684 :
3144 1648 3163 1681 s
3208 1629 3400 1684 Scriho
3436 1630 3611 1691 vobis,

345 1713 625 1783 ἐγνώκατε
668 1717 760 1770 τὸν
794 1718 890 1771 ἀπ’
914 1718 1110 1788 ἀρχῆς.
1141 1735 1160 1769 ι
1196 1719 1391 1783 Παῖδες
1421 1719 1477 1772 δὲ
1513 1718 1701 1791 ὥσπερ
1737 1720 1928 1792 ἄνηϐοι

2036 1732 2237 1791 patres,
2260 1722 2513 1792 quoniam
2538 1721 2865 1789 cognovistis
2888 1736 3010 1775 eum
3034 1722 3121 1789 qui
3150 1721 3217 1774 ab
3242 1719 3394 1774 initio
3417 1730 3497 1773 cst
3513 1719 3553 1772 ⁸.
3586 1738 3605 1770 ι

346 1808 440 1861 καὶ
465 1807 627 1878 κόρια
653 1808 826 1879 μικρά
858 1807 965 1863 τῶν
1002 1809 1128 1879 ἄρτι
1185 1811 1686 1883 πεπιστευκότωνὴ
1715 1829 1926 1883 νηπιω-

346 1898 484 1968 tam
518 1896 749 1966 πληθὺς,
786 1898 1071 1967 μονονουχὶ
1099 1898 1212 1962 τοῖς
1258 1902 1651 1970 πνευματικοῖς
1704 1901 1927 1972 σκιρτή-

349 2005 484 2059 μασι
513 1988 614 2061 τὴν
653 1988 815 2057 ἁγίαν
846 1988 1017 2052 ὅντως
1047 1990 1531 2045 κατακαλλύνουσα
1566 1991 1742 2055 πόλιν,
1774 2008 1930 2046 τουτ-

347 2081 483 2144 ἐστι,
511 2080 610 2152 τὴν
666 2080 1013 2151 Ἐκκλησίαν.
1064 2076 1160 2145 Οἷς
1194 2082 1289 2136 καὶ
1319 2082 1381 2136 τὸ
1416 2082 1597 2146 λέγειν
1637 2084 1928 2155 ἁρμόσειεν

346 2173 433 2228 ἀν’
474 2192 495 2225 ι
530 2174 696 2226 Δεῦτε
725 2171 1182 2244 ἀγαλλιασώμεθα
1210 2173 1291 2246 τῷ
1324 2176 1537 2247 Κυρίῳ,
1570 2175 1928 2248 ἀλαλάξωμεν

346 2264 425 2335 τῷ
470 2264 589 2335 Θεῷ
641 2264 718 2336 τῷ
768 2265 985 2337 Σωτῆρι
1018 2264 1195 2337 ἡμῶν.
1229 2285 1249 2320 ι
1293 2269 1354 2322 Ei
1380 2268 1437 2322 δὲ
1467 2268 1531 2340 δὴ
1559 2269 1801 2339 λέγοιντο
1832 2271 1928 2324 καί⁵

347 2355 719 2428 ἔπερείδεσθαι
765 2357 949 2430 ῥάϐδῳ
1000 2359 1162 2430 τυχὸν
1222 2361 1272 2414 oi
1326 2361 1657 2435 πρεσϐῦται,
1714 2364 1927 2434 νοήσεις

347 2449 429 2501 ὅτι
463 2449 693 2520 μικροὺς
732 2448 831 2502 καὶ
878 2450 1148 2520 μεγάλους
1183 2450 1537 2524 ὑποστηρίζει
1575 2453 1843 2524 Χριστος,
1893 2455 1926 2524 ἠ

349 2539 545 2609 ρἀδος
580 2542 616 2611 ἡ
648 2539 707 2607 ἐξ
750 2539 950 2617 Ἰεσσαὶ
975 2542 1071 2595 καὶ
1111 2542 1212 2613 τῆς
1230 2542 1510 2615 δυνάμεως
1536 2545 1924 2617 ὠνομασμένη,

347 2630 414 2702 ην
435 2633 505 2685 ὲκ
531 2631 630 2703 τῆς
654 2632 768 2686 ἀνω
794 2631 934 2687 Σιὼν
986 2632 1275 2704 πέπομφεν
1305 2636 1434 2706 ἡμῖν
1467 2638 1495 2689 ὁ
1520 2635 1652 2701 Θεὸς
1696 2638 1789 2692 καὶ
1816 2637 1927 2692 Πα-

344 2720 475 2792 τὴρ,
534 2720 611 2785 ὡς
657 2723 946 2793 χαίροντας
976 2723 1125 2793 ἡμᾶς
1177 2725 1271 2778 ἐπὶ
1319 2726 1496 2797 τούτῳ
1532 2726 1743 2797 λέγειν·
1801 2746 1819 2780 ι
1862 2728 1926 2781 Ἦ

348 2811 546 2883 ῥάϐδος
578 2828 672 2866 σου
719 2814 811 2868 καὶ⁵
850 2815 885 2885 ἡ
923 2813 1198 2887 βακτηρία
1249 2831 1342 2873 σου
1372 2811 1535 2876 αὗταί
1586 2835 1653 2890 με
1684 2820 1927 2890 παρεκά-

348 2906 531 2960 λεσαν.
570 2925 593 2958 s

423 2999 568 3054 Τάδε
598 2999 763 3071 λέγει
790 3002 1005 3071 Κύριος
1036 3001 1477 3072 παντοκράτωρ·
1524 3004 1592 3058 Ei
1630 3003 1928 3071 ἀδυνατή-

345 3103 441 3144 σει
468 3088 727 3144 ἐνώπιον
752 3090 870 3145 τῶν
897 3092 1277 3145 scutulatan
1304 3092 1411 3146 τοῦ
1436 3093 1589 3148 λαοῦ
1618 3095 1930 3161 τούτουλέν

346 3183 475 3249 ταῖς
490 3182 742 3252 ἡμέραις
761 3183 1039 3250 ἐκείναις,
1058 3183 1144 3253 μὴ
1169 3183 1268 3237 καί
1296 3184 1553 3239 ἐνώπιόν
1567 3203 1686 3255 μου
1712 3185 1927 3242 daora-

346 3276 554 3342 tricas;
584 3274 746 3344 λέγει
782 3276 998 3343 Κύριος
1018 3274 1460 3344 παντοκράτωρ.

412 3363 551 3417 MA’.
589 3363 672 3417 re
702 3363 910 3433 μεγάλα
944 3363 1038 3416 καὶ
1096 3364 1381 3435 ύπερφερῆ
1429 3364 1539 3419 τῶν
1588 3365 1928 3436 πραγμάτων

344 3456 558 3526 δέχεταί
602 3473 719 3518 πως
742 3456 829 3525 ἐφ’
854 3457 1069 3519 ἑαυτοῖς
1110 3456 1172 3510 τὸ
1213 3456 1563 3510 ἀπιστεῖσθαι
1604 3458 1799 3527 φιλεῖν,
1831 3459 1927 3513 καὶ

344 3549 441 3601 οὐκ
471 3546 825 3618 ἀθαύμαστον
854 3546 967 3616 ἔχει
994 3547 1094 3617 τὴν
1120 3548 1202 3611 είς
1230 3548 1403 3619 πέρας
1437 3548 1784 3621 διεκδρομήν.
1818 3552 1928 3605 Καὶ

344 3639 473 3706 γοῦν
505 3640 540 3709 ἡ
574 3638 760 3709 Σάρρα
788 3637 1012 3709 διαγελᾷ
1063 3639 1163 3704 μὲν
1195 3638 1253 3705 ἐξ
1303 3639 1562 3704 ἀπιστίας
1612 3642 1713 3711 τὴν
1741 3642 1833 3694 ὲπί
1862 3659 1925 3711 γε

343 3731 418 3801 τῷ
447 3732 636 3785 ἰσαάκ
669 3732 983 3801 ὑπόσχεσιν,
1012 3732 1093 3793 είς
1123 3732 1296 3803 γῆρας
1345 3732 1547 3803 ὁρῶσα,
1574 3733 1668 3786 καὶ
1693 3737 1803 3797 τοῖς
1826 3735 1927 3803 τῆς

342 3823 767 3895 ἁνθρωπότητος
797 3825 985 3892 νόμοις
1028 3823 1306 3876 ἀντιθεῖσα
1335 3824 1399 3877 τὸ
1439 3825 1739 3894 ἀμήχανον.
1778 3825 1927 3897 Πλὴν

344 3917 600 3971 ὲκτέτοκε
654 3916 784 3986 παρ’
832 3915 1044 3979 ἐλπίδα,
1101 3914 1331 3985 βάσιμον
1366 3916 1504 3985 αύτῇ
1537 3916 1599 3969 τὸ
1627 3916 1817 3988 χρῆμα
1845 3932 1925 3971 τι·

342 4010 526 4074 θέντος
547 4008 708 4062 Θεοῦ.
737 4004 848 4063 Ἦν
896 4004 991 4062 οὖν
1042 4008 1148 4079 ἄρα
1192 4010 1285 4062 καὶ
1315 4010 1520 4079 σφόδρα
1574 4011 1721 4075 εἰκὸς
1753 4027 1925 4066 κατα-

2036 1810 2188 1866 Velut
2211 1812 2519 1881 impuberes
2539 1820 2717 1863 autem
2745 1808 2896 1879 pueri
2928 1817 2982 1863 et
3019 1808 3207 1879 puella:
3234 1808 3465 1879 parvulae
3487 1819 3613 1862 sunt

2031 1917 2220 1957 recens
2255 1901 2411 1957 tidem
2446 1901 2850 1971 complexurum
2890 1899 3250 1953 lnfantissima
3289 1898 3606 1965 multitudo,

2030 1991 2423 2062 propemodum
2455 1989 2831 2061 spiritualibus
2858 1976 3236 2045 saltationibus
3262 1997 3504 2044 sanctam
3534 1991 3610 2043 ci-

2030 2085 2275 2149 vitatem,
2301 2091 2426 2153 puta
2453 2082 2769 2149 Ecclesiam,
2800 2097 2986 2138 revera
3009 2083 3453 2138 condecorantes.
3478 2080 3611 2150 Qui-

2028 2176 2127 2230 bus
2165 2175 2407 2245 apposite
2444 2175 2591 2231 dicas
2626 2188 2642 2229 :
2683 2191 2702 2226 ι
2740 2170 2952 2240 Venite,
2985 2174 3318 2230 exsultemus
3348 2172 3607 2243 Domino,

2023 2264 2314 2334 jubilemns
2342 2267 2449 2321 Deo
2472 2264 2699 2321 salutari
2725 2265 2977 2323 nostro’.
3010 2284 3027 2317 ι
3057 2265 3122 2320 Et
3147 2266 3395 2336 quamvis
3422 2267 3611 2322 dican-

2032 2365 2119 2410 tur
2146 2369 2303 2411 senes
2339 2355 2477 2411 forte
2511 2355 2706 2412 baculo
2738 2368 2798 2413 se
2830 2364 3169 2421 sustentare,
3207 2356 3447 2429 intellige
3481 2374 3608 2428 par-

2030 2462 2123 2503 vos
2147 2456 2203 2503 et
2228 2462 2455 2517 magnos
2483 2465 2513 2502 a
2564 2448 2781 2504 Christo
2820 2455 3184 2503 sustentatum
3218 2448 3309 2513 iri,
3340 2449 3428 2519 qui
3458 2450 3610 2521 virga

2026 2540 2180 2596 .lesse
2214 2540 2259 2572 ¹⁰
2292 2549 2347 2595 et
2380 2541 2597 2597 virtutis
2644 2542 2684 2573 “
2721 2548 2807 2596 est
2840 2543 3150 2596 nominatus
3171 2584 3185 2609 ,
3221 2555 3379 2610 quam
3413 2555 3481 2596 ex
3516 2557 3610 2597 su-

2028 2644 2193 2700 perna
2239 2631 2368 2687 Sion
2410 2631 2568 2687 nobis
2604 2631 2784 2689 emisit
2821 2629 2963 2687 Deus
3003 2641 3057 2686 et
3086 2630 3263 2695 Pater,
3306 2640 3365 2685 ut
3406 2630 3609 2687 idcirco

2026 2722 2323 2791 gaudentes
2357 2721 2601 2778 dicamus
2637 2740 2652 2778 :
2697 2740 2716 2774 ι
2754 2719 2919 2793 Virga
2965 2731 3052 2776 tua
3123 2729 3178 2776 et
3220 2721 3442 2776 baculus
3487 2730 3609 2777 tuus

2030 2814 2141 2883 ipsa
2174 2827 2259 2868 me
2288 2814 2560 2869 consolata
2594 2824 2717 2870 sunt
2742 2815 2805 2869 “.
2848 2834 2865 2866 ι

2099 2988 2261 3064 ⁷17
2298 2990 2459 3046 Vens.
2499 2991 2551 3049 σ.
2593 2988 2720 3045 "ac
2752 2991 2881 3043 dicit
2940 2988 3195 3044 Dominus
3232 2992 3553 3059 omnipotens
3589 3007 3607 3046 :

1954 3064 1998 3121 θ
2031 3080 2089 3139 Si
2130 3083 2447 3151 impossibile
2485 3085 2584 3135 erit
2629 3096 2807 3135 coram
2852 3078 3088 3148 reliquiis
3128 3079 3312 3150 populi
3351 3078 3511 3150 huius
3555 3082 3609 3135 iu

2030 3177 2212 3232 diebus
2244 3175 2384 3240 illis,
2418 3174 2670 3245 numquid
2706 3184 2753 3228 et
2788 3188 2966 3227 coram
3007 3188 3087 3228 me
3123 3171 3444 3243 impossibile
3476 3171 3613 3229 erit!

2029 3269 2159 3323 dicit
2193 3266 2453 3322 Dominus
2486 3266 2831 3334 omnipotens.

2097 3358 2232 3415 XLI.
2269 3358 2377 3414 Res
2402 3372 2608 3428 magnae
2638 3364 2691 3412 et
2718 3356 3020 3411 eminentes
3067 3362 3236 3427 prope
3263 3354 3611 3411 incredibiles

2027 3453 2195 3508 videri
2232 3452 2435 3519 solent,
2469 3465 2568 3505 nec
2601 3450 2718 3505 sine
2750 3449 3112 3505 admiratione
3148 3449 3215 3503 ad
3255 3448 3414 3505 linem
3449 3463 3610 3503 suum

2028 3545 2341 3600 decurrunt.
2377 3542 2558 3610 Quare
2595 3538 2729 3595 Sara
2767 3549 2825 3595 ut
2859 3539 3133 3596 incredula
3169 3539 3307 3594 ridet
3342 3537 3609 3608 promissa

2027 3636 2094 3691 de
2122 3634 2474 3702 concipiendo
2503 3629 2675 3698 Isaac,
2707 3637 3042 3685 senectutem
3075 3630 3396 3699 respiciens,
3427 3639 3479 3683 et
3511 3630 3610 3684 bu-

2029 3741 2200 3781 tnana:
2233 3735 2440 3780 natura:
2471 3723 2679 3795 legibus
2713 3721 3205 3793 impossibilitatem
3241 3736 3517 3791 opponens
3537 3721 3578 3754 “
3599 3761 3615 3779 .

2028 3816 2411 3873 Verumtamen
2444 3815 2652 3886 peperit
2683 3824 2879 3884 praeter
2904 3826 3077 3882 spem,
3104 3828 3226 3868 cum
3261 3813 3308 3867 ei
3345 3813 3484 3869 Deus
3514 3827 3610 3869 ne-
3648 3811 3661 3887 ξ’

2026 3915 2228 3985 gotium
2288 3914 2599 3983 expeditum
2658 3920 2712 3966 et
2773 3910 2929 3980 quasi
2976 3908 3210 3963 meabile
3262 3908 3605 3962 reddidisset.

2029 4010 2157 4064 Erat
2199 4008 2363 4079 igitur
2399 4010 2749 4063 vehementer
2783 4002 3136 4064 conveniens,
3180 3999 3493 4068 captivitate
3538 3998 3607 4052 li-

343 4100 610 4155 δονεῖσθαι
638 4103 761 4165 ταῖς
805 4099 1078 4171 διψυχίαις
1124 4101 1252 4164 τοὺς
1280 4101 1345 4154 ὲκ
1399 4102 1497 4171 τῆς
1548 4102 1925 4173 αἰχμαλωσίας

2030 4106 2247 4158 beratos
2272 4099 2497 4172 ancipiti
2524 4098 2851 4170 cogitatione
2876 4093 3121 4155 diStrahi,
3153 4105 3251 4145 nec
3276 4090 3347 4144 ita
3379 4089 3607 4145 multum

345 4194 810 4264 λελυτρωμένους,
829 4194 921 4248 καὶ
950 4194 1011 4248 ού
1037 4194 1246 4265 σφόδρα
1276 4193 1612 4266 θαρῤεῖν,ὠς
1634 4197 1713 4258 εἰς
1738 4196 1925 4249 τοσαύο

2027 4196 2328 4259 conlidere,
2378 4208 2466 4248 res
2498 4193 2739 4262 ipsorum
2776 4187 2909 4244 adeo
2941 4185 3125 4241 felices
3156 4199 3219 4239 ac
3251 4181 3437 4238 beatas
3469 4181 3607 4248 fore,

341 4300 443 4353 την
489 4283 673 4345 αὐτοῖς
730 4282 1031 4353 εὐημερίαν
1073 4280 1438 4352 βαδιεῖταιτά
1470 4281 1791 4353 πράγματα,
1847 4283 1924 4348 ὡς

2028 4299 2087 4342 ιιι
2114 4285 2411 4357 repleretur
2433 4282 2729 4338 Jerusalem
2756 4280 3011 4344 senibus,
3036 4288 3093 4334 et
3122 4276 3271 4333 chori
3316 4290 3609 4346 puerorum

341 4375 646 4445 ἀνάμεστον
670 4374 769 4444 μὲν
794 4374 1047 4441 γενέσθαι
1087 4373 1184 4445 τὴν
1238 4372 1590 4445 Ἰερουσαλὴμ
1617 4374 1724 4427 τῶν
1762 4391 1925 4446 γεγη-

2031 4376 2436 4449 puellarumque
2465 4372 2781 4427 saltationes
2813 4370 2865 4425 in
2898 4384 2961 4424 ea
2990 4375 3367 4431 cernerentur,
3398 4375 3454 4420 et
3484 4363 3607 4419 din-

345 4468 612 4538 ρακάτων,
643 4467 738 4520 καὶ
765 4466 984 4519 πάντων
1029 4464 1260 4537 ὁρᾶσθαι.
1303 4468 1498 4537 χοροὺς
1537 4467 1594 4518 ὲν
1638 4466 1775 4536 αύτῇ
1826 4466 1921 4520 καλ⁸

2034 4480 2202 4523 turna:
2231 4465 2379 4536 pacis
2408 4462 2687 4519 commoda
2720 4461 3067 4516 exsisterent.
3092 4456 3609 4527 Contemplabantur

342 4561 617 4632 κορασίων
658 4559 969 4629 ὀρχήματα,
1038 4558 1132 4612 καί¹
1182 4557 1253 4611 τὰ
1307 4559 1371 4611 ὲκ
1429 4556 1650 4628 βαθείας
1699 4559 1922 4629 εἰρήνης

344 4652 607 4723 ὑπάρξειν
633 4651 832 4720 ἀγαθά.
888 4650 1242 4706 Κατεθεῶντο
1282 4649 1391 4722 γὰρ
1435 4650 1592 4721 τείχη
1622 4652 1925 4721 κατερριμ·

344 4744 502 4812 μένα,
533 4741 712 4806 οίκίας
737 4742 1225 4813 ἐμπεπρησμένας,
1272 4741 1492 4805 ἀπάσας
1524 4741 1580 4794 δὲ
1609 4741 1704 4805 τὰς
1740 4743 1797 4795 ἐν
1822 4741 1921 4795 κύ-

340 4843 451 4913 κλῳ
484 4840 669 4904 πόλεις
698 4840 904 4912 θηρίων
956 4840 1162 4912 ἀγρίων
1194 4839 1607 4911 ὲνδιαιτήματα,
1633 4839 1721 4894 διά
1753 4857 1834 4895 τοι
1863 4840 1925 4895 τὸ

340 4930 680 4986 κεκενῶσθαι
704 4930 984 4994 παντελῶς
1011 4930 1117 4985 τῶν
1157 4931 1562 4987 κατοικούντων
1591 4931 1780 4999 αύτάς,
1826 4932 1922 4986 καὶ

340 5025 544 5095 armis;
578 5023 683 5095 μὲν
711 5024 841 5087 τοὺς
884 5022 1050 5077 πάλαι
1104 5023 1429 5096 παμφόρους
1471 5040 1532 5079 τε
1554 5024 1649 5078 καὶ
1673 5023 1919 5088 εὐανθεῖς

340 5115 594 5171 ἀκανθῶν
621 5116 891 5186 ὑπάρχειν
920 5115 1171 5184 μεστοὺς,
1191 5115 1344 5169 οὐδὲν
1378 5114 1601 5187 ἔχοντας
1621 5114 1730 5170 τῶν
1782 5116 1917 5189 ὡρί-

343 5222 479 5276 μων,
517 5205 770 5268 διολωλδς
810 5204 866 5258 δὲ
896 5205 1145 5269 εἰς’ἆπαν
1176 5204 1286 5259 τῶν
1333 5206 1609 5278 ἀγροίκων
1634 5207 1698 5261 τὸ
1736 5207 1913 5277 γένος.

336 5293 444 5353 ἠν
477 5292 571 5350 οὖν
605 5294 876 5359 ἐντεῦθεν,
901 5295 978 5359 ὡς
1022 5294 1180 5367 ἔφην,
1238 5296 1485 5350 ἀπιστεῖν
1524 5295 1689 5361 είκδς,
1742 5297 1817 5359 ὡς
1838 5298 1918 5362 είς

340 5389 512 5458 πέρας
537 5387 720 5451 αὐτοῖς
738 5385 1031 5459 ἐκϐήσεται
1068 5389 1139 5442 τά
1184 5389 1589 5460 ἐπηγγελμένα.
1619 5388 1805 5462 Ταύτῃ
1837 5406 1918 5442 τοι

339 5478 466 5542 Θεὸς
494 5478 740 5550 διψυχεῖν
777 5479 881 5533 οὐκ
904 5479 989 5550 ea
1019 5476 1241 5552 θαρσεῖν
1260 5480 1315 5535 δὲ
1338 5479 1585 5547 κελεύει,
1618 5481 1712 5534 καὶ
1745 5482 1916 5551 ἐμπε-

402 5661 423 5690 ⁸
458 5659 661 5728 Ephes.
706 5676 766 5724 ιι,
809 5660 898 5714 Η.
978 5663 995 5692 ⁷
1033 5661 1193 5723 Osee,
1250 5678 1307 5724 ιι,
1352 5659 1439 5718 ill.

344 5728 391 5789 ἱ.
469 5732 512 5762 ⁸⁸
551 5730 697 5787 Psal.
744 5746 881 5796 xxu,
906 5732 960 5787 4.
1040 5732 1084 5763 ’³
1114 5731 1251 5787 Gen.
1281 5748 1433 5798 ιιιιιιι,
1471 5732 1556 5786 i0.

1518 5663 1537 5690 "
1588 5662 1605 5715 ι
1645 5664 1798 5721 luan.
1835 5680 1892 5730 ll,
1924 5662 2007 5718 15.
2090 5665 2109 5693 ⁸³

2032 4560 2176 4614 enim
2211 4572 2392 4613 muros
2424 4555 2657 4621 excisos,
2690 4553 2882 4608 domus
2908 4557 3305 4611 concrematas,
3338 4556 3391 4599 et
3419 4550 3609 4600 amnes

2034 4655 2195 4711 urbes
2222 4651 2569 4709 circumcirca
2602 4647 2838 4703 ferarum
2870 4642 3185 4698 immanium
3215 4638 3436 4703 cubilia,
3462 4638 3606 4707 quod

2032 4742 2224 4801 incolis
2262 4744 2484 4799 omnino
2522 4740 2751 4794 viduata:
2791 4742 3007 4800 essent,
3046 4742 3106 4789 et
3139 4746 3297 4804 agros
3336 4731 3606 4800 quandam

2030 4829 2389 4893 fertilissimos
2436 4842 2493 4890 et
2539 4830 2954 4888 ﬂorentissimos
3008 4826 3281 4897 spinarum
3339 4818 3605 4885 refertos,

2028 4926 2159 4983 nihil
2196 4925 2457 4982 habentes
2492 4931 2762 4977 maturum
2784 4960 2798 4982 ,
2833 4927 2889 4973 et
2926 4917 3220 4989 agrestium
3253 4927 3345 4969 seu
3379 4913 3607 4969 rustico-

2028 5035 2143 5074 rum
2173 5033 2340 5089 genus
2370 5016 2602 5072 deletum
2636 5011 2869 5083 penitus.
2900 5008 3038 5064 Hinc
3068 5008 3253 5080 igitur,
3287 5016 3344 5061 ut
3375 5003 3505 5069 dixi,
3538 5002 3605 5057 de

2026 5110 2307 5181 promissis
2336 5108 2401 5163 ad
2432 5123 2544 5163 rem
2578 5108 2749 5178 ipsam
2784 5102 3127 5158 conferendis
3159 5097 3430 5169 ambigere
3459 5093 3602 5147 haud

2024 5203 2316 5257 absurdum
2357 5209 2496 5255 erat.
2533 5197 2691 5266 Quod
2730 5195 2870 5249 Deus
2945 5208 3048 5247 non
3096 5192 3254 5254 sinit,
3299 5186 3391 5241 sed
3435 5183 3602 5237 conli-

2026 5294 2263 5350 tlendutn
2291 5296 2557 5361 hortatur,
2582 5302 2637 5347 et
2661 5290 2945 5347 conﬁrmat
2970 5302 3063 5342 eos
3090 5286 3231 5339 hunc
3257 5280 3312 5332 in
3340 5276 3554 5331 ruudnm‘
3584 5292 3599 5329 :

2030 5407 2049 5442 ι
2087 5387 2141 5444 Si
2175 5386 2500 5460 impossibile
2528 5386 2632 5441 erit
2661 5400 2842 5440 coram
2874 5379 3112 5449 reliquiis
3144 5371 3319 5444 populi
3350 5369 3505 5436 hujus
3531 5367 3593 5460 in

2023 5481 2215 5535 diebus
2239 5458 2365 5547 illis,
2389 5479 2645 5549 numquid
2668 5486 2721 5533 et
2742 5488 2925 5531 coram
2950 5485 3034 5524 Ille
3059 5462 3388 5536 impossibile
3407 5458 3547 5547 erit?
3576 5480 3594 5511 ι

3240 5644 3275 5674 ¹⁸
3309 5641 3447 5697 i'sal.
3490 5653 3599 5708 Cn,

2155 5661 2294 5716 i’aai.
2338 5677 2478 5725 xciv,
2514 5659 2564 5724 ‘l,
2594 5657 2645 5711 Ξ.
2756 5654 2798 5684 ¹⁰
2832 5652 2934 5709 lsa.
2979 5662 3057 5715 XI,
3098 5647 3144 5700 Ι.
