4092 6202
486 303 582 359 H3

1515 298 1573 363 8.
1614 300 1892 388 αῑξιιιιιιι
1930 299 2400 359 ALEXANDBI‘NI
2440 297 2753 355 ARCIllEP.

3652 298 3752 353 iiﬁ

483 417 636 482 Quod
663 416 808 471 enim
835 416 984 470 vobis
1011 427 1090 471 cst
1119 417 1466 486 impossibite,
1493 418 1604 474 Deo
1633 435 1688 474 ut
1714 421 2044 490 onmipotcnt

2174 419 2274 483 δοῖ,
2308 419 2536 487 λέγων’(
2572 417 2634 472 Εἰ
2662 415 2986 486 ἀδυνατήσει
3010 411 3238 467 ἐνώπιον
3266 411 3378 466 τῶν
3405 410 3750 465 καταλείπων

481 518 564 560 est
603 509 746 564 l'actu
789 510 964 563 facile.
1009 511 1122 578 ipse
1165 514 1304 566 enim
1350 523 1429 566 est
1474 512 1729 567 Dominus
1767 514 2059 574 virtutum,

483 598 756 654 voluntate
795 599 1031 655 eﬁicirns
1091 619 1208 670 qua:
1247 614 1452 657 natura-
1496 620 1663 659 metas
1707 606 1862 676 longe
1904 621 2063 660 exce-

483 692 644 754 dunt,
679 699 734 744 ct
766 692 899 746 citra
936 709 1142 747 moram
1184 695 1376 764 placita
1413 711 1507 749 sua
1541 699 1604 748 ad
1637 698 1839 751 exitum
1876 712 2064 764 perve-

485 780 581 832 hit.
626 780 716 835 Ait
763 797 923 848 porro
969 784 1164 840 alicubi
1211 785 1410 842 ludatis
1460 789 1598 843 Deus
1646 799 1696 843 et
1748 787 1926 854 Pater,
1975 804 2062 844 res

484 869 773 939 ιιιςυειιιι-τιε
794 887 858 926 cx
882 872 1112 927 adventu
1143 874 1438 933 Salvatoris
1465 877 1634 931 nostri
1661 877 1900 930 orituras
1927 890 2061 942 prae-

484 960 740 1015 nuntians
773 981 787 1016 :
827 981 846 1014 ι
879 961 1090 1030 Videte,
1119 975 1541 1034 contemptores.
1569 976 1624 1021 et
1658 967 1978 1034 resipiscite,
2007 976 2062 1020 et

481 1052 848 1118 εάιιιῖηιιιιῖιιί,
895 1057 1017 1124 quia
1043 1072 1179 1126 opus
1204 1072 1304 1128 ego
1327 1074 1520 1128 operor
1545 1060 1596 1113 in
1624 1060 1818 1114 diebus
1846 1060 2056 1121 vestris,

483 1143 626 1209 quod
651 1159 753 1197 non
779 1149 1039 1211 credetis,
1065 1150 1106 1201 si
1134 1149 1254 1217 quis
1278 1150 1576 1204 narraverit
1602 1151 1750 1204 vobis
1769 1152 1832 1204 “.
1857 1168 1876 1202 ι
1909 1150 2059 1216 Quod

482 1235 628 1288 enim
663 1236 729 1288 ad
767 1253 1072 1294 sermonem
1113 1250 1357 1294 nostrum
1393 1242 1606 1304 attinet,
1637 1255 1854 1295 omnem
1892 1241 2056 1295 adrni-

483 1329 749 1383 rationem
818 1346 1231 1401 sermonemque
1293 1332 1685 1389 incarnationis
1745 1333 2057 1402 mysterium

483 1433 709 1489 supcrat
750 1440 762 1475 :
810 1423 1063 1489 similiter
1095 1427 1217 1480 inde
1253 1425 1318 1480 ad
1354 1441 1454 1481 nos
1497 1425 1740 1494 profecta
1776 1425 2056 1480 beneﬁcia.

482 1512 762 1585 Quomodo
785 1517 927 1570 enim
958 1533 1061 1580 non
1089 1519 1190 1574 ﬁde
1215 1501 1600 1588 propemodum
1627 1523 1805 1580 caret,
1825 1515 2057 1570 Verbum

480 1616 546 1656 ex
594 1601 702 1658 Deo
748 1614 928 1660 natum
975 1608 1178 1660 unitum
1225 1622 1344 1661 esse
1387 1606 1623 1676 corpori,
1663 1616 1716 1661 et
1759 1602 2060 1675 suscepisse

479 1691 708 1748 formam
737 1698 877 1751 servi
905 1699 970 1762 ⁸⁸,
997 1708 1050 1752 et
1077 1698 1403 1754 sustinuisse
1431 1713 1650 1752 crucem
1676 1699 1742 1762 “,
1777 1707 2058 1751 contume-

2164 511 2258 566 τοῦ
2287 511 2416 564 λαοῦ
2472 510 2662 563 τούτου
2719 508 2778 560 ἐν
2833 508 2953 570 ταῖς
2981 508 3216 578 ἡμέραις
3246 504 3505 566 ἐκείναις,
3552 502 3628 572 μὴ
3658 504 3750 554 καὶ

2164 602 2396 657 ἐνώπιόν
2462 618 2564 672 μου
2631 599 2995 670 ἁδυνατήσει;
3053 616 3071 649 ι
3131 599 3196 650 Ὃ
3255 597 3366 667 γάρ
3415 597 3568 650 ἐστιν
3617 596 3750 662 ἡμῖν

2164 693 2466 761 ἀμήχανον,
2497 688 2906 760 εὐκατόροωτον
2943 686 3147 757 δηλαδὴ
3174 685 3254 756 τῷ
3301 686 3479 738 πάντα
3511 683 3750 753 ἰσχύοντι

2163 784 2302 855 Θεῷ.
2337 784 2492 835 Ἐστι
2531 781 2638 851 γὰρ
2665 779 2827 841 αὐτὸς
2850 779 2877 830 ὁ
2899 778 3010 856 τῶν
3034 777 3316 846 δυνάμεων
3340 775 3562 844 Κύριος,
3601 773 3753 844 θελή·

2164 891 2246 926 σει
2280 872 2499 943 πληρῶν
2546 871 2640 924 καὶ
2697 869 2766 922 τά
2810 868 2930 920 λίαν
2995 867 3273 936 ὑπερφυῆ,
3326 865 3418 920 καὶ
3446 867 3525 928 εἰς
3573 866 3751 937 πέρας

2162 963 2310 1031 ἄγων
2333 960 2598 1032 ἀμελλητὶ
2637 959 2698 1012 τὺ
2741 957 2953 1011 δοκοῦν.
3001 958 3147 1027 Ἔφη
3203 955 3259 1007 δέ
3312 971 3414 1006 που
3444 954 3582 1024 πρὸς
3620 956 3754 1009 Ἰου-

2161 1053 2340 1116 δαίους
2372 1054 2400 1104 ὁ
2432 1051 2564 1115 Θεὸς
2613 1050 2707 1104 καὶ
2755 1047 2968 1120 Πατὴρ,
3001 1049 3070 1101 τά
3099 1049 3164 1101 ἐκ
3219 1047 3317 1115 τῆς
3345 1046 3438 1100 τοῦ
3494 1046 3751 1116 Σωτῆρος

2162 1147 2317 1216 ἡμῶν
2351 1143 2645 1214 ἐπιδημίας
2667 1141 3072 1213 προαναφωνῶν
3115 1137 3547 1210 κατορθώματα·
3609 1159 3626 1189 ι
3659 1139 3752 1190 Εἷ-

2161 1237 2300 1300 δετε,
2325 1237 2374 1288 οἱ
2401 1233 2831 1304 καταφρονηταὶ,
2865 1234 2958 1285 καὶ
2990 1230 3318 1300 ἐπιϐλέψατε
3341 1269 3355 1293 ,
3413 1233 3508 1284 καὶ
3535 1231 3756 1300 Θαυμάο

2163 1345 2314 1390 σατε,
2331 1328 2412 1379 ὅτι
2438 1327 2598 1397 ἔργον
2629 1324 2738 1391 ἐγὼ
2761 1325 3062 1395 ἐργάζομαι
3087 1325 3144 1378 ὲν
3170 1325 3288 1385 ταῖς
3310 1323 3544 1392 ἡμέραις
3565 1321 3749 1390 ὑμῶν,

2159 1417 2188 1470 ὃ
2220 1418 2280 1470 οὗ
2333 1417 2407 1488 μὴ
2466 1417 2830 1488 πιστεύσητε,
2895 1415 2991 1470 ἐάν
3051 1432 3134 1477 τις
3167 1414 3487 1484 ἐκδιηγῆται
3537 1413 3692 1482 ὑμῖν.
3726 1433 3747 1465 ι

2163 1507 2326 1560 ’Ὀπον
2355 1507 2452 1576 μὲν
2479 1506 2588 1577 γὰρ
2617 1507 2742 1578 ἥκει
2796 1508 2876 1570 εἰς
2923 1505 3117 1574 λόγους
3145 1504 3274 1566 τοὺς
3322 1505 3379 1556 ὲν
3419 1505 3574 1574 ἡμῖν,
3603 1504 3752 1575 ὑπὲρ

2162 1597 2344 1667 θαῦμα
2391 1597 2486 1650 καὶ¹
2529 1597 2683 1665 λόγον
2721 1598 2814 1650 καὶ
2851 1595 2982 1649 αὐτὸ
3021 1596 3081 1648 τὸ
3128 1596 3228 1663 τῆς
3280 1593 3754 1665 ὲνανθρωπήσεως

2165 1690 2500 1759 μυστήριον·
2561 1688 2712 1755 οὐδὲν
2745 1687 2802 1740 δὲ
2835 1682 2998 1759 ἦττον
3046 1686 3139 1740 καὶ
3186 1685 3258 1738 τὰ
3311 1684 3560 1738 ἐντεῦθεν
3611 1688 3755 1755 ἡμῖν

478 1785 687 1855 liasque
722 1797 775 1842 et
805 1789 1026 1844 verbera
1048 1829 1064 1854 ,
1092 1801 1146 1842 et
1193 1805 1387 1844 vesana
1431 1788 1738 1844 Judarorum
1769 1787 2052 1858 opprobria

2162 1777 2505 1848 ἐκϐεϐηκότα
2550 1777 2972 1849 κατορθώματα.
3025 1775 3149 1839 Πῶς
3188 1775 3298 1844 γὰρ
3341 1776 3442 1828 οὐκ
3487 1775 3755 1838 ἀπιστίας

474 1879 802 1944 pertulisse?
835 1879 938 1932 Aut
973 1881 1244 1950 quomodo
1279 1880 1400 1950 quis
1438 1896 1543 1934 non
1580 1895 1922 1948 summopere
1958 1880 2057 1933 ad-

477 1966 706 2021 miretur
743 1967 909 2038 718
946 1970 1262 2025 oeconomiae
1302 1970 1544 2034 exitum,
1585 1969 1800 2038 quando
1841 1971 2054 2024 destru-

473 2066 619 2115 ctum
648 2067 730 2112 est
756 2069 1068 2128 peccatum,
1099 2061 1371 2115 destructa
1403 2075 1580 2124 mors,
1617 2061 1898 2130 proﬂigata
1929 2075 2053 2116 cor-

473 2151 686 2221 ruptio,
725 2161 780 2210 et
821 2150 982 2206 homo
1036 2152 1163 2206 olim
1222 2151 1482 2222 fugitivus
1536 2153 1708 2221 gratia
1751 2152 2056 2221 adoptionis

412 2261 428 2277 -
475 2241 710 2295 Iiliorum
749 2243 1004 2313 deinceps
1043 2245 1346 2299 illustratus
1380 2243 1657 2298 cernitur?
1695 2244 1878 2311 Itaque
1911 2245 2056 2297 dicat

470 2329 724 2386 Christus
768 2341 988 2403 propter
1029 2333 1144 2389 haec
1185 2334 1296 2402 ipsa
1339 2350 1352 2387 :
1406 2351 1424 2384 ι
1473 2332 1530 2386 Si
1575 2333 1907 2398 impossibile
1951 2334 2056 2388 erit

470 2437 658 2477 coram
687 2424 928 2494 reliquiis
955 2424 1134 2494 populi
1165 2423 1321 2492 hujus
1351 2423 1403 2478 in
1429 2425 1619 2478 diebus
1649 2425 1773 2490 illis,
1798 2427 2058 2494 numquid

471 2523 528 2568 et
571 2530 754 2568 coram
797 2531 882 2570 me
929 2515 1259 2583 impossibile
1306 2514 1445 2570 erit?
1492 2534 1510 2566 ι
1559 2513 1750 2569 Omnia
1795 2515 1939 2569 enim
1984 2515 2055 2568 illi

471 2605 609 2660 levia
645 2616 699 2662 et
733 2606 892 2677 plana
928 2615 1054 2662 sunt
1090 2625 1102 2661 :
1139 2615 1192 2661 et
1225 2604 1422 2660 volenti
1481 2605 1758 2676 quidpiam
1793 2605 2053 2660 eximium

471 2698 672 2761 facere,
705 2699 860 2761 nihil,
891 2699 1098 2767 opinor,
1134 2699 1430 2753 obnitetur.

2162 1871 2330 1938 ἐγγὺς
2370 1869 2461 1922 τὸν
2508 1871 2573 1922 ἐκ
2601 1869 2736 1922 Θεοῦ
2799 1869 2975 1938 φύντα
3016 1869 3188 1938 Λόγον
3245 1869 3512 1939 ἐνωθῆναι
3553 1867 3751 1938 σαρκὶ,

2163 1964 2257 2018 καὶ
2288 1965 2344 2016 ὲν
2365 1966 2432 2034 τῇ
2463 1962 2556 2015 τοῦ
2579 1961 2764 2015 δούλου
2791 1960 3044 2029 γενέσθαι
3093 1963 3296 2031 μορφῇ,
3332 1960 3427 2013 καὶ
3445 1960 3750 2030 ὑπομεῖναι

2163 2055 2416 2126 σταυρὸν,
2449 2054 2635 2126 ὕϐρεις
2661 2070 2717 2108 τε
2743 2053 2839 2106 καὶ
2865 2053 3048 2116 αίκίας
3079 2053 3426 2120 ὑπενεγκεῖν,
3488 2050 3584 2104 καὶ
3643 2049 3753 2120 τῆς

2173 2147 2441 2201 Ἰουδαίων
2497 2146 2824 2218 ἀϐελτηρίας
2859 2145 2960 2208 τάς
3007 2145 3333 2216 παροινίας;
3375 2145 3448 2198 Ἣ
3497 2142 3619 2206 πῶς
3644 2142 3753 2199 οὐκ

2160 2240 2224 2293 ἄν
2251 2257 2338 2303 τις
2365 2240 2776 2309 ὑπεραγάσαιτο
2812 2239 2912 2309 τῆς
2964 2237 3278 2308 οἰκονομίας
3331 2237 3430 2308 τὴν
3482 2235 3750 2298 ἔκϐασιν,

2160 2332 2294 2384 ὅπου
2325 2330 2636 2402 καθῄρηται
2689 2331 2786 2400 μὲν
2820 2331 2852 2400 ἡ
2885 2329 3127 2399 ἁμαρτία
3147 2368 3161 2392 ,
3191 2328 3536 2397 κατήργηται
3564 2325 3622 2378 δὲ
3648 2324 3750 2377 καὶ

2159 2424 2189 2476 ὁ
2213 2423 2462 2490 Θάνατος,
2497 2423 2591 2477 καὶ
2631 2421 2970 2492 ἀπελήλαται
3001 2420 3198 2492 φθορὰ,
3231 2421 3327 2472 καὶ⁵
3352 2421 3379 2472 ὁ
3411 2418 3578 2472 πάλαι
3604 2417 3743 2486 δρα-

2159 2517 2330 2588 πέτης
2365 2516 2653 2586 ἄνθρωπος
2683 2517 2750 2585 τῇ
2783 2514 2882 2584 τῆς
2905 2513 3180 2576 υἱοθεσίας
3215 2513 3399 2584 χάριτι
3446 2510 3746 2581 κατηγλαῖ-

2159 2609 2356 2680 σμένος
2397 2609 2588 2679 ὁρᾶται
2638 2606 2863 2674 λοιπόν;
2899 2606 3108 2660 Οὐκοῦν
3133 2607 3342 2674 λεγέτω
3376 2605 3607 2678 Χριστὸς
3649 2603 3746 2656 ὲπί

2145 2719 2224 2771 ¹γε
2251 2702 2455 2763 τούτοις
2491 2701 2692 2763 αὐτοῖς·
2730 2719 2748 2751 ι
2783 2699 2845 2752 Et
2868 2699 3192 2770 ἀδυνατήσει
3227 2697 3458 2752 ἐνώπιον
3493 2697 3602 2750 τῶν
3644 2713 3746 2748 κα-

467 2789 738 2843 ταλοίπων
771 2789 864 2842 τοῦ
911 2789 1041 2843 λαοῦ
1073 2789 1260 2843 τούτου
1292 2791 1349 2843 ἐν
1381 2793 1500 2855 ταῖς
1529 2790 1761 2862 ἡμέραις
1833 2791 2090 2856 ἐκείναις,
2131 2796 2204 2865 μὴ
2234 2793 2328 2847 καὶ
2359 2792 2587 2846 ἐνώπιόν
2655 2809 2757 2862 μου
2811 2791 3177 2862 ἀδυνατήσει;
3214 2812 3231 2844 ι
3262 2794 3394 2846 Λεία
3421 2793 3528 2861 γὰρ
3564 2791 3748 2846 πάντα.

467 2879 619 2950 αὑτῷ
645 2881 739 2932 καὶ
770 2879 1071 2950 ἱππήλατα,
1103 2880 1195 2933 καί
1220 2898 1273 2934 τι
1307 2880 1415 2933 τῶν
1475 2881 1789 2949 ἀναγκαίων
1819 2881 2054 2935 ἐθέλοντι
2085 2885 2405 2955 κατορῖοὖν,
2440 2886 2525 2955 εἴη
2564 2885 2650 2949 ἂν,
2687 2880 2864 2954 οἶμαι,
2892 2883 2951 2936 τὸ
2977 2883 3331 2936 ἀντιστατοῧν
3369 2884 3541 2937 οὐδέν.

544 2967 702 3037 Vens.
736 2967 791 3034 7,
825 2967 877 3021 8.
913 2966 1042 3020 Ηιιτ
1072 2968 1199 3021 dicit
1234 2968 1489 3021 Dominus
1521 2972 1844 3037 omnipotens
1873 2987 1890 3024 :
1923 2970 2056 3025 Ecce
2084 2981 2124 3034 C

469 3077 560 3136 ego
593 3058 764 3112 denuo
796 3057 938 3121 saluo
973 3059 1219 3128 populum
1258 3076 1426 3113 meum
1461 3060 1526 3112 de
1559 3069 1698 3114 terra
1733 3063 1972 3130 orientis,
2007 3073 2052 3116 et

468 3153 534 3210 die
570 3163 713 3204 terra
751 3149 1054 3214 occidentis,
1094 3161 1141 3203 et
1182 3150 1443 3214 adducam
1483 3167 1590 3217 cos,
1631 3162 1676 3205 et
1719 3151 1961 3207 habitabo
2001 3155 2054 3208 in

468 3246 642 3298 medio
663 3241 980 3308 Jerusalem,
1007 3251 1056 3295 et
1081 3253 1228 3296 erunt
1253 3243 1380 3312 mihi
1407 3243 1459 3295 in
1485 3243 1756 3313 populum,
1782 3255 1828 3299 et
1851 3261 1942 3316 ego
1965 3261 2053 3300 ero

469 3336 543 3404 eis
571 3337 626 3390 in
654 3333 821 3389 Deum
851 3333 905 3388 in
935 3334 1150 3404 ueritate
1175 3344 1220 3388 et
1241 3334 1477 3404 justilia.

535 3510 694 3565 XLII.
742 3510 988 3566 Salvavit
1027 3510 1242 3580 quidem
1283 3521 1339 3566 et
1376 3510 1508 3566 olim
1555 3510 1698 3568 Deus
1738 3515 2049 3583 progeniem

463 3603 658 3668 Israel,
695 3602 834 3658 bello
869 3603 1140 3674 dispersos
1174 3603 1602 3674 Hierosolymam
1627 3621 1979 3674 congregans,
1999 3617 2053 3661 et

463 3695 714 3757 habitans
749 3695 888 3749 inter
920 3695 1071 3760 illos,
1108 3696 1232 3748 dum
1271 3697 1528 3767 templum
1566 3699 1802 3754 divinum
1839 3700 2047 3755 instau-

462 3789 610 3852 rari,
657 3803 872 3842 rursum
917 3789 1201 3844 sacriﬁciis
1246 3804 1366 3843 sese
1416 3791 1650 3858 placari,
1696 3803 1749 3847 et
1799 3796 2050 3862 precibus

462 3880 598 3945 coli,
621 3889 674 3934 et
699 3879 854 3935 festis
876 3880 1066 3936 diebus
1092 3879 1313 3950 agendis
1341 3880 1596 3936 hooorari
1621 3885 1904 3952 permittit.
1929 3885 2048 3939 Ca:-

463 3984 637 4027 terutn
671 3977 816 4043 quod
849 3973 982 4028 dicit
1015 3987 1075 4028 se
1107 3989 1320 4027 rursum
1357 3974 1570 4028 salvare
1602 3975 1855 4045 populum
1891 3992 2046 4030 suum

458 4079 524 4134 ex
557 4064 766 4119 oriente
793 4074 848 4120 et
873 4065 1180 4140 occidente,
1209 4065 1497 4133 quadrabit
1529 4067 1580 4120 in
1613 4067 2043 4132 Emmanuelem,

459 4157 549 4226 qui
582 4167 749 4212 totum
779 4157 877 4213 sub
904 4157 1043 4214 coelo
1069 4159 1326 4212 tnundum
1355 4159 1589 4228 vocavit,
1615 4176 1735 4216 cum
1764 4177 1860 4231 per
1886 4161 2045 4214 ﬁdem

459 4266 556 4307 ceu
592 4251 861 4306 verriculo
897 4266 926 4304 a
967 4250 1148 4304 mundi
1193 4250 1390 4317 ﬁnibus
1427 4267 1598 4322 usque
1635 4253 1878 4308 homines
1913 4267 2045 4308 con-

2235 2974 2377 3027 Τάὸε
2431 2975 2592 3043 λέγει
2640 2975 2854 3042 Κύριος
2896 2974 3353 3042 παντοκράτωρ’
3412 2975 3566 3029 Ἰδοὺ
3627 2977 3748 3046 ἐγὼ

2155 3060 2434 3123 ἀνασώζω
2459 3062 2566 3116 τὸν
2597 3063 2751 3117 λαόν
2803 3080 2921 3132 μου
2955 3062 3074 3117 ἀπὸ
3125 3062 3238 3132 γῆς
3273 3063 3607 3129 ἀνατολῶν,
3643 3065 3746 3119 και

2154 3155 2272 3209 ἀπὸ
2310 3155 2423 3224 γῆς
2449 3153 2716 3224 δυσμῶν,
2767 3156 2864 3208 καὶ
2904 3154 3127 3217 εἰσάξω
3154 3153 3396 3219 αὐτοὺς,
3424 3154 3523 3206 καὶ
3567 3173 3747 3208 κατα-

2154 3245 2451 3314 σκηνὼσω
2476 3245 2729 3314 ἐνμέσῳ
2774 3246 3193 3314 Ἰερουσαλὴμ,
3243 3243 3341 3297 καὶ
3369 3242 3617 3297 ἔσονται
3639 3263 3744 3314 μοι

2153 3342 2240 3408 εὶς
2267 3339 2441 3403 λαὸν,
2479 3338 2640 3408 κάγὼ
2672 3339 2884 3408 ἔσομαι
2925 3339 3130 3404 αὐτοῖς
3178 3340 3266 3402 εὶς
3296 3339 3465 3404 Θεὸν,
3491 3337 3562 3390 ἐν
3591 3337 3744 3404 dlu-

2153 3432 2282 3498 θείᾳ
2311 3433 2405 3485 καὶ
2435 3430 2808 3499 δικαιοσύνῃ.

2223 3522 2356 3576 ΜΒ’.
2391 3521 2608 3576 Σέσωκε
2631 3522 2728 3591 μὲν
2764 3520 2859 3574 καὶ
2893 3521 3062 3574 πάλαι
3087 3520 3218 3583 Θεὸς
3253 3522 3378 3584 τοὺς
3407 3519 3467 3584 ἐξ
3507 3519 3742 3589 αἵματος

2165 3613 2403 3686 Ἰσραὴλ,
2439 3614 2977 3686 κατεσκεδασμένους
3014 3615 3090 3683 τῷ
3134 3613 3356 3684 πολέμῳ
3401 3614 3741 3683 συναγείρων

2152 3708 2232 3770 εἰς
2285 3707 2654 3776 Ἱεροσόλυμα.
2709 3708 2803 3759 καὶ
2839 3709 3169 3776 κατοικήσας
3221 3708 3278 3758 ἐν
3326 3706 3527 3768 αὐτοῖς’
3561 3705 3650 3759 διὰ
3675 3723 3738 3773 γε

2149 3799 2246 3853 τοῦ
2271 3801 2364 3854 καὶ
2390 3801 2479 3854 τὸν
2501 3800 2642 3854 Θεῖον
2672 3803 2883 3872 ἐγεῖραι
2915 3799 3176 3866 ναὸν,καὶ
3205 3802 3418 3870 ἐφεῖναι
3445 3801 3608 3854 πάλιν
3638 3802 3739 3854 αὑ-

2149 3893 2264 3954 τοῖς
2297 3893 2416 3954 ταῖς
2447 3893 2587 3945 κατά
2618 3892 2780 3962 νόμον
2836 3891 3052 3953 (iusim;
3105 3891 3621 3961 καταμειλίσσεσοαί
3677 3909 3735 3943 τε

2152 3982 2248 4034 καὶ
2276 3983 2668 4052 ἀποπεραίνειν
2713 3983 2901 4053 εὐχὰς,
2958 3984 3054 4036 καὶ
3107 3983 3462 4054 ἀποπληροῦν
3518 3983 3732 4054 ἑορτάς.

2152 4070 2299 4140 Πλὴν
2330 4069 2390 4123 τὸ
2423 4071 2727 4134 ἀνασώζειν
2757 4072 2847 4124 τὸν
2900 4071 3029 4125 ἴδιον
3079 4074 3243 4142 φάναι
3296 4072 3424 4125 λαὸν
3456 4071 3514 4138 ἐξ
3543 4073 3738 4126 ἀνατο-

2149 4162 2257 4216 λῶν
2291 4163 2385 4216 καὶ
2437 4163 2680 4234 δυσμῶν,
2735 4165 2937 4234 πρέποι
2975 4163 3040 4218 ἂν
3098 4165 3322 4228 εἰκότως
3373 4163 3452 4234 τῷ
3521 4163 3731 4234 Ἐμμαο

2150 4255 2332 4326 νουὴλ,
2365 4254 2424 4319 ὃς
2461 4258 2641 4308 πᾶσαν
2671 4255 2896 4308 ἐκάλεσε
2923 4255 3021 4327 τὴν
3070 4255 3160 4308 ὑπ’
3190 4256 3441 4326 οὐρανὸν,
3476 4254 3736 4326 σαγηνεύ-

459 4345 648 4410 clusit,
685 4353 739 4398 ct
775 4344 1083 4398 universam
1119 4343 1358 4413 gentium
1395 4343 1791 4416 multitudinem
1831 4347 1883 4401 in
1919 4361 2043 4401 vere

2156 4363 2254 4410 σας
2275 4346 2361 4399 διὰ
2384 4347 2485 4416 τῆς
2511 4347 2748 4411 πίστεως
2781 4348 2905 4409 τοὺς
2935 4347 2999 4400 ἐκ
3039 4345 3293 4416 περάτων
3331 4345 3432 4414 τῆς
3468 4345 3592 4415 γῆς,
3644 4344 3736 4397 καὶ

462 4448 705 4492 Sanctam
736 4447 790 4492 et
821 4437 962 4490 fama
1011 4436 1266 4508 inclytam
1297 4437 1592 4502 civitatem,
1624 4455 1746 4508 quae
1771 4448 1854 4492 est
1885 4456 1903 4492 ι
1944 4439 2044 4492 Ec-

459 4530 622 4586 clesia
659 4527 755 4585 Dei
785 4529 1014 4584 viventis
1037 4529 1101 4594 ",
1142 4547 1159 4582 ι
1195 4540 1248 4584 et
1283 4531 1520 4586 caelestis
1550 4529 1884 4594 Jerusalem,
1915 4546 2045 4584 cou—

457 4622 718 4690 gregavit.
754 4622 1042 4678 Habitasse
1078 4631 1258 4676 autem
1297 4621 1444 4675 illurn
1481 4621 1532 4674 itt
1569 4623 1744 4675 medio
1776 4621 1891 4690 ejus
1920 4622 2042 4690 quis

460 4711 705 4776 dubitet?
731 4712 929 4769 Factus
954 4723 1035 4768 est
1059 4714 1323 4782 siquidem
1351 4713 1545 4767 similis
1571 4713 1762 4776 nostri,
1792 4731 1810 4764 ι
1840 4723 2039 4766 etcum

459 4803 766 4870 hominibus
793 4815 1143 4859 conversatus
1168 4814 1251 4860 est
1274 4805 1315 4835 ⁸³
1351 4824 1368 4856 ι
1402 4805 1452 4857 in
1484 4821 1668 4859 carne.
1697 4806 1750 4858 ld
1779 4805 1917 4872 quod
1945 4819 2040 4872 per

458 4894 622 4947 alium
656 4893 973 4962 prophetam
1007 4895 1146 4948 Deus
1179 4895 1580 4962 praenuntiavit,
1614 4912 1630 4943 ι
1663 4893 1903 4956 Coutide,
1933 4911 2036 4947 non

460 4982 824 5040 dissolvantur
853 4999 1043 5037 manus
1076 4993 1196 5057 tum.
1228 4983 1492 5038 Dominus
1528 4983 1667 5037 Deus
1700 4995 1820 5037 tuus
1851 4993 2042 5052 potens

455 5075 508 5132 in
545 5087 597 5129 te
635 5073 865 5134 salvabit
897 5083 980 5139 te,
1013 5073 1246 5131 adducet
1275 5090 1436 5143 super
1480 5085 1532 5131 te
1566 5077 1841 5138 l:etitiam,
1873 5085 1926 5129 et
1958 5075 2042 5128 itt-

460 5167 681 5222 novahit
718 5176 768 5222 te
803 5165 855 5219 ln
893 5167 1161 5231 charitate
1199 5183 1293 5223 sua
1319 5167 1383 5222 ‘9.
1428 5187 1446 5220 ι
1491 5169 1632 5236 Quin
1669 5180 1723 5225 et
1761 5170 2039 5224 nobiscum

454 5271 537 5320 est
568 5277 583 5314 :
618 5275 722 5314 non
759 5260 900 5315 enim
939 5259 1155 5328 reliquit
1191 5275 1286 5314 nos
1321 5263 1688 5330 orphanos";
1726 5279 1822 5331 pro
1855 5277 1912 5315 se
1945 5276 2045 5314 au—

457 5361 563 5404 tem
597 5353 743 5407 misit
774 5352 1138 5415 Paracletum,
1173 5362 1224 5406 et
1259 5368 1352 5422 per
1379 5353 1550 5424 ipsum
1583 5355 1734 5409 adest
1767 5354 2037 5414 ditigenti-

456 5439 555 5496 bus
582 5455 669 5507 se,
697 5447 838 5512 quod
873 5453 1105 5501 testatur
1128 5443 1233 5512 illis
1258 5443 1441 5500 verbis
1469 5462 1481 5498 :
1517 5464 1534 5496 ι
1568 5446 1707 5501 Ecce
1737 5462 1834 5514 ego
1860 5448 2036 5500 vobis-

530 5639 572 5711 ίξ
599 5639 799 5711 llglbac.
834 5658 870 5702 ι,
898 5643 955 5708 5;
986 5645 1104 5706 Act.
1131 5662 1253 5708 xnt.
1275 5647 1362 5699 Η.
1443 5646 1487 5677 ¹⁸
1514 5646 1745 5711 Philipp.
1774 5660 1833 5711 ιι,
1867 5645 1920 5711 6,
1951 5645 2001 5700 7.

476 5709 774 5780 “Sophim.
812 5727 892 5777 ιιι,
931 5715 1017 5780 16,
1063 5717 1146 5770 17.
1225 5718 1269 5748 ¹⁰
1308 5715 1463 5773 Joau.
1509 5731 1618 5782 xlv.
1654 5709 1737 5770 i8.

2084 5647 2128 5678 ‘°
2153 5646 2315 5703 llel;r.
2354 5664 2449 5714 xu,
2476 5647 2529 5702 ‘2.

2149 4441 2330 4492 πᾶσαν
2353 4439 2523 4494 ἐθνῶν
2574 4439 2776 4510 ἀγέλην
2835 4435 3261 4506 συναγηγερκὼς
3308 4437 3388 4499 εἰς
3430 4435 3528 4506 τὴν
3571 4434 3734 4503 ἁγίαν

2147 4531 2364 4602 ἀληθῶς
2389 4533 2484 4585 καὶ
2508 4531 2793 4603 διαῦόητον
2843 4530 3019 4590 πόλιν,
3044 4529 3166 4600 ἥτις
3197 4529 3344 4580 ἐστὶν
3379 4547 3396 4578 ι
3435 4525 3733 4596 Ἐκκλησία

2153 4623 2289 4676 Θεοῦ
2328 4623 2549 4686 ζῶντος,
2590 4642 2607 4674 ι
2660 4624 2694 4693 ἡ
2743 4623 3065 4693 ἐπουράνιος
3103 4619 3480 4690 Ἰερουσαλήμ.
3510 4619 3632 4672 ’Ὁτι
3677 4616 3735 4672 δὲ

2151 4714 2247 4766 καὶ
2272 4713 2582 4774 ἐσκήνωσεν
2619 4715 2676 4766 ὲν
2739 4714 2888 4783 μέσῳ
2920 4712 3111 4784 αὐτῆς,
3153 4711 3271 4773 πῶς
3309 4709 3456 4762 ἐστιν
3486 4709 3734 4779 ἀμφιδα-
3781 4721 3793 4784 ξ

2149 4805 2300 4867 λείνς
2334 4804 2526 4872 Γέγονε
2556 4805 2662 4876 γὰρ
2700 4805 2820 4858 καθ’
2869 4807 3036 4875 ἡμᾶς,
3093 4823 3110 4855 ι
3140 4805 3234 4858 καὶ
3268 4807 3378 4865 τοῖς
3424 4801 3730 4873 ἀνθρώποις

2153 4897 2572 4968 συνανεστρὰφη
2603 4917 2620 4948 ι
2669 4895 2810 4966 μετὰ
2862 4897 3081 4966 σαρκός.
3137 4894 3248 4948 Καὶ
3278 4893 3437 4947 τοῦτο
3487 4895 3617 4964 ἡμῖν
3660 4891 3730 4942 δι’

2149 4989 2337 5058 ἑτέρου
2363 4989 2640 5059 προερήτου
2693 4988 2822 5052 Θεὸς
2864 4987 3262 5062 προανεφώνει,
3298 4987 3494 5054 λέγων’
3534 5003 3550 5034 ι
3585 4982 3727 5051 Θάρ-

2147 5097 2249 5143 σει,
2287 5079 2444 5143 Σιὸιν,
2479 5083 2554 5151 μὴ
2593 5080 2974 5151 παρείσθωσαν
3021 5083 3074 5134 αἱ
3110 5083 3293 5152 χεῖρές
3324 5099 3440 5136 σου.
3468 5077 3670 5148 Κύριος
3701 5075 3729 5127 ὁ

2144 5173 2277 5235 Θεὸς
2300 5171 2525 5235 δυνατὸς
2572 5173 2628 5224 ἐν
2683 5173 2766 5225 σοι
2801 5173 2965 5231 σώσει
3002 5191 3084 5236 σε,
3120 5172 3312 5237 ἐπάξει
3342 5172 3432 5224 ἐπὶ
3458 5171 3516 5223 σὲ
3539 5169 3730 5237 εὐφρο-

2147 5264 2336 5336 σύνην,
2371 5265 2464 5318 καὶ
2497 5268 2696 5318 καινιεῖ
2722 5283 2780 5318 σε
2811 5268 2868 5320 ἐν
2894 5269 2959 5338 τῇ
2987 5267 3264 5337 ἀγαπήσει
3303 5263 3526 5319 αὑτοῦ.»
3569 5259 3730 5314 Ἀλλά

2147 5354 2242 5408 καὶ
2272 5353 2520 5408 σύνεστιν
2555 5356 2706 5427 ἡμῖν·
2740 5357 2801 5410 οὐ
2830 5359 2938 5428 γὰρ
2967 5357 3181 5426 ἀφῆκεν
3228 5356 3374 5426 ἡμᾶς
3422 5351 3724 5425 ὀρφανοὺς,

2148 5447 2400 5519 πέπομφε
2434 5449 2490 5502 δὲ
2516 5451 2649 5521 ἡμῖν
2682 5449 2797 5505 ἀνθ’
2847 5450 3036 5505 ἑαυτοῦ
3082 5449 3172 5503 τὸν
3227 5445 3604 5518 Παρὰκλητον,
3637 5442 3728 5495 καὶ

2609 5649 2648 5680 ¹⁷
2683 5649 2862 5702 l'l‘im.
2897 5663 2980 5709 ιιι,
3009 5646 3094 5701 15.
3193 5646 3233 5676 ¹¹¹¹
3265 5642 3475 5699 Bal-uult
3513 5659 3594 5707 ιιι,
3625 5642 3716 5697 58.
