4092 6202
388 263 489 317 II?

1202 257 1754 321 CDMMENTARIUS
1793 264 1857 320 IN
1898 265 2302 324 ΖᾹΟΙΙΑΠΙΛΜ
2342 262 2779 323 Ριιυῐδιιετλλι.

3544 269 3645 325 118

383 379 606 432 σύνεστι
633 377 702 430 δι’
732 374 897 430 αὐτοῦ
927 379 1039 440 τοῖς
1076 377 1361 447 ἀγαπῶσιν
1392 379 1574 444 αὐτὸν,
1626 381 1723 435 καὶ
1768 382 1967 456 πληρο-

2072 399 2187 439 cum
2211 400 2327 438 sum
2349 384 2597 438 omnibus
2621 382 2828 445 diebus,
2849 395 3017 452 usque
3040 382 3104 436 ad
3124 383 3642 441 consummationem

384 472 639 543 φορήσει,
668 469 857 538 λέγων·
895 488 912 521 ι
962 469 1096 524 Ἰδοὺ
1151 469 1263 539 ἐγὼ
1295 470 1412 541 μεθ’
1438 471 1592 541 ὑμῶν
1643 474 1760 545 είμι
1787 475 1968 540 πάσας

380 564 484 629 τάς
514 562 746 635 ἡμέρας,
796 562 902 626 ἕως
932 564 1033 634 τῆς
1068 564 1378 629 συντελείας
1405 565 1501 620 τοῦ
1544 566 1759 632 αἰῶνος.
1803 587 1822 621 s
1866 569 1965 623 Γέ-

381 671 512 722 γονε
544 654 723 707 τοίνυν
743 654 909 709 αὐτοῦ
938 655 1069 720 λαὸς
1105 655 1159 709 οἵ
1200 673 1329 710 ποτε
1359 661 1419 712 ού
1446 659 1585 725 λαοὶ,
1632 661 1726 714 καὶ
1772 662 1821 715 οἱ
1858 661 1965 715 τῶν

379 746 548 800 λίθων
576 748 949 819 προσκυνηταὶ
968 790 983 816 ,
1006 748 1106 817 τὴν
1150 749 1382 819 ἀρχαίαν
1404 750 1497 804 καὶ
1526 750 1754 822 βέϐηλον
1791 769 1962 806 κατα-

382 839 784 909 μυσαττόμενοι
828 839 1118 908 πλάνησιν,
1173 838 1305 893 Θεὸν
1323 841 1486 907 αὐτὸν
1504 841 1955 914 ἐπεγραψάμεθα,

382 930 477 982 καὶ
512 927 704 983 τοῦτον
743 949 760 981 ι
794 931 852 983 ὲν
888 929 1119 1003 ἀληθείᾳ
1169 932 1261 986 καὶ
1283 931 1619 1005 δικαιοσύνῃ.
1654 952 1671 985 ι
1725 933 1800 986 Ού
1850 934 1962 1005 γὰρ

384 1022 441 1073 ὲν
469 1019 570 1091 ἴσῳ
590 1022 701 1084 τοῖς
733 1020 828 1074 τοῦ
852 1021 1179 1093 γράμματος
1212 1024 1407 1094 φίλοις,
1441 1023 1632 1087 τύποις
1656 1025 1752 1079 καὶ
1783 1027 1962 1090 σκιαῖς

384 1110 760 1181 πῳσκείμεθα
781 1151 796 1177 ,
828 1092 1261 1184 παραδεξάμενοι
1284 1113 1339 1167 δὲ
1375 1092 1575 1185 μᾶλλον
1598 1116 1679 1179 εἰς
1723 1115 1848 1170 νοῦν
1871 1116 1963 1170 καὶ

382 1200 610 1271 καρδίαν
643 1200 744 1272 τὴν
774 1201 883 1256 τῶν
911 1202 1284 1272 εύαγγελικῶν
1309 1206 1682 1276 κηρυγμάτων
1713 1205 1962 1278 λαμπρό-

379 1308 552 1362 τητα,
595 1292 696 1366 τὴν
746 1293 920 1365 ἀληθῆ
968 1294 1231 1366 τελοῦμεν
1283 1295 1568 1367 λατρείαν,
1624 1298 1718 1352 καὶ
1748 1299 1847 1368 τῆς
1870 1299 1963 1353 άν-

379 1383 644 1455 δανούσης
663 1386 813 1456 αύτῷ
835 1385 1181 1458 δικαιοσύνης
1217 1388 1385 1459 ἀπρὶξ
1428 1388 1699 1460 ἐχόμενοι,
1759 1392 1855 1463 τὴν
1902 1393 1961 1447 ὲν

382 1473 656 1547 πνεύματι
682 1475 1000 1548 πληροῦμεν
1028 1476 1417 1550 προσκύνησιν.
1455 1497 1475 1531 ι
1519 1479 1745 1552 Πνεῦμα
1770 1481 1879 1554 γὰρ
1930 1484 1959 1537 6

2066 478 2247 533 saeculi
2272 479 2337 531 ".
2379 496 2397 529 ι
2439 476 2641 533 Factus
2675 485 2756 530 est
2792 477 2951 544 igitur
2984 474 3209 544 populus
3243 474 3377 544 ejus,
3414 477 3503 545 qui
3543 477 3640 531 nli-

2065 570 2280 638 quando
2307 583 2412 623 non
2447 568 2672 639 populus
2691 567 2737 597 “
2770 585 2783 622 :
2815 576 2868 621 et
2902 567 2992 637 qui
3030 565 3231 633 lapides
3261 567 3487 622 adorare
3510 567 3648 622 sole-

2065 662 2283 728 bamus,
2318 672 2557 715 veterem
2601 668 2656 714 ct
2713 659 2983 729 impurum
3013 673 3253 714 errorem
3285 659 3648 722 detestantes,

2062 756 2235 823 ipsum
2269 753 2423 810 nobis
2456 754 2621 809 Deum
2656 752 2970 818 ascivimus,
3003 762 3058 806 ct
3090 753 3234 806 hunc
3271 770 3289 803 ι
3338 752 3390 806 in
3427 752 3653 806 veritate

2065 858 2119 901 ct
2139 847 2370 916 justitia.
2402 865 2423 899 ι
2454 845 2568 900 Non
2596 846 2740 901 enim
2770 846 2913 901 sicut
2938 846 3136 915 quibus
3163 843 3347 899 littera
3374 843 3524 899 cordi
3551 854 3651 907 est,

2068 938 2207 1009 typis
2231 946 2287 995 et
2315 938 2522 992 umbris
2553 937 2935 995 adhmremus:
2962 937 3090 1007 quin
3125 937 3305 1006 potius
3336 935 3572 991 admissa
3602 935 3652 988 in

2067 1030 2307 1083 animum
2361 1029 2796 1098 evangelicarum
2863 1027 3310 1098 praedicationum
3374 1027 3653 1083 claritate.

2069 1116 2233 1190 719
2264 1135 2447 1175 verum
2488 1120 2692 1175 cultum
2728 1120 3081 1182 exhibemus,
3118 1128 3175 1175 et
3210 1135 3373 1189 quam
3411 1117 3503 1172 ille
3536 1132 3657 1187 pro-

2070 1212 2159 1266 bat
2192 1211 2417 1282 justitiae
2455 1211 2632 1278 aiIixi,
2679 1212 3051 1267 adnrntionem
3098 1211 3151 1264 in
3194 1210 3391 1291 spiritu
3433 1217 3659 1277 prmsta-

2068 1318 2207 1359 mus.
2231 1323 2248 1354 ι
2271 1302 2505 1373 Spiritus
2531 1304 2675 1360 enim
2707 1313 2793 1361 est
2820 1304 2982 1368 Deus,
3005 1323 3023 1356 ι
3048 1314 3105 1358 ut
3134 1303 3250 1372 ipse
3278 1301 3448 1369 Filius
3477 1300 3612 1355 dixit
3640 1316 3654 1352 :

2069 1412 2090 1447 ι
2130 1404 2185 1450 et
2208 1397 2501 1452 adorantes
2541 1411 2687 1464 eum,
2744 1397 2799 1453 in
2854 1396 3052 1469 spiritu
3096 1405 3154 1454 et
3189 1394 3419 1452 veritate
3437 1393 3659 1464 oportet

2064 1486 2293 1543 adorare
2310 1487 2373 1541 ".
2388 1506 2405 1539 ι

380 1567 534 1633 Θεὸς,
561 1586 582 1619 s
617 1567 765 1623 καθά
795 1585 960 1641 φησιν
1002 1569 1163 1635 αὐτὸς
1211 1571 1240 1625 6
1280 1571 1425 1639 Υἱὸς,
1465 1589 1483 1625 ι
1509 1575 1603 1628 καὶ
1640 1575 1767 1638 τοὺς
1825 1578 2266 1645 προσκυνοῦντας
2299 1580 2483 1648 αὑτὸν,
2544 1584 2601 1635 ὲν
2641 1580 2916 1652 πνεύματι
2947 1581 3043 1636 καὶ
3088 1579 3317 1652 ἀληθείᾳ
3361 1578 3441 1631 δεῖ
3491 1591 3660 1647 προσ-

380 1663 569 1714 κυνεῖν
623 1677 645 1712 s

458 1739 605 1806 Τάδε
656 1753 821 1822 λέγει
865 1753 1084 1823 Κύριος
1129 1755 1551 1826 παντοκράτωρ
1573 1773 1587 1787 ·
1635 1757 1965 1828 Κατισχυέ-

2131 1753 2304 1815 Vens.
2337 1759 2391 1816 9.
2422 1759 2552 1816 Hau:
2582 1762 2708 1816 dicit
2735 1761 2986 1815 Dominus
3033 1760 3354 1829 omnipotens
3382 1774 3405 1819 .t
3438 1758 3663 1829 Confor-

379 1858 587 1897 τωσαν
613 1845 673 1897 αἱ
709 1844 905 1914 χεῷες
935 1844 1103 1915 ὑμῶν
1154 1846 1275 1902 τῶν
1332 1849 1678 1904 ἀκουόντων
1726 1851 1796 1905 ἐν
1838 1851 1968 1919 ταῖς

378 1933 631 2004 ἡμέραις
654 1936 893 2002 ταύταις
915 1936 1056 2003 τοὺς
1100 1937 1324 2006 λόγους
1363 1939 1616 2007 τούτους
1650 1940 1719 1995 ἐκ
1748 1942 1968 2011 στόμα-

382 2042 488 2091 τος
516 2023 634 2078 τῶν
659 2023 1002 2095 προφητῶν,
1048 2026 1150 2097 ἀφ’
1176 2023 1253 2098 ἧς
1281 2027 1506 2099 ἡμέρας
1559 2032 1967 2102 τεθεμελίωται

382 2119 420 2169 ό
448 2111 612 2181 οἶκος
659 2116 888 2185 Κυρίου
934 2116 1439 2191 παντοκράτορος,
1481 2121 1579 2176 καί
1610 2124 1644 2177 ὀ
1679 2122 1828 2191 ναὸς
1864 2123 1966 2195 ἀρ’

382 2202 458 2263 οὗ
490 2206 877 2278 ᾠκοδόμηται.

452 2299 588 2355 ΜΓ.
629 2301 1001 2374 ’Υπισχνεῖται
1023 2305 1122 2377 μὲν
1154 2306 1268 2369 τοῖς
1299 2304 1588 2375 ἀγαπῶσιν
1618 2304 1780 2359 αὐτὸν
1812 2304 1967 2360 ὁτῶν

382 2394 523 2446 ὅλων
550 2393 683 2457 Θεὸς
719 2394 788 2448 τὰ
817 2395 959 2467 ὑπὲρ
1004 2395 1194 2451 ἐλπίδα
1248 2396 1529 2463 πολλάκις,
1556 2396 1883 2470 ψευδομυθεῖ
1911 2396 1969 2451 δὲ

382 2484 662 2555 οὐδαμῶς,
705 2484 821 2543 ἀλλ’
853 2485 961 2558 ἰδίᾳ
1014 2486 1243 2558 δυνάμει
1293 2487 1388 2542 καὶ
1443 2488 1776 2561 ἀπορρήτοις
1825 2486 1967 2541 τισὶν

382 2578 688 2647 ἐνεργείαις
712 2578 1075 2651 ἁποπεραίνει
1107 2579 1248 2634 κατὰ
1290 2582 1535 2653 καιροὺς,
1559 2581 1704 2653 ειπερ
1754 2581 1821 2637 ἂν
1842 2580 1969 2652 βού-

382 2670 561 2733 λοιτο,
587 2672 677 2723 καὶ
699 2670 817 2726 λίαν
849 2671 1081 2727 ἀκονιτί.
1110 2671 1319 2743 Πρέποι
1347 2672 1389 2729 δῗ
1413 2673 1479 2728 ἂν
1502 2675 1650 2745 ημᾶς
1679 2673 1781 2728 οὐκ
1810 2672 1969 2728 ἀσθε-

384 2761 618 2826 νοῦντας
634 2764 698 2833 τῇ
718 2764 918 2826 πίστει,
941 2766 1120 2837 πάντη
1143 2783 1204 2819 τε
1224 2765 1320 2819 καὶ
1336 2766 1556 2835 πάντως
1570 2768 1969 2841 ἐπιμαρτυρεῖν

384 2852 560 2924 αὐτῷ,
580 2854 641 2907 τὸ
662 2855 837 2908 πάντα
867 2855 1127 2911 δύνασθαι
1151 2857 1522 2928 διαπεραίνειν
1552 2858 1794 2923 εὐκόλως
1816 2874 1831 2890 ο
1870 2858 1968 2913 άν-

383 2942 664 3012 δρίζεσθαι
689 2943 748 2998 δὲ
770 2945 909 3017 πρὸς
937 2945 1075 3017 ἔργα
1103 2947 1170 3001 δι’
1202 2940 1278 3003 ὧν
1312 2947 1550 3019 ἐσόμεθα
1575 2947 1840 3021 λαμπροὶ,
1875 2947 1970 3002 καὶ

382 3033 478 3086 τδν
509 3034 709 3106 εὐκλεῆ
732 3036 832 3107 τῆς
851 3038 1152 3103 ἐπιεικείας
1179 3040 1659 3111 άποκερδανοῦμεν
1684 3041 1966 3112 στέφανον,

2070 1859 2246 1904 tentur
2274 1868 2462 1907 manus
2491 1862 2693 1917 vestra,
2719 1852 2811 1921 qui
2842 1851 3045 1905 auditis
3101 1851 3155 1904 in
3183 1851 3364 1909 diebus
3398 1850 3515 1904 istis
3545 1866 3658 1904 ser-

2068 1957 2243 1997 mones
2271 1941 2365 1997 hos
2402 1959 2466 1997 ex
2491 1959 2579 1997 ore
2623 1943 3019 2014 prophetarum,
3059 1956 3125 1995 ea:
3176 1956 3282 2013 qua
3316 1940 3402 1994 die
3434 1938 3661 2009 [ιιηιίαιιι

2066 2044 2141 2088 est
2175 2035 2360 2089 domus
2394 2035 2604 2091 Domini
2662 2034 3049 2105 omnipotentis,
3099 2040 3149 2087 et
3184 2030 3436 2105 templum
3464 2048 3528 2087 ex
3557 2047 3661 2102 quo

2068 2125 2399 2195 tediﬁcatum
2434 2136 2534 2183 est.
3207 2104 3231 2127 ⁸

2138 2308 2322 2369 XLIII.
2358 2309 2717 2382 Diligentibus
2749 2325 2809 2367 se
2851 2308 3228 2365 universorum
3293 2305 3432 2361 Deus
3473 2303 3664 2361 crebro

2067 2402 2215 2457 onmi
2248 2416 2346 2474 spe
2376 2402 2580 2474 majora
2611 2401 2896 2472 promittit,
2930 2414 3032 2457 nec
3059 2399 3198 2459 fallit
3227 2398 3334 2454 ullo
3363 2396 3543 2463 modo,
3568 2397 3663 2452 sed

2070 2494 2271 2551 virtute
2330 2509 2428 2551 sua
2482 2501 2538 2553 et
2584 2492 3051 2562 inexplicabilibus
3076 2489 3397 2561 quibusdam
3428 2483 3666 2542 eliicien-

2071 2587 2159 2649 tiis
2252 2594 2475 2656 praestat
2527 2585 2641 2642 suis
2690 2584 3065 2654 temporibus,
3096 2590 3151 2637 et
3206 2579 3467 2635 facillime
3546 2591 3665 2645 quae

2072 2678 2321 2735 voluerit.
2387 2678 2556 2734 Decet
2622 2685 2803 2733 autem
2855 2688 2960 2733 nos
3007 2672 3062 2728 in
3123 2671 3228 2733 ﬁde
3256 2684 3363 2726 non
3418 2665 3665 2726 labantes

2073 2768 2436 2826 testimonium
2487 2766 2640 2841 dare.
2670 2782 2794 2824 eum
2823 2763 3036 2824 edicere
3062 2760 3246 2820 omnia
3275 2761 3424 2821 nullo
3446 2762 3665 2832 negatio

2070 2876 2270 2934 posse:
2311 2867 2368 2916 et
2420 2873 2568 2920 viros
2628 2872 2728 2915 nos
2766 2857 3010 2929 praebere
3065 2855 3133 2908 ad
3185 2865 3348 2920 opera
3405 2865 3500 2922 per
3544 2866 3665 2922 quae

2070 2953 2453 3013 claritudinem
2503 2964 2922 3021 consequemur,
2957 2956 3012 3004 et
3063 2946 3352 3018 probitatis
3400 2958 3662 3001 coronam

2073 3046 2362 3120 gloriosam
2422 3045 2804 3116 scquiremus;
2859 3041 3241 3112 obtemperare
3283 3039 3497 3095 demum
3551 3035 3666 3103 eius

387 3129 820 3189 καταπείθεσθαί
847 3148 908 3184 τε
946 3134 1058 3195 τοῖς
1085 3133 1219 3203 παρ’
1267 3107 1434 3187 αὐτοῦ
1480 3107 1683 3202 λόγοις,
1841 3133 1969 3193 ποδ-

2072 3107 2437 3204 ;ermonibus,
2483 3107 2540 3192 et
2566 3107 2796 3193 studere
2842 3135 3007 3189 duces
3045 3107 3200 3203 sequi
3234 3130 3353 3187 illos
3426 3131 3518 3200 qui
3572 3142 3667 3197 per

383 3221 562 3288 ηγοῦς
580 3221 851 3278 ποιεῖσθαι
875 3221 1198 3287 σπουδάζειν
1229 3221 1357 3284 τοὺς
1371 3263 1385 3289 ,
1422 3223 1585 3294 οἵπερ
1610 3221 1681 3284 ἂν
1700 3218 1815 3284 εἷεν
1825 3222 1970 3278 κατὰ

386 3314 615 3385 καιροὺς
647 3315 759 3370 τῶν
789 3315 946 3370 θείων
975 3319 1109 3388 ἡμῖν
1142 3316 1530 3389 θεσπισμάτων
1572 3316 1969 3377 ἀπλανέστατοι

385 3404 758 3474 διακομισταί.
815 3407 1309 3478 Κατεπηγγέλλετο
1353 3408 1412 3462 δὲ
1461 3410 1491 3462 6
1556 3409 1760 3479 Κύριος
1811 3408 1969 3481 ἡμῶν

399 3493 611 3565 Ἰησοῦς
641 3496 875 3567 Χριστδς
903 3497 992 3559 διὰ
1017 3498 1127 3553 τῶν
1164 3498 1337 3569 ἁγίων
1361 3499 1656 3571 προφητῶν
1678 3499 1748 3554 τὰ
1779 3500 1845 3563 ὲκ
1869 3504 1970 3571 τῆς

385 3585 852 3658 ὲνανθρωπήσεως
876 3588 1078 3658 ἀγαθά,
1103 3592 1198 3646 καὶ
1223 3590 1351 3644 ὅσον.
1371 3590 1468 3661 μὲν
1500 3592 1626 3662 ἥκει
1658 3593 1739 3656 εις
1761 3592 1970 3664 ἀνθρω-

393 3676 550 3740 πίνας
582 3678 812 3743 ὲννοίας,
845 3679 1121 3746 ἀπιστίαν,
1151 3680 1229 3744 ὡς
1249 3679 1407 3752 ἔφην,
1431 3680 1745 3752 ούιμακράν
1772 3681 1860 3734 τὸν
1886 3680 1971 3734 λό-

385 3786 486 3838 γον
510 3769 696 3836 ὲτίθει,
721 3770 831 3825 τῶν
855 3773 1210 3843 χαρισμάτων
1230 3772 1290 3827 τὸ
1310 3771 1541 3843 μέγεθος
1564 3772 1677 3844 ἅφη
1687 3771 1964 3843 γούμενος.

401 3861 546 3916 Ἀλλ’
578 3863 638 3916 ὲν
685 3862 865 3916 πίστει
912 3863 1258 3936 πεποιήμεθα
1307 3864 1405 3919 καὶ
1458 3862 1528 3917 τά
1558 3862 1968 3936 ὑπὲρέννοιαν,

386 3958 503 4017 τοῖς
529 3956 629 4025 τῆς
651 3955 929 4019 εὐσεϐείας
954 3957 1261 4030 ύφηγηταῖς
1281 3957 1461 4028 εὐαφῆ
1485 3956 1683 4027 τρόπον
1709 3956 1828 4011 τινὰ
1877 3956 1972 4011 καὶ

389 4048 607 4117 εὐήνιον
633 4046 727 4101 τὸν
774 4048 872 4118 τῆς
898 4047 1137 4113 διανοίας
1171 4048 1464 4111 δεδωκότες
1506 4048 1728 4118 αύχένα.
1762 4047 1972 4119 Καιρὸς

389 4138 451 4190 δὲ
474 4139 507 4190 6
537 4138 764 4209 πρέπων
814 4142 933 4203 ταῖς
971 4139 1082 4198 τῶν
1118 4139 1339 4209 ἀγαθῶν
1390 4141 1714 4213 χορηγίαις,
1771 4141 1865 4194 καὶ
1903 4143 1968 4212 τῇ

391 4229 526 4300 παρ’
546 4228 704 4300 ἡμῶν
732 4228 908 4293 αὐτῶν
935 4230 1182 4302 ὑποταγῇ
1213 4231 1315 4302 τῆς
1352 4231 1678 4302 Ἐκκλησίας
1701 4234 1735 4303 ἡ
1761 4232 1973 4286 ἀνάδει-

390 4322 498 4388 ξις.
523 4320 636 4375 Θέα
667 4322 777 4392 γάρ
803 4323 952 4387 ὅπως
979 4323 1072 4377 καὶ
1103 4323 1172 4378 τὰ
1197 4323 1330 4395 πρὸς
1364 4317 1520 4395 ἡμῶν
1550 4323 1913 4395 προσέταττεν
1944 4324 1973 4377 6

391 4419 502 4470 τῶν
526 4416 667 4471 ὅλων
702 4417 836 4482 Θεὸς
880 4419 1213 4489 κατισχύειν,
1262 4419 1358 4473 καὶ
1406 4418 1545 4491 ἔργα
1592 4419 1854 4491 πληροῦν,
1879 4421 1972 4474 καὶ

389 4511 506 4571 τοῖς
541 4508 654 4562 τῶν
696 4509 995 4581 προφητῶν
1047 4508 1433 4565 κατατίθεσθαι
1470 4511 1670 4579 λόγοις,
1736 4529 1755 4562 ι
1783 4511 1877 4579 ἀφ’
1907 4506 1974 4583 ἦς

390 4601 609 4670 ἡμέρας
635 4601 1024 4671 τεθεμελίωται
1055 4604 1083 4656 6
1108 4596 1255 4667 οἶκος
1272 4603 1481 4675 Κυρίου
1516 4602 1977 4675 παντοκράτορος,

392 4693 490 4744 καὶ
508 4694 538 4745 6
562 4693 684 4757 ναὸς
705 4694 798 4762 ἀφ’
824 4685 885 4746 οὗ
907 4693 1271 4766 ᾠκοδόμηται.
1297 4714 1318 4748 ι

464 4786 624 4838 Διότι
682 4785 795 4854 πρὸ
846 4784 965 4839 τῶν
1013 4785 1250 4855 ἡμερῶν
1276 4786 1504 4843 τούτων
1539 4789 1572 4841 ὁ
1592 4785 1815 4856 μισθὸς
1868 4786 1977 4841 ἀνι

391 4874 645 4943 aptium-
673 4877 786 4930 οὐκ
810 4876 982 4930 ἔσται
1021 4880 1107 4943 εις
1137 4876 1379 4945 ὄνησιν,
1410 4876 1510 4930 καὶ
1545 4880 1578 4932 o’
1603 4876 1823 4946 μισθός
1856 4875 1977 4930 τῶν

391 4967 638 5035 κτηνῶν
676 4969 797 5043 οὐχ
823 4966 1097 5038 ὑπάρξει,
1130 4967 1230 5022 καὶ
1267 4967 1349 5034 τῷ
1384 4967 1836 5039 ἐκπορευομένῳ
1877 4967 1977 5022 καὶ

390 5057 477 5122 τῷ
523 5055 1004 5127 είσπορευομένφ
1039 5059 1153 5111 οὐκ
1210 5057 1384 5113 ἔσται
1431 5058 1641 5127 είρήνη
1696 5056 1816 5112 ἀπὸ
1865 5054 1974 5123 τῆς

390 5151 675 5218 θλίψεως.
726 5148 841 5202 Καὶ
888 5148 1277 5214 ἐξαποστελῶ
1314 5147 1546 5216 πάντας
1574 5148 1710 5215 τοὺς
1757 5148 1975 5218 ἀνθρὼ-

388 5258 568 5307 πους,
589 5241 855 5295 ἕκαστον
890 5240 1037 5308 πρὸς
1066 5243 1174 5298 τὸν
1220 5241 1491 5308 πλησίον
1515 5241 1723 5299 αὐτοῦ.

462 5335 595 5389 ΜΔΖ
643 5333 709 5387 Ἡ
736 5333 848 5387 τῶν
898 5333 1162 5406 Ἐϐραίων
1192 5333 1406 5398 ἕκδοσις
1433 5336 1533 5407 οὐχ
1579 5335 1655 5400 ὡς
1707 5336 1801 5388 ἐπὶ
1843 5333 1974 5405 μὲλ-

386 5425 574 5488 λοντος
609 5424 805 5494 καιροῦ
841 5428 1072 5480 ποιεῖται
1105 5427 1232 5490 τοὺς
1266 5425 1476 5495 λόγους,
1503 5427 1691 5498 χρόνον
1714 5427 1770 5480 δὲ
1792 5426 1974 5496 τίθησι

388 5515 483 5575 τὸν
513 5514 902 5586 παρῳχηκότα.
939 5533 957 5567 ι
997 5516 1111 5588 Πρὸ
1162 5516 1272 5588 γὰρ
1299 5516 1410 5571 τῶν
1451 5518 1673 5591 ἡμερῶν
1707 5518 1931 5574 ἐκείνων
1954 5558 1970 5584 ,

2076 3239 2324 3300 tempora
2337 3227 2495 3283 nobis
2514 3226 2698 3282 divina
2729 3221 2948 3296 oracula
2962 3221 3107 3278 nulla
3133 3220 3334 3277 erroris
3359 3218 3665 3289 suspicione

2076 3329 2369 3394 apportant
2418 3329 2473 3375 et
2523 3319 2837 3390 explanant.
2864 3314 3120 3372 Promisit
3168 3322 3352 3375 autem
3402 3311 3665 3369 Dominus

2076 3424 2265 3473 noster
2284 3411 2444 3470 Jesus
2471 3411 2717 3470 Christus
2749 3425 2843 3481 per
2876 3417 3095 3465 sanctos
3149 3406 3446 3480 prophetas
3500 3406 3649 3463 bona

2078 3522 2148 3562 ex
2177 3503 2551 3562 incarnatione
2578 3509 2986 3571 promanatura,
3008 3509 3066 3553 et.
3098 3497 3243 3567 quod
3280 3496 3346 3550 ad
3376 3494 3664 3564 cogitatio-

2078 3610 2176 3653 nes
2196 3595 2413 3667 quidem
2441 3594 2708 3649 humanas
2728 3590 2942 3656 attinet,
2971 3586 3338 3644 incredibilem
3361 3585 3662 3640 orationem

2078 3686 2276 3753 attulit,
2327 3693 2390 3740 ut
2439 3684 2549 3740 disi
2608 3682 2769 3754 paulo
2823 3691 2973 3747 ante,
3047 3695 3172 3737 cum
3231 3676 3660 3751 magnitudinem

2078 3778 2466 3837 beneﬁciorum
2484 3789 2832 3846 exponerem.
2866 3773 3079 3831 Verum
3101 3772 3240 3830 ﬁdei,
3285 3767 3664 3827 mandavimus

2079 3886 2201 3941 quae
2223 3871 2277 3925 in
2309 3869 2693 3941 cogitationem
2724 3875 2972 3923 nostram
2996 3881 3104 3921 non
3133 3863 3420 3927 cadebant,
3436 3859 3665 3932 pietatis

2079 3964 2304 4020 ducibus
2331 3962 2597 4020 cervicem
2649 3960 2845 4017 mentis
2868 3969 3067 4019 nostra:
3095 3955 3489 4028 quodammodo
3530 3969 3665 4010 con-

2079 4055 2415 4112 trectabilem
2448 4063 2504 4111 et
2531 4054 2759 4111 habenis
2805 4050 2966 4108 facile
2988 4059 3266 4122 parentem
3293 4047 3661 4117 subjicientes.

2080 4146 2316 4216 Tempus
2348 4154 2525 4202 autem
2582 4145 2847 4202 bonorum
2907 4142 3181 4213 largitioni
3233 4149 3292 4198 et
3334 4139 3659 4197 obedientite

2078 4247 2280 4297 nostrae
2306 4244 2689 4307 opportunum,
2717 4245 2802 4291 est
2875 4235 3120 4293 Ecclesia
3176 4234 3474 4305 proposita.
3528 4230 3664 4287 Vide

2074 4329 2220 4385 enim
2234 4327 2502 4397 quomodo
2521 4336 2579 4383 et
2602 4341 2722 4398 quas
2735 4327 2892 4383 cilicii
2918 4327 3086 4391 nostri
3116 4325 3663 4391 sunt,universorum

2083 4421 2227 4476 Deus
2248 4416 2554 4475 coniortare
2571 4416 2743 4484 jubet,
2765 4426 2821 4471 et
2844 4431 3008 4487 opera
3020 4416 3195 4480 obire,
3210 4423 3264 4468 et
3282 4413 3662 4483 prophetarum

2090 4513 2253 4570 dictis
2293 4508 2569 4574 assentiri,
2610 4525 2629 4560 ι
2665 4523 2696 4562 a
2745 4508 2831 4563 die
2878 4511 2986 4578 quo
3049 4506 3273 4589 fundata
3312 4514 3397 4560 est
3473 4503 3664 4559 domus

2082 4603 2293 4665 Domini
2316 4600 2721 4673 omnipotentis,
2746 4609 2796 4659 et
2824 4614 2889 4655 ex
2924 4613 3031 4671 quo
3048 4597 3305 4668 templum
3340 4595 3666 4652 aediﬁcatum

2082 4708 2186 4755 est.
2229 4716 2251 4752 ι

2150 4787 2313 4844 Vnus.
2343 4787 2433 4844 10.
2450 4785 2589 4852 Quia
2610 4796 2729 4843 ante
2756 4786 2866 4843 dies
2891 4784 3009 4841 illos
3035 4799 3231 4839 merces
3273 4781 3668 4853 ltominumnon

2070 4882 2166 4936 erit
2200 4881 2257 4936 in
2276 4881 2503 4945 lucrum,
2531 4889 2580 4935 et
2610 4897 2802 4935 merces
2844 4880 3202 4950 jumentorum
3240 4892 3343 4930 non
3389 4873 3662 4935 subsistet,

2071 4983 2118 5025 et
2143 4973 2431 5040 egredienti
2452 4981 2502 5025 et
2542 4973 2852 5041 ingredienti
2886 4988 2987 5024 non
3019 4969 3120 5025 erit
3149 4983 3255 5037 pax
3286 4982 3395 5037 prie
3429 4963 3653 5019 tributa~

2071 5064 2233 5118 tione.
2284 5061 2351 5115 Et
2390 5061 2629 5115 emittam
2668 5076 2842 5115 omnes
2908 5060 3162 5126 homines,
3249 5067 3663 5124 unumquemque

2071 5155 2139 5207 ad
2173 5153 2468 5222 proximum
2515 5169 2668 5206 suum
2681 5193 2694 5205 .

2147 5328 2332 5384 XLIV.
2392 5328 2617 5386 Hebraeo
2665 5328 2831 5385 editio
2895 5341 2999 5379 nun
3038 5323 3205 5378 liabet
3233 5318 3454 5389 verbum
3493 5315 3661 5373 futuri

2075 5424 2353 5494 temporis.
2384 5423 2478 5478 sed
2526 5422 2805 5494 praeteriti.
2845 5419 2938 5472 Ait
2958 5418 3124 5479 enim,
3162 5432 3182 5466 ι
3217 5412 3359 5466 Ante
3378 5410 3494 5465 dies
3545 5409 3662 5469 illos

2077 5530 2287 5571 merces
2310 5512 2474 5592 720
2490 5511 2760 5566 hominum
2786 5515 3023 5566 nouerat
3052 5505 3103 5558 in
3127 5502 3358 5571 lucrum,
3380 5512 3431 5559 et
3458 5516 3669 5561 IIIcI'GtSi

462 5689 502 5732 "
538 5698 730 5753 Matth.
768 5715 958 5760 xxviii.
992 5698 1080 5752 20.
1161 5703 1205 5733 ²²
1233 5700 1369 5754 Osee
1410 5716 1468 5755 tt.
1505 5700 1593 5751 “li.
1674 5699 1718 5730 ³³
1746 5698 1880 5755 .1υ.ιιι
1936 5713 2006 5760 tv,
2041 5697 2131 5757 xli.
