4092 6202
438 302 540 374 με)

1439 318 1496 375 S.
1536 321 1804 378 CYRILLI
1845 323 2318 384 ALEXANDHINI
2358 331 2682 388 ARCHIEP.

3602 331 3701 386 {'29

434 426 792 497 punientorum
829 445 934 486 non
967 441 1101 487 erat.
1145 452 1161 485 ι
1206 434 1270 490 Et
1302 481 1315 502 ,
1351 456 1368 488 ι
1402 437 1730 511 lngredienti
1762 453 1817 499 et
1845 460 2003 515 egre-

2120 451 2305 519 φησὶν,
2337 451 2366 504 6
2393 451 2586 522 μισθὸς
2641 450 2750 504 τῶν
2801 451 3104 520 ἀνθρώπων
3153 447 3251 501 οὐκ
3279 444 3346 518 ἦν
3387 448 3467 510 εἰς
3495 445 3698 516 ὖνησιν,

439 520 601 574 ilienti
698 537 806 578 non
885 532 1002 579 erat
1049 540 1171 596 pax.
1214 546 1232 580 ι
1269 529 1358 584 Est
1419 542 1596 586 autem
1661 536 1815 590 valde
1885 552 2013 591 con—

430 621 688 667 sentanea
801 617 1012 681 oratio,
1079 618 1230 688 cujus
1308 623 1591 678 veritatem
1676 629 2006 686 narrationis

429 706 726 761 auctoritas
761 708 1067 768 conﬁrmat.
1087 709 1217 766 Tale
1238 712 1381 767 enim
1403 717 1655 784 quiddam
1689 719 2003 789 signiﬁcare

427 796 562 851 \ult.
627 795 905 855 Venerunt
962 802 1235 873 Babylone
1285 806 1336 860 in
1396 817 1636 863 sanctam
1729 811 2007 866 civitatem

424 887 695 953 lsraelitze,
714 892 806 945 sed
834 891 886 945 in
907 891 1022 948 loco
1051 910 1154 947 non
1175 906 1289 950 erat
1312 899 1391 951 eis
1417 899 1795 966 sanctiﬁcatio,
1817 903 2013 971 templo

424 981 631 1045 pridem
657 982 838 1038 diruto
868 1005 879 1038 :
913 999 1015 1041 non
1051 997 1165 1040 erat
1191 989 1514 1044 sacrilicintn
1543 1007 1596 1046 ct
1617 991 1820 1057 libatio,
1854 994 2010 1050 altari

421 1084 631 1124 averso.
664 1071 864 1126 Deinde
911 1073 1157 1131 hortatus
1188 1088 1269 1131 est
1301 1094 1394 1132 eos
1449 1082 1824 1137 universorum
1872 1083 2014 1139 Dens

421 1171 476 1212 ut
513 1171 635 1216 ante
664 1163 841 1217 omnia
873 1165 1000 1234 ipsis
1026 1177 1131 1220 tam
1159 1171 1584 1225 necessiriorum
1615 1189 1800 1226 curam
1825 1174 2013 1242 pracci-

421 1267 580 1316 pnam
614 1266 883 1323 gererent,
904 1260 1267 1330 templumque
1286 1264 1349 1315 de
1369 1264 1580 1329 integro
1608 1274 2008 1331 construerent,

419 1343 768 1414 divinumque
831 1348 883 1401 in
953 1362 1017 1402 eo
1090 1353 1261 1405 altare
1319 1369 1506 1409 rursus
1583 1355 1879 1424 erigerent,
1940 1369 1998 1411 ut

418 1436 621 1504 legibus
636 1438 876 1494 instituta
893 1442 1269 1501 decentissime
1283 1461 1559 1516 peragere,
1572 1458 1624 1503 et
1639 1451 2008 1505 universorum

422 1529 590 1589 ιιιτηιιι
649 1533 941 1588 conciliare
971 1550 1213 1606 possent.
1264 1539 1364 1594 Ast
1390 1541 1464 1594 illi
1507 1544 1674 1598 variis
1717 1543 1782 1598 de
1831 1546 2011 1600 causis

418 1617 744 1676 differebant
770 1663 784 1689 ,
811 1642 951 1681 nunc
994 1631 1235 1697 pecunia:
1268 1633 1533 1698 ﬁngentes
1559 1633 1818 1702 inopiam,
1865 1652 2011 1694 nunc

415 1712 683 1764 a'tlilicare
740 1718 1140 1784 prohibentium
1185 1724 1598 1790 perversitatem
1630 1735 2006 1794 praatexcntes.

2121 543 2216 594 καὶ
2257 543 2284 595 6
2317 544 2506 612 μισθὸς
2529 542 2638 596 τῶν
2671 541 2886 614 κτηνῶν
2915 542 3013 612 οὐχ
3046 540 3280 610 ὑπῆρχε.
3316 558 3334 590 ι
3367 539 3477 592 Καὶ
3518 538 3699 605 πάλιν,

2123 649 2142 682 ι
2169 631 2257 700 Τῷ
2295 632 2714 702 ἐκπορευομένῳ
2746 631 2841 684 καὶ
2885 631 2964 699 τῷ
3011 631 3449 701 εἰσπορευομένῳ
3496 630 3598 683 οὐκ
3633 626 3700 700 ἦν

2117 725 2329 794 εἰρήνη.
2371 744 2389 774 ι
2429 725 2581 794 Ἔχει
2604 723 2658 776 δὲ
2711 723 2804 776 καὶ
2835 723 3038 794 σφόδρα
3070 722 3131 774 τὸ
3157 721 3302 784 εἰκὸς
3327 723 3356 773 6
3392 721 3568 788 λόγος,
3603 721 3699 772 καὶ

2115 815 2176 868 τὸ
2209 815 2405 888 ἀληθὲς
2433 818 2490 868 ἐν
2545 814 2753 878 τούτοις
2785 815 3080 886 παρίστησι
3119 813 3230 867 τῶν
3279 813 3633 882 διηγημάτων
3664 814 3697 882 ἡ

2115 906 2361 977 δύναμις.
2403 905 2660 959 Βούλεται
2694 907 2801 978 γάρ
2828 925 2880 959 τι
2901 905 3140 958 τοιοῦτον
3178 903 3494 974 ὑποδηλοῦν.
3521 898 3698 956 Ἧκον

2119 999 2215 1068 μὲν
2259 999 2368 1070 γάρ
2420 1000 2483 1051 ἐκ
2531 998 2850 1061 Βαϐυλῶνος
2883 999 2961 1059 εἰς
2997 997 3096 1068 τὴν
3153 996 3311 1064 ἁγίαν
3371 996 3525 1050 πόλιν
3558 998 3605 1049 οἰ
3636 994 3696 1060 ἐξ

2129 1087 2365 1158 Ἰσραήλ·
2394 1086 2508 1140 ἀλλ’
2540 1088 2640 1140 οὐκ
2670 1083 2736 1158 ἦν
2770 1087 2952 1149 αὐτοῖς
2999 1086 3246 1155 ἀγίασμα
3277 1083 3354 1154 τῷ
3377 1086 3548 1154 τόπῳ,
3593 1100 3694 1136 κα-

2113 1179 2542 1251 τασεσεισμένον
2588 1177 2681 1232 τοῦ
2731 1179 2898 1232 πάλαι
2927 1177 3058 1232 ναοῦ
3085 1195 3098 1209 ’
3131 1178 3231 1230 οὐκ
3271 1171 3340 1247 ἦν
3387 1175 3547 1228 θυσία
3601 1174 3696 1228 καὶ

2117 1269 2336 1340 σπονδὴ,
2371 1270 2445 1340 μὴ
2487 1269 2720 1332 ἑστῶτος
2748 1268 3157 1340 θυσιαστηρίου.
3185 1264 3317 1321 Εἶτα
3351 1267 3694 1337 προῦτρεπεν

2113 1362 2140 1414 6
2201 1361 2310 1423 τῶν
2365 1363 2501 1416 ὅλων
2562 1361 2718 1426 Θεὸς,
2752 1363 2858 1415 τῶν
2900 1361 3076 1424 οὕτως
3127 1362 3308 1424 αὐτοῖς
3377 1359 3693 1426 ἀναγκαίων

2113 1451 2580 1520 προύργιαιτάτην
2641 1449 2828 1503 θέσθαι
2863 1450 3140 1520 φροντίδα,
3173 1449 3266 1502 καὶ
3297 1448 3692 1519 ἀναδείμασθαι

2115 1542 2217 1611 μὲν
2242 1542 2333 1595 τὸν
2367 1542 2514 1606 ναὸν,
2559 1541 2864 1612 ἀνορθῶσαι
2912 1541 2968 1593 δὲ
3007 1540 3101 1593 καί⁵
3141 1540 3201 1593 τὸ
3263 1539 3403 1592 θεῖον
3435 1541 3492 1591 ἐν
3543 1539 3691 1609 αὐτῷ

2114 1632 2519 1704 θυσιαστήριον,
2549 1633 2623 1696 ὡς
2648 1635 2713 1686 ἂν
2738 1633 2912 1702 ἔχοιεν
2943 1631 3330 1703 ἁποπεραίνειν
3358 1626 3416 1684 εὖ
3453 1631 3595 1700 μάλα
3623 1633 3690 1684 τά

2114 1726 2495 1795 νενομισμένα,
2549 1726 2642 1778 καὶ
2679 1722 3195 1795 καταμειλίσσεσοαι
3257 1723 3348 1776 τὸν
3400 1722 3510 1774 τῶν
3553 1723 3690 1775 ὅλων

417 1801 481 1862 Εἰ
511 1815 632 1855 cum
669 1806 888 1875 insuper
919 1808 1082 1862 Deum
1137 1810 1487 1876 offenderent,
1541 1816 1746 1871 crebris
1791 1827 1846 1872 et
1904 1819 2003 1872 alia

2111 1816 2262 1868 θεὸν.
2286 1815 2348 1868 Οἰ
2372 1815 2426 1868 δὲ
2454 1815 2710 1878 ποικίλως
2735 1811 3212 1884 διανεϐἀ).[>.]οντο,
3248 1812 3380 1865 ποτέ
3413 1813 3509 1882 μὲν
3548 1830 3580 1880 χ
3588 1829 3689 1882 ρη-

416 1899 538 1959 post
573 1891 731 1946 aliam
752 1895 922 1972 plagis
949 1898 1304 1968 feriebantur,
1324 1901 1732 1972 sterilitatibus,
1760 1909 2005 1978 inquam,

415 1981 538 2035 (ccli
633 1987 1099 2058 corruptionibus,
1189 2003 1242 2048 et
1318 1997 1616 2055 vicinorum
1687 2000 2005 2070 populorum

415 2072 872 2139 impressiOnibus
949 2087 1002 2133 et
1079 2081 1502 2143 incursionibus.
1566 2089 1823 2145 Criminis
1911 2105 2008 2144 au-

415 2169 521 2214 tem
553 2162 672 2218 loco
695 2166 1065 2224 universorum
1109 2172 1248 2230 Deus
1275 2176 1382 2231 illis
1430 2178 1679 2235 inertiam
1704 2181 1910 2251 objicit,
1935 2183 2008 2235 ita

414 2265 510 2317 per
557 2257 875 2338 prophetam
933 2261 1188 2330 Aggazum
1253 2264 1516 2334 loquens:
1565 2287 1584 2321 ι
1622 2265 1861 2340 Populus
1919 2276 2008 2329 hic

413 2341 547 2395 dicit
579 2358 592 2394 :
623 2340 738 2398 Non
775 2335 923 2402 venit
955 2357 1168 2419 tempus
1191 2353 1493 2411 mdiﬁcandi
1525 2335 1741 2415 domum
1773 2362 2005 2418 Domini.

413 2429 471 2481 Si
527 2440 735 2502 tempus
788 2436 1003 2503 quidem
1057 2439 1209 2495 vobis
1253 2453 1336 2497 est
1371 2444 1704 2504 babitarein
1759 2451 2008 2506 domibus

413 2523 686 2588 concavis,
720 2523 915 2580 domus
945 2538 1128 2583 autem
1157 2530 1372 2586 Domini
1422 2534 1525 2589 ista
1577 2551 1685 2590 non
1740 2539 2005 2595 aediﬁcata

409 2618 494 2664 est
521 2611 618 2665 ".i
647 2614 779 2668 Cum
813 2618 977 2681 enim,
1007 2630 1066 2674 ut
1093 2621 1224 2690 dixi,
1249 2626 1298 2678 in
1330 2625 1632 2680 socordiam
1655 2637 1709 2681 et
1732 2628 2006 2700 negligen-

416 2702 545 2756 tiam
593 2706 826 2762 maxime
866 2711 1282 2769 conducibilium
1327 2717 1776 2787 praecipitassent,
1802 2721 2007 2776 crebris

411 2794 742 2860 cgestatibus
767 2799 988 2856 etbellis
1025 2817 1054 2855 a
1087 2803 1278 2860 vicinis
1303 2806 1686 2864 multabantur.
1716 2809 2004 2881 Postquam

410 2893 587 2941 autem
621 2889 873 2958 templum
927 2893 1343 2963 rctcdiﬁcarunt,
1407 2900 1666 2970 supplicia
1714 2903 2003 2968 desierunt,

411 2987 466 3034 ct
518 2981 875 3049 suppetebant
929 2984 1031 3040 illis
1091 2988 1293 3053 omnia,
1351 2991 1744 3061 utebanturque
1847 2996 2006 3049 rebus

413 3072 836 3130 secundissimis.
893 3073 1099 3132 Idcirco
1126 3080 1202 3134 ait
1234 3098 1248 3133 :
1283 3099 1302 3132 ‹
1338 3082 1476 3136 Ante
1503 3083 1618 3138 dies
1670 3085 1820 3152 istos,
1857 3103 1876 3136 ι
1906 3086 2007 3140 hoc

2113 1905 2300 1974 μάτων
2337 1905 2691 1975 πλαττόμενοι
2722 1905 2935 1966 σπάνιν,
2975 1905 3105 1957 ποτέ
3141 1904 3198 1957 δὲ
3230 1903 3338 1957 τῶν
3371 1903 3690 1956 κωλυόντων

2108 1995 2412 2064 οἰκοδομεῖν
2453 1994 2783 2065 δυστροπίας
2829 1991 3316 2064 προφασιζόμενοι.
3359 1989 3490 2046 Εἶτα
3518 2010 3689 2064 προσο

2109 2086 2397 2158 κρούοντες
2427 2087 2562 2159 πρὸς
2604 2088 2762 2141 τοῦτο
2797 2087 2935 2159 Θεῷ,
2993 2091 3213 2157 συχναῖς
3265 2086 3358 2139 καὶ
3422 2085 3688 2139 ἀλλεπαλ-

2108 2178 2288 2250 λήλοις
2318 2177 2567 2233 ἐπαίοντο
2617 2180 2871 2249 πληγαῖς,
2919 2179 3220 2251 ἀκαρπίαις
3277 2179 3340 2248 δὴ
3379 2178 3544 2246 λέγω,
3592 2179 3688 2231 καὶ

2109 2267 2550 2339 ἀνεμοιρθορίαις,
2593 2269 2685 2323 καί
2730 2269 2837 2320 τῶν
2877 2269 3094 2340 ὁμόρων
3122 2267 3290 2321 ἐθνῶν
3322 2267 3529 2337 ἐφόδοις
3591 2269 3685 2320 καὶ

2108 2358 2497 2428 καταδρομαῖς.
2553 2357 2862 2428 Ἐπίκλημα
2898 2357 2954 2411 δὲ
2999 2357 3180 2420 αὐτοῖς
3243 2358 3479 2409 ἐποιεῖτο
3511 2357 3539 2408 ὀ
3576 2353 3685 2408 τῶν

2107 2447 2241 2500 ὅλων
2270 2447 2403 2510 Θεὸς
2430 2447 2490 2499 τὸ
2515 2446 2774 2518 ῥᾴθυμον,
2823 2445 2965 2499 οὕτω
2996 2445 3170 2514 λέγων
3219 2444 3306 2498 διὰ
3335 2442 3518 2513 φωνῆς
3559 2443 3675 2509 Ἀγσ

2107 2539 2260 2607 γαίου
2283 2538 2375 2592 τοῦ
2401 2540 2697 2608 προφήτουο
2741 2557 2759 2588 ι
2800 2538 2856 2590 Ὀ
2896 2537 3025 2600 λαὸς
3074 2529 3228 2600 οὗτος
3269 2535 3538 2604 λέγουσιν’
3571 2533 3683 2603 Οὐχ

2105 2632 2232 2702 ἥκει
2273 2633 2301 2684 6
2338 2630 2526 2701 καιρὸς
2578 2630 2671 2683 τοῦ
2718 2630 3069 2700 οἰκοδομῆσαι
3109 2629 3202 2682 τὸν
3253 2623 3400 2680 οἷκον
3447 2625 3677 2695 Κυρίου.

2107 2724 2170 2776 Ei
2196 2722 2386 2792 καιρὸς
2417 2721 2513 2792 μὲν
2541 2722 2669 2791 ὑμῖν
2705 2722 2821 2774 ἐστι
2854 2721 2948 2774 τοῦ
3004 2722 3170 2774 οἰκεῖν
3201 2720 3260 2772 ἐν
3311 2717 3482 2779 οἴκοις
3511 2713 3682 2768 κοιλο-

2109 2813 2404 2881 στὰθμοις,
2463 2815 2490 2866 ὁ
2532 2813 2587 2867 δὲ
2645 2809 2790 2877 οἶκος
2855 2814 3043 2883 Κυρίῳ
3097 2814 3196 2865 οὐκ
3253 2809 3616 2880 ᾠκοδόμηται.
3659 2825 3677 2856 ι

2120 2907 2602 2970 ’Λναπεπτωκότες
2631 2907 2761 2976 γὰρ,
2797 2907 2872 2970 ὡς
2925 2906 3081 2977 ἔφην,
3115 2907 3190 2968 εἰς
3227 2902 3519 2976 ῥᾳθυμίας,
3559 2902 3682 2961 ταῖς

2107 2997 2213 3056 τῶν
2254 2997 2561 3064 ἀναγκαίων
2597 2997 2824 3061 ἐνδείαις
2886 2996 3244 3053 κατεπαίοντο
3293 2991 3531 3062 συνεχῶς
3587 2993 3681 3044 καὶ

2109 3085 2365 3156 πολέμοις
2385 3089 2499 3149 τοῖς
2519 3087 2773 3154 γείτοσιν.
2819 3086 3035 3156 Ἐπειδὴ
3064 3086 3119 3140 δὲ
3161 3082 3562 3154 ἀνεγηγέρκασι
3591 3079 3681 3131 τὸν

411 3173 513 3229 est,
530 3163 838 3233 priusquam
863 3166 1450 3240 erigereturtemplum,
1472 3189 1490 3223 ι
1511 3188 1716 3228 merces
1728 3175 2003 3228 hominum

2110 3179 2254 3242 ναὸν,
2291 3178 2570 3231 πέπαυται
2598 3179 2664 3232 τὰ
2689 3177 2747 3242 ἐξ
2772 3179 2962 3249 ὀργῆς,
3015 3179 3191 3230 πάντα
3224 3175 3280 3228 δὲ
3328 3171 3396 3244 ἦν
3428 3171 3545 3234 ἃλις
3580 3170 3681 3223 αὑς

415 3271 517 3308 non
541 3265 656 3308 erat
675 3256 739 3309 ad
766 3255 994 3322 lucrum,
1015 3268 1066 3313 ct
1089 3275 1294 3316 merces
1311 3261 1675 3330 jumentornm
1699 3279 1804 3318 non
1829 3275 1998 3320 erat.»

413 3345 680 3415 Agricola:
730 3349 872 3402 enim
904 3350 1021 3404 sine
1052 3353 1321 3417 mercede,
1352 3364 1403 3409 et
1432 3355 1592 3410 nullis
1619 3355 1773 3425 plane
1819 3357 2006 3412 fructi-

415 3437 516 3488 hos
568 3435 827 3502 collectis,
886 3453 1006 3492 cum
1049 3439 1220 3497 bobus
1263 3459 1367 3498 una
1432 3445 1716 3502 delassatis
1767 3448 1834 3503 ab
1876 3463 2006 3519 agro

415 3523 780 3591 discedebant.
837 3548 858 3579 ι
895 3528 999 3584 Sed
1042 3546 1214 3602 neque
1243 3534 1668 3604 ingredientibus
1709 3549 1802 3594 aut
1850 3557 2005 3612 egre-

416 3615 686 3673 tlientihus
715 3634 814 3690 pax
843 3630 979 3676 erat.
1016 3640 1035 3673 ι
1065 3621 1432 3694 ingredientes
1475 3639 1530 3683 et
1574 3631 1912 3698 egredientes
1933 3635 1998 3690 de

418 3708 549 3764 urbe
593 3711 643 3764 in
688 3713 876 3767 urbem
913 3715 1220 3790 aliquando,
1255 3728 1348 3776 aut
1382 3730 1698 3778 mercaturae
1723 3723 1997 3791 faciendze,

416 3808 508 3852 ant
573 3801 708 3855 alius
761 3805 959 3872 negotii
1029 3821 1190 3861 causa
1253 3810 1656 3877 proﬁciscentes
1715 3819 1984 3872 nominat.

417 3887 599 3958 itaque
631 3907 728 3946 nec
750 3893 856 3955 illis
886 3912 1008 3965 pax,
1040 3898 1233 3967 inquit,
1267 3915 1296 3953 a
1342 3901 1583 3957 ﬁnitimis
1640 3907 1850 3973 populis
1910 3910 2002 3978 qui

416 3981 698 4050 vexabant,
721 3993 777 4038 ut
792 3986 1175 4054 dixi,lsracl,et
1195 3990 1890 4064 quilibetconsanguineum
1909 4011 2001 4051 seu

417 4073 636 4140 lratreni
663 4090 756 4130 seu
788 4078 1018 4133 vicinum
1043 4089 1098 4133 ut
1123 4081 1332 4134 hostem
1353 4082 1635 4151 capitalem
1670 4086 1999 4149 intuebatur.

2104 3272 2234 3333 τοῖς,
2288 3272 2383 3323 καί.
2429 3269 2563 3324 πολὺ
2606 3273 2705 3341 τῆς
2751 3271 3048 3340 εὐημερίας
3115 3269 3408 3339 παρέκειτο
3456 3263 3676 3321 πλάτος.

2105 3362 2288 3432 Ταύτῃ
2328 3379 2408 3414 τοι
2438 3363 2589 3432 φησί’
2625 3381 2643 3414 ι
2677 3362 2790 3432 Πρὸ
2822 3363 2929 3414 τῶν
2959 3361 3183 3433 ἡμερῶν
3222 3358 3448 3420 τούτων,
3476 3375 3491 3407 ι
3524 3371 3682 3407 τουτ-

2107 3454 2388 3524 έστι,πρὶν
2416 3455 2713 3523 ἀναστῆναι
2743 3455 2832 3506 τὸν
2865 3454 3012 3516 ναδν,
3036 3473 3054 3506 ι
3073 3455 3100 3506 ὁ
3119 3451 3304 3522 μισθὸς
3334 3449 3442 3501 τῶν
3467 3443 3680 3516 ἀνθρώε

2107 3562 2224 3598 πων
2249 3544 2348 3597 οὐκ
2381 3539 2448 3615 ἦν
2480 3545 2557 3607 εἰς
2581 3544 2786 3614 ὄνησιν,
2821 3545 2914 3596 καὶ
2943 3546 2970 3598 ὁ
3001 3542 3185 3612 μισθὸς
3212 3541 3318 3593 τῶν
3345 3537 3557 3608 κτηνῶν
3581 3535 3679 3603 οὐχ

2106 3636 2372 3707 ὑπῆρχεν.
2399 3656 2417 3689 ι
2465 3636 2721 3707 ’Λμισθοι
2754 3635 2862 3707 γὰρ
2893 3638 2941 3689 οἱ
2969 3635 3216 3702 γηπῦνοι,
3250 3633 3341 3684 καὶ
3366 3626 3517 3683 οὐδὲν
3540 3626 3678 3686 ὅλως

2105 3730 2601 3802 συναγηγερκότες,
2648 3729 2784 3798 ὁμοῦ
2839 3731 2952 3790 τοῖς
3014 3723 3425 3793 συγκεκμηκόσι
3495 3717 3676 3788 βουσὶν

2103 3825 2502 3894 ἀπηλλάττοντο
2534 3823 2642 3875 τῶν
2671 3820 2876 3892 ἀγρῶν.
2902 3839 2918 3870 ι
2945 3817 3082 3871 Ἀλλ’
3109 3816 3230 3869 οὐδέ
3253 3817 3363 3877 τοῖς
3384 3815 3677 3878 ἐκπορευο-

2104 3913 2344 3983 μένοις-ἢ
2387 3917 2500 3976 τοῖς
2539 3911 3015 3982 εἰσ-πορευομένοις
3068 3904 3137 3979 ἦν
3165 3906 3377 3977 εἰρήνη.
3427 3923 3444 3954 ι
3480 3903 3678 3954 Etim-

2104 4004 2428 4075 ρευομένους
2457 4004 2515 4057 δὲ
2552 4005 2647 4056 καὶ
2703 4001 3169 4073 ἐκπορευομέιτυς
3201 3999 3328 4060 τοὺς
3370 3998 3434 4048 ἐκ
3465 3992 3674 4054 πόλεως

2101 4083 2181 4160 εἰς
2233 4095 2386 4148 πόλιν
2442 4095 2618 4158 ἰόντας
2667 4094 2776 4147 ἔσθ’
2805 4096 2892 4146 ὅτε
2949 4093 3135 4163 φησιν,
3195 4090 3228 4161 ἦ
3269 4089 3330 4141 τὸ
3375 4083 3675 4157 ἐμπορικὸν

414 4163 634 4232 ἔχοντας
655 4168 1201 4242 ἐπιτήδευμα,ἡγο·.›ν
1219 4173 1313 4227 καὶ
1333 4175 1533 4246 ἑτέρων
1557 4176 1721 4230 ἕνεκα
1757 4181 2123 4251 πραγμάτων,
2163 4188 2371 4241 οὐκοῦν
2439 4187 2560 4240 οὐδὲ
2633 4186 2861 4249 ἐκείνοις
2906 4187 3130 4256 εἰρήνη,
3201 4182 3354 4252 φησὶ,
3424 4179 3532 4231 τῶν
3575 4181 3676 4244 ὁμ-

413 4259 556 4328 όρων
606 4257 774 4314 ἐθνῶν
811 4261 1279 4334 ἐκλελυπηκότων,
1324 4267 1399 4332 ὼς
1445 4268 1613 4339 ἔφην,
1664 4271 1744 4325 ἑτι
1790 4274 1881 4326 τὸν
1923 4275 2158 4352 Ἰσραὴλ,
2228 4283 2319 4336 καὶ
2353 4282 2583 4340 ἑκάστου
2612 4279 2902 4352 βλέποντος
2966 4278 3042 4342 ὡς
3087 4277 3183 4332 ἕνα
3218 4273 3324 4329 τῶν
3381 4273 3462 4326 ὅτι
3513 4269 3673 4343 μάλι-

415 4369 515 4407 στα
567 4352 776 4425 ἐχθρῶν
814 4354 904 4408 τὸν
933 4355 1101 4426 ἐγγὺς
1139 4357 1196 4425 ἐξ
1225 4360 1477 4429 αἵματος,
1517 4362 1549 4433 ἢ
1582 4364 1676 4416 καὶ
1723 4365 1983 4437 ἀδελφὺν,
2022 4371 2054 4444 ἢ
2088 4376 2181 4427 καὶ
2219 4375 2456 4444 γείτονα.

484 4447 775 4503 Sciendum
814 4464 961 4516 vero,
996 4451 1304 4522 priusquam
1337 4454 1570 4510 hominis
1618 4467 1865 4514 naturam
1896 4462 1988 4516 Dei
2025 4479 2066 4531 ι)

413 4541 582 4607 Filius
610 4543 926 4611 susciperet,
967 4555 1019 4598 ct
1049 4545 1290 4600 Ecclesia
1325 4549 1762 4615 constitueretur,
1798 4554 1997 4606 nullam

412 4631 580 4686 fuisse
603 4636 904 4692 mercedem
949 4636 1274 4702 lioiiiiuibus,
1333 4652 1504 4708 neque
1527 4641 1683 4708 721
1713 4642 1992 4710 jninentis.

409 4719 545 4780 Nam
568 4722 618 4775 in
640 4723 740 4776 hac
761 4725 864 4777 vita
890 4727 1096 4780 ratione
1117 4729 1458 4795 excellentes,
1488 4741 1538 4783 et
1563 4734 1860 4799 prudentia:
1877 4738 1988 4805 cpi-

411 4811 570 4865 nione
588 4811 904 4882 insignes_,et
921 4815 1011 4883 qui
1033 4817 1278 4879 homines
1299 4833 1516 4874 numera
1528 4821 1566 4874 ri
1584 4826 1996 4889 possent,inlru-

409 4913 653 4959 ctnosam
687 4915 740 4960 et
765 4905 1004 4961 inutilem
1021 4925 1240 4980 operam
1265 4911 1316 4965 in
1338 4913 1613 4982 discipulis
1641 4919 1992 4985 ponebant,ct

411 5009 586 5065 neque
633 4995 908 5066 singulare
981 5001 1252 5070 quippiam
1305 5002 1499 5058 litteris
1557 5007 1987 5076 consiguabant,

413 5101 592 5157 neque
619 5085 740 5144 aliis
764 5097 856 5149 aut
882 5089 1248 5160 intelligendo,
1283 5106 1374 5148 aut
1430 5096 1696 5167 loquendo
1729 5101 1985 5168 prodesse

412 5189 678 5257 poterant.
739 5181 999 5240 Similiter
1047 5186 1138 5254 qui
1184 5187 1384 5257 vulgari
1431 5199 1483 5243 ct
1519 5194 1781 5260 pecudum
1844 5207 1993 5250 more

413 5269 578 5326 vitam
631 5273 916 5340 ducebant,
994 5276 1197 5344 absque
1255 5281 1500 5336 mercede
1570 5284 1988 5349 permanebant:

414 5362 708 5428 nequibant
726 5364 867 5419 enim
895 5365 1185 5436 quidquam
1215 5368 1322 5424 Deo
1348 5374 1629 5440 probatum
1684 5389 1860 5442 agere.
1887 5372 1990 5428 Sed

418 5465 590 5521 peque
611 5465 722 5507 erat
753 5459 1100 5530 oinninopax
1153 5463 1205 5515 in
1263 5473 1422 5529 terra,
1485 5481 1643 5535 grege
1691 5468 1989 5521 (Lemonum

415 5542 591 5609 pmnia
623 5547 974 5611 permiscente
1018 5565 1068 5607 et
1099 5557 1353 5627 mundum
1386 5558 1610 5612 tumultu
1643 5559 1913 5627 implente,
1937 5572 1992 5614 ut

487 5715 528 5765 ἥδ
561 5720 692 5804 Agg.
730 5723 849 5798 1,,5,
890 5725 942 5778 li.

2180 4468 2374 4522 ’ἰστέον
2407 4468 2485 4534 δὲ,
2521 4468 2603 4520 ὅτι
2649 4467 2778 4539 πρὶν
2829 4463 3246 4534 ἐνανθρωπῆσαι
3290 4460 3382 4516 τὸν
3427 4460 3672 4528 Μονογιε-

2100 4558 2195 4625 νῆ,
2247 4559 2341 4612 καὶ
2403 4556 2787 4628 ἀναδειχθῆναι
2843 4555 2943 4624 τὴν
2995 4552 3346 4623 Ἐκκλησίαν,
3399 4552 3576 4615 οὐδεὶς
3606 4547 3674 4621 ἦν

2098 4652 2209 4712 τοῖς
2241 4648 2547 4720 ἀνθρώποις
2572 4648 2783 4717 μισθὸς,
2814 4645 2939 4699 οὔτε
2983 4644 3089 4716 μὴν
3121 4647 3234 4707 τοῖς
3287 4646 3563 4714 κτήνεσιν.
3609 4645 3677 4697 Οἵ

2096 4758 2154 4792 τε
2189 4741 2295 4812 γὰρ
2331 4740 2388 4791 ἐν
2422 4739 2561 4809 τῷδε
2594 4738 2672 4808 τῷ
2713 4738 2813 4808 βίῳ
2856 4736 3228 4808 λογικώτεροι.
3271 4737 3364 4790 καὶ
3405 4734 3673 4798 συνέσεως

2094 4832 2308 4901 ἔχοντες
2342 4831 2518 4896 δόξαν,
2561 4830 2610 4882 o't'
2665 4829 2730 4900 δὴ
2778 4830 2872 4883 καὶ
2922 4830 3196 4900 ἄνθρωποι
3230 4828 3535 4898 νομισθεῖεν
3582 4825 3667 4890 ἂν,

2091 4921 2298 4990 ἀκερδῆ
2332 4921 2426 4973 καὶ
2447 4921 2720 4989 ἄχρηστον
2748 4921 2847 4989 τὴν
2887 4923 2943 4971 ἐν
2982 4921 3095 4980 τοῖς
3127 4920 3308 4986 λόγοις
3332 4913 3476 4988 εἶχον
3503 4933 3666 4970 σπου-

2088 5013 2204 5082 δὴν,
2258 5010 2381 5064 οὔτε
2429 5010 2833 5080 συγγράφοντες
2870 5027 2920 5061 τι
2983 5008 3090 5061 τῶν
3147 5010 3480 5077 ἀναγκαίων,
3545 5006 3667 5061 οὔτε

2093 5102 2197 5174 μὴν
2234 5107 2376 5155 νοεῖν
2426 5103 2458 5172 ἢ
2502 5103 2681 5155 λαλεῖν
2739 5100 2951 5172 ἑτέροις
2999 5100 3307 5170 δυνάμενοι.
3355 5101 3585 5171 Ὁμοίως
3613 5100 3671 5153 δὲ

2093 5195 2186 5248 καὶ
2247 5196 2295 5247 οἰ
2339 5193 2431 5247 τὸν
2491 5193 2743 5262 ἀγελαῖον
2770 5193 2865 5246 καὶ
2912 5190 3158 5263 κτηνὼδη
3215 5193 3496 5264 τρίϐοντες
3557 5192 3669 5262 βίον

2091 5284 2313 5353 ἄμισθοι
2370 5283 2657 5336 διετέλουν·
2694 5283 2754 5336 οὐ
2799 5284 2908 5353 γὰρ
2959 5279 3027 5354 ἦν
3069 5283 3404 5354 ἐργάσασθαί
3463 5300 3515 5336 τι
3559 5284 3668 5336 τῶν

2091 5375 2499 5446 ἐπαινουμένων
2523 5374 2672 5447 παρὰ
2700 5375 2836 5446 Θεῷ.
2886 5375 3026 5429 Ἀλλ’
3056 5376 3177 5428 οὐδὲ
3199 5372 3266 5445 ἦν
3287 5376 3424 5438 ὅλως
3451 5378 3542 5429 ἐπὶ
3567 5377 3669 5442 γῆς

2092 5470 2304 5538 εἰρήνη,
2342 5468 2440 5538 τῆς
2477 5468 2583 5521 τῶν
2628 5469 2918 5538 δαιμονίων
2972 5469 3171 5536 ἀγέλης
3205 5467 3556 5537 διακυκὼσης
3600 5469 3668 5517 τὰ

2093 5562 2292 5623 πάντα,
2322 5561 2411 5613 καί
2461 5560 2687 5630 ﬁopﬁb’ou
2719 5561 2918 5629 μεστὴν
2952 5558 3355 5630 ἀποψαινούσης
3399 5558 3496 5629 τὴν
3526 5560 3661 5629 γῆν,
