4092 6202
443 295 543 354 125

1470 288 1529 346 S.
1568 286 1842 344 CYRILLI
1885 285 2362 346 ALEXANDRINI
2399 285 2714 342 ARCHIEP.

3619 284 3716 339 {Si

435 409 650 472 ueritis
677 407 730 462 in
753 402 1135 462 benedictione.
1163 399 1423 472 Con/idile
1456 413 1504 458 et
1549 402 1930 473 confortamini
1971 405 2022 457 in

2127 399 2407 454 διασώσω
2431 398 2608 469 ὑμᾶς,
2641 401 2740 453 καὶ
2779 399 3001 456 ἔσεσθε
3034 399 3104 452 ἐν
3131 399 3403 470 celeria.
3436 401 3717 469 θαρσεῖτε

442 499 684 553 trionibus
709 495 915 549 vestris.

507 588 692 645 XLV].
721 587 778 642 lu
815 585 1183 656 captivitatem
1213 584 1357 639 ducti
1388 583 1666 647 Israelitre.
1690 593 1744 640 et
1764 585 2028 640 victorum

438 677 879 752 iniquaimperia
934 675 1295 747 perferentes,
1341 676 1508 732 etiam
1563 675 1843 731 maledicti
1901 685 2030 732 sunt

435 775 636 838 vocati,
678 769 988 826 dicentibus
1047 767 1393 838 quibusdam,
1449 768 1590 837 quod
1651 783 1681 822 a
1742 782 1873 822 vero
1920 782 2028 822 non

436 867 717 924 abhorret,
750 862 833 916 Ne
883 859 1015 914 mihi
1047 859 1331 930 contingat
1361 860 1502 929 quod
1527 857 1738 916 lsraeli.
1795 858 1896 915 Ubi
1932 875 2030 914 au-

435 969 542 1015 tem
565 973 661 1012 eos
712 955 944 1010 salvavit
989 955 1304 1010 misericors
1351 953 1515 1022 Deus,
1565 964 1620 1008 et
1680 954 1734 1008 in
1794 954 2026 1023 pristina

435 1054 574 1108 bona
601 1058 725 1105 sunt
764 1048 1031 1116 restituti,
1075 1063 1198 1103 cum
1252 1047 1652 1103 calamitatibus
1715 1047 2026 1117 opinionem

436 1156 648 1215 quoque
680 1140 1088 1196 maledictorum
1123 1139 1322 1194 habere
1379 1141 1676 1196 desierunt.
1750 1140 2026 1197 Benedicti

434 1245 563 1291 sunt
586 1235 751 1298 enim,
783 1241 836 1287 et
861 1248 1014 1302 atque
1049 1241 1105 1286 ut
1131 1233 1258 1288 olim
1288 1232 1429 1288 beati
1452 1231 1807 1298 fuerunt,Deo
1839 1247 2028 1303 super-

436 1329 520 1383 uis
539 1326 694 1380 bonis
718 1340 812 1380 eos
828 1324 1159 1388 oblectante,
1221 1332 1279 1380 et
1331 1325 1497 1380 totius
1543 1324 1856 1380 securitatis
1884 1321 2028 1378 velut

436 1433 658 1488 campos
684 1417 816 1488 ipsis
854 1417 1150 1487 pandente.

512 1597 664 1664 Quod
697 1597 748 1651 in
774 1596 931 1652 nobis
958 1597 1088 1666 ipsis
1137 1611 1323 1650 verum
1378 1594 1730 1663 conspicitur.
1788 1593 2022 1648 Eramus

440 1686 902 1752 enim'maledicti,
932 1686 1185 1756 gregibus
1236 1685 1539 1739 daemonum
1599 1685 1818 1747 subditi,
1850 1694 1905 1738 et
1959 1685 2024 1738 ad

2131 493 2235 547 καὶ
2271 492 2627 561 κατισχύετε
2662 492 2732 545 ἐν
2758 492 2886 558 ταῖς
2916 491 3132 560 χερσὶν
3157 490 3348 560 ὑμῶν.

2202 587 2353 652 Μετ’.
2394 584 2742 654 Αίχμάλωτοι
2789 585 3075 654 γεγονότες
3121 585 3170 637 οἱ
3222 583 3282 649 ὲξ
3323 584 3576 655 Ἰσραὴλ,
3624 585 3709 639 κα)

2129 682 2250 742 ταῖς
2277 677 2387 732 τῶν
2417 678 2649 731 ἑλόντων
2677 677 3016 743 πλεονεξίαις
3069 677 3477 748 ὲνειλημμένοι,
3516 695 3723 748 κεχρη-

2133 770 2397 840 ματίκασι
2428 770 2520 822 καὶ
2556 769 2844 840 ὲπάρατοι,
2879 769 3202 840 φασκόντων
3239 769 3422 835 τινῶν,
3477 770 3622 824 κατά
3652 786 3718 838 γε

2127 861 2188 914 τὸ
2222 861 2390 924 εἰκός·
2429 860 2586 914 Οὕτω
2618 861 2692 932 μὴ
2719 862 2983 932 γενοίμην
3019 859 3094 923 ὡς
3141 860 3170 912 ὁ
3207 860 3448 930 Ἰσραήλ.
3493 861 3716 932 Ἐπειδὴ

2127 952 2185 1006 δὲ
2216 952 2423 1006 σέσωκὲ
2471 970 2532 1006 τε
2574 953 2774 1016 αὐτοὺς
2815 955 2844 1006 ὁ
2878 951 3276 1024 φιλοικτίρμων
3326 953 3477 1023 (deos,
3522 954 3622 1007 καὶ
3657 955 3718 1006 ὲν

2126 1047 2240 1108 τοῖς
2282 1045 2530 1115 ἀρχαίοις
2563 1046 2854 1113 γεγόνασιν
2903 1045 3160 1114 ἀγαθοῖς,
3201 1045 3713 1117 συναποϐεϐλήκασι

2127 1139 2246 1200 ταῖς
2301 1139 2606 1208 συμφοραῖς
2649 1137 2745 1190 καὶ
2800 1136 2860 1190 τὸ
2906 1137 3084 1190 δοκεῖν
3125 1131 3265 1190 εἶναι
3314 1136 3710 1207 κατηραμένοι.

2130 1228 2472 1298 Ηύλόγηνται
2505 1228 2642 1299 γὰρ,
2677 1229 2773 1280 καὶ
2802 1227 2954 1282 οὐδὲν
2995 1223 3159 1299 ἦττον
3195 1228 3455 1296 γεγόνασι
3482 1227 3713 1296 ζηλωτοὶ

2128 1319 2270 1374 καθὰ
2302 1319 2397 1374 καὶ
2428 1319 2625 1384 πάλαι,
2657 1317 2795 1372 Θεοῦ
2830 1318 3324 1390 κατευφραίνοντος
3355 1320 3470 1382 τοῖς
3507 1319 3714 1372 ἄνωθεν

2127 1408 2372 1479 ἀγαθοῖς,
2399 1410 2495 1463 καὶ
2525 1408 2743 1480 ἀπάσης
2771 1407 2957 1472 αὐτοῖς
2986 1407 3256 1478 εὐθυμίας
3279 1407 3581 1472 ἀπλοῦντος
3609 1409 3712 1481 τὴν

2131 1503 2369 1574 μέθεξιν.

2200 1595 2371 1649 Τοῦτο
2417 1595 2473 1649 δὲ
2524 1596 2657 1650 αὐτὸ
2709 1597 2802 1650 καὶ
2850 1597 2935 1665 ἐφ’
2984 1595 3141 1665 ἡμῶν
3189 1594 3370 1648 αὐτῶν
3412 1594 3611 1665 ἀληθὲς
3653 1595 3712 1648 ὃν

2127 1690 2321 1759 ὁρᾶται
2355 1688 2541 1743 πάλιν.
2572 1683 2757 1759 Ἦμέν
2788 1687 2898 1758 γὰρ
2943 1687 3246 1758 ὲπάρατοι,
3290 1688 3412 1749 ταῖς
3450 1687 3558 1740 τῶν
3595 1687 3714 1740 δαι-

435 1794 598 1832 omne
630 1794 798 1846 genus
829 1778 1193 1846 improbitatis
1224 1777 1440 1830 illorum
1465 1777 1672 1831 scelere
1700 1775 2020 1832 devoluti“.

2131 1779 2333 1850 μονίων
2383 1779 2610 1848 ἀγέλαις
2645 1778 3068 1849 ὑπεζευγμένοι,
3116 1779 3212 1832 καὶ
3257 1777 3392 1849 πρὸς
3425 1780 3534 1831 πᾶν
3571 1774 3712 1842 εἶδος

433 1873 533 1926 Ast
551 1871 638 1924 ubi
666 1871 830 1926 Deum
851 1872 1229 1925 universorqu
1249 1868 1499 1938 opificem
1524 1870 1895 1938 cognovimus,
1918 1877 1971 1923 et
1993 1885 2022 1924 a

435 1961 654 2017 Christo
709 1961 909 2032 cogniti
964 1975 1176 2021 sumus.
1221 1969 1368 2026 tunc,
1425 1968 1552 2015 tunc
1600 1970 1825 2014 cantare
1881 1961 2022 2014 intra

436 2055 800 2122 nosmetipsos
831 2052 1118 2107 didicimus
1149 2068 1163 2106 :
1205 2069 1223 2103 ι
1265 2051 1543 2106 Benedicti
1575 2066 1672 2107 nos
1700 2067 1728 2105 a
1768 2051 2020 2118 Domino,

435 2147 526 2216 qui
567 2144 896 2200 fecitcmlum
924 2152 979 2199 et
1013 2153 1210 2200 terram
1237 2143 1303 2197 ³⁵.
1345 2161 1362 2194 ι
1399 2142 1666 2208 Quoniam
1709 2153 1892 2199 autem
1955 2145 2022 2200 ad

436 2249 648 2294 tantum
692 2240 953 2296 honorem
1011 2247 1068 2291 et
1124 2237 1355 2306 gloriam
1409 2238 1587 2291 vocati
1625 2253 1832 2301 sumus,
1867 2239 2022 2294 bouis

434 2330 694 2400 operibus
716 2341 938 2397 operam
966 2327 1098 2382 dare
1118 2343 1216 2382 nos
1241 2343 1463 2383 necesse
1479 2337 1583 2390 est,
1621 2337 1675 2381 et
1709 2326 2022 2382 aliectioues

433 2425 654 2478 vitiosas
685 2421 916 2475 viriliter
942 2419 1240 2484 debellare,
1303 2430 1357 2475 et
1401 2430 1685 2489 peccatum
1721 2419 2017 2486 exsecrari,

435 2514 557 2569 etin
603 2511 933 2582 evangelicis
973 2511 1184 2580 legibus
1245 2512 1528 2566 servandis
1561 2512 1846 2576 excellere,
1877 2513 2020 2567 etad

435 2607 486 2659 id
521 2606 662 2676 quod
706 2606 814 2660 Deo
835 2617 1047 2674 gratum
1075 2613 1159 2658 est
1195 2605 1296 2659 rite
1319 2604 1658 2659 etIiciendum
1682 2605 2017 2661 incumbere.

432 2697 752 2752 Audivimus
779 2698 923 2751 enim
955 2696 1350 2751 acclamantem
1389 2697 1567 2760 nobis,
1615 2698 1775 2768 733
1818 2717 1836 2748 (
1869 2697 2021 2753 Cou-

433 2793 582 2846 lidite
611 2800 667 2846 et
714 2791 1092 2845 confortamiui
1121 2791 1170 2844 in
1226 2791 1477 2845 manilius
1517 2794 1734 2844 vestris.
1772 2810 1790 2842 ι
1823 2790 2017 2860 Adepti

432 2899 596 2954 porro
613 2898 799 2938 sumus
820 2897 849 2935 a
875 2881 1114 2948 Christo,
1143 2893 1199 2935 ut
1221 2882 1498 2937 conlidere
1523 2882 1822 2938 debeamus
1846 2901 1858 2936 :
1892 2882 2020 2937 vicit

434 2975 576 3030 enim
613 2990 711 3045 pro
740 2975 896 3029 nobis
929 2975 1186 3046 mundum
1214 2975 1282 3038 ³⁸,
1331 2985 1386 3029 et
1441 2975 1780 3028 concolcavit
1807 2974 2016 3036 hostes,

436 3075 488 3121 ct
522 3065 777 3134 templum
805 3081 959 3120 suum
992 3081 1022 3118 τι
1051 3075 1226 3118 morte
1261 3064 1522 3118 invictum
1557 3065 1814 3129 ostendit,
1841 3075 1893 3118 ct
1913 3065 2019 3118 iui-
2047 3096 2089 3152 ο

436 3154 732 3226 quitatisos
753 3155 1050 3218 obturavit,
1077 3164 1135 3208 ut
1161 3162 1217 3209 et
1247 3169 1346 3208 nos
1371 3154 1422 3206 in
1458 3154 1541 3209 his
1563 3153 1929 3208 clarescamus
1946 3153 2016 3207 ³⁷.

435 3247 580 3304 Vicit
613 3250 779 3312 enim,
819 3256 878 3301 ut
947 3246 1078 3314 dixi,
1110 3261 1214 3300 non
1277 3245 1404 3309 sibi,
1434 3247 1528 3300 sed
1585 3246 2017 3314 nobisinﬁrmis,

437 3341 632 3414 quibus
660 3341 800 3396 bona
823 3339 1061 3395 victoria:
1087 3353 1200 3394 sua:
1230 3339 1588 3409 comparavit.

507 3617 674 3672 Vens.
714 3617 798 3683 Μ,
828 3617 915 3672 15.
955 3615 1094 3682 Quia
1120 3618 1234 3672 lucc
1274 3618 1404 3671 dicit
1461 3615 1721 3671 Dominus
1779 3617 2018 3686 omnipo-

435 3721 584 3766 tens:
615 3709 763 3763 Sicut
784 3710 1011 3777 cogitavi
1045 3719 1098 3761 ut
1136 3709 1412 3780 aﬂiigerem
1440 3725 1548 3771 vos,
1585 3724 1702 3760 eum
1736 3725 2020 3777 provocas-

435 3809 548 3853 sent
580 3799 648 3851 ad
678 3799 815 3850 iram
835 3814 914 3850 me
940 3807 1111 3862 patres
1138 3800 1312 3863 vestri,
1352 3799 1480 3850 dicit
1538 3798 1791 3852 Dominus
1847 3801 2020 3853 omni—

431 3900 634 3959 potens,
665 3897 711 3942 et
735 3905 837 3941 non
871 3890 1202 3956 mepwnituit
1225 3906 1244 3954 ;
1266 3892 1340 3941 sic
1373 3901 1588 3955 paratus
1634 3906 1773 3953 smn,
1801 3903 1846 3944 et
1879 3893 2016 3960 cogi-

437 3979 544 4032 tavi
571 3979 624 4031 in
645 3979 824 4032 diebus
848 3978 988 4040 istis,
1021 3988 1078 4032 ut
1109 3977 1431 4045 bene/nciam
1493 3981 1792 4035 Jerusalem
1848 3993 1894 4036 et
1921 3985 2020 4037 do-

437 4073 549 4125 mui
579 4070 746 4127 Juda.
777 4069 1064 4142 Conﬁdile.

508 4249 713 4304 XLVII.
774 4250 982 4306 Divinis
1037 4252 1280 4308 consiliis
1327 4252 1462 4308 nihil
1515 4268 1675 4324 posse
1718 4257 2016 4323 obsistere,

438 4357 652 4397 rursum
676 4343 838 4398 etiam
869 4359 936 4398 ex
962 4343 1048 4398 his
1081 4343 1269 4414 liquet.
1305 4345 1456 4413 Quod
1489 4348 1633 4402 enim
1662 4349 1804 4405 Deus
1830 4350 2020 4405 decre-

437 4434 614 4499 verit,
683 4443 738 4489 et
795 4434 1033 4491 voluerit
1118 4436 1346 4504 facere,
1404 4440 1456 4495 id
1517 4441 1762 4512 profecto

436 4539 530 4580 sus
585 4526 822 4581 eveniet.
858 4527 952 4582 Sic
1014 4527 1160 4581 enim
1227 4544 1322 4597 per
1352 4528 1544 4584 lsaiam
1612 4531 1866 4600 loquitur,
1928 4548 2024 4587 na-

437 4629 572 4671 turae
609 4633 723 4673 suae
772 4621 919 4674 vires
974 4619 1380 4689 potentissimas
1427 4622 1810 4677 demonstrans
1849 4641 1862 4676 :
1897 4643 1917 4675 ι
1957 4623 2023 4677 Ει

437 4709 548 4762 dixi
581 4727 593 4761 :
640 4709 814 4766 Omne
838 4712 1123 4766 consilium
1157 4728 1334 4765 meum
1371 4712 1553 4774 stabit,
1584 4719 1637 4765 et
1664 4713 1844 4767 omnia
1876 4729 2023 4783 quan—

439 4816 650 4871 cunque
681 4803 907 4870 cogitavi
942 4803 1132 4856 faciam
1164 4804 1232 4858 ³⁸.
1270 4823 1288 4855 ι
1343 4803 1610 4869 Quocirca
1658 4820 1723 4857 ex
1774 4804 1839 4858 iis
1900 4821 2021 4874 qua:

441 4895 585 4964 ipsos
616 4893 794 4946 divina
846 4893 925 4946 ira
967 4893 1224 4947 szeviente
1270 4895 1477 4963 perpeti
1527 4895 1774 4965 contigit,
1805 4911 1872 4951 ex
1935 4897 2019 4952 his

440 4984 590 5057 ipsis,
621 4984 860 5052 inquam,
897 4985 1239 5054 apertissime
1288 4986 1413 5041 licet
1474 4987 1792 5057 intelligere,
1853 4988 2017 5044 etiam

438 5075 642 5132 [milite
672 5073 813 5127 viam
848 5074 929 5128 eis
952 5075 1188 5139 dilatari,
1223 5078 1439 5133 volente
1478 5077 1589 5134 Deo
1624 5087 1681 5132 et
1706 5077 2016 5135 felicitatem

439 5170 882 5242 indulgente,imo
902 5184 969 5224 ex
995 5170 1328 5240 benignitate
1357 5189 1452 5228 sua
1479 5175 1731 5243 cupiente
1763 5177 1940 5244 potius
1963 5185 2021 5230 ut

438 5264 687 5318 oumibus
727 5262 883 5319 bouis
929 5260 1252 5318 redundent.
1314 5265 1774 5331 Quemadmodum
1849 5273 2018 5334 cnim,

440 5353 936 5423 inquit,.voleutem
980 5369 1074 5409 vos
1112 5355 1349 5427 allligere
1371 5367 1590 5426 propter
1625 5359 1789 5412 inulta
1827 5375 2021 5427 pecca-

442 5451 495 5498 ta
535 5456 712 5500 vestra
761 5449 894 5503 nihil
945 5449 1229 5504 cohibuit:
1283 5450 1355 5503 ita
1412 5459 1468 5504 et
1518 5451 1654 5504 bona
1687 5452 1944 5519 cogitanti
1967 5462 2021 5505 et

441 5534 573 5588 satis
609 5534 834 5591 alllictos
886 5539 1259 5594 misericordia
1318 5539 1571 5610 prosequi
1633 5540 1830 5596 volenti
1888 5541 2018 5598 nihil

2128 1871 2466 1941 φαυλότητος
2493 1870 2580 1925 διὰ
2616 1872 2714 1942 τῆς
2760 1870 2985 1924 ἐκείνων
3023 1869 3355 1941 δυστροπίας
3379 1887 3712 1939 κατενηνεγ-

2130 1962 2301 2030 μένοι.
2343 1960 2561 2032 Ἐπειδὴ
2607 1961 2664 2014 δὲ
2714 1959 2848 2014 Θεὸν
2897 1959 3218 2031 ἐγνώκαμεν
3269 1961 3360 2015 τὺν
3412 1960 3522 2014 τῶν
3573 1961 3713 2013 ὅλων

2129 2049 2490 2121 δημιουργὸν,
2539 2051 2632 2104 καὶ
2678 2049 3035 2122 ὲγνώσθημεν
3077 2051 3157 2120 τῷ
3197 2050 3440 2121 Χριστῷ,
3469 2051 3590 2104 τότε
3623 2051 3709 2121 δὴ,

2124 2141 2247 2193 τότε
2278 2142 2372 2192 καὶ
2400 2141 2736 2210 ἁναμέλπειν
2770 2142 2855 2208 ἐφ’
2881 2142 3093 2203 ἑαυτοῖς
3127 2139 3512 2210 δεδιδάγμεθω
3559 2161 3574 2190 ι
3612 2141 3712 2192 Εὐ-

2123 2231 2416 2302 λογημένοι
2457 2233 2615 2302 ἡμεῖς
2647 2231 2726 2302 τῷ
2773 2232 2962 2302 Κυρίῳ
2991 2230 3068 2301 τῷ
3103 2232 3392 2302 ποιήσαντι
3423 2232 3514 2284 τὸν
3547 2233 3709 2302 οὐρα-

2123 2323 2212 2376 νὸν
2249 2324 2343 2374 καὶ
2373 2324 2470 2394 τὴν
2506 2324 2631 2392 γῆν.
2665 2342 2682 2373 ι
2731 2323 2950 2393 Ἐπειδὴ
2990 2323 3046 2375 δὲ
3080 2324 3160 2384 εἰς
3192 2322 3352 2376 τοῦτο
3395 2323 3709 2394 κεκλήμεθα

2123 2412 2288 2481 τιμῆς
2334 2428 2393 2462 τε
2424 2413 2518 2464 καὶ
2551 2412 2738 2480 δόξης,
2771 2413 3049 2482 φιλεργεῖν
3084 2413 3408 2480 ἀναγκαῖον,
3441 2413 3533 2465 καὶ
3580 2431 3712 2466 κατ-

2124 2505 2480 2576 ανδρίζεσθαι
2510 2506 2618 2558 τῶν
2650 2504 2858 2567 παθῶν,
2889 2504 2981 2558 καὶ
3011 2504 3289 2576 στυγητὴν
3318 2505 3590 2559 ποιεῖσθαι
3611 2509 3712 2577 τὴν

2124 2596 2421 2666 ἁμαρτίαν,
2457 2597 2552 2649 καὶ
2582 2599 2693 2658 τοῖς
2735 2595 3117 2664 εὐαγγελικοίς
3157 2597 3463 2668 ὲμπρέπειν
3497 2599 3706 2666 νόμοις.

2124 2689 2219 2742 καὶ
2277 2689 2597 2756 ἐπείγεσθαι
2663 2688 2964 2759 κατορθοῦν
3022 2690 3086 2740 τὸ
3138 2689 3375 2759 ἀρέσκον
3430 2689 3508 2759 τῷ
3569 2691 3707 2761 Θεῷ.

2135 2782 2477 2852 ’Λκηκόαμεν
2509 2783 2616 2852 γὰρ
2650 2780 3048 2850 ὲπιφωνοῦντοξ
3081 2782 3232 2851 ἡμῖν·
3264 2803 3281 2833 ι
3303 2782 3569 2853 Θαρσεῖτε
3617 2783 3711 2835 καὶ

2122 2874 2445 2944 κατισχύετε
2483 2876 2539 2926 ἐν
2581 2876 2700 2936 ταῖς
2749 2875 2936 2943 χερσὶν
2975 2873 3149 2943 ὑμῶν.
3191 2893 3210 2925 ι
3265 2874 3612 2945 Ἐσλήκαμεν
3655 2875 3711 2928 δὲ

2123 2966 2276 3036 παρὰ
2325 2966 2565 3036 Χριστοῦ
2621 2967 2681 3019 τὸ
2727 2966 2926 3037 χρῆναι
2985 2966 3242 3036 θαρσεῖν
3303 2967 3554 3038 νενίκηκε
3602 2968 3712 3039 γὰρ

2126 3057 2266 3126 ὑπὲρ
2294 3057 2326 3125 ἡ
2337 3056 2454 3125 μῶν
2483 3055 2573 3108 τὲιν
2610 3053 2835 3124 κόσμον,
2863 3056 2956 3108 καὶ
2984 3056 3304 3125 πεπάτηκεν
3332 3056 3582 3128 ἐχθροὺς,
3617 3057 3713 3110 καὶ

2128 3148 2357 3202 θανάτου
2410 3147 2697 3218 κρείττονα
2742 3149 2833 3202 τὸν
2865 3151 3065 3202 οἰκεῖον
3101 3148 3272 3216 ἔδειξε
3312 3149 3459 3213 ναὸν,
3511 3150 3606 3202 καὶ
3651 3150 3713 3203 τὸ

2123 3242 2221 3311 τῆς
2250 3241 2481 3311 ἀνομίας
2512 3241 2775 3312 ἐνέφραξε
2802 3241 3000 3312 στόμα,
3025 3243 3110 3296 ἵνα
3141 3243 3236 3296 καὶ
3260 3245 3422 3312 ἡμεῖς
3453 3242 3522 3296 δι’
3545 3243 3712 3310 αὐτον

2124 3335 2181 3386 ὲν
2226 3334 2434 3395 τούτοις
2469 3333 2872 3404 εὐδοκιμῶμεν.
2923 3333 3202 3403 Νενίκηκι
3249 3333 3379 3405 γὰρ,
3431 3334 3508 3397 ὼς
3551 3335 3709 3403 ἔφην,

2123 3425 2220 3494 οὐχ
2246 3423 2426 3493 ἐαυτῷ
2457 3423 2678 3492 μᾶλλον,
2706 3423 2818 3476 ἀλλ’
2851 3425 2980 3494 ἡμῖν
3007 3428 3116 3488 τοῖς
3151 3423 3505 3494 ἡσθενηκόσι,
3543 3429 3611 3481 τὰ
3644 3426 3710 3480 ἐκ

2123 3514 2216 3566 τοῦ
2248 3515 2467 3584 νικῆσαι
2499 3512 2783 3583 κατορθῶν
2819 3513 3019 3582 ἀγαθά.

2193 3607 2349 3660 Διότι
2376 3606 2514 3660 τάδε
2541 3606 2705 3676 λέγει
2726 3606 2942 3674 Κύριος
2976 3605 3420 3675 παντοκράτωρ·
3447 3608 3557 3660 Ὃν
3579 3608 3711 3675 τρό-

2123 3717 2241 3754 πον
2274 3699 2593 3767 διενοήθην
2645 3699 2752 3753 τοῦ
2787 3695 3054 3754 κακῶσαι
3099 3699 3272 3767 ὑμᾶς,
3318 3699 3388 3752 ἐν
3436 3699 3514 3764 τῷ
3557 3716 3707 3770 παρ-

2123 3794 2360 3861 οργίσιιι
2416 3810 2492 3860 με
2547 3791 2688 3856 τοὺς
2735 3792 2993 3858 πατέρας
3035 3788 3230 3859 ὑμῶν,
3285 3791 3448 3861 λέγει
3495 3792 3713 3860 Κύριος

2124 3883 2577 3951 παντοκράτωρ,
2610 3882 2706 3934 καὶ
2734 3884 2805 3936 οὐ
2835 3883 3176 3952 μετενόησα
3197 3898 3209 3911 ·
3250 3883 3404 3936 οὕτω
3450 3883 3704 3951 παρατέ-

2122 3989 2334 4041 ταγμαι
2368 3973 2466 4026 καὶ
2513 3974 2895 4042 διανενόημαι
2919 3975 2988 4026 ἐν
3019 3973 3141 4039 ταῖς
3172 3975 3420 4044 ἡμέραις
3437 3977 3702 4042 ταύταις,

2123 4065 2229 4118 τοῦ
2275 4064 2476 4130 καλῶς
2525 4066 2778 4136 ποιῆσαι
2831 4067 2947 4136 τὴν
2999 4067 3396 4138 Ἰερουσαλὴμ
3448 4069 3546 4122 καὶ
3599 4068 3709 4124 τὸν

2125 4155 2296 4210 οἷκον
2337 4160 2552 4213 Ἰούδα.
2593 4159 2893 4228 Θαρσεῖτε.

2195 4253 2326 4306 ΜΖ’.
2364 4253 2484 4305 Ὅτι
2517 4255 2638 4314 ταῖς
2679 4252 2852 4315 θείαις
2896 4251 3113 4322 βουλαῖς
3141 4252 3203 4305 τὸ
3237 4252 3589 4306 ἀντιστατοῦν
3615 4253 3706 4304 οὐο

2123 4343 2229 4405 δὲν,
2268 4345 2376 4396 κάκ
2415 4343 2584 4396 τῶνδε
2633 4343 2695 4414 δὴ
2732 4344 2894 4397 πάλιν
2943 4343 3129 4414 ἐφίησι
3185 4345 3347 4396 νοεῖν.
3384 4344 3449 4396 Ὃ
3494 4342 3602 4413 γὰρ
3643 4343 3705 4396 ἂν

1863 4459 2018 4514 ρι-οτ-
2051 4448 2094 4503 υ
2127 4436 2474 4507 βουλεύσαιτο
2528 4437 2699 4501 Θεὸς,
2749 4439 2842 4490 καὶ
2889 4437 3065 4490 ’ἐλοιτο
3108 4436 3372 4508 πληροῦν,
3431 4436 3593 4489 τοῦτο
3639 4438 3702 4506 δὴ

2125 4529 2344 4592 πάντως
2369 4529 2684 4600 ἐκϐήσεται.
2719 4528 2875 4582 Οὕτω
2901 4546 3006 4582 που
3035 4528 3130 4583 καὶ
3157 4528 3244 4582 διὰ
3263 4529 3448 4598 φωνῆς
3479 4529 3702 4582 Ἡσαΐου

2123 4622 2278 4691 φησὶ,
2328 4623 2428 4691 τῆς
2469 4621 2634 4676 αὐτοῦ
2677 4620 2892 4690 φύσεως
2937 4622 2999 4674 τὸ
3039 4621 3316 4684 παναλκὲς
3362 4619 3701 4688 ἀποφαίνων

2129 4732 2146 4764 ι
2179 4714 2288 4766 Καὶ
2322 4709 2479 4765 εἶπα·
2539 4733 2556 4763 ι
2591 4713 2751 4766 Πᾶσά
2805 4731 2907 4783 μου
2956 4714 2988 4784 ἡ
3043 4712 3208 4785 βουλὴ
3273 4714 3551 4783 στήσεται,
3614 4707 3706 4768 καἱ

2121 4803 2301 4859 πάντα
2344 4804 2445 4857 ὅσα
2499 4801 2860 4874 βεϐούλευμαι
2901 4805 3136 4875 ποιήσω.
3191 4823 3208 4856 ι
3265 4803 3474 4857 Οὐκοῦν
3521 4803 3584 4869 ἐξ
3630 4798 3706 4858 ὧν

2128 4895 2326 4967 συνέϐη
2357 4897 2549 4950 παθεῖν
2588 4897 2787 4960 αὐτοὺς
2816 4897 3262 4968 ἐπενηνεγμένης
3301 4898 3402 4960 τῆς
3434 4896 3586 4959 θείας
3614 4896 3704 4966 ὀρ-

2126 4989 2250 5059 γῆς,
2287 4989 2350 5042 ἐκ
2387 4988 2592 5042 τούτων
2638 4989 2818 5043 αὐτῶν
2861 4988 3122 5052 συνιέναι,
3175 4989 3270 5042 καὶ
3311 4988 3459 5059 μάλα
3499 4987 3703 5056 σαφῶς,

2126 5080 2294 5146 ἔστιν,
2334 5080 2414 5132 ὅτι
2445 5079 2540 5132 καὶ
2584 5081 2616 5151 ἡ
2649 5079 2748 5150 τῆς
2787 5078 3050 5150 εὐθυμίας
3083 5079 3270 5143 αὐτοῖς
3310 5077 3705 5150 κατευρύνεται

2117 5171 2306 5243 τρίϐος
2335 5170 2610 5234 ἐθέλοντάς
2655 5188 2718 5240 γε
2744 5171 2909 5224 αὐτοῦ
2953 5171 3049 5225 καὶ
3094 5170 3340 5240 ἐφιέντος
3385 5170 3704 5241 εὐημερεῖν,

2125 5265 2326 5333 μᾶλλον
2355 5263 2413 5317 δὲ
2454 5265 2549 5318 καὶ
2595 5264 2883 5337 ὀρέγοντος
2921 5263 3306 5335 φιλανθρωπία
3353 5263 3417 5316 τὸ
3455 5264 3514 5315 ἐν
3544 5265 3708 5316 παντὶ

2121 5357 2320 5429 χρῆναι
2366 5358 2617 5426 γενέσθαι
2668 5358 2841 5430 καλῷ.
2881 5359 3096 5429 Ὥσπερ
3133 5357 3263 5428 γὰρ,
3297 5357 3452 5428 φησὶ,
3501 5357 3708 5411 κακοῦν

2122 5449 2270 5520 ὑμᾶς
2297 5451 2551 5505 ἐθέλοντα
2576 5451 2667 5506 διὰ
2703 5453 2907 5525 πολλὴν
2938 5452 3215 5522 ἁμαρτίαν
3240 5450 3504 5520 ἀπεῖρξεν
3529 5449 3704 5503 οὐδέν·

2122 5543 2267 5597 οὐτω
2303 5545 2397 5599 καὶ
2447 5547 2660 5618 χρηστὰ
2709 5545 3082 5617 βουλευομένῳ
3107 5587 3122 5612 ,
3163 5545 3257 5597 καὶ
3304 5543 3709 5614 κατοικτείρειν

521 5700 624 5766 “il
667 5714 802 5769 l’clr.
845 5735 903 5786 ll,
945 5723 1122 5785 1‘1”.
1203 5723 1410 5777 "l'sal.
1446 5739 1595 5784 mur.
1631 5725 1706 5778 lii.
1789 5721 2015 5778 “Juau.
2054 5741 2162 5788 xvi,
2198 5725 2284 5778 55.
2365 5727 2407 5758 ³*
2449 5724 2593 5782 Psal.
2629 5741 2739 5794 ενι,
2785 5726 2818 5779 9.
2846 5740 2996 5795 seqq.
3075 5726 3117 5757 ³⁸⁸
3145 5724 3246 5780 Isa.
3283 5739 3428 5784 xui.
3475 5721 3564 5778 10.
