4092 6202
443 292 548 346 ηεξ

1295 301 1854 365 COMMENTARIUS
1892 311 1960 365 IN
2003 312 2404 374 ZACHARIAM
2443 317 2890 378 PROPIIETAM.

3605 331 3704 389 1Ξῦ

441 405 685 460 ἐθέλοντι
743 407 1079 474 πεπονθότας
1143 412 1458 482 ἀρκούντως
1539 419 1692 472 οὐδὲν
1756 422 1909 476 ἔσται
1964 424 2026 476 τὸ

2129 427 2234 481 erit
2282 429 2685 499 impedimento.
2735 451 2753 485 ι
2789 433 3014 490 Paratus
3043 452 3159 492 sum
3212 439 3357 495 enim
3388 443 3705 502 benefacere

441 495 714 567 ἐμποδών.
746 516 764 548 ι
806 501 1237 572 Παρατέταγμαι
1268 505 1376 577 γὰρ
1424 505 1484 561 εὖ
1529 511 1752 580 ποιῆσαι
1794 514 1892 584 τὴν
1932 515 2027 568 Ἱε-

449 587 730 676 ρουσαλὴμ
777 591 874 642 καὶ
922 592 1015 645 τὸν
1074 589 1224 647 οἷκον
1265 597 1452 651 Ἰούδα.
1505 618 1524 652 ι
1587 603 1924 676 Ἐμφαντικὴ
1969 607 2026 659 δὲ

447 674 568 732 λίαν
614 682 646 750 ἡ
693 680 858 746 λέξις.
906 685 980 737 υύ
1021 687 1127 758 γὰρ
1175 688 1279 760 ἔφη
1323 690 1504 757 μόνον,
1543 694 1624 747 ὅτι
1653 674 2026 768 Βεϐούλευμαι

446 772 537 823 καὶ
594 771 951 845 διανενόημαι
998 779 1198 848 τυχὸν,
1251 782 1366 834 ἀλλ’
1416 786 1496 848 είς
1538 785 1699 840 τοῦτο
1754 791 2026 860 προῆλθον

445 860 673 930 γνώμης
731 863 827 917 καὶ
873 869 973 936 τῆς
1014 869 1098 936 ἐφ’
1143 871 1272 939 ὑμῖν
1321 873 1681 946 ἡμερότητος,
1732 877 1873 932 ὥστε
1935 883 2028 935 καὶ

452 952 904 1025 παρατέταγμαιο
939 958 1098 1012 τοῦτο
1140 960 1199 1012 δέ
1240 963 1358 1015 ἑστι
1393 966 1640 1036 σκέψεως
1671 970 1886 1023 ἐντόνου
1924 974 2028 1044 μή·

452 1060 598 1106 νυσις
634 1045 898 1118 ἐναργής.
929 1051 1383 1124 Κατασφραγίζει
1409 1057 1465 1110 δὲ
1497 1059 1596 1131 τὴν
1626 1062 1921 1134 ὑπόσχεσιν
1947 1068 2027 1130 είς

449 1134 732 1204 ἀλήθειαν,
755 1140 818 1192 τὸ
851 1158 868 1192 ι
898 1140 1160 1212 Θαρσεῖτε
1197 1164 1215 1196 ι
1263 1151 1596 1218 προστιθείς.

521 1225 678 1320 Οὕτω
713 1230 804 1282 καὶ
837 1233 986 1301 ἡμᾶς
1015 1235 1211 1300 αὐτοὺς
1247 1238 1336 1293 διὰ
1363 1241 1463 1312 τῆς
1490 1242 1730 1310 πίστεως
1759 1247 2027 1320 κεκλημέ-

451 1334 576 1380 νους
608 1319 688 1381 εἰς
721 1322 1013 1390 ἐπίγνωσιν
1042 1327 1302 1397 ἀληθείας
1362 1333 1720 1402 ἀσφαλίςεται
1770 1319 2024 1409 Χριστός.

454 1409 666 1501 filum?
704 1411 813 1482 γὰρ
847 1415 952 1485 πρὸ
982 1416 1086 1486 τῆς
1115 1419 1360 1488 κλήσεως
1396 1425 1534 1494 πρὸς
1565 1429 1672 1480 πᾶν
1713 1425 1850 1493 εἶδος
1883 1449 2024 1501 φαυ-

451 1496 670 1567 λότητος
701 1502 1198 1577 κατωλισθηκότας,
1227 1512 1581 1582 παραδέδωκε
1614 1516 1714 1588 μὲν
1745 1520 1826 1582 είς
1854 1496 2030 1575 ἀδόκι-

453 1605 554 1657 μον
585 1591 730 1655 νοῦν,
767 1594 1016 1651 ἐκάκωσε
1043 1598 1098 1650 δὲ
1124 1600 1193 1652 δι’
1223 1603 1564 1675 ἀκαθαρσίαν
1583 1624 1597 1638 ο
1645 1608 1789 1664 οὔτω
1831 1614 1924 1666 καὶ
1967 1615 2025 1669 ὲν

447 1683 572 1741 ταῖς
597 1682 832 1753 ἡμέραις
859 1687 1086 1752 ταύταις
1109 1690 1359 1764 διενοήθη
1385 1711 1445 1748 τε
1477 1699 1572 1751 καὶ
1593 1702 2022 1773 παρατέτακται,

2131 516 2431 577 Jerusalem
2465 532 2520 577 et
2541 524 2720 580 domui
2742 523 2901 584 Iuda.
2941 543 2963 580 ι
2997 525 3183 599 Magna
3216 541 3299 586 est
3334 533 3386 587 in
3438 550 3569 592 Voce
3595 539 3743 592 em-'

2128 611 2332 682 phasis.
2371 611 2487 668 Non
2514 615 2658 669 enim
2710 624 2918 671 tantum
2978 619 3076 683 ait,
3111 629 3262 690 puta,
3309 621 3612 681 Deliberavi
3654 637 3708 681 et

2128 703 2380 772 cogitavi,
2415 704 2509 759 sed
2531 719 2595 761 eo
2625 709 2863 776 processi
2890 709 3182 766 voluntatis
3227 720 3282 765 ct
3333 718 3706 770 mansuetudi-

2129 793 2211 848 nis
2248 809 2375 866 erga
2412 811 2526 865 vos,
2556 809 2613 853 ut
2638 807 2691 853 et
2725 816 2808 856 me
2847 803 3173 870 paraverim,
3199 820 3293 860 seu
3334 805 3709 875 instruxerint,

2129 900 2249 954 qua:
2271 896 2354 942 est
2390 887 2611 943 intentae
2631 893 3108 949 commentationis
3164 895 3388 952 minime
3445 898 3608 952 dubia
3642 900 3708 952 si-

2129 977 2428 1046 gnificatio.
2464 978 2723 1050 Obsignat
2753 993 2932 1038 autem
2971 985 3346 1055 promissionis
3397 988 3706 1055 veritatem,

2129 1067 2455 1138 adjicienda,
2491 1087 2510 1122 ι
2541 1069 2830 1127 Conlidite.
2873 1093 2890 1119 ι

2201 1248 2292 1302 δῖε
2321 1257 2373 1302 et
2400 1263 2502 1304 nos
2534 1250 2676 1318 ipsos
2699 1265 2796 1320 per
2829 1250 2986 1306 ﬁdem
3012 1262 3232 1309 vocatos
3286 1253 3340 1308 in
3375 1255 3706 1325 agnitionem

2128 1339 2375 1394 veritatis
2404 1355 2626 1395 securos
2650 1341 2822 1398 reddit
2880 1342 3145 1398 Christus.
3205 1344 3358 1400 Sicut
3381 1345 3523 1400 enim
3579 1359 3708 1402 ante

2128 1433 2466 1489 vocationem
2527 1435 2578 1490 in
2629 1451 2787 1491 omne
2820 1451 2992 1506 genus
3035 1439 3284 1494 vitiorum
3347 1439 3596 1509 delapsos
3650 1440 3703 1494 in

2128 1526 2416 1596 reprobum
2443 1541 2660 1582 sensum
2693 1529 2909 1583 tradidit
2925 1529 2990 1595 ⁸⁸,
3007 1539 3061 1582 et
3076 1539 3295 1600 propter
3311 1532 3703 1585 immunditiam

2130 1616 2249 1672 dire
2272 1616 2549 1672 multavit:
2570 1618 2650 1674 sic
2666 1629 2718 1674 et
2742 1620 2794 1673 in
2814 1620 3004 1675 diebus
3027 1621 3144 1676 istis
3167 1623 3421 1690 cogitavit
3437 1631 3488 1675 et
3507 1623 3707 1676 instru-

2130 1720 2249 1766 ctus
2276 1719 2378 1778 est,
2405 1720 2462 1766 ut
2487 1711 2562 1764 ait
2595 1712 2728 1780 ipse,
2765 1721 2822 1765 ut
2848 1713 3149 1768 benefaciat
3174 1713 3427 1770 Ecclesia:
3451 1726 3505 1769 et
3525 1714 3704 1768 domui

448 1771 612 1874 καθά..
641 1790 808 1842 φησιν
848 1778 1043 1846 αὐτὸς,
1083 1782 1163 1846 είς
1202 1800 1267 1852 γε
1299 1785 1361 1838 τὸ
1392 1783 1451 1840 εὖ
1490 1791 1713 1861 ποιῆσαι
1750 1794 1850 1865 τὴν
1893 1771 2025 1852 ,Ἐκέ

2127 1801 2283 1867 Jnda,
2308 1803 2410 1858 hoc
2433 1812 2537 1871 est,
2556 1803 2735 1867 nobis,
2762 1803 2852 1872 qui
2883 1804 3203 1859 confitemur
3217 1805 3290 1870 ei,
3321 1815 3374 1859 ut
3400 1804 3704 1874 Dominum,

449 1865 680 1934 κλησίαν
715 1869 810 1922 καὶ
849 1869 942 1926 τὸν
977 1869 1128 1926 οἷκον
1169 1875 1360 1941 Ἰούδα,
1392 1880 1688 1948 τουτέστιν,
1721 1887 1866 1955 ἡμᾶς
1899 1890 2025 1952 τοὺς

447 1956 977 2029 ἑξομολογουμὲνους
1007 1963 1175 2036 αὐτῷ,
1207 1967 1503 2038 εὐφημίαις
1525 1976 2026 2046 καταγεραίροντας

445 2048 522 2110 ὡς
555 2051 868 2122 Δετπότην,
914 2052 991 2116 ὠς
1024 2054 1255 2126 Σωτῆρα
1298 2059 1390 2112 καὶ
1429 2062 1758 2134 Λυτρωτήνο
1793 2066 2026 2135 αῑνεσις

447 2140 557 2210 γὰρ
599 2143 628 2193 ό
671 2142 874 2205 Ἰούδας
919 2145 1315 2216 ἑρμηνεύεται.
1359 2146 1524 2215 Οἶκος
1579 2153 1636 2206 δὲ
1693 2155 1865 2209 Ἰούδα
1931 2159 2026 2212 καὶ

449 2233 651 2302 ἑτέρως
699 2234 859 2288 νοοῖτ⁹
899 2235 966 2289 ἂν
1011 2237 1044 2308 ή
1100 2238 1416 2310 Ἐκκλησία.
1468 2244 1859 2315 Κεχρημάτικε
1915 2251 2026 2321 γὰρ

447 2321 595 2388 οἶκος
623 2325 879 2396 Χριστοῦ,
925 2328 984 2391 ὃς
1017 2330 1379 2386 ἀνατέταλκεν
1417 2333 1478 2399 ἑξ
1515 2336 1716 2402 Ἰούδα,
1763 2340 2025 2411 κέκληται

447 2416 505 2472 δὲ
541 2415 686 2469 οὕτω
711 2417 804 2470 καὶ
833 2421 985 2492 παρὰ
1013 2425 1080 2494 τῇ
1117 2423 1459 2498 θεοπνεύστῳ
1497 2429 1710 2501 Γραφῇ.
1759 2433 1870 2484 Καὶ
1896 2433 2027 2502 γοῦν

446 2510 476 2560 ὀ
543 2511 889 2581 πατριάρχης
932 2514 1126 2568 Ἰακὼὸ
1187 2516 1360 2581 οὕτως
1410 2520 1576 2574 αὑτοῦ
1638 2523 2023 2598 διαμέμνηται,

448 2599 653 2666 λέγων·
690 2619 708 2652 ι
730 2603 921 2668 Ἰούδα,
954 2605 1013 2657 σὲ
1042 2607 1320 2662 αἰνέσαιαν
1373 2611 1422 2662 οἱ
1474 2611 1692 2682 ἀδελφοί
1723 2632 1836 2669 σου.
1865 2636 1883 2668 ι
1918 2621 2027 2672 Καὶ

451 2691 649 2745 πάλιν
685 2710 702 2744 ι
746 2695 840 2748 Ἐκ
875 2695 1141 2765 βλαστοῦ,
1193 2701 1275 2753 υίέ
1317 2718 1457 2771 μου,
1501 2704 1721 2778 ἀνέϐης.
1761 2727 1780 2760 ι
1834 2711 2024 2782 Ἀνέϐη

450 2786 561 2856 γὰρ
607 2789 633 2840 ὁ
677 2789 911 2860 Χριστὸς
940 2793 1003 2845 ἑκ
1035 2793 1191 2864 ῥίζης
1229 2795 1458 2864 Ἰεσσαὶ,
1499 2799 1595 2851 καὶ
1623 2800 1876 2871 καθάπερ
1917 2803 2028 2856 ἀπὸ

453 2877 683 2945 βλαστοῦ
708 2882 804 2951 τῆς
838 2883 1000 2950 ἁγίας
1038 2885 1315 2955 Παρθένου
1336 2929 1350 2950 ,
1389 2887 1665 2962 βακτηρία
1704 2896 1800 2946 καὶ
1833 2894 2024 2964 ῥάϐδος

447 2967 754 3038 δυνάμεως,
793 2974 936 3028 κατὰ
963 2975 1060 3044 τὴν
1088 2976 1180 3029 τοῦ
1213 2981 1492 3051 προφήτου
1522 2984 1726 3054 φωνήν.
1752 2986 1909 3054 Ἡμῖν
1935 2984 2027 3041 οὖν

446 3059 558 3129 ἄρα
587 3063 682 3114 καὶ
707 3063 770 3117 τὸ
803 3081 824 3116 ι
853 3064 1112 3136 Θαρσεῖτε
1137 3088 1157 3120 ι
1204 3070 1454 3140 λέγεται,
1493 3076 1583 3128 καὶ
1609 3076 1750 3147 μάλα
1781 3079 2024 3145 εἰκότως.

454 3153 690 3225 ιὊπλῳ
725 3157 833 3229 γὰρ
873 3158 1122 3224 εύδοκίας
1164 3181 1182 3214 ι
1237 3166 1613 3235 ἐστεφάνωσεν
1659 3173 1686 3224 ὁ
1733 3172 1922 3244 Πατὴρ
1958 3177 2022 3246 τῇ

445 3247 539 3300 διὰ
566 3248 803 3320 Χριστοῦ
835 3254 1078 3325 σωτηρία
1101 3255 1195 3308 καὶ
1219 3257 1423 3327 χάριτι.

523 3333 700 3394 Οὗτοι
731 3343 786 3394 οἱ
808 3343 976 3411 λόγοι
997 3345 1106 3410 οὓς
1133 3347 1436 3414 ποιήσετε.
1466 3353 1716 3407 Λαλεῒτε
1740 3356 2028 3424 ἀλήθειαν

451 3424 709 3494 ἕκαστος
757 3429 905 3497 πρὸς
954 3431 1062 3485 τὸν
1104 3438 1372 3502 πλησίον
1417 3441 1603 3494 αὐτοῦ
1627 3483 1640 3507 ,
1692 3445 1790 3498 καὶ
1851 3445 2029 3515 κρῖμα

448 3518 756 3586 εἰρηνικὸν
781 3521 1015 3588 κρίνετε
1039 3523 1109 3576 ἐν
1138 3525 1266 3592 ταῖς
1297 3529 1518 3597 πύλαις
1555 3533 1744 3601 ὑμῶν,
1771 3536 1868 3589 καὶ
1891 3536 2026 3590 ἕκα-

449 3623 598 3674 στος
629 3610 742 3678 τὴν
769 3614 987 3667 κακίαν
1013 3617 1120 3671 τοῦ
1168 3621 1436 3688 πλησίον
1472 3626 1661 3680 αὑτοῦ
1693 3627 1780 3696 μὴ
1813 3628 2026 3698 λογίζε-

450 3703 563 3754 σθε
679 3703 809 3770 ταῖς
838 3706 1101 3775 καρδίαις
1148 3710 1333 3780 ὑμῶν,
1362 3714 1460 3767 καί
1509 3715 1689 3783 ὅρκον
1712 3720 1912 3789 ψευδῆ
1937 3722 2024 3792 μὴ

449 3791 718 3860 ἀγαπᾶτε
737 3812 750 3827 ’
789 3795 940 3852 διότι
973 3801 1159 3855 ταῦτα
1187 3803 1381 3857 πάντα
1409 3807 1697 3878 ἐμίσησα,
1720 3811 1882 3882 λέγει
1903 3791 2028 3869 Kr}?

443 3901 578 3951 ριος
609 3891 1034 3960 παντοκράτωρ

520 3978 663 4032 MH’.
723 3982 837 4035 Οὐκ
879 3985 1122 4038 ἀπειθεῖν
1178 3987 1456 4058 ἑλομένοις
1495 3990 1587 4046 καὶ
1648 3996 1730 4059 εἰς
1781 3996 2026 4068 ἐξίτηλον

453 4071 729 4132 πολιτείαν
755 4075 1074 4148 ἁποφοιτᾷν,
1104 4079 1418 4151 ἠγαπηκόσι
1463 4084 1519 4137 δὲ
1550 4085 1752 4154 μᾶλλον
1792 4088 1890 4157 τὴν
1931 4088 2025 4140 εὑ·-

452 4161 600 4215 θεῐαν
640 4165 965 4237 διαστείχειν
1003 4169 1140 4234 ὁδὸν,
1185 4173 1281 4223 καὶ
1325 4173 1422 4242 τὴν
1453 4175 1668 4242 εύαγῶς
1703 4178 2021 4247 ᾑρημένοις,

451 4255 846 4324 ἐπαγγέλλεται
879 4261 1010 4323 Θεὸς
1038 4261 1105 4314 τὰ
1139 4265 1203 4315 ἐκ
1234 4264 1334 4332 τῆς
1366 4265 1501 4329 ἰδίας
1532 4267 1869 4338 ἡμερότητος
1905 4272 2027 4322 ἑπι-

450 4345 641 4402 δώσειν
685 4349 888 4416 ἀγαθὰ,
928 4352 1020 4404 καὶ
1055 4353 1160 4424 μὴν
1204 4354 1296 4407 καὶ
1335 4357 1747 4426 παρατετάχθαι
1799 4359 1935 4430 πρὸς
1967 4360 2026 4412 τὸ

452 4439 644 4508 χρῆναι
697 4439 882 4494 λοιπὸν
926 4438 986 4494 εὖ
1028 4447 1200 4498 ποιεῖν
1245 4445 1458 4508 αὐτούς.
1491 4448 1726 4502 Ἥκιστα
1772 4451 1871 4519 μὲν
1915 4451 2026 4522 γὰρ

2131 4457 2269 4513 davit
2295 4454 2438 4509 enim
2473 4449 2691 4503 minime
2759 4443 3071 4509 falsiloquos
3123 4438 3289 4491 videri
3325 4475 3340 4499 ,

2128 1903 2184 1949 et
2209 1893 2567 1958 Salvatorem,
2591 1904 2646 1948 et
2671 1893 3046 1950 Liberatorem
3065 1894 3314 1950 laudibus
3343 1907 3663 1951 venerantes
3687 1909 3703 1948 :

2129 1983 2292 2055 724
2314 1984 2577 2053 siquidem
2613 1985 2728 2038 voci
2755 1983 2889 2039 Iuda
2949 1985 3098 2039 notio
3144 1984 3318 2040 laudis
3341 1983 3580 2052 subjecta
3602 1993 3703 2040 est.

2126 2076 2296 2130 Aliter
2319 2076 2444 2130 item
2473 2075 2712 2130 Ecclesia
2755 2076 2945 2146 domus
2964 2073 3101 2130 Juda
3136 2084 3299 2146 queat
3322 2075 3566 2146 intelligi.
3598 2077 3707 2145 Ap-

2127 2169 2330 2240 pellata
2355 2177 2439 2223 est
2465 2169 2610 2222 enim
2637 2168 2829 2222 domus
2860 2145 3083 2232 Christi,
3120 2167 3209 2238 qui
3257 2183 3324 2222 ex
3360 2145 3509 2222 Iuda
3553 2177 3707 2222 ortus

2127 2267 2231 2327 est,
2259 2275 2366 2330 quo
2393 2260 2556 2314 etiam
2585 2260 2802 2314 nomine
2832 2275 2860 2314 a
2889 2258 3148 2314 divinitus
3169 2257 3432 2328 inspirata
3462 2258 3706 2328 Scriptu-

2127 2367 2184 2408 ra
2215 2361 2577 2422 nuncupatur.
2602 2351 2789 2421 Itaque
2849 2351 3158 2422 patriarcha
3210 2349 3378 2406 Jacob
3428 2350 3708 2420 bisverbis

2127 2447 2245 2516 ejus
2269 2444 2550 2499 meminit:
2591 2463 2608 2496 ι
2643 2441 2808 2508 Juda,
2855 2451 2907 2496 te
2960 2441 3179 2496 laudent
3236 2443 3432 2496 fratres
3475 2442 3550 2494 tui
3582 2441 3648 2494 “.
3684 2458 3704 2493 ι

2129 2539 2194 2592 Et
2221 2541 2478 2591 rursum":
2525 2553 2544 2586 ι
2610 2535 2686 2588 Ex
2723 2534 2986 2604 germine,
3034 2531 3109 2587 ﬁli
3136 2532 3230 2596 mi,
3264 2531 3643 2587 ascendisli“.
3681 2549 3702 2585 ι

2126 2627 2382 2682 Ascendit
2409 2627 2552 2681 enim
2594 2626 2841 2681 Christus
2861 2640 2923 2679 ex
2959 2624 3142 2679 radice
3161 2622 3318 2678 Jesse
3352 2623 3417 2689 δ’,
3447 2633 3501 2676 et
3559 2623 3700 2676 velut

2129 2734 2159 2774 e
2199 2718 2442 2789 germine
2487 2725 2686 2773 sancta-
2723 2716 2983 2787 Virginis,
3021 2716 3242 2770 baculus
3275 2724 3327 2768 et
3360 2715 3508 2782 virga
3540 2715 3708 2767 virtu-

2129 2809 2397 2876 tis,jnxta
2461 2809 2734 2878 prophetae
2790 2822 2978 2861 vocem
3003 2805 3260 2860 “.Nobis
3317 2805 3480 2876 igituc
3543 2803 3704 2857 etiam

2133 2919 2152 2952 ι
2184 2901 2447 2957 Conﬁdite
2484 2919 2502 2951 ι
2541 2900 2758 2963 dicitur,
2784 2908 2837 2953 et
2877 2896 3206 2967 m'quissime.
3264 2915 3281 2948 ι
3341 2895 3506 2949 Scuto
3561 2894 3702 2947 enim

2129 2994 2280 3050 bonze
2307 2992 2614 3056 voluntatis,
2650 3010 2668 3042 ι
2701 2990 2874 3046 salute
2901 3001 2953 3045 et
2983 2990 3155 3060 gratia
3185 3004 3281 3060 per
3307 2987 3579 3044 Christum
3605 2985 3706 3039 Pa-

2135 3096 2216 3142 ter
2245 3086 2526 3141 coronavit
2555 3099 2652 3140 nos
2679 3083 2763 3135 “.

2199 3353 2365 3409 Vnus.
2405 3351 2492 3419 16,
2523 3351 2612 3404 17.
2639 3348 2742 3404 Isti
2773 3359 2892 3403 sunt
2915 3363 3176 3403 sermones
3196 3363 3324 3417 quos
3350 3345 3570 3415 facietis.
3605 3341 3707 3396 Lo-

2126 3446 2348 3517 quimini
2383 3444 2653 3498 veritatem
2693 3439 3045 3508 unusquisque
3079 3438 3147 3490 ad
3193 3438 3485 3504 proximum
3525 3450 3697 3497 suum,

2127 3549 2174 3593 et
2200 3537 2464 3606 judicium
2510 3531 2786 3601 paciﬁcum
2808 3529 3051 3598 judicate
3094 3527 3148 3579 in
3197 3527 3361 3593 portis
3418 3524 3620 3585 vestris,
3655 3532 3705 3576 et

2128 3627 2478 3696 unusquisque
2499 3621 2698 3675 malum
2718 3631 2898 3672 contra
2921 3617 3147 3670 amicum
3186 3630 3336 3666 suum
3374 3629 3436 3666 ne
3468 3614 3703 3681 cogitem

2127 3722 2181 3775 in
2204 3717 2452 3772 cordibus
2472 3714 2679 3776 uestris,
2702 3721 2748 3765 ει
2765 3711 3124 3779 juramentum
3151 3705 3376 3758 mendax
3423 3719 3484 3757 ne
3517 3702 3698 3772 diligi-

2127 3811 2358 3882 te:quia
2406 3809 2517 3863 haec
2577 3805 2752 3860 omnia
2793 3801 2904 3869 odi,
2953 3799 3083 3854 dicit
3145 3797 3401 3852 Dominus
3466 3795 3706 3866 omnipo-

2128 3913 2260 3956 lens.

2196 3994 2424 4050 XLVIII.
2453 3991 2657 4060 Quibus
2680 3990 2825 4046 cordi
2845 3998 2928 4044 est
2956 4003 3060 4043 non
3090 3987 3389 4040 detrectare
3417 3978 3700 4048 imperium

2128 4107 2226 4147 nec
2255 4091 2374 4143 vita:
2397 4101 2567 4157 genus
2596 4098 2791 4137 vanum
2850 4079 3126 4149 persequi,
3181 4074 3274 4130 sed
3328 4078 3480 4126 recto
3507 4071 3703 4123 itinere

2129 4181 2336 4252 ingredi
2359 4191 2413 4234 et
2440 4184 2626 4232 sancte
2651 4175 2832 4228 vivere
2862 4171 3085 4234 malunt,
3125 4168 3188 4222 iis
3219 4166 3361 4220 Dens
3390 4170 3704 4216 mansuetu—

2129 4276 2269 4328 dinis
2299 4286 2408 4324 suae
2432 4270 2569 4321 bona
2604 4264 2882 4325 daturum,
2908 4260 3246 4328 atqueetiam
3289 4257 3608 4309 instructum
3637 4263 3697 4304 se

2129 4369 2241 4422 fore
2265 4365 2328 4417 ad
2364 4363 2430 4414 iis
2459 4360 2712 4426 deinceps
2741 4351 3182 4408 benefaciendum
3215 4346 3514 4416 pollicetur.
3549 4343 3698 4395 Man-

3394 4437 3490 4487 sed

451 4530 770 4598 ςιευδοεπεῖς
799 4533 1031 4603 ὁρᾶσθαι
1058 4536 1416 4607 προστέταχε,
1437 4538 1712 4593 ποιεῖσθαι
1740 4541 1796 4594 δὲ
1824 4543 2023 4611 μᾶλλον

2127 4549 2297 4622 petius
2324 4554 2607 4600 sermones
2634 4537 2816 4600 edere,
2869 4542 2924 4587 et
2969 4531 3296 4600 iudiciorum
3333 4524 3700 4593 integritatem

453 4625 510 4675 ἐν
551 4626 810 4696 ἁτρεκείᾳ
852 4627 979 4690 τοὺς
1012 4627 1225 4693 λόγους,
1266 4629 1534 4701 ὀρθότητα
1564 4631 1620 4683 δὲ
1660 4632 1757 4703 τὴν
1787 4635 1878 4686 ἐπὶ
1913 4639 2024 4698 τοῖς

456 4718 714 4788 κρίμασιν
761 4721 1000 4790 ἀγαπᾷν,
1048 4722 1142 4774 καὶ
1189 4723 1290 4793 τὴν
1339 4723 1424 4791 ἐφ’
1473 4723 1688 4793 ἑκάστῳ
1737 4724 2026 4795 πράγματι

456 4810 630 4879 {iason
674 4811 804 4881 εἰ)θῆ
861 4829 920 4864 τε
981 4812 1076 4865 καὶ
1123 4814 1528 4885 ἀνεπίπληκτον
1586 4815 1761 4886 πάντη
1814 4834 1874 4869 τε
1929 4817 2025 4870 καὶ

454 4902 670 4964 παντως
687 4903 961 4974 ἑκφὲρειν,
978 4905 1040 4957 οὐ
1065 4904 1368 4975 λημμάτων
1386 4906 1630 4976 αἰσχρῶν
1651 4908 2016 4978 ἡττωμένους,

452 4993 550 5046 οὐκ
596 4995 677 5056 είς
723 4994 889 5066 κέρδη
942 4995 1236 5065 βλέποντας
1285 4998 1524 5068 αξσχρὰ,
1579 4999 1674 5052 καὶ
1723 5001 2022 5071 χρημάτων

450 5086 611 5138 ἕνεκα
645 5086 745 5157 τὴν
775 5087 871 5139 τοῦ
913 5087 1122 5142 δικαίου
1156 5089 1505 5160 προδιδόντας
1548 5091 1708 5161 χάριν
1729 5132 1743 5157 ,
1789 5091 1902 5144 ἀλλ’
1941 5092 2023 5155 είς

455 5177 612 5245 μόνον
661 5177 906 5247 ὁρῶντας
951 5179 1014 5232 τὸ
1059 5181 1280 5234 ἀνδάνον
1325 5180 1476 5251 Θεῷο
1530 5180 1778 5244 ἀνιέντας
1819 5182 1875 5235 δὲ
1925 5183 2021 5234 καὶ

452 5269 718 5337 ἀδελφοῖς,
747 5273 797 5324 εί
822 5271 886 5342 δή
919 5271 1022 5325 πού
1053 5289 1108 5325 τι
1148 5274 1589 5344 παραπταίσειαν
1619 5274 1650 5346 ἢ
1681 5273 1916 5347 δρῶντες
1935 5313 1950 5338 ,
1987 5273 2019 5344 ἢ

451 5359 731 5430 λέγοντες,
779 5366 874 5418 καὶ
922 5364 1148 5434 προσέτι
1193 5365 1403 5429 τούτοις
1456 5365 1914 5437 παρωθουμένους
1964 5363 2025 5419 εὖ

455 5452 599 5522 μάλα
625 5455 687 5507 τὸ
711 5455 1032 5526 ψευδορκεῖν
1052 5474 1066 5489 ο
1102 5459 1464 5529 μεμισηκέναι
1493 5457 1603 5528 γὰρ
1631 5456 2026 5530 διισχυρίζεται

453 5544 520 5596 τὰ
543 5544 718 5596 τοιάδε
740 5544 848 5598 τῶν
873 5545 1083 5600 κακῶν.

523 5655 567 5727 ξ’
589 5656 752 5727 Boni.
795 5674 833 5723 ι,
856 5656 926 5711 28
953 5673 1103 5727 seqq.

486 5658 767 5730 ,ξ’-Βοιαὶ.-
795 5674 833 5723 ι,
856 5658 926 5711 ‘28
953 5673 1103 5730 seqq.
1183 5659 1225 5690 ³ο
1264 5658 1397 5714 Gen.
1444 5675 1588 5725 nux,
1621 5660 1672 5717 8.

460 5716 539 5778 “l
574 5716 919 5796 Timothint,
949 5729 1003 5782 8.

1785 5659 1826 5692 ⁸¹
1873 5658 2001 5713 ibid.
2061 5658 2114 5713 9.

2124 4615 2374 4710 diligere,
2406 4641 2459 4688 et
2493 4631 2557 4686 de
2589 4640 2914 4695 unaquaque.
2967 4635 3027 4675 re
3079 4615 3404 4674 sententiam
3434 4615 3698 4667 sinceram

2124 4706 2358 4799 nullique
2379 4719 2755 4793 vituperationi
2797 4715 3010 4769 afﬁnem
3048 4710 3285 4781 penitus,
3337 4707 3476 4761 citra
3529 4706 3702 4774 turpis

2123 4824 2256 4879 lucri
2298 4808 3029 4889 cupiditatempronuntiare,
3064 4818 3167 4857 non
3196 4811 3403 4868 turpem
3433 4808 3698 4869 qnmstmn

2129 4923 2434 4987 Spectantes
2454 4909 2522 4971 “,
2541 4914 2594 4960 et
2623 4900 2970 4973 pecuniarum
2997 4912 3159 4951 causa
3201 4893 3289 4946 Dei
3319 4892 3541 4961 gratiam
3580 4904 3702 4956 prn-

2130 4984 2354 5064 dentes,
2409 5001 2504 5054 sed
2529 4997 2702 5051 solum
2765 4991 2855 5045 Dei
2926 4987 3318 5058 beneplacitum
3385 4984 3695 5036 intuentes:

2129 5096 2495 5151 condonantes
2516 5088 2642 5142 item
2666 5082 2926 5138 fratribus
2961 5119 2976 5145 ,
3004 5081 3046 5135 si
3081 5077 3207 5146 quid
3232 5074 3306 5128 illi
3340 5089 3434 5127 eos
3453 5079 3547 5122 aut
3578 5081 3698 5118 ver-

2130 5191 2199 5243 bo
2245 5194 2336 5239 aut
2369 5183 2510 5236 factu
2531 5176 2789 5239 laeserint,
2815 5183 2867 5228 et
2893 5181 3088 5241 praeter
3117 5171 3216 5223 ista
3250 5164 3491 5219 studiose
3523 5155 3698 5228 periu-

2123 5277 2260 5331 rium
2294 5273 2582 5343 fugitantes
2612 5285 2626 5320 :
2663 5267 2845 5322 odisse
2881 5264 3027 5317 enim
3055 5274 3113 5315 se
3143 5256 3280 5312 mala
3316 5246 3694 5322 hujuscemodi

2121 5367 2374 5422 aﬂirmat.

2227 5657 2270 5689 ³³
2313 5657 2412 5722 lsa.
2460 5668 2534 5719 XI,
2573 5652 2622 5706 1.
2769 5645 2814 5680 ⁸³
2843 5642 2984 5712 Psal.
3016 5658 3122 5706 CH,
3155 5641 3209 5697 2.
3290 5640 3333 5672 ⁸³
3361 5639 3501 5696 Psal.
3523 5655 3572 5704 v,
3604 5637 3690 5694 15.

3541 4447 3703 4484 νοιοιδε
3803 4451 3806 4454 ’
