4092 6202
356 270 453 327 l2?

421 382 700 451 Perpende
720 396 882 451 porro
933 381 1204 450 quomodo
1230 381 1361 437 nihil
1400 385 1636 453 typicum
1677 391 1772 435 aut
1813 397 1932 434 um-
1967 387 2006 442 Α

353 473 547 530 bratile
574 472 986 542 facerejubeat.
1022 472 1136 528 Non
1183 475 1328 529 enim
1371 475 1604 545 imperat
1651 473 1937 528 immolare

347 569 539 634 boves,
566 581 664 620 nec
710 567 996 620 incendere
1066 566 1246 631 thura,
1303 567 1396 620 sed
1453 565 1614 618 veluti
1679 563 1935 634 gracilem

353 659 641 726 quamdam
688 666 742 713 et
768 659 1100 722 tornatilent,
1122 666 1175 712 et
1207 665 1412 710 tantum
1444 673 1547 710 non
1571 655 1935 726 evangelicum

353 753 521 804 vitam
553 766 646 804 eos
679 766 934 804 exercere
963 751 1217 820 postuiat.
1256 750 1520 816 Quoniam
1551 750 1696 804 enim
1753 751 1803 802 iu
1853 747 1938 804 his

354 857 522 911 pauca
571 842 725 895 nobis
758 843 821 895 de
875 842 1172 896 Salvatoris
1213 841 1445 895 adventu
1491 841 1724 894 iudicata
1789 849 1935 904 sunt,

373 936 554 989 dcirco
583 945 633 989 et
658 936 963 989 mandatum
1001 934 1180 988 induci
1267 948 1488 987 necesse
1538 932 1658 994 fuit,
1685 931 1826 998 quoi
1858 929 1939 982 di-

353 1029 473 1080 vina
505 1028 622 1097 ejus
646 1029 792 1093 jussa
816 1028 1148 1095 loqueretur.
1185 1027 1242 1080 Si
1286 1028 1427 1080 enim
1450 1027 1603 1080 decet
1631 1041 1730 1078 nos
1758 1025 1936 1076 divina

351 1122 513 1173 verba
533 1133 819 1188 sequentes
845 1121 987 1190 loqui
1025 1122 1328 1180 veritatem,
1372 1118 1534 1188 725
1583 1133 1702 1187 quae
1729 1115 1937 1170 Christi

355 1222 471 1264 Ftlttl
495 1215 715 1266 omnino
734 1213 1094 1266 disseremus:
1119 1211 1368 1264 Christus
1386 1212 1529 1263 enim
1559 1207 1937 1262 estveritas“.

351 1301 476 1359 Ideo
494 1305 994 1371 etsapieutissimus
1035 1303 1225 1356 Petrus
1266 1302 1641 1370 paratissimos
1683 1316 1780 1354 nos
1821 1314 1941 1354 esse

355 1395 603 1463 pi-t‘ccepit
625 1397 688 1448 ad
707 1397 1136 1464 respondendum
1164 1415 1182 1446 ι
1208 1395 1383 1448 cuivis
1411 1395 1670 1446 rationem
1706 1406 1802 1446 nos
1844 1406 1939 1460 p0-

352 1483 521 1536 scenti
546 1486 682 1538 deea
702 1502 817 1553 qua:
836 1487 887 1538 iu
903 1487 1056 1539 nobis
1074 1497 1157 1538 est
1173 1485 1336 1554 spe“.
1353 1483 1533 1550 )QllOtl
1549 1487 1591 1537 si
1609 1499 1725 1552 qua:
1738 1483 1940 1538 Christi

355 1585 481 1628 sunt
500 1575 642 1644 loqui
663 1578 1082 1639 assueveriul,et
1097 1592 1217 1629 eum
1235 1578 1285 1628 in
1312 1575 1494 1644 lingua
1515 1572 1942 1642 semperhabue-

357 1667 484 1728 rint,
516 1678 569 1721 et
598 1670 780 1722 animo
829 1679 882 1721 et
908 1671 1071 1722 corde
1091 1668 1334 1720 meditati
1377 1666 1598 1732 fuerint,
1622 1665 1751 1731 justi
1785 1667 1940 1732 plane

353 1759 976 1821 crunt,etexcelleutes,
1013 1758 1333 1826 pacilicique
1382 1764 1436 1810 et
1476 1759 1656 1818 mites,
1708 1754 1932 1810 etinsu-

355 1864 448 1916 per
482 1849 772 1917 patientes,
802 1859 854 1904 et
892 1850 1137 1918 peierare
1167 1850 1500 1912 nescientes,
1560 1851 1692 1916 quin
1721 1849 1934 1916 penitus

353 1955 453 1994 nec
481 1940 749 2006 jurantes.
785 1941 1147 1996 Meminerunt
1177 1941 1321 1995 cnim
1359 1941 1488 1994 illud
1513 1940 1695 1993 dicere
1731 1956 1742 1990 :
1777 1957 1796 1988 ι
1851 1939 1937 1992 Sit

353 2040 532 2085 autem
563 2049 746 2087 seruio
781 2044 995 2088 vester:
1034 2034 1145 2099 Est,
1176 2046 1282 2098 est,
1313 2043 1389 2099 et,
1426 2032 1562 2092 Non,
1600 2047 1707 2086 non
1740 2031 1804 2086 “.
1839 2050 1858 2082 ι

1375 267 1436 321 S.
1479 263 1750 322 CYRILLI
1790 265 2258 324 ALEXANDRINI
2297 268 2617 324 ARCHIEP.

3528 257 3626 313 128

2113 385 2304 456 Ἀθρει
2333 385 2390 438 δὲ
2407 387 2556 447 ὅπως
2588 379 2741 436 οὐδὲν
2772 375 2966 433 tunc:
2977 395 3050 432 τει
3073 377 3205 449 δρᾷν
3235 376 3343 430 τῶν
3366 375 3425 429 ὲν
3447 377 3626 438 σκιαῖς

2043 477 2075 547 ἢ
2110 477 2320 540 τύποις.
2349 478 2423 530 Οὐ
2451 477 2558 548 γάρ
2583 493 2665 529 τοι
2695 474 2892 544 χρῆναι
2923 471 3227 542 βουθυτεῖν,
3262 467 3387 523 οὐδὲ
3420 467 3527 539 μὴν
3552 467 3628 520 λι-

2045 568 2189 638 ϐάνῳ
2226 570 2392 639 τιμᾷν
2440 567 2768 628 ἐντέλλεται,
2821 564 2935 618 ἀλλ’
2971 559 3082 616 οἷον
3117 561 3307 632 ἰσχνὴν
3339 577 3460 612 τινα
3483 599 3497 622 ,
3535 556 3621 610 xu‘

2043 662 2493 731 τετορνευμένην,
2546 659 2704 730 μόνον
2732 657 2789 711 δὲ
2816 658 2940 726 οὐχὶ
2983 653 3078 708 xui
3127 651 3489 720 εὖαγγελικὴν
3532 651 3621 702 ἐπ·

2045 755 2284 823 ασκῆσαι
2326 752 2574 823 βούλεται
2599 753 2767 821 ζωήν.
2810 747 3029 816 Ἐπειδὴ
3063 746 3173 814 γὰρ
3206 747 3233 796 ό
3265 744 3470 815 βραχὺς
3497 744 3626 811 ἡμῖν

2046 847 2103 897 ὲν
2139 846 2352 909 τούτοις
2401 846 2531 916 περὶ
2559 844 2660 914 τῆς
2707 843 2801 895 τοῦ
2839 841 3094 910 Σωτῆρος
3141 837 3300 908 ἡμῶν
3335 834 3630 904 ἐπιδημίας

2047 935 2340 1006 πεποίηται
2373 935 2550 1004 λόγος,
2600 933 2772 1005 ταύτῃ
2815 949 2899 984 τοι
2951 931 3044 983 xui
3077 927 3392 997 ἀναγκαίως
3437 925 3628 995 ἐντολὴ

2048 1027 2426 1095 συνεισάγεται
2473 1027 2542 1080 τὰ
2572 1027 2638 1079 δι’
2673 1023 2838 1078 αὑτοῦ
2871 1022 3108 1076 λαλοῦσα
3157 1019 3527 1088 θεσπίσματα.
3566 1018 3630 1070 Et

2046 1118 2155 1188 γὰρ
2181 1118 2244 1190 δὴ
2279 1120 2548 1190 προσήκει
2603 1119 2714 1181 τοῖς
2743 1116 2906 1180 θείοις
2935 1117 3083 1186 ἡμᾶς
3112 1113 3415 1184 ἑπομένους
3451 1109 3631 1177 λόγοις

2047 1209 2225 1263 λαλεῖν
2241 1211 2339 1281 τὴν
2365 1210 2645 1280 ἀλήθειαν,
2663 1210 2732 1262 τὰ
2749 1206 2990 1280 Χριστοῦ
3011 1208 3228 1268 πάντως
3252 1200 3630 1271 διαλεξόμεθαο

2048 1303 2282 1373 Χριστὸς
2310 1302 2419 1373 γάρ
2445 1305 2592 1356 ἐστιν
2617 1303 2648 1372 ἡ
2684 1301 2935 1372 ἀλήθεια.
2967 1298 3068 1351 Διὰ
3093 1297 3253 1349 τοῦτο
3283 1296 3377 1348 xui
3403 1296 3432 1347 ό
3465 1291 3634 1361 σοφῶ-

2047 1410 2209 1456 τατος
2239 1394 2444 1464 Πέτρος
2484 1393 2870 1463 ἑτοιμοτάτους
2915 1392 3062 1461 ἡμᾶς
3095 1386 3352 1455 γενέσθαι
3396 1383 3634 1455 προστέ-

2048 1499 2179 1552 ταχε
2221 1483 2358 1554 πρὸς
2405 1482 2701 1548 ἀπολογίαν
2749 1501 2769 1534 ι
2812 1481 2976 1535 παντὶ
3029 1479 3109 1550 τῷ
3167 1477 3444 1550 ἐρωτῶντι
3486 1477 3634 1544 ἡμᾶς

2047 1575 2204 1641 λόγον
2241 1575 2368 1644 περὶ
2397 1575 2498 1644 τῆς
2525 1573 2693 1644 οὔσης
2726 1574 2784 1627 ὲν
2807 1575 2938 1645 ἡμῖν
2966 1571 3201 1634 ἐλπίδος.
3242 1589 3260 1620 ι
3299 1571 3360 1622 Ei
3389 1567 3446 1620 δὲ
3476 1566 3541 1637 δὴ
3565 1565 3634 1619 τὰ

2049 1664 2289 1733 Χριστοῦ
2323 1664 2507 1718 λαλεῖν
2537 1663 2834 1734 εἰθισμένοι
2859 1701 2875 1728 ,
2931 1661 3024 1716 xui
3063 1660 3226 1714 αὐτὸν
3277 1658 3492 1728 ἔχοντες
3541 1655 3636 1708 ἐπὶ

2035 1756 2289 1828 γλώσσης
2322 1757 2430 1822 ἀεὶ,
2459 1758 2556 1810 xui
2583 1755 2698 1822 νοῦ,
2730 1756 2826 1809 xui
2856 1755 3108 1826 καρδίας,
3147 1752 3378 1824 μελέτην
3404 1765 3638 1819 πεποιη-

2048 1848 2219 1919 μένοι,
2252 1848 2452 1902 δίκαιοί
2484 1866 2588 1902 που
2618 1849 2838 1909 πάντως
2871 1845 2982 1900 εἷεν
3011 1846 3098 1913 ἂν,
3135 1846 3231 1898 xui
3255 1847 3323 1914 τῇ
3355 1841 3498 1896 κατὰ
3527 1842 3639 1894 πᾶν

2045 1941 2227 1994 ὁτιοῦν
2285 1940 2541 2013 ὀρθότητι
2592 1940 3031 2010 διαπρέποντες,
3095 1934 3362 2007 εἰρηνικοί
3419 1950 3478 1986 τε
3540 1933 3632 1987 καὶ

2045 2032 2234 2101 πρᾶοι,
2276 2029 2370 2082 xui
2401 2029 2543 2101 «pd;
2564 2046 2627 2099 γε
2653 2029 2826 2098 τούτῳ
2855 2029 2950 2081 xui
2978 2027 3313 2092 ἀνεξίκακοι,
3343 2026 3437 2078 xui
3463 2023 3629 2093 ψευδ-

352 2127 535 2195 ορκείν
563 2126 663 2178 οὐκ
691 2125 914 2190 ειδότες,
963 2126 1161 2196 μᾶλλον
1209 2125 1266 2178 δὲ
1293 2124 1429 2181 ,οὐδὲ
1463 2124 1727 2194 ὀμνύντες
1772 2123 1932 2189 ὅλως.
1969 2123 2378 2194 Διαμὲμνηνται
2441 2123 2549 2192 γὰρ
2608 2122 2860 2191 λέγοντος
2886 2120 3086 2174 αὑτοῦ·
3127 2120 3341 2173 (Ἔστω
3377 2118 3435 2172 δὲ
3471 2117 3625 2189 ὑμῶν

353 2217 381 2267 ό
410 2214 567 2282 λόγος
593 2215 655 2267 τὸ
682 2216 812 2279 Nui,
844 2216 954 2281 vui,
988 2219 1084 2270 xui
1114 2216 1175 2269 τὸ
1209 2214 1306 2280 Οὓ,
1341 2215 1424 2269 οὗ.
1458 2235 1476 2267 ι

430 2305 592 2362 νειε.
625 2305 713 2370 18,
748 2307 833 2360 19.
874 2305 936 2358 Et
963 2308 1136 2375 [actus
1163 2318 1234 2360 εει
1257 2323 1425 2359 sermo
1447 2305 1656 2358 Domini
1703 2307 1945 2373 omnipo-

353 2401 508 2453 tentis
552 2399 619 2450 ad
646 2415 744 2459 nte,
773 2399 952 2452 dicens
983 2414 1001 2452 :
1039 2397 1168 2451 Ηωο
1203 2399 1329 2450 dicit
1402 2397 1658 2450 Dominus
1703 2397 1947 2466 omnipo-

354 2501 467 2544 tens
498 2507 517 2544 :
560 2489 833 2556 Jejunium
859 2477 1124 2560 quartum,
1147 2498 1196 2542 et
1224 2489 1489 2558 jejunium
1509 2490 1769 2558 quintum,
1797 2490 1943 2558 etje-

350 2579 560 2650 iunium
590 2585 892 2650 septimum,
929 2593 975 2634 et
1001 2582 1270 2651 jejunium
1301 2581 1560 2634 decimum
1588 2592 1737 2633 erunt
1763 2581 1945 2634 domui

355 2672 495 2727 Iuda
520 2675 572 2728 in
594 2675 868 2743 gaudium.
897 2685 943 2727 et
968 2674 1021 2725 in
1063 2673 1327 2735 lwlitiam,
1351 2681 1400 2725 et
1433 2673 1486 2726 in
1516 2674 1822 2740 festivitates
1852 2675 1944 2728 bo-

357 2782 472 2827 nas.
515 2777 562 2819 et
604 2765 937 2832 twtabt’mini,
996 2773 1046 2819 et
1083 2765 1376 2834 yeritatem
1445 2773 1494 2818 et
1570 2781 1754 2834 pacem
1818 2765 1945 2819 dili-

354 2852 464 2921 gite

429 2935 609 2990 XLIX.
647 2936 1020 2994 Necessarium
1061 2942 1200 2997 duco
1225 2942 1464 2997 discendi
1493 2943 1701 3011 cupidis
1731 2958 1943 2998 rursum

355 3027 504 3094 prius
569 3030 1434 3099 cxpouerecausasjejunioruni,
1491 3034 1558 3086 de
1613 3035 1811 3102 quibus
1843 3036 1943 3088 hoc

2120 2306 2231 2359 Kal
2260 2304 2499 2373 ἐγένετο
2525 2305 2710 2373 λόγος
2731 2302 2954 2370 Κυρίου
2981 2300 3465 2370 παντοκράτορος
3487 2303 3638 2370 πρὸς

2040 2396 2141 2466 μὲ,
2202 2395 2428 2463 λέγων’
2486 2393 2632 2448 Τάδε
2696 2393 2859 2463 λέγει
2907 2392 3128 2460 Κύριος
3178 2392 3634 2462 παντοκράτωρ.

2045 2489 2310 2556 Νηστεία
2339 2487 2377 2554 ἠ
2413 2487 2655 2554 τετρὰς,
2703 2485 2802 2540 καὶ
2837 2484 3092 2553 νηστεία
3128 2484 3166 2551 ἡ
3223 2484 3496 2553 πέμπτη,
3534 2485 3633 2540 καί

2045 2583 2299 2651 νηστεία
2321 2582 2358 2649 η
2393 2581 2612 2651 ἑϐδόμη
2631 2621 2644 2646 ,
2671 2580 2774 2634 καὶ
2799 2579 3052 2648 νηστεία
3086 2580 3124 2648 ἡ
3147 2578 3367 2646 δεκάτη
3393 2579 3636 2633 ἔσονται

2045 2673 2129 2741 τῷ
2169 2676 2314 2739 οἴκῳ
2358 2674 2549 2729 Ἰούδα
2581 2676 2666 2740 είς
2696 2673 2909 2743 χαρὰν,
2938 2671 3041 2727 καὶ
3086 2672 3496 2740 εὐφροσύνην,
3537 2674 3634 2727 καὶ

2045 2771 2133 2836 εις
2157 2769 2361 2837 ἑορτὰς
2397 2768 2644 2839 ἀγαθὰς,
2689 2768 2788 2821 καὶ
2834 2765 3353 2835 ε-ὐςςρανθήσεσθε,
3391 2766 3488 2819 καὶ
3522 2765 3638 2836 τὴν

2045 2860 2337 2926 ἀλήθειαν
2365 2861 2465 2913 καὶ
2495 2861 2614 2927 τὴν
2635 2858 2888 2927 ειρήνην
2907 2856 3286 2928 ἀγαπήσατε.

2115 2952 2250 3006 ΜΘ’.
2297 2952 2620 3020 Ἀναγκαῖον
2665 2946 2819 3021 οἶμαι
2885 2951 2999 3012 τοῖς
3043 2947 3372 3020 φιλομαθέσι
3417 2967 3632 3020 προαφο

2043 3039 2361 3109 ηγήσασθαι
2383 3040 2548 3094 πάλιν
2565 3038 2674 3092 τῶν
2711 3038 2896 3094 ἐνθάδε
2914 3039 3226 3108 λεγομένων
3250 3038 3516 3106 νηστειῶν
3536 3039 3638 3102 τὰς

358 3118 476 3170 loco
506 3119 782 3182 dicitur,ct
808 3122 949 3188 quod
977 3122 1045 3175 sit
1081 3124 1643 3192 quartum,quodnatn
1669 3127 1938 3194 quintum,

2045 3132 2248 3196 αἰτίας,
2284 3131 2379 3184 xui
2415 3130 2547 3184 ποία
2575 3134 2606 3201 ή
2640 3130 2837 3201 τετρὰς
2865 3171 2878 3192 ,
2914 3130 3000 3192 τίς
3027 3129 3086 3182 δὲ
3115 3130 3146 3200 ἡ
3177 3129 3425 3201 πέμπτη,
3457 3130 3550 3182 xui
3579 3130 3637 3182 ui

357 3217 411 3260 et
485 3209 710 3278 reliqua,
752 3212 1320 3281 septimunt'scilicet,
1385 3223 1440 3268 ct
1505 3215 1796 3270 decimum.
1860 3216 1952 3272 Sic

357 3298 498 3350 enim
518 3311 817 3368 opportune
831 3309 1018 3368 etapte
1031 3318 1150 3372 qua:
1167 3304 1238 3358 sit
1252 3306 1572 3360 mandatoru
1590 3323 1636 3359 in
1659 3307 1741 3360 vis
1759 3307 1951 3362 deinde

357 3390 710 3454 enucleando,
738 3392 1108 3462 adiungemus.
1134 3393 1299 3464 Igitur
1330 3406 1484 3464 capta
1507 3406 1691 3452 sancta
1712 3400 1950 3466 civitate,

357 3488 410 3534 et
438 3495 630 3537 exusto
655 3487 880 3556 templo,
908 3498 961 3541 et
984 3487 1176 3541 Israele
1204 3488 1361 3542 simul
1385 3505 1506 3544 cum
1534 3492 1676 3544 vasis
1701 3492 1873 3546 sacris
1898 3491 1950 3545 iu

359 3575 724 3642 captivitatem
746 3579 978 3634 abducto
1002 3577 1068 3644 ‘9,
1095 3579 1186 3648 qui
1214 3580 1346 3634 salvi
1375 3582 1651 3647 restabant
1674 3583 1725 3636 in
1745 3581 1947 3648 Iudaea,

359 3666 473 3719 dies
503 3667 696 3734 quibus
721 3671 836 3724 tunc
873 3671 979 3738 pati
1005 3671 1321 3738 contigisset
1350 3673 1566 3729 odiosos
1618 3684 1673 3729 et
1705 3690 1954 3730 exsecra-

357 3755 495 3810 biles
536 3758 831 3824 habebant,
871 3761 1142 3828 factisque
1175 3763 1405 3817 cmtibus
1438 3766 1687 3834 planctus
1744 3768 1951 3822 lamen-

358 3847 695 3916 tationesque
718 3851 1102 3919 suscipiebant,
1131 3853 1252 3906 cibo
1283 3869 1340 3908 se
1373 3864 1430 3907 ut
1469 3857 1520 3908 in
1562 3855 1788 3924 jejuuiis
1816 3858 1947 3912 abs-

361 3939 615 3993 tinentes.
673 3941 802 4007 Quin
860 3954 1041 3998 autem
1091 3961 1417 4014 unoquoque
1473 3947 1736 4000 dieruma
1793 3949 1948 4003 nobis

359 4034 516 4086 modo
543 4035 804 4088 dicturum
836 4038 1144 4103 evenerint,
1171 4054 1270 4109 age
1301 4054 1656 4108 exponamus.
1684 4039 1775 4093 Ait
1815 4055 1946 4108 ergo

357 4123 546 4179 beatus
570 4124 833 4183 Jeremias
866 4148 879 4184 :
912 4149 931 4182 ι
974 4131 1037 4184 Ει
1063 4132 1262 4186 factum
1281 4143 1366 4187 est
1402 4133 1455 4188 in
1476 4148 1618 4189 anno
1637 4149 1779 4188 nono
1795 4133 1944 4204 regni

355 4215 494 4285 ejus,
548 4217 787 4273 Sedccize
855 4221 1060 4290 utique,
1121 4223 1174 4276 in
1238 4239 1424 4279 mense
1458 4225 1694 4290 decimo,
1735 4225 1944 4280 decima

357 4309 558 4364 mensis
583 4312 729 4366 venit
769 4311 1264 4371 Nabuchodonosor
1291 4331 1381 4370 rex
1405 4315 1718 4386 Babylonis,
1743 4328 1797 4372 et
1827 4333 1946 4370 tuu-

356 4403 442 4456 nis
461 4405 734 4458 exercitus
755 4407 870 4474 ejus
901 4418 1086 4462 contra
1114 4407 1436 4474 Jerusalem,
1503 4418 1560 4464 et
1617 4409 1942 4463 circumval-

2053 3219 2262 3274 τούτων
2293 3221 2494 3291 ἐφεξῆς
2528 3221 2730 3292 ἑϐδόμη
2768 3238 2828 3274 τε
2870 3222 2967 3274 xui
3005 3221 3230 3291 δεκάτη.
3274 3221 3637 3292 Προσεποίσο·

2058 3328 2156 3381 μεν
2188 3310 2298 3383 γὰρ
2323 3313 2499 3377 οὕτως
2540 3313 2633 3365 ἐπὶ
2662 3312 2858 3380 καιροῦ
2894 3313 2991 3366 καὶ
3021 3314 3079 3367 ὲν
3108 3313 3298 3384 κόσμῳ
3323 3312 3509 3367 λοιπὸν
3530 3313 3638 3368 τῶν

2056 3407 2549 3473 προστεταγμένων
2580 3403 2679 3473 τὴν
2712 3403 2962 3473 δύναμιν.
2999 3403 3209 3457 Οὐκοῦν
3247 3404 3387 3474 μετὰ
3413 3404 3475 3457 τὺ
3498 3404 3645 3457 ἁλῶν

2054 3513 2141 3549 ναι
2173 3495 2270 3565 τὴν
2299 3496 2461 3564 ἁγίαν
2489 3495 2663 3560 πόλιν,
2706 3497 2802 3551 xui
2831 3496 3326 3567 κατεμπρησθῆναι
3365 3499 3455 3551 τὸν
3484 3498 3632 3565 ναὸν,

2053 3586 2576 3658 ἀποκομισθῆναιδὲ
2609 3588 2744 3659 ὁμοῦ
2798 3591 2913 3652 τοῖς
2966 3589 3132 3657 ἱεροῖς
3175 3589 3431 3642 σκεύεσιν
3464 3591 3633 3659 αἰχμ-

2052 3678 2258 3732 άλωτον
2288 3679 2380 3736 τὸν
2418 3677 2670 3750 Ἰσραὴλ,
2697 3678 2746 3730 οἱ
2793 3677 3130 3748 σεσωσμένοι
3165 3693 3224 3729 τε
3266 3676 3360 3729 καὶ
3394 3675 3633 3745 περιλει-

2053 3770 2278 3839 φθέντες
2317 3771 2459 3825 κατὰ
2493 3773 2594 3842 τὴν
2639 3770 2919 3834 Ἰουδαίαν,
2953 3769 3054 3833 τὰς
3077 3770 3313 3840 ἡμέρας,
3356 3771 3414 3821 ὲν
3442 3765 3530 3834 αἷς
3560 3769 3631 3822 τὰ

2049 3863 2226 3917 τοιάδε
2272 3863 2466 3917 παθεῖν
2501 3862 2850 3933 συμϐέϐηκεν
2902 3861 3225 3931 ἀποφράδας
3256 3861 3492 3932 ἡγοῦντο
3537 3861 3632 3914 καὶ

2051 3955 2348 4026 στυγητὰς,
2385 3956 2480 4008 xui
2525 3954 2590 4024 δὴ
2631 3954 2776 4007 κατὰ
2810 3953 3022 4024 πληθὺν
3056 3953 3390 4019 συνθέοντες,
3418 3953 3632 4024 κομμὸν

2051 4045 2330 4099 ἐποιοῦντο
2359 4045 2454 4100 xui
2489 4044 2689 4118 θρῆνον
2716 4085 2730 4109 ,
2777 4047 3094 4112 ἀσιτοῦντες
3137 4049 3211 4113 ὡς
3245 4052 3302 4102 ὲν
3330 4049 3626 4119 νηστείαις.

2049 4138 2183 4192 Τίνα
2204 4137 2260 4190 δὲ
2287 4137 2349 4207 δὴ
2377 4136 2447 4189 τὰ
2480 4136 2866 4208 συμϐεϐηκότα
2926 4139 3019 4192 xui
3063 4141 3122 4191 ἐν
3151 4139 3353 4210 ἑκάστῃ
3385 4139 3493 4191 τῶν
3526 4139 3628 4208 ἀρ-

2047 4231 2176 4292 τίως
2212 4230 2343 4298 ἡμῖν
2373 4227 2677 4300 εἰρημένων
2721 4231 2977 4301 ἡμερῶν,
3010 4230 3146 4302 φέρε
3170 4231 3442 4301 λέγωμεν.
3476 4230 3624 4301 Ἔφη

2045 4322 2274 4376 τοίνυνό
2310 4321 2579 4394 μακάριος
2622 4322 2922 4395 Ἱερεμίας·
2980 4341 2999 4373 ι
3036 4324 3144 4376 Καὶ
3195 4323 3410 4389 ἐγένετο
3451 4325 3508 4376 ἐν
3547 4323 3627 4393 τῷ

2048 4412 2155 4466 ἔτει
2196 4412 2277 4483 τῷ
2323 4413 2529 4483 ὲννὰτῳ
2572 4412 2673 4481 τῆς
2713 4413 2988 4484 βασιλείας
3019 4413 3221 4477 αὑτοῦ,
3255 4413 3414 4483 δῆλον
3447 4413 3503 4466 δὲ
3543 4414 3625 4466 ὅτι

356 4493 535 4550 larunt
563 4512 707 4560 eam,
741 4507 795 4553 et
828 4500 1231 4554 ardilicaverunt
1251 4501 1455 4556 circum
1486 4515 1608 4554 eain
1662 4499 1931 4568 lapidibus

2045 4506 2312 4570 Σεδεκίου,
2344 4509 2400 4558 ὲν
2435 4505 2514 4575 τῷ
2547 4506 2677 4574 μηνὶ
2709 4505 2787 4575 τῷ
2819 4506 3029 4575 δεκάτῳ
3056 4547 3070 4569 ,
3107 4507 3308 4575 δεκάτῃ
3333 4505 3427 4558 τοῦ
3456 4505 3626 4574 μηνὸς

357 4589 598 4654 quadris,
623 4599 678 4645 et
700 4591 845 4645 venit
869 4592 1061 4646 civitas
1087 4593 1138 4646 in
1165 4593 1444 4661 angustias
1472 4604 1642 4660 usque
1673 4592 1740 4645 ad
1775 4592 1941 4646 unde-

355 4679 556 4732 cimum
585 4696 783 4735 annum
806 4685 949 4749 regis
975 4686 1236 4750 Sedecite,
1265 4686 1317 4738 in
1373 4699 1559 4739 mense
1589 4694 1806 4752 quarto,
1839 4701 1938 4738 no-

359 4783 426 4833 ua
473 4770 561 4822 die
591 4773 813 4826 mensis.
840 4773 904 4826 Et
940 4774 1164 4828 invaluit
1194 4775 1362 4829 fames
1395 4776 1448 4828 in
1487 4775 1730 4840 civitate,
1756 4783 1810 4829 et
1831 4791 1936 4830 non

355 4871 512 4916 erant
551 4876 717 4930 panes
766 4863 960 4931 populo
992 4873 1184 4929 terrae;
1215 4874 1271 4919 et
1322 4865 1536 4934 dirupta
1609 4875 1695 4921 est
1719 4866 1936 4932 civitas,

355 4959 412 5011 et
435 4965 623 5005 omnes
641 4952 740 5005 viri
774 4953 1065 5008 bellatores
1088 4955 1293 5023 egressi
1326 4964 1453 5009 sunt
1481 4965 1638 5012 nocte
1667 4957 1750 5011 via
1779 4957 1932 5012 urbis

357 5043 499 5105 inter
524 5058 708 5099 muros
738 5045 902 5116 726
927 5054 983 5100 et
1019 5047 1372 5112 antemurale,
1407 5049 1550 5116 quod
1583 5059 1700 5104 erat
1745 5064 1934 5104 versus

358 5135 572 5201 hortum
621 5139 762 5206 regis
795 5139 862 5193 ⁸⁰.
905 5159 923 5190 ι
973 5138 1164 5194 Postea
1196 5141 1340 5195 crede
1377 5140 1668 5196 liberorum
1694 5141 1933 5196 Sedeciae

356 5237 409 5288 et
433 5230 806 5288 exoculalione
831 5232 948 5301 ejus
981 5232 1249 5298 intersita,
1282 5233 1354 5286 ita
1389 5233 1564 5302 pergit
1600 5249 1614 5284 :
1655 5252 1674 5286 ι
1709 5233 1938 5287 lamen-

357 5332 417 5370 tse
454 5319 667 5385 quinto,
701 5322 910 5376 decima
933 5323 1132 5377 mensis
1171 5323 1319 5376 venit
1373 5321 1731 5376 Nabuzardan
1787 5323 1936 5388 prin-

356 5422 483 5475 ceps
505 5425 824 5478 coqnorum,
851 5416 941 5484 qui
967 5415 1148 5469 stabat
1175 5424 1301 5470 ante
1333 5415 1524 5468 faciem
1580 5416 1720 5484 regis
1762 5415 1935 5484 Baby-

354 5501 517 5569 lonis,
554 5503 604 5556 iu
637 5501 1028 5573 Jerusalem,et
1053 5508 1333 5565 succendit
1372 5507 1588 5562 domum
1621 5507 1854 5572 Domini,
1878 5517 1935 5562 et

477 5669 700 5744 *‘Joau.
739 5697 847 5747 λιν,
885 5687 937 5746 6,
1051 5687 1091 5723 ετ
1133 5687 1171 5740 ιι
1212 5687 1354 5742 Petr.
1385 5703 1472 5752 tit,
1515 5686 1596 5740 15.

2041 4587 2172 4662 ἦλθε
2199 4591 2683 4660 Ναϐουχοδονόσωρ
2707 4591 2960 4660 βασιλεὺς
2995 4594 3335 4658 Βαϐυλῶνος,
3359 4596 3451 4647 xui
3474 4595 3625 4646 πᾶσα

2042 4685 2074 4753 ὴ
2121 4683 2349 4752 δύναμις
2380 4683 2546 4736 αὐτοῦ
2597 4685 2692 4736 ἐπὶ
2729 4685 3084 4756 Ἰερουσαλὴμ
3108 4729 3122 4752 ,
3158 4687 3251 4740 xui
3286 4689 3621 4758 περιεχαρά-

2042 4791 2224 4827 κωσαν
2261 4775 2468 4844 αὐτὴν,
2523 4774 2616 4828 xui
2664 4777 3152 4847 περιῳκοδόμησαν
3209 4779 3378 4850 αὐτὴν
3429 4796 3622 4850 τετρα-

2040 4865 2222 4928 πόδοις
2249 4864 2420 4928 λίθοις
2443 4864 2651 4935 κύκλῳ,
2681 4869 2774 4920 xui
2804 4864 2970 4939 ἦλθεν
2997 4871 3030 4940 ἠ
3066 4870 3218 4934 πόλις
3251 4875 3330 4936 εὶς
3367 4875 3617 4942 συνοχὴν,

2041 4955 2147 5019 ἕως
2174 4954 2460 5008 ἑνδεκάτου
2491 4954 2645 5018 ἔτους
2677 4955 2754 5026 τῷ
2784 4955 2994 5026 βασιλεῖ
3023 4959 3266 5031 Σεδεκία,
3293 4962 3352 5013 ὲν
3387 4957 3514 5032 μηνῖ
3542 4962 3620 5033 τῷ

2041 5047 2302 5117 τετάρτῳ,
2339 5045 2532 5118 ἐννάτῃ
2573 5045 2668 5100 τοῦ
2705 5047 2890 5117 μηνός.
2925 5051 3039 5102 Καὶ
3066 5051 3376 5124 ἐστερεὼθη
3406 5053 3435 5104 ό
3462 5052 3620 5123 λιμὸς

2038 5137 2096 5189 ἐν
2138 5139 2204 5206 τῇ
2247 5135 2430 5200 πόλει,
2480 5137 2575 5190 xui
2611 5137 2712 5190 ούκ
2739 5133 2878 5210 ἦσαν
2909 5139 3069 5209 ἄρτοι
3092 5142 3170 5212 τῷ
3207 5142 3324 5214 λαῷ
3350 5144 3451 5214 τῆς
3489 5145 3616 5214 γῆς,

2036 5230 2132 5283 xui
2154 5228 2435 5301 διεκόπηή
2466 5229 2650 5295 πόλις,
2694 5233 2787 5285 xui
2823 5231 3024 5298 πάντες
3057 5236 3106 5288 οξ
3151 5235 3343 5306 ἄνδρες
3379 5237 3430 5289 οἱ
3461 5242 3618 5289 πολε-

2038 5321 2229 5389 μισταὶ
2272 5319 2497 5389 ἐξῆλθον
2537 5321 2730 5386 νυκτὸς
2769 5323 2908 5377 κατὰ
2947 5325 3048 5396 τὴν
3090 5326 3208 5380 όδὸν
3258 5328 3360 5397 τῆς
3407 5327 3615 5393 πόλεως

2035 5411 2308 5481 ἀναμέσον
2335 5410 2437 5471 τοῦ¹
2467 5412 2681 5482 τείχους
2720 5415 2815 5468 xui
2845 5415 2939 5469 τοῦ
2966 5417 3428 5487 προτειχίσματος
3449 5458 3464 5482 ,
3489 5419 3518 5472 ὃ
3545 5415 3615 5491 ἦν

2034 5505 2175 5558 κατὰ
2199 5505 2290 5559 τὸν
2320 5505 2495 5576 κῆπον
2526 5504 2619 5558 τοῦ
2659 5505 2939 5575 βασιλέως.
2977 5527 2994 5558 ι
3028 5505 3160 5563 Εἶτα
3181 5511 3244 5580 δὴ
3275 5510 3440 5581 μέσον
3467 5529 3612 5582 παρα

1681 5688 1724 5715 “⁸
1753 5685 1919 5740 Matth
1974 5703 2024 5754 γ,
2055 5688 2142 5742 57.
2223 5687 2264 5719 θ’
2301 5688 2362 5741 ιγ
2401 5691 2530 5758 licg.
2577 5703 2700 5752 xxv,
2727 5690 2778 5744 9.
2856 5689 2900 5720 '°
2921 5687 3128 5744 Jct'em.
3162 5701 3258 5750 ιιι,
3287 5683 3406 5741 4-7.
