4092 6202
483 272 583 332 129

1337 267 1892 330 COMMENTARIUS
1932 271 1999 328 IN
2041 272 2446 337 ZACHARLUI
2484 274 2929 335 PROPHETAM.

3646 291 3746 349 150

475 388 648 452 ειθείς
688 386 798 442 τῶν
835 387 1086 443 Σεδεκίου
1124 388 1331 443 παίδων
1380 388 1480 461 τὴν
1521 390 1761 460 σφαγὴν,
1810 388 1978 444 αὐτοῦ
2008 389 2057 444 δὲ

2136 391 2387 451 .domum
2435 394 2602 464 regis,
2634 403 2690 450 et
2718 411 2906 451 omnes
2956 396 3143 453 domos
3195 400 3376 468 urbis,
3426 411 3480 458 et
3528 419 3743 461 onmem

471 479 569 552 τὴν
618 477 929 547 τύφλωσιν,
965 477 1069 549 ἔφη
1105 478 1288 533 πάλιν*
1328 498 1347 532 ι
1388 480 1476 534 Ἔν
1512 481 1642 551 μηνὶ
1681 481 1758 552 τῷ
1792 481 2050 553 πέμπτῳ,

470 570 668 640 δεκάτῃ
689 567 785 621 τοῦ
811 567 980 641 μηνὸς
995 564 1126 640 ἦλθε
1143 569 1536 640 Ναϐουζάρδαν
1582 573 1610 624 6
1632 571 2055 643 ἀρχιμάγειρος,

470 661 498 713 ὁ
525 659 771 729 ἑστηκὼς
799 659 943 712 κατὰ
977 658 1270 730 πρόσωπον
1303 659 1397 712 τοῦ
1440 659 1707 730 βασιλέως
1738 661 2054 725 Βαϐυλῶνος

467 752 548 815 εἰς
584 750 966 823 Ἰερουσαλὴμ,
1006 752 1098 805 καὶ
1127 753 1399 822 ἐνέπρησε
1426 753 1516 807 τὸν
1542 750 1689 807 οἰκον
1716 754 1942 825 Κυρίου,
1959 755 2054 807 καὶ

473 842 555 895 τὸν
580 838 728 895 οἶκον
758 842 1026 913 βασιλέως
1049 884 1064 910 ,
1122 844 1217 897 καὶ
1251 846 1429 908 πάσας
1457 845 1557 908 τάς
1589 846 1767 909 οἰκίας
1812 846 1912 916 τῆς
1958 846 2055 899 πό-

466 937 624 1001 λεως,
659 937 754 990 καὶ
788 938 972 990 πᾶσαν
1001 936 1177 989 οἰκίαν
1209 936 1458 1006 μεγάλην
1490 937 1797 1008 ἐνέπρησεν
1817 938 1873 990 ὲν
1895 936 2049 1009 πυρὶ,

467 1029 560 1083 καὶ
586 1029 697 1082 πᾶν
723 1030 903 1098 τεῖχος
938 1027 1298 1098 Ἰερουσαλὴμ
1329 1026 1517 1097 κύκλῳ
1546 1027 1797 1081 καθεῖλεν
1828 1030 1862 1099 ἡ
1891 1028 2053 1081 δύνα-

469 1139 564 1192 μις
623 1121 733 1175 τῶν
783 1120 1066 1174 Χαλδαίων
1118 1123 1151 1191 ἡ
1208 1119 1348 1190 μετά
1416 1121 1510 1175 τοῦ
1570 1121 1989 1193 ἀρχιμαγείρου.
2027 1140 2046 1173 ι

478 1208 724 1277 Ἀκούεις
754 1214 904 1278 ὅπως
938 1214 997 1265 ἐν
1025 1212 1105 1284 τῷ
1147 1213 1359 1283 δεκάτῳ
1404 1213 1515 1267 ἔτει
1554 1213 1987 1285 πεπολιόρκηκεν
2022 1216 2052 1267 6

462 1303 955 1377 Ναϐουχοδονόσωρ
988 1305 1087 1375 τὴν
1128 1304 1507 1377 Ἰερουσαλὴμ,
1542 1301 1664 1360 εἶτα
1694 1305 1772 1376 τῷ
1803 1306 2047 1378 τετάρτῳ

465 1397 599 1467 μηνί
622 1395 714 1449 τοῦ
742 1395 973 1449 δεκάτου
1013 1395 1167 1459 ἔτους
1187 1396 1545 1464 διακεκόφθαι
1578 1397 1712 1468 φησὶ
1746 1395 1844 1467 τὴν
1868 1396 2041 1451 πόλιν⁶

460 1490 520 1542 ἐν
582 1487 640 1541 δὲ
686 1487 765 1559 τῷ
816 1486 1056 1558 πέμπτῳ
1104 1488 1235 1560 μηνὶ
1303 1488 1397 1542 καὶ
1444 1489 1607 1541 αὑτὸν
1652 1488 2045 1559 ἐμπεπρῆσθαι

455 1579 550 1633 16v
599 1579 726 1632 ναὸν
775 1580 870 1633 καὶ
925 1579 1142 1634 ἅπασαν
1185 1579 1243 1633 δὲ
1292 1578 1390 1651 τὴν
1429 1580 1587 1633 πόλιν
1651 1578 2043 1650 διισχυρίζεται

460 1670 612 1742 παρά
664 1670 757 1724 τοῦ
803 1671 1229 1743 άρχιμαγείρου.
1279 1671 1632 1744 Ἀποφράδας
1677 1672 1742 1741 δὴ
1793 1668 1887 1725 οῦν
1942 1672 2043 1744 τὴν

2159 484 2379 539 domum
2408 500 2657 555 magnam
2684 488 3137 558 combussitigni,
3184 503 3238 546 et
3263 507 3479 549 onmem
3530 511 3743 553 murum

2156 572 2458 631 Jerusalem
2491 577 2545 631 in
2572 578 2799 632 circuitu
2831 582 3026 634 evertit
3049 582 3322 636 exercitus
3345 585 3741 654 Chaldmorum,

2157 669 2249 738 qui
2274 680 2528 724 eratcum
2554 672 2797 743 principe
2822 688 3118 743 coquorum
3142 674 3209 730 ".
3259 694 3278 728 ι
3318 679 3488 733 Audis
3524 696 3630 750 quo
3654 697 3745 749 pa-

2156 768 2244 815 cto
2275 777 2294 812 ι
2330 775 2513 815 mense
2541 763 2749 816 decimo
2778 765 2905 818 anui
2934 766 3057 819 naui
3093 784 3112 818 ι
3168 781 3310 821 anno
3370 769 3579 826 decimo
3633 770 3743 826 Na-

2154 849 2576 908 buchodonosor
2647 852 3074 927 Hierosolymam
3150 857 3460 926 obsederit;
3546 861 3744 918 deinde

2157 953 2354 1013 quarto
2387 959 2574 999 mense
2606 946 2733 1000 anni
2767 947 3037 1001 undecimi
3069 948 3341 1020 diruptam
3379 967 3499 1006 esse
3548 954 3743 1008 civita-

2158 1044 2285 1089 tem.
2313 1034 2369 1089 In
2402 1052 2585 1091 mense
2610 1049 2790 1092 autem
2831 1039 3023 1108 quinto
3049 1042 3212 1094 etiam
3264 1044 3440 1112 ipsum
3478 1046 3743 1115 templum

2153 1135 2208 1180 et
2239 1134 2404 1180 totam
2435 1127 2667 1182 urbema
2709 1131 2955 1198 principe
2986 1145 3286 1199 caquorum
3346 1133 3742 1192 inﬂammatam

2156 1227 2363 1270 narrat.
2398 1217 2559 1272 Atros
2589 1217 2776 1288 igitur,
2808 1236 2902 1275 seu
2930 1220 3166 1276 nefastos
3185 1234 3465 1291 quartum,
3499 1235 3553 1280 et
3581 1227 3742 1294 quin-

2156 1314 2290 1370 tuin,
2324 1319 2379 1362 et
2414 1310 2679 1363 decimmu
2713 1314 2828 1368 dics
2865 1323 3085 1383 pr0ptcr
3140 1329 3331 1369 causas
3358 1331 3386 1369 a
3435 1331 3520 1371 me
3566 1318 3743 1373 dictas

2153 1400 2534 1455 numerabant.
2571 1405 2702 1467 Qua:
2727 1415 2904 1458 autem
2942 1406 3169 1476 Septima
3227 1407 3409 1472 fuerit,
3475 1421 3737 1479 pra-terea

2151 1487 2435 1543 dicendum
2468 1501 2571 1547 est.
2608 1492 2896 1561 Postquam
2926 1497 3068 1550 enim
3133 1498 3385 1569 princeps
3438 1516 3736 1570 coquorum

2146 1574 2444 1633 Jerusalem
2468 1586 2684 1646 evertit,
2726 1584 3009 1639 Godoliam
3038 1588 3338 1657 principem
3386 1588 3607 1654 Jmheis,
3641 1592 3735 1661 qui

2150 1668 2537 1742 Hierosolymis
2561 1687 2959 1741 remanserant,
2997 1681 3203 1733 creavit
3234 1697 3247 1733 :
3299 1697 3408 1751 quo
3458 1683 3601 1739 facto
3635 1684 3736 1739 Ba-

457 1762 748 1834 τετάρτην,
776 1765 874 1817 καὶ
898 1763 997 1836 τὴν
1026 1764 1306 1835 πέμπτην,
1329 1764 1422 1816 καὶ
1446 1768 1546 1833 τὴν
1565 1763 1799 1833 δεκάτην
1823 1764 2040 1835 ἡμέραν

2148 1757 2392 1828 hylouem
2425 1765 2693 1831 repetivit.
2721 1764 2875 1830 Quod
2894 1768 2985 1822 ubi
3014 1783 3381 1838 cognoverunt
3412 1778 3733 1845 superstites

463 1854 772 1918 ἐποιοῦντο,
798 1853 865 1908 δι’
898 1853 964 1919 ἃς
997 1851 1158 1933 εἶπον
1190 1856 1393 1919 αἰτίας.
1423 1856 1519 1920 Τίς
1546 1855 1600 1909 δὲ
1629 1856 1720 1908 καί
1746 1858 1777 1926 ὴ
1816 1855 2040 1926 ἑϐδόμη,

457 1947 621 2000 πάλιν
668 1947 845 1999 εἰπεῖν
879 1947 1200 2013 ἀναγκαῖον.
1241 1945 1464 2017 Ἐπειδὴ
1512 1945 1618 2017 γάρ
1649 1940 1761 1998 εἷλε
1793 1944 1891 2017 τὴν
1950 1945 2043 1998 Ἰε-

456 2037 736 2111 ρουσαλὴμ
769 2040 797 2091 ό
825 2038 1245 2111 ἀρχιμάγειρος,
1294 2039 1716 2110 κεχειροτόνηκε
1758 2037 1849 2091 τὸν
1886 2036 2043 2090 F060-

452 2132 573 2186 λίαν
619 2134 699 2195 εἰς
745 2130 1066 2201 καθηγητὴν
1093 2132 1207 2194 τοῖς
1235 2131 1588 2193 καταλοίποις
1617 2129 1726 2182 τῶν
1771 2128 2041 2182 Ἰουδαίων

452 2226 510 2277 ὲν
542 2224 656 2286 τοῖς
694 2221 1118 2291 Ἱεροσολύμοις·
1152 2216 1272 2274 εἰτα
1303 2220 1465 2273 τοῦτο
1495 2217 1774 2291 δεδρακὼς
1799 2219 2039 2291 ἀπῆλθεν

450 2316 530 2378 εἰς
573 2312 891 2367 Βαϐυλῶνα.
946 2313 1168 2384 Ἐπειδὴ
1214 2312 1270 2366 δὲ
1324 2311 1483 2366 τοῦτο
1533 2311 1676 2365 οὕτω
1725 2312 2040 2383 πεπρᾶχθαι

2141 1847 2333 1911 Judmi,
2401 1852 2830 1926 Hierosolymam
2880 1874 3003 1913 cum
3040 1876 3135 1929 spe
3196 1863 3393 1917 ibidem
3455 1866 3730 1922 habitandi

2143 1941 2536 2000 conﬂuxerunt.
2576 1949 2683 2001 Sed
2730 1965 2912 2005 mense
2937 1954 3170 2020 septimo
3211 1953 3493 2010 Godoliam
3523 1959 3726 2014 occidit

2141 2032 2371 2097 lsmael;
2405 2047 2459 2090 et
2495 2038 2790 2105 dissipatus
2805 2053 2887 2097 est
2931 2045 3109 2099 Omnis
3167 2049 3394 2117 populus
3426 2058 3572 2113 tunc,
3598 2068 3730 2106 cou-

2141 2126 2386 2196 l'ugitque
2411 2130 2461 2182 iu
2502 2129 2818 2201 Egyptum,
2858 2135 2945 2188 ubi
2976 2139 3227 2204 periit".
3272 2140 3453 2201 llanc,
3487 2147 3555 2199 ob
3610 2161 3730 2198 miu-

2140 2232 2254 2271 sam
2273 2229 2326 2272 el
2357 2222 2644 2288 septimum
2676 2225 2818 2279 diem
2855 2237 2910 2280 et
2943 2230 3117 2297 ipsum
3138 2249 3381 2288 incusem
3425 2240 3724 2294 abominati

2139 2321 2286 2365 sunt.
2315 2314 2491 2381 Atque
2528 2314 2641 2368 haec
2687 2326 2773 2371 est
2814 2317 3144 2387 jejuniurum
3199 2329 3437 2384 occasio.
3494 2330 3558 2383 Et
3596 2348 3729 2399 quo-

453 2401 843 2475 μεμαθήκασιν
885 2405 934 2457 οἱ
985 2403 1386 2475 περισωθέντες
1435 2402 1495 2467 ἐξ
1560 2402 1861 2467 Ἰουδαίων,
1911 2420 2039 2456 συν-

2140 2402 2283 2454 niam
2312 2419 2652 2473 corisequeus
2682 2417 2823 2473 erat,
2849 2416 3188 2470 cessantibus
3227 2419 3422 2489 plagis,
3462 2434 3518 2477 et
3546 2421 3724 2479 Israe-

449 2495 684 2566 ἔδραμον
719 2497 776 2547 ὲν
811 2499 927 2559 τοῖς
967 2494 1388 2566 Ἰεροσολύμοις,
1420 2494 1516 2548 καὶ
1562 2489 1703 2565 ἦσαν
1751 2496 1809 2548 ὲν
1852 2494 2036 2548 ἐλπίσι

2136 2493 2186 2549 le
2223 2494 2652 2568 Hierosolymam
2683 2516 2923 2565 rererso,
2961 2513 3015 2558 et
3062 2508 3306 2561 tristibus
3340 2513 3507 2567 linitis
3584 2516 3722 2571 ultra

446 2585 547 2642 τοῦ
593 2590 864 2642 κατοικεῖν
918 2588 1009 2640 ἐπὶ
1043 2587 1143 2658 τὴν
1189 2586 1316 2657 γῆν.
1358 2586 1501 2640 Ἀλλ’
1552 2588 1609 2640 ἐν
1655 2584 1734 2656 τῷ
1780 2587 1910 2656 μηνὶ
1957 2586 2036 2657 τῷ

2138 2604 2242 2642 non
2274 2589 2525 2659 jejuuare
2576 2603 2630 2644 et
2657 2594 2949 2665 plangere,
2976 2597 3178 2652 luctum
3211 2614 3421 2657 inutare
3462 2606 3642 2658 laetitia
3673 2617 3727 2661 et

450 2681 683 2753 ἑϐδόμῳ,
734 2680 882 2735 καθά
923 2680 1258 2751 γέγραπται,
1306 2678 1396 2733 τὸν
1447 2678 1700 2732 Γοδολίαν
1746 2677 1958 2732 ἀνεῖλεν
2008 2681 2037 2733 6

2136 2685 2366 2752 gaudere
2393 2685 2571 2751 potius
2590 2685 2741 2754 jubet
2771 2687 2839 2741 de
2871 2691 3029 2745 bonis
3079 2709 3106 2744 ει
3164 2694 3274 2747 Deo
3298 2694 3557 2764 acceptis.
3608 2702 3727 2754 sive

463 2774 721 2846 Ίσμαήλ*
776 2775 874 2829 καὶ
918 2774 1189 2846 διεσπάρη
1226 2774 1334 2836 πᾶς
1368 2773 1396 2825 ό
1427 2771 1555 2834 λαὸς
1607 2771 1762 2834 τότε,
1798 2770 1893 2825 καὶ
1932 2772 2038 2824 άπ-

2136 2772 2467 2839 memiuisse,
2498 2776 2568 2830 ob
2600 2791 2720 2846 qua:
2755 2780 2879 2832 olim
2907 2782 3076 2850 puniti
3107 2783 3327 2848 fuerint,
3361 2804 3485 2842 cum
3518 2790 3727 2844 liberri-

448 2865 682 2938 ἔδραμον
723 2867 802 2931 εἰς
845 2867 947 2936 τὴν
996 2865 1333 2935 Αἰγυπτίων,
1383 2865 1481 2918 ναὶ
1530 2862 1848 2918 διολώλασιν
1895 2865 2031 2918 ἐκεῖ.

2136 2878 2221 2918 me
2235 2864 2533 2920 sceleribus
2562 2882 2623 2921 3e
2648 2873 3130 2942 commaculareut,
3161 2887 3215 2931 et
3246 2880 3311 2932 ad
3329 2881 3543 2948 quidvis
3567 2881 3721 2934 nefa-

444 2958 735 3028 Στυγητὴν
768 2953 862 3011 οῦν
898 2954 1183 3009 ἐποιοῦντο
1234 2956 1330 3010 καὶ
1377 2955 1478 3025 τὴν
1520 2953 1758 3024 ἑϐδόμην
1795 2953 2032 3023 ἡμέραν,

2136 2953 2276 3007 rium
2316 2954 2463 3008 nullo
2488 2956 2696 3024 pudore
2722 2973 2961 3015 ruerent.

442 3047 536 3100 καὶ
568 3047 732 3100 αὐτὸν
776 3046 834 3100 δὲ
877 3044 969 3099 τὸν
1007 3045 1175 3116 μῆνα,
1206 3046 1412 3113 ταύτης
1442 3044 1629 3098 ἕνεκεν
1670 3045 1770 3114 τῆς
1822 3041 2022 3104 αἰτίας.
2062 3042 2196 3096 Ἤδε
2228 3043 2327 3113 μὲν
2393 3038 2486 3099 οὖν
2553 3047 2664 3101 τῶν
2700 3052 2971 3118 νηστειῶν
3001 3054 3035 3123 ἡ
3068 3056 3365 3125 πρόφασις.
3407 3059 3625 3132 Ἐπειδὴ
3662 3060 3725 3114 δὲ

440 3139 734 3193 ἀκόλουθον
765 3132 855 3205 ἦν,
898 3139 1269 3210 πεπαυμένων
1302 3138 1411 3192 τῶν
1451 3138 1509 3205 ἐξ
1580 3139 1754 3209 ὀργῆς
1782 3178 1796 3202 ,
1823 3136 1919 3190 καὶ
1982 3135 2442 3206 ἀνακομισθέντος
2512 3139 2608 3192 τοῦ
2645 3142 2865 3214 Ἰσραὴλ
2911 3147 2991 3209 εἰς
3026 3146 3411 3221 Ἱεροσόλυμα,
3465 3154 3560 3207 καὶ
3612 3153 3722 3207 τῶν

441 3230 786 3301 σκυθρωπῶν
820 3229 1311 3301 παρεληλακότων,
1369 3229 1444 3301 μὴ
1492 3229 1777 3300 νηστεύειν
1847 3228 1929 3281 ἔτι
1966 3229 2064 3282 καὶ
2122 3229 2441 3295 κόπτεσθαι,
2498 3234 2975 3303 μεταπλάττεσθαι
3027 3241 3241 3296 κελεύει
3281 3244 3343 3298 τὸ
3391 3246 3589 3302 πένθος
3635 3249 3718 3307 εἰς

440 3323 732 3395 εὐθυμίαν,
758 3322 983 3396 ἥδεσθαί
1006 3339 1067 3375 τε
1099 3323 1301 3394 μᾶλλον
1327 3323 1411 3391 ἐφ’
1437 3317 1518 3386 οἷς
1556 3321 1743 3391 ἔχουσι
1773 3320 2031 3386 λαϐόντες
2070 3322 2222 3394 παρὰ
2255 3321 2416 3384 Θεοῦ,
2484 3324 2652 3395 ἤγουν
2692 3326 2784 3381 διά
2826 3332 3049 3402 μνήμης
3086 3334 3230 3404 ἔχειν
3266 3336 3334 3388 τὰ
3367 3337 3452 3404 ἐφ’
3486 3331 3569 3401 οἷς
3628 3354 3716 3391 τε·

439 3415 780 3486 τιμώρηνται
828 3416 970 3470 κατὰ
1026 3415 1274 3488 καιροὺς,
1323 3413 1773 3485 πλημμελοῦντες
1847 3412 2197 3483 ἀφυλάκτως,
2248 3413 2349 3467 καὶ
2401 3414 2539 3486 πρὸς
2600 3416 2708 3470 πᾶν
2777 3422 2959 3475 ὁτιοῦν
3029 3423 3139 3477 τῶν
3184 3427 3434 3481 ἐκτόπων
3483 3430 3713 3501 ἀναίδην

437 3504 772 3571 ῶλισοηκότε

508 3520 772 3557 ,ισυτκοτε

508 3546 747 3669 Δέδρακε
774 3520 934 3652 ξοῦτο
969 3598 1063 3652 καὶ
1096 3600 1176 3662 εἰς
1214 3600 1363 3670 ἡμᾶς
1390 3600 1418 3652 6
1450 3598 1710 3670 Χριστός.
1747 3596 2020 3669 Ἔστρεψε
2050 3607 2057 3652 ι

2195 3589 2351 3646 Fecit
2400 3591 2504 3646 hoc
2534 3595 2700 3648 etiam
2739 3595 2893 3650 nobis
2938 3595 3212 3655 Christus.
3250 3600 3529 3664 Convertit
3559 3615 3707 3669 enim

435 3688 550 3759 γάρ
600 3707 619 3739 ι
653 3689 787 3759 ἡμῖν
826 3687 920 3741 τὸν
957 3687 1191 3741 κοπετὸν
1239 3688 1321 3751 εἰς
1366 3686 1568 3758 χαρὰν,
1622 3687 1875 3759 διέρρηξε
1932 3685 2024 3740 τὸν

438 3780 644 3832 σάκκον
675 3779 767 3832 καί
800 3777 1135 3850 περιέζωσεν
1165 3779 1528 3851 εὐφροσύνην,
1573 3796 1593 3831 ι
1626 3778 1768 3833 κατὰ
1795 3779 1894 3850 την
1927 3778 2023 3831 τοῦ

434 3870 746 3933 Ψάλλοντος
795 3872 999 3941 φωνήν.
1045 3869 1456 3941 Ἐπαιτιὼμεθα
1502 3870 1559 3924 δὲ
1614 3870 1899 3942 οὐδαμῶς,
1939 3869 2022 3923 ὅτι

433 3962 572 4015 Θεὸν
608 3961 711 4014 οὐκ
732 3961 933 4026 εἰδότες
960 3961 1126 4027 ποτὲ,
1154 3963 1251 4015 καὶ
1283 3961 1716 4034 προσκυνοῦντες
1746 3965 1812 4034 τῇ
1845 3962 2021 4016 κτίσει

435 4054 590 4125 παρὰ
615 4052 707 4106 τὸν
738 4054 1022 4119 κτίσαντα,
1053 4052 1423 4124 πεπτώκαμεν
1453 4054 1561 4107 ὑπὸ
1594 4053 1760 4117 πόδας
1785 4052 2018 4126 ἐχθρῶν,

434 4148 530 4202 καὶ
562 4147 641 4209 εἰς
677 4145 801 4201 νοῦν
832 4145 1094 4216 ἀδόκιμον
1125 4144 1511 4217 παρεδόθημεν
1533 4161 1549 4176 ο
1585 4145 2019 4218 εὐχαριστοῦμεν

430 4238 488 4293 δὲ
542 4237 743 4309 μᾶλλον
783 4238 869 4306 ἐφ’
895 4232 976 4302 οἷς
1007 4236 1309 4309 ὴλεήμεθα,
1349 4237 1445 4291 καὶ
1486 4237 1830 4308 σεσῴσμεθα,
1867 4256 1886 4288 ι
1924 4238 2018 4290 καὶ

433 4335 497 4386 ἐκ
544 4332 729 4404 χειρὸς
771 4329 983 4402 ἐχθρῶν
1032 4330 1443 4403 λελυτρῶμεθα,
1490 4350 1509 4383 ι
1565 4330 1660 4383 καὶ
1708 4330 1808 4401 τὴν
1855 4330 2016 4397 άγίαν

431 4423 688 4493 οἰκοῦμεν
714 4423 891 4486 πόλιν,
920 4421 1170 4475 τουτέστι
1198 4422 1297 4493 τὴν
1354 4420 1703 4492 Ἐκκλησίαν,
1736 4420 2017 4491 ἡξιῶμεθὰ

430 4529 489 4565 τε
538 4511 721 4565 λοιπὸν
772 4515 959 4582 εὐχαῖς
1017 4513 1112 4564 καὶ
1171 4511 1386 4573 θυσίαις
1445 4513 1565 4575 ταῖς
1615 4515 2016 4581 πνευματικαῖς

432 4606 854 4676 καταγεραίρειν
893 4602 1076 4668 αὑτὸν,
1104 4603 1409 4673 ἀγαπῶμεν
1438 4602 1494 4655 δὲ
1527 4602 1622 4656 καὶ
1652 4601 1728 4667 ῶς
1765 4604 2011 4674 εἰρήνην,

430 4696 527 4749 καὶ
555 4695 838 4767 ἀλήθειαν,
871 4697 965 4747 καὶ
990 4695 1257 4767 θυμηδίας
1302 4696 1403 4764 τῆς
1448 4695 1711 4749 ἀνωτάτω
1741 4696 2014 4768 πρόφασιν

426 4788 491 4840 τὸ
539 4786 729 4858 χρῆμα
772 4786 1228 4855 καταλογίζεσθαι
1266 4790 1420 4857 παρὰ
1470 4787 1570 4857 τῆς
1598 4785 1750 4852 θείας
1779 4788 2014 4858 δεδιδάγι

2134 3702 2154 3737 ι
2187 3684 2460 3753 planctum
2484 3694 2733 3740 nostrum
2767 3687 2820 3741 in
2874 3690 3152 3759 gaudium,
3186 3697 3449 3753 conscidit
3491 3717 3710 3760 saccum

2133 3787 2403 3842 nostrum,
2434 3782 2492 3830 et
2541 3777 2901 3833 circumdedit
2968 3796 3068 3836 nos
3123 3781 3329 3852 laetitia,
3360 3805 3381 3841 ι
3421 3800 3475 3843 ιιι
3499 3789 3713 3851 Psaltes

2124 3867 2274 3921 cauit
2300 3866 2370 3922 ⁸³.
2406 3864 2517 3922 Nec
2547 3870 2932 3939 conquerimur
2955 3872 3060 3926 ulla
3092 3888 3156 3928 ex
3196 3886 3371 3946 parte,
3408 3886 3552 3951 quod
3579 3899 3707 3938 cum

2123 3957 2413 4027 aliquando
2449 3958 2614 4013 Deum
2662 3960 3012 4030 ignorantes,
3060 3973 3115 4017 et
3177 3979 3482 4025 creaturam
3527 3974 3709 4043 potius

2121 4064 2281 4118 quam
2314 4050 2624 4104 Creatorem
2649 4051 2942 4107 adoranles
2989 4053 3091 4108 sub
3141 4062 3305 4125 pedes
3338 4060 3569 4117 hostium
3615 4081 3706 4120 uo-

2121 4150 2356 4194 strorum
2380 4142 2607 4207 redacti,
2647 4151 2702 4196 et
2736 4144 2789 4196 iu
2813 4158 3029 4197 sensum
3057 4148 3343 4213 reprohum
3379 4154 3557 4207 traditi
3610 4172 3703 4208 su-

2120 4231 2301 4285 mus“
2326 4247 2340 4285 :
2370 4232 2497 4300 quin
2518 4234 2720 4301 gratias
2748 4236 2982 4303 agimus,
3002 4235 3164 4307 727
3189 4239 3332 4307 quod
3391 4244 3700 4300 misericor-

2116 4322 2261 4378 diam
2318 4332 2371 4376 et
2417 4323 2645 4377 salutem
2680 4328 2980 4391 consecuti,
3018 4345 3038 4378 ι
3075 4339 3129 4382 et
3160 4332 3225 4383 de
3264 4346 3421 4384 manu
3460 4334 3705 4391 inimico-

2117 4432 2234 4471 rum
2266 4416 2476 4470 liberati
2507 4416 2554 4448 ”
2584 4434 2603 4467 ι
2635 4429 2876 4470 sanctam
2904 4420 3198 4484 civitatem,
3236 4422 3336 4476 huc
3383 4436 3466 4478 est
3513 4426 3703 4481 Eccle—

2117 4508 2254 4562 siam
2287 4506 2597 4571 incolimus.
2632 4519 2688 4563 et
2714 4510 2863 4579 digni
2894 4526 3082 4565 sumus
3101 4513 3266 4566 habiti
3310 4515 3400 4581 qui
3444 4517 3700 4589 deinceps

2116 4600 2253 4653 rotis
2280 4610 2334 4653 et
2372 4600 2655 4655 sacrificiis
2678 4602 3048 4671 spiritualibus
3101 4604 3275 4671 ipsum
3342 4613 3694 4675 veneremur;

2114 4700 2169 4745 et
2196 4690 2417 4745 charum
2447 4690 2731 4757 habemus,
2762 4705 2813 4748 et
2845 4706 2966 4747 eam
3000 4708 3113 4747 rem
3150 4708 3364 4763 pacem,
3405 4709 3457 4750 et
3493 4702 3698 4754 verita.

2117 4795 2248 4851 tem,
2274 4794 2328 4841 et
2352 4800 2577 4841 Summa:
2598 4788 2956 4859 iucunditatis
2979 4791 3317 4846 occasionum
3376 4803 3625 4863 reputare
3663 4811 3695 4848 a

429 4877 574 4950 μεθα
602 4879 844 4951 Γμφῆς.
885 4897 904 4931 ι
940 4878 1107 4942 Λύτδς
1131 4878 1241 4949 γάρ
1270 4879 1417 4932 ἐστιν
1462 4879 1496 4947 ἡ
1543 4880 1732 4950 εἰρήνη
1761 4878 1954 4949 ήμῶνα
1986 4898 2005 4931 ι

2136 4879 2296 4932 livina
2333 4877 2615 4948 Scriptura
2642 4878 2787 4935 docti
2823 4895 3029 4935 sumus.
3061 4899 3080 4932 ι
3121 4882 3241 4951 Ipse
3287 4883 3431 4937 enim
3482 4893 3564 4937 est
3590 4899 3691 4954 pax

427 4973 611 5037 αὐτὸς,
640 4972 717 5037 ὡς
751 4971 909 5042 ἔφην,
941 4973 974 5043 ἡ
1005 4972 1263 5043 ἀλήθεια·
1306 4971 1374 5024 δι⁹
1415 4970 1579 5025 αὐτόν
1612 4973 1783 5042 ἐσμεν
1817 4975 1875 5025 ὲν
1919 4971 2007 5025 ὲλ-
2042 4954 2089 5010 Ῑ)
2116 4980 2298 5025 nostra
2334 4971 2382 5002 “
2416 4987 2431 5024 :

2107 5077 2226 5117 sum
2263 5060 2400 5116 bene
2428 5077 2732 5132 speramus,
2758 5075 2813 5120 ct
2832 5065 2979 5121 omni
3013 5068 3381 5125 mmstitudine
3412 5065 3688 5136 proﬂigata

424 5065 577 5119 πίσιν
615 5063 880 5132 ἀγαθαῖς,
932 5064 1029 5117 καὶ
1082 5066 1140 5118 ἔν
1185 5063 1265 5134 τῷ
1323 5062 1820 5135 κατευφραίνεσθαι
1870 5063 2007 5133 δεῖν,

424 5156 732 5227 κατηφείας
758 5156 980 5226 ἁπάσης
1013 5154 1358 5227 ἐξῃρημένης

499 5247 645 5301 Τάδε
670 5246 831 5316 ,λέγει
862 5244 1080 5313 Κύριος
1123 5246 1546 5315 παντοκράτωρ
1565 5263 1580 5278 ο
1613 5248 1735 5299 Ἔτι
1787 5246 2009 5315 ἥξουσι

422 5339 559 5393 .laol
609 5338 853 5399 πολλοὶ,
884 5338 985 5391 καὶ
1020 5336 1441 5403 κατοικοῦντες
1494 5338 1705 5403 πόλεις
1748 5338 2005 5404 πολλὰς,

422 5428 521 5481 και
577 5429 1057 5484 συνελεύσονται
1106 5426 1530 5495 κατοικοῦντες
1575 5430 1757 5482 πέντε
1795 5429 2004 5495 πόλεις

2483 4990 2503 5023 ι
2554 4972 2696 5041 ipse,
2728 4983 2784 5028 ut
2815 4975 2949 5037 dixi,
2981 4975 3182 5030 veritas
3205 4976 3252 5008 "
3283 4993 3298 5031 :
3347 4985 3565 5046 propter
3611 4976 3689 5044 ip-

2108 5153 2528 5224 triumphamus.

2178 5243 2344 5302 νεεδ.
2368 5246 2562 5303 20-22.
2595 5246 2728 5303 [lac
2749 5250 2881 5304 dicit
2910 5250 3163 5304 Dominus
3184 5250 3504 5318 ouinipotem
3526 5263 3545 5302 :
3577 5250 3690 5303 Ad-

2104 5337 2205 5391 !mc
2228 5339 2426 5393 venient
2463 5341 2643 5409 pepuli
2664 5343 2838 5409 multi,
2876 5352 2924 5395 et
2952 5344 3245 5395 habitantes
3292 5339 3527 5394 ciuitates
3551 5343 3688 5397 mul-

2110 5441 2211 5496 tus,
2242 5443 2291 5485 et
2331 5436 2792 5504 congregabantur
2844 5433 3137 5487 [cubitantes
3185 5433 3411 5503 quinque
3454 5432 3687 5490 civitates

490 5632 533 5662 "
562 5630 762 5684 Jerem.
797 5646 891 5696 ut,
919 5627 1104 5684 li-li.
1180 5627 1228 5661 "
1270 5623 1475 5683 Jerem.
1537 5643 1619 5682 κι..
1652 5629 1805 5693 8-17ς
1838 5646 1909 5693 ιι,
1956 5629 2007 5696 l,
2052 5647 2057 5681 ι

2136 5643 2207 5698 Ιίιο
2242 5644 2256 5692 ς
2289 5626 2352 5679 ἰν
2387 5628 2516 5698 llcg.
2548 5645 2672 5697 xxv,
2708 5627 2780 5682 25
2816 5642 2970 5698 seqq.
3046 5627 3096 5660 ⁸³
3122 5628 3266 5686 Psal.
3296 5645 3453 5698 xxix,
3478 5630 3564 5688 l2.
3633 5621 3690 5680 “.

424 5701 581 5757 ιιυω.
627 5717 665 5769 ι,
701 5700 775 5754 25
800 5715 958 5771 seqq.
1032 5699 1079 5732 ⁸⁸
1101 5697 1235 5757 Luc.
1275 5714 1313 5766 ι,
1339 5698 1428 5754 74.
1506 5701 1554 5731 ⁸⁸
1584 5699 1782 5770 Eplies.
1816 5716 1873 5766 ιι,
1916 5700 2004 5758 14.

2151 5696 2309 5752 Juau.
2342 5696 2545 5765 Xtv,'6.
