4092 6202
414 278 510 336 131
1403 268 1466 326 S.
1501 265 1780 347 CYRILLI
1816 263 2289 324 ALEXANDRINI
2329 260 2652 320 ARCHIEP.
3585 258 3690 314 152

412 392 470 444 s‘u
498 400 658 442 unum
684 382 973 448 civitatem,
999 382 1224 438 dicentes
1255 398 1274 439 :
1309 379 1509 438 Eamus
1541 392 1598 437 ut
1656 384 1997 454 deprecemur
2024 437 2026 445 ι

2122 384 2186 449 τὶς
2212 382 2363 451 μίαν
2398 380 2602 443 πόλιν,
2633 373 2918 446 λέγοντες
2938 390 2951 405 ·
2983 372 3375 445 Ποωυθῶμεν
3401 371 3691 446 δεηθῆναι

413 478 606 547 {aciem
637 475 864 540 Domini,
888 486 937 529 et
999 490 1301 545 quaramus
1350 475 1543 545 faciem
1591 473 1997 528 Dominiomni-

2122 472 2208 526 ὀὗ
2251 470 2581 541 προσώπου
2621 460 2850 535 Κυρίου
2896 466 2996 520 καί
3046 460 3367 535 ἐκζητῆσαι
3395 468 3461 520 τὸ
3508 468 3693 535 πρόσ-

414 568 661 637 poteutis.
710 564 910 620 Vadam
931 577 977 620 et
1005 582 1121 636 ego,
1161 575 1211 620 et
1256 567 1458 621 venient
1499 567 1681 636 populi
1735 565 1890 620 multi
1950 573 2001 620 st

2122 582 2266 619 mor
2291 563 2520 633 Κυρίου
2564 557 3068 626 παντοκράτορος.
3105 559 3478 628 Πορεύσομαι
3510 559 3693 630 κάγὼ,

415 665 592 728 gentes
631 656 833 719 multae,
857 666 913 710 ut
943 668 1186 725 qua'raut
1218 657 1409 726 faciem
1434 656 1646 710 Domini
1674 658 2004 725 omnipoten-

2122 657 2203 711 ιαί
2237 656 2459 724 ἥξουσι
2486 653 2624 709 ,λαοί
2650 650 2890 710 πολλοὶ,
2919 652 3017 703 καί
3047 649 3192 718 ἔθνη
3222 651 3425 705 πολλὰ
3451 649 3692 722 ἐκζητῆ-

414 752 486 804 tis
527 750 580 803 in
604 748 927 814 Jerusalem,
958 760 1005 802 et
1031 757 1085 800 ut
1109 748 1391 818 prapitient
1414 746 1608 817 [aciem
1642 747 1879 802 Domini.

2122 766 2207 804 rat
2237 749 2305 802 τὸ
2344 750 2671 818 πρόσωπον
2702 747 2921 814 Κυρίου
2967 744 3451 814 παντοκράτορος
3479 745 3550 799 ἐν
3594 746 3691 801 Ἶσο

2095 839 2446 912 ρουσαλὴμ,
2492 839 2590 893 καὶ
2638 838 2746 892 τοῦ
2799 826 3204 902 ἐξιλάσασθαι
3250 836 3316 889 τὸ
3369 838 3699 905 πρόσωπον

2105 938 2353 1007 Κυρίου.

494 1025 561 1081 L.
601 1025 965 1081 Convertenle
987 1022 1205 1080 Christo
1235 1023 1438 1080 luctum
1470 1034 1713 1080 nostrum
1764 1024 1816 1081 in
1875 1040 2008 1096 gau-

2178 1025 2259 1080 N'.
2304 1022 2794 1087 Μεταπλάττοντος
2822 1021 2914 1076 τοῦ
2947 1018 3184 1092 Χριστοῦ
3212 1020 3271 1073 τὸ
3313 1019 3506 1084 πένθος
3540 1023 3697 1092 ἡμῶν

415 1115 591 1181 dium,
614 1123 668 1171 et
732 1116 783 1169 in
832 1116 976 1168 diem
1015 1116 1236 1180 festum,
1264 1124 1318 1169 et
1369 1115 1423 1169 in
1480 1114 1695 1169 laetitias
1723 1115 1911 1197 bonas,
1953 1124 2009 1170 et

2122 1120 2187 1182 ai;
2217 1116 2417 1189 χαρὰν,
2453 1118 2549 1170 καὶ
2580 1118 2660 1179 είς
2688 1115 2903 1186 ἑορτὴν,
2935 1114 3032 1167 καὶ
3080 1112 3159 1176 εἰς
3194 1112 3537 1185 εὐφροσύνας
3565 1116 3701 1182 ἅγια

425 1208 782 1263 transferente
810 1207 862 1261 in
903 1205 1293 1274 jucunditatem
1348 1206 1603 1272 lamenta,
1653 1222 1757 1263 non
1783 1207 1894 1278 jam
1943 1207 2011 1263 de

2122 1210 2229 1275 ὒὰς,
2257 1211 2352 1263 καὶ
2398 1200 2761 1280 μεθιστῶντος
2812 1208 2893 1269 είς
2943 1203 3212 1275 θυμηδίαν
3250 1206 3376 1268 τοὺς
3410 1204 3700 1275 ὀδυρμοὺς,

423 1300 632 1355 vocatis
655 1299 722 1354 ad
758 1299 986 1354 salutem
1009 1298 1205 1369 singuli
1229 1299 1283 1353 in
1328 1300 1432 1355 fide
1465 1299 1747 1365 accedent,
1773 1308 1827 1354 et
1883 1314 2006 1354 cum

2122 1302 2171 1356 ait
2202 1301 2323 1356 καθ’
2356 1299 2453 1352 ἕνα
2480 1297 2689 1361 λοιπὸν,
2720 1294 2873 1365 φησι,
2906 1293 3014 1348 τῶν
3046 1292 3396 1362 καλουμένων
3419 1295 3500 1356 είς
3533 1311 3705 1365 σωτη-

426 1388 536 1444 Deo
586 1403 683 1458 per
716 1389 1200 1445 sanctilicationem
1240 1389 1657 1460 coujungentur,
1721 1391 1814 1445 sed
1873 1390 2010 1446 civi-

2122 1394 2235 1467 ρίαν
2266 1394 2300 1465 ἡ
2335 1394 2393 1446 ἐν
2429 1391 2613 1444 πίστει
2644 1386 2926 1460 πρόσοδος,
2961 1387 3058 1440 καὶ
3093 1389 3125 1458 ἡ
3163 1386 3298 1457 πρὸς
3329 1386 3460 1439 Θεὸν
3492 1387 3707 1440 οίκείω-

371 1540 374 1549 ,
426 1489 566 1537 tates
595 1480 737 1535 inter
764 1496 823 1536 se
859 1481 927 1535 ad
982 1481 1085 1537 hoc
1167 1480 1422 1552 deinceps
1479 1482 1859 1548 hortabantur,
1920 1496 2015 1538 ve-

2122 1504 2201 1552 σις
2249 1486 2314 1540 δι’
2348 1481 2659 1555 άγιασμοῦο
2714 1481 2828 1535 ἀλλ’
2860 1481 2915 1533 ai
2967 1480 3065 1551 μὲν
3119 1478 3306 1541 πόλεις
3358 1476 3595 1549 ἀλλήλας
3626 1479 3706 1542 είς

423 1573 681 1641 nientque
704 1573 1017 1628 catervatim
1049 1587 1239 1629 omnes
1268 1583 1476 1642 gentes,
1502 1574 1771 1642 prioribus
1799 1589 2014 1646 semper

421 1664 849 1720 acclamantibus
905 1664 996 1732 qui
1056 1665 1385 1733 posteriores
1439 1674 1585 1729 sunt,
1650 1682 1670 1716 s
1724 1662 1924 1720 Vadam
1959 1676 2015 1721 et

419 1770 543 1826 ego.
568 1773 587 1808 ι
615 1755 890 1825 Scriptum
905 1764 986 1810 est
1010 1755 1153 1809 enim
1180 1771 1195 1808 :
1227 1773 1245 1805 ι
1272 1755 1493 1810 Fet?qu
1515 1756 1718 1812 ferrum
1737 1759 1904 1821 acuit,
1929 1758 2014 1813 vir
2045 1739 2086 1794 Β

422 1856 607 1903 autem
636 1849 783 1902 acuit
815 1847 1010 1901 faciem
1039 1847 1263 1903 alterius
1282 1848 2015 1919 ".sScmpereuimaliorum

422 1939 684 1995 alacritas
706 1938 826 1994 aliis
840 1937 906 1993 ad
930 1940 1064 1994 bona
1089 1939 1450 1995 consectanda
1466 1940 2011 1997 stimulusinvenitur.

424 2027 556 2094 Quis
584 2038 667 2083 est
689 2042 817 2084 vero
850 2027 1094 2094 urbibus,
1123 2029 1241 2084 sive
1287 2029 1537 2100 gentibus
1588 2030 1711 2087 ﬁnis
1767 2032 2018 2102 proposi-

412 2115 546 2173 tus?
572 2119 873 2190 propitiare
898 2128 953 2174 et
982 2120 1269 2189 exquirere
1305 2118 1501 2176 faciem
1540 2122 1776 2190 Domini,
1808 2125 1909 2179 hoc
1931 2133 2019 2179 est

423 2211 720 2278 Christum,
753 2212 843 2282 qui
872 2220 957 2266 est
982 2213 1160 2283 imago
1190 2212 1466 2267 simillima
1488 2211 1583 2268 Dei
1645 2224 1700 2269 et
1735 2214 1918 2271 Patris
1942 2216 2014 2284 ",

433 2321 451 2354 ι
489 2311 541 2359 et
564 2302 734 2374 figura
773 2303 1095 2358 substantiae
1136 2304 1276 2374 ejus,
1307 2315 1364 2359 et
1391 2305 1647 2375 splendor
1677 2308 1861 2377 gloria:
1883 2309 1947 2371 θ’,
1990 2327 2010 2362 ι

426 2395 491 2450 dc
519 2411 627 2466 quo
654 2404 709 2450 et
737 2395 956 2451 divinus
992 2396 1197 2451 David:
1242 2416 1262 2449 ι
1299 2395 1514 2453 Faciem
1580 2408 1722 2453 tuam
1771 2398 2015 2456 illumina

426 2503 588 2557 Super
619 2502 831 2544 servum
863 2497 1012 2543 tuum
1033 2489 1099 2543 ⁶¹.
1133 2508 1152 2543 s
1211 2488 1543 2545 llluminavit
1595 2490 1738 2544 enim
1808 2506 1911 2560 pax
1961 2500 2018 2547 et

427 2581 615 2646 facies,
643 2591 703 2635 ut
733 2580 873 2645 dixi,
911 2580 1005 2636 Dei
1033 2590 1087 2636 et
1110 2580 1306 2647 Patris,
1344 2582 1520 2651 ipsum
1565 2580 1825 2637 habentes
1854 2582 2017 2638 bene-

428 2672 604 2727 volum
632 2687 696 2727 ac
736 2673 1067 2742 propitium;
1119 2684 1175 2729 et
1219 2675 1430 2745 peccati
1478 2690 1648 2729 noxas
1693 2674 2016 2745 repellamus

437 2764 761 2841 rjustilicati
796 2783 891 2839 per
951 2766 1110 2825 ﬁdem
1146 2786 1161 2825 :
1196 2786 1305 2827 non
1364 2785 1431 2826 ex
1493 2770 1748 2841 operibus
1793 2766 2017 2840 iustitia:

428 2877 549 2932 qua:
569 2860 794 2917 fecimus
824 2875 948 2926 nos,
982 2862 1077 2916 sed
1106 2860 1399 2917 secundum
1421 2876 1668 2931 magnam
1707 2861 2016 2916 misericor-

430 2952 574 3006 diam
603 2966 756 3006 suam
792 2951 861 3005 “.
897 2970 917 3004 ι
958 2951 1269 3009 Misericors
1311 2952 1456 3007 enim
1486 2962 1541 3008 et
1596 2953 1766 3006 bonus
1822 2964 1923 3017 cst,
1961 2962 2018 3007 et

430 3046 498 3098 ad
540 3057 601 3098 se
645 3042 1034 3097 accedentibus
1072 3050 1293 3112 peccata
1316 3043 1621 3098 dimittit".
1649 3043 1813 3112 728
1839 3042 2014 3113 Ipsum

430 3134 782 3200 exquirentes
806 3134 1091 3187 servandis
1114 3134 1295 3203 legum
1329 3133 1551 3189 sancitis
1608 3136 1829 3190 omnino
1866 3134 2018 3189 inve-

434 3220 637 3288 nimus,
658 3230 713 3276 et
788 3236 883 3291 per
934 3223 1110 3291 ipsum
1158 3221 1268 3279 Deo
1316 3237 1382 3278 ac
1429 3222 1576 3279 Patri
1637 3224 2011 3280 adhmremus:

446 3332 466 3366 ι
505 3313 624 3405 Ipse
653 3314 797 3370 enim
819 3323 901 3370 est
921 3329 1025 3385 pax
1054 3324 1239 3370 nostra
1269 3332 1288 3367 ›
1324 3314 1468 3386 quod
1492 3312 1786 3385 Scriptum
1811 3324 2018 3370 testan-

433 3411 521 3460 tur
545 3407 610 3462 “.

432 3452 911 3566 νενομισμένα,
946 3494 1127 3566 πάντη
1177 3512 1239 3550 τε
1301 3494 1399 3550 καὶ
1440 3490 1657 3561 πάντως
1694 3490 2058 3569 εὑρίσκομεν,

433 3586 542 3659 γὰρ
565 3586 729 3650 αὐτός
760 3588 908 3641 ἐστιν
933 3589 967 3659 ἡ
994 3588 1188 3660 είρήνη
1221 3588 1402 3660 ἡμῶν,
1436 3606 1457 3642 s
1485 3589 1631 3644 κατὰ
1656 3589 1757 3654 τὰς
1780 3590 2024 3662 Γραφάς.

509 3676 672 3733 Vsus.
711 3676 955 3732 25.1mm
1013 3679 1141 3733 dicit
1192 3679 1451 3735 Dominus
1519 3681 1846 3751 omnipotens
1879 3697 1899 3736 :
1965 3680 2035 3736 lu

2114 1580 2274 1633 τοῦτο
2320 1573 2719 1649 παροτρυνοῦσι
2761 1571 2948 1627 λοιπὸν
2974 1614 2988 1637 ,
3030 1571 3151 1642 ἥξει
3203 1570 3258 1623 δὲ
3309 1571 3451 1625 κατὰ
3497 1569 3708 1642 πληθὺν

2118 1671 2296 1724 πάντα
2329 1668 2399 1722 τὰ
2436 1667 2588 1738 ἔθνη,
2621 1667 2736 1729 τοῖς
2770 1666 2851 1728 είς
2878 1663 3035 1717 τοῦτο
3068 1663 3338 1733 φθάσασιν
3373 1662 3710 1731 ἐπιφωνούν-

2115 1779 2220 1816 των
2254 1761 2341 1816 ἀεὶ
2365 1760 2474 1815 τῶν
2511 1748 2781 1829 δευτέρων
2807 1758 2888 1823 τὸ,
2914 1774 2932 1807 ι
2956 1754 3301 1827 Πορεύσομαι
3339 1754 3514 1824 κάγώ.
3548 1774 3567 1806 ι
3614 1753 3710 1808 Γέ-

2117 1868 2359 1922 γραπται
2387 1849 2517 1922 γὰρ,
2556 1850 2638 1902 ὅτι
2675 1868 2694 1901 ι
2724 1847 2953 1918 Σίδηρος
2999 1846 3217 1916 σίδηρον
3250 1844 3447 1911 ὀξύνει,
3481 1844 3623 1916 ἀνὴρ
3651 1845 3709 1898 δὲ

2118 1938 2410 2011 παροξύνει
2444 1936 2737 2008 πρόσωπον
2771 1936 2981 2007 ἐτέρου.
3010 1955 3029 1986 ι
3069 1934 3423 2007 Παράκλησις
3451 1934 3561 2005 γὰρ
3620 1934 3708 1988 ἀεί

2117 2049 2235 2094 πως
2264 2030 2472 2102 ἑτέροις
2497 2030 2577 2093 είς
2612 2028 2675 2081 τὸ
2717 2030 2916 2099 χρῆναι
2942 2026 3184 2098 πληροῦν
3212 2026 3271 2079 τὸ
3302 2025 3530 2096 ἀγαθὸν,
3559 2026 3594 2098 ἧ
3622 2044 3706 2079 τιο
3796 2060 3801 2061 κ
3832 2082 3843 2092 ,

2116 2141 2224 2179 νων
2255 2122 2575 2194 εὑρίσκεται
2614 2120 2918 2192 προθυμία.
2952 2120 3049 2183 Τίς
3097 2118 3154 2172 δέ
3200 2117 3265 2190 δὴ
3308 2120 3430 2181 ταῖς
3466 2117 3704 2183 πόλεσιν,

2117 2214 2237 2285 ἧτοι
2254 2215 2368 2276 τοῖς
2386 2212 2622 2279 ἔθνεσιν,
2652 2214 2679 2265 ὁ
2699 2211 2902 2275 σκοπός
2924 2228 2939 2279 ;
2962 2210 3023 2264 τὸ
3048 2208 3402 2274 ἐξιλάσασθαί
3417 2225 3477 2261 τε
3495 2209 3587 2261 καὶ
3610 2209 3710 2260 ἐκ·

2117 2304 2349 2375 ζητῆσαι
2373 2303 2435 2357 τὸ
2463 2304 2760 2375 πρόσωπον
2790 2304 3019 2375 Κυρίου,
3047 2303 3318 2368 τουτέστι,
3360 2300 3616 2373 Χριστὸν,
3648 2301 3710 2365 ὃς

2116 2396 2266 2449 ἐστιν
2316 2394 2481 2449 εἰκὼν
2530 2395 2951 2468 ἀπαράλλακτος
3002 2394 3097 2448 τοῦ
3137 2394 3274 2449 Θεοῦ
3327 2396 3422 2449 καὶ
3472 2393 3707 2465 Πατρδς,

2123 2508 2142 2542 s
2171 2490 2265 2544 καὶ
2316 2488 2601 2561 χαρακτὴρ
2648 2488 2750 2559 τῆς
2801 2487 3154 2552 ὑποστάσεως
3190 2482 3380 2553 αὐτοῦ,
3430 2485 3575 2540 καθὰ
3615 2485 3711 2555 γέ-

2116 2599 2379 2654 γραπται,
2419 2584 2513 2635 καὶ
2551 2581 2896 2652 ἀπαύγασμα
2923 2582 3023 2652 τῆς
3063 2581 3243 2654 δόξης,
3274 2599 3294 2632 s
3326 2578 3456 2651 περὶ
3485 2573 3547 2633 οὗ
3576 2596 3710 2650 φησι

2118 2677 2213 2729 καὶ
2240 2677 2270 2729 ό
2300 2674 2587 2738 θεσπέσιος
2613 2673 2777 2727 Δαϐίδ
2797 2690 2810 2704 ³
2847 2692 2866 2725 ι
2902 2673 2976 2726 Τὸ
3002 2671 3291 2744 πρόσωπόν
3323 2687 3418 2723 σου
3449 2669 3710 2737 ἐπίφανον

2119 2766 2214 2819 ἐπὶ
2241 2765 2332 2821 τὸν
2354 2765 2537 2822 δοῦλόν
2565 2783 2681 2822 σου.
2708 2784 2727 2819 ι
2748 2765 3066 2838 Ἀπέλαμψε
3089 2764 3200 2837 γὰρ
3223 2766 3260 2835 ή
3287 2764 3503 2835 εἰρήνη,
3526 2758 3622 2815 καὶ
3651 2762 3712 2815 τὸ

2118 2861 2432 2934 πρόσωπον,
2472 2860 2549 2925 ὼς
2602 2860 2760 2931 ἔφην,
2801 2859 2895 2914 τοῦ
2942 2858 3080 2915 Θεοῦ
3132 2858 3229 2911 καὶ
3282 2854 3516 2927 Πατρός*
3547 2854 3712 2907 αὐτὸν

2120 2954 2333 3025 ἔχοντες
2381 2954 2586 3026 εὐμενῆ
2629 2956 2724 3008 καὶ
2756 2954 2937 3018 ἵλεων,
2966 2954 3062 3008 καὶ
3087 2953 3187 3023 τὴν
3216 2953 3280 3005 ἐκ
3307 2951 3404 3021 τῆς
3435 2942 3713 3021 ἁμαρτίας

2120 3044 2560 3116 διακρουσόμεθα
2610 3044 2815 3117 βλάϐην
2853 3063 2872 3097 ι
2899 3043 3268 3114 δικαιούμενοι
3317 3042 3405 3096 διὰ
3451 3041 3709 3105 πίστεως,

2122 3135 2223 3188 οὐκ
2254 3135 2314 3202 ἐξ
2340 3135 2516 3208 ἔργων
2544 3137 2890 3207 δικαιοσύνης
2919 3129 2991 3190 ὧν
3013 3137 3347 3207 ἐποιήσαμεν
3375 3126 3556 3205 ἡμεῖς,
3575 3132 3716 3189 ἀλλὰ

2119 3227 2263 3284 κατὰ
2304 3228 2437 3282 πολὺ
2489 3228 2654 3282 αὑτοῦ
2689 3228 2858 3292 ἔλεος.
2912 3249 2930 3281 s
2994 3226 3390 3298 Φιλοικτίρμων
3439 3224 3550 3295 γάρ
3597 3226 3715 3279 ἐστι

2123 3320 2219 3375 καὶ
2251 3320 2473 3391 ἀγαθὸς,
2508 3322 2601 3374 καὶ
2639 3320 2865 3391 ἀφίησιν
2893 3320 3218 3392 ἐγκλήματα
3257 3321 3368 3383 τοῖς
3397 3308 3715 3389 προσιοῦσιν

2128 3412 2294 3485 αὐτῷ.
2332 3412 2503 3466 Αὐτὸν
2547 3411 2903 3483 ἐκζητοῦντες
2953 3411 3040 3467 διὰ
3090 3411 3185 3465 τοῦ
3236 3411 3435 3483 χρῆναι
3473 3398 3715 3480 πληροῢν

2097 3503 2192 3556 καὶ
2234 3502 2299 3557 δι’
2329 3501 2496 3558 αὑτοῦ
2539 3502 2858 3574 κολλώμεθα
2921 3502 2998 3575 τῷ
3030 3502 3151 3574 Θεῷ
3180 3504 3275 3557 καὶ
3305 3500 3481 3572 Πατρί
3501 3518 3514 3532 ·
3558 3519 3577 3553 ι
3605 3499 3716 3554 Καὶ

2210 3678 2355 3735 Τάδε
2410 3678 2573 3751 λέγει
2633 3680 2849 3748 Κύριος
2903 3668 3326 3749 παντοκράτωρ
3351 3693 3366 3709 '
3429 3674 3531 3732 Ἔν
3586 3680 3716 3745 ταῖς

436 3766 618 3822 diebus
639 3767 746 3821 illis
765 3767 1151 3835 apprehenderat
1172 3769 1348 3825 decem
1364 3772 1466 3824 viri
1490 3788 1555 3826 ea:
1577 3774 1815 3827 omnibus
1840 3773 2026 3843 linguis

2131 3769 2382 3842 ἡμέραις
2430 3770 2692 3837 ἐκείναις
2738 3769 3141 3839 ἐπιλήψονται
3196 3761 3342 3823 δέκα
3386 3769 3603 3837 ἄνδρες
3646 3771 3716 3824 ἐκ

438 3859 765 3928 θεηιὶιιιικι
784 3860 1169 3928 apprelreudeut
1194 3859 1462 3927 [imbrium
1485 3865 1640 3917 unius
1669 3865 1894 3918 hominis
1934 3864 2035 3919 Ju-

438 3946 566 4009 daei,
596 3947 829 4002 dicentes
860 3962 879 4002 :
911 3946 1121 4003 Ibimus
1157 3958 1350 4018 tecum,
1378 3952 1506 4020 quia
1530 3951 1827 4007 audivimus
1889 3954 2031 4024 quod

439 4035 578 4092 Deus
600 4038 859 4094 uobiscum
882 4048 983 4096 est.

521 4217 606 4272 LI.
640 4218 884 4285 Quonam
919 4222 1076 4278 modo
1108 4238 1201 4294 per
1232 4225 1394 4281 nrbes
1421 4236 1475 4283 et
1518 4236 1706 4298 gentes
1748 4229 2022 4286 accessuri

2128 3863 2344 3918 πασῶν
2366 3862 2486 3917 τῶν
2513 3861 2812 3933 γλωσσῶν
2838 3862 2957 3915 τῶν
3001 3861 3214 3926 ἐθνῶν,
3252 3862 3351 3916 καί
3385 3863 3718 3931 ἐπιλήψονέ

2126 3974 2223 4011 ται
2256 3956 2362 4011 τοῦ
2399 3955 2745 4026 κρασπέδου
2778 3954 3001 4023 ἀνδρὸς
3037 3954 3349 4020 Ἰουδαίου,
3393 3956 3677 4025 λέγοντες
3698 3972 3714 3986 ο

2131 4049 2555 4119 Πορευσόμεοα
2593 4051 2747 4118 μετὰ
2788 4048 2926 4112 σοῦ,
2962 4035 3113 4101 διότι
3156 4047 3503 4119 ἀκηκόαμεν
3556 4041 3644 4103 ὅτι
3683 4051 3717 4102 ό

2134 4142 2278 4207 Θεὸς
2300 4142 2429 4211 μεθ’
2461 4140 2630 4209 ὑμῶν
2655 4138 2846 4194 ἐστιν.

2202 4235 2333 4289 NA'.
2374 4233 2507 4288 Τίνα
2558 4232 2622 4303 δὴ
2664 4232 2867 4305 τρόπον
2916 4234 2950 4303 ἡ
2996 4230 3138 4285 κατὰ
3169 4222 3352 4294 πόλεις
3374 4240 3432 4283 τε
3457 4221 3594 4301 ὁμοῦ
3624 4230 3719 4283 καὶ

440 4310 550 4366 sint
570 4322 880 4381 quaerentes
897 4312 1094 4370 faciem
1129 4315 1362 4386 Domini,
1382 4335 1596 4375 rursum
1650 4320 1909 4377 declarat.
1939 4321 2026 4376 ln-

2132 4326 2260 4399 ἐθνη
2291 4327 2579 4397 γενήσεται
2607 4314 2869 4397 πρόσοδος
2893 4323 3003 4378 τῶν
3035 4323 3435 4395 ἐπιζητούντων
3466 4323 3528 4376 τὸ
3552 4317 3718 4394 πρόσ-

442 4401 561 4474 quit
581 4403 748 4470 enim,
778 4424 798 4457 ι
836 4405 955 4461 Erit
986 4407 1039 4462 iu
1072 4410 1264 4467 diebus
1286 4410 1414 4478 illis,
1451 4431 1471 4466 ι
1516 4413 1619 4470 hoc
1641 4424 1726 4471 est
1770 4415 1862 4471 illo
1893 4423 2035 4472 tent-

445 4512 596 4568 pore,
633 4501 848 4569 quando
884 4519 904 4554 ι
946 4503 1359 4573 apprehendent
1387 4508 1573 4563 decem
1611 4509 1714 4563 viri
1764 4525 1926 4563 unum
1945 4506 2032 4563 Ju-

444 4585 640 4651 daeum,
684 4588 927 4646 dicentes
975 4605 991 4642 :
1046 4590 1249 4648 Ibimus
1295 4602 1494 4650 tecum;
1523 4613 1544 4647 ι
1602 4595 1706 4650 Per
1751 4598 2031 4653 denarium

445 4676 742 4745 perfectura
777 4681 1152 4738 accedentium
1191 4700 1477 4741 numerum
1527 4686 1765 4755 intelligo
1799 4705 1815 4743 :
1853 4687 2030 4758 perfe-

445 4767 640 4824 Ctionis
664 4768 807 4825 enim
833 4771 1135 4841 symbolum
1168 4784 1252 4829 est
1276 4776 1365 4832 hic
1390 4778 1827 4845 numerus.Quod
1850 4788 2030 4835 autem

445 4860 649 4915 sanctis
688 4861 946 4931 apostolis
982 4866 1327 4935 exstantibus
1379 4869 1721 4926 adhaerentes
1780 4871 2027 4926 eamdem

446 4966 566 5005 cum
601 4951 705 5008 illis
729 4954 871 5009 viam
907 4958 1188 5013 ambulare
1227 4959 1580 5027 instituerint,
1615 4960 1898 5031 iustiﬁcati
1935 4978 2033 5033 per

448 5038 605 5096 fidem
649 5042 699 5097 in
717 5040 935 5101 Christo
962 5046 1030 5112 ",
1064 5048 1349 5105 manifeste
1376 5052 1634 5117 ostendit,
1686 5052 1855 5123 ipsam
1916 5054 2028 5110 for-

450 5148 615 5199 tnam,
647 5149 740 5190 seu
769 5147 997 5205 gestum,
1029 5148 1087 5191 ut
1111 5154 1177 5193 ex
1207 5139 1442 5211 imagine
1475 5143 1885 5201 accuratissime
1913 5143 2028 5201 eili-

446 5234 589 5279 ctam
611 5226 913 5297 proferens.
947 5228 1103 5284 Parvi
1139 5231 1282 5285 enim
1315 5233 1467 5301 pueri
1493 5249 1880 5305 nonnunquam
1932 5250 2028 5305 pa-

452 5323 585 5369 trem
618 5319 770 5390 sequi
793 5321 1114 5391 gestientes,
1143 5327 1539 5394 comprehensa
1563 5343 1660 5382 ora
1694 5328 1860 5383 vestis
1886 5328 2028 5398 ejus,

451 5404 556 5461 illis
589 5411 817 5469 tactibus
835 5414 979 5471 velut
1004 5414 1199 5487 adiuti,
1227 5425 1281 5472 ct
1316 5432 1345 5470 a
1403 5426 1555 5473 veste
1615 5420 1931 5489 pendentes,
1960 5422 2032 5477 ci-

1150 5500 1187 5529 Χ-

526 5604 978 5683 δξ-Ριοονληξχινιι,
1022 5617 1100 5668 i7.
1216 5617 1258 5651 ⁸³
1299 5616 1341 5671 ll
1369 5619 1495 5673 Cor.
1524 5634 1598 5683 tv,
1627 5621 1679 5675 Δ.

452 5688 511 5743 tr,
558 5676 638 5729 15.
718 5678 761 5708 ⁸³
788 5678 982 5749 Epltes.
1018 5702 1080 5746 lt,
1106 5687 1189 5740 Η.
1268 5690 1314 5719 ⁵⁸
1350 5688 1504 5744 lion).
1543 5676 1596 5758 γ,
1648 5695 1693 5746 l.

1794 5623 1837 5654 “
1880 5622 2048 5679 llxbt‘.
2088 5642 2125 5689 l,
2162 5628 2212 5683 5.

2132 4433 2281 4470 ωπον
2307 4417 2535 4490 Κυρίου,
2571 4417 2849 4488 διατρανοί
2882 4417 3064 4471 πάλιν.
3105 4417 3334 4469 «Ἔσται
3364 4415 3493 4487 γὰρ,
3529 4416 3716 4486 φησὶν,

2130 4509 2191 4561 ἐν
2237 4511 2359 4573 ταῖς
2407 4509 2644 4581 ἡμέραις
2686 4508 2945 4573 ἐκείναις,
2980 4528 2999 4561 ι
3055 4509 3340 4572 τουτέστι,
3394 4508 3514 4563 κατ’
3543 4509 3721 4562 ἐκεῖνο

2130 4600 2456 4671 καιροῦ,ὅτε
2485 4620 2503 4652 s
2534 4601 2892 4671 ἐπιλήψονται
2919 4600 3051 4655 δέκα
3072 4600 3263 4672 ἄνδρες
3294 4598 3411 4664 ἑνὸς
3436 4599 3718 4661 Ἰουδαίου,

2130 4689 2416 4760 λέγοντες·
2471 4692 2862 4766 Πορευσόμεθα
2909 4692 3049 4764 μετὰ
3098 4691 3211 4746 σοῦ.
3253 4710 3271 4743 ι
3329 4689 3429 4744 Διὰ
3478 4690 3579 4761 μὲν
3627 4686 3720 4743 οὖν

2129 4782 2238 4836 τῶν
2278 4782 2410 4835 δέκα
2447 4782 2537 4835 τὸν
2583 4784 2790 4839 τέλειον
2819 4783 2927 4837 τῶν
2964 4785 3297 4855 προσιόντων
3338 4784 3554 4855 νοήσεις
3598 4784 3715 4854 ἀρι-

2130 4872 2304 4943 θεόν’
2358 4873 2694 4946 τελειότητος
2749 4875 2860 4945 γὰρ
2918 4876 3186 4948 σύμϐολον
3227 4877 3256 4929 ό
3296 4875 3523 4939 δέκατός
3572 4877 3722 4928 ἐστιν

2128 4964 2513 5037 ἁριθμός.“οτι
2544 4966 2602 5019 δὲ
2627 4969 2736 5031 τοῖς
2767 4968 2944 5037 ἁγίοις
2991 4967 3313 5034 ἀποστόλοις
3360 4971 3410 5022 oi
3450 4967 3508 5035 ἐξ
3549 4966 3719 5021 ἐθνῶν

2128 5056 2457 5128 κολλώμενοι
2495 5057 2593 5130 τὴν
2619 5059 2789 5133 αὐτὴν
2822 5060 3014 5134 ὥσπερ
3040 5061 3270 5127 ἐκείνοις
3318 5060 3557 5134 βαδίζειν
3603 5058 3721 5113 ιδζν

2134 5150 2447 5223 ἐπεχείρουν
2476 5151 2844 5226 δικαιούμενοι
2882 5155 2969 5210 διὰ
2998 5154 3234 5219 πίστεως
3259 5155 3356 5227 τῆς
3386 5155 3444 5207 ἐν
3474 5152 3719 5225 Χριστῷ.

2135 5244 2458 5313 καθίστησιν
2512 5247 2763 5316 ἐναργὲς,
2805 5251 2899 5303 καὶ
2946 5250 3006 5302 τὸ
3058 5248 3245 5320 σχῆμα
3291 5247 3499 5318 λέγων,
3536 5246 3613 5310 ὡς
3664 5245 3724 5310 ἐξ

2137 5336 2344 5401 εἰκόνος
2372 5337 2844 5411 διαπεπλασμένον
2874 5336 2933 5395 εὖ
2971 5342 3137 5413 μάλα.
3162 5342 3227 5394 Οἱ
3265 5339 3375 5411 γὰρ
3407 5337 3594 5410 μικροὶ
3614 5336 3722 5390 τῶν

2139 5423 2341 5479 παίδων
2374 5427 2434 5481 ἐν
2471 5431 2579 5493 τοῖς
2611 5430 2764 5496 ἰδίοις
2793 5432 3064 5505 πατράσιν
3088 5430 3292 5486 ἓλοιντό
3321 5446 3451 5484 ποτε
3479 5445 3719 5483 κατακε-

2293 5629 2334 5659 ⁶¹
2368 5627 2511 5684 Psal.
2542 5645 2733 5698 cxvrrr,
2767 5632 2888 5687 145.
2965 5632 3010 5663 ⁸⁵
3031 5631 3138 5688 Tit.
3184 5648 3264 5697 ιιι,
3310 5630 3425 5687 5-7.
3508 5630 3552 5660 ⁸³
3587 5626 3707 5686 Joel
