  <div class='ocr_page' id='page_1' title='image "/cluster/home/n/w/nwhite01/storage/ocr_20150623/72/hvd.32044073502015/072.png"; bbox 0 0 4092 6202; ppageno 0'>
   <div class='ocr_carea' id='block_1_1' title="bbox 379 251 481 308">
    <p class='ocr_par' dir='ltr' id='par_1_1' title="bbox 379 251 481 308">
     <span class='ocr_line' id='line_1_1' title="bbox 379 251 481 308; baseline -0.029 -1"><span class='ocrx_word' id='word_1_1' title='bbox 379 251 481 308; x_wconf 70' lang='grc'><strong>133</strong></span> 
     </span>
    </p>
   </div>
   <div class='ocr_carea' id='block_1_2' title="bbox 1239 238 2845 303">
    <p class='ocr_par' dir='ltr' id='par_1_2' title="bbox 1239 238 2845 303">
     <span class='ocr_line' id='line_1_2' title="bbox 1239 238 2845 303; baseline 0.001 -4"><span class='ocrx_word' id='word_1_2' title='bbox 1239 242 1800 303; x_wconf 70' lang='lat' dir='ltr'><strong>COMMENTARIUS</strong></span> <span class='ocrx_word' id='word_1_3' title='bbox 1837 242 1904 299; x_wconf 76' lang='lat' dir='ltr'><strong>IN</strong></span> <span class='ocrx_word' id='word_1_4' title='bbox 1942 239 2350 299; x_wconf 66' lang='lat' dir='ltr'><strong>ZACIIANAM</strong></span> <span class='ocrx_word' id='word_1_5' title='bbox 2389 238 2845 300; x_wconf 79' lang='lat' dir='ltr'><strong>PROPHETAM.</strong></span> 
     </span>
    </p>
   </div>
   <div class='ocr_carea' id='block_1_3' title="bbox 3550 242 3652 298">
    <p class='ocr_par' dir='ltr' id='par_1_3' title="bbox 3550 242 3652 298">
     <span class='ocr_line' id='line_1_3' title="bbox 3550 242 3652 298; baseline 0.01 -2"><span class='ocrx_word' id='word_1_6' title='bbox 3550 242 3652 298; x_wconf 64' lang='lat' dir='ltr'><strong>I55</strong></span> 
     </span>
    </p>
   </div>
   <div class='ocr_carea' id='block_1_4' title="bbox 368 349 1991 431">
    <p class='ocr_par' dir='ltr' id='par_1_4' title="bbox 368 349 1969 431">
     <span class='ocr_line' id='line_1_4' title="bbox 368 349 1969 431; baseline -0.006 -13"><span class='ocrx_word' id='word_1_7' title='bbox 368 363 604 427; x_wconf 82' lang='grc' dir='ltr'>λονθετν,</span> <span class='ocrx_word' id='word_1_8' title='bbox 635 356 1062 431; x_wconf 77' lang='grc' dir='ltr'>ὲπιδραξάμενοι</span> <span class='ocrx_word' id='word_1_9' title='bbox 1103 354 1198 409; x_wconf 83' lang='grc' dir='ltr'><strong>τοῦ</strong></span> <span class='ocrx_word' id='word_1_10' title='bbox 1230 356 1561 427; x_wconf 83' lang='grc' dir='ltr'>κρασπέδου,</span> <span class='ocrx_word' id='word_1_11' title='bbox 1596 349 1706 407; x_wconf 72' lang='grc' dir='ltr'>οἷον</span> <span class='ocrx_word' id='word_1_12' title='bbox 1740 354 1969 411; x_wconf 76' lang='grc' dir='ltr'>ὲπικου-.</span> 
     </span>
    </p>
   </div>
   <div class='ocr_carea' id='block_1_5' title="bbox 2073 349 3659 431">
    <p class='ocr_par' dir='ltr' id='par_1_5' title="bbox 2073 350 3659 423">
     <span class='ocr_line' id='line_1_5' title="bbox 2073 350 3659 423; baseline 0.001 -15"><span class='ocrx_word' id='word_1_13' title='bbox 2073 362 2154 408; x_wconf 90' lang='lat' dir='ltr'><strong>tra</strong></span> <span class='ocrx_word' id='word_1_14' title='bbox 2181 367 2423 408; x_wconf 87' lang='lat' dir='ltr'><strong>errorem</strong></span> <span class='ocrx_word' id='word_1_15' title='bbox 2460 352 2870 423; x_wconf 83' lang='lat' dir='ltr'><strong>periculumque</strong></span> <span class='ocrx_word' id='word_1_16' title='bbox 2904 350 3242 423; x_wconf 81' lang='lat' dir='ltr'><strong>gradiuntur.</strong></span> <span class='ocrx_word' id='word_1_17' title='bbox 3292 350 3494 410; x_wconf 81' lang='lat' dir='ltr'><strong>Eodem</strong></span> <span class='ocrx_word' id='word_1_18' title='bbox 3543 370 3659 411; x_wconf 80' lang='lat' dir='ltr'><strong>mo-</strong></span> 
     </span>
    </p>
   </div>
   <div class='ocr_carea' id='block_1_6' title="bbox 374 445 1968 528">
    <p class='ocr_par' dir='ltr' id='par_1_6' title="bbox 374 445 1968 528">
     <span class='ocr_line' id='line_1_6' title="bbox 374 445 1968 528; baseline -0.004 -21"><span class='ocrx_word' id='word_1_19' title='bbox 374 453 635 528; x_wconf 78' lang='grc' dir='ltr'>ρούμενοι</span> <span class='ocrx_word' id='word_1_20' title='bbox 658 453 780 515; x_wconf 83' lang='grc' dir='ltr'>ταῖς</span> <span class='ocrx_word' id='word_1_21' title='bbox 805 451 990 519; x_wconf 79' lang='grc' dir='ltr'>ἁφαῖς,</span> <span class='ocrx_word' id='word_1_22' title='bbox 1021 448 1116 502; x_wconf 76' lang='grc' dir='ltr'>καὶ</span> <span class='ocrx_word' id='word_1_23' title='bbox 1143 446 1251 501; x_wconf 91' lang='grc' dir='ltr'><strong>τῶν</strong></span> <span class='ocrx_word' id='word_1_24' title='bbox 1278 447 1604 517; x_wconf 72' lang='grc' dir='ltr'><strong>ἐσθημάτων</strong></span> <span class='ocrx_word' id='word_1_25' title='bbox 1637 445 1968 518; x_wconf 81' lang='grc' dir='ltr'>ἀπαρτώμε-</span> 
     </span>
    </p>
   </div>
   <div class='ocr_carea' id='block_1_7' title="bbox 369 536 1964 613">
    <p class='ocr_par' dir='ltr' id='par_1_7' title="bbox 369 536 1964 613">
     <span class='ocr_line' id='line_1_7' title="bbox 369 536 1964 613; baseline -0.003 -17"><span class='ocrx_word' id='word_1_26' title='bbox 369 563 455 598; x_wconf 74' lang='grc' dir='ltr'><strong>νοι</strong></span> <span class='ocrx_word' id='word_1_27' title='bbox 512 542 727 613; x_wconf 78' lang='grc' dir='ltr'>ἀπλανῆ</span> <span class='ocrx_word' id='word_1_28' title='bbox 784 558 845 595; x_wconf 80' lang='grc' dir='ltr'><strong>τε</strong></span> <span class='ocrx_word' id='word_1_29' title='bbox 894 538 990 592; x_wconf 82' lang='grc' dir='ltr'>καὶ</span> <span class='ocrx_word' id='word_1_30' title='bbox 1033 536 1253 609; x_wconf 85' lang='grc' dir='ltr'>ἀσφαλῆ</span> <span class='ocrx_word' id='word_1_31' title='bbox 1295 537 1702 609; x_wconf 79' lang='grc' dir='ltr'>ποιοῦνταιτὴν</span> <span class='ocrx_word' id='word_1_32' title='bbox 1734 536 1964 607; x_wconf 79' lang='grc' dir='ltr'><strong>βάδισιν.</strong></span> 
     </span>
    </p>
   </div>
   <div class='ocr_carea' id='block_1_8' title="bbox 371 627 1965 703">
    <p class='ocr_par' dir='ltr' id='par_1_8' title="bbox 371 627 1965 703">
     <span class='ocr_line' id='line_1_8' title="bbox 371 627 1965 703; baseline -0.006 -13"><span class='ocrx_word' id='word_1_33' title='bbox 371 635 532 691; x_wconf 81' lang='grc' dir='ltr'>Κατά</span> <span class='ocrx_word' id='word_1_34' title='bbox 560 635 649 688; x_wconf 84' lang='grc' dir='ltr'>τὸν</span> <span class='ocrx_word' id='word_1_35' title='bbox 679 635 815 699; x_wconf 84' lang='grc' dir='ltr'>ίσον,</span> <span class='ocrx_word' id='word_1_36' title='bbox 844 627 1023 703; x_wconf 78' lang='grc' dir='ltr'>οἶμαι,</span> <span class='ocrx_word' id='word_1_37' title='bbox 1057 630 1259 702; x_wconf 81' lang='grc' dir='ltr'><strong>τρόπον</strong></span> <span class='ocrx_word' id='word_1_38' title='bbox 1289 629 1384 683; x_wconf 77' lang='grc' dir='ltr'>καὶ</span> <span class='ocrx_word' id='word_1_39' title='bbox 1411 631 1458 683; x_wconf 88' lang='grc' dir='ltr'><strong>οἰ</strong></span> <span class='ocrx_word' id='word_1_40' title='bbox 1484 631 1552 702; x_wconf 74' lang='grc' dir='ltr'>τῇ</span> <span class='ocrx_word' id='word_1_41' title='bbox 1588 628 1762 683; x_wconf 81' lang='grc' dir='ltr'>κτίσει</span> <span class='ocrx_word' id='word_1_42' title='bbox 1807 627 1965 681; x_wconf 82' lang='grc' dir='ltr'>λελα-</span> 
     </span>
    </p>
   </div>
   <div class='ocr_carea' id='block_1_9' title="bbox 368 719 1966 801">
    <p class='ocr_par' dir='ltr' id='par_1_9' title="bbox 368 719 1966 801">
     <span class='ocr_line' id='line_1_9' title="bbox 368 719 1966 801; baseline -0.005 -20"><span class='ocrx_word' id='word_1_43' title='bbox 368 727 661 801; x_wconf 87' lang='grc' dir='ltr'>τρευκότες</span> <span class='ocrx_word' id='word_1_44' title='bbox 693 727 849 795; x_wconf 82' lang='grc' dir='ltr'><strong>παρά</strong></span> <span class='ocrx_word' id='word_1_45' title='bbox 889 724 981 777; x_wconf 74' lang='grc' dir='ltr'><strong>τὸν</strong></span> <span class='ocrx_word' id='word_1_46' title='bbox 1005 721 1115 776; x_wconf 89' lang='grc' dir='ltr'><strong>τῶν</strong></span> <span class='ocrx_word' id='word_1_47' title='bbox 1161 721 1300 776; x_wconf 89' lang='grc' dir='ltr'>δλων</span> <span class='ocrx_word' id='word_1_48' title='bbox 1326 721 1691 793; x_wconf 83' lang='grc' dir='ltr'>Δημιουργὸν,</span> <span class='ocrx_word' id='word_1_49' title='bbox 1725 719 1966 792; x_wconf 82' lang='grc' dir='ltr'>πατέρας</span> 
     </span>
    </p>
   </div>
   <div class='ocr_carea' id='block_1_10' title="bbox 375 812 1966 891">
    <p class='ocr_par' dir='ltr' id='par_1_10' title="bbox 375 812 1966 891">
     <span class='ocr_line' id='line_1_10' title="bbox 375 812 1966 891; baseline -0.006 -18"><span class='ocrx_word' id='word_1_50' title='bbox 375 818 626 891; x_wconf 73' lang='grc' dir='ltr'><strong>γνησίους</strong></span> <span class='ocrx_word' id='word_1_51' title='bbox 665 815 1100 887; x_wconf 77' lang='grc' dir='ltr'><strong>ἐπιγραφόμενοι</strong></span> <span class='ocrx_word' id='word_1_52' title='bbox 1137 814 1263 877; x_wconf 71' lang='grc' dir='ltr'>τοὺς</span> <span class='ocrx_word' id='word_1_53' title='bbox 1297 814 1405 868; x_wconf 85' lang='grc' dir='ltr'><strong>τῶν</strong></span> <span class='ocrx_word' id='word_1_54' title='bbox 1427 812 1800 881; x_wconf 80' lang='grc' dir='ltr'>εύαγγελικῶν</span> <span class='ocrx_word' id='word_1_55' title='bbox 1844 812 1966 881; x_wconf 90' lang='grc' dir='ltr'>δογ-</span> 
     </span>
    </p>
   </div>
   <div class='ocr_carea' id='block_1_11' title="bbox 371 902 1960 983">
    <p class='ocr_par' dir='ltr' id='par_1_11' title="bbox 371 902 1960 983">
     <span class='ocr_line' id='line_1_11' title="bbox 371 902 1960 983; baseline -0.005 -18"><span class='ocrx_word' id='word_1_56' title='bbox 371 912 560 983; x_wconf 83' lang='grc' dir='ltr'>μάτων</span> <span class='ocrx_word' id='word_1_57' title='bbox 596 907 920 980; x_wconf 81' lang='grc' dir='ltr'>εἰσηγητὰς,</span> <span class='ocrx_word' id='word_1_58' title='bbox 958 905 1054 960; x_wconf 79' lang='grc' dir='ltr'>καὶ</span> <span class='ocrx_word' id='word_1_59' title='bbox 1097 904 1495 976; x_wconf 88' lang='grc' dir='ltr'>συναπτόμενοι</span> <span class='ocrx_word' id='word_1_60' title='bbox 1528 904 1593 958; x_wconf 88' lang='grc' dir='ltr'><strong>δι’</strong></span> <span class='ocrx_word' id='word_1_61' title='bbox 1634 902 1960 975; x_wconf 68' lang='grc' dir='ltr'>ὁμοιινυχίας,</span> 
     </span>
    </p>
   </div>
   <div class='ocr_carea' id='block_1_12' title="bbox 369 994 1967 1069">
    <p class='ocr_par' dir='ltr' id='par_1_12' title="bbox 369 994 1967 1069">
     <span class='ocr_line' id='line_1_12' title="bbox 369 994 1967 1069; baseline -0.005 -13"><span class='ocrx_word' id='word_1_62' title='bbox 369 1001 597 1056; x_wconf 74' lang='grc' dir='ltr'>ἕπονταί</span> <span class='ocrx_word' id='word_1_63' title='bbox 629 1018 692 1054; x_wconf 82' lang='grc' dir='ltr'><strong>τε</strong></span> <span class='ocrx_word' id='word_1_64' title='bbox 718 1000 922 1063; x_wconf 82' lang='grc' dir='ltr'>αὐτοῖς,</span> <span class='ocrx_word' id='word_1_65' title='bbox 960 997 1319 1069; x_wconf 76' lang='grc' dir='ltr'>νηπιάζοντες</span> <span class='ocrx_word' id='word_1_66' title='bbox 1358 994 1438 1049; x_wconf 79' lang='grc' dir='ltr'>ἔτι</span> <span class='ocrx_word' id='word_1_67' title='bbox 1470 995 1569 1060; x_wconf 75' lang='grc' dir='ltr'><strong>τὰς</strong></span> <span class='ocrx_word' id='word_1_68' title='bbox 1600 994 1842 1067; x_wconf 77' lang='grc' dir='ltr'>γνώμας,</span> <span class='ocrx_word' id='word_1_69' title='bbox 1874 995 1967 1048; x_wconf 73' lang='grc' dir='ltr'>καὶ</span> 
     </span>
    </p>
   </div>
   <div class='ocr_carea' id='block_1_13' title="bbox 371 1087 1966 1164">
    <p class='ocr_par' dir='ltr' id='par_1_13' title="bbox 371 1087 1966 1164">
     <span class='ocr_line' id='line_1_13' title="bbox 371 1087 1966 1164; baseline -0.005 -16"><span class='ocrx_word' id='word_1_70' title='bbox 371 1096 454 1159; x_wconf 85' lang='grc' dir='ltr'><strong>εἰς</strong></span> <span class='ocrx_word' id='word_1_71' title='bbox 497 1094 602 1164; x_wconf 73' lang='grc' dir='ltr'>τὴν</span> <span class='ocrx_word' id='word_1_72' title='bbox 648 1092 840 1164; x_wconf 82' lang='grc' dir='ltr'><strong>ὁμοίαν</strong></span> <span class='ocrx_word' id='word_1_73' title='bbox 891 1091 1062 1144; x_wconf 78' lang='grc' dir='ltr'><strong>ἵενται</strong></span> <span class='ocrx_word' id='word_1_74' title='bbox 1092 1089 1300 1161; x_wconf 75' lang='grc' dir='ltr'>τρίϐον,</span> <span class='ocrx_word' id='word_1_75' title='bbox 1329 1087 1567 1159; x_wconf 80' lang='grc' dir='ltr'>ζηλωταί</span> <span class='ocrx_word' id='word_1_76' title='bbox 1602 1105 1701 1142; x_wconf 86' lang='grc' dir='ltr'><strong>που</strong></span> <span class='ocrx_word' id='word_1_77' title='bbox 1749 1088 1966 1150; x_wconf 64' lang='grc' dir='ltr'>«πάντως</span> 
     </span>
    </p>
   </div>
   <div class='ocr_carea' id='block_1_14' title="bbox 371 1177 1967 1253">
    <p class='ocr_par' dir='ltr' id='par_1_14' title="bbox 371 1177 1967 1253">
     <span class='ocr_line' id='line_1_14' title="bbox 371 1177 1967 1253; baseline -0.006 -15"><span class='ocrx_word' id='word_1_78' title='bbox 371 1182 822 1253; x_wconf 69' lang='grc' dir='ltr'><strong>ἀναδεικνύμενα</strong></span> <span class='ocrx_word' id='word_1_79' title='bbox 869 1181 969 1250; x_wconf 76' lang='grc' dir='ltr'>τῆς</span> <span class='ocrx_word' id='word_1_80' title='bbox 1022 1178 1203 1236; x_wconf 82' lang='grc' dir='ltr'>αὐτῶν</span> <span class='ocrx_word' id='word_1_81' title='bbox 1250 1178 1546 1244; x_wconf 75' lang='grc' dir='ltr'><strong>πολιτείας,</strong></span> <span class='ocrx_word' id='word_1_82' title='bbox 1577 1178 1671 1232; x_wconf 78' lang='grc' dir='ltr'>καὶ</span> <span class='ocrx_word' id='word_1_83' title='bbox 1720 1179 1840 1243; x_wconf 87' lang='grc' dir='ltr'>ταῖς</span> <span class='ocrx_word' id='word_1_84' title='bbox 1879 1177 1967 1230; x_wconf 68' lang='grc' dir='ltr'><strong>ἀεὶ</strong></span> 
     </span>
    </p>
   </div>
   <div class='ocr_carea' id='block_1_15' title="bbox 370 1270 1967 1347">
    <p class='ocr_par' dir='ltr' id='par_1_15' title="bbox 370 1270 1967 1347">
     <span class='ocr_line' id='line_1_15' title="bbox 370 1270 1967 1347; baseline -0.005 -17"><span class='ocrx_word' id='word_1_85' title='bbox 370 1275 510 1347; x_wconf 74' lang='grc' dir='ltr'>πρὸς</span> <span class='ocrx_word' id='word_1_86' title='bbox 543 1276 605 1329; x_wconf 83' lang='grc' dir='ltr'>τὸ</span> <span class='ocrx_word' id='word_1_87' title='bbox 631 1276 853 1346; x_wconf 70' lang='grc' dir='ltr'>ἄμεινον</span> <span class='ocrx_word' id='word_1_88' title='bbox 884 1272 1193 1327; x_wconf 80' lang='grc' dir='ltr'>ὲπιδόσεσιν</span> <span class='ocrx_word' id='word_1_89' title='bbox 1242 1290 1259 1323; x_wconf 82' lang='grc' dir='ltr'><strong>ι</strong></span> <span class='ocrx_word' id='word_1_90' title='bbox 1288 1273 1369 1335; x_wconf 82' lang='grc' dir='ltr'><strong>είς</strong></span> <span class='ocrx_word' id='word_1_91' title='bbox 1398 1270 1565 1342; x_wconf 78' lang='grc' dir='ltr'>ἄνδρα</span> <span class='ocrx_word' id='word_1_92' title='bbox 1597 1270 1802 1323; x_wconf 86' lang='grc' dir='ltr'>τέλειον</span> <span class='ocrx_word' id='word_1_93' title='bbox 1835 1270 1967 1322; x_wconf 86' lang='grc' dir='ltr'>ἀνα-</span> 
     </span>
    </p>
   </div>
   <div class='ocr_carea' id='block_1_16' title="bbox 369 1359 1965 1435">
    <p class='ocr_par' dir='ltr' id='par_1_16' title="bbox 369 1359 1965 1435">
     <span class='ocr_line' id='line_1_16' title="bbox 369 1359 1965 1435; baseline -0.004 -16"><span class='ocrx_word' id='word_1_94' title='bbox 369 1365 671 1430; x_wconf 79' lang='grc' dir='ltr'>ϐαίνοντες,</span> <span class='ocrx_word' id='word_1_95' title='bbox 707 1364 803 1418; x_wconf 71' lang='grc' dir='ltr'>καὶ</span> <span class='ocrx_word' id='word_1_96' title='bbox 848 1365 928 1427; x_wconf 90' lang='grc' dir='ltr'><strong>εἰς</strong></span> <span class='ocrx_word' id='word_1_97' title='bbox 968 1362 1166 1435; x_wconf 80' lang='grc' dir='ltr'>μέτρον</span> <span class='ocrx_word' id='word_1_98' title='bbox 1196 1362 1412 1433; x_wconf 70' lang='grc' dir='ltr'>ἡλικίας</span> <span class='ocrx_word' id='word_1_99' title='bbox 1456 1359 1552 1415; x_wconf 90' lang='grc' dir='ltr'><strong>τοῦ</strong></span> <span class='ocrx_word' id='word_1_100' title='bbox 1598 1360 1965 1432; x_wconf 78' lang='grc' dir='ltr'>πληρώματος</span> 
     </span>
    </p>
   </div>
   <div class='ocr_carea' id='block_1_17' title="bbox 366 1452 1964 1530">
    <p class='ocr_par' dir='ltr' id='par_1_17' title="bbox 366 1452 1964 1530">
     <span class='ocr_line' id='line_1_17' title="bbox 366 1452 1964 1530; baseline -0.005 -18"><span class='ocrx_word' id='word_1_101' title='bbox 366 1459 466 1512; x_wconf 89' lang='grc' dir='ltr'><strong>τοῦ</strong></span> <span class='ocrx_word' id='word_1_102' title='bbox 505 1452 767 1530; x_wconf 81' lang='grc' dir='ltr'>Χριστοῦ.</span> <span class='ocrx_word' id='word_1_103' title='bbox 802 1475 820 1505; x_wconf 78' lang='grc' dir='ltr'><strong>ι</strong></span> <span class='ocrx_word' id='word_1_104' title='bbox 852 1454 1115 1510; x_wconf 83' lang='grc' dir='ltr'>Ἔπονται</span> <span class='ocrx_word' id='word_1_105' title='bbox 1161 1455 1218 1509; x_wconf 84' lang='grc' dir='ltr'>δὲ</span> <span class='ocrx_word' id='word_1_106' title='bbox 1265 1454 1355 1510; x_wconf 78' lang='grc' dir='ltr'><strong>διὰ</strong></span> <span class='ocrx_word' id='word_1_107' title='bbox 1387 1454 1546 1509; x_wconf 86' lang='grc' dir='ltr'>ποίαν</span> <span class='ocrx_word' id='word_1_108' title='bbox 1595 1452 1806 1517; x_wconf 84' lang='grc' dir='ltr'>αίτίαν;</span> <span class='ocrx_word' id='word_1_109' title='bbox 1856 1453 1964 1505; x_wconf 86' lang='grc' dir='ltr'>Πε-</span> 
     </span>
    </p>
   </div>
   <div class='ocr_carea' id='block_1_18' title="bbox 371 1545 1962 1621">
    <p class='ocr_par' dir='ltr' id='par_1_18' title="bbox 371 1545 1962 1621">
     <span class='ocr_line' id='line_1_18' title="bbox 371 1545 1962 1621; baseline -0.004 -18"><span class='ocrx_word' id='word_1_110' title='bbox 371 1549 823 1621; x_wconf 79' lang='grc' dir='ltr'>πληροφόρηνται</span> <span class='ocrx_word' id='word_1_111' title='bbox 869 1547 999 1619; x_wconf 78' lang='grc' dir='ltr'>γάρ,</span> <span class='ocrx_word' id='word_1_112' title='bbox 1044 1548 1127 1602; x_wconf 83' lang='grc' dir='ltr'>ὅτι</span> <span class='ocrx_word' id='word_1_113' title='bbox 1179 1550 1207 1603; x_wconf 82' lang='grc' dir='ltr'>ὁ</span> <span class='ocrx_word' id='word_1_114' title='bbox 1243 1548 1373 1611; x_wconf 81' lang='grc' dir='ltr'>Θεὸς</span> <span class='ocrx_word' id='word_1_115' title='bbox 1430 1547 1548 1617; x_wconf 75' lang='grc' dir='ltr'>μετ’</span> <span class='ocrx_word' id='word_1_116' title='bbox 1586 1545 1766 1600; x_wconf 79' lang='grc' dir='ltr'>αὐτῶν</span> <span class='ocrx_word' id='word_1_117' title='bbox 1822 1547 1962 1607; x_wconf 77' lang='grc' dir='ltr'>ἐστι,</span> 
     </span>
    </p>
   </div>
   <div class='ocr_carea' id='block_1_19' title="bbox 368 1635 1964 1711">
    <p class='ocr_par' dir='ltr' id='par_1_19' title="bbox 368 1635 1964 1711">
     <span class='ocr_line' id='line_1_19' title="bbox 368 1635 1964 1711; baseline -0.003 -16"><span class='ocrx_word' id='word_1_118' title='bbox 368 1641 688 1705; x_wconf 80' lang='grc' dir='ltr'>τουτέστιν,</span> <span class='ocrx_word' id='word_1_119' title='bbox 737 1641 766 1693; x_wconf 87' lang='grc' dir='ltr'>ὁ</span> <span class='ocrx_word' id='word_1_120' title='bbox 824 1639 1215 1711; x_wconf 78' lang='grc' dir='ltr'><strong>Ἐμμανουήλ·</strong></span> <span class='ocrx_word' id='word_1_121' title='bbox 1263 1636 1628 1709; x_wconf 77' lang='grc' dir='ltr'>ἑρμηνεύεται</span> <span class='ocrx_word' id='word_1_122' title='bbox 1661 1635 1806 1706; x_wconf 90' lang='grc' dir='ltr'><strong>γάρ,</strong></span> <span class='ocrx_word' id='word_1_123' title='bbox 1847 1655 1864 1688; x_wconf 86' lang='grc' dir='ltr'><strong>ι</strong></span> <span class='ocrx_word' id='word_1_124' title='bbox 1905 1636 1964 1690; x_wconf 87' lang='grc' dir='ltr'><strong>Ὀ</strong></span> 
     </span>
    </p>
   </div>
   <div class='ocr_carea' id='block_1_20' title="bbox 2069 445 3659 519">
    <p class='ocr_par' dir='ltr' id='par_1_20' title="bbox 2069 445 3659 519">
     <span class='ocr_line' id='line_1_20' title="bbox 2069 445 3659 519; baseline 0.003 -18"><span class='ocrx_word' id='word_1_125' title='bbox 2069 445 2160 512; x_wconf 91' lang='lat' dir='ltr'><strong>do,</strong></span> <span class='ocrx_word' id='word_1_126' title='bbox 2196 448 2409 516; x_wconf 85' lang='lat' dir='ltr'><strong>opinor,</strong></span> <span class='ocrx_word' id='word_1_127' title='bbox 2440 453 2495 500; x_wconf 88' lang='lat' dir='ltr'><strong>et</strong></span> <span class='ocrx_word' id='word_1_128' title='bbox 2524 445 2613 516; x_wconf 87' lang='lat' dir='ltr'><strong>qui</strong></span> <span class='ocrx_word' id='word_1_129' title='bbox 2653 445 2816 500; x_wconf 85' lang='lat' dir='ltr'><strong>rebus</strong></span> <span class='ocrx_word' id='word_1_130' title='bbox 2848 445 3081 501; x_wconf 87' lang='lat' dir='ltr'><strong>conditis</strong></span> <span class='ocrx_word' id='word_1_131' title='bbox 3121 446 3428 502; x_wconf 83' lang='lat' dir='ltr'><strong>servierunt</strong></span> <span class='ocrx_word' id='word_1_132' title='bbox 3478 448 3659 519; x_wconf 82' lang='lat' dir='ltr'><strong>potius</strong></span> 
     </span>
    </p>
   </div>
   <div class='ocr_carea' id='block_1_21' title="bbox 2069 535 3662 609">
    <p class='ocr_par' dir='ltr' id='par_1_21' title="bbox 2069 535 3662 609">
     <span class='ocr_line' id='line_1_21' title="bbox 2069 535 3662 609; baseline 0.005 -19"><span class='ocrx_word' id='word_1_133' title='bbox 2069 552 2229 607; x_wconf 87' lang='lat' dir='ltr'><strong>quam</strong></span> <span class='ocrx_word' id='word_1_134' title='bbox 2265 537 2643 592; x_wconf 78' lang='lat' dir='ltr'><strong>universorum</strong></span> <span class='ocrx_word' id='word_1_135' title='bbox 2674 535 2978 603; x_wconf 86' lang='lat' dir='ltr'><strong>Conditori,</strong></span> <span class='ocrx_word' id='word_1_136' title='bbox 3022 552 3120 606; x_wconf 88' lang='lat' dir='ltr'><strong>pro</strong></span> <span class='ocrx_word' id='word_1_137' title='bbox 3172 542 3443 605; x_wconf 86' lang='lat' dir='ltr'><strong>germanis</strong></span> <span class='ocrx_word' id='word_1_138' title='bbox 3499 542 3662 609; x_wconf 84' lang='lat' dir='ltr'><strong>patri-</strong></span> 
     </span>
    </p>
   </div>
   <div class='ocr_carea' id='block_1_22' title="bbox 2070 626 3659 700">
    <p class='ocr_par' dir='ltr' id='par_1_22' title="bbox 2070 626 3659 700">
     <span class='ocr_line' id='line_1_22' title="bbox 2070 626 3659 700; baseline 0.003 -19"><span class='ocrx_word' id='word_1_139' title='bbox 2070 627 2168 682; x_wconf 90' lang='lat' dir='ltr'><strong>bus</strong></span> <span class='ocrx_word' id='word_1_140' title='bbox 2198 636 2516 696; x_wconf 78' lang='lat' dir='ltr'><strong>cooptantes</strong></span> <span class='ocrx_word' id='word_1_141' title='bbox 2560 626 2997 699; x_wconf 84' lang='lat' dir='ltr'><strong>evangelicorum</strong></span> <span class='ocrx_word' id='word_1_142' title='bbox 3037 630 3343 698; x_wconf 83' lang='lat' dir='ltr'><strong>dogmatum</strong></span> <span class='ocrx_word' id='word_1_143' title='bbox 3400 631 3659 700; x_wconf 81' lang='lat' dir='ltr'><strong>explana-</strong></span> 
     </span>
    </p>
   </div>
   <div class='ocr_carea' id='block_1_23' title="bbox 2071 719 3660 792">
    <p class='ocr_par' dir='ltr' id='par_1_23' title="bbox 2071 719 3660 792">
     <span class='ocr_line' id='line_1_23' title="bbox 2071 719 3660 792; baseline 0.003 -19"><span class='ocrx_word' id='word_1_144' title='bbox 2071 728 2235 783; x_wconf 87' lang='lat' dir='ltr'><strong>tores,</strong></span> <span class='ocrx_word' id='word_1_145' title='bbox 2264 729 2315 774; x_wconf 93' lang='lat' dir='ltr'><strong>et</strong></span> <span class='ocrx_word' id='word_1_146' title='bbox 2370 735 2464 789; x_wconf 89' lang='lat' dir='ltr'><strong>per</strong></span> <span class='ocrx_word' id='word_1_147' title='bbox 2488 719 2832 776; x_wconf 83' lang='lat' dir='ltr'><strong>concordiam</strong></span> <span class='ocrx_word' id='word_1_148' title='bbox 2873 719 2979 774; x_wconf 85' lang='lat' dir='ltr'><strong>illis</strong></span> <span class='ocrx_word' id='word_1_149' title='bbox 3048 720 3309 792; x_wconf 74' lang='lat' dir='ltr'><strong>colligati,</strong></span> <span class='ocrx_word' id='word_1_150' title='bbox 3356 733 3660 791; x_wconf 85' lang='lat' dir='ltr'><strong>sequuntur</strong></span> 
     </span>
    </p>
   </div>
   <div class='ocr_carea' id='block_1_24' title="bbox 2069 808 3657 882">
    <p class='ocr_par' dir='ltr' id='par_1_24' title="bbox 2069 808 3657 882">
     <span class='ocr_line' id='line_1_24' title="bbox 2069 808 3657 882; baseline 0.002 -19"><span class='ocrx_word' id='word_1_151' title='bbox 2069 824 2182 875; x_wconf 87' lang='lat' dir='ltr'><strong>cos,</strong></span> <span class='ocrx_word' id='word_1_152' title='bbox 2211 808 2447 864; x_wconf 74' lang='lat' dir='ltr'><strong>infantes</strong></span> <span class='ocrx_word' id='word_1_153' title='bbox 2474 811 2900 882; x_wconf 87' lang='lat' dir='ltr'><strong>adhucjudiciis,</strong></span> <span class='ocrx_word' id='word_1_154' title='bbox 2931 826 2986 871; x_wconf 88' lang='lat' dir='ltr'><strong>et</strong></span> <span class='ocrx_word' id='word_1_155' title='bbox 3012 811 3173 867; x_wconf 87' lang='lat' dir='ltr'><strong>simili</strong></span> <span class='ocrx_word' id='word_1_156' title='bbox 3237 813 3321 867; x_wconf 91' lang='lat' dir='ltr'><strong>via</strong></span> <span class='ocrx_word' id='word_1_157' title='bbox 3375 812 3657 876; x_wconf 88' lang='lat' dir='ltr'><strong>incedunt,</strong></span> 
     </span>
    </p>
   </div>
   <div class='ocr_carea' id='block_1_25' title="bbox 2068 902 3660 973">
    <p class='ocr_par' dir='ltr' id='par_1_25' title="bbox 2068 902 3660 973">
     <span class='ocr_line' id='line_1_25' title="bbox 2068 902 3660 973; baseline 0.001 -16"><span class='ocrx_word' id='word_1_158' title='bbox 2068 916 2252 957; x_wconf 88' lang='lat' dir='ltr'><strong>eorum</strong></span> <span class='ocrx_word' id='word_1_159' title='bbox 2284 902 2404 956; x_wconf 74' lang='lat' dir='ltr'><strong>vita:</strong></span> <span class='ocrx_word' id='word_1_160' title='bbox 2431 902 2731 958; x_wconf 89' lang='lat' dir='ltr'><strong>imitatores</strong></span> <span class='ocrx_word' id='word_1_161' title='bbox 2786 902 3109 972; x_wconf 82' lang='lat' dir='ltr'><strong>manifesti,</strong></span> <span class='ocrx_word' id='word_1_162' title='bbox 3159 913 3214 958; x_wconf 92' lang='lat' dir='ltr'><strong>et</strong></span> <span class='ocrx_word' id='word_1_163' title='bbox 3273 905 3547 973; x_wconf 88' lang='lat' dir='ltr'><strong>perpetuis</strong></span> <span class='ocrx_word' id='word_1_164' title='bbox 3590 903 3660 959; x_wconf 89' lang='lat' dir='ltr'><strong>ad</strong></span> 
     </span>
    </p>
   </div>
   <div class='ocr_carea' id='block_1_26' title="bbox 2068 991 3657 1066">
    <p class='ocr_par' dir='ltr' id='par_1_26' title="bbox 2068 991 3657 1066">
     <span class='ocr_line' id='line_1_26' title="bbox 2068 991 3657 1066; baseline 0.003 -21"><span class='ocrx_word' id='word_1_165' title='bbox 2068 991 2291 1047; x_wconf 82' lang='lat' dir='ltr'><strong>meliora</strong></span> <span class='ocrx_word' id='word_1_166' title='bbox 2340 993 2693 1049; x_wconf 77' lang='lat' dir='ltr'><strong>incrementis</strong></span> <span class='ocrx_word' id='word_1_167' title='bbox 2734 1012 2752 1046; x_wconf 83' lang='grc' dir='ltr'><strong>ι</strong></span> <span class='ocrx_word' id='word_1_168' title='bbox 2813 995 2867 1049; x_wconf 91' lang='lat' dir='ltr'><strong>in</strong></span> <span class='ocrx_word' id='word_1_169' title='bbox 2918 995 3096 1049; x_wconf 89' lang='lat' dir='ltr'><strong>virum</strong></span> <span class='ocrx_word' id='word_1_170' title='bbox 3146 996 3464 1066; x_wconf 79' lang='lat' dir='ltr'><strong>perfectum,</strong></span> <span class='ocrx_word' id='word_1_171' title='bbox 3513 1004 3567 1050; x_wconf 92' lang='lat' dir='ltr'><strong>et</strong></span> <span class='ocrx_word' id='word_1_172' title='bbox 3602 995 3657 1051; x_wconf 89' lang='lat' dir='ltr'><strong>iu</strong></span> 
     </span>
    </p>
   </div>
   <div class='ocr_carea' id='block_1_27' title="bbox 2068 1086 3655 1156">
    <p class='ocr_par' dir='ltr' id='par_1_27' title="bbox 2068 1086 3655 1156">
     <span class='ocr_line' id='line_1_27' title="bbox 2068 1086 3655 1156; baseline 0.003 -19"><span class='ocrx_word' id='word_1_173' title='bbox 2068 1099 2377 1139; x_wconf 83' lang='lat' dir='ltr'><strong>mensuram</strong></span> <span class='ocrx_word' id='word_1_174' title='bbox 2403 1086 2579 1141; x_wconf 68' lang='lat' dir='ltr'><strong>aetatis</strong></span> <span class='ocrx_word' id='word_1_175' title='bbox 2603 1086 2956 1156; x_wconf 84' lang='lat' dir='ltr'><strong>plenitudinis</strong></span> <span class='ocrx_word' id='word_1_176' title='bbox 2976 1087 3175 1143; x_wconf 84' lang='lat' dir='ltr'><strong>Christi</strong></span> <span class='ocrx_word' id='word_1_177' title='bbox 3196 1087 3241 1119; x_wconf 85' lang='lat'>“</span> <span class='ocrx_word' id='word_1_178' title='bbox 3275 1106 3296 1139; x_wconf 69' lang='grc' dir='ltr'><strong>ι</strong></span> <span class='ocrx_word' id='word_1_179' title='bbox 3331 1088 3655 1143; x_wconf 82' lang='lat' dir='ltr'><strong>evadentes.</strong></span> 
     </span>
    </p>
   </div>
   <div class='ocr_carea' id='block_1_28' title="bbox 2067 1176 3660 1250">
    <p class='ocr_par' dir='ltr' id='par_1_28' title="bbox 2067 1176 3660 1250">
     <span class='ocr_line' id='line_1_28' title="bbox 2067 1176 3660 1250; baseline 0.003 -21"><span class='ocrx_word' id='word_1_180' title='bbox 2067 1176 2427 1244; x_wconf 83' lang='lat' dir='ltr'><strong>Quamobrem</strong></span> <span class='ocrx_word' id='word_1_181' title='bbox 2465 1190 2644 1234; x_wconf 89' lang='lat' dir='ltr'><strong>autem</strong></span> <span class='ocrx_word' id='word_1_182' title='bbox 2675 1180 3021 1250; x_wconf 80' lang='lat' dir='ltr'><strong>sequuntur?</strong></span> <span class='ocrx_word' id='word_1_183' title='bbox 3060 1179 3220 1236; x_wconf 87' lang='lat' dir='ltr'><strong>Certo</strong></span> <span class='ocrx_word' id='word_1_184' title='bbox 3244 1180 3391 1236; x_wconf 90' lang='lat' dir='ltr'><strong>enim</strong></span> <span class='ocrx_word' id='word_1_185' title='bbox 3425 1180 3660 1235; x_wconf 88' lang='lat' dir='ltr'><strong>credunt</strong></span> 
     </span>
    </p>
   </div>
   <div class='ocr_carea' id='block_1_29' title="bbox 2069 1269 3661 1334">
    <p class='ocr_par' dir='ltr' id='par_1_29' title="bbox 2069 1269 3661 1334">
     <span class='ocr_line' id='line_1_29' title="bbox 2069 1269 3661 1334; baseline 0.002 -10"><span class='ocrx_word' id='word_1_186' title='bbox 2069 1269 2260 1334; x_wconf 89' lang='lat' dir='ltr'><strong>Deum,</strong></span> <span class='ocrx_word' id='word_1_187' title='bbox 2287 1271 2389 1325; x_wconf 84' lang='lat' dir='ltr'><strong>hoc</strong></span> <span class='ocrx_word' id='word_1_188' title='bbox 2423 1280 2505 1326; x_wconf 90' lang='lat' dir='ltr'><strong>est</strong></span> <span class='ocrx_word' id='word_1_189' title='bbox 2525 1270 2929 1328; x_wconf 85' lang='lat' dir='ltr'><strong>Emmanuelem</strong></span> <span class='ocrx_word' id='word_1_190' title='bbox 2954 1289 3075 1329; x_wconf 91' lang='lat' dir='ltr'><strong>cum</strong></span> <span class='ocrx_word' id='word_1_191' title='bbox 3106 1273 3211 1328; x_wconf 89' lang='lat' dir='ltr'><strong>illis</strong></span> <span class='ocrx_word' id='word_1_192' title='bbox 3227 1288 3348 1329; x_wconf 90' lang='lat' dir='ltr'><strong>esse</strong></span> <span class='ocrx_word' id='word_1_193' title='bbox 3379 1274 3661 1328; x_wconf 89' lang='lat' dir='ltr'><strong>:redditur</strong></span> 
     </span>
    </p>
   </div>
   <div class='ocr_carea' id='block_1_30' title="bbox 2066 1361 3650 1435">
    <p class='ocr_par' dir='ltr' id='par_1_30' title="bbox 2066 1361 3650 1435">
     <span class='ocr_line' id='line_1_30' title="bbox 2066 1361 3650 1435; baseline 0.002 -19"><span class='ocrx_word' id='word_1_194' title='bbox 2066 1364 2210 1417; x_wconf 88' lang='lat' dir='ltr'><strong>enim</strong></span> <span class='ocrx_word' id='word_1_195' title='bbox 2268 1380 2286 1413; x_wconf 75' lang='grc' dir='ltr'><strong>ι</strong></span> <span class='ocrx_word' id='word_1_196' title='bbox 2316 1361 2605 1418; x_wconf 85' lang='lat' dir='ltr'><strong>Nobiscum</strong></span> <span class='ocrx_word' id='word_1_197' title='bbox 2641 1363 2803 1419; x_wconf 89' lang='lat' dir='ltr'><strong>Deus.</strong></span> <span class='ocrx_word' id='word_1_198' title='bbox 2847 1382 2867 1417; x_wconf 78' lang='grc' dir='ltr'><strong>ι</strong></span> <span class='ocrx_word' id='word_1_199' title='bbox 2896 1363 3248 1420; x_wconf 81' lang='lat' dir='ltr'><strong>Vocationem</strong></span> <span class='ocrx_word' id='word_1_200' title='bbox 3308 1379 3474 1435; x_wconf 90' lang='lat' dir='ltr'><strong>porro</strong></span> <span class='ocrx_word' id='word_1_201' title='bbox 3500 1365 3650 1419; x_wconf 87' lang='lat' dir='ltr'><strong>illam</strong></span> 
     </span>
    </p>
   </div>
   <div class='ocr_carea' id='block_1_31' title="bbox 2068 1454 3655 1525">
    <p class='ocr_par' dir='ltr' id='par_1_31' title="bbox 2068 1454 3655 1525">
     <span class='ocr_line' id='line_1_31' title="bbox 2068 1454 3655 1525; baseline 0.001 -16"><span class='ocrx_word' id='word_1_202' title='bbox 2068 1468 2175 1509; x_wconf 89' lang='lat' dir='ltr'><strong>non</strong></span> <span class='ocrx_word' id='word_1_203' title='bbox 2204 1462 2411 1508; x_wconf 86' lang='lat' dir='ltr'><strong>tantum</strong></span> <span class='ocrx_word' id='word_1_204' title='bbox 2441 1454 2673 1511; x_wconf 81' lang='lat' dir='ltr'><strong>ﬁliorum</strong></span> <span class='ocrx_word' id='word_1_205' title='bbox 2695 1454 2879 1521; x_wconf 85' lang='lat' dir='ltr'><strong>Israel,</strong></span> <span class='ocrx_word' id='word_1_206' title='bbox 2909 1455 3003 1510; x_wconf 89' lang='lat' dir='ltr'><strong>sed</strong></span> <span class='ocrx_word' id='word_1_207' title='bbox 3033 1456 3276 1511; x_wconf 89' lang='lat' dir='ltr'><strong>omnium</strong></span> <span class='ocrx_word' id='word_1_208' title='bbox 3325 1471 3424 1525; x_wconf 89' lang='lat' dir='ltr'><strong>per</strong></span> <span class='ocrx_word' id='word_1_209' title='bbox 3465 1457 3655 1512; x_wconf 89' lang='lat' dir='ltr'><strong>orbem</strong></span> 
     </span>
    </p>
   </div>
   <div class='ocr_carea' id='block_1_32' title="bbox 2067 1544 3657 1615">
    <p class='ocr_par' dir='ltr' id='par_1_32' title="bbox 2067 1544 3657 1615">
     <span class='ocr_line' id='line_1_32' title="bbox 2067 1544 3657 1615; baseline 0.003 -18"><span class='ocrx_word' id='word_1_210' title='bbox 2067 1544 2307 1615; x_wconf 86' lang='lat' dir='ltr'><strong>gentium</strong></span> <span class='ocrx_word' id='word_1_211' title='bbox 2343 1544 2483 1611; x_wconf 79' lang='lat' dir='ltr'><strong>fore,</strong></span> <span class='ocrx_word' id='word_1_212' title='bbox 2519 1546 2674 1601; x_wconf 86' lang='lat' dir='ltr'><strong>docet</strong></span> <span class='ocrx_word' id='word_1_213' title='bbox 2710 1561 2831 1601; x_wconf 89' lang='lat' dir='ltr'><strong>cum</strong></span> <span class='ocrx_word' id='word_1_214' title='bbox 2868 1548 2964 1615; x_wconf 86' lang='lat' dir='ltr'><strong>ait,</strong></span> <span class='ocrx_word' id='word_1_215' title='bbox 2988 1562 3053 1603; x_wconf 77' lang='lat' dir='ltr'><strong>ex</strong></span> <span class='ocrx_word' id='word_1_216' title='bbox 3092 1548 3347 1603; x_wconf 84' lang='lat' dir='ltr'><strong>omnibus</strong></span> <span class='ocrx_word' id='word_1_217' title='bbox 3409 1546 3523 1603; x_wconf 81' lang='lat' dir='ltr'><strong>fore</strong></span> <span class='ocrx_word' id='word_1_218' title='bbox 3552 1546 3657 1602; x_wconf 83' lang='lat' dir='ltr'><strong>litt-</strong></span> 
     </span>
    </p>
   </div>
   <div class='ocr_carea' id='block_1_33' title="bbox 2069 1632 3660 1708">
    <p class='ocr_par' dir='ltr' id='par_1_33' title="bbox 2069 1632 3660 1708">
     <span class='ocr_line' id='line_1_33' title="bbox 2069 1632 3660 1708; baseline 0.003 -19"><span class='ocrx_word' id='word_1_219' title='bbox 2069 1636 2189 1705; x_wconf 80' lang='lat' dir='ltr'><strong>guis</strong></span> <span class='ocrx_word' id='word_1_220' title='bbox 2218 1637 2309 1706; x_wconf 85' lang='lat' dir='ltr'><strong>qui</strong></span> <span class='ocrx_word' id='word_1_221' title='bbox 2345 1632 2767 1708; x_wconf 83' lang='lat' dir='ltr'><strong>appreltendent</strong></span> <span class='ocrx_word' id='word_1_222' title='bbox 2792 1640 3081 1694; x_wconf 80' lang='lat' dir='ltr'><strong>ﬁmbriam.</strong></span> <span class='ocrx_word' id='word_1_223' title='bbox 3112 1639 3338 1708; x_wconf 84' lang='lat' dir='ltr'><strong>Quando</strong></span> <span class='ocrx_word' id='word_1_224' title='bbox 3359 1650 3539 1695; x_wconf 90' lang='lat' dir='ltr'><strong>autem</strong></span> <span class='ocrx_word' id='word_1_225' title='bbox 3566 1654 3660 1694; x_wconf 82' lang='lat' dir='ltr'><strong>vo-</strong></span> 
     </span>
    </p>
   </div>
   <div class='ocr_carea' id='block_1_34' title="bbox 370 1728 1991 1804">
    <p class='ocr_par' dir='ltr' id='par_1_34' title="bbox 370 1728 1968 1804">
     <span class='ocr_line' id='line_1_34' title="bbox 370 1728 1968 1804; baseline -0.004 -16"><span class='ocrx_word' id='word_1_226' title='bbox 370 1734 505 1797; x_wconf 75' lang='grc' dir='ltr'>θεὺς</span> <span class='ocrx_word' id='word_1_227' title='bbox 552 1733 671 1804; x_wconf 85' lang='grc' dir='ltr'>μεθ’</span> <span class='ocrx_word' id='word_1_228' title='bbox 700 1731 876 1804; x_wconf 77' lang='grc' dir='ltr'>ἡμῶν.</span> <span class='ocrx_word' id='word_1_229' title='bbox 916 1752 934 1784; x_wconf 75' lang='grc' dir='ltr'><strong>ι</strong></span> <span class='ocrx_word' id='word_1_230' title='bbox 964 1733 1086 1785; x_wconf 83' lang='grc' dir='ltr'><strong>Ὅτι</strong></span> <span class='ocrx_word' id='word_1_231' title='bbox 1129 1730 1185 1785; x_wconf 79' lang='grc' dir='ltr'>δὲ</span> <span class='ocrx_word' id='word_1_232' title='bbox 1231 1731 1291 1783; x_wconf 78' lang='grc' dir='ltr'>οὐ</span> <span class='ocrx_word' id='word_1_233' title='bbox 1353 1731 1530 1802; x_wconf 91' lang='grc' dir='ltr'>μόνων</span> <span class='ocrx_word' id='word_1_234' title='bbox 1569 1728 1718 1782; x_wconf 76' lang='grc' dir='ltr'>ἔσται</span> <span class='ocrx_word' id='word_1_235' title='bbox 1751 1728 1860 1782; x_wconf 88' lang='grc' dir='ltr'><strong>τῶν</strong></span> <span class='ocrx_word' id='word_1_236' title='bbox 1908 1728 1968 1794; x_wconf 77' lang='grc' dir='ltr'><strong>ἐξ</strong></span> 
     </span>
    </p>
   </div>
   <div class='ocr_carea' id='block_1_35' title="bbox 2073 1728 3658 1804">
    <p class='ocr_par' dir='ltr' id='par_1_35' title="bbox 2073 1730 3658 1801">
     <span class='ocr_line' id='line_1_35' title="bbox 2073 1730 3658 1801; baseline 0.004 -22"><span class='ocrx_word' id='word_1_237' title='bbox 2073 1737 2203 1780; x_wconf 74' lang='lat' dir='ltr'><strong>cata:</strong></span> <span class='ocrx_word' id='word_1_238' title='bbox 2250 1736 2377 1782; x_wconf 89' lang='lat' dir='ltr'><strong>sunt</strong></span> <span class='ocrx_word' id='word_1_239' title='bbox 2398 1738 2588 1795; x_wconf 76' lang='lat' dir='ltr'><strong>gentes</strong></span> <span class='ocrx_word' id='word_1_240' title='bbox 2621 1730 2686 1784; x_wconf 88' lang='lat' dir='ltr'><strong>ad</strong></span> <span class='ocrx_word' id='word_1_241' title='bbox 2711 1731 3040 1800; x_wconf 78' lang='lat' dir='ltr'><strong>agnitionem</strong></span> <span class='ocrx_word' id='word_1_242' title='bbox 3061 1732 3328 1796; x_wconf 77' lang='lat' dir='ltr'><strong>veritatis,</strong></span> <span class='ocrx_word' id='word_1_243' title='bbox 3359 1741 3412 1786; x_wconf 91' lang='lat' dir='ltr'><strong>et</strong></span> <span class='ocrx_word' id='word_1_244' title='bbox 3441 1731 3658 1801; x_wconf 89' lang='lat' dir='ltr'><strong>quando</strong></span> 
     </span>
    </p>
   </div>
   <div class='ocr_carea' id='block_1_36' title="bbox 372 1819 1966 1897">
    <p class='ocr_par' dir='ltr' id='par_1_36' title="bbox 372 1819 1966 1897">
     <span class='ocr_line' id='line_1_36' title="bbox 372 1819 1966 1897; baseline -0.006 -16"><span class='ocrx_word' id='word_1_245' title='bbox 372 1828 601 1897; x_wconf 72' lang='grc' dir='ltr'>αἵματος</span> <span class='ocrx_word' id='word_1_246' title='bbox 630 1824 850 1896; x_wconf 75' lang='grc' dir='ltr'>Ἰσραὴλ</span> <span class='ocrx_word' id='word_1_247' title='bbox 896 1824 930 1895; x_wconf 77' lang='grc' dir='ltr'><strong>ἡ</strong></span> <span class='ocrx_word' id='word_1_248' title='bbox 980 1823 1041 1877; x_wconf 83' lang='grc' dir='ltr'>τὸ</span> <span class='ocrx_word' id='word_1_249' title='bbox 1075 1822 1330 1896; x_wconf 69' lang='grc' dir='ltr'>τηνικάδε</span> <span class='ocrx_word' id='word_1_250' title='bbox 1370 1821 1583 1892; x_wconf 80' lang='grc' dir='ltr'>κλῆσις,</span> <span class='ocrx_word' id='word_1_251' title='bbox 1615 1821 1870 1874; x_wconf 83' lang='grc' dir='ltr'>ἁπάντων</span> <span class='ocrx_word' id='word_1_252' title='bbox 1910 1819 1966 1873; x_wconf 80' lang='grc' dir='ltr'>δὲ</span> 
     </span>
    </p>
   </div>
   <div class='ocr_carea' id='block_1_37' title="bbox 376 1912 1968 1990">
    <p class='ocr_par' dir='ltr' id='par_1_37' title="bbox 376 1912 1968 1990">
     <span class='ocr_line' id='line_1_37' title="bbox 376 1912 1968 1990; baseline -0.005 -17"><span class='ocrx_word' id='word_1_253' title='bbox 376 1920 579 1990; x_wconf 81' lang='grc' dir='ltr'>μᾶλλον</span> <span class='ocrx_word' id='word_1_254' title='bbox 621 1916 731 1970; x_wconf 88' lang='grc' dir='ltr'><strong>τῶν</strong></span> <span class='ocrx_word' id='word_1_255' title='bbox 784 1916 889 1970; x_wconf 86' lang='grc' dir='ltr'><strong>ἀνά</strong></span> <span class='ocrx_word' id='word_1_256' title='bbox 920 1917 1100 1971; x_wconf 79' lang='grc' dir='ltr'>πᾶσαν</span> <span class='ocrx_word' id='word_1_257' title='bbox 1134 1915 1233 1987; x_wconf 82' lang='grc' dir='ltr'>τὴν</span> <span class='ocrx_word' id='word_1_258' title='bbox 1264 1914 1593 1984; x_wconf 79' lang='grc' dir='ltr'>οἰκουμένην</span> <span class='ocrx_word' id='word_1_259' title='bbox 1627 1912 1816 1977; x_wconf 79' lang='grc' dir='ltr'>ἐθνῶν,</span> <span class='ocrx_word' id='word_1_260' title='bbox 1850 1912 1968 1966; x_wconf 88' lang='grc' dir='ltr'>δια-</span> 
     </span>
    </p>
   </div>
   <div class='ocr_carea' id='block_1_38' title="bbox 378 2000 1968 2081">
    <p class='ocr_par' dir='ltr' id='par_1_38' title="bbox 378 2000 1968 2081">
     <span class='ocr_line' id='line_1_38' title="bbox 378 2000 1968 2081; baseline -0.003 -21"><span class='ocrx_word' id='word_1_261' title='bbox 378 2009 696 2081; x_wconf 80' lang='grc' dir='ltr'>μεμήνυκεν</span> <span class='ocrx_word' id='word_1_262' title='bbox 739 2005 931 2071; x_wconf 86' lang='grc' dir='ltr'>εἰπὼν,</span> <span class='ocrx_word' id='word_1_263' title='bbox 965 2004 1040 2069; x_wconf 85' lang='grc' dir='ltr'><strong>ὡς</strong></span> <span class='ocrx_word' id='word_1_264' title='bbox 1068 2006 1134 2059; x_wconf 79' lang='grc' dir='ltr'>ὲκ</span> <span class='ocrx_word' id='word_1_265' title='bbox 1168 2004 1355 2059; x_wconf 86' lang='grc' dir='ltr'>πασῶν</span> <span class='ocrx_word' id='word_1_266' title='bbox 1398 2003 1611 2058; x_wconf 77' lang='grc' dir='ltr'>ἔσονται</span> <span class='ocrx_word' id='word_1_267' title='bbox 1646 2002 1754 2055; x_wconf 90' lang='grc' dir='ltr'><strong>τῶν</strong></span> <span class='ocrx_word' id='word_1_268' title='bbox 1789 2000 1968 2071; x_wconf 77' lang='grc' dir='ltr'>γλωσ‹</span> 
     </span>
    </p>
   </div>
   <div class='ocr_carea' id='block_1_39' title="bbox 376 2091 1968 2168">
    <p class='ocr_par' dir='ltr' id='par_1_39' title="bbox 376 2091 1968 2168">
     <span class='ocr_line' id='line_1_39' title="bbox 376 2091 1968 2168; baseline -0.004 -19"><span class='ocrx_word' id='word_1_269' title='bbox 376 2097 489 2152; x_wconf 92' lang='grc' dir='ltr'><strong>σῶν</strong></span> <span class='ocrx_word' id='word_1_270' title='bbox 522 2097 571 2150; x_wconf 86' lang='grc' dir='ltr'><strong>οἰ</strong></span> <span class='ocrx_word' id='word_1_271' title='bbox 602 2095 1055 2168; x_wconf 75' lang='grc' dir='ltr'>ἐπιδραττόμενοι</span> <span class='ocrx_word' id='word_1_272' title='bbox 1088 2093 1179 2149; x_wconf 89' lang='grc' dir='ltr'><strong>τοῦ</strong></span> <span class='ocrx_word' id='word_1_273' title='bbox 1219 2094 1552 2165; x_wconf 82' lang='grc' dir='ltr'>κρασπέδου.</span> <span class='ocrx_word' id='word_1_274' title='bbox 1590 2092 1729 2145; x_wconf 88' lang='grc' dir='ltr'>Πότε</span> <span class='ocrx_word' id='word_1_275' title='bbox 1768 2091 1824 2145; x_wconf 83' lang='grc' dir='ltr'>δὲ</span> <span class='ocrx_word' id='word_1_276' title='bbox 1873 2091 1968 2143; x_wconf 84' lang='grc' dir='ltr'>κέ-</span> 
     </span>
    </p>
   </div>
   <div class='ocr_carea' id='block_1_40' title="bbox 376 2182 1964 2260">
    <p class='ocr_par' dir='ltr' id='par_1_40' title="bbox 376 2182 1964 2260">
     <span class='ocr_line' id='line_1_40' title="bbox 376 2182 1964 2260; baseline -0.004 -19"><span class='ocrx_word' id='word_1_277' title='bbox 376 2190 602 2260; x_wconf 84' lang='grc' dir='ltr'>κληνται</span> <span class='ocrx_word' id='word_1_278' title='bbox 630 2189 699 2241; x_wconf 76' lang='grc' dir='ltr'><strong>τά</strong></span> <span class='ocrx_word' id='word_1_279' title='bbox 729 2187 855 2259; x_wconf 78' lang='grc' dir='ltr'>ἔθνη</span> <span class='ocrx_word' id='word_1_280' title='bbox 890 2188 1028 2259; x_wconf 68' lang='grc' dir='ltr'>πρὸς</span> <span class='ocrx_word' id='word_1_281' title='bbox 1068 2186 1362 2255; x_wconf 75' lang='grc' dir='ltr'>ἐπίγνωσιν</span> <span class='ocrx_word' id='word_1_282' title='bbox 1394 2184 1674 2257; x_wconf 81' lang='grc' dir='ltr'>ἀληθείας,</span> <span class='ocrx_word' id='word_1_283' title='bbox 1700 2182 1794 2237; x_wconf 68' lang='grc' dir='ltr'><strong>καί¹</strong></span> <span class='ocrx_word' id='word_1_284' title='bbox 1834 2183 1964 2236; x_wconf 85' lang='grc' dir='ltr'>πότε</span> 
     </span>
    </p>
   </div>
   <div class='ocr_carea' id='block_1_41' title="bbox 377 2274 1964 2352">
    <p class='ocr_par' dir='ltr' id='par_1_41' title="bbox 377 2274 1964 2352">
     <span class='ocr_line' id='line_1_41' title="bbox 377 2274 1964 2352; baseline -0.004 -18"><span class='ocrx_word' id='word_1_285' title='bbox 377 2279 735 2352; x_wconf 79' lang='grc' dir='ltr'>βεὸούληνται</span> <span class='ocrx_word' id='word_1_286' title='bbox 761 2277 1065 2351; x_wconf 75' lang='grc' dir='ltr'>ὲκζητῆσαι</span> <span class='ocrx_word' id='word_1_287' title='bbox 1105 2277 1165 2330; x_wconf 84' lang='grc' dir='ltr'>τὸ</span> <span class='ocrx_word' id='word_1_288' title='bbox 1204 2277 1494 2350; x_wconf 85' lang='grc' dir='ltr'>πρόσωπον</span> <span class='ocrx_word' id='word_1_289' title='bbox 1526 2274 1756 2346; x_wconf 80' lang='grc' dir='ltr'>Κυρίου,</span> <span class='ocrx_word' id='word_1_290' title='bbox 1789 2274 1964 2341; x_wconf 63' lang='lat' dir='ltr'><strong>estm-</strong></span> 
     </span>
    </p>
   </div>
   <div class='ocr_carea' id='block_1_42' title="bbox 380 2367 1966 2440">
    <p class='ocr_par' dir='ltr' id='par_1_42' title="bbox 380 2367 1966 2440">
     <span class='ocr_line' id='line_1_42' title="bbox 380 2367 1966 2440; baseline -0.005 -13"><span class='ocrx_word' id='word_1_291' title='bbox 380 2373 577 2428; x_wconf 83' lang='grc' dir='ltr'>σασθαί</span> <span class='ocrx_word' id='word_1_292' title='bbox 606 2390 666 2427; x_wconf 84' lang='grc' dir='ltr'><strong>τε</strong></span> <span class='ocrx_word' id='word_1_293' title='bbox 697 2372 880 2439; x_wconf 81' lang='grc' dir='ltr'>αὐτὸν,</span> <span class='ocrx_word' id='word_1_294' title='bbox 912 2373 1007 2426; x_wconf 82' lang='grc' dir='ltr'>καὶ</span> <span class='ocrx_word' id='word_1_295' title='bbox 1045 2374 1156 2436; x_wconf 84' lang='grc' dir='ltr'>τοῖς</span> <span class='ocrx_word' id='word_1_296' title='bbox 1191 2371 1367 2440; x_wconf 80' lang='grc' dir='ltr'>ἁγίοις</span> <span class='ocrx_word' id='word_1_297' title='bbox 1397 2369 1718 2431; x_wconf 79' lang='grc' dir='ltr'>ἀποστόλοις</span> <span class='ocrx_word' id='word_1_298' title='bbox 1742 2367 1841 2440; x_wconf 76' lang='grc' dir='ltr'>τὴν</span> <span class='ocrx_word' id='word_1_299' title='bbox 1869 2367 1966 2420; x_wconf 82' lang='grc' dir='ltr'>αύ-</span> 
     </span>
    </p>
   </div>
   <div class='ocr_carea' id='block_1_43' title="bbox 379 2461 1968 2540">
    <p class='ocr_par' dir='ltr' id='par_1_43' title="bbox 379 2461 1968 2540">
     <span class='ocr_line' id='line_1_43' title="bbox 379 2461 1968 2540; baseline -0.003 -19"><span class='ocrx_word' id='word_1_300' title='bbox 379 2468 480 2540; x_wconf 72' lang='grc' dir='ltr'>τὴν</span> <span class='ocrx_word' id='word_1_301' title='bbox 520 2468 709 2539; x_wconf 83' lang='grc' dir='ltr'>ῶσπερ</span> <span class='ocrx_word' id='word_1_302' title='bbox 755 2467 1085 2538; x_wconf 86' lang='grc' dir='ltr'>διαστείχειν</span> <span class='ocrx_word' id='word_1_303' title='bbox 1129 2465 1268 2532; x_wconf 83' lang='grc' dir='ltr'>ὁδὸν,</span> <span class='ocrx_word' id='word_1_304' title='bbox 1294 2466 1343 2518; x_wconf 88' lang='grc' dir='ltr'><strong>εἰ</strong></span> <span class='ocrx_word' id='word_1_305' title='bbox 1377 2464 1452 2537; x_wconf 81' lang='grc' dir='ltr'>μὴ</span> <span class='ocrx_word' id='word_1_306' title='bbox 1481 2465 1568 2518; x_wconf 84' lang='grc' dir='ltr'>ὅτε</span> <span class='ocrx_word' id='word_1_307' title='bbox 1596 2463 1787 2533; x_wconf 83' lang='grc' dir='ltr'>γέγονε</span> <span class='ocrx_word' id='word_1_308' title='bbox 1835 2461 1968 2516; x_wconf 85' lang='grc' dir='ltr'>καθ’</span> 
     </span>
    </p>
   </div>
   <div class='ocr_carea' id='block_1_44' title="bbox 2069 1818 3659 1892">
    <p class='ocr_par' dir='ltr' id='par_1_44' title="bbox 2069 1818 3659 1892">
     <span class='ocr_line' id='line_1_44' title="bbox 2069 1818 3659 1892; baseline 0.004 -23"><span class='ocrx_word' id='word_1_309' title='bbox 2069 1818 2660 1890; x_wconf 78' lang='lat' dir='ltr'><strong>volueruntexquirere</strong></span> <span class='ocrx_word' id='word_1_310' title='bbox 2691 1821 2884 1876; x_wconf 81' lang='lat' dir='ltr'><strong>(aciem</strong></span> <span class='ocrx_word' id='word_1_311' title='bbox 2918 1822 3150 1886; x_wconf 88' lang='lat' dir='ltr'><strong>Domini,</strong></span> <span class='ocrx_word' id='word_1_312' title='bbox 3202 1831 3258 1876; x_wconf 91' lang='lat' dir='ltr'><strong>et</strong></span> <span class='ocrx_word' id='word_1_313' title='bbox 3315 1836 3440 1876; x_wconf 85' lang='lat' dir='ltr'><strong>eum</strong></span> <span class='ocrx_word' id='word_1_314' title='bbox 3475 1822 3659 1892; x_wconf 85' lang='lat' dir='ltr'><strong>propi-</strong></span> 
     </span>
    </p>
   </div>
   <div class='ocr_carea' id='block_1_45' title="bbox 2067 1910 3657 1983">
    <p class='ocr_par' dir='ltr' id='par_1_45' title="bbox 2067 1910 3657 1983">
     <span class='ocr_line' id='line_1_45' title="bbox 2067 1910 3657 1983; baseline 0.002 -20"><span class='ocrx_word' id='word_1_315' title='bbox 2067 1910 2434 1975; x_wconf 88' lang='lat' dir='ltr'><strong>tiare,etcum</strong></span> <span class='ocrx_word' id='word_1_316' title='bbox 2464 1912 2666 1967; x_wconf 90' lang='lat' dir='ltr'><strong>sanctis</strong></span> <span class='ocrx_word' id='word_1_317' title='bbox 2698 1912 2955 1982; x_wconf 84' lang='lat' dir='ltr'><strong>apostolis</strong></span> <span class='ocrx_word' id='word_1_318' title='bbox 2978 1913 3135 1983; x_wconf 83' lang='lat' dir='ltr'><strong>quasi</strong></span> <span class='ocrx_word' id='word_1_319' title='bbox 3195 1912 3386 1967; x_wconf 84' lang='lat' dir='ltr'><strong>eadem</strong></span> <span class='ocrx_word' id='word_1_320' title='bbox 3418 1912 3502 1966; x_wconf 89' lang='lat' dir='ltr'><strong>via</strong></span> <span class='ocrx_word' id='word_1_321' title='bbox 3570 1913 3657 1966; x_wconf 87' lang='lat' dir='ltr'><strong>in-</strong></span> 
     </span>
    </p>
   </div>
   <div class='ocr_carea' id='block_1_46' title="bbox 2066 2002 3660 2074">
    <p class='ocr_par' dir='ltr' id='par_1_46' title="bbox 2066 2002 3660 2074">
     <span class='ocr_line' id='line_1_46' title="bbox 2066 2002 3660 2074; baseline 0.003 -19"><span class='ocrx_word' id='word_1_322' title='bbox 2066 2002 2423 2073; x_wconf 72' lang='lat' dir='ltr'><strong>gredi,729</strong></span> <span class='ocrx_word' id='word_1_323' title='bbox 2462 2003 2567 2059; x_wconf 86' lang='lat' dir='ltr'><strong>nisi</strong></span> <span class='ocrx_word' id='word_1_324' title='bbox 2621 2006 2837 2074; x_wconf 87' lang='lat' dir='ltr'><strong>quando</strong></span> <span class='ocrx_word' id='word_1_325' title='bbox 2895 2016 3141 2060; x_wconf 90' lang='lat' dir='ltr'><strong>nostram</strong></span> <span class='ocrx_word' id='word_1_326' title='bbox 3195 2014 3446 2060; x_wconf 87' lang='lat' dir='ltr'><strong>naturam</strong></span> <span class='ocrx_word' id='word_1_327' title='bbox 3486 2005 3660 2060; x_wconf 89' lang='lat' dir='ltr'><strong>induit</strong></span> 
     </span>
    </p>
   </div>
   <div class='ocr_carea' id='block_1_47' title="bbox 2068 2091 3659 2167">
    <p class='ocr_par' dir='ltr' id='par_1_47' title="bbox 2068 2091 3659 2167">
     <span class='ocr_line' id='line_1_47' title="bbox 2068 2091 3659 2167; baseline 0.002 -20"><span class='ocrx_word' id='word_1_328' title='bbox 2068 2091 2429 2163; x_wconf 81' lang='lat' dir='ltr'><strong>Unigcnitus?</strong></span> <span class='ocrx_word' id='word_1_329' title='bbox 2455 2093 2546 2163; x_wconf 88' lang='lat' dir='ltr'><strong>qui</strong></span> <span class='ocrx_word' id='word_1_330' title='bbox 2576 2105 2662 2152; x_wconf 92' lang='lat' dir='ltr'><strong>est</strong></span> <span class='ocrx_word' id='word_1_331' title='bbox 2697 2113 2716 2147; x_wconf 80' lang='grc' dir='ltr'><strong>ι</strong></span> <span class='ocrx_word' id='word_1_332' title='bbox 2750 2097 3089 2167; x_wconf 85' lang='lat' dir='ltr'><strong>exspectatio</strong></span> <span class='ocrx_word' id='word_1_333' title='bbox 3143 2098 3383 2167; x_wconf 84' lang='lat' dir='ltr'><strong>gentium</strong></span> <span class='ocrx_word' id='word_1_334' title='bbox 3400 2095 3481 2162; x_wconf 67' lang='lat'><strong>‘7;</strong></span> <span class='ocrx_word' id='word_1_335' title='bbox 3516 2113 3536 2147; x_wconf 71' lang='grc' dir='ltr'><strong>ι</strong></span> <span class='ocrx_word' id='word_1_336' title='bbox 3568 2097 3659 2150; x_wconf 89' lang='lat' dir='ltr'><strong>cui</strong></span> 
     </span>
    </p>
   </div>
   <div class='ocr_carea' id='block_1_48' title="bbox 2069 2186 3660 2260">
    <p class='ocr_par' dir='ltr' id='par_1_48' title="bbox 2069 2186 3660 2260">
     <span class='ocr_line' id='line_1_48' title="bbox 2069 2186 3660 2260; baseline 0.001 -20"><span class='ocrx_word' id='word_1_337' title='bbox 2069 2197 2256 2240; x_wconf 86' lang='lat' dir='ltr'><strong>cantat</strong></span> <span class='ocrx_word' id='word_1_338' title='bbox 2283 2186 2443 2240; x_wconf 86' lang='lat' dir='ltr'><strong>etiam</strong></span> <span class='ocrx_word' id='word_1_339' title='bbox 2468 2187 2683 2244; x_wconf 87' lang='lat' dir='ltr'><strong>divinus</strong></span> <span class='ocrx_word' id='word_1_340' title='bbox 2715 2189 2883 2245; x_wconf 86' lang='lat' dir='ltr'><strong>David</strong></span> <span class='ocrx_word' id='word_1_341' title='bbox 2916 2207 2929 2244; x_wconf 92' lang='lat'><strong>:</strong></span> <span class='ocrx_word' id='word_1_342' title='bbox 2982 2209 3001 2243; x_wconf 80' lang='grc' dir='ltr'><strong>ι</strong></span> <span class='ocrx_word' id='word_1_343' title='bbox 3036 2187 3239 2244; x_wconf 86' lang='lat' dir='ltr'><strong>Omnes</strong></span> <span class='ocrx_word' id='word_1_344' title='bbox 3273 2197 3460 2260; x_wconf 89' lang='lat' dir='ltr'><strong>gentes</strong></span> <span class='ocrx_word' id='word_1_345' title='bbox 3495 2204 3660 2258; x_wconf 86' lang='lat' dir='ltr'><strong>quas-</strong></span> 
     </span>
    </p>
   </div>
   <div class='ocr_carea' id='block_1_49' title="bbox 2070 2275 3775 2349">
    <p class='ocr_par' dir='ltr' id='par_1_49' title="bbox 2070 2275 3775 2349">
     <span class='ocr_line' id='line_1_49' title="bbox 2070 2275 3775 2349; baseline 0.002 -17"><span class='ocrx_word' id='word_1_346' title='bbox 2070 2275 2284 2349; x_wconf 81' lang='lat' dir='ltr'><strong>cunque</strong></span> <span class='ocrx_word' id='word_1_347' title='bbox 2309 2278 2507 2346; x_wconf 77' lang='lat' dir='ltr'><strong>iecisti,</strong></span> <span class='ocrx_word' id='word_1_348' title='bbox 2534 2284 2755 2337; x_wconf 86' lang='lat' dir='ltr'><strong>venient</strong></span> <span class='ocrx_word' id='word_1_349' title='bbox 2808 2290 2861 2338; x_wconf 91' lang='lat' dir='ltr'><strong>et</strong></span> <span class='ocrx_word' id='word_1_350' title='bbox 2891 2282 3195 2339; x_wconf 87' lang='lat' dir='ltr'><strong>adorabunt</strong></span> <span class='ocrx_word' id='word_1_351' title='bbox 3218 2297 3404 2337; x_wconf 86' lang='lat' dir='ltr'><strong>coram</strong></span> <span class='ocrx_word' id='word_1_352' title='bbox 3449 2291 3520 2348; x_wconf 88' lang='lat' dir='ltr'><strong>te,</strong></span> <span class='ocrx_word' id='word_1_353' title='bbox 3558 2283 3660 2335; x_wconf 60' lang='lat' dir='ltr'><strong>Duc</strong></span> <span class='ocrx_word' id='word_1_354' title='bbox 3770 2314 3775 2321; x_wconf 92' lang='lat'><strong>-</strong></span> 
     </span>
    </p>
   </div>
   <div class='ocr_carea' id='block_1_50' title="bbox 2073 2370 3660 2447">
    <p class='ocr_par' dir='ltr' id='par_1_50' title="bbox 2073 2370 3660 2447">
     <span class='ocr_line' id='line_1_50' title="bbox 2073 2370 3660 2447; baseline 0.002 -23"><span class='ocrx_word' id='word_1_355' title='bbox 2073 2370 2219 2424; x_wconf 82' lang='lat' dir='ltr'><strong>tuine</strong></span> <span class='ocrx_word' id='word_1_356' title='bbox 2242 2370 2309 2424; x_wconf 71' lang='grc'><strong>⁸⁸.</strong></span> <span class='ocrx_word' id='word_1_357' title='bbox 2345 2389 2365 2423; x_wconf 84' lang='grc'>›</span> <span class='ocrx_word' id='word_1_358' title='bbox 2392 2371 2497 2429; x_wconf 86' lang='lat' dir='ltr'><strong>Per</strong></span> <span class='ocrx_word' id='word_1_359' title='bbox 2528 2373 2701 2443; x_wconf 87' lang='lat' dir='ltr'><strong>ipsum</strong></span> <span class='ocrx_word' id='word_1_360' title='bbox 2731 2373 2876 2431; x_wconf 88' lang='lat' dir='ltr'><strong>enim</strong></span> <span class='ocrx_word' id='word_1_361' title='bbox 2910 2384 2965 2431; x_wconf 92' lang='lat' dir='ltr'><strong>et</strong></span> <span class='ocrx_word' id='word_1_362' title='bbox 2999 2374 3116 2447; x_wconf 90' lang='lat' dir='ltr'><strong>ipsa</strong></span> <span class='ocrx_word' id='word_1_363' title='bbox 3144 2374 3383 2447; x_wconf 87' lang='lat' dir='ltr'><strong>gentium</strong></span> <span class='ocrx_word' id='word_1_364' title='bbox 3412 2372 3660 2428; x_wconf 89' lang='lat' dir='ltr'><strong>multitu-</strong></span> 
     </span>
    </p>
   </div>
   <div class='ocr_carea' id='block_1_51' title="bbox 2075 2461 2516 2521">
    <p class='ocr_par' dir='ltr' id='par_1_51' title="bbox 2075 2461 2516 2521">
     <span class='ocr_line' id='line_1_51' title="bbox 2075 2461 2516 2521; baseline 0.011 -5"><span class='ocrx_word' id='word_1_365' title='bbox 2075 2461 2143 2517; x_wconf 89' lang='lat' dir='ltr'><strong>do</strong></span> <span class='ocrx_word' id='word_1_366' title='bbox 2165 2463 2370 2517; x_wconf 83' lang='lat' dir='ltr'><strong>salvata</strong></span> <span class='ocrx_word' id='word_1_367' title='bbox 2410 2473 2516 2521; x_wconf 90' lang='lat' dir='ltr'><strong>est.</strong></span> 
     </span>
    </p>
   </div>
   <div class='ocr_carea' id='block_1_52' title="bbox 380 2555 3660 2637">
    <p class='ocr_par' dir='ltr' id='par_1_52' title="bbox 380 2555 3660 2637">
     <span class='ocr_line' id='line_1_52' title="bbox 380 2555 3660 2637; baseline -0.001 -23"><span class='ocrx_word' id='word_1_368' title='bbox 380 2561 531 2631; x_wconf 68' lang='grc' dir='ltr'>ἡμᾶς</span> <span class='ocrx_word' id='word_1_369' title='bbox 566 2561 596 2613; x_wconf 84' lang='grc' dir='ltr'><strong>ό</strong></span> <span class='ocrx_word' id='word_1_370' title='bbox 643 2559 985 2630; x_wconf 69' lang='grc' dir='ltr'>Μονογενήςς</span> <span class='ocrx_word' id='word_1_371' title='bbox 1017 2559 1075 2622; x_wconf 86' lang='grc' dir='ltr'>ὃς</span> <span class='ocrx_word' id='word_1_372' title='bbox 1123 2558 1241 2611; x_wconf 74' lang='grc' dir='ltr'>ἐστι</span> <span class='ocrx_word' id='word_1_373' title='bbox 1298 2575 1316 2609; x_wconf 82' lang='grc' dir='ltr'><strong>ι</strong></span> <span class='ocrx_word' id='word_1_374' title='bbox 1343 2555 1640 2629; x_wconf 79' lang='grc' dir='ltr'>προσδοκία</span> <span class='ocrx_word' id='word_1_375' title='bbox 1699 2555 1901 2609; x_wconf 76' lang='grc' dir='ltr'>ἐθνῶνο</span> <span class='ocrx_word' id='word_1_376' title='bbox 1944 2572 1963 2606; x_wconf 74' lang='grc' dir='ltr'><strong>ι</strong></span> <span class='ocrx_word' id='word_1_377' title='bbox 2006 2556 2143 2627; x_wconf 83' lang='grc' dir='ltr'>πρὸς</span> <span class='ocrx_word' id='word_1_378' title='bbox 2180 2555 2240 2610; x_wconf 82' lang='grc' dir='ltr'>ὃν</span> <span class='ocrx_word' id='word_1_379' title='bbox 2308 2556 2402 2609; x_wconf 78' lang='grc' dir='ltr'>καὶ</span> <span class='ocrx_word' id='word_1_380' title='bbox 2433 2558 2463 2610; x_wconf 91' lang='grc' dir='ltr'><strong>ό</strong></span> <span class='ocrx_word' id='word_1_381' title='bbox 2518 2555 2804 2623; x_wconf 78' lang='grc' dir='ltr'>θεσπέσιος</span> <span class='ocrx_word' id='word_1_382' title='bbox 2848 2560 3154 2637; x_wconf 86' lang='grc' dir='ltr'>ἀναμέλπει</span> <span class='ocrx_word' id='word_1_383' title='bbox 3185 2560 3380 2614; x_wconf 76' lang='grc' dir='ltr'>Δαϐίδ·</span> <span class='ocrx_word' id='word_1_384' title='bbox 3422 2577 3440 2611; x_wconf 80' lang='grc' dir='ltr'><strong>ι</strong></span> <span class='ocrx_word' id='word_1_385' title='bbox 3472 2559 3660 2612; x_wconf 80' lang='grc' dir='ltr'>Πάντα</span> 
     </span>
    </p>
   </div>
   <div class='ocr_carea' id='block_1_53' title="bbox 377 2648 3660 2726">
    <p class='ocr_par' dir='ltr' id='par_1_53' title="bbox 377 2648 3660 2726">
     <span class='ocr_line' id='line_1_53' title="bbox 377 2648 3660 2726; baseline -0.001 -16"><span class='ocrx_word' id='word_1_386' title='bbox 377 2656 456 2710; x_wconf 75' lang='grc' dir='ltr'><strong>τά</strong></span> <span class='ocrx_word' id='word_1_387' title='bbox 498 2655 624 2726; x_wconf 71' lang='grc' dir='ltr'>ἔθνη</span> <span class='ocrx_word' id='word_1_388' title='bbox 662 2656 762 2709; x_wconf 77' lang='grc' dir='ltr'>ὅσα</span> <span class='ocrx_word' id='word_1_389' title='bbox 807 2653 1069 2725; x_wconf 77' lang='grc' dir='ltr'>ἐποίησας</span> <span class='ocrx_word' id='word_1_390' title='bbox 1116 2650 1308 2724; x_wconf 72' lang='grc' dir='ltr'>ἠξουσι</span> <span class='ocrx_word' id='word_1_391' title='bbox 1354 2652 1448 2705; x_wconf 77' lang='grc' dir='ltr'>καὶ</span> <span class='ocrx_word' id='word_1_392' title='bbox 1496 2650 1970 2723; x_wconf 80' lang='grc' dir='ltr'>προσκυνήσουσιν</span> <span class='ocrx_word' id='word_1_393' title='bbox 2042 2648 2273 2704; x_wconf 74' lang='grc' dir='ltr'>ἐνώπιόν</span> <span class='ocrx_word' id='word_1_394' title='bbox 2323 2667 2440 2717; x_wconf 90' lang='grc' dir='ltr'>σου,</span> <span class='ocrx_word' id='word_1_395' title='bbox 2466 2651 2660 2724; x_wconf 83' lang='grc' dir='ltr'>Κύριε.</span> <span class='ocrx_word' id='word_1_396' title='bbox 2691 2672 2709 2706; x_wconf 72' lang='grc' dir='ltr'><strong>ι</strong></span> <span class='ocrx_word' id='word_1_397' title='bbox 2772 2652 3052 2708; x_wconf 80' lang='grc' dir='ltr'>Σέσωσται</span> <span class='ocrx_word' id='word_1_398' title='bbox 3099 2656 3209 2726; x_wconf 82' lang='grc' dir='ltr'><strong>γὰρ</strong></span> <span class='ocrx_word' id='word_1_399' title='bbox 3251 2653 3318 2707; x_wconf 80' lang='grc' dir='ltr'>δι’</span> <span class='ocrx_word' id='word_1_400' title='bbox 3354 2652 3520 2708; x_wconf 82' lang='grc' dir='ltr'>αὑτοῦ</span> <span class='ocrx_word' id='word_1_401' title='bbox 3563 2653 3660 2707; x_wconf 78' lang='grc' dir='ltr'>καὶ</span> 
     </span>
    </p>
   </div>
   <div class='ocr_carea' id='block_1_54' title="bbox 379 2745 1164 2819">
    <p class='ocr_par' dir='ltr' id='par_1_54' title="bbox 379 2745 1164 2819">
     <span class='ocr_line' id='line_1_54' title="bbox 379 2745 1164 2819; baseline -0.005 -15"><span class='ocrx_word' id='word_1_402' title='bbox 379 2748 526 2819; x_wconf 81' lang='grc' dir='ltr'>αύτὴ</span> <span class='ocrx_word' id='word_1_403' title='bbox 550 2748 655 2802; x_wconf 89' lang='grc' dir='ltr'><strong>τῶν</strong></span> <span class='ocrx_word' id='word_1_404' title='bbox 678 2746 846 2803; x_wconf 78' lang='grc' dir='ltr'>ἐθνῶν</span> <span class='ocrx_word' id='word_1_405' title='bbox 874 2748 910 2817; x_wconf 77' lang='grc' dir='ltr'><strong>ἡ</strong></span> <span class='ocrx_word' id='word_1_406' title='bbox 935 2745 1164 2819; x_wconf 85' lang='grc' dir='ltr'>πληθύς.</span> 
     </span>
    </p>
   </div>
   <div class='ocr_carea' id='block_1_55' title="bbox 994 2879 1356 2937">
    <p class='ocr_par' dir='ltr' id='par_1_55' title="bbox 994 2879 1356 2937">
     <span class='ocr_line' id='line_1_55' title="bbox 994 2879 1356 2937; baseline -0.006 -2"><span class='ocrx_word' id='word_1_407' title='bbox 994 2881 1248 2937; x_wconf 73' lang='grc' dir='ltr'><strong>ΚΕΦΛΔ.</strong></span> <span class='ocrx_word' id='word_1_408' title='bbox 1279 2879 1356 2933; x_wconf 85' lang='grc' dir='ltr'><strong>Θ¹.</strong></span> 
     </span>
    </p>
   </div>
   <div class='ocr_carea' id='block_1_56' title="bbox 455 3004 1970 3079">
    <p class='ocr_par' dir='ltr' id='par_1_56' title="bbox 455 3004 1970 3079">
     <span class='ocr_line' id='line_1_56' title="bbox 455 3004 1970 3079; baseline 0 -16"><span class='ocrx_word' id='word_1_409' title='bbox 455 3006 670 3078; x_wconf 83' lang='grc' dir='ltr'>Λῆμμα</span> <span class='ocrx_word' id='word_1_410' title='bbox 695 3007 884 3079; x_wconf 74' lang='grc' dir='ltr'>λόγου</span> <span class='ocrx_word' id='word_1_411' title='bbox 916 3008 1136 3076; x_wconf 79' lang='lat' dir='ltr'><strong>Kvplov</strong></span> <span class='ocrx_word' id='word_1_412' title='bbox 1162 3007 1232 3061; x_wconf 83' lang='grc' dir='ltr'><strong>ἐν</strong></span> <span class='ocrx_word' id='word_1_413' title='bbox 1257 3004 1335 3078; x_wconf 76' lang='grc' dir='ltr'>γῇ</span> <span class='ocrx_word' id='word_1_414' title='bbox 1371 3005 1600 3078; x_wconf 80' lang='grc' dir='ltr'>Ἆδρὰχ,</span> <span class='ocrx_word' id='word_1_415' title='bbox 1635 3008 1736 3063; x_wconf 83' lang='grc' dir='ltr'><strong>καί</strong></span> <span class='ocrx_word' id='word_1_416' title='bbox 1777 3009 1970 3078; x_wconf 81' lang='grc' dir='ltr'>Δαμα-</span> 
     </span>
    </p>
   </div>
   <div class='ocr_carea' id='block_1_57' title="bbox 380 3099 1970 3171">
    <p class='ocr_par' dir='ltr' id='par_1_57' title="bbox 380 3099 1970 3171">
     <span class='ocr_line' id='line_1_57' title="bbox 380 3099 1970 3171; baseline -0.001 -14"><span class='ocrx_word' id='word_1_417' title='bbox 380 3100 541 3157; x_wconf 86' lang='grc' dir='ltr'>σκοῦ</span> <span class='ocrx_word' id='word_1_418' title='bbox 573 3099 920 3167; x_wconf 80' lang='grc' dir='ltr'>ἀνάπαυσις</span> <span class='ocrx_word' id='word_1_419' title='bbox 958 3100 1166 3164; x_wconf 82' lang='grc' dir='ltr'>αὑτοῦ,</span> <span class='ocrx_word' id='word_1_420' title='bbox 1201 3099 1351 3155; x_wconf 79' lang='grc' dir='ltr'>διότι</span> <span class='ocrx_word' id='word_1_421' title='bbox 1395 3100 1613 3169; x_wconf 81' lang='grc' dir='ltr'>Κύριος</span> <span class='ocrx_word' id='word_1_422' title='bbox 1648 3100 1836 3171; x_wconf 67' lang='grc' dir='ltr'>ἐφορᾷ</span> <span class='ocrx_word' id='word_1_423' title='bbox 1863 3102 1970 3156; x_wconf 81' lang='grc' dir='ltr'><strong>ἀν-</strong></span> 
     </span>
    </p>
   </div>
   <div class='ocr_carea' id='block_1_58' title="bbox 380 3190 1972 3262">
    <p class='ocr_par' dir='ltr' id='par_1_58' title="bbox 380 3190 1972 3262">
     <span class='ocr_line' id='line_1_58' title="bbox 380 3190 1972 3262; baseline 0.001 -15"><span class='ocrx_word' id='word_1_424' title='bbox 380 3192 679 3261; x_wconf 77' lang='grc' dir='ltr'>θρώπους,</span> <span class='ocrx_word' id='word_1_425' title='bbox 737 3191 837 3244; x_wconf 75' lang='grc' dir='ltr'>καὶ</span> <span class='ocrx_word' id='word_1_426' title='bbox 888 3190 1090 3258; x_wconf 80' lang='grc' dir='ltr'>πάσας</span> <span class='ocrx_word' id='word_1_427' title='bbox 1138 3190 1341 3261; x_wconf 70' lang='grc' dir='ltr'><em>φυλὰς</em></span> <span class='ocrx_word' id='word_1_428' title='bbox 1392 3191 1501 3246; x_wconf 79' lang='grc' dir='ltr'><strong>τοῦ</strong></span> <span class='ocrx_word' id='word_1_429' title='bbox 1541 3193 1808 3262; x_wconf 75' lang='grc' dir='ltr'>Ἰσραήλ.</span> <span class='ocrx_word' id='word_1_430' title='bbox 1861 3193 1972 3250; x_wconf 75' lang='grc' dir='ltr'><strong>Καὶ</strong></span> 
     </span>
    </p>
   </div>
   <div class='ocr_carea' id='block_1_59' title="bbox 394 3282 1271 3354">
    <p class='ocr_par' dir='ltr' id='par_1_59' title="bbox 394 3282 1271 3354">
     <span class='ocr_line' id='line_1_59' title="bbox 394 3282 1271 3354; baseline -0.001 -14"><span class='ocrx_word' id='word_1_431' title='bbox 394 3284 574 3354; x_wconf 80' lang='grc' dir='ltr'>Ἠμὰθ</span> <span class='ocrx_word' id='word_1_432' title='bbox 598 3284 667 3337; x_wconf 82' lang='grc' dir='ltr'><strong>ἐν</strong></span> <span class='ocrx_word' id='word_1_433' title='bbox 694 3282 820 3348; x_wconf 83' lang='grc' dir='ltr'>τοῖς</span> <span class='ocrx_word' id='word_1_434' title='bbox 854 3283 1039 3351; x_wconf 75' lang='grc' dir='ltr'>ὁρίοις</span> <span class='ocrx_word' id='word_1_435' title='bbox 1060 3283 1271 3353; x_wconf 81' lang='grc' dir='ltr'>αὐτῆς.</span> 
     </span>
    </p>
   </div>
   <div class='ocr_carea' id='block_1_60' title="bbox 455 3377 1974 3450">
    <p class='ocr_par' dir='ltr' id='par_1_60' title="bbox 455 3377 1974 3450">
     <span class='ocr_line' id='line_1_60' title="bbox 455 3377 1974 3450; baseline 0.002 -19"><span class='ocrx_word' id='word_1_436' title='bbox 455 3378 582 3431; x_wconf 84' lang='lat' dir='ltr'><strong>NB’.</strong></span> <span class='ocrx_word' id='word_1_437' title='bbox 626 3378 741 3431; x_wconf 74' lang='grc' dir='ltr'><strong>Οὐκ</strong></span> <span class='ocrx_word' id='word_1_438' title='bbox 768 3377 975 3449; x_wconf 77' lang='grc' dir='ltr'>ἄτραχυ</span> <span class='ocrx_word' id='word_1_439' title='bbox 1013 3378 1112 3448; x_wconf 76' lang='grc' dir='ltr'>μὲν</span> <span class='ocrx_word' id='word_1_440' title='bbox 1148 3378 1207 3431; x_wconf 78' lang='grc' dir='ltr'><strong>τὸ</strong></span> <span class='ocrx_word' id='word_1_441' title='bbox 1236 3377 1617 3450; x_wconf 85' lang='grc' dir='ltr'>προκείμενον,</span> <span class='ocrx_word' id='word_1_442' title='bbox 1652 3378 1974 3449; x_wconf 78' lang='grc' dir='ltr'>δυσέφικτος</span> 
     </span>
    </p>
   </div>
   <div class='ocr_carea' id='block_1_61' title="bbox 382 3468 1975 3544">
    <p class='ocr_par' dir='ltr' id='par_1_61' title="bbox 382 3468 1975 3544">
     <span class='ocr_line' id='line_1_61' title="bbox 382 3468 1975 3544; baseline 0.001 -20"><span class='ocrx_word' id='word_1_443' title='bbox 382 3470 442 3524; x_wconf 71' lang='grc' dir='ltr'>δὲ</span> <span class='ocrx_word' id='word_1_444' title='bbox 470 3469 667 3541; x_wconf 78' lang='grc' dir='ltr'>κομιδῇ</span> <span class='ocrx_word' id='word_1_445' title='bbox 697 3470 792 3523; x_wconf 79' lang='grc' dir='ltr'>καὶ</span> <span class='ocrx_word' id='word_1_446' title='bbox 820 3469 958 3540; x_wconf 80' lang='grc' dir='ltr'>αύτὴ</span> <span class='ocrx_word' id='word_1_447' title='bbox 986 3469 1095 3524; x_wconf 87' lang='grc' dir='ltr'><strong>τῶν</strong></span> <span class='ocrx_word' id='word_1_448' title='bbox 1124 3468 1325 3536; x_wconf 84' lang='grc' dir='ltr'>λέξεων</span> <span class='ocrx_word' id='word_1_449' title='bbox 1354 3472 1387 3542; x_wconf 82' lang='grc' dir='ltr'>ὴ</span> <span class='ocrx_word' id='word_1_450' title='bbox 1422 3470 1687 3544; x_wconf 82' lang='grc' dir='ltr'>συνθήκη.</span> <span class='ocrx_word' id='word_1_451' title='bbox 1722 3472 1869 3543; x_wconf 69' lang='grc' dir='ltr'>Πλὴν</span> <span class='ocrx_word' id='word_1_452' title='bbox 1898 3471 1975 3532; x_wconf 82' lang='grc' dir='ltr'>ὡς</span> 
     </span>
    </p>
   </div>
   <div class='ocr_carea' id='block_1_62' title="bbox 384 3558 1974 3635">
    <p class='ocr_par' dir='ltr' id='par_1_62' title="bbox 384 3558 1974 3635">
     <span class='ocr_line' id='line_1_62' title="bbox 384 3558 1974 3635; baseline 0.001 -19"><span class='ocrx_word' id='word_1_453' title='bbox 384 3563 467 3617; x_wconf 72' lang='grc' dir='ltr'><strong>ενι</strong></span> <span class='ocrx_word' id='word_1_454' title='bbox 492 3561 771 3627; x_wconf 79' lang='grc' dir='ltr'>λελέξεται</span> <span class='ocrx_word' id='word_1_455' title='bbox 788 3562 970 3634; x_wconf 76' lang='grc' dir='ltr'>πρδςή</span> <span class='ocrx_word' id='word_1_456' title='bbox 982 3563 1122 3633; x_wconf 84' lang='grc' dir='ltr'>μῶν.</span> <span class='ocrx_word' id='word_1_457' title='bbox 1155 3563 1237 3618; x_wconf 87' lang='grc' dir='ltr'>Τά</span> <span class='ocrx_word' id='word_1_458' title='bbox 1266 3580 1329 3632; x_wconf 90' lang='grc' dir='ltr'><strong>γε</strong></span> <span class='ocrx_word' id='word_1_459' title='bbox 1360 3562 1467 3635; x_wconf 77' lang='grc' dir='ltr'>μὴν</span> <span class='ocrx_word' id='word_1_460' title='bbox 1501 3565 1588 3634; x_wconf 76' lang='grc' dir='ltr'><strong>ἐφ’</strong></span> <span class='ocrx_word' id='word_1_461' title='bbox 1612 3558 1694 3628; x_wconf 70' lang='grc' dir='ltr'><strong>οἷς</strong></span> <span class='ocrx_word' id='word_1_462' title='bbox 1723 3564 1974 3635; x_wconf 84' lang='grc' dir='ltr'>εἰρῆσθαι</span> 
     </span>
    </p>
   </div>
   <div class='ocr_carea' id='block_1_63' title="bbox 384 3651 1975 3725">
    <p class='ocr_par' dir='ltr' id='par_1_63' title="bbox 384 3651 1975 3725">
     <span class='ocr_line' id='line_1_63' title="bbox 384 3651 1975 3725; baseline 0.001 -19"><span class='ocrx_word' id='word_1_463' title='bbox 384 3653 563 3706; x_wconf 80' lang='grc' dir='ltr'>ταῦτα</span> <span class='ocrx_word' id='word_1_464' title='bbox 592 3651 911 3723; x_wconf 77' lang='grc' dir='ltr'>νομιοῦμεν,</span> <span class='ocrx_word' id='word_1_465' title='bbox 930 3651 1153 3716; x_wconf 85' lang='grc' dir='ltr'>εἰκότως</span> <span class='ocrx_word' id='word_1_466' title='bbox 1179 3652 1575 3725; x_wconf 74' lang='grc' dir='ltr'>προαγορεύειν</span> <span class='ocrx_word' id='word_1_467' title='bbox 1594 3654 1827 3725; x_wconf 80' lang='grc' dir='ltr'>ἀνάγκη·</span> <span class='ocrx_word' id='word_1_468' title='bbox 1852 3670 1975 3725; x_wconf 91' lang='grc' dir='ltr'>νοη-</span> 
     </span>
    </p>
   </div>
   <div class='ocr_carea' id='block_1_64' title="bbox 386 3739 1972 3817">
    <p class='ocr_par' dir='ltr' id='par_1_64' title="bbox 386 3739 1972 3817">
     <span class='ocr_line' id='line_1_64' title="bbox 386 3739 1972 3817; baseline -0.001 -19"><span class='ocrx_word' id='word_1_469' title='bbox 386 3744 508 3817; x_wconf 84' lang='grc' dir='ltr'>θείη</span> <span class='ocrx_word' id='word_1_470' title='bbox 533 3745 643 3816; x_wconf 88' lang='grc' dir='ltr'><strong>γάρ</strong></span> <span class='ocrx_word' id='word_1_471' title='bbox 666 3745 732 3798; x_wconf 83' lang='grc' dir='ltr'>ἂν</span> <span class='ocrx_word' id='word_1_472' title='bbox 762 3739 865 3797; x_wconf 74' lang='grc' dir='ltr'>ὧδέ</span> <span class='ocrx_word' id='word_1_473' title='bbox 902 3760 961 3797; x_wconf 88' lang='grc' dir='ltr'><strong>τε</strong></span> <span class='ocrx_word' id='word_1_474' title='bbox 991 3743 1085 3797; x_wconf 72' lang='grc' dir='ltr'>καὶ</span> <span class='ocrx_word' id='word_1_475' title='bbox 1114 3743 1265 3814; x_wconf 81' lang='grc' dir='ltr'>μόλις</span> <span class='ocrx_word' id='word_1_476' title='bbox 1294 3743 1392 3815; x_wconf 82' lang='grc' dir='ltr'>τῆς</span> <span class='ocrx_word' id='word_1_477' title='bbox 1421 3743 1753 3814; x_wconf 79' lang='grc' dir='ltr'>προφητείας</span> <span class='ocrx_word' id='word_1_478' title='bbox 1776 3745 1804 3797; x_wconf 86' lang='grc' dir='ltr'><strong>ὁ</strong></span> <span class='ocrx_word' id='word_1_479' title='bbox 1827 3742 1972 3806; x_wconf 89' lang='grc' dir='ltr'>νοῦς.</span> 
     </span>
    </p>
   </div>
   <div class='ocr_carea' id='block_1_65' title="bbox 385 3833 1975 3907">
    <p class='ocr_par' dir='ltr' id='par_1_65' title="bbox 385 3833 1975 3907">
     <span class='ocr_line' id='line_1_65' title="bbox 385 3833 1975 3907; baseline -0.003 -16"><span class='ocrx_word' id='word_1_480' title='bbox 385 3838 520 3891; x_wconf 85' lang='grc' dir='ltr'>Ὅτε</span> <span class='ocrx_word' id='word_1_481' title='bbox 552 3836 729 3890; x_wconf 86' lang='grc' dir='ltr'>τοίνυν</span> <span class='ocrx_word' id='word_1_482' title='bbox 766 3836 873 3889; x_wconf 91' lang='grc' dir='ltr'><strong>τῶν</strong></span> <span class='ocrx_word' id='word_1_483' title='bbox 913 3835 1011 3906; x_wconf 82' lang='grc' dir='ltr'>τῆς</span> <span class='ocrx_word' id='word_1_484' title='bbox 1051 3834 1427 3905; x_wconf 77' lang='grc' dir='ltr'>αἰχμαλωσίας</span> <span class='ocrx_word' id='word_1_485' title='bbox 1458 3833 1673 3905; x_wconf 85' lang='grc' dir='ltr'>δεσμῶν</span> <span class='ocrx_word' id='word_1_486' title='bbox 1703 3835 1888 3907; x_wconf 80' lang='grc' dir='ltr'>ἀνείθη</span> <span class='ocrx_word' id='word_1_487' title='bbox 1916 3850 1975 3887; x_wconf 85' lang='grc' dir='ltr'><strong>τε</strong></span> 
     </span>
    </p>
   </div>
   <div class='ocr_carea' id='block_1_66' title="bbox 387 3922 1975 4001">
    <p class='ocr_par' dir='ltr' id='par_1_66' title="bbox 387 3922 1975 4001">
     <span class='ocr_line' id='line_1_66' title="bbox 387 3922 1975 4001; baseline -0.003 -16"><span class='ocrx_word' id='word_1_488' title='bbox 387 3932 484 3985; x_wconf 73' lang='grc' dir='ltr'>καὶ</span> <span class='ocrx_word' id='word_1_489' title='bbox 539 3926 887 4001; x_wconf 72' lang='grc' dir='ltr'>ἀπήλλακται</span> <span class='ocrx_word' id='word_1_490' title='bbox 937 3927 1079 3980; x_wconf 82' lang='grc' dir='ltr'>κατὰ</span> <span class='ocrx_word' id='word_1_491' title='bbox 1126 3928 1351 3999; x_wconf 82' lang='grc' dir='ltr'>καιροὺς</span> <span class='ocrx_word' id='word_1_492' title='bbox 1402 3926 1694 3999; x_wconf 77' lang='grc' dir='ltr'>ὁἸσραὴλ,</span> <span class='ocrx_word' id='word_1_493' title='bbox 1736 3922 1871 4000; x_wconf 81' lang='grc' dir='ltr'>ἧκόν</span> <span class='ocrx_word' id='word_1_494' title='bbox 1914 3943 1975 3980; x_wconf 82' lang='grc' dir='ltr'><strong>τε</strong></span> 
     </span>
    </p>
   </div>
   <div class='ocr_carea' id='block_1_67' title="bbox 387 4018 1977 4091">
    <p class='ocr_par' dir='ltr' id='par_1_67' title="bbox 387 4018 1977 4091">
     <span class='ocr_line' id='line_1_67' title="bbox 387 4018 1977 4091; baseline 0 -18"><span class='ocrx_word' id='word_1_495' title='bbox 387 4022 578 4075; x_wconf 57' lang='lat' dir='ltr'><strong>leta-9w</strong></span> <span class='ocrx_word' id='word_1_496' title='bbox 604 4022 686 4084; x_wconf 89' lang='grc' dir='ltr'><strong>εἰς</strong></span> <span class='ocrx_word' id='word_1_497' title='bbox 716 4018 814 4091; x_wconf 80' lang='grc' dir='ltr'>τὴν</span> <span class='ocrx_word' id='word_1_498' title='bbox 842 4018 1125 4085; x_wconf 83' lang='grc' dir='ltr'>Ἰουδαίαν,</span> <span class='ocrx_word' id='word_1_499' title='bbox 1149 4019 1243 4073; x_wconf 73' lang='grc' dir='ltr'>καὶ</span> <span class='ocrx_word' id='word_1_500' title='bbox 1272 4018 1631 4091; x_wconf 78' lang='grc' dir='ltr'>ἀνατειχίζειν</span> <span class='ocrx_word' id='word_1_501' title='bbox 1656 4018 1977 4091; x_wconf 74' lang='grc' dir='ltr'>ἐπεχείρουν</span> 
     </span>
    </p>
   </div>
   <div class='ocr_carea' id='block_1_68' title="bbox 390 4110 1977 4184">
    <p class='ocr_par' dir='ltr' id='par_1_68' title="bbox 390 4110 1977 4184">
     <span class='ocr_line' id='line_1_68' title="bbox 390 4110 1977 4184; baseline 0 -19"><span class='ocrx_word' id='word_1_502' title='bbox 390 4114 492 4183; x_wconf 69' lang='grc' dir='ltr'>τὴν</span> <span class='ocrx_word' id='word_1_503' title='bbox 527 4110 913 4184; x_wconf 80' lang='grc' dir='ltr'>Ἰερουσαλὴμ,</span> <span class='ocrx_word' id='word_1_504' title='bbox 958 4110 1080 4163; x_wconf 87' lang='grc' dir='ltr'>τότε</span> <span class='ocrx_word' id='word_1_505' title='bbox 1132 4110 1233 4181; x_wconf 76' lang='grc' dir='ltr'>δὴ,</span> <span class='ocrx_word' id='word_1_506' title='bbox 1282 4111 1404 4164; x_wconf 81' lang='grc' dir='ltr'>τότε</span> <span class='ocrx_word' id='word_1_507' title='bbox 1447 4111 1517 4164; x_wconf 85' lang='grc' dir='ltr'><strong>τά</strong></span> <span class='ocrx_word' id='word_1_508' title='bbox 1569 4111 1823 4182; x_wconf 80' lang='grc' dir='ltr'>περίοικα</span> <span class='ocrx_word' id='word_1_509' title='bbox 1869 4111 1977 4165; x_wconf 91' lang='grc' dir='ltr'><strong>τῶν</strong></span> 
     </span>
    </p>
   </div>
   <div class='ocr_carea' id='block_1_69' title="bbox 392 4199 1980 4273">
    <p class='ocr_par' dir='ltr' id='par_1_69' title="bbox 392 4199 1980 4273">
     <span class='ocr_line' id='line_1_69' title="bbox 392 4199 1980 4273; baseline -0.003 -16"><span class='ocrx_word' id='word_1_510' title='bbox 392 4204 587 4270; x_wconf 70' lang='grc' dir='ltr'>ἐθνῶν,</span> <span class='ocrx_word' id='word_1_511' title='bbox 612 4203 668 4257; x_wconf 82' lang='grc' dir='ltr'>οῖ</span> <span class='ocrx_word' id='word_1_512' title='bbox 690 4220 749 4255; x_wconf 86' lang='grc' dir='ltr'><strong>τε</strong></span> <span class='ocrx_word' id='word_1_513' title='bbox 782 4201 882 4273; x_wconf 78' lang='grc' dir='ltr'>τὴν</span> <span class='ocrx_word' id='word_1_514' title='bbox 911 4201 1228 4272; x_wconf 86' lang='grc' dir='ltr'>Σαμάρειαν</span> <span class='ocrx_word' id='word_1_515' title='bbox 1255 4199 1551 4268; x_wconf 75' lang='grc' dir='ltr'>οἰκοῦντες,</span> <span class='ocrx_word' id='word_1_516' title='bbox 1571 4201 1663 4255; x_wconf 77' lang='grc' dir='ltr'>καὶ</span> <span class='ocrx_word' id='word_1_517' title='bbox 1694 4201 1741 4254; x_wconf 86' lang='grc' dir='ltr'><strong>οἰ</strong></span> <span class='ocrx_word' id='word_1_518' title='bbox 1763 4200 1861 4265; x_wconf 82' lang='grc' dir='ltr'><strong>τὰς</strong></span> <span class='ocrx_word' id='word_1_519' title='bbox 1879 4203 1980 4272; x_wconf 82' lang='grc' dir='ltr'>τῆς</span> 
     </span>
    </p>
   </div>
   <div class='ocr_carea' id='block_1_70' title="bbox 394 4272 2050 4368">
    <p class='ocr_par' dir='ltr' id='par_1_70' title="bbox 394 4272 2050 4368">
     <span class='ocr_line' id='line_1_70' title="bbox 394 4272 2050 4368; baseline -0.005 -15"><span class='ocrx_word' id='word_1_520' title='bbox 394 4296 785 4368; x_wconf 81' lang='grc' dir='ltr'>Παλαιστίνης,</span> <span class='ocrx_word' id='word_1_521' title='bbox 805 4272 901 4349; x_wconf 77' lang='grc' dir='ltr'>καὶ</span> <span class='ocrx_word' id='word_1_522' title='bbox 937 4292 1041 4365; x_wconf 80' lang='grc' dir='ltr'>μὴν</span> <span class='ocrx_word' id='word_1_523' title='bbox 1075 4294 1167 4347; x_wconf 65' lang='grc' dir='ltr'>καὶ</span> <span class='ocrx_word' id='word_1_524' title='bbox 1190 4293 1443 4366; x_wconf 73' lang='grc' dir='ltr'>Φοινίκης</span> <span class='ocrx_word' id='word_1_525' title='bbox 1460 4293 1750 4364; x_wconf 84' lang='grc' dir='ltr'>νεμόμενοι</span> <span class='ocrx_word' id='word_1_526' title='bbox 1767 4292 1972 4357; x_wconf 75' lang='grc' dir='ltr'>πόλεις,</span> <span class='ocrx_word' id='word_1_527' title='bbox 2003 4272 2050 4328; x_wconf 78' lang='grc' dir='ltr'><strong>Ῐ)</strong></span> 
     </span>
    </p>
   </div>
   <div class='ocr_carea' id='block_1_71' title="bbox 393 4384 1982 4457">
    <p class='ocr_par' dir='ltr' id='par_1_71' title="bbox 393 4384 1982 4457">
     <span class='ocr_line' id='line_1_71' title="bbox 393 4384 1982 4457; baseline -0.006 -11"><span class='ocrx_word' id='word_1_528' title='bbox 393 4390 787 4446; x_wconf 83' lang='grc' dir='ltr'>κατεδάκνοντο</span> <span class='ocrx_word' id='word_1_529' title='bbox 814 4386 1014 4457; x_wconf 84' lang='grc' dir='ltr'>φθόνῳ,</span> <span class='ocrx_word' id='word_1_530' title='bbox 1042 4384 1177 4457; x_wconf 86' lang='grc' dir='ltr'>ὁμοῦ</span> <span class='ocrx_word' id='word_1_531' title='bbox 1220 4385 1275 4440; x_wconf 73' lang='grc' dir='ltr'>δὲ</span> <span class='ocrx_word' id='word_1_532' title='bbox 1318 4385 1411 4439; x_wconf 78' lang='grc' dir='ltr'>καὶ</span> <span class='ocrx_word' id='word_1_533' title='bbox 1438 4384 1728 4447; x_wconf 73' lang='grc' dir='ltr'>ἐδεδίεσαν,</span> <span class='ocrx_word' id='word_1_534' title='bbox 1758 4384 1831 4456; x_wconf 82' lang='grc' dir='ltr'>μὴ</span> <span class='ocrx_word' id='word_1_535' title='bbox 1874 4384 1982 4455; x_wconf 77' lang='grc' dir='ltr'>ἄρα</span> 
     </span>
    </p>
   </div>
   <div class='ocr_carea' id='block_1_72' title="bbox 393 4474 1981 4553">
    <p class='ocr_par' dir='ltr' id='par_1_72' title="bbox 393 4474 1981 4553">
     <span class='ocr_line' id='line_1_72' title="bbox 393 4474 1981 4553; baseline -0.006 -17"><span class='ocrx_word' id='word_1_536' title='bbox 393 4483 460 4553; x_wconf 82' lang='grc' dir='ltr'>δὴ</span> <span class='ocrx_word' id='word_1_537' title='bbox 485 4482 648 4536; x_wconf 83' lang='grc' dir='ltr'>πάλιν</span> <span class='ocrx_word' id='word_1_538' title='bbox 674 4480 1080 4549; x_wconf 88' lang='grc' dir='ltr'>άνενεγκόντων</span> <span class='ocrx_word' id='word_1_539' title='bbox 1123 4477 1306 4540; x_wconf 80' lang='grc' dir='ltr'>αὐτοῖς</span> <span class='ocrx_word' id='word_1_540' title='bbox 1330 4476 1437 4531; x_wconf 85' lang='grc' dir='ltr'><strong>τῶν</strong></span> <span class='ocrx_word' id='word_1_541' title='bbox 1460 4474 1981 4547; x_wconf 70' lang='grc' dir='ltr'>πραγμάτωνείςτὸ</span> 
     </span>
    </p>
   </div>
   <div class='ocr_carea' id='block_1_73' title="bbox 396 4566 1979 4644">
    <p class='ocr_par' dir='ltr' id='par_1_73' title="bbox 396 4566 1979 4644">
     <span class='ocr_line' id='line_1_73' title="bbox 396 4566 1979 4644; baseline -0.005 -16"><span class='ocrx_word' id='word_1_542' title='bbox 396 4575 488 4628; x_wconf 86' lang='grc' dir='ltr'><strong>ἀπ’</strong></span> <span class='ocrx_word' id='word_1_543' title='bbox 521 4574 719 4644; x_wconf 77' lang='grc' dir='ltr'>ἀρχῆς,</span> <span class='ocrx_word' id='word_1_544' title='bbox 751 4571 843 4627; x_wconf 78' lang='grc' dir='ltr'>καὶ</span> <span class='ocrx_word' id='word_1_545' title='bbox 871 4574 951 4635; x_wconf 87' lang='grc' dir='ltr'><strong>εἰς</strong></span> <span class='ocrx_word' id='word_1_546' title='bbox 984 4569 1193 4643; x_wconf 74' lang='grc' dir='ltr'>πληθὺν</span> <span class='ocrx_word' id='word_1_547' title='bbox 1242 4567 1551 4641; x_wconf 81' lang='grc' dir='ltr'>ἀμέτρητον</span> <span class='ocrx_word' id='word_1_548' title='bbox 1599 4566 1979 4636; x_wconf 81' lang='grc' dir='ltr'>ὲκτεινομένου</span> 
     </span>
    </p>
   </div>
   <div class='ocr_carea' id='block_1_74' title="bbox 392 4658 1976 4735">
    <p class='ocr_par' dir='ltr' id='par_1_74' title="bbox 392 4658 1976 4735">
     <span class='ocr_line' id='line_1_74' title="bbox 392 4658 1976 4735; baseline -0.004 -15"><span class='ocrx_word' id='word_1_549' title='bbox 392 4666 490 4721; x_wconf 84' lang='grc' dir='ltr'><strong>τοῦ</strong></span> <span class='ocrx_word' id='word_1_550' title='bbox 517 4667 731 4735; x_wconf 88' lang='grc' dir='ltr'>γένους,</span> <span class='ocrx_word' id='word_1_551' title='bbox 772 4660 893 4720; x_wconf 78' lang='grc' dir='ltr'>εἶτα</span> <span class='ocrx_word' id='word_1_552' title='bbox 920 4663 1075 4717; x_wconf 85' lang='grc' dir='ltr'>πόλιν</span> <span class='ocrx_word' id='word_1_553' title='bbox 1104 4662 1318 4733; x_wconf 78' lang='grc' dir='ltr'>ἔχοντες</span> <span class='ocrx_word' id='word_1_554' title='bbox 1361 4660 1458 4732; x_wconf 78' lang='grc' dir='ltr'>τὴν</span> <span class='ocrx_word' id='word_1_555' title='bbox 1491 4659 1633 4714; x_wconf 75' lang='grc' dir='ltr'>οὕτω</span> <span class='ocrx_word' id='word_1_556' title='bbox 1670 4658 1976 4714; x_wconf 88' lang='grc' dir='ltr'>δυσάλωτον</span> 
     </span>
    </p>
   </div>
   <div class='ocr_carea' id='block_1_75' title="bbox 392 4749 1975 4828">
    <p class='ocr_par' dir='ltr' id='par_1_75' title="bbox 392 4749 1975 4828">
     <span class='ocr_line' id='line_1_75' title="bbox 392 4749 1975 4828; baseline -0.006 -14"><span class='ocrx_word' id='word_1_557' title='bbox 392 4760 489 4813; x_wconf 66' lang='grc' dir='ltr'>καὶ</span> <span class='ocrx_word' id='word_1_558' title='bbox 523 4756 958 4828; x_wconf 82' lang='grc' dir='ltr'>εύπυργοτάτην,</span> <span class='ocrx_word' id='word_1_559' title='bbox 987 4751 1512 4826; x_wconf 88' lang='grc' dir='ltr'>καταστρατεύοιντο</span> <span class='ocrx_word' id='word_1_560' title='bbox 1559 4751 1721 4807; x_wconf 82' lang='grc' dir='ltr'>πάλιν</span> <span class='ocrx_word' id='word_1_561' title='bbox 1772 4749 1975 4818; x_wconf 78' lang='grc' dir='ltr'>αὐτῶν,</span> 
     </span>
    </p>
   </div>
   <div class='ocr_carea' id='block_1_76' title="bbox 389 4843 1979 4920">
    <p class='ocr_par' dir='ltr' id='par_1_76' title="bbox 389 4843 1979 4920">
     <span class='ocr_line' id='line_1_76' title="bbox 389 4843 1979 4920; baseline -0.004 -15"><span class='ocrx_word' id='word_1_562' title='bbox 389 4852 487 4905; x_wconf 71' lang='grc' dir='ltr'><strong>καὶ</strong></span> <span class='ocrx_word' id='word_1_563' title='bbox 517 4850 730 4920; x_wconf 79' lang='grc' dir='ltr'>ἄμαχόν</span> <span class='ocrx_word' id='word_1_564' title='bbox 766 4866 908 4916; x_wconf 90' lang='grc' dir='ltr'>τινα,</span> <span class='ocrx_word' id='word_1_565' title='bbox 933 4847 1075 4902; x_wconf 78' lang='grc' dir='ltr'><strong>καθά</strong></span> <span class='ocrx_word' id='word_1_566' title='bbox 1107 4846 1201 4901; x_wconf 75' lang='grc' dir='ltr'>καὶ</span> <span class='ocrx_word' id='word_1_567' title='bbox 1230 4845 1419 4910; x_wconf 86' lang='grc' dir='ltr'>πάλαι,</span> <span class='ocrx_word' id='word_1_568' title='bbox 1446 4843 1979 4916; x_wconf 79' lang='grc' dir='ltr'>κατεξαναστήσειαν</span> 
     </span>
    </p>
   </div>
   <div class='ocr_carea' id='block_1_77' title="bbox 390 4934 1983 5013">
    <p class='ocr_par' dir='ltr' id='par_1_77' title="bbox 390 4934 1983 5013">
     <span class='ocr_line' id='line_1_77' title="bbox 390 4934 1983 5013; baseline -0.004 -17"><span class='ocrx_word' id='word_1_569' title='bbox 390 4942 575 4997; x_wconf 71' lang='grc' dir='ltr'>αὐτῶν</span> <span class='ocrx_word' id='word_1_570' title='bbox 595 4940 693 5013; x_wconf 81' lang='grc' dir='ltr'><strong>τὴν</strong></span> <span class='ocrx_word' id='word_1_571' title='bbox 708 4943 890 5011; x_wconf 81' lang='grc' dir='ltr'>χεῖρα,</span> <span class='ocrx_word' id='word_1_572' title='bbox 908 4937 1083 5013; x_wconf 78' lang='grc' dir='ltr'>ταύτῃ</span> <span class='ocrx_word' id='word_1_573' title='bbox 1100 4955 1182 4990; x_wconf 81' lang='grc' dir='ltr'><strong>τοι</strong></span> <span class='ocrx_word' id='word_1_574' title='bbox 1205 4934 1462 5007; x_wconf 79' lang='grc' dir='ltr'>τειχίζειν</span> <span class='ocrx_word' id='word_1_575' title='bbox 1484 4934 1765 4999; x_wconf 80' lang='grc' dir='ltr'>ἐθέλοντας</span> <span class='ocrx_word' id='word_1_576' title='bbox 1787 4935 1983 4989; x_wconf 85' lang='grc' dir='ltr'>διακω-</span> 
     </span>
    </p>
   </div>
   <div class='ocr_carea' id='block_1_78' title="bbox 392 5025 1979 5105">
    <p class='ocr_par' dir='ltr' id='par_1_78' title="bbox 392 5025 1979 5105">
     <span class='ocr_line' id='line_1_78' title="bbox 392 5025 1979 5105; baseline -0.004 -19"><span class='ocrx_word' id='word_1_577' title='bbox 392 5036 540 5088; x_wconf 85' lang='grc' dir='ltr'>λύειν</span> <span class='ocrx_word' id='word_1_578' title='bbox 585 5032 802 5105; x_wconf 79' lang='grc' dir='ltr'>ἦθελον,</span> <span class='ocrx_word' id='word_1_579' title='bbox 845 5031 1077 5101; x_wconf 70' lang='grc' dir='ltr'>πικροὺς</span> <span class='ocrx_word' id='word_1_580' title='bbox 1120 5028 1414 5101; x_wconf 77' lang='grc' dir='ltr'>ἀρτύοντες</span> <span class='ocrx_word' id='word_1_581' title='bbox 1455 5025 1669 5091; x_wconf 83' lang='grc' dir='ltr'>λόγους.</span> <span class='ocrx_word' id='word_1_582' title='bbox 1722 5027 1815 5080; x_wconf 74' lang='grc' dir='ltr'>καὶ</span> <span class='ocrx_word' id='word_1_583' title='bbox 1872 5025 1979 5098; x_wconf 80' lang='grc' dir='ltr'>μὴν</span> 
     </span>
    </p>
   </div>
   <div class='ocr_carea' id='block_1_79' title="bbox 392 5112 1981 5195">
    <p class='ocr_par' dir='ltr' id='par_1_79' title="bbox 392 5112 1981 5195">
     <span class='ocr_line' id='line_1_79' title="bbox 392 5112 1981 5195; baseline -0.004 -16"><span class='ocrx_word' id='word_1_584' title='bbox 392 5126 486 5179; x_wconf 74' lang='grc' dir='ltr'>καὶ</span> <span class='ocrx_word' id='word_1_585' title='bbox 523 5124 750 5195; x_wconf 75' lang='grc' dir='ltr'>ἐφόδους</span> <span class='ocrx_word' id='word_1_586' title='bbox 789 5123 1088 5195; x_wconf 77' lang='grc' dir='ltr'>λῃστρικάς</span> <span class='ocrx_word' id='word_1_587' title='bbox 1116 5120 1361 5184; x_wconf 78' lang='grc' dir='ltr'>ἱστάντες</span> <span class='ocrx_word' id='word_1_588' title='bbox 1394 5112 1779 5183; x_wconf 79' lang='grc' dir='ltr'>αύτοῖς.ἿῙκον</span> <span class='ocrx_word' id='word_1_589' title='bbox 1807 5118 1864 5172; x_wconf 81' lang='grc' dir='ltr'>δὲ</span> <span class='ocrx_word' id='word_1_590' title='bbox 1898 5119 1981 5185; x_wconf 87' lang='grc' dir='ltr'><strong>εἰς</strong></span> 
     </span>
    </p>
   </div>
   <div class='ocr_carea' id='block_1_80' title="bbox 392 5208 1980 5284">
    <p class='ocr_par' dir='ltr' id='par_1_80' title="bbox 392 5208 1980 5284">
     <span class='ocr_line' id='line_1_80' title="bbox 392 5208 1980 5284; baseline -0.004 -16"><span class='ocrx_word' id='word_1_591' title='bbox 392 5214 551 5268; x_wconf 84' lang='grc' dir='ltr'>τοῦτο</span> <span class='ocrx_word' id='word_1_592' title='bbox 599 5212 898 5284; x_wconf 77' lang='grc' dir='ltr'>βασκανίας</span> <span class='ocrx_word' id='word_1_593' title='bbox 929 5212 1021 5265; x_wconf 79' lang='grc' dir='ltr'>καὶ</span> <span class='ocrx_word' id='word_1_594' title='bbox 1074 5209 1299 5280; x_wconf 79' lang='grc' dir='ltr'>φθόνου,</span> <span class='ocrx_word' id='word_1_595' title='bbox 1346 5209 1486 5263; x_wconf 81' lang='grc' dir='ltr'>ὥστε</span> <span class='ocrx_word' id='word_1_596' title='bbox 1529 5209 1622 5263; x_wconf 76' lang='grc' dir='ltr'>καὶ</span> <span class='ocrx_word' id='word_1_597' title='bbox 1668 5208 1980 5280; x_wconf 81' lang='grc' dir='ltr'>γεγράφασι</span> 
     </span>
    </p>
   </div>
   <div class='ocr_carea' id='block_1_81' title="bbox 392 5300 1981 5377">
    <p class='ocr_par' dir='ltr' id='par_1_81' title="bbox 392 5300 1981 5377">
     <span class='ocr_line' id='line_1_81' title="bbox 392 5300 1981 5377; baseline -0.004 -18"><span class='ocrx_word' id='word_1_598' title='bbox 392 5306 470 5377; x_wconf 84' lang='grc' dir='ltr'>τῷ</span> <span class='ocrx_word' id='word_1_599' title='bbox 500 5305 727 5377; x_wconf 78' lang='grc' dir='ltr'>Περσῶν</span> <span class='ocrx_word' id='word_1_600' title='bbox 757 5302 1095 5374; x_wconf 77' lang='grc' dir='ltr'>βασιλεύοντι</span> <span class='ocrx_word' id='word_1_601' title='bbox 1124 5302 1184 5355; x_wconf 81' lang='grc' dir='ltr'>τὸ</span> <span class='ocrx_word' id='word_1_602' title='bbox 1209 5301 1464 5372; x_wconf 81' lang='grc' dir='ltr'>τηνικάδε</span> <span class='ocrx_word' id='word_1_603' title='bbox 1487 5301 1554 5354; x_wconf 79' lang='grc' dir='ltr'><strong>τά</strong></span> <span class='ocrx_word' id='word_1_604' title='bbox 1584 5303 1641 5355; x_wconf 85' lang='grc' dir='ltr'>ὲν</span> <span class='ocrx_word' id='word_1_605' title='bbox 1666 5300 1743 5373; x_wconf 83' lang='grc' dir='ltr'>τῷ</span> <span class='ocrx_word' id='word_1_606' title='bbox 1776 5300 1981 5373; x_wconf 76' lang='grc' dir='ltr'>Ἕσδρᾳ</span> 
     </span>
    </p>
   </div>
   <div class='ocr_carea' id='block_1_82' title="bbox 391 5391 1980 5469">
    <p class='ocr_par' dir='ltr' id='par_1_82' title="bbox 391 5391 1980 5469">
     <span class='ocr_line' id='line_1_82' title="bbox 391 5391 1980 5469; baseline -0.005 -16"><span class='ocrx_word' id='word_1_607' title='bbox 391 5398 639 5469; x_wconf 83' lang='grc' dir='ltr'>κείμενα.</span> <span class='ocrx_word' id='word_1_608' title='bbox 684 5397 839 5466; x_wconf 83' lang='grc' dir='ltr'>Ἔχει</span> <span class='ocrx_word' id='word_1_609' title='bbox 886 5395 944 5448; x_wconf 80' lang='grc' dir='ltr'>δὲ</span> <span class='ocrx_word' id='word_1_610' title='bbox 976 5392 1179 5457; x_wconf 77' lang='grc' dir='ltr'>οὕτως·</span> <span class='ocrx_word' id='word_1_611' title='bbox 1215 5413 1232 5445; x_wconf 78' lang='grc' dir='ltr'><strong>ι</strong></span> <span class='ocrx_word' id='word_1_612' title='bbox 1269 5392 1486 5446; x_wconf 83' lang='grc' dir='ltr'>Βασιλεῖ</span> <span class='ocrx_word' id='word_1_613' title='bbox 1513 5391 1841 5468; x_wconf 80' lang='grc' dir='ltr'>Ἀρταξέρξῃ</span> <span class='ocrx_word' id='word_1_614' title='bbox 1880 5409 1980 5446; x_wconf 83' lang='grc' dir='ltr'>κυ-</span> 
     </span>
    </p>
   </div>
   <div class='ocr_carea' id='block_1_83' title="bbox 394 5481 1977 5561">
    <p class='ocr_par' dir='ltr' id='par_1_83' title="bbox 394 5481 1977 5561">
     <span class='ocr_line' id='line_1_83' title="bbox 394 5481 1977 5561; baseline -0.003 -18"><span class='ocrx_word' id='word_1_615' title='bbox 394 5488 513 5561; x_wconf 83' lang='grc' dir='ltr'>ρίῳ.</span> <span class='ocrx_word' id='word_1_616' title='bbox 543 5490 593 5542; x_wconf 89' lang='grc' dir='ltr'>οἱ</span> <span class='ocrx_word' id='word_1_617' title='bbox 624 5486 813 5549; x_wconf 81' lang='grc' dir='ltr'>παῖδές</span> <span class='ocrx_word' id='word_1_618' title='bbox 844 5502 938 5539; x_wconf 88' lang='grc' dir='ltr'><strong>σου</strong></span> <span class='ocrx_word' id='word_1_619' title='bbox 964 5501 978 5516; x_wconf 90' lang='grc'><strong>·</strong></span> <span class='ocrx_word' id='word_1_620' title='bbox 1018 5484 1291 5557; x_wconf 64' lang='grc' dir='ltr'>Ῥάθυμος</span> <span class='ocrx_word' id='word_1_621' title='bbox 1320 5484 1347 5535; x_wconf 78' lang='grc' dir='ltr'><strong>ό</strong></span> <span class='ocrx_word' id='word_1_622' title='bbox 1369 5483 1437 5539; x_wconf 89' lang='grc' dir='ltr'><strong>τά</strong></span> <span class='ocrx_word' id='word_1_623' title='bbox 1466 5484 1811 5557; x_wconf 84' lang='grc' dir='ltr'>πραττόμενα</span> <span class='ocrx_word' id='word_1_624' title='bbox 1840 5481 1977 5554; x_wconf 85' lang='grc' dir='ltr'>γρά-</span> 
     </span>
    </p>
   </div>
   <div class='ocr_carea' id='block_1_84' title="bbox 461 5662 1613 5735">
    <p class='ocr_par' dir='ltr' id='par_1_84' title="bbox 461 5662 1613 5735">
     <span class='ocr_line' id='line_1_84' title="bbox 461 5662 1613 5735; baseline -0.002 -17"><span class='ocrx_word' id='word_1_625' title='bbox 461 5666 507 5697; x_wconf 75' lang='grc'><strong>⁶⁶</strong></span> <span class='ocrx_word' id='word_1_626' title='bbox 545 5666 741 5735; x_wconf 69' lang='lat' dir='ltr'><strong>liptws.</strong></span> <span class='ocrx_word' id='word_1_627' title='bbox 775 5680 847 5730; x_wconf 73' lang='grc' dir='ltr'>ιι,</span> <span class='ocrx_word' id='word_1_628' title='bbox 881 5664 962 5718; x_wconf 78' lang='lat' dir='ltr'><strong>i3.</strong></span> <span class='ocrx_word' id='word_1_629' title='bbox 1076 5665 1119 5695; x_wconf 82' lang='grc'><strong>⁸⁷</strong></span> <span class='ocrx_word' id='word_1_630' title='bbox 1145 5662 1282 5718; x_wconf 81' lang='lat' dir='ltr'><strong>Gen.</strong></span> <span class='ocrx_word' id='word_1_631' title='bbox 1323 5678 1471 5727; x_wconf 71' lang='lat' dir='ltr'><strong>thv,</strong></span> <span class='ocrx_word' id='word_1_632' title='bbox 1527 5663 1613 5717; x_wconf 84' lang='lat' dir='ltr'><strong>l0.</strong></span> 
     </span>
    </p>
   </div>
   <div class='ocr_carea' id='block_1_85' title="bbox 2717 2834 2984 2935">
    <p class='ocr_par' dir='ltr' id='par_1_85' title="bbox 2717 2834 2984 2935">
     <span class='ocr_line' id='line_1_85' title="bbox 2717 2834 2984 2935; baseline 0.004 -3"><span class='ocrx_word' id='word_1_633' title='bbox 2717 2834 2984 2935; x_wconf 63' lang='grc' dir='ltr'>οΑρζιι.</span> 
     </span>
    </p>
   </div>
   <div class='ocr_carea' id='block_1_86' title="bbox 2145 3010 3659 3083">
    <p class='ocr_par' dir='ltr' id='par_1_86' title="bbox 2145 3010 3659 3083">
     <span class='ocr_line' id='line_1_86' title="bbox 2145 3010 3659 3083; baseline -0.001 -10"><span class='ocrx_word' id='word_1_634' title='bbox 2145 3016 2311 3074; x_wconf 70' lang='lat' dir='ltr'><strong>Vens.</strong></span> <span class='ocrx_word' id='word_1_635' title='bbox 2369 3015 2504 3083; x_wconf 69' lang='lat'><strong>1,2.</strong></span> <span class='ocrx_word' id='word_1_636' title='bbox 2567 3013 2868 3082; x_wconf 78' lang='lat' dir='ltr'><strong>Assumptio</strong></span> <span class='ocrx_word' id='word_1_637' title='bbox 2918 3013 3066 3068; x_wconf 75' lang='lat' dir='ltr'><strong>verbi</strong></span> <span class='ocrx_word' id='word_1_638' title='bbox 3120 3010 3339 3069; x_wconf 83' lang='lat' dir='ltr'><strong>Domini</strong></span> <span class='ocrx_word' id='word_1_639' title='bbox 3418 3016 3472 3070; x_wconf 84' lang='lat' dir='ltr'><strong>in</strong></span> <span class='ocrx_word' id='word_1_640' title='bbox 3518 3028 3659 3073; x_wconf 83' lang='lat' dir='ltr'><strong>terra</strong></span> 
     </span>
    </p>
   </div>
   <div class='ocr_carea' id='block_1_87' title="bbox 2072 3104 3660 3175">
    <p class='ocr_par' dir='ltr' id='par_1_87' title="bbox 2072 3104 3660 3175">
     <span class='ocr_line' id='line_1_87' title="bbox 2072 3104 3660 3175; baseline 0 -11"><span class='ocrx_word' id='word_1_641' title='bbox 2072 3109 2306 3175; x_wconf 80' lang='lat' dir='ltr'><strong>Adrach,</strong></span> <span class='ocrx_word' id='word_1_642' title='bbox 2335 3117 2381 3162; x_wconf 86' lang='lat' dir='ltr'><strong>et</strong></span> <span class='ocrx_word' id='word_1_643' title='bbox 2422 3106 2672 3161; x_wconf 75' lang='lat' dir='ltr'><strong>Damasci</strong></span> <span class='ocrx_word' id='word_1_644' title='bbox 2701 3108 2903 3175; x_wconf 75' lang='lat' dir='ltr'><strong>requies</strong></span> <span class='ocrx_word' id='word_1_645' title='bbox 2942 3104 3076 3175; x_wconf 82' lang='lat' dir='ltr'><strong>ejus,</strong></span> <span class='ocrx_word' id='word_1_646' title='bbox 3111 3108 3233 3170; x_wconf 84' lang='lat' dir='ltr'><strong>quia</strong></span> <span class='ocrx_word' id='word_1_647' title='bbox 3294 3105 3549 3163; x_wconf 79' lang='lat' dir='ltr'><strong>Dominus</strong></span> <span class='ocrx_word' id='word_1_648' title='bbox 3576 3127 3660 3164; x_wconf 84' lang='lat' dir='ltr'><strong>re-</strong></span> 
     </span>
    </p>
   </div>
   <div class='ocr_carea' id='block_1_88' title="bbox 2073 3198 3657 3272">
    <p class='ocr_par' dir='ltr' id='par_1_88' title="bbox 2073 3198 3657 3272">
     <span class='ocr_line' id='line_1_88' title="bbox 2073 3198 3657 3272; baseline -0.001 -15"><span class='ocrx_word' id='word_1_649' title='bbox 2073 3203 2226 3272; x_wconf 82' lang='lat' dir='ltr'><strong>spicit</strong></span> <span class='ocrx_word' id='word_1_650' title='bbox 2261 3201 2517 3267; x_wconf 76' lang='lat' dir='ltr'><strong>Itoatines,</strong></span> <span class='ocrx_word' id='word_1_651' title='bbox 2557 3209 2604 3255; x_wconf 82' lang='lat' dir='ltr'><strong>et</strong></span> <span class='ocrx_word' id='word_1_652' title='bbox 2632 3215 2809 3255; x_wconf 82' lang='lat' dir='ltr'><strong>omnes</strong></span> <span class='ocrx_word' id='word_1_653' title='bbox 2835 3199 3004 3253; x_wconf 82' lang='lat' dir='ltr'><strong>tribus</strong></span> <span class='ocrx_word' id='word_1_654' title='bbox 3033 3198 3222 3255; x_wconf 85' lang='lat' dir='ltr'><strong>Israel.</strong></span> <span class='ocrx_word' id='word_1_655' title='bbox 3248 3199 3316 3254; x_wconf 85' lang='lat' dir='ltr'><strong>Et</strong></span> <span class='ocrx_word' id='word_1_656' title='bbox 3352 3198 3545 3257; x_wconf 75' lang='lat' dir='ltr'><strong>Emam</strong></span> <span class='ocrx_word' id='word_1_657' title='bbox 3602 3203 3657 3256; x_wconf 79' lang='lat' dir='ltr'><strong>in</strong></span> 
     </span>
    </p>
   </div>
   <div class='ocr_carea' id='block_1_89' title="bbox 2073 3291 2431 3363">
    <p class='ocr_par' dir='ltr' id='par_1_89' title="bbox 2073 3291 2431 3363">
     <span class='ocr_line' id='line_1_89' title="bbox 2073 3291 2431 3363; baseline -0.008 -16"><span class='ocrx_word' id='word_1_658' title='bbox 2073 3292 2268 3363; x_wconf 78' lang='lat' dir='ltr'><strong>ﬁnibus</strong></span> <span class='ocrx_word' id='word_1_659' title='bbox 2293 3291 2431 3360; x_wconf 86' lang='lat' dir='ltr'><strong>ejus.</strong></span> 
     </span>
    </p>
   </div>
   <div class='ocr_carea' id='block_1_90' title="bbox 2144 3379 3661 3446">
    <p class='ocr_par' dir='ltr' id='par_1_90' title="bbox 2144 3379 3661 3446">
     <span class='ocr_line' id='line_1_90' title="bbox 2144 3379 3661 3446; baseline 0.003 -9"><span class='ocrx_word' id='word_1_660' title='bbox 2144 3382 2253 3438; x_wconf 91' lang='lat' dir='ltr'><strong>Lll.</strong></span> <span class='ocrx_word' id='word_1_661' title='bbox 2285 3381 2458 3440; x_wconf 84' lang='lat' dir='ltr'><strong>Locus</strong></span> <span class='ocrx_word' id='word_1_662' title='bbox 2515 3379 2850 3446; x_wconf 86' lang='lat' dir='ltr'><strong>salebrosus,</strong></span> <span class='ocrx_word' id='word_1_663' title='bbox 2885 3390 2941 3436; x_wconf 90' lang='lat' dir='ltr'><strong>et</strong></span> <span class='ocrx_word' id='word_1_664' title='bbox 2979 3381 3272 3441; x_wconf 76' lang='lat' dir='ltr'><strong>verborum</strong></span> <span class='ocrx_word' id='word_1_665' title='bbox 3333 3382 3434 3438; x_wconf 90' lang='lat' dir='ltr'><strong>ista</strong></span> <span class='ocrx_word' id='word_1_666' title='bbox 3490 3386 3661 3442; x_wconf 28' lang='lat' dir='ltr'><strong>seritis</strong></span> 
     </span>
    </p>
   </div>
   <div class='ocr_carea' id='block_1_91' title="bbox 2075 3468 3658 3543">
    <p class='ocr_par' dir='ltr' id='par_1_91' title="bbox 2075 3468 3658 3543">
     <span class='ocr_line' id='line_1_91' title="bbox 2075 3468 3658 3543; baseline 0.001 -14"><span class='ocrx_word' id='word_1_667' title='bbox 2075 3472 2306 3529; x_wconf 74' lang='lat' dir='ltr'><strong>dilﬁcilis</strong></span> <span class='ocrx_word' id='word_1_668' title='bbox 2350 3478 2417 3527; x_wconf 84' lang='lat' dir='ltr'><strong>ad</strong></span> <span class='ocrx_word' id='word_1_669' title='bbox 2480 3471 2911 3542; x_wconf 80' lang='lat' dir='ltr'><strong>intelligendum.</strong></span> <span class='ocrx_word' id='word_1_670' title='bbox 2967 3468 3373 3539; x_wconf 81' lang='lat' dir='ltr'><strong>Verumtamen,</strong></span> <span class='ocrx_word' id='word_1_671' title='bbox 3397 3486 3658 3543; x_wconf 89' lang='lat' dir='ltr'><strong>quantum</strong></span> 
     </span>
    </p>
   </div>
   <div class='ocr_carea' id='block_1_92' title="bbox 2076 3560 3657 3633">
    <p class='ocr_par' dir='ltr' id='par_1_92' title="bbox 2076 3560 3657 3633">
     <span class='ocr_line' id='line_1_92' title="bbox 2076 3560 3657 3633; baseline 0 -12"><span class='ocrx_word' id='word_1_672' title='bbox 2076 3565 2130 3621; x_wconf 89' lang='lat' dir='ltr'><strong>in</strong></span> <span class='ocrx_word' id='word_1_673' title='bbox 2159 3564 2312 3621; x_wconf 91' lang='lat' dir='ltr'><strong>nobis</strong></span> <span class='ocrx_word' id='word_1_674' title='bbox 2338 3573 2442 3629; x_wconf 89' lang='lat' dir='ltr'><strong>est,</strong></span> <span class='ocrx_word' id='word_1_675' title='bbox 2462 3578 2583 3619; x_wconf 90' lang='lat' dir='ltr'><strong>eam</strong></span> <span class='ocrx_word' id='word_1_676' title='bbox 2627 3562 3005 3618; x_wconf 90' lang='lat' dir='ltr'><strong>enodabimus.</strong></span> <span class='ocrx_word' id='word_1_677' title='bbox 3059 3560 3232 3618; x_wconf 86' lang='lat' dir='ltr'><strong>Porro</strong></span> <span class='ocrx_word' id='word_1_678' title='bbox 3276 3563 3657 3633; x_wconf 79' lang='lat' dir='ltr'><strong>explicandum</strong></span> 
     </span>
    </p>
   </div>
   <div class='ocr_carea' id='block_1_93' title="bbox 2075 3652 3661 3730">
    <p class='ocr_par' dir='ltr' id='par_1_93' title="bbox 2075 3652 3661 3730">
     <span class='ocr_line' id='line_1_93' title="bbox 2075 3652 3661 3730; baseline 0.001 -18"><span class='ocrx_word' id='word_1_679' title='bbox 2075 3657 2225 3730; x_wconf 87' lang='lat' dir='ltr'><strong>prius</strong></span> <span class='ocrx_word' id='word_1_680' title='bbox 2256 3657 2323 3713; x_wconf 88' lang='lat' dir='ltr'><strong>de</strong></span> <span class='ocrx_word' id='word_1_681' title='bbox 2350 3656 2545 3727; x_wconf 88' lang='lat' dir='ltr'><strong>quibus</strong></span> <span class='ocrx_word' id='word_1_682' title='bbox 2575 3654 2674 3709; x_wconf 87' lang='lat' dir='ltr'><strong>ista</strong></span> <span class='ocrx_word' id='word_1_683' title='bbox 2703 3653 2846 3708; x_wconf 90' lang='lat' dir='ltr'><strong>dicta</strong></span> <span class='ocrx_word' id='word_1_684' title='bbox 2898 3652 3090 3709; x_wconf 89' lang='lat' dir='ltr'><strong>merito</strong></span> <span class='ocrx_word' id='word_1_685' title='bbox 3142 3654 3539 3711; x_wconf 79' lang='lat' dir='ltr'><strong>existimemus.</strong></span> <span class='ocrx_word' id='word_1_686' title='bbox 3568 3658 3661 3713; x_wconf 84' lang='lat' dir='ltr'><strong>Sic</strong></span> 
     </span>
    </p>
   </div>
   <div class='ocr_carea' id='block_1_94' title="bbox 2075 3744 3660 3817">
    <p class='ocr_par' dir='ltr' id='par_1_94' title="bbox 2075 3744 3660 3817">
     <span class='ocr_line' id='line_1_94' title="bbox 2075 3744 3660 3817; baseline -0.002 -12"><span class='ocrx_word' id='word_1_687' title='bbox 2075 3750 2245 3814; x_wconf 89' lang='lat' dir='ltr'><strong>enim,</strong></span> <span class='ocrx_word' id='word_1_688' title='bbox 2278 3756 2335 3804; x_wconf 90' lang='lat' dir='ltr'><strong>et</strong></span> <span class='ocrx_word' id='word_1_689' title='bbox 2364 3748 2450 3803; x_wconf 80' lang='lat' dir='ltr'><strong>vix</strong></span> <span class='ocrx_word' id='word_1_690' title='bbox 2486 3755 2671 3803; x_wconf 87' lang='lat' dir='ltr'><strong>tamen</strong></span> <span class='ocrx_word' id='word_1_691' title='bbox 2703 3744 2950 3800; x_wconf 84' lang='lat' dir='ltr'><strong>vaticinii</strong></span> <span class='ocrx_word' id='word_1_692' title='bbox 2988 3760 3184 3802; x_wconf 86' lang='lat' dir='ltr'><strong>sensus</strong></span> <span class='ocrx_word' id='word_1_693' title='bbox 3214 3746 3458 3817; x_wconf 89' lang='lat' dir='ltr'><strong>liquebit.</strong></span> <span class='ocrx_word' id='word_1_694' title='bbox 3477 3747 3660 3814; x_wconf 87' lang='lat' dir='ltr'><strong>Quan-</strong></span> 
     </span>
    </p>
   </div>
   <div class='ocr_carea' id='block_1_95' title="bbox 2077 3837 3660 3911">
    <p class='ocr_par' dir='ltr' id='par_1_95' title="bbox 2077 3837 3660 3911">
     <span class='ocr_line' id='line_1_95' title="bbox 2077 3837 3660 3911; baseline -0.002 -13"><span class='ocrx_word' id='word_1_695' title='bbox 2077 3843 2146 3899; x_wconf 87' lang='lat' dir='ltr'><strong>do</strong></span> <span class='ocrx_word' id='word_1_696' title='bbox 2181 3839 2692 3911; x_wconf 85' lang='lat' dir='ltr'><strong>igiturcaptivitatis</strong></span> <span class='ocrx_word' id='word_1_697' title='bbox 2718 3837 2944 3892; x_wconf 89' lang='lat' dir='ltr'><strong>vinculis</strong></span> <span class='ocrx_word' id='word_1_698' title='bbox 2972 3838 3204 3894; x_wconf 89' lang='lat' dir='ltr'><strong>emissus</strong></span> <span class='ocrx_word' id='word_1_699' title='bbox 3272 3838 3528 3895; x_wconf 83' lang='lat' dir='ltr'><strong>liberatus</strong></span> <span class='ocrx_word' id='word_1_700' title='bbox 3577 3851 3660 3895; x_wconf 90' lang='lat' dir='ltr'><strong>est</strong></span> 
     </span>
    </p>
   </div>
   <div class='ocr_carea' id='block_1_96' title="bbox 2076 3929 3659 4001">
    <p class='ocr_par' dir='ltr' id='par_1_96' title="bbox 2076 3929 3659 4001">
     <span class='ocr_line' id='line_1_96' title="bbox 2076 3929 3659 4001; baseline -0.003 -10"><span class='ocrx_word' id='word_1_701' title='bbox 2076 3934 2209 3991; x_wconf 91' lang='lat' dir='ltr'><strong>olim</strong></span> <span class='ocrx_word' id='word_1_702' title='bbox 2236 3932 2423 4001; x_wconf 87' lang='lat' dir='ltr'><strong>Israel,</strong></span> <span class='ocrx_word' id='word_1_703' title='bbox 2451 3940 2506 3988; x_wconf 87' lang='lat' dir='ltr'><strong>et</strong></span> <span class='ocrx_word' id='word_1_704' title='bbox 2529 3932 2600 3987; x_wconf 90' lang='lat' dir='ltr'><strong>ita</strong></span> <span class='ocrx_word' id='word_1_705' title='bbox 2633 3931 2686 3986; x_wconf 89' lang='lat' dir='ltr'><strong>in</strong></span> <span class='ocrx_word' id='word_1_706' title='bbox 2712 3929 2952 3987; x_wconf 68' lang='lat' dir='ltr'><strong>Judaaam</strong></span> <span class='ocrx_word' id='word_1_707' title='bbox 2986 3930 3219 3997; x_wconf 88' lang='lat' dir='ltr'><strong>revenit,</strong></span> <span class='ocrx_word' id='word_1_708' title='bbox 3252 3939 3307 3987; x_wconf 89' lang='lat' dir='ltr'><strong>ct</strong></span> <span class='ocrx_word' id='word_1_709' title='bbox 3357 3929 3659 3987; x_wconf 82' lang='lat' dir='ltr'><strong>Jerusalem</strong></span> 
     </span>
    </p>
   </div>
   <div class='ocr_carea' id='block_1_97' title="bbox 2080 4020 3662 4096">
    <p class='ocr_par' dir='ltr' id='par_1_97' title="bbox 2080 4020 3662 4096">
     <span class='ocr_line' id='line_1_97' title="bbox 2080 4020 3662 4096; baseline -0.004 -13"><span class='ocrx_word' id='word_1_710' title='bbox 2080 4028 2387 4083; x_wconf 87' lang='lat' dir='ltr'><strong>instaurare</strong></span> <span class='ocrx_word' id='word_1_711' title='bbox 2418 4023 2651 4096; x_wconf 89' lang='lat' dir='ltr'><strong>occepit,</strong></span> <span class='ocrx_word' id='word_1_712' title='bbox 2676 4033 2822 4091; x_wconf 91' lang='lat' dir='ltr'><strong>tunc,</strong></span> <span class='ocrx_word' id='word_1_713' title='bbox 2851 4034 2978 4079; x_wconf 90' lang='lat' dir='ltr'><strong>tunc</strong></span> <span class='ocrx_word' id='word_1_714' title='bbox 3004 4023 3197 4079; x_wconf 80' lang='lat' dir='ltr'><strong>vicinae</strong></span> <span class='ocrx_word' id='word_1_715' title='bbox 3229 4031 3436 4093; x_wconf 89' lang='lat' dir='ltr'><strong>gentes,</strong></span> <span class='ocrx_word' id='word_1_716' title='bbox 3471 4020 3662 4077; x_wconf 76' lang='lat' dir='ltr'><strong>Sama-</strong></span> 
     </span>
    </p>
   </div>
   <div class='ocr_carea' id='block_1_98' title="bbox 2080 4112 3661 4183">
    <p class='ocr_par' dir='ltr' id='par_1_98' title="bbox 2080 4112 3661 4183">
     <span class='ocr_line' id='line_1_98' title="bbox 2080 4112 3661 4183; baseline -0.004 -10"><span class='ocrx_word' id='word_1_717' title='bbox 2080 4119 2219 4183; x_wconf 62' lang='lat' dir='ltr'><strong>ritae,</strong></span> <span class='ocrx_word' id='word_1_718' title='bbox 2253 4127 2307 4173; x_wconf 93' lang='lat' dir='ltr'><strong>et</strong></span> <span class='ocrx_word' id='word_1_719' title='bbox 2323 4115 2622 4181; x_wconf 67' lang='lat' dir='ltr'><strong>Palaestini,</strong></span> <span class='ocrx_word' id='word_1_720' title='bbox 2652 4126 2707 4171; x_wconf 93' lang='lat' dir='ltr'><strong>et</strong></span> <span class='ocrx_word' id='word_1_721' title='bbox 2728 4115 3032 4182; x_wconf 68' lang='lat' dir='ltr'><strong>Phoenices,</strong></span> <span class='ocrx_word' id='word_1_722' title='bbox 3063 4113 3262 4169; x_wconf 86' lang='lat' dir='ltr'><strong>invidia</strong></span> <span class='ocrx_word' id='word_1_723' title='bbox 3288 4112 3562 4177; x_wconf 80' lang='lat' dir='ltr'><strong>ardentes,</strong></span> <span class='ocrx_word' id='word_1_724' title='bbox 3592 4113 3661 4167; x_wconf 87' lang='lat' dir='ltr'><strong>ti-</strong></span> 
     </span>
    </p>
   </div>
   <div class='ocr_carea' id='block_1_99' title="bbox 2081 4205 3662 4278">
    <p class='ocr_par' dir='ltr' id='par_1_99' title="bbox 2081 4205 3662 4278">
     <span class='ocr_line' id='line_1_99' title="bbox 2081 4205 3662 4278; baseline -0.004 -13"><span class='ocrx_word' id='word_1_725' title='bbox 2081 4220 2396 4278; x_wconf 87' lang='lat' dir='ltr'><strong>mentesque</strong></span> <span class='ocrx_word' id='word_1_726' title='bbox 2415 4206 2577 4263; x_wconf 88' lang='lat' dir='ltr'><strong>simul</strong></span> <span class='ocrx_word' id='word_1_727' title='bbox 2603 4221 2700 4274; x_wconf 89' lang='lat' dir='ltr'><strong>ne,</strong></span> <span class='ocrx_word' id='word_1_728' title='bbox 2729 4206 2894 4263; x_wconf 80' lang='lat' dir='ltr'><strong>rebus</strong></span> <span class='ocrx_word' id='word_1_729' title='bbox 2923 4207 3139 4263; x_wconf 90' lang='lat' dir='ltr'><strong>illorum</strong></span> <span class='ocrx_word' id='word_1_730' title='bbox 3170 4206 3236 4261; x_wconf 81' lang='lat' dir='ltr'><strong>ad</strong></span> <span class='ocrx_word' id='word_1_731' title='bbox 3259 4205 3542 4277; x_wconf 85' lang='lat' dir='ltr'><strong>pristinam</strong></span> <span class='ocrx_word' id='word_1_732' title='bbox 3585 4205 3662 4260; x_wconf 81' lang='lat' dir='ltr'><strong>in-</strong></span> 
     </span>
    </p>
   </div>
   <div class='ocr_carea' id='block_1_100' title="bbox 2078 4298 3662 4371">
    <p class='ocr_par' dir='ltr' id='par_1_100' title="bbox 2078 4298 3662 4371">
     <span class='ocr_line' id='line_1_100' title="bbox 2078 4298 3662 4371; baseline -0.003 -14"><span class='ocrx_word' id='word_1_733' title='bbox 2078 4299 2450 4357; x_wconf 78' lang='lat' dir='ltr'><strong>calamitatem</strong></span> <span class='ocrx_word' id='word_1_734' title='bbox 2480 4300 2772 4364; x_wconf 84' lang='lat' dir='ltr'><strong>revocatis,</strong></span> <span class='ocrx_word' id='word_1_735' title='bbox 2807 4308 2862 4354; x_wconf 92' lang='lat' dir='ltr'><strong>et</strong></span> <span class='ocrx_word' id='word_1_736' title='bbox 2889 4314 3087 4371; x_wconf 86' lang='lat' dir='ltr'><strong>genere</strong></span> <span class='ocrx_word' id='word_1_737' title='bbox 3126 4299 3181 4353; x_wconf 89' lang='lat' dir='ltr'><strong>in</strong></span> <span class='ocrx_word' id='word_1_738' title='bbox 3210 4298 3535 4353; x_wconf 86' lang='lat' dir='ltr'><strong>immensum</strong></span> <span class='ocrx_word' id='word_1_739' title='bbox 3561 4313 3662 4353; x_wconf 87' lang='lat' dir='ltr'><strong>au-</strong></span> 
     </span>
    </p>
   </div>
   <div class='ocr_carea' id='block_1_101' title="bbox 2079 4387 3661 4460">
    <p class='ocr_par' dir='ltr' id='par_1_101' title="bbox 2079 4387 3661 4460">
     <span class='ocr_line' id='line_1_101' title="bbox 2079 4387 3661 4460; baseline -0.003 -11"><span class='ocrx_word' id='word_1_740' title='bbox 2079 4403 2336 4458; x_wconf 87' lang='lat' dir='ltr'><strong>cto,cum</strong></span> <span class='ocrx_word' id='word_1_741' title='bbox 2368 4390 2560 4445; x_wconf 87' lang='lat' dir='ltr'><strong>urbem</strong></span> <span class='ocrx_word' id='word_1_742' title='bbox 2584 4390 2849 4446; x_wconf 83' lang='lat' dir='ltr'><strong>baberent</strong></span> <span class='ocrx_word' id='word_1_743' title='bbox 2920 4398 3232 4460; x_wconf 79' lang='lat' dir='ltr'><strong>expugnata</strong></span> <span class='ocrx_word' id='word_1_744' title='bbox 3280 4387 3549 4444; x_wconf 79' lang='lat' dir='ltr'><strong>dimcilem</strong></span> <span class='ocrx_word' id='word_1_745' title='bbox 3595 4403 3661 4444; x_wconf 92' lang='lat' dir='ltr'><strong>ac</strong></span> 
     </span>
    </p>
   </div>
   <div class='ocr_carea' id='block_1_102' title="bbox 2077 4479 3659 4551">
    <p class='ocr_par' dir='ltr' id='par_1_102' title="bbox 2077 4479 3659 4551">
     <span class='ocr_line' id='line_1_102' title="bbox 2077 4479 3659 4551; baseline -0.003 -12"><span class='ocrx_word' id='word_1_746' title='bbox 2077 4483 2525 4547; x_wconf 87' lang='lat' dir='ltr'><strong>munitissimam,</strong></span> <span class='ocrx_word' id='word_1_747' title='bbox 2551 4481 2746 4538; x_wconf 87' lang='lat' dir='ltr'><strong>deinde</strong></span> <span class='ocrx_word' id='word_1_748' title='bbox 2790 4481 2937 4551; x_wconf 90' lang='lat' dir='ltr'><strong>ipsos</strong></span> <span class='ocrx_word' id='word_1_749' title='bbox 2996 4479 3138 4536; x_wconf 82' lang='lat' dir='ltr'><strong>bello</strong></span> <span class='ocrx_word' id='word_1_750' title='bbox 3202 4480 3553 4546; x_wconf 85' lang='lat' dir='ltr'><strong>lacesserent,</strong></span> <span class='ocrx_word' id='word_1_751' title='bbox 3601 4487 3659 4535; x_wconf 88' lang='lat' dir='ltr'><strong>et</strong></span> 
     </span>
    </p>
   </div>
   <div class='ocr_carea' id='block_1_103' title="bbox 2083 4568 3656 4639">
    <p class='ocr_par' dir='ltr' id='par_1_103' title="bbox 2083 4568 3656 4639">
     <span class='ocr_line' id='line_1_103' title="bbox 2083 4568 3656 4639; baseline -0.004 -9"><span class='ocrx_word' id='word_1_752' title='bbox 2083 4573 2366 4639; x_wconf 85' lang='lat' dir='ltr'><strong>invictum,</strong></span> <span class='ocrx_word' id='word_1_753' title='bbox 2401 4579 2461 4627; x_wconf 92' lang='lat' dir='ltr'><strong>ut</strong></span> <span class='ocrx_word' id='word_1_754' title='bbox 2477 4572 2629 4637; x_wconf 90' lang='lat' dir='ltr'><strong>olim,</strong></span> <span class='ocrx_word' id='word_1_755' title='bbox 2662 4579 2851 4625; x_wconf 91' lang='lat' dir='ltr'><strong>contra</strong></span> <span class='ocrx_word' id='word_1_756' title='bbox 2874 4585 2933 4625; x_wconf 82' lang='lat' dir='ltr'><strong>se</strong></span> <span class='ocrx_word' id='word_1_757' title='bbox 2962 4570 3266 4625; x_wconf 79' lang='lat' dir='ltr'><strong>exercitum</strong></span> <span class='ocrx_word' id='word_1_758' title='bbox 3300 4568 3656 4635; x_wconf 84' lang='lat' dir='ltr'><strong>adducerent,</strong></span> 
     </span>
    </p>
   </div>
   <div class='ocr_carea' id='block_1_104' title="bbox 2077 4660 3658 4732">
    <p class='ocr_par' dir='ltr' id='par_1_104' title="bbox 2077 4660 3658 4732">
     <span class='ocr_line' id='line_1_104' title="bbox 2077 4660 3658 4732; baseline -0.004 -10"><span class='ocrx_word' id='word_1_759' title='bbox 2077 4666 2162 4723; x_wconf 87' lang='lat' dir='ltr'><strong>bis</strong></span> <span class='ocrx_word' id='word_1_760' title='bbox 2184 4667 2253 4723; x_wconf 92' lang='lat' dir='ltr'><strong>de</strong></span> <span class='ocrx_word' id='word_1_761' title='bbox 2274 4665 2454 4721; x_wconf 85' lang='lat' dir='ltr'><strong>causis</strong></span> <span class='ocrx_word' id='word_1_762' title='bbox 2478 4678 2665 4720; x_wconf 89' lang='lat' dir='ltr'><strong>muros</strong></span> <span class='ocrx_word' id='word_1_763' title='bbox 2683 4661 2955 4718; x_wconf 64' lang='lat' dir='ltr'><strong>editicare</strong></span> <span class='ocrx_word' id='word_1_764' title='bbox 2970 4676 3257 4732; x_wconf 74' lang='lat' dir='ltr'><strong>aggressos</strong></span> <span class='ocrx_word' id='word_1_765' title='bbox 3280 4660 3540 4732; x_wconf 90' lang='lat' dir='ltr'><strong>impedire</strong></span> <span class='ocrx_word' id='word_1_766' title='bbox 3560 4676 3658 4716; x_wconf 85' lang='lat' dir='ltr'><strong>co-</strong></span> 
     </span>
    </p>
   </div>
   <div class='ocr_carea' id='block_1_105' title="bbox 2079 4753 3660 4825">
    <p class='ocr_par' dir='ltr' id='par_1_105' title="bbox 2079 4753 3660 4825">
     <span class='ocr_line' id='line_1_105' title="bbox 2079 4753 3660 4825; baseline -0.003 -12"><span class='ocrx_word' id='word_1_767' title='bbox 2079 4756 2194 4814; x_wconf 86' lang='lat' dir='ltr'><strong>nati</strong></span> <span class='ocrx_word' id='word_1_768' title='bbox 2230 4765 2381 4823; x_wconf 88' lang='lat' dir='ltr'><strong>suut,</strong></span> <span class='ocrx_word' id='word_1_769' title='bbox 2410 4756 2579 4813; x_wconf 86' lang='lat' dir='ltr'><strong>verba</strong></span> <span class='ocrx_word' id='word_1_770' title='bbox 2611 4754 2950 4812; x_wconf 83' lang='lat' dir='ltr'><strong>amaruleuta</strong></span> <span class='ocrx_word' id='word_1_771' title='bbox 2972 4755 3267 4824; x_wconf 73' lang='lat' dir='ltr'><strong>iactantes,</strong></span> <span class='ocrx_word' id='word_1_772' title='bbox 3288 4763 3343 4810; x_wconf 90' lang='lat' dir='ltr'><strong>et</strong></span> <span class='ocrx_word' id='word_1_773' title='bbox 3364 4753 3660 4825; x_wconf 81' lang='lat' dir='ltr'><strong>populatio-</strong></span> 
     </span>
    </p>
   </div>
   <div class='ocr_carea' id='block_1_106' title="bbox 2075 4845 3657 4920">
    <p class='ocr_par' dir='ltr' id='par_1_106' title="bbox 2075 4845 3657 4920">
     <span class='ocr_line' id='line_1_106' title="bbox 2075 4845 3657 4920; baseline -0.003 -16"><span class='ocrx_word' id='word_1_774' title='bbox 2075 4848 2236 4905; x_wconf 88' lang='lat' dir='ltr'><strong>nibus</strong></span> <span class='ocrx_word' id='word_1_775' title='bbox 2262 4848 2315 4905; x_wconf 90' lang='lat' dir='ltr'><strong>in</strong></span> <span class='ocrx_word' id='word_1_776' title='bbox 2342 4863 2436 4905; x_wconf 90' lang='lat' dir='ltr'><strong>eos</strong></span> <span class='ocrx_word' id='word_1_777' title='bbox 2458 4856 2792 4920; x_wconf 84' lang='lat' dir='ltr'><strong>grassantes.</strong></span> <span class='ocrx_word' id='word_1_778' title='bbox 2824 4846 2903 4904; x_wconf 83' lang='lat' dir='ltr'><strong>Eo</strong></span> <span class='ocrx_word' id='word_1_779' title='bbox 2955 4855 3134 4904; x_wconf 91' lang='lat' dir='ltr'><strong>autem</strong></span> <span class='ocrx_word' id='word_1_780' title='bbox 3169 4845 3580 4903; x_wconf 74' lang='lat' dir='ltr'><strong>obtreCtationis</strong></span> <span class='ocrx_word' id='word_1_781' title='bbox 3602 4853 3657 4901; x_wconf 81' lang='lat' dir='ltr'><strong>et</strong></span> 
     </span>
    </p>
   </div>
   <div class='ocr_carea' id='block_1_107' title="bbox 2077 4937 3655 5011">
    <p class='ocr_par' dir='ltr' id='par_1_107' title="bbox 2077 4937 3655 5011">
     <span class='ocr_line' id='line_1_107' title="bbox 2077 4937 3655 5011; baseline -0.006 -16"><span class='ocrx_word' id='word_1_782' title='bbox 2077 4940 2291 4996; x_wconf 71' lang='lat' dir='ltr'><strong>invidiae</strong></span> <span class='ocrx_word' id='word_1_783' title='bbox 2310 4939 2727 5011; x_wconf 83' lang='lat' dir='ltr'><strong>prodierunt,ut</strong></span> <span class='ocrx_word' id='word_1_784' title='bbox 2753 4938 2862 5011; x_wconf 83' lang='lat' dir='ltr'><strong>regi</strong></span> <span class='ocrx_word' id='word_1_785' title='bbox 2890 4938 3185 4996; x_wconf 88' lang='lat' dir='ltr'><strong>Persarum</strong></span> <span class='ocrx_word' id='word_1_786' title='bbox 3226 4953 3324 5009; x_wconf 86' lang='lat' dir='ltr'><strong>per</strong></span> <span class='ocrx_word' id='word_1_787' title='bbox 3356 4937 3407 4993; x_wconf 91' lang='lat' dir='ltr'><strong>id</strong></span> <span class='ocrx_word' id='word_1_788' title='bbox 3444 4945 3655 5006; x_wconf 85' lang='lat' dir='ltr'><strong>tempus</strong></span> 
     </span>
    </p>
   </div>
   <div class='ocr_carea' id='block_1_108' title="bbox 2077 5023 3655 5101">
    <p class='ocr_par' dir='ltr' id='par_1_108' title="bbox 2077 5023 3655 5101">
     <span class='ocr_line' id='line_1_108' title="bbox 2077 5023 3655 5101; baseline -0.006 -15"><span class='ocrx_word' id='word_1_789' title='bbox 2077 5029 2400 5095; x_wconf 86' lang='lat' dir='ltr'><strong>scriberent,</strong></span> <span class='ocrx_word' id='word_1_790' title='bbox 2460 5044 2581 5101; x_wconf 76' lang='lat' dir='ltr'><strong>qua:</strong></span> <span class='ocrx_word' id='word_1_791' title='bbox 2644 5028 2712 5084; x_wconf 88' lang='lat' dir='ltr'><strong>ab</strong></span> <span class='ocrx_word' id='word_1_792' title='bbox 2782 5028 2952 5084; x_wconf 86' lang='lat' dir='ltr'><strong>Esdra</strong></span> <span class='ocrx_word' id='word_1_793' title='bbox 3008 5029 3308 5084; x_wconf 88' lang='lat' dir='ltr'><strong>recitantur</strong></span> <span class='ocrx_word' id='word_1_794' title='bbox 3367 5024 3451 5080; x_wconf 80' lang='lat' dir='ltr'><strong>his</strong></span> <span class='ocrx_word' id='word_1_795' title='bbox 3474 5023 3655 5078; x_wconf 82' lang='lat' dir='ltr'><strong>verbis</strong></span> 
     </span>
    </p>
   </div>
   <div class='ocr_carea' id='block_1_109' title="bbox 2079 5112 3650 5193">
    <p class='ocr_par' dir='ltr' id='par_1_109' title="bbox 2079 5112 3650 5193">
     <span class='ocr_line' id='line_1_109' title="bbox 2079 5112 3650 5193; baseline -0.007 -16"><span class='ocrx_word' id='word_1_796' title='bbox 2079 5123 2463 5193; x_wconf 89' lang='lat' dir='ltr'><strong>propemodum</strong></span> <span class='ocrx_word' id='word_1_797' title='bbox 2501 5137 2515 5174; x_wconf 88' lang='lat'><strong>:</strong></span> <span class='ocrx_word' id='word_1_798' title='bbox 2549 5140 2568 5173; x_wconf 81' lang='grc' dir='ltr'><strong>ι</strong></span> <span class='ocrx_word' id='word_1_799' title='bbox 2605 5119 2738 5193; x_wconf 82' lang='lat' dir='ltr'><strong>Regi</strong></span> <span class='ocrx_word' id='word_1_800' title='bbox 2767 5121 3052 5177; x_wconf 75' lang='lat' dir='ltr'><strong>Artaxerxi</strong></span> <span class='ocrx_word' id='word_1_801' title='bbox 3081 5121 3319 5187; x_wconf 87' lang='lat' dir='ltr'><strong>domino,</strong></span> <span class='ocrx_word' id='word_1_802' title='bbox 3354 5115 3495 5171; x_wconf 90' lang='lat' dir='ltr'><strong>servi</strong></span> <span class='ocrx_word' id='word_1_803' title='bbox 3514 5112 3650 5183; x_wconf 82' lang='lat' dir='ltr'><strong>ejus,</strong></span> 
     </span>
    </p>
   </div>
   <div class='ocr_carea' id='block_1_110' title="bbox 2077 5204 3655 5283">
    <p class='ocr_par' dir='ltr' id='par_1_110' title="bbox 2077 5204 3655 5283">
     <span class='ocr_line' id='line_1_110' title="bbox 2077 5204 3655 5283; baseline -0.002 -19"><span class='ocrx_word' id='word_1_804' title='bbox 2077 5209 2388 5283; x_wconf 77' lang='lat' dir='ltr'><strong>Ratltytuus</strong></span> <span class='ocrx_word' id='word_1_805' title='bbox 2446 5219 2691 5266; x_wconf 77' lang='lat' dir='ltr'><strong>actorum</strong></span> <span class='ocrx_word' id='word_1_806' title='bbox 2748 5212 2948 5276; x_wconf 82' lang='lat' dir='ltr'><strong>scriba,</strong></span> <span class='ocrx_word' id='word_1_807' title='bbox 2981 5220 3033 5266; x_wconf 89' lang='lat' dir='ltr'><strong>et</strong></span> <span class='ocrx_word' id='word_1_808' title='bbox 3064 5209 3329 5265; x_wconf 89' lang='lat' dir='ltr'><strong>Semelius</strong></span> <span class='ocrx_word' id='word_1_809' title='bbox 3357 5204 3554 5268; x_wconf 88' lang='lat' dir='ltr'><strong>scriba,</strong></span> <span class='ocrx_word' id='word_1_810' title='bbox 3600 5213 3655 5261; x_wconf 76' lang='lat' dir='ltr'><strong>rt</strong></span> 
     </span>
    </p>
   </div>
   <div class='ocr_carea' id='block_1_111' title="bbox 2076 5293 3655 5372">
    <p class='ocr_par' dir='ltr' id='par_1_111' title="bbox 2076 5293 3655 5372">
     <span class='ocr_line' id='line_1_111' title="bbox 2076 5293 3655 5372; baseline -0.004 -16"><span class='ocrx_word' id='word_1_811' title='bbox 2076 5300 2266 5372; x_wconf 86' lang='lat' dir='ltr'><strong>reliqui</strong></span> <span class='ocrx_word' id='word_1_812' title='bbox 2300 5303 2366 5357; x_wconf 88' lang='lat' dir='ltr'><strong>de</strong></span> <span class='ocrx_word' id='word_1_813' title='bbox 2400 5301 2650 5367; x_wconf 90' lang='lat' dir='ltr'><strong>consilio,</strong></span> <span class='ocrx_word' id='word_1_814' title='bbox 2682 5309 2737 5357; x_wconf 91' lang='lat' dir='ltr'><strong>et</strong></span> <span class='ocrx_word' id='word_1_815' title='bbox 2759 5301 2972 5370; x_wconf 88' lang='lat' dir='ltr'><strong>judices</strong></span> <span class='ocrx_word' id='word_1_816' title='bbox 2997 5301 3048 5355; x_wconf 91' lang='lat' dir='ltr'><strong>in</strong></span> <span class='ocrx_word' id='word_1_817' title='bbox 3076 5296 3367 5368; x_wconf 87' lang='lat' dir='ltr'><strong>Coelesyria</strong></span> <span class='ocrx_word' id='word_1_818' title='bbox 3408 5304 3463 5350; x_wconf 92' lang='lat' dir='ltr'><strong>et</strong></span> <span class='ocrx_word' id='word_1_819' title='bbox 3490 5293 3655 5355; x_wconf 76' lang='lat' dir='ltr'><strong>Phor:-</strong></span> 
     </span>
    </p>
   </div>
   <div class='ocr_carea' id='block_1_112' title="bbox 2075 5386 3655 5461">
    <p class='ocr_par' dir='ltr' id='par_1_112' title="bbox 2075 5386 3655 5461">
     <span class='ocr_line' id='line_1_112' title="bbox 2075 5386 3655 5461; baseline -0.005 -13"><span class='ocrx_word' id='word_1_820' title='bbox 2075 5394 2217 5449; x_wconf 88' lang='lat' dir='ltr'><strong>nicc.</strong></span> <span class='ocrx_word' id='word_1_821' title='bbox 2247 5394 2411 5451; x_wconf 81' lang='lat' dir='ltr'><strong>Nosse</strong></span> <span class='ocrx_word' id='word_1_822' title='bbox 2440 5403 2490 5450; x_wconf 91' lang='lat' dir='ltr'><strong>te</strong></span> <span class='ocrx_word' id='word_1_823' title='bbox 2515 5394 2789 5459; x_wconf 86' lang='lat' dir='ltr'><strong>convenit,</strong></span> <span class='ocrx_word' id='word_1_824' title='bbox 2815 5390 3154 5459; x_wconf 69' lang='lat' dir='ltr'><strong>rex,Jutl:cos</strong></span> <span class='ocrx_word' id='word_1_825' title='bbox 3179 5386 3508 5461; x_wconf 80' lang='lat' dir='ltr'><strong>Babylonem</strong></span> <span class='ocrx_word' id='word_1_826' title='bbox 3541 5396 3655 5442; x_wconf 81' lang='lat' dir='ltr'><strong>tra-</strong></span> 
     </span>
    </p>
   </div>
   <div class='ocr_carea' id='block_1_113' title="bbox 2076 5481 3655 5559">
    <p class='ocr_par' dir='ltr' id='par_1_113' title="bbox 2076 5481 3655 5559">
     <span class='ocr_line' id='line_1_113' title="bbox 2076 5481 3655 5559; baseline -0.004 -18"><span class='ocrx_word' id='word_1_827' title='bbox 2076 5488 2504 5544; x_wconf 82' lang='lat' dir='ltr'><strong>ductosvcnisse</strong></span> <span class='ocrx_word' id='word_1_828' title='bbox 2557 5487 2608 5543; x_wconf 89' lang='lat' dir='ltr'><strong>in</strong></span> <span class='ocrx_word' id='word_1_829' title='bbox 2641 5485 2970 5559; x_wconf 84' lang='lat' dir='ltr'><strong>provinciam</strong></span> <span class='ocrx_word' id='word_1_830' title='bbox 3027 5492 3293 5543; x_wconf 75' lang='lat' dir='ltr'><strong>nosuam,</strong></span> <span class='ocrx_word' id='word_1_831' title='bbox 3355 5487 3407 5535; x_wconf 92' lang='lat' dir='ltr'><strong>et</strong></span> <span class='ocrx_word' id='word_1_832' title='bbox 3467 5481 3655 5535; x_wconf 79' lang='lat' dir='ltr'><strong>urbem</strong></span> 
     </span>
    </p>
   </div>
   <div class='ocr_carea' id='block_1_114' title="bbox 1731 5662 2259 5729">
    <p class='ocr_par' dir='ltr' id='par_1_114' title="bbox 1731 5662 2259 5729">
     <span class='ocr_line' id='line_1_114' title="bbox 1731 5662 2259 5729; baseline 0.004 -13"><span class='ocrx_word' id='word_1_833' title='bbox 1731 5664 1776 5695; x_wconf 81' lang='grc'><strong>⁸⁸</strong></span> <span class='ocrx_word' id='word_1_834' title='bbox 1803 5662 1943 5717; x_wconf 71' lang='lat' dir='ltr'><strong>Psal.</strong></span> <span class='ocrx_word' id='word_1_835' title='bbox 1980 5679 2179 5729; x_wconf 70' lang='lat' dir='ltr'><strong>LXXXV,</strong></span> <span class='ocrx_word' id='word_1_836' title='bbox 2207 5663 2259 5718; x_wconf 82' lang='lat'><strong>8.</strong></span> 
     </span>
    </p>
   </div>
  </div>
