  <div class='ocr_page' id='page_1' title='image "/cluster/home/n/w/nwhite01/storage/ocr_20150623/72/hvd.32044073502015/074.png"; bbox 0 0 4092 6202; ppageno 0'>
   <div class='ocr_carea' id='block_1_1' title="bbox 400 264 505 328">
    <p class='ocr_par' dir='ltr' id='par_1_1' title="bbox 400 264 505 328">
     <span class='ocr_line' id='line_1_1' title="bbox 400 264 505 328; baseline -0.019 0"><span class='ocrx_word' id='word_1_1' title='bbox 400 264 505 328; x_wconf 67' lang='grc' dir='ltr'>Γόῗ</span> 
     </span>
    </p>
   </div>
   <div class='ocr_carea' id='block_1_2' title="bbox 1235 266 2856 364">
    <p class='ocr_par' dir='ltr' id='par_1_2' title="bbox 1235 266 2856 364">
     <span class='ocr_line' id='line_1_2' title="bbox 1235 266 2856 364; baseline -0.003 -32"><span class='ocrx_word' id='word_1_2' title='bbox 1235 267 1784 334; x_wconf 69' lang='grc' dir='ltr'>τοΜιιΕΝτΑιιιυε</span> <span class='ocrx_word' id='word_1_3' title='bbox 1823 267 1888 333; x_wconf 75' lang='lat' dir='ltr'><strong>IN</strong></span> <span class='ocrx_word' id='word_1_4' title='bbox 1923 266 2332 332; x_wconf 39' lang='lat' dir='ltr'><strong>ZACHA&#39;RIAM</strong></span> <span class='ocrx_word' id='word_1_5' title='bbox 2369 271 2818 333; x_wconf 73' lang='lat' dir='ltr'><strong>PROPHE&#39;I‘AM.</strong></span> <span class='ocrx_word' id='word_1_6' title='bbox 2849 353 2856 364; x_wconf 31' lang='lat'><em>.</em></span> 
     </span>
    </p>
   </div>
   <div class='ocr_carea' id='block_1_3' title="bbox 3551 277 3654 331">
    <p class='ocr_par' dir='ltr' id='par_1_3' title="bbox 3551 277 3654 331">
     <span class='ocr_line' id='line_1_3' title="bbox 3551 277 3654 331; baseline 0.01 -1"><span class='ocrx_word' id='word_1_7' title='bbox 3551 277 3654 331; x_wconf 70' lang='grc'><strong>138</strong></span> 
     </span>
    </p>
   </div>
   <div class='ocr_carea' id='block_1_4' title="bbox 392 384 1994 464">
    <p class='ocr_par' dir='ltr' id='par_1_4' title="bbox 392 384 1976 464">
     <span class='ocr_line' id='line_1_4' title="bbox 392 384 1976 464; baseline 0.003 -24"><span class='ocrx_word' id='word_1_8' title='bbox 392 386 580 450; x_wconf 84' lang='grc' dir='ltr'>δῶνος,</span> <span class='ocrx_word' id='word_1_9' title='bbox 607 385 664 438; x_wconf 78' lang='grc' dir='ltr'><strong>αἶ</strong></span> <span class='ocrx_word' id='word_1_10' title='bbox 695 384 759 457; x_wconf 77' lang='grc' dir='ltr'>δὴ</span> <span class='ocrx_word' id='word_1_11' title='bbox 801 385 1036 456; x_wconf 76' lang='grc' dir='ltr'>μάλιστα</span> <span class='ocrx_word' id='word_1_12' title='bbox 1083 386 1190 441; x_wconf 85' lang='grc' dir='ltr'><strong>τῶν</strong></span> <span class='ocrx_word' id='word_1_13' title='bbox 1227 387 1400 444; x_wconf 75' lang='grc' dir='ltr'>ἄλλων</span> <span class='ocrx_word' id='word_1_14' title='bbox 1432 392 1796 464; x_wconf 81' lang='grc' dir='ltr'><strong>διαφερόντως</strong></span> <span class='ocrx_word' id='word_1_15' title='bbox 1831 393 1976 446; x_wconf 80' lang='grc' dir='ltr'>τετί-</span> 
     </span>
    </p>
   </div>
   <div class='ocr_carea' id='block_1_5' title="bbox 2080 384 3656 464">
    <p class='ocr_par' dir='ltr' id='par_1_5' title="bbox 2081 385 3656 453">
     <span class='ocr_line' id='line_1_5' title="bbox 2081 385 3656 453; baseline -0.003 -7"><span class='ocrx_word' id='word_1_16' title='bbox 2081 391 2293 446; x_wconf 73' lang='lat' dir='ltr'><strong>caateris</strong></span> <span class='ocrx_word' id='word_1_17' title='bbox 2316 400 2470 443; x_wconf 79' lang='lat' dir='ltr'><strong>erant</strong></span> <span class='ocrx_word' id='word_1_18' title='bbox 2495 386 2961 449; x_wconf 67' lang='lat' dir='ltr'><strong>honoratissimae,</strong></span> <span class='ocrx_word' id='word_1_19' title='bbox 2993 392 3314 452; x_wconf 72' lang='lat' dir='ltr'><strong>praestantes</strong></span> <span class='ocrx_word' id='word_1_20' title='bbox 3344 385 3574 453; x_wconf 84' lang='lat' dir='ltr'><strong>viribus,</strong></span> <span class='ocrx_word' id='word_1_21' title='bbox 3597 398 3656 442; x_wconf 84' lang='lat' dir='ltr'><strong>ct</strong></span> 
     </span>
    </p>
   </div>
   <div class='ocr_carea' id='block_1_6' title="bbox 396 477 1972 555">
    <p class='ocr_par' dir='ltr' id='par_1_6' title="bbox 396 477 1972 555">
     <span class='ocr_line' id='line_1_6' title="bbox 396 477 1972 555; baseline 0.005 -26"><span class='ocrx_word' id='word_1_22' title='bbox 396 494 588 548; x_wconf 84' lang='grc' dir='ltr'>μηντο,</span> <span class='ocrx_word' id='word_1_23' title='bbox 614 477 944 548; x_wconf 75' lang='grc' dir='ltr'>προέχουσαι</span> <span class='ocrx_word' id='word_1_24' title='bbox 991 479 1090 550; x_wconf 86' lang='grc' dir='ltr'>μὲν</span> <span class='ocrx_word' id='word_1_25' title='bbox 1112 479 1300 550; x_wconf 47' lang='grc' dir='ltr'>λσχύῖ,</span> <span class='ocrx_word' id='word_1_26' title='bbox 1332 480 1424 536; x_wconf 75' lang='grc' dir='ltr'><strong>καὶ</strong></span> <span class='ocrx_word' id='word_1_27' title='bbox 1457 483 1690 555; x_wconf 61' lang='grc' dir='ltr'>πλούτῳ,</span> <span class='ocrx_word' id='word_1_28' title='bbox 1727 484 1820 538; x_wconf 72' lang='grc' dir='ltr'>καὶ</span> <span class='ocrx_word' id='word_1_29' title='bbox 1851 487 1972 548; x_wconf 81' lang='grc' dir='ltr'>ταῖς</span> 
     </span>
    </p>
   </div>
   <div class='ocr_carea' id='block_1_7' title="bbox 393 567 1973 648">
    <p class='ocr_par' dir='ltr' id='par_1_7' title="bbox 393 567 1973 648">
     <span class='ocr_line' id='line_1_7' title="bbox 393 567 1973 648; baseline 0.006 -28"><span class='ocrx_word' id='word_1_30' title='bbox 393 567 632 638; x_wconf 84' lang='grc' dir='ltr'>ἁνδρίαις</span> <span class='ocrx_word' id='word_1_31' title='bbox 663 567 1223 642; x_wconf 76' lang='grc' dir='ltr'>τῶνκατῳκηκότων,</span> <span class='ocrx_word' id='word_1_32' title='bbox 1257 573 1476 644; x_wconf 75' lang='grc' dir='ltr'>ἔχουσαι</span> <span class='ocrx_word' id='word_1_33' title='bbox 1523 575 1581 628; x_wconf 74' lang='grc' dir='ltr'>δὲ</span> <span class='ocrx_word' id='word_1_34' title='bbox 1633 575 1822 648; x_wconf 85' lang='grc' dir='ltr'>ὥσπερ</span> <span class='ocrx_word' id='word_1_35' title='bbox 1868 576 1973 629; x_wconf 80' lang='grc' dir='ltr'><strong>ὑπὸ</strong></span> 
     </span>
    </p>
   </div>
   <div class='ocr_carea' id='block_1_8' title="bbox 393 659 1969 740">
    <p class='ocr_par' dir='ltr' id='par_1_8' title="bbox 393 659 1969 740">
     <span class='ocr_line' id='line_1_8' title="bbox 393 659 1969 740; baseline 0.007 -30"><span class='ocrx_word' id='word_1_36' title='bbox 393 661 551 729; x_wconf 84' lang='grc' dir='ltr'>χεῖρα</span> <span class='ocrx_word' id='word_1_37' title='bbox 601 659 701 722; x_wconf 76' lang='grc' dir='ltr'><strong>τὰς</strong></span> <span class='ocrx_word' id='word_1_38' title='bbox 753 659 938 727; x_wconf 71' lang='grc' dir='ltr'>ἄλλας,</span> <span class='ocrx_word' id='word_1_39' title='bbox 980 664 1076 717; x_wconf 76' lang='grc' dir='ltr'>καὶ</span> <span class='ocrx_word' id='word_1_40' title='bbox 1130 664 1241 718; x_wconf 81' lang='grc' dir='ltr'><strong>τῶν</strong></span> <span class='ocrx_word' id='word_1_41' title='bbox 1288 666 1506 738; x_wconf 85' lang='grc' dir='ltr'>ὀμόρων</span> <span class='ocrx_word' id='word_1_42' title='bbox 1558 669 1969 740; x_wconf 80' lang='grc' dir='ltr'>ύπερκείμεναι.</span> 
     </span>
    </p>
   </div>
   <div class='ocr_carea' id='block_1_9' title="bbox 395 751 1975 830">
    <p class='ocr_par' dir='ltr' id='par_1_9' title="bbox 395 751 1975 830">
     <span class='ocr_line' id='line_1_9' title="bbox 395 751 1975 830; baseline 0.006 -27"><span class='ocrx_word' id='word_1_43' title='bbox 395 751 602 804; x_wconf 80' lang='grc' dir='ltr'>Οὐκοῦν</span> <span class='ocrx_word' id='word_1_44' title='bbox 650 753 947 825; x_wconf 73' lang='grc' dir='ltr'><strong>ἐπειδήπερ</strong></span> <span class='ocrx_word' id='word_1_45' title='bbox 971 795 986 820; x_wconf 98' lang='grc'><strong>,</strong></span> <span class='ocrx_word' id='word_1_46' title='bbox 1035 757 1234 827; x_wconf 60' lang='grc' dir='ltr'>φησιν,</span> <span class='ocrx_word' id='word_1_47' title='bbox 1281 759 1490 830; x_wconf 76' lang='grc' dir='ltr'>ὑψηλήν</span> <span class='ocrx_word' id='word_1_48' title='bbox 1539 759 1821 814; x_wconf 81' lang='grc' dir='ltr'>ἀνασπῶσι</span> <span class='ocrx_word' id='word_1_49' title='bbox 1876 761 1975 830; x_wconf 80' lang='grc' dir='ltr'><strong>τήν</strong></span> 
     </span>
    </p>
   </div>
   <div class='ocr_carea' id='block_1_10' title="bbox 393 844 1974 918">
    <p class='ocr_par' dir='ltr' id='par_1_10' title="bbox 393 844 1974 918">
     <span class='ocr_line' id='line_1_10' title="bbox 393 844 1974 918; baseline 0.007 -22"><span class='ocrx_word' id='word_1_50' title='bbox 393 845 562 914; x_wconf 79' lang='grc' dir='ltr'>ὀφρὺν</span> <span class='ocrx_word' id='word_1_51' title='bbox 599 844 768 898; x_wconf 86' lang='grc' dir='ltr'>Σιδών</span> <span class='ocrx_word' id='word_1_52' title='bbox 791 863 852 898; x_wconf 86' lang='grc' dir='ltr'><strong>τε</strong></span> <span class='ocrx_word' id='word_1_53' title='bbox 879 848 975 900; x_wconf 76' lang='grc' dir='ltr'>καὶ</span> <span class='ocrx_word' id='word_1_54' title='bbox 1002 847 1200 918; x_wconf 86' lang='grc' dir='ltr'>Τύρος,</span> <span class='ocrx_word' id='word_1_55' title='bbox 1234 852 1435 906; x_wconf 86' lang='grc' dir='ltr'>οίονται</span> <span class='ocrx_word' id='word_1_56' title='bbox 1461 853 1522 906; x_wconf 75' lang='grc' dir='ltr'>δὲ</span> <span class='ocrx_word' id='word_1_57' title='bbox 1556 847 1696 907; x_wconf 73' lang='grc' dir='ltr'>εἶναι</span> <span class='ocrx_word' id='word_1_58' title='bbox 1724 853 1886 908; x_wconf 79' lang='grc' dir='ltr'>δεινοί</span> <span class='ocrx_word' id='word_1_59' title='bbox 1914 871 1974 907; x_wconf 87' lang='grc' dir='ltr'><strong>τε</strong></span> 
     </span>
    </p>
   </div>
   <div class='ocr_carea' id='block_1_11' title="bbox 394 935 1971 1017">
    <p class='ocr_par' dir='ltr' id='par_1_11' title="bbox 394 935 1971 1017">
     <span class='ocr_line' id='line_1_11' title="bbox 394 935 1971 1017; baseline 0.006 -29"><span class='ocrx_word' id='word_1_60' title='bbox 394 935 487 988; x_wconf 74' lang='grc' dir='ltr'><strong>καὶ</strong></span> <span class='ocrx_word' id='word_1_61' title='bbox 517 935 839 1006; x_wconf 71' lang='grc' dir='ltr'><strong>ἄθραυστοι,</strong></span> <span class='ocrx_word' id='word_1_62' title='bbox 867 938 960 990; x_wconf 76' lang='grc' dir='ltr'>καὶ</span> <span class='ocrx_word' id='word_1_63' title='bbox 991 939 1365 1012; x_wconf 81' lang='grc' dir='ltr'><strong>τεθαρσήκασι</strong></span> <span class='ocrx_word' id='word_1_64' title='bbox 1392 944 1489 1015; x_wconf 79' lang='grc' dir='ltr'>μὲν</span> <span class='ocrx_word' id='word_1_65' title='bbox 1517 945 1602 997; x_wconf 76' lang='grc' dir='ltr'><strong>ἐπ’</strong></span> <span class='ocrx_word' id='word_1_66' title='bbox 1628 944 1971 1017; x_wconf 81' lang='grc' dir='ltr'>ὀχυρώμασι,</span> 
     </span>
    </p>
   </div>
   <div class='ocr_carea' id='block_1_12' title="bbox 392 1026 1974 1105">
    <p class='ocr_par' dir='ltr' id='par_1_12' title="bbox 392 1026 1974 1105">
     <span class='ocr_line' id='line_1_12' title="bbox 392 1026 1974 1105; baseline 0.006 -28"><span class='ocrx_word' id='word_1_67' title='bbox 392 1026 638 1078; x_wconf 81' lang='grc' dir='ltr'><strong>τουτέστι</strong></span> <span class='ocrx_word' id='word_1_68' title='bbox 670 1026 865 1097; x_wconf 79' lang='grc' dir='ltr'><strong>τειχῶν</strong></span> <span class='ocrx_word' id='word_1_69' title='bbox 895 1029 1418 1102; x_wconf 74' lang='grc' dir='ltr'>περιῦολαῖς,ήγουν</span> <span class='ocrx_word' id='word_1_70' title='bbox 1443 1032 1540 1086; x_wconf 74' lang='grc' dir='ltr'>καὶ</span> <span class='ocrx_word' id='word_1_71' title='bbox 1568 1034 1771 1105; x_wconf 77' lang='grc' dir='ltr'>ἑτέροις</span> <span class='ocrx_word' id='word_1_72' title='bbox 1798 1035 1974 1104; x_wconf 84' lang='grc' dir='ltr'>πράγ-</span> 
     </span>
    </p>
   </div>
   <div class='ocr_carea' id='block_1_13' title="bbox 395 1111 1976 1197">
    <p class='ocr_par' dir='ltr' id='par_1_13' title="bbox 395 1111 1976 1197">
     <span class='ocr_line' id='line_1_13' title="bbox 395 1111 1976 1197; baseline 0.009 -30"><span class='ocrx_word' id='word_1_73' title='bbox 395 1133 552 1186; x_wconf 83' lang='grc' dir='ltr'>μασι,</span> <span class='ocrx_word' id='word_1_74' title='bbox 598 1117 674 1186; x_wconf 73' lang='grc' dir='ltr'><strong>δι’</strong></span> <span class='ocrx_word' id='word_1_75' title='bbox 698 1111 774 1171; x_wconf 81' lang='grc' dir='ltr'>ὧν</span> <span class='ocrx_word' id='word_1_76' title='bbox 807 1118 873 1172; x_wconf 74' lang='grc' dir='ltr'>ἂν</span> <span class='ocrx_word' id='word_1_77' title='bbox 899 1114 958 1172; x_wconf 79' lang='grc' dir='ltr'>εὖ</span> <span class='ocrx_word' id='word_1_78' title='bbox 993 1118 1105 1190; x_wconf 77' lang='grc' dir='ltr'>ἔχοι</span> <span class='ocrx_word' id='word_1_79' title='bbox 1132 1123 1226 1176; x_wconf 77' lang='grc' dir='ltr'>καὶ</span> <span class='ocrx_word' id='word_1_80' title='bbox 1256 1123 1482 1188; x_wconf 66' lang='grc' dir='ltr'>σώζοιτο</span> <span class='ocrx_word' id='word_1_81' title='bbox 1513 1125 1684 1192; x_wconf 80' lang='grc' dir='ltr'>πόλις,</span> <span class='ocrx_word' id='word_1_82' title='bbox 1705 1127 1976 1197; x_wconf 81' lang='grc' dir='ltr'>πεφρονή-</span> 
     </span>
    </p>
   </div>
   <div class='ocr_carea' id='block_1_14' title="bbox 391 1208 1974 1288">
    <p class='ocr_par' dir='ltr' id='par_1_14' title="bbox 391 1208 1974 1288">
     <span class='ocr_line' id='line_1_14' title="bbox 391 1208 1974 1288; baseline 0.006 -27"><span class='ocrx_word' id='word_1_83' title='bbox 391 1225 524 1261; x_wconf 82' lang='grc' dir='ltr'>κασι</span> <span class='ocrx_word' id='word_1_84' title='bbox 548 1208 604 1262; x_wconf 81' lang='grc' dir='ltr'>δὲ</span> <span class='ocrx_word' id='word_1_85' title='bbox 640 1211 734 1263; x_wconf 66' lang='grc' dir='ltr'>καὶ</span> <span class='ocrx_word' id='word_1_86' title='bbox 765 1211 859 1264; x_wconf 73' lang='grc' dir='ltr'><strong>ἐπὶ</strong></span> <span class='ocrx_word' id='word_1_87' title='bbox 884 1210 1098 1282; x_wconf 76' lang='grc' dir='ltr'>πλούτῳ</span> <span class='ocrx_word' id='word_1_88' title='bbox 1133 1214 1294 1283; x_wconf 80' lang='grc' dir='ltr'>μέγα,</span> <span class='ocrx_word' id='word_1_89' title='bbox 1325 1215 1500 1288; x_wconf 85' lang='grc' dir='ltr'>ταύτῃ</span> <span class='ocrx_word' id='word_1_90' title='bbox 1524 1234 1608 1269; x_wconf 87' lang='grc' dir='ltr'><strong>τοι</strong></span> <span class='ocrx_word' id='word_1_91' title='bbox 1642 1217 1974 1287; x_wconf 77' lang='grc' dir='ltr'>μαθήσονται</span> 
     </span>
    </p>
   </div>
   <div class='ocr_carea' id='block_1_15' title="bbox 389 1301 1972 1382">
    <p class='ocr_par' dir='ltr' id='par_1_15' title="bbox 389 1301 1972 1382">
     <span class='ocr_line' id='line_1_15' title="bbox 389 1301 1972 1382; baseline 0.006 -28"><span class='ocrx_word' id='word_1_92' title='bbox 389 1301 482 1355; x_wconf 78' lang='grc' dir='ltr'>διὰ</span> <span class='ocrx_word' id='word_1_93' title='bbox 519 1303 714 1373; x_wconf 83' lang='grc' dir='ltr'>πείρας</span> <span class='ocrx_word' id='word_1_94' title='bbox 757 1304 1054 1374; x_wconf 75' lang='grc' dir='ltr'>αύτῆς,ὖτι</span> <span class='ocrx_word' id='word_1_95' title='bbox 1089 1305 1293 1376; x_wconf 86' lang='grc' dir='ltr'>Κύριος</span> <span class='ocrx_word' id='word_1_96' title='bbox 1340 1308 1737 1381; x_wconf 78' lang='grc' dir='ltr'>κληρονομήσει</span> <span class='ocrx_word' id='word_1_97' title='bbox 1784 1309 1972 1382; x_wconf 79' lang='grc' dir='ltr'>αὑτήν.</span> 
     </span>
    </p>
   </div>
   <div class='ocr_carea' id='block_1_16' title="bbox 393 1394 1976 1472">
    <p class='ocr_par' dir='ltr' id='par_1_16' title="bbox 393 1394 1976 1472">
     <span class='ocr_line' id='line_1_16' title="bbox 393 1394 1976 1472; baseline 0.003 -24"><span class='ocrx_word' id='word_1_98' title='bbox 393 1394 830 1464; x_wconf 83' lang='grc' dir='ltr'>Πεπορθηκότων</span> <span class='ocrx_word' id='word_1_99' title='bbox 876 1395 987 1467; x_wconf 68' lang='grc' dir='ltr'><strong>γὰρ</strong></span> <span class='ocrx_word' id='word_1_100' title='bbox 1035 1397 1206 1468; x_wconf 78' lang='grc' dir='ltr'>αὐτὴν</span> <span class='ocrx_word' id='word_1_101' title='bbox 1253 1397 1478 1464; x_wconf 75' lang='grc' dir='ltr'>τῶν-εξ</span> <span class='ocrx_word' id='word_1_102' title='bbox 1523 1400 1760 1472; x_wconf 83' lang='grc' dir='ltr'>Ἰσραὴλ,</span> <span class='ocrx_word' id='word_1_103' title='bbox 1808 1402 1976 1471; x_wconf 79' lang='grc' dir='ltr'>ήγουν</span> 
     </span>
    </p>
   </div>
   <div class='ocr_carea' id='block_1_17' title="bbox 390 1485 1976 1563">
    <p class='ocr_par' dir='ltr' id='par_1_17' title="bbox 390 1485 1976 1563">
     <span class='ocr_line' id='line_1_17' title="bbox 390 1485 1976 1563; baseline 0.006 -25"><span class='ocrx_word' id='word_1_104' title='bbox 390 1485 805 1540; x_wconf 72' lang='grc' dir='ltr'>Οὐεσπασιανοῦ</span> <span class='ocrx_word' id='word_1_105' title='bbox 844 1490 938 1542; x_wconf 70' lang='grc' dir='ltr'>καὶ</span> <span class='ocrx_word' id='word_1_106' title='bbox 967 1492 1150 1555; x_wconf 80' lang='grc' dir='ltr'>Τίτου,</span> <span class='ocrx_word' id='word_1_107' title='bbox 1184 1491 1764 1563; x_wconf 83' lang='grc' dir='ltr'>κληρονομηθήσεσθαί</span> <span class='ocrx_word' id='word_1_108' title='bbox 1810 1511 1976 1563; x_wconf 84' lang='grc' dir='ltr'>φησιν</span> 
     </span>
    </p>
   </div>
   <div class='ocr_carea' id='block_1_18' title="bbox 392 1577 1973 1656">
    <p class='ocr_par' dir='ltr' id='par_1_18' title="bbox 392 1577 1973 1656">
     <span class='ocr_line' id='line_1_18' title="bbox 392 1577 1973 1656; baseline 0.004 -26"><span class='ocrx_word' id='word_1_109' title='bbox 392 1577 565 1647; x_wconf 79' lang='grc' dir='ltr'>αὐτὴν</span> <span class='ocrx_word' id='word_1_110' title='bbox 611 1577 764 1650; x_wconf 80' lang='grc' dir='ltr'>παρὰ</span> <span class='ocrx_word' id='word_1_111' title='bbox 793 1580 950 1635; x_wconf 77' lang='grc' dir='ltr'>Θεοῦ.</span> <span class='ocrx_word' id='word_1_112' title='bbox 985 1582 1096 1636; x_wconf 83' lang='grc' dir='ltr'><strong>Καὶ</strong></span> <span class='ocrx_word' id='word_1_113' title='bbox 1125 1581 1234 1653; x_wconf 88' lang='grc' dir='ltr'><strong>γὰρ</strong></span> <span class='ocrx_word' id='word_1_114' title='bbox 1270 1579 1340 1656; x_wconf 80' lang='grc' dir='ltr'>ἦν</span> <span class='ocrx_word' id='word_1_115' title='bbox 1372 1583 1533 1648; x_wconf 82' lang='grc' dir='ltr'>αὐτὸς</span> <span class='ocrx_word' id='word_1_116' title='bbox 1566 1586 1595 1637; x_wconf 86' lang='grc' dir='ltr'>ὁ</span> <span class='ocrx_word' id='word_1_117' title='bbox 1625 1585 1973 1655; x_wconf 73' lang='grc' dir='ltr'>παραδιδοὺς,</span> 
     </span>
    </p>
   </div>
   <div class='ocr_carea' id='block_1_19' title="bbox 390 1667 1978 1748">
    <p class='ocr_par' dir='ltr' id='par_1_19' title="bbox 390 1667 1978 1748">
     <span class='ocr_line' id='line_1_19' title="bbox 390 1667 1978 1748; baseline 0.006 -27"><span class='ocrx_word' id='word_1_118' title='bbox 390 1667 489 1722; x_wconf 74' lang='grc' dir='ltr'>καὶ</span> <span class='ocrx_word' id='word_1_119' title='bbox 515 1670 618 1722; x_wconf 80' lang='grc' dir='ltr'><strong>ὑπὸ</strong></span> <span class='ocrx_word' id='word_1_120' title='bbox 651 1673 810 1742; x_wconf 74' lang='grc' dir='ltr'>χεῖρα</span> <span class='ocrx_word' id='word_1_121' title='bbox 848 1673 1018 1737; x_wconf 74' lang='grc' dir='ltr'>τιθεὶς</span> <span class='ocrx_word' id='word_1_122' title='bbox 1050 1674 1158 1728; x_wconf 88' lang='grc' dir='ltr'>τῶν</span> <span class='ocrx_word' id='word_1_123' title='bbox 1187 1677 1472 1746; x_wconf 74' lang='grc' dir='ltr'>ᾑρηκότων</span> <span class='ocrx_word' id='word_1_124' title='bbox 1506 1676 1694 1748; x_wconf 77' lang='grc' dir='ltr'>αὐτήν.</span> <span class='ocrx_word' id='word_1_125' title='bbox 1714 1677 1978 1747; x_wconf 83' lang='grc' dir='ltr'>Ῥωμαῖοι.</span> 
     </span>
    </p>
   </div>
   <div class='ocr_carea' id='block_1_20' title="bbox 2075 475 3654 547">
    <p class='ocr_par' dir='ltr' id='par_1_20' title="bbox 2075 475 3654 547">
     <span class='ocr_line' id='line_1_20' title="bbox 2075 475 3654 547; baseline -0.003 -10"><span class='ocrx_word' id='word_1_126' title='bbox 2075 481 2297 544; x_wconf 83' lang='lat' dir='ltr'><strong>divitiis,</strong></span> <span class='ocrx_word' id='word_1_127' title='bbox 2330 489 2383 536; x_wconf 89' lang='lat' dir='ltr'><strong>et</strong></span> <span class='ocrx_word' id='word_1_128' title='bbox 2409 479 2707 535; x_wconf 84' lang='lat' dir='ltr'><strong>incolarum</strong></span> <span class='ocrx_word' id='word_1_129' title='bbox 2737 475 3076 541; x_wconf 83' lang='lat' dir='ltr'><strong>fortitudine,</strong></span> <span class='ocrx_word' id='word_1_130' title='bbox 3133 485 3188 530; x_wconf 87' lang='lat' dir='ltr'><strong>et</strong></span> <span class='ocrx_word' id='word_1_131' title='bbox 3224 476 3361 532; x_wconf 82' lang='lat' dir='ltr'><strong>alias</strong></span> <span class='ocrx_word' id='word_1_132' title='bbox 3400 477 3556 547; x_wconf 84' lang='lat' dir='ltr'><strong>quasi</strong></span> <span class='ocrx_word' id='word_1_133' title='bbox 3602 477 3654 533; x_wconf 90' lang='lat' dir='ltr'><strong>iu</strong></span> 
     </span>
    </p>
   </div>
   <div class='ocr_carea' id='block_1_21' title="bbox 2075 566 3658 641">
    <p class='ocr_par' dir='ltr' id='par_1_21' title="bbox 2075 566 3658 641">
     <span class='ocr_line' id='line_1_21' title="bbox 2075 566 3658 641; baseline -0.002 -15"><span class='ocrx_word' id='word_1_134' title='bbox 2075 580 2342 641; x_wconf 90' lang='lat' dir='ltr'><strong>potestate</strong></span> <span class='ocrx_word' id='word_1_135' title='bbox 2365 571 2654 636; x_wconf 79' lang='lat' dir='ltr'><strong>habentes,</strong></span> <span class='ocrx_word' id='word_1_136' title='bbox 2684 578 2739 624; x_wconf 90' lang='lat' dir='ltr'><strong>et</strong></span> <span class='ocrx_word' id='word_1_137' title='bbox 2776 566 3084 623; x_wconf 77' lang='lat' dir='ltr'><strong>conﬁnibus</strong></span> <span class='ocrx_word' id='word_1_138' title='bbox 3123 567 3450 637; x_wconf 77' lang='lat' dir='ltr'><strong>superiores.</strong></span> <span class='ocrx_word' id='word_1_139' title='bbox 3511 567 3658 636; x_wconf 85' lang='lat' dir='ltr'><strong>Quo-</strong></span> 
     </span>
    </p>
   </div>
   <div class='ocr_carea' id='block_1_22' title="bbox 2076 658 3661 734">
    <p class='ocr_par' dir='ltr' id='par_1_22' title="bbox 2076 658 3661 734">
     <span class='ocr_line' id='line_1_22' title="bbox 2076 658 3661 734; baseline -0.002 -18"><span class='ocrx_word' id='word_1_140' title='bbox 2076 663 2220 717; x_wconf 85' lang='lat' dir='ltr'><strong>niam</strong></span> <span class='ocrx_word' id='word_1_141' title='bbox 2252 663 2432 734; x_wconf 86' lang='lat' dir='ltr'><strong>igitur,</strong></span> <span class='ocrx_word' id='word_1_142' title='bbox 2470 662 2662 731; x_wconf 77' lang='lat' dir='ltr'><strong>inquit,</strong></span> <span class='ocrx_word' id='word_1_143' title='bbox 2717 659 3062 730; x_wconf 84' lang='lat' dir='ltr'><strong>supercilium</strong></span> <span class='ocrx_word' id='word_1_144' title='bbox 3123 659 3315 714; x_wconf 87' lang='lat' dir='ltr'><strong>tollunt</strong></span> <span class='ocrx_word' id='word_1_145' title='bbox 3374 658 3549 730; x_wconf 83' lang='lat' dir='ltr'><strong>Tyrus</strong></span> <span class='ocrx_word' id='word_1_146' title='bbox 3607 672 3661 714; x_wconf 82' lang='lat' dir='ltr'><strong>rt</strong></span> 
     </span>
    </p>
   </div>
   <div class='ocr_carea' id='block_1_23' title="bbox 2077 750 3656 823">
    <p class='ocr_par' dir='ltr' id='par_1_23' title="bbox 2077 750 3656 823">
     <span class='ocr_line' id='line_1_23' title="bbox 2077 750 3656 823; baseline -0.003 -14"><span class='ocrx_word' id='word_1_147' title='bbox 2077 754 2268 820; x_wconf 90' lang='lat' dir='ltr'><strong>Sidon,</strong></span> <span class='ocrx_word' id='word_1_148' title='bbox 2301 753 2740 823; x_wconf 87' lang='lat' dir='ltr'><strong>arbitranturque</strong></span> <span class='ocrx_word' id='word_1_149' title='bbox 2782 765 2843 812; x_wconf 86' lang='lat' dir='ltr'><strong>se</strong></span> <span class='ocrx_word' id='word_1_150' title='bbox 2891 759 3138 822; x_wconf 87' lang='lat' dir='ltr'><strong>potentes</strong></span> <span class='ocrx_word' id='word_1_151' title='bbox 3173 761 3229 805; x_wconf 89' lang='lat' dir='ltr'><strong>et</strong></span> <span class='ocrx_word' id='word_1_152' title='bbox 3281 750 3656 813; x_wconf 87' lang='lat' dir='ltr'><strong>inconcussas,</strong></span> 
     </span>
    </p>
   </div>
   <div class='ocr_carea' id='block_1_24' title="bbox 2076 845 3660 917">
    <p class='ocr_par' dir='ltr' id='par_1_24' title="bbox 2076 845 3660 917">
     <span class='ocr_line' id='line_1_24' title="bbox 2076 845 3660 917; baseline -0.003 -16"><span class='ocrx_word' id='word_1_153' title='bbox 2076 857 2131 902; x_wconf 87' lang='lat' dir='ltr'><strong>ct</strong></span> <span class='ocrx_word' id='word_1_154' title='bbox 2150 861 2303 917; x_wconf 87' lang='lat' dir='ltr'><strong>spem</strong></span> <span class='ocrx_word' id='word_1_155' title='bbox 2340 856 2604 916; x_wconf 88' lang='lat' dir='ltr'><strong>reponunt</strong></span> <span class='ocrx_word' id='word_1_156' title='bbox 2633 846 2683 900; x_wconf 92' lang='lat' dir='ltr'><strong>in</strong></span> <span class='ocrx_word' id='word_1_157' title='bbox 2711 845 3122 909; x_wconf 83' lang='lat' dir='ltr'><strong>munitionibus,</strong></span> <span class='ocrx_word' id='word_1_158' title='bbox 3155 845 3256 898; x_wconf 88' lang='lat' dir='ltr'><strong>hoc</strong></span> <span class='ocrx_word' id='word_1_159' title='bbox 3285 853 3369 899; x_wconf 88' lang='lat' dir='ltr'><strong>est</strong></span> <span class='ocrx_word' id='word_1_160' title='bbox 3411 845 3462 898; x_wconf 89' lang='lat' dir='ltr'><strong>in</strong></span> <span class='ocrx_word' id='word_1_161' title='bbox 3492 846 3660 900; x_wconf 78' lang='lat' dir='ltr'><strong>muris</strong></span> 
     </span>
    </p>
   </div>
   <div class='ocr_carea' id='block_1_25' title="bbox 2078 936 3661 1009">
    <p class='ocr_par' dir='ltr' id='par_1_25' title="bbox 2078 936 3661 1009">
     <span class='ocr_line' id='line_1_25' title="bbox 2078 936 3661 1009; baseline -0.001 -18"><span class='ocrx_word' id='word_1_162' title='bbox 2078 938 2271 1009; x_wconf 82' lang='lat' dir='ltr'><strong>quibus</strong></span> <span class='ocrx_word' id='word_1_163' title='bbox 2296 939 2630 1005; x_wconf 86' lang='lat' dir='ltr'><strong>ambiuntur,</strong></span> <span class='ocrx_word' id='word_1_164' title='bbox 2653 939 2767 993; x_wconf 75' lang='lat' dir='ltr'><strong>sive</strong></span> <span class='ocrx_word' id='word_1_165' title='bbox 2806 938 2858 992; x_wconf 92' lang='lat' dir='ltr'><strong>in</strong></span> <span class='ocrx_word' id='word_1_166' title='bbox 2899 938 3065 993; x_wconf 81' lang='lat' dir='ltr'><strong>rebus</strong></span> <span class='ocrx_word' id='word_1_167' title='bbox 3098 937 3220 991; x_wconf 88' lang='lat' dir='ltr'><strong>aliis</strong></span> <span class='ocrx_word' id='word_1_168' title='bbox 3248 937 3445 1006; x_wconf 87' lang='lat' dir='ltr'><strong>quibus</strong></span> <span class='ocrx_word' id='word_1_169' title='bbox 3471 936 3661 991; x_wconf 73' lang='lat' dir='ltr'><strong>ﬂoreat</strong></span> 
     </span>
    </p>
   </div>
   <div class='ocr_carea' id='block_1_26' title="bbox 2078 1029 3659 1098">
    <p class='ocr_par' dir='ltr' id='par_1_26' title="bbox 2078 1029 3659 1098">
     <span class='ocr_line' id='line_1_26' title="bbox 2078 1029 3659 1098; baseline -0.001 -14"><span class='ocrx_word' id='word_1_170' title='bbox 2078 1038 2134 1084; x_wconf 85' lang='lat' dir='ltr'><strong>et</strong></span> <span class='ocrx_word' id='word_1_171' title='bbox 2163 1029 2310 1084; x_wconf 81' lang='lat' dir='ltr'><strong>salva</strong></span> <span class='ocrx_word' id='word_1_172' title='bbox 2344 1029 2416 1084; x_wconf 88' lang='lat' dir='ltr'><strong>sit</strong></span> <span class='ocrx_word' id='word_1_173' title='bbox 2442 1029 2658 1095; x_wconf 80' lang='lat' dir='ltr'><strong>civitas,</strong></span> <span class='ocrx_word' id='word_1_174' title='bbox 2680 1029 2747 1084; x_wconf 90' lang='lat' dir='ltr'><strong>de</strong></span> <span class='ocrx_word' id='word_1_175' title='bbox 2781 1029 3090 1084; x_wconf 82' lang='lat' dir='ltr'><strong>divitiarum</strong></span> <span class='ocrx_word' id='word_1_176' title='bbox 3137 1031 3298 1084; x_wconf 90' lang='lat' dir='ltr'><strong>etiam</strong></span> <span class='ocrx_word' id='word_1_177' title='bbox 3345 1031 3497 1098; x_wconf 81' lang='lat' dir='ltr'><strong>copia</strong></span> <span class='ocrx_word' id='word_1_178' title='bbox 3559 1029 3659 1085; x_wconf 87' lang='lat' dir='ltr'><strong>sibi</strong></span> 
     </span>
    </p>
   </div>
   <div class='ocr_carea' id='block_1_27' title="bbox 2081 1117 3662 1191">
    <p class='ocr_par' dir='ltr' id='par_1_27' title="bbox 2081 1117 3662 1191">
     <span class='ocr_line' id='line_1_27' title="bbox 2081 1117 3662 1191; baseline 0.001 -16"><span class='ocrx_word' id='word_1_179' title='bbox 2081 1121 2366 1191; x_wconf 83' lang='lat' dir='ltr'><strong>plaudunt,</strong></span> <span class='ocrx_word' id='word_1_180' title='bbox 2393 1121 2597 1175; x_wconf 83' lang='lat' dir='ltr'><strong>idcirco</strong></span> <span class='ocrx_word' id='word_1_181' title='bbox 2631 1122 2744 1190; x_wconf 89' lang='lat' dir='ltr'><strong>ipsa</strong></span> <span class='ocrx_word' id='word_1_182' title='bbox 2770 1119 3102 1190; x_wconf 79' lang='lat' dir='ltr'><strong>experientia</strong></span> <span class='ocrx_word' id='word_1_183' title='bbox 3138 1117 3514 1190; x_wconf 90' lang='lat' dir='ltr'><strong>discentquod</strong></span> <span class='ocrx_word' id='word_1_184' title='bbox 3554 1120 3662 1176; x_wconf 50' lang='lat' dir='ltr'><strong>Do‘</strong></span> 
     </span>
    </p>
   </div>
   <div class='ocr_carea' id='block_1_28' title="bbox 2078 1212 3661 1284">
    <p class='ocr_par' dir='ltr' id='par_1_28' title="bbox 2078 1212 3661 1284">
     <span class='ocr_line' id='line_1_28' title="bbox 2078 1212 3661 1284; baseline 0.002 -18"><span class='ocrx_word' id='word_1_185' title='bbox 2078 1213 2256 1267; x_wconf 79' lang='lat' dir='ltr'><strong>minus</strong></span> <span class='ocrx_word' id='word_1_186' title='bbox 2284 1213 2734 1283; x_wconf 88' lang='lat' dir='ltr'><strong>possidebiteam.</strong></span> <span class='ocrx_word' id='word_1_187' title='bbox 2769 1213 3138 1284; x_wconf 80' lang='lat' dir='ltr'><strong>Expugnatam</strong></span> <span class='ocrx_word' id='word_1_188' title='bbox 3189 1212 3331 1268; x_wconf 89' lang='lat' dir='ltr'><strong>enim</strong></span> <span class='ocrx_word' id='word_1_189' title='bbox 3392 1213 3460 1269; x_wconf 86' lang='lat' dir='ltr'><strong>ab</strong></span> <span class='ocrx_word' id='word_1_190' title='bbox 3482 1213 3661 1269; x_wconf 78' lang='lat' dir='ltr'><strong>Israe-</strong></span> 
     </span>
    </p>
   </div>
   <div class='ocr_carea' id='block_1_29' title="bbox 2079 1305 3664 1376">
    <p class='ocr_par' dir='ltr' id='par_1_29' title="bbox 2079 1305 3664 1376">
     <span class='ocr_line' id='line_1_29' title="bbox 2079 1305 3664 1376; baseline 0.003 -18"><span class='ocrx_word' id='word_1_191' title='bbox 2079 1305 2214 1371; x_wconf 91' lang='lat' dir='ltr'><strong>litis,</strong></span> <span class='ocrx_word' id='word_1_192' title='bbox 2243 1314 2336 1361; x_wconf 87' lang='lat' dir='ltr'><strong>aut</strong></span> <span class='ocrx_word' id='word_1_193' title='bbox 2368 1305 2708 1376; x_wconf 81' lang='lat' dir='ltr'><strong>Vespasiano</strong></span> <span class='ocrx_word' id='word_1_194' title='bbox 2763 1316 2818 1361; x_wconf 87' lang='lat' dir='ltr'><strong>et</strong></span> <span class='ocrx_word' id='word_1_195' title='bbox 2846 1305 2990 1370; x_wconf 83' lang='lat' dir='ltr'><strong>Tito,</strong></span> <span class='ocrx_word' id='word_1_196' title='bbox 3021 1320 3330 1374; x_wconf 86' lang='lat' dir='ltr'><strong>possessum</strong></span> <span class='ocrx_word' id='word_1_197' title='bbox 3363 1305 3426 1361; x_wconf 91' lang='lat' dir='ltr'><strong>iri</strong></span> <span class='ocrx_word' id='word_1_198' title='bbox 3481 1321 3512 1361; x_wconf 88' lang='lat' dir='ltr'><strong>a</strong></span> <span class='ocrx_word' id='word_1_199' title='bbox 3557 1305 3664 1363; x_wconf 73' lang='lat' dir='ltr'><strong>Do~</strong></span> 
     </span>
    </p>
   </div>
   <div class='ocr_carea' id='block_1_30' title="bbox 2080 1397 3664 1469">
    <p class='ocr_par' dir='ltr' id='par_1_30' title="bbox 2080 1397 3664 1469">
     <span class='ocr_line' id='line_1_30' title="bbox 2080 1397 3664 1469; baseline 0.001 -19"><span class='ocrx_word' id='word_1_200' title='bbox 2080 1398 2227 1453; x_wconf 90' lang='lat' dir='ltr'><strong>mino</strong></span> <span class='ocrx_word' id='word_1_201' title='bbox 2249 1399 2442 1468; x_wconf 83' lang='lat' dir='ltr'><strong>inquit.</strong></span> <span class='ocrx_word' id='word_1_202' title='bbox 2465 1397 2584 1469; x_wconf 85' lang='lat' dir='ltr'><strong>Ipse</strong></span> <span class='ocrx_word' id='word_1_203' title='bbox 2621 1399 2766 1454; x_wconf 88' lang='lat' dir='ltr'><strong>enim</strong></span> <span class='ocrx_word' id='word_1_204' title='bbox 2797 1405 2916 1455; x_wconf 86' lang='lat' dir='ltr'><strong>erat</strong></span> <span class='ocrx_word' id='word_1_205' title='bbox 2944 1398 3037 1469; x_wconf 88' lang='lat' dir='ltr'><strong>qui</strong></span> <span class='ocrx_word' id='word_1_206' title='bbox 3067 1399 3288 1454; x_wconf 86' lang='lat' dir='ltr'><strong>tradidit</strong></span> <span class='ocrx_word' id='word_1_207' title='bbox 3315 1398 3444 1454; x_wconf 91' lang='lat' dir='ltr'><strong>etin</strong></span> <span class='ocrx_word' id='word_1_208' title='bbox 3471 1413 3664 1454; x_wconf 77' lang='lat' dir='ltr'><strong>manus</strong></span> 
     </span>
    </p>
   </div>
   <div class='ocr_carea' id='block_1_31' title="bbox 2079 1488 3661 1559">
    <p class='ocr_par' dir='ltr' id='par_1_31' title="bbox 2079 1488 3661 1559">
     <span class='ocr_line' id='line_1_31' title="bbox 2079 1488 3661 1559; baseline 0.003 -19"><span class='ocrx_word' id='word_1_209' title='bbox 2079 1488 2466 1557; x_wconf 78' lang='lat' dir='ltr'><strong>occupantium</strong></span> <span class='ocrx_word' id='word_1_210' title='bbox 2491 1489 2660 1544; x_wconf 88' lang='lat' dir='ltr'><strong>dedit.</strong></span> <span class='ocrx_word' id='word_1_211' title='bbox 2694 1488 2924 1545; x_wconf 72' lang='lat' dir='ltr'><strong>Romani</strong></span> <span class='ocrx_word' id='word_1_212' title='bbox 2962 1503 3199 1559; x_wconf 79' lang='lat' dir='ltr'><strong>namque</strong></span> <span class='ocrx_word' id='word_1_213' title='bbox 3257 1498 3430 1546; x_wconf 86' lang='lat' dir='ltr'><strong>totum</strong></span> <span class='ocrx_word' id='word_1_214' title='bbox 3472 1492 3661 1546; x_wconf 87' lang='lat' dir='ltr'><strong>orbem</strong></span> 
     </span>
    </p>
   </div>
   <div class='ocr_carea' id='block_1_32' title="bbox 2081 1581 3664 1653">
    <p class='ocr_par' dir='ltr' id='par_1_32' title="bbox 2081 1581 3664 1653">
     <span class='ocr_line' id='line_1_32' title="bbox 2081 1581 3664 1653; baseline 0.002 -20"><span class='ocrx_word' id='word_1_215' title='bbox 2081 1581 2133 1633; x_wconf 91' lang='lat' dir='ltr'><strong>in</strong></span> <span class='ocrx_word' id='word_1_216' title='bbox 2162 1581 2417 1635; x_wconf 88' lang='lat' dir='ltr'><strong>ditionem</strong></span> <span class='ocrx_word' id='word_1_217' title='bbox 2444 1595 2599 1636; x_wconf 88' lang='lat' dir='ltr'><strong>suam</strong></span> <span class='ocrx_word' id='word_1_218' title='bbox 2645 1581 2976 1653; x_wconf 81' lang='lat' dir='ltr'><strong>redigentes,</strong></span> <span class='ocrx_word' id='word_1_219' title='bbox 3034 1581 3177 1637; x_wconf 87' lang='lat' dir='ltr'><strong>ultro</strong></span> <span class='ocrx_word' id='word_1_220' title='bbox 3229 1595 3289 1638; x_wconf 89' lang='lat' dir='ltr'><strong>se</strong></span> <span class='ocrx_word' id='word_1_221' title='bbox 3339 1581 3664 1638; x_wconf 78' lang='lat' dir='ltr'><strong>dedentibus</strong></span> 
     </span>
    </p>
   </div>
   <div class='ocr_carea' id='block_1_33' title="bbox 2080 1672 3666 1746">
    <p class='ocr_par' dir='ltr' id='par_1_33' title="bbox 2080 1672 3666 1746">
     <span class='ocr_line' id='line_1_33' title="bbox 2080 1672 3666 1746; baseline 0.001 -20"><span class='ocrx_word' id='word_1_222' title='bbox 2080 1672 2374 1728; x_wconf 83' lang='lat' dir='ltr'><strong>clementes</strong></span> <span class='ocrx_word' id='word_1_223' title='bbox 2429 1682 2485 1728; x_wconf 88' lang='lat' dir='ltr'><strong>et</strong></span> <span class='ocrx_word' id='word_1_224' title='bbox 2509 1673 2794 1746; x_wconf 85' lang='lat' dir='ltr'><strong>benignos,</strong></span> <span class='ocrx_word' id='word_1_225' title='bbox 2823 1672 3200 1729; x_wconf 85' lang='lat' dir='ltr'><strong>resistentibus</strong></span> <span class='ocrx_word' id='word_1_226' title='bbox 3258 1688 3434 1739; x_wconf 84' lang='lat' dir='ltr'><strong>acres,</strong></span> <span class='ocrx_word' id='word_1_227' title='bbox 3490 1684 3545 1728; x_wconf 89' lang='lat' dir='ltr'><strong>et</strong></span> <span class='ocrx_word' id='word_1_228' title='bbox 3583 1674 3666 1730; x_wconf 81' lang='lat' dir='ltr'><strong>in-</strong></span> 
     </span>
    </p>
   </div>
   <div class='ocr_carea' id='block_1_34' title="bbox 389 1760 1994 1839">
    <p class='ocr_par' dir='ltr' id='par_1_34' title="bbox 389 1760 1974 1839">
     <span class='ocr_line' id='line_1_34' title="bbox 389 1760 1974 1839; baseline 0.006 -27"><span class='ocrx_word' id='word_1_229' title='bbox 389 1760 501 1830; x_wconf 71' lang='grc' dir='ltr'><strong>γὰρ</strong></span> <span class='ocrx_word' id='word_1_230' title='bbox 521 1763 636 1825; x_wconf 82' lang='grc' dir='ltr'>τοῖς</span> <span class='ocrx_word' id='word_1_231' title='bbox 661 1762 810 1826; x_wconf 80' lang='grc' dir='ltr'>ὶδίοις</span> <span class='ocrx_word' id='word_1_232' title='bbox 827 1765 1194 1835; x_wconf 77' lang='grc' dir='ltr'>ὑποφέροντες</span> <span class='ocrx_word' id='word_1_233' title='bbox 1230 1767 1529 1839; x_wconf 81' lang='grc' dir='ltr'>σκήπτροις</span> <span class='ocrx_word' id='word_1_234' title='bbox 1555 1767 1652 1839; x_wconf 82' lang='grc' dir='ltr'><strong>τήν</strong></span> <span class='ocrx_word' id='word_1_235' title='bbox 1680 1768 1974 1839; x_wconf 78' lang='grc' dir='ltr'>σύμπασαν</span> 
     </span>
    </p>
   </div>
   <div class='ocr_carea' id='block_1_35' title="bbox 2080 1760 3662 1839">
    <p class='ocr_par' dir='ltr' id='par_1_35' title="bbox 2080 1763 3662 1835">
     <span class='ocr_line' id='line_1_35' title="bbox 2080 1763 3662 1835; baseline 0.002 -19"><span class='ocrx_word' id='word_1_236' title='bbox 2080 1764 2248 1819; x_wconf 77' lang='lat' dir='ltr'><strong>victos</strong></span> <span class='ocrx_word' id='word_1_237' title='bbox 2277 1779 2397 1820; x_wconf 85' lang='lat' dir='ltr'><strong>sese</strong></span> <span class='ocrx_word' id='word_1_238' title='bbox 2432 1765 2760 1835; x_wconf 65' lang='lat' dir='ltr'><strong>praebebant.</strong></span> <span class='ocrx_word' id='word_1_239' title='bbox 2790 1763 2965 1835; x_wconf 79' lang='lat' dir='ltr'><strong>ipsam</strong></span> <span class='ocrx_word' id='word_1_240' title='bbox 3000 1765 3165 1832; x_wconf 83' lang='lat' dir='ltr'><strong>igitur</strong></span> <span class='ocrx_word' id='word_1_241' title='bbox 3200 1764 3662 1833; x_wconf 77' lang='lat' dir='ltr'><strong>conﬂagraturam</strong></span> 
     </span>
    </p>
   </div>
   <div class='ocr_carea' id='block_1_36' title="bbox 386 1851 1978 1930">
    <p class='ocr_par' dir='ltr' id='par_1_36' title="bbox 386 1851 1978 1930">
     <span class='ocr_line' id='line_1_36' title="bbox 386 1851 1978 1930; baseline 0.006 -28"><span class='ocrx_word' id='word_1_242' title='bbox 386 1851 514 1920; x_wconf 77' lang='grc' dir='ltr'>γῆν,</span> <span class='ocrx_word' id='word_1_243' title='bbox 547 1855 660 1914; x_wconf 83' lang='grc' dir='ltr'>τοῖς</span> <span class='ocrx_word' id='word_1_244' title='bbox 702 1854 801 1923; x_wconf 82' lang='grc' dir='ltr'>μὲν</span> <span class='ocrx_word' id='word_1_245' title='bbox 851 1855 1092 1911; x_wconf 83' lang='grc' dir='ltr'>είκουσιν</span> <span class='ocrx_word' id='word_1_246' title='bbox 1139 1857 1342 1928; x_wconf 78' lang='grc' dir='ltr'>ἀμαχεὶ</span> <span class='ocrx_word' id='word_1_247' title='bbox 1389 1859 1555 1929; x_wconf 70' lang='grc' dir='ltr'>πρᾱοί</span> <span class='ocrx_word' id='word_1_248' title='bbox 1602 1875 1664 1911; x_wconf 90' lang='grc' dir='ltr'><strong>τε</strong></span> <span class='ocrx_word' id='word_1_249' title='bbox 1705 1855 1846 1930; x_wconf 79' lang='grc' dir='ltr'>ἦσαν</span> <span class='ocrx_word' id='word_1_250' title='bbox 1884 1859 1978 1912; x_wconf 70' lang='grc' dir='ltr'>καὶ</span> 
     </span>
    </p>
   </div>
   <div class='ocr_carea' id='block_1_37' title="bbox 388 1945 1980 2018">
    <p class='ocr_par' dir='ltr' id='par_1_37' title="bbox 388 1945 1980 2018">
     <span class='ocr_line' id='line_1_37' title="bbox 388 1945 1980 2018; baseline 0.006 -25"><span class='ocrx_word' id='word_1_251' title='bbox 388 1945 718 2012; x_wconf 75' lang='grc' dir='ltr'>προσηνεῖς·</span> <span class='ocrx_word' id='word_1_252' title='bbox 771 1946 885 2008; x_wconf 77' lang='grc' dir='ltr'>τοῖς</span> <span class='ocrx_word' id='word_1_253' title='bbox 938 1962 1004 2013; x_wconf 79' lang='grc' dir='ltr'><strong>γε</strong></span> <span class='ocrx_word' id='word_1_254' title='bbox 1052 1947 1160 2018; x_wconf 80' lang='grc' dir='ltr'><strong>μὴν</strong></span> <span class='ocrx_word' id='word_1_255' title='bbox 1209 1948 1528 2016; x_wconf 78' lang='grc' dir='ltr'>ἀντεξάγειν</span> <span class='ocrx_word' id='word_1_256' title='bbox 1574 1949 1848 2002; x_wconf 72' lang='grc' dir='ltr'>ἐθέλουσιν</span> <span class='ocrx_word' id='word_1_257' title='bbox 1884 1951 1980 2002; x_wconf 80' lang='grc' dir='ltr'><strong>ὲπ-</strong></span> 
     </span>
    </p>
   </div>
   <div class='ocr_carea' id='block_1_38' title="bbox 389 2033 1980 2112">
    <p class='ocr_par' dir='ltr' id='par_1_38' title="bbox 389 2033 1980 2112">
     <span class='ocr_line' id='line_1_38' title="bbox 389 2033 1980 2112; baseline 0.006 -27"><span class='ocrx_word' id='word_1_258' title='bbox 389 2033 616 2101; x_wconf 68' lang='grc' dir='ltr'>εφύοντο</span> <span class='ocrx_word' id='word_1_259' title='bbox 642 2036 737 2089; x_wconf 73' lang='grc' dir='ltr'>καὶ</span> <span class='ocrx_word' id='word_1_260' title='bbox 777 2037 930 2090; x_wconf 76' lang='grc' dir='ltr'>αὐτοὶ</span> <span class='ocrx_word' id='word_1_261' title='bbox 957 2038 1171 2109; x_wconf 78' lang='grc' dir='ltr'>δριμεῖς</span> <span class='ocrx_word' id='word_1_262' title='bbox 1201 2056 1262 2093; x_wconf 83' lang='grc' dir='ltr'><strong>τε</strong></span> <span class='ocrx_word' id='word_1_263' title='bbox 1288 2041 1385 2094; x_wconf 74' lang='grc' dir='ltr'>καὶ</span> <span class='ocrx_word' id='word_1_264' title='bbox 1413 2039 1636 2112; x_wconf 70' lang='grc' dir='ltr'>ἄμαχοι.</span> <span class='ocrx_word' id='word_1_265' title='bbox 1679 2043 1980 2112; x_wconf 79' lang='grc' dir='ltr'>Καταπρη-</span> 
     </span>
    </p>
   </div>
   <div class='ocr_carea' id='block_1_39' title="bbox 391 2122 1980 2202">
    <p class='ocr_par' dir='ltr' id='par_1_39' title="bbox 391 2122 1980 2202">
     <span class='ocr_line' id='line_1_39' title="bbox 391 2122 1980 2202; baseline 0.006 -26"><span class='ocrx_word' id='word_1_266' title='bbox 391 2124 692 2195; x_wconf 78' lang='grc' dir='ltr'>σθήσεσθαι</span> <span class='ocrx_word' id='word_1_267' title='bbox 746 2126 810 2198; x_wconf 84' lang='grc' dir='ltr'>δὴ</span> <span class='ocrx_word' id='word_1_268' title='bbox 843 2122 936 2180; x_wconf 83' lang='grc' dir='ltr'>οὖν</span> <span class='ocrx_word' id='word_1_269' title='bbox 987 2145 1155 2199; x_wconf 83' lang='grc' dir='ltr'>φησιν</span> <span class='ocrx_word' id='word_1_270' title='bbox 1202 2131 1377 2201; x_wconf 76' lang='grc' dir='ltr'>αὐτὴν</span> <span class='ocrx_word' id='word_1_271' title='bbox 1408 2131 1874 2202; x_wconf 80' lang='grc' dir='ltr'>κατεσπασμένων</span> <span class='ocrx_word' id='word_1_272' title='bbox 1923 2135 1980 2185; x_wconf 83' lang='grc' dir='ltr'>ὲν</span> 
     </span>
    </p>
   </div>
   <div class='ocr_carea' id='block_1_40' title="bbox 387 2213 1976 2294">
    <p class='ocr_par' dir='ltr' id='par_1_40' title="bbox 387 2213 1976 2294">
     <span class='ocr_line' id='line_1_40' title="bbox 387 2213 1976 2294; baseline 0.007 -28"><span class='ocrx_word' id='word_1_273' title='bbox 387 2213 635 2288; x_wconf 78' lang='grc' dir='ltr'>θαλάσσῃ</span> <span class='ocrx_word' id='word_1_274' title='bbox 684 2217 795 2271; x_wconf 81' lang='grc' dir='ltr'><strong>τῶν</strong></span> <span class='ocrx_word' id='word_1_275' title='bbox 848 2219 1240 2292; x_wconf 75' lang='grc' dir='ltr'>ὀχυρωμάτων,</span> <span class='ocrx_word' id='word_1_276' title='bbox 1283 2222 1378 2276; x_wconf 78' lang='grc' dir='ltr'><strong>καὶ</strong></span> <span class='ocrx_word' id='word_1_277' title='bbox 1424 2223 1831 2294; x_wconf 83' lang='grc' dir='ltr'>διηρπασμένου</span> <span class='ocrx_word' id='word_1_278' title='bbox 1880 2224 1976 2278; x_wconf 80' lang='grc' dir='ltr'>τοῦ</span> 
     </span>
    </p>
   </div>
   <div class='ocr_carea' id='block_1_41' title="bbox 390 2307 1976 2386">
    <p class='ocr_par' dir='ltr' id='par_1_41' title="bbox 390 2307 1976 2386">
     <span class='ocr_line' id='line_1_41' title="bbox 390 2307 1976 2386; baseline 0.006 -28"><span class='ocrx_word' id='word_1_279' title='bbox 390 2307 647 2374; x_wconf 76' lang='grc' dir='ltr'>πλούτου,</span> <span class='ocrx_word' id='word_1_280' title='bbox 684 2311 733 2362; x_wconf 82' lang='grc' dir='ltr'>εἰ</span> <span class='ocrx_word' id='word_1_281' title='bbox 763 2311 857 2365; x_wconf 73' lang='grc' dir='ltr'>καὶ</span> <span class='ocrx_word' id='word_1_282' title='bbox 877 2307 944 2382; x_wconf 76' lang='grc' dir='ltr'>ἦν</span> <span class='ocrx_word' id='word_1_283' title='bbox 964 2313 1040 2375; x_wconf 83' lang='grc' dir='ltr'><strong>ὡς</strong></span> <span class='ocrx_word' id='word_1_284' title='bbox 1068 2314 1198 2383; x_wconf 83' lang='grc' dir='ltr'>χοῦς</span> <span class='ocrx_word' id='word_1_285' title='bbox 1225 2314 1287 2367; x_wconf 87' lang='grc' dir='ltr'>τὸ</span> <span class='ocrx_word' id='word_1_286' title='bbox 1308 2315 1551 2386; x_wconf 87' lang='grc' dir='ltr'>χρυσίον,</span> <span class='ocrx_word' id='word_1_287' title='bbox 1581 2317 1674 2369; x_wconf 74' lang='grc' dir='ltr'>καὶ</span> <span class='ocrx_word' id='word_1_288' title='bbox 1703 2317 1780 2380; x_wconf 81' lang='grc' dir='ltr'>ὡς</span> <span class='ocrx_word' id='word_1_289' title='bbox 1807 2316 1976 2386; x_wconf 70' lang='grc' dir='ltr'>πηλὸς</span> 
     </span>
    </p>
   </div>
   <div class='ocr_carea' id='block_1_42' title="bbox 387 2399 1975 2478">
    <p class='ocr_par' dir='ltr' id='par_1_42' title="bbox 387 2399 1975 2478">
     <span class='ocr_line' id='line_1_42' title="bbox 387 2399 1975 2478; baseline 0.005 -27"><span class='ocrx_word' id='word_1_290' title='bbox 387 2399 529 2452; x_wconf 81' lang='grc' dir='ltr'>ὁδῶν</span> <span class='ocrx_word' id='word_1_291' title='bbox 564 2400 624 2453; x_wconf 86' lang='grc' dir='ltr'><strong>τὸ</strong></span> <span class='ocrx_word' id='word_1_292' title='bbox 657 2402 921 2474; x_wconf 71' lang='grc' dir='ltr'>ἀργύριον</span> <span class='ocrx_word' id='word_1_293' title='bbox 947 2405 1420 2476; x_wconf 78' lang='grc' dir='ltr'>αὐτῆς.“-Εμποροι</span> <span class='ocrx_word' id='word_1_294' title='bbox 1452 2407 1560 2478; x_wconf 83' lang='grc' dir='ltr'>γὰρ</span> <span class='ocrx_word' id='word_1_295' title='bbox 1588 2409 1844 2476; x_wconf 82' lang='grc' dir='ltr'>γεγόνασι</span> <span class='ocrx_word' id='word_1_296' title='bbox 1864 2408 1975 2461; x_wconf 79' lang='grc' dir='ltr'>δει-</span> 
     </span>
    </p>
   </div>
   <div class='ocr_carea' id='block_1_43' title="bbox 391 2491 1978 2568">
    <p class='ocr_par' dir='ltr' id='par_1_43' title="bbox 391 2491 1978 2568">
     <span class='ocr_line' id='line_1_43' title="bbox 391 2491 1978 2568; baseline 0.004 -24"><span class='ocrx_word' id='word_1_297' title='bbox 391 2491 497 2553; x_wconf 80' lang='grc' dir='ltr'>νοὶ,</span> <span class='ocrx_word' id='word_1_298' title='bbox 526 2494 621 2545; x_wconf 76' lang='grc' dir='ltr'>καὶ</span> <span class='ocrx_word' id='word_1_299' title='bbox 650 2493 1116 2568; x_wconf 77' lang='grc' dir='ltr'>φιλοκερδέστατοι</span> <span class='ocrx_word' id='word_1_300' title='bbox 1147 2495 1288 2559; x_wconf 81' lang='grc' dir='ltr'>λίαν,</span> <span class='ocrx_word' id='word_1_301' title='bbox 1323 2499 1374 2550; x_wconf 77' lang='lat' dir='ltr'><strong>oi</strong></span> <span class='ocrx_word' id='word_1_302' title='bbox 1417 2500 1518 2568; x_wconf 82' lang='grc' dir='ltr'>τῆς</span> <span class='ocrx_word' id='word_1_303' title='bbox 1543 2498 1720 2568; x_wconf 82' lang='grc' dir='ltr'>Τύρου</span> <span class='ocrx_word' id='word_1_304' title='bbox 1766 2499 1978 2568; x_wconf 80' lang='grc' dir='ltr'>οἰκήτο-</span> 
     </span>
    </p>
   </div>
   <div class='ocr_carea' id='block_1_44' title="bbox 390 2584 1980 2660">
    <p class='ocr_par' dir='ltr' id='par_1_44' title="bbox 390 2584 1980 2660">
     <span class='ocr_line' id='line_1_44' title="bbox 390 2584 1980 2660; baseline 0.004 -25"><span class='ocrx_word' id='word_1_305' title='bbox 390 2599 513 2652; x_wconf 81' lang='grc' dir='ltr'>ρες,</span> <span class='ocrx_word' id='word_1_306' title='bbox 537 2584 630 2636; x_wconf 78' lang='grc' dir='ltr'><strong>καὶ</strong></span> <span class='ocrx_word' id='word_1_307' title='bbox 649 2585 777 2656; x_wconf 86' lang='grc' dir='ltr'>περί</span> <span class='ocrx_word' id='word_1_308' title='bbox 792 2603 856 2654; x_wconf 86' lang='grc' dir='ltr'><strong>γε</strong></span> <span class='ocrx_word' id='word_1_309' title='bbox 888 2586 1079 2640; x_wconf 88' lang='grc' dir='ltr'>τούτου</span> <span class='ocrx_word' id='word_1_310' title='bbox 1111 2588 1316 2652; x_wconf 84' lang='grc' dir='ltr'>πλατὺς</span> <span class='ocrx_word' id='word_1_311' title='bbox 1340 2589 1435 2643; x_wconf 73' lang='grc' dir='ltr'>καὶ</span> <span class='ocrx_word' id='word_1_312' title='bbox 1458 2589 1668 2660; x_wconf 81' lang='grc' dir='ltr'>μακρὸς</span> <span class='ocrx_word' id='word_1_313' title='bbox 1687 2591 1980 2660; x_wconf 80' lang='grc' dir='ltr'>πεποίηται</span> 
     </span>
    </p>
   </div>
   <div class='ocr_carea' id='block_1_45' title="bbox 391 2672 1980 2752">
    <p class='ocr_par' dir='ltr' id='par_1_45' title="bbox 391 2672 1980 2752">
     <span class='ocr_line' id='line_1_45' title="bbox 391 2672 1980 2752; baseline 0.006 -27"><span class='ocrx_word' id='word_1_314' title='bbox 391 2672 556 2741; x_wconf 72' lang='grc' dir='ltr'>λόγος</span> <span class='ocrx_word' id='word_1_315' title='bbox 587 2675 644 2726; x_wconf 78' lang='grc' dir='ltr'>ὲν</span> <span class='ocrx_word' id='word_1_316' title='bbox 667 2679 782 2740; x_wconf 88' lang='grc' dir='ltr'>τοῖς</span> <span class='ocrx_word' id='word_1_317' title='bbox 814 2678 1186 2750; x_wconf 79' lang='grc' dir='ltr'>Ἰεζεχιὴλτοῦ</span> <span class='ocrx_word' id='word_1_318' title='bbox 1211 2682 1493 2752; x_wconf 79' lang='grc' dir='ltr'>προφήτου</span> <span class='ocrx_word' id='word_1_319' title='bbox 1521 2681 1980 2752; x_wconf 81' lang='grc' dir='ltr'>συγγράμμασιν.</span> 
     </span>
    </p>
   </div>
   <div class='ocr_carea' id='block_1_46' title="bbox 384 2763 1984 2844">
    <p class='ocr_par' dir='ltr' id='par_1_46' title="bbox 384 2763 1984 2844">
     <span class='ocr_line' id='line_1_46' title="bbox 384 2763 1984 2844; baseline 0.006 -26"><span class='ocrx_word' id='word_1_320' title='bbox 384 2765 566 2818; x_wconf 78' lang='grc' dir='ltr'>Οὐδὲν</span> <span class='ocrx_word' id='word_1_321' title='bbox 597 2763 693 2820; x_wconf 80' lang='grc' dir='ltr'>οὖν</span> <span class='ocrx_word' id='word_1_322' title='bbox 720 2768 828 2839; x_wconf 79' lang='grc' dir='ltr'>ἄρα</span> <span class='ocrx_word' id='word_1_323' title='bbox 857 2771 985 2834; x_wconf 78' lang='grc' dir='ltr'>τοὺς</span> <span class='ocrx_word' id='word_1_324' title='bbox 1018 2771 1138 2842; x_wconf 86' lang='grc' dir='ltr'><strong>Θεῷ</strong></span> <span class='ocrx_word' id='word_1_325' title='bbox 1163 2772 1602 2844; x_wconf 81' lang='grc' dir='ltr'>προσκρούοντας</span> <span class='ocrx_word' id='word_1_326' title='bbox 1628 2773 1812 2844; x_wconf 80' lang='grc' dir='ltr'>ὀνήσει</span> <span class='ocrx_word' id='word_1_327' title='bbox 1855 2774 1984 2827; x_wconf 77' lang='grc' dir='ltr'>ποτὲ</span> 
     </span>
    </p>
   </div>
   <div class='ocr_carea' id='block_1_47' title="bbox 389 2856 1982 2936">
    <p class='ocr_par' dir='ltr' id='par_1_47' title="bbox 389 2856 1982 2936">
     <span class='ocr_line' id='line_1_47' title="bbox 389 2856 1982 2936; baseline 0.007 -29"><span class='ocrx_word' id='word_1_328' title='bbox 389 2856 522 2917; x_wconf 81' lang='grc' dir='ltr'>τοὺς</span> <span class='ocrx_word' id='word_1_329' title='bbox 569 2859 1007 2925; x_wconf 75' lang='grc' dir='ltr'>ἐπιτωθάζοντας</span> <span class='ocrx_word' id='word_1_330' title='bbox 1059 2865 1255 2932; x_wconf 80' lang='grc' dir='ltr'>ἁγίοις,</span> <span class='ocrx_word' id='word_1_331' title='bbox 1295 2867 1343 2918; x_wconf 84' lang='grc' dir='ltr'>εἰ</span> <span class='ocrx_word' id='word_1_332' title='bbox 1387 2866 1451 2935; x_wconf 83' lang='grc' dir='ltr'><strong>δή</strong></span> <span class='ocrx_word' id='word_1_333' title='bbox 1487 2865 1591 2919; x_wconf 79' lang='grc' dir='ltr'><strong>πού</strong></span> <span class='ocrx_word' id='word_1_334' title='bbox 1641 2883 1694 2919; x_wconf 82' lang='grc' dir='ltr'><strong>τι</strong></span> <span class='ocrx_word' id='word_1_335' title='bbox 1740 2865 1982 2936; x_wconf 73' lang='grc' dir='ltr'>συμϐαίη</span> 
     </span>
    </p>
   </div>
   <div class='ocr_carea' id='block_1_48' title="bbox 2077 1855 3661 1922">
    <p class='ocr_par' dir='ltr' id='par_1_48' title="bbox 2077 1855 3661 1922">
     <span class='ocr_line' id='line_1_48' title="bbox 2077 1855 3661 1922; baseline 0.003 -15"><span class='ocrx_word' id='word_1_336' title='bbox 2077 1855 2227 1920; x_wconf 82' lang='lat' dir='ltr'><strong>dicit,</strong></span> <span class='ocrx_word' id='word_1_337' title='bbox 2267 1856 2526 1910; x_wconf 86' lang='lat' dir='ltr'><strong>detractis</strong></span> <span class='ocrx_word' id='word_1_338' title='bbox 2551 1856 2603 1909; x_wconf 92' lang='lat' dir='ltr'><strong>in</strong></span> <span class='ocrx_word' id='word_1_339' title='bbox 2641 1870 2791 1910; x_wconf 90' lang='lat' dir='ltr'><strong>mare</strong></span> <span class='ocrx_word' id='word_1_340' title='bbox 2829 1855 3237 1922; x_wconf 82' lang='lat' dir='ltr'><strong>munitionibus,</strong></span> <span class='ocrx_word' id='word_1_341' title='bbox 3285 1865 3340 1910; x_wconf 91' lang='lat' dir='ltr'><strong>et</strong></span> <span class='ocrx_word' id='word_1_342' title='bbox 3381 1855 3661 1912; x_wconf 83' lang='lat' dir='ltr'><strong>distractis</strong></span> 
     </span>
    </p>
   </div>
   <div class='ocr_carea' id='block_1_49' title="bbox 2078 1941 3664 2014">
    <p class='ocr_par' dir='ltr' id='par_1_49' title="bbox 2078 1941 3664 2014">
     <span class='ocr_line' id='line_1_49' title="bbox 2078 1941 3664 2014; baseline 0.001 -17"><span class='ocrx_word' id='word_1_343' title='bbox 2078 1944 2280 1998; x_wconf 74' lang='lat' dir='ltr'><strong>divitiis</strong></span> <span class='ocrx_word' id='word_1_344' title='bbox 2303 1944 2439 2014; x_wconf 88' lang='lat' dir='ltr'><strong>ejus,</strong></span> <span class='ocrx_word' id='word_1_345' title='bbox 2464 1945 2713 2013; x_wconf 82' lang='lat' dir='ltr'><strong>quamvis</strong></span> <span class='ocrx_word' id='word_1_346' title='bbox 2734 1959 2926 1998; x_wconf 88' lang='lat' dir='ltr'><strong>aurum</strong></span> <span class='ocrx_word' id='word_1_347' title='bbox 2946 1941 3064 2011; x_wconf 78' lang='lat' dir='ltr'><strong>ejus</strong></span> <span class='ocrx_word' id='word_1_348' title='bbox 3089 1945 3160 1999; x_wconf 85' lang='lat' dir='ltr'><strong>sit</strong></span> <span class='ocrx_word' id='word_1_349' title='bbox 3187 1953 3246 1999; x_wconf 90' lang='lat' dir='ltr'><strong>ut</strong></span> <span class='ocrx_word' id='word_1_350' title='bbox 3277 1945 3475 2014; x_wconf 73' lang='lat' dir='ltr'><strong>pulvis,</strong></span> <span class='ocrx_word' id='word_1_351' title='bbox 3503 1955 3559 2001; x_wconf 89' lang='lat' dir='ltr'><strong>ct</strong></span> <span class='ocrx_word' id='word_1_352' title='bbox 3604 1955 3664 2000; x_wconf 89' lang='lat' dir='ltr'><strong>ut</strong></span> 
     </span>
    </p>
   </div>
   <div class='ocr_carea' id='block_1_50' title="bbox 2078 2034 3651 2108">
    <p class='ocr_par' dir='ltr' id='par_1_50' title="bbox 2078 2034 3651 2108">
     <span class='ocr_line' id='line_1_50' title="bbox 2078 2034 3651 2108; baseline 0.003 -20"><span class='ocrx_word' id='word_1_353' title='bbox 2078 2034 2246 2089; x_wconf 89' lang='lat' dir='ltr'><strong>lutum</strong></span> <span class='ocrx_word' id='word_1_354' title='bbox 2302 2035 2598 2104; x_wconf 78' lang='lat' dir='ltr'><strong>platearum</strong></span> <span class='ocrx_word' id='word_1_355' title='bbox 2671 2043 2956 2106; x_wconf 81' lang='lat' dir='ltr'><strong>argentum</strong></span> <span class='ocrx_word' id='word_1_356' title='bbox 3009 2036 3147 2105; x_wconf 87' lang='lat' dir='ltr'><strong>ejus.</strong></span> <span class='ocrx_word' id='word_1_357' title='bbox 3175 2036 3342 2092; x_wconf 82' lang='lat' dir='ltr'><strong>Erant</strong></span> <span class='ocrx_word' id='word_1_358' title='bbox 3383 2037 3651 2108; x_wconf 85' lang='lat' dir='ltr'><strong>siquidem</strong></span> 
     </span>
    </p>
   </div>
   <div class='ocr_carea' id='block_1_51' title="bbox 2080 2123 3662 2198">
    <p class='ocr_par' dir='ltr' id='par_1_51' title="bbox 2080 2123 3662 2198">
     <span class='ocr_line' id='line_1_51' title="bbox 2080 2123 3662 2198; baseline 0.002 -20"><span class='ocrx_word' id='word_1_359' title='bbox 2080 2134 2410 2180; x_wconf 82' lang='lat' dir='ltr'><strong>mercatores</strong></span> <span class='ocrx_word' id='word_1_360' title='bbox 2434 2125 2615 2194; x_wconf 88' lang='lat' dir='ltr'><strong>periti,</strong></span> <span class='ocrx_word' id='word_1_361' title='bbox 2643 2134 2698 2179; x_wconf 89' lang='lat' dir='ltr'><strong>et</strong></span> <span class='ocrx_word' id='word_1_362' title='bbox 2727 2123 2863 2180; x_wconf 89' lang='lat' dir='ltr'><strong>lucri</strong></span> <span class='ocrx_word' id='word_1_363' title='bbox 2920 2125 3348 2194; x_wconf 83' lang='lat' dir='ltr'><strong>appetentissimi</strong></span> <span class='ocrx_word' id='word_1_364' title='bbox 3404 2126 3533 2198; x_wconf 86' lang='lat' dir='ltr'><strong>Tyri</strong></span> <span class='ocrx_word' id='word_1_365' title='bbox 3583 2129 3662 2182; x_wconf 88' lang='lat' dir='ltr'><strong>in-</strong></span> 
     </span>
    </p>
   </div>
   <div class='ocr_carea' id='block_1_52' title="bbox 2085 2221 3662 2293">
    <p class='ocr_par' dir='ltr' id='par_1_52' title="bbox 2085 2221 3662 2293">
     <span class='ocr_line' id='line_1_52' title="bbox 2085 2221 3662 2293; baseline 0.003 -17"><span class='ocrx_word' id='word_1_366' title='bbox 2085 2221 2238 2287; x_wconf 65' lang='lat' dir='ltr'><strong>colae,</strong></span> <span class='ocrx_word' id='word_1_367' title='bbox 2266 2221 2331 2275; x_wconf 90' lang='lat' dir='ltr'><strong>de</strong></span> <span class='ocrx_word' id='word_1_368' title='bbox 2361 2235 2473 2291; x_wconf 91' lang='lat' dir='ltr'><strong>quo</strong></span> <span class='ocrx_word' id='word_1_369' title='bbox 2497 2221 2714 2292; x_wconf 83' lang='lat' dir='ltr'><strong>copiose</strong></span> <span class='ocrx_word' id='word_1_370' title='bbox 2744 2221 3034 2276; x_wconf 82' lang='lat' dir='ltr'><strong>admodum</strong></span> <span class='ocrx_word' id='word_1_371' title='bbox 3072 2221 3324 2277; x_wconf 75' lang='lat' dir='ltr'><strong>Ezechiel</strong></span> <span class='ocrx_word' id='word_1_372' title='bbox 3377 2226 3662 2293; x_wconf 84' lang='lat' dir='ltr'><strong>propheta.</strong></span> 
     </span>
    </p>
   </div>
   <div class='ocr_carea' id='block_1_53' title="bbox 2081 2313 3665 2384">
    <p class='ocr_par' dir='ltr' id='par_1_53' title="bbox 2081 2313 3665 2384">
     <span class='ocr_line' id='line_1_53' title="bbox 2081 2313 3665 2384; baseline 0.001 -16"><span class='ocrx_word' id='word_1_373' title='bbox 2081 2313 2227 2368; x_wconf 77' lang='lat' dir='ltr'><strong>Nihil</strong></span> <span class='ocrx_word' id='word_1_374' title='bbox 2262 2313 2428 2384; x_wconf 80' lang='lat' dir='ltr'><strong>igitur</strong></span> <span class='ocrx_word' id='word_1_375' title='bbox 2455 2329 2696 2383; x_wconf 84' lang='lat' dir='ltr'><strong>unquam</strong></span> <span class='ocrx_word' id='word_1_376' title='bbox 2717 2314 3000 2383; x_wconf 75' lang='lat' dir='ltr'><strong>proﬁcient</strong></span> <span class='ocrx_word' id='word_1_377' title='bbox 3027 2316 3194 2370; x_wconf 87' lang='lat' dir='ltr'><strong>Deum</strong></span> <span class='ocrx_word' id='word_1_378' title='bbox 3250 2314 3584 2373; x_wconf 81' lang='lat' dir='ltr'><strong>oﬂ&#39;cndentes</strong></span> <span class='ocrx_word' id='word_1_379' title='bbox 3609 2329 3665 2372; x_wconf 88' lang='lat' dir='ltr'><strong>et</strong></span> 
     </span>
    </p>
   </div>
   <div class='ocr_carea' id='block_1_54' title="bbox 2083 2403 3663 2478">
    <p class='ocr_par' dir='ltr' id='par_1_54' title="bbox 2083 2403 3663 2478">
     <span class='ocr_line' id='line_1_54' title="bbox 2083 2403 3663 2478; baseline 0.001 -20"><span class='ocrx_word' id='word_1_380' title='bbox 2083 2414 2301 2459; x_wconf 86' lang='lat' dir='ltr'><strong>sanctos</strong></span> <span class='ocrx_word' id='word_1_381' title='bbox 2323 2403 2698 2469; x_wconf 82' lang='lat' dir='ltr'><strong>criminantes,</strong></span> <span class='ocrx_word' id='word_1_382' title='bbox 2731 2412 2786 2458; x_wconf 88' lang='lat' dir='ltr'><strong>et</strong></span> <span class='ocrx_word' id='word_1_383' title='bbox 2811 2403 2980 2459; x_wconf 66' lang='lat' dir='ltr'><strong>eliuse</strong></span> <span class='ocrx_word' id='word_1_384' title='bbox 3005 2404 3310 2473; x_wconf 84' lang='lat' dir='ltr'><strong>irridentes,</strong></span> <span class='ocrx_word' id='word_1_385' title='bbox 3328 2405 3372 2460; x_wconf 87' lang='lat' dir='ltr'><strong>si</strong></span> <span class='ocrx_word' id='word_1_386' title='bbox 3397 2406 3527 2478; x_wconf 79' lang='lat' dir='ltr'><strong>quid</strong></span> <span class='ocrx_word' id='word_1_387' title='bbox 3555 2406 3663 2460; x_wconf 89' lang='lat' dir='ltr'><strong>Dco</strong></span> 
     </span>
    </p>
   </div>
   <div class='ocr_carea' id='block_1_55' title="bbox 2084 2491 3664 2565">
    <p class='ocr_par' dir='ltr' id='par_1_55' title="bbox 2084 2491 3664 2565">
     <span class='ocr_line' id='line_1_55' title="bbox 2084 2491 3664 2565; baseline 0.001 -17"><span class='ocrx_word' id='word_1_388' title='bbox 2084 2508 2305 2548; x_wconf 84' lang='lat' dir='ltr'><strong>suorum</strong></span> <span class='ocrx_word' id='word_1_389' title='bbox 2328 2492 2486 2548; x_wconf 79' lang='lat' dir='ltr'><strong>[idem</strong></span> <span class='ocrx_word' id='word_1_390' title='bbox 2518 2491 2768 2562; x_wconf 84' lang='lat' dir='ltr'><strong>probanti</strong></span> <span class='ocrx_word' id='word_1_391' title='bbox 2807 2492 2928 2549; x_wconf 89' lang='lat' dir='ltr'><strong>illos</strong></span> <span class='ocrx_word' id='word_1_392' title='bbox 2960 2494 3164 2562; x_wconf 87' lang='lat' dir='ltr'><strong>perpeti</strong></span> <span class='ocrx_word' id='word_1_393' title='bbox 3223 2495 3531 2565; x_wconf 76' lang='lat' dir='ltr'><strong>contigerit.</strong></span> <span class='ocrx_word' id='word_1_394' title='bbox 3575 2495 3664 2550; x_wconf 82' lang='lat' dir='ltr'><strong>ln—</strong></span> 
     </span>
    </p>
   </div>
   <div class='ocr_carea' id='block_1_56' title="bbox 2079 2583 3658 2652">
    <p class='ocr_par' dir='ltr' id='par_1_56' title="bbox 2079 2583 3658 2652">
     <span class='ocr_line' id='line_1_56' title="bbox 2079 2583 3658 2652; baseline 0.001 -13"><span class='ocrx_word' id='word_1_395' title='bbox 2079 2585 2211 2640; x_wconf 88' lang='lat' dir='ltr'><strong>utile</strong></span> <span class='ocrx_word' id='word_1_396' title='bbox 2229 2583 2371 2640; x_wconf 87' lang='lat' dir='ltr'><strong>enim</strong></span> <span class='ocrx_word' id='word_1_397' title='bbox 2397 2584 2589 2638; x_wconf 83' lang='lat' dir='ltr'><strong>evadet</strong></span> <span class='ocrx_word' id='word_1_398' title='bbox 2607 2598 2769 2638; x_wconf 86' lang='lat' dir='ltr'><strong>omne</strong></span> <span class='ocrx_word' id='word_1_399' title='bbox 2787 2599 2974 2638; x_wconf 87' lang='lat' dir='ltr'><strong>eorum</strong></span> <span class='ocrx_word' id='word_1_400' title='bbox 2992 2584 3408 2650; x_wconf 86' lang='lat' dir='ltr'><strong>munimentum,</strong></span> <span class='ocrx_word' id='word_1_401' title='bbox 3434 2587 3532 2640; x_wconf 88' lang='lat' dir='ltr'><strong>hoc</strong></span> <span class='ocrx_word' id='word_1_402' title='bbox 3555 2599 3658 2652; x_wconf 87' lang='lat' dir='ltr'><strong>est,</strong></span> 
     </span>
    </p>
   </div>
   <div class='ocr_carea' id='block_1_57' title="bbox 2081 2673 3662 2746">
    <p class='ocr_par' dir='ltr' id='par_1_57' title="bbox 2081 2673 3662 2746">
     <span class='ocr_line' id='line_1_57' title="bbox 2081 2673 3662 2746; baseline -0.001 -14"><span class='ocrx_word' id='word_1_403' title='bbox 2081 2691 2240 2732; x_wconf 81' lang='lat' dir='ltr'><strong>omne</strong></span> <span class='ocrx_word' id='word_1_404' title='bbox 2288 2691 2395 2746; x_wconf 88' lang='lat' dir='ltr'><strong>quo</strong></span> <span class='ocrx_word' id='word_1_405' title='bbox 2453 2673 2860 2730; x_wconf 86' lang='lat' dir='ltr'><strong>circumdantur</strong></span> <span class='ocrx_word' id='word_1_406' title='bbox 2899 2688 2964 2728; x_wconf 86' lang='lat' dir='ltr'><strong>ac</strong></span> <span class='ocrx_word' id='word_1_407' title='bbox 3009 2674 3312 2743; x_wconf 87' lang='lat' dir='ltr'><strong>sepiuntur,</strong></span> <span class='ocrx_word' id='word_1_408' title='bbox 3371 2685 3424 2730; x_wconf 90' lang='lat' dir='ltr'><strong>et</strong></span> <span class='ocrx_word' id='word_1_409' title='bbox 3477 2679 3662 2746; x_wconf 79' lang='lat' dir='ltr'><strong>praesi-</strong></span> 
     </span>
    </p>
   </div>
   <div class='ocr_carea' id='block_1_58' title="bbox 2081 2764 3659 2837">
    <p class='ocr_par' dir='ltr' id='par_1_58' title="bbox 2081 2764 3659 2837">
     <span class='ocr_line' id='line_1_58' title="bbox 2081 2764 3659 2837; baseline -0.003 -15"><span class='ocrx_word' id='word_1_410' title='bbox 2081 2767 2493 2837; x_wconf 82' lang='lat' dir='ltr'><strong>dlumquodvis,</strong></span> <span class='ocrx_word' id='word_1_411' title='bbox 2548 2775 2602 2821; x_wconf 87' lang='lat' dir='ltr'><strong>et</strong></span> <span class='ocrx_word' id='word_1_412' title='bbox 2650 2765 2850 2820; x_wconf 68' lang='lat' dir='ltr'><strong>divitia:</strong></span> <span class='ocrx_word' id='word_1_413' title='bbox 2894 2764 3030 2819; x_wconf 71' lang='lat' dir='ltr'><strong>nihil</strong></span> <span class='ocrx_word' id='word_1_414' title='bbox 3075 2767 3346 2822; x_wconf 85' lang='lat' dir='ltr'><strong>commodi</strong></span> <span class='ocrx_word' id='word_1_415' title='bbox 3398 2766 3659 2831; x_wconf 74' lang='lat' dir='ltr'><strong>afferent,</strong></span> 
     </span>
    </p>
   </div>
   <div class='ocr_carea' id='block_1_59' title="bbox 2083 2858 3335 2930">
    <p class='ocr_par' dir='ltr' id='par_1_59' title="bbox 2083 2858 3335 2930">
     <span class='ocr_line' id='line_1_59' title="bbox 2083 2858 3335 2930; baseline -0.002 -16"><span class='ocrx_word' id='word_1_416' title='bbox 2083 2863 2210 2930; x_wconf 91' lang='lat' dir='ltr'><strong>quin</strong></span> <span class='ocrx_word' id='word_1_417' title='bbox 2248 2861 2424 2930; x_wconf 85' lang='lat' dir='ltr'><strong>potius</strong></span> <span class='ocrx_word' id='word_1_418' title='bbox 2444 2858 2850 2929; x_wconf 84' lang='lat' dir='ltr'><strong>pepulstoribus</strong></span> <span class='ocrx_word' id='word_1_419' title='bbox 2875 2858 3074 2912; x_wconf 87' lang='lat' dir='ltr'><strong>addent</strong></span> <span class='ocrx_word' id='word_1_420' title='bbox 3102 2859 3335 2913; x_wconf 86' lang='lat' dir='ltr'><strong>animos.</strong></span> 
     </span>
    </p>
   </div>
   <div class='ocr_carea' id='block_1_60' title="bbox 390 2949 3663 3028">
    <p class='ocr_par' dir='ltr' id='par_1_60' title="bbox 390 2949 3663 3028">
     <span class='ocr_line' id='line_1_60' title="bbox 390 2949 3663 3028; baseline 0.001 -28"><span class='ocrx_word' id='word_1_421' title='bbox 390 2949 586 3001; x_wconf 69' lang='grc' dir='ltr'><strong>⁴παθεῖν</strong></span> <span class='ocrx_word' id='word_1_422' title='bbox 620 2951 839 3016; x_wconf 70' lang='grc' dir='ltr'>αὐτοὺς,</span> <span class='ocrx_word' id='word_1_423' title='bbox 869 2953 1044 3007; x_wconf 75' lang='grc' dir='ltr'>πλατὺ</span> <span class='ocrx_word' id='word_1_424' title='bbox 1073 2954 1129 3008; x_wconf 80' lang='grc' dir='ltr'>δὲ</span> <span class='ocrx_word' id='word_1_425' title='bbox 1157 2955 1432 3024; x_wconf 82' lang='grc' dir='ltr'>γελῶντας</span> <span class='ocrx_word' id='word_1_426' title='bbox 1459 2958 1506 3010; x_wconf 84' lang='grc' dir='ltr'><strong>εί</strong></span> <span class='ocrx_word' id='word_1_427' title='bbox 1533 2956 1816 3028; x_wconf 73' lang='grc' dir='ltr'>δοκιμάζοι</span> <span class='ocrx_word' id='word_1_428' title='bbox 1846 2955 1977 3018; x_wconf 73' lang='grc' dir='ltr'>Θεὸς</span> <span class='ocrx_word' id='word_1_429' title='bbox 2012 2953 2122 3008; x_wconf 81' lang='grc' dir='ltr'><strong>τῶν</strong></span> <span class='ocrx_word' id='word_1_430' title='bbox 2185 2951 2334 3005; x_wconf 84' lang='grc' dir='ltr'>ίδίων</span> <span class='ocrx_word' id='word_1_431' title='bbox 2358 2951 2461 3020; x_wconf 85' lang='grc' dir='ltr'>τὴν</span> <span class='ocrx_word' id='word_1_432' title='bbox 2527 2949 2734 3004; x_wconf 85' lang='grc' dir='ltr'>πίστιν.</span> <span class='ocrx_word' id='word_1_433' title='bbox 2753 2949 3037 3020; x_wconf 79' lang='grc' dir='ltr'>’Δπονήσει</span> <span class='ocrx_word' id='word_1_434' title='bbox 3065 2949 3175 3020; x_wconf 82' lang='grc' dir='ltr'><strong>γὰρ</strong></span> <span class='ocrx_word' id='word_1_435' title='bbox 3201 2951 3380 3004; x_wconf 76' lang='grc' dir='ltr'>αὐτῶν</span> <span class='ocrx_word' id='word_1_436' title='bbox 3406 2953 3513 3005; x_wconf 75' lang='grc' dir='ltr'><strong>πᾶν</strong></span> <span class='ocrx_word' id='word_1_437' title='bbox 3534 2953 3663 3023; x_wconf 70' lang='grc' dir='ltr'>ὀχύ-</span> 
     </span>
    </p>
   </div>
   <div class='ocr_carea' id='block_1_61' title="bbox 388 3041 3664 3121">
    <p class='ocr_par' dir='ltr' id='par_1_61' title="bbox 388 3041 3664 3121">
     <span class='ocr_line' id='line_1_61' title="bbox 388 3041 3664 3121; baseline 0.002 -26"><span class='ocrx_word' id='word_1_438' title='bbox 388 3055 578 3111; x_wconf 81' lang='grc' dir='ltr'>ρωμα,</span> <span class='ocrx_word' id='word_1_439' title='bbox 608 3043 875 3110; x_wconf 80' lang='grc' dir='ltr'>τουτέστι,</span> <span class='ocrx_word' id='word_1_440' title='bbox 917 3048 1066 3100; x_wconf 81' lang='grc' dir='ltr'>πᾶσα</span> <span class='ocrx_word' id='word_1_441' title='bbox 1117 3049 1404 3121; x_wconf 76' lang='grc' dir='ltr'>περιϐολὴ,</span> <span class='ocrx_word' id='word_1_442' title='bbox 1447 3050 1541 3104; x_wconf 66' lang='grc' dir='ltr'>καὶ</span> <span class='ocrx_word' id='word_1_443' title='bbox 1573 3052 1683 3114; x_wconf 75' lang='grc' dir='ltr'><strong>πᾶς</strong></span> <span class='ocrx_word' id='word_1_444' title='bbox 1707 3049 2006 3120; x_wconf 77' lang='grc' dir='ltr'>ἀσφαλείας</span> <span class='ocrx_word' id='word_1_445' title='bbox 2083 3046 2317 3118; x_wconf 84' lang='grc' dir='ltr'>τρόπος·</span> <span class='ocrx_word' id='word_1_446' title='bbox 2357 3044 2509 3098; x_wconf 76' lang='grc' dir='ltr'>οὐδὲν</span> <span class='ocrx_word' id='word_1_447' title='bbox 2544 3043 2601 3096; x_wconf 83' lang='grc' dir='ltr'>δὲ</span> <span class='ocrx_word' id='word_1_448' title='bbox 2630 3043 2766 3108; x_wconf 85' lang='grc' dir='ltr'>ὅλως</span> <span class='ocrx_word' id='word_1_449' title='bbox 2813 3044 2842 3095; x_wconf 87' lang='grc' dir='ltr'><strong>ὀ</strong></span> <span class='ocrx_word' id='word_1_450' title='bbox 2888 3041 3116 3106; x_wconf 78' lang='grc' dir='ltr'>πλοῦτος</span> <span class='ocrx_word' id='word_1_451' title='bbox 3169 3044 3375 3114; x_wconf 86' lang='grc' dir='ltr'>ὀνήσει,</span> <span class='ocrx_word' id='word_1_452' title='bbox 3406 3043 3560 3098; x_wconf 75' lang='grc' dir='ltr'>ἔσται</span> <span class='ocrx_word' id='word_1_453' title='bbox 3603 3046 3664 3101; x_wconf 59' lang='grc' dir='ltr'><strong>ει</strong></span> 
     </span>
    </p>
   </div>
   <div class='ocr_carea' id='block_1_62' title="bbox 390 3132 2532 3215">
    <p class='ocr_par' dir='ltr' id='par_1_62' title="bbox 390 3132 2532 3215">
     <span class='ocr_line' id='line_1_62' title="bbox 390 3132 2532 3215; baseline 0.002 -28"><span class='ocrx_word' id='word_1_454' title='bbox 390 3135 599 3204; x_wconf 80' lang='grc' dir='ltr'>μᾶλλον</span> <span class='ocrx_word' id='word_1_455' title='bbox 644 3132 798 3202; x_wconf 73' lang='grc' dir='ltr'>οὗτος</span> <span class='ocrx_word' id='word_1_456' title='bbox 841 3141 955 3204; x_wconf 74' lang='grc' dir='ltr'><strong>τοίς</strong></span> <span class='ocrx_word' id='word_1_457' title='bbox 983 3141 1202 3196; x_wconf 81' lang='grc' dir='ltr'>εἰωθόσι</span> <span class='ocrx_word' id='word_1_458' title='bbox 1230 3145 1536 3215; x_wconf 80' lang='grc' dir='ltr'>καταδηοῦν</span> <span class='ocrx_word' id='word_1_459' title='bbox 1573 3145 1676 3214; x_wconf 79' lang='grc' dir='ltr'>τῆς</span> <span class='ocrx_word' id='word_1_460' title='bbox 1709 3148 1789 3208; x_wconf 88' lang='grc' dir='ltr'><strong>είς</strong></span> <span class='ocrx_word' id='word_1_461' title='bbox 1821 3145 1978 3198; x_wconf 79' lang='grc' dir='ltr'>τοῦτο</span> <span class='ocrx_word' id='word_1_462' title='bbox 2017 3140 2327 3214; x_wconf 68' lang='grc' dir='ltr'>προθυμίας</span> <span class='ocrx_word' id='word_1_463' title='bbox 2355 3139 2532 3202; x_wconf 81' lang='grc' dir='ltr'>ὁλκός.</span> 
     </span>
    </p>
   </div>
   <div class='ocr_carea' id='block_1_63' title="bbox 465 3227 1994 3310">
    <p class='ocr_par' dir='ltr' id='par_1_63' title="bbox 465 3227 1981 3310">
     <span class='ocr_line' id='line_1_63' title="bbox 465 3227 1981 3310; baseline 0.007 -30"><span class='ocrx_word' id='word_1_464' title='bbox 465 3227 600 3281; x_wconf 63' lang='lat' dir='ltr'><strong>nam</strong></span> <span class='ocrx_word' id='word_1_465' title='bbox 632 3229 678 3282; x_wconf 81' lang='grc' dir='ltr'>δ’</span> <span class='ocrx_word' id='word_1_466' title='bbox 704 3230 769 3284; x_wconf 80' lang='grc' dir='ltr'>ἄν</span> <span class='ocrx_word' id='word_1_467' title='bbox 799 3249 884 3296; x_wconf 90' lang='grc' dir='ltr'><strong>τις</strong></span> <span class='ocrx_word' id='word_1_468' title='bbox 914 3234 1008 3287; x_wconf 56' lang='grc' dir='ltr'><strong>καὶ⁸</strong></span> <span class='ocrx_word' id='word_1_469' title='bbox 1035 3234 1131 3288; x_wconf 77' lang='grc' dir='ltr'>νῦν</span> <span class='ocrx_word' id='word_1_470' title='bbox 1155 3237 1280 3300; x_wconf 74' lang='grc' dir='ltr'>τοὺς</span> <span class='ocrx_word' id='word_1_471' title='bbox 1317 3237 1583 3310; x_wconf 82' lang='grc' dir='ltr'>Ἑλλήνων</span> <span class='ocrx_word' id='word_1_472' title='bbox 1611 3238 1806 3301; x_wconf 74' lang='grc' dir='ltr'>παῖδας</span> <span class='ocrx_word' id='word_1_473' title='bbox 1839 3238 1981 3310; x_wconf 80' lang='grc' dir='ltr'>μέγα</span> 
     </span>
    </p>
   </div>
   <div class='ocr_carea' id='block_1_64' title="bbox 2080 3227 3663 3310">
    <p class='ocr_par' dir='ltr' id='par_1_64' title="bbox 2146 3231 3663 3305">
     <span class='ocr_line' id='line_1_64' title="bbox 2146 3231 3663 3305; baseline -0.001 -16"><span class='ocrx_word' id='word_1_474' title='bbox 2146 3235 2322 3305; x_wconf 84' lang='lat' dir='ltr'><strong>Atque</strong></span> <span class='ocrx_word' id='word_1_475' title='bbox 2347 3234 2482 3290; x_wconf 84' lang='lat' dir='ltr'><strong>adeo</strong></span> <span class='ocrx_word' id='word_1_476' title='bbox 2522 3247 2664 3288; x_wconf 73' lang='lat' dir='ltr'><strong>nutic</strong></span> <span class='ocrx_word' id='word_1_477' title='bbox 2685 3248 2898 3304; x_wconf 90' lang='lat' dir='ltr'><strong>quoque</strong></span> <span class='ocrx_word' id='word_1_478' title='bbox 2922 3234 3103 3289; x_wconf 76' lang='lat' dir='ltr'><strong>videas</strong></span> <span class='ocrx_word' id='word_1_479' title='bbox 3137 3231 3355 3288; x_wconf 84' lang='lat' dir='ltr'><strong>Graecos</strong></span> <span class='ocrx_word' id='word_1_480' title='bbox 3414 3235 3482 3289; x_wconf 89' lang='lat' dir='ltr'><strong>ob</strong></span> <span class='ocrx_word' id='word_1_481' title='bbox 3509 3249 3663 3288; x_wconf 82' lang='lat' dir='ltr'><strong>mun-</strong></span> 
     </span>
    </p>
   </div>
   <div class='ocr_carea' id='block_1_65' title="bbox 389 3319 1981 3401">
    <p class='ocr_par' dir='ltr' id='par_1_65' title="bbox 389 3319 1981 3401">
     <span class='ocr_line' id='line_1_65' title="bbox 389 3319 1981 3401; baseline 0.008 -30"><span class='ocrx_word' id='word_1_482' title='bbox 389 3319 499 3389; x_wconf 77' lang='grc' dir='ltr'>μὲν</span> <span class='ocrx_word' id='word_1_483' title='bbox 526 3321 859 3391; x_wconf 76' lang='grc' dir='ltr'>φρονοῦντας</span> <span class='ocrx_word' id='word_1_484' title='bbox 903 3325 997 3378; x_wconf 72' lang='grc' dir='ltr'><strong>ἐπὶ</strong></span> <span class='ocrx_word' id='word_1_485' title='bbox 1046 3327 1209 3398; x_wconf 75' lang='grc' dir='ltr'>σοφία</span> <span class='ocrx_word' id='word_1_486' title='bbox 1256 3332 1519 3400; x_wconf 84' lang='grc' dir='ltr'>κοσμικῇ,</span> <span class='ocrx_word' id='word_1_487' title='bbox 1547 3330 1640 3383; x_wconf 74' lang='grc' dir='ltr'>καὶ</span> <span class='ocrx_word' id='word_1_488' title='bbox 1667 3329 1855 3401; x_wconf 85' lang='grc' dir='ltr'>ὥσπερ</span> <span class='ocrx_word' id='word_1_489' title='bbox 1888 3330 1981 3384; x_wconf 76' lang='grc' dir='ltr'><strong>ἐπὶ</strong></span> 
     </span>
    </p>
   </div>
   <div class='ocr_carea' id='block_1_66' title="bbox 385 3411 1976 3493">
    <p class='ocr_par' dir='ltr' id='par_1_66' title="bbox 385 3411 1976 3493">
     <span class='ocr_line' id='line_1_66' title="bbox 385 3411 1976 3493; baseline 0.008 -28"><span class='ocrx_word' id='word_1_490' title='bbox 385 3411 738 3483; x_wconf 75' lang='grc' dir='ltr'>ὀχυρώμασι,</span> <span class='ocrx_word' id='word_1_491' title='bbox 765 3416 886 3478; x_wconf 85' lang='grc' dir='ltr'>ταῖς</span> <span class='ocrx_word' id='word_1_492' title='bbox 911 3419 974 3471; x_wconf 84' lang='grc' dir='ltr'>ὲκ</span> <span class='ocrx_word' id='word_1_493' title='bbox 1009 3418 1363 3474; x_wconf 88' lang='grc' dir='ltr'>πολυπλόκων</span> <span class='ocrx_word' id='word_1_494' title='bbox 1411 3421 1784 3493; x_wconf 85' lang='grc' dir='ltr'>συλλογισμῶν</span> <span class='ocrx_word' id='word_1_495' title='bbox 1833 3422 1976 3477; x_wconf 83' lang='grc' dir='ltr'><strong>ἀπά-</strong></span> 
     </span>
    </p>
   </div>
   <div class='ocr_carea' id='block_1_67' title="bbox 386 3506 1981 3585">
    <p class='ocr_par' dir='ltr' id='par_1_67' title="bbox 386 3506 1981 3585">
     <span class='ocr_line' id='line_1_67' title="bbox 386 3506 1981 3585; baseline 0.007 -29"><span class='ocrx_word' id='word_1_496' title='bbox 386 3520 535 3567; x_wconf 84' lang='grc' dir='ltr'>ταις,</span> <span class='ocrx_word' id='word_1_497' title='bbox 574 3506 739 3576; x_wconf 80' lang='grc' dir='ltr'>μόνον</span> <span class='ocrx_word' id='word_1_498' title='bbox 771 3507 830 3559; x_wconf 81' lang='grc' dir='ltr'>δὲ</span> <span class='ocrx_word' id='word_1_499' title='bbox 880 3509 1000 3578; x_wconf 76' lang='grc' dir='ltr'>οὐχὶ</span> <span class='ocrx_word' id='word_1_500' title='bbox 1032 3509 1128 3581; x_wconf 82' lang='grc' dir='ltr'>τὴν</span> <span class='ocrx_word' id='word_1_501' title='bbox 1178 3511 1316 3564; x_wconf 86' lang='grc' dir='ltr'>ίδίαν</span> <span class='ocrx_word' id='word_1_502' title='bbox 1342 3511 1631 3582; x_wconf 83' lang='grc' dir='ltr'>πλάνησιν,</span> <span class='ocrx_word' id='word_1_503' title='bbox 1664 3516 1731 3585; x_wconf 77' lang='grc' dir='ltr'>τῇ</span> <span class='ocrx_word' id='word_1_504' title='bbox 1767 3513 1866 3584; x_wconf 79' lang='grc' dir='ltr'>τῆς</span> <span class='ocrx_word' id='word_1_505' title='bbox 1891 3514 1981 3567; x_wconf 81' lang='grc' dir='ltr'>εύ-</span> 
     </span>
    </p>
   </div>
   <div class='ocr_carea' id='block_1_68' title="bbox 387 3592 1981 3669">
    <p class='ocr_par' dir='ltr' id='par_1_68' title="bbox 387 3592 1981 3669">
     <span class='ocr_line' id='line_1_68' title="bbox 387 3592 1981 3669; baseline 0.009 -25"><span class='ocrx_word' id='word_1_506' title='bbox 387 3592 664 3660; x_wconf 77' lang='grc' dir='ltr'>γλωττίας</span> <span class='ocrx_word' id='word_1_507' title='bbox 686 3594 915 3665; x_wconf 81' lang='grc' dir='ltr'>δυνάμει</span> <span class='ocrx_word' id='word_1_508' title='bbox 943 3596 1384 3669; x_wconf 79' lang='grc' dir='ltr'>διατειχίζοντας,</span> <span class='ocrx_word' id='word_1_509' title='bbox 1418 3604 1512 3656; x_wconf 62' lang='grc' dir='ltr'><strong>καλ⁸</strong></span> <span class='ocrx_word' id='word_1_510' title='bbox 1548 3602 1981 3658; x_wconf 82' lang='grc' dir='ltr'>καταπλουτοῠν-</span> 
     </span>
    </p>
   </div>
   <div class='ocr_carea' id='block_1_69' title="bbox 387 3683 1982 3766">
    <p class='ocr_par' dir='ltr' id='par_1_69' title="bbox 387 3683 1982 3766">
     <span class='ocr_line' id='line_1_69' title="bbox 387 3683 1982 3766; baseline 0.009 -30"><span class='ocrx_word' id='word_1_511' title='bbox 387 3700 494 3748; x_wconf 87' lang='grc' dir='ltr'><strong>τας</strong></span> <span class='ocrx_word' id='word_1_512' title='bbox 540 3683 683 3749; x_wconf 84' lang='grc' dir='ltr'>λίαν,</span> <span class='ocrx_word' id='word_1_513' title='bbox 709 3686 769 3739; x_wconf 83' lang='grc' dir='ltr'>τὸ</span> <span class='ocrx_word' id='word_1_514' title='bbox 807 3688 885 3751; x_wconf 74' lang='grc' dir='ltr'><strong>ὡς</strong></span> <span class='ocrx_word' id='word_1_515' title='bbox 916 3689 974 3741; x_wconf 82' lang='grc' dir='ltr'>ὲν</span> <span class='ocrx_word' id='word_1_516' title='bbox 1020 3689 1161 3754; x_wconf 69' lang='grc' dir='ltr'>λέξει</span> <span class='ocrx_word' id='word_1_517' title='bbox 1205 3691 1456 3764; x_wconf 82' lang='grc' dir='ltr'>λαμπρὸν</span> <span class='ocrx_word' id='word_1_518' title='bbox 1485 3694 1560 3758; x_wconf 77' lang='grc' dir='ltr'><strong>ὡς</strong></span> <span class='ocrx_word' id='word_1_519' title='bbox 1593 3695 1854 3766; x_wconf 79' lang='grc' dir='ltr'>ἄργυρον,</span> <span class='ocrx_word' id='word_1_520' title='bbox 1887 3695 1982 3750; x_wconf 71' lang='grc' dir='ltr'>καὶ</span> 
     </span>
    </p>
   </div>
   <div class='ocr_carea' id='block_1_70' title="bbox 385 3775 1982 3857">
    <p class='ocr_par' dir='ltr' id='par_1_70' title="bbox 385 3775 1982 3857">
     <span class='ocr_line' id='line_1_70' title="bbox 385 3775 1982 3857; baseline 0.009 -29"><span class='ocrx_word' id='word_1_521' title='bbox 385 3775 465 3839; x_wconf 77' lang='grc' dir='ltr'><strong>ὡς</strong></span> <span class='ocrx_word' id='word_1_522' title='bbox 503 3778 560 3830; x_wconf 84' lang='grc' dir='ltr'>ὲν</span> <span class='ocrx_word' id='word_1_523' title='bbox 590 3777 741 3842; x_wconf 79' lang='grc' dir='ltr'>τάξει</span> <span class='ocrx_word' id='word_1_524' title='bbox 785 3779 988 3849; x_wconf 86' lang='grc' dir='ltr'>χρυσοῦ</span> <span class='ocrx_word' id='word_1_525' title='bbox 1022 3781 1083 3834; x_wconf 82' lang='grc' dir='ltr'>τὸ</span> <span class='ocrx_word' id='word_1_526' title='bbox 1115 3782 1174 3836; x_wconf 81' lang='grc' dir='ltr'>ὲν</span> <span class='ocrx_word' id='word_1_527' title='bbox 1202 3784 1436 3854; x_wconf 86' lang='grc' dir='ltr'>νοήμασι</span> <span class='ocrx_word' id='word_1_528' title='bbox 1474 3785 1674 3856; x_wconf 85' lang='grc' dir='ltr'>τίμιον.</span> <span class='ocrx_word' id='word_1_529' title='bbox 1710 3787 1857 3857; x_wconf 80' lang='grc' dir='ltr'>Πλὴν</span> <span class='ocrx_word' id='word_1_530' title='bbox 1884 3787 1982 3842; x_wconf 78' lang='grc' dir='ltr'>καὶ</span> 
     </span>
    </p>
   </div>
   <div class='ocr_carea' id='block_1_71' title="bbox 387 3869 1980 3952">
    <p class='ocr_par' dir='ltr' id='par_1_71' title="bbox 387 3869 1980 3952">
     <span class='ocr_line' id='line_1_71' title="bbox 387 3869 1980 3952; baseline 0.008 -30"><span class='ocrx_word' id='word_1_531' title='bbox 387 3870 569 3933; x_wconf 73' lang='grc' dir='ltr'>οὕτως</span> <span class='ocrx_word' id='word_1_532' title='bbox 598 3869 821 3941; x_wconf 74' lang='grc' dir='ltr'>ἔχοντας</span> <span class='ocrx_word' id='word_1_533' title='bbox 849 3872 1326 3946; x_wconf 83' lang='grc' dir='ltr'>κεκληρονόμηκεν</span> <span class='ocrx_word' id='word_1_534' title='bbox 1341 3879 1370 3930; x_wconf 91' lang='grc' dir='ltr'><strong>ὀ</strong></span> <span class='ocrx_word' id='word_1_535' title='bbox 1387 3879 1639 3949; x_wconf 85' lang='grc' dir='ltr'>Χριστός.</span> <span class='ocrx_word' id='word_1_536' title='bbox 1664 3879 1980 3952; x_wconf 82' lang='grc' dir='ltr'>Καθῄρηται</span> 
     </span>
    </p>
   </div>
   <div class='ocr_carea' id='block_1_72' title="bbox 393 3963 1980 4041">
    <p class='ocr_par' dir='ltr' id='par_1_72' title="bbox 393 3963 1980 4041">
     <span class='ocr_line' id='line_1_72' title="bbox 393 3963 1980 4041; baseline 0.01 -28"><span class='ocrx_word' id='word_1_537' title='bbox 393 3964 498 4032; x_wconf 80' lang='grc' dir='ltr'>μὲν</span> <span class='ocrx_word' id='word_1_538' title='bbox 529 3963 642 4034; x_wconf 83' lang='grc' dir='ltr'><strong>γὰρ</strong></span> <span class='ocrx_word' id='word_1_539' title='bbox 670 3963 738 4018; x_wconf 78' lang='grc' dir='ltr'>τὰ</span> <span class='ocrx_word' id='word_1_540' title='bbox 774 3964 1125 4037; x_wconf 81' lang='grc' dir='ltr'>ὀχυρώματα,</span> <span class='ocrx_word' id='word_1_541' title='bbox 1162 3969 1426 4037; x_wconf 84' lang='grc' dir='ltr'>τουτέστι,</span> <span class='ocrx_word' id='word_1_542' title='bbox 1457 3970 1779 4027; x_wconf 83' lang='grc' dir='ltr'>πεπτώκασι</span> <span class='ocrx_word' id='word_1_543' title='bbox 1821 3973 1888 4028; x_wconf 81' lang='grc' dir='ltr'><strong>τὰ</strong></span> <span class='ocrx_word' id='word_1_544' title='bbox 1921 3973 1980 4041; x_wconf 81' lang='grc' dir='ltr'><strong>ὲξ</strong></span> 
     </span>
    </p>
   </div>
   <div class='ocr_carea' id='block_1_73' title="bbox 389 4055 1982 4136">
    <p class='ocr_par' dir='ltr' id='par_1_73' title="bbox 389 4055 1982 4136">
     <span class='ocr_line' id='line_1_73' title="bbox 389 4055 1982 4136; baseline 0.009 -29"><span class='ocrx_word' id='word_1_545' title='bbox 389 4055 618 4124; x_wconf 74' lang='grc' dir='ltr'>ἀπάτης</span> <span class='ocrx_word' id='word_1_546' title='bbox 645 4056 942 4126; x_wconf 81' lang='grc' dir='ltr'>εὑρέματα,</span> <span class='ocrx_word' id='word_1_547' title='bbox 972 4058 1301 4129; x_wconf 87' lang='grc' dir='ltr'>διήρπασται</span> <span class='ocrx_word' id='word_1_548' title='bbox 1325 4063 1383 4116; x_wconf 67' lang='grc' dir='ltr'>δὲ</span> <span class='ocrx_word' id='word_1_549' title='bbox 1413 4064 1584 4118; x_wconf 76' lang='grc' dir='ltr'>καὶτὸ</span> <span class='ocrx_word' id='word_1_550' title='bbox 1616 4067 1860 4136; x_wconf 86' lang='grc' dir='ltr'>χρυσίον,</span> <span class='ocrx_word' id='word_1_551' title='bbox 1889 4067 1982 4121; x_wconf 77' lang='grc' dir='ltr'>καὶ</span> 
     </span>
    </p>
   </div>
   <div class='ocr_carea' id='block_1_74' title="bbox 387 4146 1980 4230">
    <p class='ocr_par' dir='ltr' id='par_1_74' title="bbox 387 4146 1980 4230">
     <span class='ocr_line' id='line_1_74' title="bbox 387 4146 1980 4230; baseline 0.009 -31"><span class='ocrx_word' id='word_1_552' title='bbox 387 4146 452 4199; x_wconf 79' lang='grc' dir='ltr'><strong>τὸ</strong></span> <span class='ocrx_word' id='word_1_553' title='bbox 481 4148 845 4219; x_wconf 82' lang='grc' dir='ltr'>ἀργύριον.οί</span> <span class='ocrx_word' id='word_1_554' title='bbox 872 4152 980 4222; x_wconf 79' lang='grc' dir='ltr'>γάρ</span> <span class='ocrx_word' id='word_1_555' title='bbox 1003 4169 1081 4206; x_wconf 91' lang='grc' dir='ltr'><strong>τοι</strong></span> <span class='ocrx_word' id='word_1_556' title='bbox 1107 4153 1248 4207; x_wconf 85' lang='grc' dir='ltr'>κατὰ</span> <span class='ocrx_word' id='word_1_557' title='bbox 1273 4157 1494 4228; x_wconf 71' lang='grc' dir='ltr'>καιροὺς</span> <span class='ocrx_word' id='word_1_558' title='bbox 1519 4157 1629 4211; x_wconf 85' lang='grc' dir='ltr'><strong>τῶν</strong></span> <span class='ocrx_word' id='word_1_559' title='bbox 1645 4157 1980 4230; x_wconf 85' lang='grc' dir='ltr'>Ἐκκλησιῶν</span> 
     </span>
    </p>
   </div>
   <div class='ocr_carea' id='block_1_75' title="bbox 389 4240 1980 4322">
    <p class='ocr_par' dir='ltr' id='par_1_75' title="bbox 389 4240 1980 4322">
     <span class='ocr_line' id='line_1_75' title="bbox 389 4240 1980 4322; baseline 0.009 -32"><span class='ocrx_word' id='word_1_560' title='bbox 389 4240 834 4310; x_wconf 76' lang='grc' dir='ltr'>προεστηκότες,</span> <span class='ocrx_word' id='word_1_561' title='bbox 887 4242 1079 4322; x_wconf 82' lang='grc' dir='ltr'>ἄνδρες</span> <span class='ocrx_word' id='word_1_562' title='bbox 1128 4245 1426 4316; x_wconf 74' lang='grc' dir='ltr'>ἐλλόγιμοι,</span> <span class='ocrx_word' id='word_1_563' title='bbox 1487 4249 1581 4302; x_wconf 72' lang='grc' dir='ltr'><strong>καὶ</strong></span> <span class='ocrx_word' id='word_1_564' title='bbox 1648 4251 1822 4319; x_wconf 70' lang='grc' dir='ltr'>σοφοὶ,</span> <span class='ocrx_word' id='word_1_565' title='bbox 1878 4251 1980 4322; x_wconf 81' lang='grc' dir='ltr'>τῆς</span> 
     </span>
    </p>
   </div>
   <div class='ocr_carea' id='block_1_76' title="bbox 388 4320 1978 4414">
    <p class='ocr_par' dir='ltr' id='par_1_76' title="bbox 388 4320 1978 4414">
     <span class='ocr_line' id='line_1_76' title="bbox 388 4320 1978 4414; baseline 0.011 -33"><span class='ocrx_word' id='word_1_566' title='bbox 388 4333 622 4384; x_wconf 80' lang='grc' dir='ltr'>ἐκείνων</span> <span class='ocrx_word' id='word_1_567' title='bbox 656 4320 1122 4406; x_wconf 79' lang='grc' dir='ltr'>εὐγλωττίαςτὴν</span> <span class='ocrx_word' id='word_1_568' title='bbox 1143 4337 1376 4408; x_wconf 87' lang='grc' dir='ltr'>δύναμιν</span> <span class='ocrx_word' id='word_1_569' title='bbox 1417 4341 1498 4404; x_wconf 87' lang='grc' dir='ltr'><strong>είς</strong></span> <span class='ocrx_word' id='word_1_570' title='bbox 1541 4342 1768 4405; x_wconf 74' lang='grc' dir='ltr'>ἑαυτοὺς</span> <span class='ocrx_word' id='word_1_571' title='bbox 1797 4320 1978 4414; x_wconf 72' lang='grc' dir='ltr'>ἁρπά-</span> 
     </span>
    </p>
   </div>
   <div class='ocr_carea' id='block_1_77' title="bbox 391 4424 1980 4502">
    <p class='ocr_par' dir='ltr' id='par_1_77' title="bbox 391 4424 1980 4502">
     <span class='ocr_line' id='line_1_77' title="bbox 391 4424 1980 4502; baseline 0.009 -30"><span class='ocrx_word' id='word_1_572' title='bbox 391 4437 610 4486; x_wconf 82' lang='grc' dir='ltr'>σαντες,</span> <span class='ocrx_word' id='word_1_573' title='bbox 643 4424 789 4494; x_wconf 78' lang='grc' dir='ltr'>ἱερὸν</span> <span class='ocrx_word' id='word_1_574' title='bbox 818 4425 1077 4498; x_wconf 81' lang='grc' dir='ltr'>ἀνάθημα</span> <span class='ocrx_word' id='word_1_575' title='bbox 1107 4429 1427 4500; x_wconf 83' lang='grc' dir='ltr'>πεποίηνται</span> <span class='ocrx_word' id='word_1_576' title='bbox 1461 4429 1538 4500; x_wconf 86' lang='grc' dir='ltr'>τῷ</span> <span class='ocrx_word' id='word_1_577' title='bbox 1569 4431 1690 4502; x_wconf 87' lang='grc' dir='ltr'><strong>Θεῷ</strong></span> <span class='ocrx_word' id='word_1_578' title='bbox 1721 4433 1833 4496; x_wconf 82' lang='grc' dir='ltr'>τοῖς</span> <span class='ocrx_word' id='word_1_579' title='bbox 1877 4433 1980 4502; x_wconf 83' lang='grc' dir='ltr'>τῆς</span> 
     </span>
    </p>
   </div>
   <div class='ocr_carea' id='block_1_78' title="bbox 388 4513 1978 4591">
    <p class='ocr_par' dir='ltr' id='par_1_78' title="bbox 388 4513 1978 4591">
     <span class='ocr_line' id='line_1_78' title="bbox 388 4513 1978 4591; baseline 0.007 -28"><span class='ocrx_word' id='word_1_580' title='bbox 388 4513 631 4576; x_wconf 79' lang='grc' dir='ltr'>πίστεως</span> <span class='ocrx_word' id='word_1_581' title='bbox 654 4514 1120 4586; x_wconf 77' lang='grc' dir='ltr'>ἐπαγωνιζόμενοι</span> <span class='ocrx_word' id='word_1_582' title='bbox 1139 4517 1340 4586; x_wconf 88' lang='grc' dir='ltr'>λόγοις,</span> <span class='ocrx_word' id='word_1_583' title='bbox 1357 4519 1572 4590; x_wconf 77' lang='grc' dir='ltr'>καὶτῆς</span> <span class='ocrx_word' id='word_1_584' title='bbox 1598 4521 1729 4591; x_wconf 87' lang='grc' dir='ltr'>παρ’</span> <span class='ocrx_word' id='word_1_585' title='bbox 1750 4520 1978 4585; x_wconf 75' lang='grc' dir='ltr'>ἐκείνοις</span> 
     </span>
    </p>
   </div>
   <div class='ocr_carea' id='block_1_79' title="bbox 2085 3323 3663 3396">
    <p class='ocr_par' dir='ltr' id='par_1_79' title="bbox 2085 3323 3663 3396">
     <span class='ocr_line' id='line_1_79' title="bbox 2085 3323 3663 3396; baseline -0.003 -12"><span class='ocrx_word' id='word_1_586' title='bbox 2085 3329 2283 3384; x_wconf 85' lang='lat' dir='ltr'><strong>danam</strong></span> <span class='ocrx_word' id='word_1_587' title='bbox 2309 3326 2624 3396; x_wconf 83' lang='lat' dir='ltr'><strong>sapientiam</strong></span> <span class='ocrx_word' id='word_1_588' title='bbox 2658 3326 2862 3392; x_wconf 69' lang='lat' dir='ltr'><strong>efferri,</strong></span> <span class='ocrx_word' id='word_1_589' title='bbox 2893 3335 2946 3381; x_wconf 90' lang='lat' dir='ltr'><strong>et</strong></span> <span class='ocrx_word' id='word_1_590' title='bbox 2969 3323 3117 3380; x_wconf 81' lang='lat' dir='ltr'><strong>velut</strong></span> <span class='ocrx_word' id='word_1_591' title='bbox 3159 3325 3210 3378; x_wconf 92' lang='lat' dir='ltr'><strong>in</strong></span> <span class='ocrx_word' id='word_1_592' title='bbox 3249 3327 3663 3396; x_wconf 78' lang='lat' dir='ltr'><strong>propugnaculis</strong></span> 
     </span>
    </p>
   </div>
   <div class='ocr_carea' id='block_1_80' title="bbox 2084 3417 3663 3490">
    <p class='ocr_par' dir='ltr' id='par_1_80' title="bbox 2084 3417 3663 3490">
     <span class='ocr_line' id='line_1_80' title="bbox 2084 3417 3663 3490; baseline -0.002 -16"><span class='ocrx_word' id='word_1_593' title='bbox 2084 3420 2138 3474; x_wconf 93' lang='lat' dir='ltr'><strong>in</strong></span> <span class='ocrx_word' id='word_1_594' title='bbox 2172 3418 2483 3473; x_wconf 80' lang='lat' dir='ltr'><strong>multifariis</strong></span> <span class='ocrx_word' id='word_1_595' title='bbox 2507 3417 2941 3490; x_wconf 79' lang='lat' dir='ltr'><strong>syllogismorum</strong></span> <span class='ocrx_word' id='word_1_596' title='bbox 2967 3417 3212 3480; x_wconf 80' lang='lat' dir='ltr'><strong>fallaciis,</strong></span> <span class='ocrx_word' id='word_1_597' title='bbox 3265 3425 3322 3471; x_wconf 77' lang='lat' dir='ltr'><strong>et</strong></span> <span class='ocrx_word' id='word_1_598' title='bbox 3375 3433 3663 3486; x_wconf 80' lang='lat' dir='ltr'><strong>propemo-</strong></span> 
     </span>
    </p>
   </div>
   <div class='ocr_carea' id='block_1_81' title="bbox 2084 3509 3663 3577">
    <p class='ocr_par' dir='ltr' id='par_1_81' title="bbox 2084 3509 3663 3577">
     <span class='ocr_line' id='line_1_81' title="bbox 2084 3509 3663 3577; baseline -0.006 -10"><span class='ocrx_word' id='word_1_599' title='bbox 2084 3513 2211 3568; x_wconf 86' lang='lat' dir='ltr'><strong>dum</strong></span> <span class='ocrx_word' id='word_1_600' title='bbox 2241 3525 2484 3568; x_wconf 85' lang='lat' dir='ltr'><strong>errorem</strong></span> <span class='ocrx_word' id='word_1_601' title='bbox 2515 3525 2672 3565; x_wconf 86' lang='lat' dir='ltr'><strong>suum</strong></span> <span class='ocrx_word' id='word_1_602' title='bbox 2707 3509 2976 3564; x_wconf 63' lang='lat' dir='ltr'><strong>facundiae</strong></span> <span class='ocrx_word' id='word_1_603' title='bbox 3005 3509 3056 3562; x_wconf 73' lang='lat' dir='ltr'><strong>vi</strong></span> <span class='ocrx_word' id='word_1_604' title='bbox 3093 3518 3345 3577; x_wconf 83' lang='lat' dir='ltr'><strong>tauquam</strong></span> <span class='ocrx_word' id='word_1_605' title='bbox 3379 3522 3535 3563; x_wconf 88' lang='lat' dir='ltr'><strong>muro</strong></span> <span class='ocrx_word' id='word_1_606' title='bbox 3572 3524 3663 3564; x_wconf 78' lang='lat' dir='ltr'><strong>Stt-</strong></span> 
     </span>
    </p>
   </div>
   <div class='ocr_carea' id='block_1_82' title="bbox 2083 3598 3662 3673">
    <p class='ocr_par' dir='ltr' id='par_1_82' title="bbox 2083 3598 3662 3673">
     <span class='ocr_line' id='line_1_82' title="bbox 2083 3598 3662 3673; baseline -0.003 -15"><span class='ocrx_word' id='word_1_607' title='bbox 2083 3603 2313 3673; x_wconf 86' lang='lat' dir='ltr'><strong>pientes,</strong></span> <span class='ocrx_word' id='word_1_608' title='bbox 2342 3602 2626 3658; x_wconf 87' lang='lat' dir='ltr'><strong>acmirum</strong></span> <span class='ocrx_word' id='word_1_609' title='bbox 2677 3600 2732 3655; x_wconf 91' lang='lat' dir='ltr'><strong>in</strong></span> <span class='ocrx_word' id='word_1_610' title='bbox 2780 3600 2996 3654; x_wconf 90' lang='lat' dir='ltr'><strong>modum</strong></span> <span class='ocrx_word' id='word_1_611' title='bbox 3069 3598 3370 3669; x_wconf 82' lang='lat' dir='ltr'><strong>locupletes</strong></span> <span class='ocrx_word' id='word_1_612' title='bbox 3425 3600 3662 3655; x_wconf 80' lang='lat' dir='ltr'><strong>dietioae</strong></span> 
     </span>
    </p>
   </div>
   <div class='ocr_carea' id='block_1_83' title="bbox 2083 3689 3662 3764">
    <p class='ocr_par' dir='ltr' id='par_1_83' title="bbox 2083 3689 3662 3764">
     <span class='ocr_line' id='line_1_83' title="bbox 2083 3689 3662 3764; baseline -0.003 -14"><span class='ocrx_word' id='word_1_613' title='bbox 2083 3694 2363 3764; x_wconf 84' lang='lat' dir='ltr'><strong>splendida</strong></span> <span class='ocrx_word' id='word_1_614' title='bbox 2387 3704 2445 3748; x_wconf 87' lang='lat' dir='ltr'><strong>ut</strong></span> <span class='ocrx_word' id='word_1_615' title='bbox 2471 3700 2715 3762; x_wconf 83' lang='lat' dir='ltr'><strong>argento,</strong></span> <span class='ocrx_word' id='word_1_616' title='bbox 2744 3697 2800 3746; x_wconf 86' lang='lat' dir='ltr'><strong>et</strong></span> <span class='ocrx_word' id='word_1_617' title='bbox 2830 3690 3009 3746; x_wconf 87' lang='lat' dir='ltr'><strong>scnsis</strong></span> <span class='ocrx_word' id='word_1_618' title='bbox 3047 3689 3214 3744; x_wconf 90' lang='lat' dir='ltr'><strong>animi</strong></span> <span class='ocrx_word' id='word_1_619' title='bbox 3274 3689 3552 3760; x_wconf 66' lang='lat' dir='ltr'><strong>praeclaris</strong></span> <span class='ocrx_word' id='word_1_620' title='bbox 3603 3703 3662 3745; x_wconf 92' lang='lat' dir='ltr'><strong>ut</strong></span> 
     </span>
    </p>
   </div>
   <div class='ocr_carea' id='block_1_84' title="bbox 2084 3782 3664 3851">
    <p class='ocr_par' dir='ltr' id='par_1_84' title="bbox 2084 3782 3664 3851">
     <span class='ocr_line' id='line_1_84' title="bbox 2084 3782 3664 3851; baseline -0.003 -8"><span class='ocrx_word' id='word_1_621' title='bbox 2084 3801 2236 3842; x_wconf 85' lang='lat' dir='ltr'><strong>auro.</strong></span> <span class='ocrx_word' id='word_1_622' title='bbox 2278 3783 2846 3843; x_wconf 84' lang='lat' dir='ltr'><strong>Verumtamenetlam</strong></span> <span class='ocrx_word' id='word_1_623' title='bbox 2896 3782 2976 3837; x_wconf 88' lang='lat' dir='ltr'><strong>sic</strong></span> <span class='ocrx_word' id='word_1_624' title='bbox 3028 3789 3371 3851; x_wconf 84' lang='lat' dir='ltr'><strong>comparatos</strong></span> <span class='ocrx_word' id='word_1_625' title='bbox 3424 3783 3664 3851; x_wconf 76' lang='lat' dir='ltr'><strong>possedit</strong></span> 
     </span>
    </p>
   </div>
   <div class='ocr_carea' id='block_1_85' title="bbox 2081 3873 3664 3937">
    <p class='ocr_par' dir='ltr' id='par_1_85' title="bbox 2081 3873 3664 3937">
     <span class='ocr_line' id='line_1_85' title="bbox 2081 3873 3664 3937; baseline -0.003 -3"><span class='ocrx_word' id='word_1_626' title='bbox 2081 3877 2352 3934; x_wconf 83' lang='lat' dir='ltr'><strong>Christus.</strong></span> <span class='ocrx_word' id='word_1_627' title='bbox 2383 3877 2679 3933; x_wconf 64' lang='lat' dir='ltr'><strong>Destructae</strong></span> <span class='ocrx_word' id='word_1_628' title='bbox 2703 3882 2832 3930; x_wconf 88' lang='lat' dir='ltr'><strong>sunt</strong></span> <span class='ocrx_word' id='word_1_629' title='bbox 2869 3874 3013 3929; x_wconf 88' lang='lat' dir='ltr'><strong>enim</strong></span> <span class='ocrx_word' id='word_1_630' title='bbox 3048 3873 3530 3937; x_wconf 89' lang='lat' dir='ltr'><strong>munitiones,&#39;hoc</strong></span> <span class='ocrx_word' id='word_1_631' title='bbox 3581 3884 3664 3929; x_wconf 87' lang='lat' dir='ltr'><strong>est</strong></span> 
     </span>
    </p>
   </div>
   <div class='ocr_carea' id='block_1_86' title="bbox 2082 3963 3662 4032">
    <p class='ocr_par' dir='ltr' id='par_1_86' title="bbox 2082 3963 3662 4032">
     <span class='ocr_line' id='line_1_86' title="bbox 2082 3963 3662 4032; baseline -0.006 -5"><span class='ocrx_word' id='word_1_632' title='bbox 2082 3970 2392 4027; x_wconf 80' lang='lat' dir='ltr'><strong>ceciderunt</strong></span> <span class='ocrx_word' id='word_1_633' title='bbox 2427 3968 2642 4022; x_wconf 83' lang='lat' dir='ltr'><strong>inventa</strong></span> <span class='ocrx_word' id='word_1_634' title='bbox 2678 3965 2928 4030; x_wconf 76' lang='lat' dir='ltr'><strong>fallaciae,</strong></span> <span class='ocrx_word' id='word_1_635' title='bbox 2957 3963 3227 4032; x_wconf 86' lang='lat' dir='ltr'><strong>direptum</strong></span> <span class='ocrx_word' id='word_1_636' title='bbox 3257 3971 3343 4018; x_wconf 88' lang='lat' dir='ltr'><strong>est</strong></span> <span class='ocrx_word' id='word_1_637' title='bbox 3382 3977 3574 4017; x_wconf 86' lang='lat' dir='ltr'><strong>aurum</strong></span> <span class='ocrx_word' id='word_1_638' title='bbox 3607 3973 3662 4018; x_wconf 91' lang='lat' dir='ltr'><strong>et</strong></span> 
     </span>
    </p>
   </div>
   <div class='ocr_carea' id='block_1_87' title="bbox 2081 4054 3662 4132">
    <p class='ocr_par' dir='ltr' id='par_1_87' title="bbox 2081 4054 3662 4132">
     <span class='ocr_line' id='line_1_87' title="bbox 2081 4054 3662 4132; baseline -0.004 -14"><span class='ocrx_word' id='word_1_639' title='bbox 2081 4071 2387 4132; x_wconf 79' lang='lat' dir='ltr'><strong>argentum.</strong></span> <span class='ocrx_word' id='word_1_640' title='bbox 2413 4059 2516 4127; x_wconf 89' lang='lat' dir='ltr'><strong>Qui</strong></span> <span class='ocrx_word' id='word_1_641' title='bbox 2546 4059 2690 4116; x_wconf 86' lang='lat' dir='ltr'><strong>enim</strong></span> <span class='ocrx_word' id='word_1_642' title='bbox 2722 4057 2836 4113; x_wconf 90' lang='lat' dir='ltr'><strong>suis</strong></span> <span class='ocrx_word' id='word_1_643' title='bbox 2866 4056 3067 4127; x_wconf 86' lang='lat' dir='ltr'><strong>quique</strong></span> <span class='ocrx_word' id='word_1_644' title='bbox 3094 4054 3428 4124; x_wconf 78' lang='lat' dir='ltr'><strong>temporibus</strong></span> <span class='ocrx_word' id='word_1_645' title='bbox 3494 4055 3662 4127; x_wconf 76' lang='lat'><strong>732</strong></span> 
     </span>
    </p>
   </div>
   <div class='ocr_carea' id='block_1_88' title="bbox 2081 4151 3659 4227">
    <p class='ocr_par' dir='ltr' id='par_1_88' title="bbox 2081 4151 3659 4227">
     <span class='ocr_line' id='line_1_88' title="bbox 2081 4151 3659 4227; baseline -0.006 -13"><span class='ocrx_word' id='word_1_646' title='bbox 2081 4158 2340 4215; x_wconf 84' lang='lat' dir='ltr'><strong>Ecclesiis</strong></span> <span class='ocrx_word' id='word_1_647' title='bbox 2368 4156 2724 4227; x_wconf 71' lang='lat' dir='ltr'><strong>pnel‘uerunt,</strong></span> <span class='ocrx_word' id='word_1_648' title='bbox 2754 4153 2854 4208; x_wconf 74' lang='lat' dir='ltr'><strong>viri</strong></span> <span class='ocrx_word' id='word_1_649' title='bbox 2908 4151 3225 4221; x_wconf 86' lang='lat' dir='ltr'><strong>eloquentes</strong></span> <span class='ocrx_word' id='word_1_650' title='bbox 3261 4157 3316 4206; x_wconf 88' lang='lat' dir='ltr'><strong>et</strong></span> <span class='ocrx_word' id='word_1_651' title='bbox 3369 4151 3659 4221; x_wconf 84' lang='lat' dir='ltr'><strong>sapientes,</strong></span> 
     </span>
    </p>
   </div>
   <div class='ocr_carea' id='block_1_89' title="bbox 2080 4241 3662 4316">
    <p class='ocr_par' dir='ltr' id='par_1_89' title="bbox 2080 4241 3662 4316">
     <span class='ocr_line' id='line_1_89' title="bbox 2080 4241 3662 4316; baseline -0.006 -12"><span class='ocrx_word' id='word_1_652' title='bbox 2080 4263 2268 4304; x_wconf 88' lang='lat' dir='ltr'><strong>eorum</strong></span> <span class='ocrx_word' id='word_1_653' title='bbox 2294 4246 2616 4316; x_wconf 74' lang='lat' dir='ltr'><strong>eloquentia:</strong></span> <span class='ocrx_word' id='word_1_654' title='bbox 2649 4243 2960 4298; x_wconf 82' lang='lat' dir='ltr'><strong>facultatem</strong></span> <span class='ocrx_word' id='word_1_655' title='bbox 2999 4242 3066 4296; x_wconf 83' lang='lat' dir='ltr'><strong>ad</strong></span> <span class='ocrx_word' id='word_1_656' title='bbox 3107 4256 3166 4296; x_wconf 87' lang='lat' dir='ltr'><strong>se</strong></span> <span class='ocrx_word' id='word_1_657' title='bbox 3201 4241 3520 4306; x_wconf 75' lang='lat' dir='ltr'><strong>derivatum,</strong></span> <span class='ocrx_word' id='word_1_658' title='bbox 3577 4257 3662 4295; x_wconf 80' lang='lat' dir='ltr'><strong>sa-</strong></span> 
     </span>
    </p>
   </div>
   <div class='ocr_carea' id='block_1_90' title="bbox 2081 4330 3663 4401">
    <p class='ocr_par' dir='ltr' id='par_1_90' title="bbox 2081 4330 3663 4401">
     <span class='ocr_line' id='line_1_90' title="bbox 2081 4330 3663 4401; baseline -0.006 -3"><span class='ocrx_word' id='word_1_659' title='bbox 2081 4355 2232 4398; x_wconf 88' lang='lat' dir='ltr'><strong>crum</strong></span> <span class='ocrx_word' id='word_1_660' title='bbox 2277 4339 2390 4394; x_wconf 89' lang='lat' dir='ltr'><strong>Deo</strong></span> <span class='ocrx_word' id='word_1_661' title='bbox 2419 4337 2705 4392; x_wconf 86' lang='lat' dir='ltr'><strong>anathema</strong></span> <span class='ocrx_word' id='word_1_662' title='bbox 2726 4335 2992 4397; x_wconf 81' lang='lat' dir='ltr'><strong>fecerunt,</strong></span> <span class='ocrx_word' id='word_1_663' title='bbox 3018 4346 3116 4401; x_wconf 91' lang='lat' dir='ltr'><strong>pro</strong></span> <span class='ocrx_word' id='word_1_664' title='bbox 3133 4331 3258 4387; x_wconf 80' lang='lat' dir='ltr'><strong>ﬁdei</strong></span> <span class='ocrx_word' id='word_1_665' title='bbox 3275 4333 3522 4387; x_wconf 90' lang='lat' dir='ltr'><strong>doctrina</strong></span> <span class='ocrx_word' id='word_1_666' title='bbox 3567 4330 3663 4388; x_wconf 78' lang='lat' dir='ltr'><strong>dc-</strong></span> 
     </span>
    </p>
   </div>
   <div class='ocr_carea' id='block_1_91' title="bbox 2080 4421 3663 4498">
    <p class='ocr_par' dir='ltr' id='par_1_91' title="bbox 2080 4421 3663 4498">
     <span class='ocr_line' id='line_1_91' title="bbox 2080 4421 3663 4498; baseline -0.01 -9"><span class='ocrx_word' id='word_1_667' title='bbox 2080 4441 2368 4498; x_wconf 86' lang='lat' dir='ltr'><strong>certantes,</strong></span> <span class='ocrx_word' id='word_1_668' title='bbox 2410 4439 2464 4484; x_wconf 88' lang='lat' dir='ltr'><strong>ct</strong></span> <span class='ocrx_word' id='word_1_669' title='bbox 2497 4429 2852 4498; x_wconf 87' lang='lat' dir='ltr'><strong>imposturam</strong></span> <span class='ocrx_word' id='word_1_670' title='bbox 2882 4426 3121 4496; x_wconf 87' lang='lat' dir='ltr'><strong>ipsorum</strong></span> <span class='ocrx_word' id='word_1_671' title='bbox 3183 4423 3459 4478; x_wconf 86' lang='lat' dir='ltr'><strong>uberrime</strong></span> <span class='ocrx_word' id='word_1_672' title='bbox 3498 4421 3663 4474; x_wconf 77' lang='lat' dir='ltr'><strong>veris-</strong></span> 
     </span>
    </p>
   </div>
   <div class='ocr_carea' id='block_1_92' title="bbox 2081 4511 3656 4594">
    <p class='ocr_par' dir='ltr' id='par_1_92' title="bbox 2081 4511 3656 4594">
     <span class='ocr_line' id='line_1_92' title="bbox 2081 4511 3656 4594; baseline -0.01 -14"><span class='ocrx_word' id='word_1_673' title='bbox 2081 4526 2322 4594; x_wconf 88' lang='lat' dir='ltr'><strong>simeque</strong></span> <span class='ocrx_word' id='word_1_674' title='bbox 2350 4521 2670 4577; x_wconf 79' lang='lat' dir='ltr'><strong>refutantes.</strong></span> <span class='ocrx_word' id='word_1_675' title='bbox 2703 4517 2818 4573; x_wconf 81' lang='lat' dir='ltr'><strong>Hoc</strong></span> <span class='ocrx_word' id='word_1_676' title='bbox 2851 4520 3014 4572; x_wconf 86' lang='lat' dir='ltr'><strong>etlam</strong></span> <span class='ocrx_word' id='word_1_677' title='bbox 3049 4514 3294 4569; x_wconf 77' lang='lat' dir='ltr'><strong>fecerunt</strong></span> <span class='ocrx_word' id='word_1_678' title='bbox 3320 4511 3656 4574; x_wconf 69' lang='lat' dir='ltr'><strong>lsraelitat&quot;.</strong></span> 
     </span>
    </p>
   </div>
   <div class='ocr_carea' id='block_1_93' title="bbox 390 4601 1994 4684">
    <p class='ocr_par' dir='ltr' id='par_1_93' title="bbox 390 4603 1980 4684">
     <span class='ocr_line' id='line_1_93' title="bbox 390 4603 1980 4684; baseline 0.008 -30"><span class='ocrx_word' id='word_1_679' title='bbox 390 4603 613 4673; x_wconf 74' lang='grc' dir='ltr'>ἀπάτης</span> <span class='ocrx_word' id='word_1_680' title='bbox 645 4604 907 4676; x_wconf 75' lang='grc' dir='ltr'>πλείστην</span> <span class='ocrx_word' id='word_1_681' title='bbox 933 4624 992 4660; x_wconf 91' lang='grc' dir='ltr'><strong>τε</strong></span> <span class='ocrx_word' id='word_1_682' title='bbox 1023 4609 1174 4680; x_wconf 78' lang='grc' dir='ltr'>ὅσην,</span> <span class='ocrx_word' id='word_1_683' title='bbox 1209 4609 1302 4662; x_wconf 74' lang='grc' dir='ltr'><strong>καὶ</strong></span> <span class='ocrx_word' id='word_1_684' title='bbox 1330 4611 1505 4682; x_wconf 84' lang='grc' dir='ltr'>ἀληθῆ</span> <span class='ocrx_word' id='word_1_685' title='bbox 1544 4611 1854 4684; x_wconf 85' lang='grc' dir='ltr'>ποιούμενοι</span> <span class='ocrx_word' id='word_1_686' title='bbox 1880 4613 1980 4684; x_wconf 82' lang='grc' dir='ltr'>τὴν</span> 
     </span>
    </p>
   </div>
   <div class='ocr_carea' id='block_1_94' title="bbox 2080 4601 3665 4684">
    <p class='ocr_par' dir='ltr' id='par_1_94' title="bbox 2084 4605 3665 4678">
     <span class='ocr_line' id='line_1_94' title="bbox 2084 4605 3665 4678; baseline -0.006 -12"><span class='ocrx_word' id='word_1_687' title='bbox 2084 4611 2306 4666; x_wconf 82' lang='lat' dir='ltr'><strong>Mutuati</strong></span> <span class='ocrx_word' id='word_1_688' title='bbox 2333 4611 2476 4665; x_wconf 89' lang='lat' dir='ltr'><strong>enim</strong></span> <span class='ocrx_word' id='word_1_689' title='bbox 2502 4609 2568 4663; x_wconf 86' lang='lat' dir='ltr'><strong>ab</strong></span> <span class='ocrx_word' id='word_1_690' title='bbox 2590 4605 2859 4678; x_wconf 68' lang='lat' dir='ltr'><strong>Aﬂgyptiis</strong></span> <span class='ocrx_word' id='word_1_691' title='bbox 2886 4618 3013 4660; x_wconf 83' lang='lat' dir='ltr'><strong>vasa</strong></span> <span class='ocrx_word' id='word_1_692' title='bbox 3043 4617 3206 4658; x_wconf 86' lang='lat' dir='ltr'><strong>aurea</strong></span> <span class='ocrx_word' id='word_1_693' title='bbox 3229 4611 3284 4656; x_wconf 88' lang='lat' dir='ltr'><strong>et</strong></span> <span class='ocrx_word' id='word_1_694' title='bbox 3309 4611 3588 4673; x_wconf 85' lang='lat' dir='ltr'><strong>argentea.</strong></span> <span class='ocrx_word' id='word_1_695' title='bbox 3609 4612 3665 4656; x_wconf 88' lang='lat' dir='ltr'><strong>et</strong></span> 
     </span>
    </p>
   </div>
   <div class='ocr_carea' id='block_1_95' title="bbox 387 4697 1976 4776">
    <p class='ocr_par' dir='ltr' id='par_1_95' title="bbox 387 4697 1976 4776">
     <span class='ocr_line' id='line_1_95' title="bbox 387 4697 1976 4776; baseline 0.006 -29"><span class='ocrx_word' id='word_1_696' title='bbox 387 4697 766 4766; x_wconf 76' lang='grc' dir='ltr'>κατάρῤησιν.</span> <span class='ocrx_word' id='word_1_697' title='bbox 800 4699 1124 4770; x_wconf 81' lang='grc' dir='ltr'>Πεπράχασι</span> <span class='ocrx_word' id='word_1_698' title='bbox 1162 4701 1402 4756; x_wconf 81' lang='grc' dir='ltr'>τοιοῦτον</span> <span class='ocrx_word' id='word_1_699' title='bbox 1433 4703 1523 4756; x_wconf 82' lang='grc' dir='ltr'>καὶ</span> <span class='ocrx_word' id='word_1_700' title='bbox 1558 4704 1608 4757; x_wconf 75' lang='grc' dir='ltr'>οἱ</span> <span class='ocrx_word' id='word_1_701' title='bbox 1643 4703 1703 4769; x_wconf 78' lang='grc' dir='ltr'><strong>ἐξ</strong></span> <span class='ocrx_word' id='word_1_702' title='bbox 1741 4703 1976 4776; x_wconf 84' lang='grc' dir='ltr'>Ἰσραήλ.</span> 
     </span>
    </p>
   </div>
   <div class='ocr_carea' id='block_1_96' title="bbox 385 4787 1982 4867">
    <p class='ocr_par' dir='ltr' id='par_1_96' title="bbox 385 4787 1982 4867">
     <span class='ocr_line' id='line_1_96' title="bbox 385 4787 1982 4867; baseline 0.007 -29"><span class='ocrx_word' id='word_1_703' title='bbox 385 4787 747 4856; x_wconf 79' lang='grc' dir='ltr'>Χρησάμενοι</span> <span class='ocrx_word' id='word_1_704' title='bbox 778 4790 888 4859; x_wconf 80' lang='grc' dir='ltr'>γὰρ</span> <span class='ocrx_word' id='word_1_705' title='bbox 915 4792 1066 4863; x_wconf 77' lang='grc' dir='ltr'>παρὰ</span> <span class='ocrx_word' id='word_1_706' title='bbox 1109 4794 1218 4848; x_wconf 82' lang='grc' dir='ltr'>τῶν</span> <span class='ocrx_word' id='word_1_707' title='bbox 1255 4794 1572 4862; x_wconf 85' lang='grc' dir='ltr'>Αίγυπτίων</span> <span class='ocrx_word' id='word_1_708' title='bbox 1604 4795 1769 4867; x_wconf 81' lang='grc' dir='ltr'>σκεύη</span> <span class='ocrx_word' id='word_1_709' title='bbox 1803 4797 1982 4866; x_wconf 74' lang='grc' dir='ltr'>χρυσᾶ</span> 
     </span>
    </p>
   </div>
   <div class='ocr_carea' id='block_1_97' title="bbox 383 4880 1978 4959">
    <p class='ocr_par' dir='ltr' id='par_1_97' title="bbox 383 4880 1978 4959">
     <span class='ocr_line' id='line_1_97' title="bbox 383 4880 1978 4959; baseline 0.008 -30"><span class='ocrx_word' id='word_1_710' title='bbox 383 4881 490 4931; x_wconf 81' lang='grc' dir='ltr'>καὶ</span> <span class='ocrx_word' id='word_1_711' title='bbox 508 4880 654 4949; x_wconf 81' lang='grc' dir='ltr'>ἁργυ</span> <span class='ocrx_word' id='word_1_712' title='bbox 663 4880 750 4950; x_wconf 80' lang='grc' dir='ltr'>ρᾶ,</span> <span class='ocrx_word' id='word_1_713' title='bbox 769 4881 863 4934; x_wconf 79' lang='grc' dir='ltr'>καὶ</span> <span class='ocrx_word' id='word_1_714' title='bbox 873 4882 1274 4948; x_wconf 81' lang='grc' dir='ltr'>σκυλεύσαντες</span> <span class='ocrx_word' id='word_1_715' title='bbox 1297 4885 1426 4948; x_wconf 79' lang='grc' dir='ltr'>τοὺς</span> <span class='ocrx_word' id='word_1_716' title='bbox 1455 4885 1978 4959; x_wconf 82' lang='grc' dir='ltr'>πλεονεκτήσαντας,</span> 
     </span>
    </p>
   </div>
   <div class='ocr_carea' id='block_1_98' title="bbox 383 4969 1982 5048">
    <p class='ocr_par' dir='ltr' id='par_1_98' title="bbox 383 4969 1982 5048">
     <span class='ocr_line' id='line_1_98' title="bbox 383 4969 1982 5048; baseline 0.008 -30"><span class='ocrx_word' id='word_1_717' title='bbox 383 4969 750 5038; x_wconf 77' lang='grc' dir='ltr'>προσήγαγον</span> <span class='ocrx_word' id='word_1_718' title='bbox 775 4971 948 5024; x_wconf 82' lang='grc' dir='ltr'>ταῦτα</span> <span class='ocrx_word' id='word_1_719' title='bbox 981 4973 1123 5026; x_wconf 80' lang='grc' dir='ltr'>κατὰ</span> <span class='ocrx_word' id='word_1_720' title='bbox 1153 4972 1250 5045; x_wconf 81' lang='grc' dir='ltr'><strong>τήν</strong></span> <span class='ocrx_word' id='word_1_721' title='bbox 1266 4973 1363 5046; x_wconf 70' lang='grc' dir='ltr'>ἔρη</span> <span class='ocrx_word' id='word_1_722' title='bbox 1373 4992 1472 5045; x_wconf 91' lang='grc' dir='ltr'><strong>μον</strong></span> <span class='ocrx_word' id='word_1_723' title='bbox 1489 4975 1567 5047; x_wconf 85' lang='grc' dir='ltr'>τῷ</span> <span class='ocrx_word' id='word_1_724' title='bbox 1589 4977 1842 5047; x_wconf 83' lang='grc' dir='ltr'>παναγίῳ</span> <span class='ocrx_word' id='word_1_725' title='bbox 1861 4976 1982 5048; x_wconf 86' lang='grc' dir='ltr'>Θεῷ</span> 
     </span>
    </p>
   </div>
   <div class='ocr_carea' id='block_1_99' title="bbox 383 5062 1976 5140">
    <p class='ocr_par' dir='ltr' id='par_1_99' title="bbox 383 5062 1976 5140">
     <span class='ocr_line' id='line_1_99' title="bbox 383 5062 1976 5140; baseline 0.007 -29"><span class='ocrx_word' id='word_1_726' title='bbox 383 5062 951 5134; x_wconf 74' lang='grc' dir='ltr'>κατασκευαζομένης</span> <span class='ocrx_word' id='word_1_727' title='bbox 1002 5065 1101 5135; x_wconf 85' lang='grc' dir='ltr'>τῆς</span> <span class='ocrx_word' id='word_1_728' title='bbox 1154 5067 1314 5135; x_wconf 85' lang='grc' dir='ltr'>ἁγίας</span> <span class='ocrx_word' id='word_1_729' title='bbox 1368 5069 1592 5140; x_wconf 81' lang='grc' dir='ltr'>σκηνῆς,</span> <span class='ocrx_word' id='word_1_730' title='bbox 1624 5070 1720 5124; x_wconf 77' lang='grc' dir='ltr'>καὶ</span> <span class='ocrx_word' id='word_1_731' title='bbox 1760 5068 1868 5122; x_wconf 82' lang='grc' dir='ltr'><strong>τῶν</strong></span> <span class='ocrx_word' id='word_1_732' title='bbox 1919 5070 1976 5122; x_wconf 79' lang='grc' dir='ltr'>ὲν</span> 
     </span>
    </p>
   </div>
   <div class='ocr_carea' id='block_1_100' title="bbox 382 5149 1978 5230">
    <p class='ocr_par' dir='ltr' id='par_1_100' title="bbox 382 5149 1978 5230">
     <span class='ocr_line' id='line_1_100' title="bbox 382 5149 1978 5230; baseline 0.009 -31"><span class='ocrx_word' id='word_1_733' title='bbox 382 5149 576 5212; x_wconf 68' lang='grc' dir='ltr'>αὐτοῖς</span> <span class='ocrx_word' id='word_1_734' title='bbox 608 5151 823 5204; x_wconf 85' lang='grc' dir='ltr'>σκευῶν</span> <span class='ocrx_word' id='word_1_735' title='bbox 855 5153 1034 5223; x_wconf 74' lang='grc' dir='ltr'>ιερῶν.</span> <span class='ocrx_word' id='word_1_736' title='bbox 1077 5155 1288 5210; x_wconf 81' lang='grc' dir='ltr'>Οὐκοῦν</span> <span class='ocrx_word' id='word_1_737' title='bbox 1308 5159 1356 5209; x_wconf 84' lang='grc' dir='ltr'>οἱ</span> <span class='ocrx_word' id='word_1_738' title='bbox 1377 5157 1464 5210; x_wconf 79' lang='grc' dir='ltr'><strong>διὰ</strong></span> <span class='ocrx_word' id='word_1_739' title='bbox 1489 5158 1679 5228; x_wconf 84' lang='grc' dir='ltr'>σοφίας</span> <span class='ocrx_word' id='word_1_740' title='bbox 1704 5159 1978 5230; x_wconf 85' lang='grc' dir='ltr'>κοσμικῆς</span> 
     </span>
    </p>
   </div>
   <div class='ocr_carea' id='block_1_101' title="bbox 380 5239 1976 5324">
    <p class='ocr_par' dir='ltr' id='par_1_101' title="bbox 380 5239 1976 5324">
     <span class='ocr_line' id='line_1_101' title="bbox 380 5239 1976 5324; baseline 0.009 -34"><span class='ocrx_word' id='word_1_741' title='bbox 380 5240 487 5291; x_wconf 80' lang='grc' dir='ltr'>καὶ</span> <span class='ocrx_word' id='word_1_742' title='bbox 513 5239 671 5308; x_wconf 85' lang='grc' dir='ltr'>λόγου</span> <span class='ocrx_word' id='word_1_743' title='bbox 698 5244 1056 5314; x_wconf 62' lang='grc' dir='ltr'>φαιδρότητικ</span> <span class='ocrx_word' id='word_1_744' title='bbox 1075 5248 1485 5318; x_wconf 74' lang='grc' dir='ltr'>οἰκοδομοῦντες</span> <span class='ocrx_word' id='word_1_745' title='bbox 1512 5251 1612 5324; x_wconf 80' lang='grc' dir='ltr'><strong>τὴν</strong></span> <span class='ocrx_word' id='word_1_746' title='bbox 1627 5251 1976 5322; x_wconf 80' lang='grc' dir='ltr'>Ἐκκλησίαν,</span> 
     </span>
    </p>
   </div>
   <div class='ocr_carea' id='block_1_102' title="bbox 377 5334 1980 5410">
    <p class='ocr_par' dir='ltr' id='par_1_102' title="bbox 377 5334 1980 5410">
     <span class='ocr_line' id='line_1_102' title="bbox 377 5334 1980 5410; baseline 0.007 -27"><span class='ocrx_word' id='word_1_747' title='bbox 377 5334 754 5402; x_wconf 72' lang='grc' dir='ltr'>ὂιαρπάζουσί</span> <span class='ocrx_word' id='word_1_748' title='bbox 791 5354 852 5390; x_wconf 90' lang='grc' dir='ltr'><strong>τε</strong></span> <span class='ocrx_word' id='word_1_749' title='bbox 897 5340 1022 5401; x_wconf 82' lang='grc' dir='ltr'>τοὺς</span> <span class='ocrx_word' id='word_1_750' title='bbox 1049 5339 1318 5410; x_wconf 83' lang='grc' dir='ltr'>Ἐλλήνων</span> <span class='ocrx_word' id='word_1_751' title='bbox 1353 5341 1572 5406; x_wconf 75' lang='grc' dir='ltr'>παῖδας,</span> <span class='ocrx_word' id='word_1_752' title='bbox 1604 5343 1699 5397; x_wconf 70' lang='grc' dir='ltr'>καὶ</span> <span class='ocrx_word' id='word_1_753' title='bbox 1727 5343 1890 5396; x_wconf 79' lang='grc' dir='ltr'>οἱονεὶ</span> <span class='ocrx_word' id='word_1_754' title='bbox 1919 5343 1980 5394; x_wconf 80' lang='grc' dir='ltr'>τὸ</span> 
     </span>
    </p>
   </div>
   <div class='ocr_carea' id='block_1_103' title="bbox 377 5426 1980 5508">
    <p class='ocr_par' dir='ltr' id='par_1_103' title="bbox 377 5426 1980 5508">
     <span class='ocr_line' id='line_1_103' title="bbox 377 5426 1980 5508; baseline 0.007 -33"><span class='ocrx_word' id='word_1_755' title='bbox 377 5426 617 5495; x_wconf 68' lang='grc' dir='ltr'>χρυσίον</span> <span class='ocrx_word' id='word_1_756' title='bbox 649 5427 850 5490; x_wconf 81' lang='grc' dir='ltr'>αὐτῶν,</span> <span class='ocrx_word' id='word_1_757' title='bbox 872 5432 964 5483; x_wconf 82' lang='grc' dir='ltr'>καὶ</span> <span class='ocrx_word' id='word_1_758' title='bbox 988 5432 1048 5484; x_wconf 81' lang='grc' dir='ltr'>τὸ</span> <span class='ocrx_word' id='word_1_759' title='bbox 1074 5433 1336 5502; x_wconf 82' lang='grc' dir='ltr'>ἀργύριον</span> <span class='ocrx_word' id='word_1_760' title='bbox 1367 5434 1430 5487; x_wconf 80' lang='grc' dir='ltr'>ἐκ</span> <span class='ocrx_word' id='word_1_761' title='bbox 1464 5434 1664 5508; x_wconf 81' lang='grc' dir='ltr'>πολλῆς</span> <span class='ocrx_word' id='word_1_762' title='bbox 1693 5435 1834 5503; x_wconf 77' lang='grc' dir='ltr'>ἄγαν</span> <span class='ocrx_word' id='word_1_763' title='bbox 1859 5435 1980 5487; x_wconf 54' lang='grc' dir='ltr'>ἐπιδ</span> 
     </span>
    </p>
   </div>
   <div class='ocr_carea' id='block_1_104' title="bbox 376 5519 1976 5598">
    <p class='ocr_par' dir='ltr' id='par_1_104' title="bbox 376 5519 1976 5598">
     <span class='ocr_line' id='line_1_104' title="bbox 376 5519 1976 5598; baseline 0.008 -30"><span class='ocrx_word' id='word_1_764' title='bbox 376 5519 602 5581; x_wconf 77' lang='grc' dir='ltr'>εικείας</span> <span class='ocrx_word' id='word_1_765' title='bbox 655 5521 1216 5590; x_wconf 80' lang='grc' dir='ltr'>καταπλουτήσαντες,</span> <span class='ocrx_word' id='word_1_766' title='bbox 1252 5526 1451 5598; x_wconf 74' lang='grc' dir='ltr'>κλῆρον</span> <span class='ocrx_word' id='word_1_767' title='bbox 1492 5527 1652 5580; x_wconf 72' lang='grc' dir='ltr'>αὐτὸν</span> <span class='ocrx_word' id='word_1_768' title='bbox 1699 5526 1976 5582; x_wconf 78' lang='grc' dir='ltr'>ποιοῦνται</span> 
     </span>
    </p>
   </div>
   <div class='ocr_carea' id='block_1_105' title="bbox 456 5692 1113 5763">
    <p class='ocr_par' dir='ltr' id='par_1_105' title="bbox 456 5692 1113 5763">
     <span class='ocr_line' id='line_1_105' title="bbox 456 5692 1113 5763; baseline 0.006 -14"><span class='ocrx_word' id='word_1_769' title='bbox 456 5692 509 5724; x_wconf 77' lang='grc'><strong>⁷⁸</strong></span> <span class='ocrx_word' id='word_1_770' title='bbox 552 5693 726 5749; x_wconf 76' lang='lat' dir='ltr'><strong>Exod.</strong></span> <span class='ocrx_word' id='word_1_771' title='bbox 763 5710 846 5761; x_wconf 90' lang='grc' dir='ltr'>ιιι,</span> <span class='ocrx_word' id='word_1_772' title='bbox 885 5696 976 5763; x_wconf 75' lang='grc'><strong>21,</strong></span> <span class='ocrx_word' id='word_1_773' title='bbox 1021 5698 1113 5753; x_wconf 72' lang='lat'><strong>‘22.</strong></span> 
     </span>
    </p>
   </div>
   <div class='ocr_carea' id='block_1_106' title="bbox 675 5786 1401 5851">
    <p class='ocr_par' dir='ltr' id='par_1_106' title="bbox 675 5786 1401 5851">
     <span class='ocr_line' id='line_1_106' title="bbox 675 5786 1401 5851; baseline 0.007 -5"><span class='ocrx_word' id='word_1_774' title='bbox 675 5786 953 5850; x_wconf 78' lang='grc' dir='ltr'>ΡΑτιιοι..</span> <span class='ocrx_word' id='word_1_775' title='bbox 990 5788 1108 5848; x_wconf 82' lang='lat' dir='ltr'><strong>Gn.</strong></span> <span class='ocrx_word' id='word_1_776' title='bbox 1157 5789 1401 5851; x_wconf 76' lang='lat' dir='ltr'><strong>LXXII.</strong></span> 
     </span>
    </p>
   </div>
   <div class='ocr_carea' id='block_1_107' title="bbox 2079 4693 3666 4776">
    <p class='ocr_par' dir='ltr' id='par_1_107' title="bbox 2079 4693 3666 4776">
     <span class='ocr_line' id='line_1_107' title="bbox 2079 4693 3666 4776; baseline -0.01 -14"><span class='ocrx_word' id='word_1_777' title='bbox 2079 4703 2319 4776; x_wconf 84' lang='lat' dir='ltr'><strong>spoliatis</strong></span> <span class='ocrx_word' id='word_1_778' title='bbox 2343 4702 2541 4770; x_wconf 89' lang='lat' dir='ltr'><strong>iniquis</strong></span> <span class='ocrx_word' id='word_1_779' title='bbox 2571 4697 2822 4761; x_wconf 88' lang='lat' dir='ltr'><strong>dominis,</strong></span> <span class='ocrx_word' id='word_1_780' title='bbox 2851 4711 2915 4752; x_wconf 92' lang='lat' dir='ltr'><strong>ea</strong></span> <span class='ocrx_word' id='word_1_781' title='bbox 2951 4696 3011 4770; x_wconf 69' lang='lat' dir='ltr'><strong>in</strong></span> <span class='ocrx_word' id='word_1_782' title='bbox 3058 4693 3350 4750; x_wconf 89' lang='lat' dir='ltr'><strong>solitudine</strong></span> <span class='ocrx_word' id='word_1_783' title='bbox 3403 4693 3516 4749; x_wconf 88' lang='lat' dir='ltr'><strong>Deo</strong></span> <span class='ocrx_word' id='word_1_784' title='bbox 3545 4708 3666 4764; x_wconf 61' lang='lat' dir='ltr'><strong>san;</strong></span> 
     </span>
    </p>
   </div>
   <div class='ocr_carea' id='block_1_108' title="bbox 2079 4786 3664 4856">
    <p class='ocr_par' dir='ltr' id='par_1_108' title="bbox 2079 4786 3664 4856">
     <span class='ocr_line' id='line_1_108' title="bbox 2079 4786 3664 4856; baseline -0.006 -5"><span class='ocrx_word' id='word_1_785' title='bbox 2079 4795 2321 4851; x_wconf 86' lang='lat' dir='ltr'><strong>ctissime</strong></span> <span class='ocrx_word' id='word_1_786' title='bbox 2349 4792 2686 4856; x_wconf 88' lang='lat' dir='ltr'><strong>obtulerunt,</strong></span> <span class='ocrx_word' id='word_1_787' title='bbox 2723 4788 2988 4844; x_wconf 81' lang='lat' dir='ltr'><strong>fabricato</strong></span> <span class='ocrx_word' id='word_1_788' title='bbox 3017 4786 3141 4842; x_wconf 89' lang='lat' dir='ltr'><strong>inde</strong></span> <span class='ocrx_word' id='word_1_789' title='bbox 3203 4786 3578 4851; x_wconf 86' lang='lat' dir='ltr'><strong>tabernaculo,</strong></span> <span class='ocrx_word' id='word_1_790' title='bbox 3611 4798 3664 4844; x_wconf 89' lang='lat' dir='ltr'><strong>et</strong></span> 
     </span>
    </p>
   </div>
   <div class='ocr_carea' id='block_1_109' title="bbox 2079 4878 3665 4951">
    <p class='ocr_par' dir='ltr' id='par_1_109' title="bbox 2079 4878 3665 4951">
     <span class='ocr_line' id='line_1_109' title="bbox 2079 4878 3665 4951; baseline -0.006 -11"><span class='ocrx_word' id='word_1_791' title='bbox 2079 4888 2222 4943; x_wconf 82' lang='lat' dir='ltr'><strong>vasis</strong></span> <span class='ocrx_word' id='word_1_792' title='bbox 2244 4884 2413 4940; x_wconf 86' lang='lat' dir='ltr'><strong>sacris</strong></span> <span class='ocrx_word' id='word_1_793' title='bbox 2429 4884 2497 4938; x_wconf 89' lang='lat' dir='ltr'><strong>ad</strong></span> <span class='ocrx_word' id='word_1_794' title='bbox 2525 4897 2681 4936; x_wconf 90' lang='lat' dir='ltr'><strong>usum</strong></span> <span class='ocrx_word' id='word_1_795' title='bbox 2719 4881 2855 4950; x_wconf 84' lang='lat' dir='ltr'><strong>ejus.</strong></span> <span class='ocrx_word' id='word_1_796' title='bbox 2885 4879 3026 4951; x_wconf 85' lang='lat' dir='ltr'><strong>Ergo</strong></span> <span class='ocrx_word' id='word_1_797' title='bbox 3049 4879 3140 4948; x_wconf 84' lang='lat' dir='ltr'><strong>qui</strong></span> <span class='ocrx_word' id='word_1_798' title='bbox 3195 4892 3296 4947; x_wconf 88' lang='lat' dir='ltr'><strong>per</strong></span> <span class='ocrx_word' id='word_1_799' title='bbox 3341 4878 3665 4948; x_wconf 75' lang='lat' dir='ltr'><strong>sapientiam</strong></span> 
     </span>
    </p>
   </div>
   <div class='ocr_carea' id='block_1_110' title="bbox 2079 4959 3664 5041">
    <p class='ocr_par' dir='ltr' id='par_1_110' title="bbox 2079 4959 3664 5041">
     <span class='ocr_line' id='line_1_110' title="bbox 2079 4959 3664 5041; baseline -0.007 -10"><span class='ocrx_word' id='word_1_800' title='bbox 2079 4977 2433 5041; x_wconf 85' lang='lat' dir='ltr'><strong>mundanam,</strong></span> <span class='ocrx_word' id='word_1_801' title='bbox 2459 4981 2514 5028; x_wconf 89' lang='lat' dir='ltr'><strong>et</strong></span> <span class='ocrx_word' id='word_1_802' title='bbox 2535 4971 2805 5027; x_wconf 89' lang='lat' dir='ltr'><strong>sermonis</strong></span> <span class='ocrx_word' id='word_1_803' title='bbox 2830 4969 3180 5039; x_wconf 88' lang='lat' dir='ltr'><strong>splendorem</strong></span> <span class='ocrx_word' id='word_1_804' title='bbox 3215 4959 3510 5025; x_wconf 77' lang='lat' dir='ltr'><strong>Ecclesium</strong></span> <span class='ocrx_word' id='word_1_805' title='bbox 3533 4967 3664 5021; x_wconf 66' lang='lat' dir='ltr'><strong>ardi-</strong></span> 
     </span>
    </p>
   </div>
   <div class='ocr_carea' id='block_1_111' title="bbox 2092 5061 3662 5133">
    <p class='ocr_par' dir='ltr' id='par_1_111' title="bbox 2092 5061 3662 5133">
     <span class='ocr_line' id='line_1_111' title="bbox 2092 5061 3662 5133; baseline -0.008 -9"><span class='ocrx_word' id='word_1_806' title='bbox 2092 5070 2317 5126; x_wconf 84' lang='lat' dir='ltr'><strong>licantes</strong></span> <span class='ocrx_word' id='word_1_807' title='bbox 2346 5066 2570 5122; x_wconf 68' lang='lat' dir='ltr'><strong>Graecos</strong></span> <span class='ocrx_word' id='word_1_808' title='bbox 2595 5061 2876 5133; x_wconf 83' lang='lat' dir='ltr'><strong>diripiunt,</strong></span> <span class='ocrx_word' id='word_1_809' title='bbox 2899 5061 3132 5131; x_wconf 88' lang='lat' dir='ltr'><strong>etquasi</strong></span> <span class='ocrx_word' id='word_1_810' title='bbox 3187 5076 3322 5116; x_wconf 87' lang='lat' dir='ltr'><strong>auro</strong></span> <span class='ocrx_word' id='word_1_811' title='bbox 3365 5073 3550 5116; x_wconf 88' lang='lat' dir='ltr'><strong>eorum</strong></span> <span class='ocrx_word' id='word_1_812' title='bbox 3605 5065 3662 5113; x_wconf 86' lang='lat' dir='ltr'><strong>et</strong></span> 
     </span>
    </p>
   </div>
   <div class='ocr_carea' id='block_1_112' title="bbox 2090 5149 3662 5234">
    <p class='ocr_par' dir='ltr' id='par_1_112' title="bbox 2090 5149 3662 5234">
     <span class='ocr_line' id='line_1_112' title="bbox 2090 5149 3662 5234; baseline -0.01 -16"><span class='ocrx_word' id='word_1_813' title='bbox 2090 5172 2314 5234; x_wconf 81' lang='lat' dir='ltr'><strong>argento</strong></span> <span class='ocrx_word' id='word_1_814' title='bbox 2337 5157 2643 5227; x_wconf 70' lang='lat' dir='ltr'><strong>aequissime</strong></span> <span class='ocrx_word' id='word_1_815' title='bbox 2667 5155 2960 5220; x_wconf 88' lang='lat' dir='ltr'><strong>ditescunt,</strong></span> <span class='ocrx_word' id='word_1_816' title='bbox 2995 5152 3197 5208; x_wconf 80' lang='lat' dir='ltr'><strong>faciunt</strong></span> <span class='ocrx_word' id='word_1_817' title='bbox 3221 5167 3282 5206; x_wconf 88' lang='lat' dir='ltr'><strong>ea</strong></span> <span class='ocrx_word' id='word_1_818' title='bbox 3359 5149 3662 5221; x_wconf 84' lang='lat' dir='ltr'><strong>possessio-</strong></span> 
     </span>
    </p>
   </div>
   <div class='ocr_carea' id='block_1_113' title="bbox 2079 5243 3662 5320">
    <p class='ocr_par' dir='ltr' id='par_1_113' title="bbox 2079 5243 3662 5320">
     <span class='ocr_line' id='line_1_113' title="bbox 2079 5243 3662 5320; baseline -0.008 -10"><span class='ocrx_word' id='word_1_819' title='bbox 2079 5269 2202 5311; x_wconf 88' lang='lat' dir='ltr'><strong>nem</strong></span> <span class='ocrx_word' id='word_1_820' title='bbox 2239 5251 2559 5314; x_wconf 86' lang='lat' dir='ltr'><strong>Domiuo,ad</strong></span> <span class='ocrx_word' id='word_1_821' title='bbox 2580 5248 2807 5320; x_wconf 79' lang='lat' dir='ltr'><strong>gloriam</strong></span> <span class='ocrx_word' id='word_1_822' title='bbox 2831 5246 2949 5314; x_wconf 79' lang='lat' dir='ltr'><strong>ejus</strong></span> <span class='ocrx_word' id='word_1_823' title='bbox 2971 5245 3272 5315; x_wconf 82' lang='lat' dir='ltr'><strong>spectantis</strong></span> <span class='ocrx_word' id='word_1_824' title='bbox 3299 5243 3418 5297; x_wconf 85' lang='lat' dir='ltr'><strong>aliis</strong></span> <span class='ocrx_word' id='word_1_825' title='bbox 3437 5243 3662 5312; x_wconf 73' lang='lat' dir='ltr'><strong>loqucn~</strong></span> 
     </span>
    </p>
   </div>
   <div class='ocr_carea' id='block_1_114' title="bbox 2081 5340 3660 5413">
    <p class='ocr_par' dir='ltr' id='par_1_114' title="bbox 2081 5340 3660 5413">
     <span class='ocr_line' id='line_1_114' title="bbox 2081 5340 3660 5413; baseline -0.008 -10"><span class='ocrx_word' id='word_1_826' title='bbox 2081 5358 2180 5412; x_wconf 90' lang='lat' dir='ltr'><strong>tcs,</strong></span> <span class='ocrx_word' id='word_1_827' title='bbox 2206 5355 2258 5402; x_wconf 88' lang='lat' dir='ltr'><strong>et</strong></span> <span class='ocrx_word' id='word_1_828' title='bbox 2315 5345 2527 5400; x_wconf 90' lang='lat' dir='ltr'><strong>illorum</strong></span> <span class='ocrx_word' id='word_1_829' title='bbox 2559 5344 2771 5413; x_wconf 88' lang='lat' dir='ltr'><strong>quidem</strong></span> <span class='ocrx_word' id='word_1_830' title='bbox 2813 5340 3163 5395; x_wconf 86' lang='lat' dir='ltr'><strong>munitionem</strong></span> <span class='ocrx_word' id='word_1_831' title='bbox 3214 5344 3540 5401; x_wconf 75' lang='lat' dir='ltr'><strong>evertentcs,</strong></span> <span class='ocrx_word' id='word_1_832' title='bbox 3605 5348 3660 5394; x_wconf 86' lang='lat' dir='ltr'><strong>ct</strong></span> 
     </span>
    </p>
   </div>
   <div class='ocr_carea' id='block_1_115' title="bbox 2078 5427 3658 5506">
    <p class='ocr_par' dir='ltr' id='par_1_115' title="bbox 2078 5427 3658 5506">
     <span class='ocr_line' id='line_1_115' title="bbox 2078 5427 3658 5506; baseline -0.004 -18"><span class='ocrx_word' id='word_1_833' title='bbox 2078 5450 2198 5506; x_wconf 66' lang='lat' dir='ltr'><strong>quae</strong></span> <span class='ocrx_word' id='word_1_834' title='bbox 2227 5433 2797 5503; x_wconf 83' lang='lat' dir='ltr'><strong>intelligitursanctam</strong></span> <span class='ocrx_word' id='word_1_835' title='bbox 2828 5429 3121 5492; x_wconf 75' lang='lat' dir='ltr'><strong>civitatem,</strong></span> <span class='ocrx_word' id='word_1_836' title='bbox 3141 5441 3334 5496; x_wconf 89' lang='lat' dir='ltr'><strong>nempe</strong></span> <span class='ocrx_word' id='word_1_837' title='bbox 3359 5427 3658 5486; x_wconf 60' lang='lat' dir='ltr'><strong>Ecclesium</strong></span> 
     </span>
    </p>
   </div>
   <div class='ocr_carea' id='block_1_116' title="bbox 2079 5527 2427 5583">
    <p class='ocr_par' dir='ltr' id='par_1_116' title="bbox 2079 5527 2427 5583">
     <span class='ocr_line' id='line_1_116' title="bbox 2079 5527 2427 5583; baseline -0.014 0"><span class='ocrx_word' id='word_1_838' title='bbox 2079 5527 2427 5583; x_wconf 68' lang='lat' dir='ltr'><strong>aedificantes.</strong></span> 
     </span>
    </p>
   </div>
  </div>
