4092 6202
394 260 500 319 159

1428 249 1484 302 S.
1526 246 1800 302 CHULLI
1837 242 2306 297 ALLKANDRIM
2344 242 2663 296 ABClllEl’.

3554 242 3658 291 1H)

395 371 553 436 θεοῦ,
588 369 653 423 τὰ
699 369 778 431 εἰς
808 364 965 429 δόξαν
1001 363 1167 419 αὐτοῦ
1202 361 1489 425 λαλοῦντες
1524 359 1750 429 ἑτέροις,
1785 358 1879 413 καὶ
1908 358 1974 412 τὰ
2016 360 2113 430 μὲν
2168 358 2390 412 ἐκείνων
2412 357 2745 429 ὀχυρώματα
2797 352 3284 425 καταστρέφοντες,
3311 348 3657 422 οἰκοδομοῦν-

393 482 483 528 τες
517 463 574 517 δὲ
604 460 810 531 νοητῶς
854 458 949 528 τὴν
998 457 1160 524 ἁγίαν
1209 456 1386 522 πόλιν,
1429 453 1678 507 τουτέστι
1715 453 1815 522 τὴν
1855 452 2205 523 Ἐκκλησίαν.

465 554 628 608 Vens.
664 552 717 617 5,
748 551 800 605 6.
839 548 1043 603 Videbit
1099 546 1347 611 Asealou,
1383 555 1429 600 et
1460 547 1694 600 timebit:
1721 555 1769 599 et
1803 544 1972 609 Gaza,
2006 552 2051 611 Α

388 658 433 698 οι
463 642 655 698 dolebit
692 641 885 707 nimis;
906 650 954 695 et
979 640 1239 704 Arcaron,
1269 640 1392 709 quia
1414 639 1633 707 confusa
1682 647 1757 693 est
1786 655 1818 691 a
1881 654 1968 705 spe

386 754 504 791 sua.
532 734 597 787 Et
622 734 807 803 peribit
832 749 922 786 rex
954 734 1017 785 de
1043 729 1209 796 Gaza,
1230 741 1276 784 et
1302 730 1526 783 Ascalon
1559 745 1659 783 non
1704 729 1968 783 habitabi-

386 836 491 875 tur.
525 819 589 873 Et
618 820 924 889 alienigena:
952 820 1262 874 habitabunt
1284 819 1338 873 in
1376 819 1567 886 Azoto,
1604 827 1653 874 et
1698 819 1968 873 destruant

386 914 684 983 superbiam
717 913 1157 983 alienigenarum.

457 1094 591 1150 LIV.
626 1093 796 1159 Bello,
826 1101 881 1146 et
910 1091 1116 1162 proeliis
1134 1089 1407 1160 regionem
1473 1088 1881 1155 invadentibus,
1910 1088 1972 1141 ti-

392 1188 666 1243 dentiores
690 1195 745 1240 et
768 1185 909 1240 bona
938 1198 1033 1252 spe
1062 1183 1363 1237 erectiores
1394 1190 1525 1237 sunt
1556 1180 1849 1250 aliquando
1876 1195 1967 1233 ur-

391 1282 487 1336 bes
514 1280 650 1349 ejus.
681 1278 924 1333 Credunt
950 1276 1092 1330 enim
1124 1276 1191 1330 de
1221 1274 1471 1330 hostibus
1504 1286 1596 1329 aut
1624 1273 1975 1329 multitudine

389 1373 765 1436 incolentium,
794 1380 890 1424 aut
923 1369 1185 1424 tirmitate
1208 1368 1493 1434 tnmnium,
1538 1375 1592 1421 et
1614 1365 1843 1421 scientia
1874 1365 1975 1418 mi-

389 1463 533 1520 litari
557 1463 842 1519 victoriam
880 1460 1164 1515 relaturos.
1203 1460 1355 1526 Quod
1380 1459 1425 1513 si
1456 1459 1721 1528 quaepiam
1756 1457 1821 1511 de
1844 1455 1976 1524 ipsis

390 1557 660 1627 capiatur,
687 1571 808 1625 quae
842 1552 1218 1623 potentissima
1246 1553 1351 1605 dici
1382 1560 1618 1620 poterat,
1668 1560 1793 1603 tunc
1822 1562 1974 1614 sane,

389 1659 518 1701 tunc
541 1647 792 1715 quaelibet
826 1643 1011 1699 timori
1031 1644 1357 1708 succumbit,
1384 1652 1436 1697 et
1463 1657 1614 1711 spem
1654 1642 1858 1710 abiicit,
1895 1640 1975 1694 el-

387 1735 649 1805 fugiendi,
675 1735 975 1804 inquam,et
995 1745 1051 1787 ut
1075 1742 1348 1804 prostrata
1365 1734 1475 1803 jam
1502 1733 1848 1789 latnentalur.
1870 1732 1975 1787 Ca-

389 1836 479 1897 pta
514 1827 676 1896 igitur
702 1827 836 1880 adeo
871 1826 1185 1895 conspicua,
1211 1832 1264 1879 et
1286 1825 1641 1890 validissima,
1667 1833 1723 1878 et
1777 1824 1979 1879 divitiis

2154 546 2404 614 Ὄψεται
2442 540 2765 603 Ἀσκάλων,
2800 539 2897 593 καὶ
2936 536 3342 607 φοϐηθήσεται
3363 551 3377 565 ·
3410 534 3507 588 καὶ
3536 533 3656 589 Γά-

2073 636 2158 703 ζα,
2203 634 2305 688 καὶ
2350 632 2789 700 ὀδυνηθήσεται
2837 627 3106 697 σφόδρα*
3165 627 3263 680 καὶ
3328 623 3656 691 Ἀκκαρὼν,

2071 727 2161 781 ὅτι
2194 726 2471 793 ᾐσχύνθη
2514 724 2632 778 ἀπὸ
2680 720 2790 789 τῆς
2831 718 3079 783 ἐλπίδος
3125 715 3334 783 αὐτῆς.
3366 715 3475 770 Kal
3507 716 3657 769 ἀπο-

2072 818 2262 873 λεῖται
2302 814 2603 881 βασιλεὺς
2647 814 2714 867 ἐκ
2748 810 2960 879 Γάζης,
2988 809 3087 862 καὶ
3134 807 3443 861 Ἀσκάλων
3475 808 3547 860 οὺ
3570 807 3659 875 μὴ

2071 908 2418 977 κατοικηθῇ.
2482 907 2594 961 Καὶ
2657 903 3130 970 κατοικήσουσιν
3184 900 3536 970 ἀλλογενεῖς
3592 898 3662 951 ἐν

2085 1000 2325 1067 Ἀζώτῳ,
2361 1000 2459 1054 καὶ
2493 997 2725 1053 καθελῶ
2756 998 2928 1065 ὓϐριν
2955 994 3346 1063 ἀλλοφύλων.

2144 1094 2269 1146 ΝΔ’.
2311 1095 2439 1145 Ὅτε
2483 1090 2721 1161 πολέμου
2771 1089 2866 1142 καὶ
2928 1087 3107 1159 μάχης
3161 1085 3367 1157 ἐμϐολὴ
3430 1083 3660 1138 κατανέ-

2079 1202 2239 1256 μεται
2263 1184 2469 1255 χώραν,
2497 1182 2925 1255 εὐθαρσέστεραί
2955 1182 3070 1245 πώς
3100 1181 3224 1243 εἰσι,
3251 1178 3343 1231 καὶ
3368 1178 3425 1229 ὲν
3449 1175 3659 1228 ἐλπίσιν

2078 1276 2187 1329 ἔσθ’
2220 1277 2307 1329 ὅτε
2338 1277 2620 1347 χρησταῖς,
2648 1276 2703 1327 αἱ
2725 1275 2844 1327 κατ’
2868 1272 3034 1343 αὐτὴν
3067 1270 3267 1332 πόλεις.
3287 1268 3507 1321 Οἴονται
3528 1266 3657 1338 γὰρ,

2075 1367 2156 1420 ὅτι
2186 1366 2529 1438 περιέσονται
2563 1366 2670 1418 τῶν
2698 1364 2908 1435 ἐχθρῶν
2957 1364 2990 1434 ἢ
3035 1361 3114 1432 τῷ
3162 1360 3354 1431 πλήθει
3383 1359 3490 1412 τῶν
3524 1360 3661 1411 suc:-

2076 1458 2315 1513 κούντων
2364 1458 2579 1521 αὐταῖς,
2613 1457 2646 1528 ἢ
2702 1457 2899 1525 τειχῶν
2942 1455 3252 1526 ὀχυρότητι,
3281 1452 3375 1504 καὶ
3406 1452 3525 1511 ταῖς
3554 1448 3661 1500 τῶν

2076 1550 2347 1603 τακτικῶν
2396 1550 2743 1619 ἐπιστήμαις.
2779 1549 2841 1600 El
2895 1547 2951 1599 δὲ
2995 1545 3059 1617 δὴ
3108 1545 3317 1613 γένοιτο
3365 1543 3472 1595 τῶν
3511 1539 3663 1612 παρά

2080 1660 2263 1711 σφισιν
2312 1641 2516 1695 ἁλῶναι
2564 1641 2714 1711 μίαν,
2755 1642 2898 1710 ἤπερ
2934 1637 2997 1693 ἂν
3028 1638 3239 1705 λέγοιτο
3284 1634 3659 1703 δυνατωτάτη,

2078 1733 2199 1786 τότε
2224 1733 2308 1803 δὴ,
2339 1734 2459 1786 τότε
2488 1735 2637 1786 πᾶσα
2664 1733 2759 1802 μὲν
2789 1731 3005 1797 ὀκλάζει
3030 1730 3165 1801 πρὸς
3188 1729 3324 1793 δέος,
3348 1726 3663 1780 ἀποσείεται

2079 1825 2135 1879 δὲ
2167 1826 2264 1896 τὴν
2296 1826 2504 1891 ἐλπίδα,
2544 1826 2643 1896 τὴν
2691 1824 2784 1877 τοῦ
2836 1826 3025 1893 φυγεῖν
3074 1821 3332 1875 δύνασθαι
3371 1820 3532 1890 φημὶ,
3570 1818 3664 1871 καὶ

390 1918 590 1974 referta
620 1937 633 1973 :
668 1937 685 1969 ι
722 1917 1192 1986 Timebit,inquit,
1214 1916 1468 1981 Ascalon,
1493 1926 1549 1970 et
1571 1916 1717 1970 Gaza
1753 1914 1974 1982 dolebit,

2078 1922 2153 1981 Lb;
2180 1917 2417 1971 πεσοῦσα
2454 1919 2657 1990 θρηνεῖ.
2675 1918 2936 1987 Ἀλούσης
2960 1916 3023 1987 δὴ
3050 1911 3143 1969 οὖν
3168 1915 3266 1985 τῆς
3290 1912 3430 1965 οὓτω
3463 1912 3663 1978 διαφα-

392 2022 556 2081 atque
586 2012 750 2066 etiam
777 2011 1043 2067 Accaron.
1080 2031 1098 2063 ι
1157 2010 1339 2067 Urbes
1362 2018 1489 2063 sunt
1541 2007 1971 2063 Palaestinorum.

393 2103 603 2157 Dolebit
627 2109 827 2165 autem,
860 2118 878 2151 ι
911 2102 1036 2170 quia
1065 2102 1289 2157 contusa
1330 2111 1416 2155 est
1446 2115 1474 2154 a
1510 2115 1607 2169 spe
1644 2114 1763 2155 sua.
1804 2118 1822 2151 ι
1871 2098 1978 2153 Pu-

395 2196 579 2248 tabant
605 2195 747 2249 enim
784 2194 1071 2263 Tyriorum
1102 2196 1246 2249 vires
1283 2194 1385 2248 sibi
1433 2208 1648 2263 quoque
1713 2194 1780 2247 ad
1823 2193 1977 2246 auxi-

394 2284 519 2335 littm
541 2282 674 2337 satis
691 2281 828 2335 fore.
863 2283 969 2336 Sed
1002 2291 1283 2351 postquam
1319 2297 1535 2337 eversos
1581 2282 1853 2345 viderunt,
1910 2284 1976 2337 de

391 2390 485 2443 Spe
513 2374 850 2429 deciderunt.
876 2373 942 2427 Et
965 2373 1127 2429 Gaza:
1149 2375 1368 2443 quidem
1406 2375 1655 2444 princeps
1687 2385 1977 2431 evanescet

395 2465 1171 2535 inquit,utpotedispcrditus.
1223 2465 1554 2521 llabitabunt
1600 2475 1779 2521 autem
1840 2466 1974 2522 alie-

393 2558 600 2627 nigenae
640 2558 691 2610 in
726 2557 921 2621 Azoto,‘
970 2556 1110 2614 bello
1157 2561 1517 2628 consumptis,
1568 2568 1627 2613 ut
1685 2570 1974 2615 consenta-

393 2664 553 2704 neum
586 2660 668 2705 est
705 2651 989 2722 indigenis.
1018 2652 1181 2706 Addit
1217 2652 1325 2717 his,
1357 2670 1375 2703 ι
1413 2651 1696 2707 Destruam
1722 2652 1976 2722 alienige-

398 2758 517 2807 nas,
556 2761 573 2794 ι
606 2743 721 2796 sive
750 2742 1082 2809 Palaestinos,
1120 2759 1275 2813 quos,
1307 2753 1361 2797 ut
1384 2744 1682 2809 consuevit,
1728 2743 1977 2814 alienige-

394 2848 491 2887 nas
518 2834 765 2903 appellat.
801 2834 1040 2900 Possint,
1107 2835 1153 2889 si
1206 2835 1289 2889 cui
1342 2834 1594 2904 placebit,
1638 2843 1694 2889 et
1719 2836 1785 2889 ad
1839 2834 1974 2889 alias

392 2934 582 2994 gentes
612 2941 730 2994 quae
759 2937 1021 2982 vexarunt
1054 2925 1328 2992 lsraelem,
1369 2926 1485 2980 haec
1510 2925 1671 2979 verba
1712 2924 1974 2980 transfer-

394 3015 464 3081 ri,
487 3015 647 3086 733
677 3017 939 3081 confines,
960 3026 1013 3071 et
1061 3015 1367 3071 Judmorum
1414 3016 1634 3070 vicinas.
1704 3011 1971 3071 Cmterum

321 3162 325 3165 .
393 3109 508 3163 haec
539 3107 742 3162 anobis
774 3108 969 3160 iterum
1016 3115 1073 3161 ut
1104 3106 1296 3161 littera:
1363 3106 1769 3163 accommodata
1830 3107 1971 3162 dicta

393 3208 571 3256 sunto.

2080 2010 2233 2074 νοῦς,
2273 2010 2793 2081 κα“ιάλκιμωτάτης,
2835 2010 2928 2061 καὶ
2959 2007 3173 2077 πλούτῳ
3214 2004 3493 2083 κομὼσης,
3520 2022 3536 2053 ι
3565 2002 3664 2053 (1‘0-

2078 2101 2375 2171 ϐηϐήσεται
2417 2101 2535 2171 μὲν,
2567 2102 2751 2171 φησὶν,
2794 2102 2827 2171 ἡ
2874 2097 3173 2161 Ἀσκάλων,
3206 2095 3298 2147 καὶ
3322 2091 3662 2161 ὼδυνηῡήσε-

2075 2213 2165 2248 ται
2192 2195 2357 2259 Γάζα,
2390 2196 2485 2248 καὶ
2518 2196 2626 2264 μὴν
2662 2196 2754 2248 καὶ
2795 2190 3097 2263 Ἀκκαρών.
3133 2209 3151 2240 ι
3189 2189 3379 2249 Πόλεις
3413 2185 3468 2238 δὲ
3501 2181 3662 2237 αἰται

2077 2286 2182 2338 τῶν
2232 2284 3067 2354 Παλαιστινῶν.Ὀδυνηθήσεται
3116 2281 3193 2344 δὲ,
3248 2298 3266 2331 ι
3297 2279 3377 2330 ὅτι
3416 2275 3662 2347 ᾐσχύνθη

2077 2378 2183 2431 ἀπὸ
2235 2381 2331 2449 τῆς
2366 2377 2600 2441 ,ἐλπίδος
2644 2379 2833 2448 αὐτῆς.
2872 2397 2890 2428 ι
2924 2378 3115 2447 ᾫοντο
3156 2373 3254 2445 μὲν
3292 2372 3421 2442 γὰρ,
3457 2370 3538 2422 ὅτι
3569 2367 3664 2420 καὶ

2076 2469 2266 2531 αὐταῖς
2318 2470 2528 2537 ἰσχύσει
2578 2468 2713 2539 πρὸς
2759 2466 3078 2538 ἐπικουρίαν
3140 2466 3172 2535 ἡ
3223 2463 3434 2535 Τυρίων
3488 2460 3658 2529 ἰσχύς.

2088 2561 2304 2631 Ἐπειδὴ
2345 2560 2402 2613 δὲ
2454 2562 2712 2631 κειμένην
2762 2560 3089 2623 τεΟέανται,
3145 2557 3315 2627 ταύτῃ
3364 2572 3447 2608 τοι
3477 2553 3662 2607 λοιπὸν

2076 2654 2493 2724 ἁπωλισθηκασι
2533 2653 2633 2722 τῆς
2674 2653 2908 2715 ἐλπίδος.
2936 2654 3060 2713 ,Καὶ
3096 2652 3123 2702 ὁ
3165 2650 3260 2720 μὲν
3294 2648 3471 2718 Γάζης
3502 2646 3662 2717 ἡγού-

2080 2762 2237 2815 μενος
2282 2745 2584 2815 οἰχήσεται,
2619 2745 2805 2815 φησὶν,
2838 2740 3133 2806 ἀπολωλὼς
3175 2740 3436 2810 δηλονότι.
3474 2742 3663 2793 Κατοι·

2078 2839 2308 2907 κήσουσι
2354 2838 2411 2890 δὲ
2457 2837 2763 2905 ἀλλογενεῖς
2811 2836 2867 2888 ἐν
2907 2836 3151 2905 Ἀζώτῳ,
3180 2833 3657 2903 δεδαπανημένων,

2076 2929 2216 2983 κατὰ
2242 2931 2302 2982 τὸ
2336 2930 2504 2992 εἰκὸς,
2539 2929 2615 2999 τῷ
2646 2928 2868 2999 πολέμῳ
2910 2928 3019 2981 τῶν
3050 2927 3371 2995 αὐθιγενῶν.
3390 2924 3661 2991 Ἐπιλέγει

2074 3020 2129 3074 δὲ
2181 3020 2412 3084 τούτοις,
2455 3021 2537 3075 ὅτι
2591 3021 2868 3074 σΚαΘελῶ
2918 3020 3044 3084 τοὺς
3094 3018 3442 3087 ἀλλοφύλους,
3476 3036 3493 3066 ι
3543 3017 3660 3086 ἦτοι

2071 3112 2200 3176 τοὺς
2249 3112 2661 3178 Παλαιστινοὺς,
2696 3112 2791 3176 οὒς
2825 3112 3080 3183 ὀνομάζει
3134 3110 3574 3181 συνήθωςέῐηικοι
3603 3107 3662 3161 δ’

2075 3204 2162 3270 ἂν,
2195 3204 2247 3257 εἴ
2287 3204 2351 3273 γέ
2390 3222 2467 3275 τῳ
2510 3205 2676 3271 δοκεῖ,
2708 3206 2801 3258 καὶ
2846 3205 2967 3258 καθ’
3000 3206 3203 3275 ἐτέρων
3246 3202 3417 3256 ἐθνῶν
3452 3202 3480 3254 ὁ
3504 3200 3660 3267 λόγος

391 3290 500 3344 τῶν
521 3291 858 3361 ἠδικηκότων
884 3290 974 3345 τὸν
1004 3291 1244 3361 Ἰσραὴλ,
1272 3292 1321 3344 οἳ
1356 3292 1449 3345 καὶ
1475 3287 1613 3363 ἦσαν
1643 3292 1853 3363 ὅμοροι,
1914 3294 2011 3347 καὶ
2047 3296 2147 3367 τῆς
2194 3297 2463 3352 Ἰουδαίων
2516 3298 2774 3367 γείτονες.
2830 3297 2995 3353 Ἀλλὰ
3042 3297 3199 3351 ταυτὶ
3249 3296 3349 3366 μὲν
3400 3297 3550 3365 ἡμῖν,
3582 3292 3658 3357 ὡς

392 3384 528 3455 πρός
558 3401 620 3453 γε
649 3386 741 3439 τὸν
768 3387 824 3439 ὲν
863 3385 1156 3456 γράμμασι
1186 3386 1363 3455 λόγον,
1395 3387 1678 3459 εἰρήσεται
1715 3387 1898 3441 πάλιν.

464 3477 755 3534 Sciendum
793 3489 994 3545 autem,
1022 3488 1080 3533 ut
1117 3480 1251 3545 dixi,
1281 3494 1666 3549 nonnunquam
1719 3480 1961 3536 Ecclesia

2139 3478 2352 3532 Εἰδέναι
2403 3478 2459 3532 δὲ
2504 3479 2823 3547 ἀναγκαῖον,
2855 3480 2936 3533 δτι
2982 3478 3341 3547 διωκομένης,
3376 3477 3449 3540 ὡς
3498 3475 3657 3548 ἔφην,

393 3572 824 3640 persecutionem
853 3572 1113 3641 patiente,
1154 3570 1335 3625 invadi
1366 3585 1484 3626 eam
1511 3570 1865 3637 borribiliter,
1921 3580 1970 3624 et

393 3662 610 3717 irrideri
645 3663 713 3716 ab
740 3662 1003 3725 hostibus,
1043 3662 1404 3717 clamantibus
1460 3661 1619 3729 forte,
1669 3663 1835 3734 Euge,
1877 3677 1973 3718 en-

393 3767 479 3821 κε,
536 3762 594 3807 ut
649 3753 910 3822 scriptum
959 3762 1043 3807 est
1091 3753 1161 3805 ⁷⁸.
1226 3751 1605 3808 Verumtamen
1652 3767 1974 3809 succurrens

394 3844 662 3908 Christus,
695 3857 908 3899 omnem
940 3856 1127 3898 eorum
1154 3841 1445 3912 potentiam
1479 3842 1801 3912 confringet,
1836 3852 1972 3898 tem-

393 3937 541 4008 plum
578 3951 735 3991 suum
766 3936 1034 4000 excitans,
1084 3942 1139 3989 et
1198 3932 1607 3989 insidiatoribus
1650 3934 1972 3989 iratissimus

394 4028 968 4100 suppliciaimponens,
995 4034 1049 4080 et
1071 4039 1169 4080 ceu
1195 4023 1455 4094 quasdam
1487 4025 1668 4091 urbes,
1702 4025 1970 4079 haeresqu

393 4134 719 4192 synagogas,
750 4114 1478 4186 etinsuperidololatrarum
1532 4130 1721 4187 greges
1780 4114 1972 4184 impios

396 4208 562 4265 humo
592 4207 852 4277 atlligens.

470 4299 631 4355 Vsus.
690 4298 741 4352 7.
781 4298 846 4353 Et
874 4299 1116 4369 auferam
1178 4298 1486 4369 sanguinem
1545 4313 1725 4353 eorum
1782 4299 1845 4354 de
1884 4315 1971 4355 ore

392 4394 628 4459 illorum,
659 4400 709 4445 et
753 4392 1172 4446 abominationes
1198 4406 1379 4445 eorum
1432 4390 1496 4444 de
1528 4391 1699 4444 medio
1735 4390 1970 4444 dentium

392 4500 594 4539 eorum.
667 4481 735 4536 Et
795 4482 1151 4550 relinquentur
1210 4490 1257 4535 et
1309 4481 1399 4534 isti
1465 4477 1574 4534 Deo
1643 4490 1817 4534 nostro
1848 4518 1865 4544 ,
1919 4490 1969 4535 et

391 4586 545 4631 erunt
578 4584 631 4630 ut
691 4574 929 4628 tribunus
960 4576 1015 4627 in
1058 4571 1223 4638 Juda,
1250 4581 1297 4625 et
1328 4572 1564 4625 Accaron
1625 4571 1758 4633 sicut
1808 4570 1968 4626 Jebuo

394 4681 554 4718 δωκε.

458 4752 576 4807 LV.
605 4752 780 4805 Etiam
822 4752 911 4806 isti
943 4742 1198 4805 lsraelem
1224 4752 1571 4816 devorarunt,
1596 4761 1653 4807 et
1692 4752 1865 4809 instar
1891 4751 1970 4808 fe-

2078 3568 2187 3622 ἔσϐ’
2222 3570 2310 3622 ὅτε
2360 3570 2459 3640 τῆς
2495 3569 2842 3641 Ἐκκλησίας,
2875 3568 3297 3638 συνεπιφύονταί
3342 3586 3401 3622 τε
3446 3568 3655 3633 δεινῶς,

2076 3662 2170 3715 καὶ
2222 3662 2593 3732 ὲπιμειδιῶσιν
2626 3664 2675 3715 oi
2704 3662 2923 3733 ἐχθροὶ,
2955 3663 3095 3732 τάχα
3145 3678 3248 3714 που
3296 3661 3543 3731 λέγοντες
3572 3662 3653 3727 τὸ,

2077 3750 2239 3823 Εὖγε,
2270 3752 2418 3823 εὖγε,
2461 3756 2601 3808 κατὰ
2644 3755 2703 3809 τὸ
2748 3754 3152 3825 γεγραμμένον.
3191 3753 3336 3825 Πλὴν
3387 3753 3657 3822 ἑπαμύνει

2075 3847 2329 3916 Χριστὸς,
2354 3847 2447 3901 καὶ
2474 3848 2691 3900 ἃπασαν
2725 3846 2823 3917 μὲν
2851 3846 3028 3900 αὐτῶν
3052 3846 3377 3917 συνθραύσει
3402 3845 3654 3914 δύναμιν,

2074 3936 2164 3989 τὸν
2214 3935 2340 3989 ἴδιον
2370 3936 2599 4007 ἐγείρων
2628 3936 2774 4000 ναὸν,
2802 3937 3075 4009 ἐπιφέρων
3109 3936 3166 3990 δὲ
3192 3939 3304 4001 τοῖς
3336 3935 3653 3990 ἐπιϐουλεύ-

2074 4043 2194 4080 ουσι
2226 4026 2293 4079 τὰ
2338 4027 2396 4092 ἐξ
2444 4028 2683 4099 ἀκράτου
2724 4028 2917 4099 Θυμοῦ,
2947 4030 3039 4083 καὶ
3067 4028 3254 4100 ὥσπερ
3285 4029 3434 4091 τινὰς
3469 4028 3654 4092 πόλεις

2072 4116 2173 4180 τὰς
2214 4116 2322 4171 τῶν
2354 4120 2618 4188 αἱρέσεων
2653 4121 2959 4175 κατασείων
3000 4122 3341 4191 συναγωγὰς,
3369 4122 3464 4175 καὶ
3515 4122 3651 4192 πρὸς

2074 4208 2299 4272 ταύταις
2325 4211 2404 4263 ἔτι
2436 4210 2503 4264 τὰ
2532 4210 2929 4283 εἱδωλολατρῶν
2961 4212 3149 4267 ἀνόσια
3185 4213 3370 4283 στίφη.

2141 4305 2249 4360 Kal
2279 4303 2469 4373 ἐξαρῶ
2494 4305 2561 4359 τὸ
2601 4301 2745 4376 αἷμα
2779 4305 2977 4359 αὐτῶν
3007 4302 3075 4360 ἐκ
3114 4307 3411 4375 στόματος
3434 4305 3653 4370 αὐτῶν,

2072 4398 2170 4451 καὶ
2195 4397 2265 4450 τὰ
2292 4397 2680 4468 ,βδελύγματα
2709 4398 2909 4453 αὐτῶν
2934 4400 3003 4453 ἐκ
3024 4399 3220 4468 μέσου
3259 4399 3521 4453 ὀδόντων
3547 4403 3651 4454 αὑ-

2070 4488 2210 4544 τῶν.
2269 4489 2379 4543 Kal
2430 4490 2977 4558 ὑπολειφθήσονται
3027 4490 3127 4543 καὶ
3178 4486 3341 4546 οὗτοι
3392 4489 3473 4556 τῷ
3534 4489 3654 4556 Θεῷ

2072 4577 2261 4646 ἡμῶν,
2297 4578 2397 4631 καὶ
2448 4580 2689 4633 ἔσονται
2743 4580 2823 4646 ὡς
2871 4580 3186 4651 χιλίαρχος
3212 4582 3282 4635 ἐν
3315 4581 3520 4645 Ἰούδα,
3556 4582 3654 4637 καὶ

2084 4668 2375 4738 Ἆκκαρὼν
2395 4670 2475 4735 ὡς
2519 4670 2894 4737 Ἰεϐουσαῖος.

2140 4759 2267 4812 NE’.
2301 4760 2709 4830 Κατεδηδόκασι
2736 4762 2834 4833 μὲν
2860 4765 2953 4817 καὶ
2996 4758 3143 4819 οὗτοι
3170 4765 3260 4819 τὸν
3294 4764 3534 4835 Ἰσραὴλ,
3560 4764 3652 4817 καὶ

399 4858 576 4899 rarum
604 4857 699 4897 ora
733 4843 888 4912 quasi
923 4840 1184 4909 sanguine
1212 4841 1417 4911 polluta
1451 4841 1776 4897 habuerunt.
1831 4843 1967 4909 Quia

2075 4842 2159 4905 οἷά
2184 4867 2329 4915 τινες
2352 4828 2517 4923 Θῆρες
2577 4828 2862 4925 μονονουχὶ
2918 4856 3013 4910 καὶ
3060 4858 3252 4927 αἵματι
3303 4828 3654 4927 πειρυρμένον

398 4950 528 4990 vero
576 4932 892 4998 idololatriae,
952 4942 1007 4987 et
1062 4932 1539 5002 supersutionibus
1602 4933 1766 4989 dediti
1792 4946 1969 5003 erant,

394 5027 784 5101 propemodum
821 5039 1035 5095 semper
1055 5024 1111 5079 in
1169 5024 1370 5093 lingua,
1425 5026 1542 5083 sive
1613 5028 1668 5082 in
1721 5028 1971 5085 dentibus

396 5136 618 5176 suarum
653 5116 1117 5173 abominationum
1149 5115 1553 5185 implorationes
1582 5117 1973 5185 ferebant,ubi-

395 5227 502 5281 que
530 5224 743 5266 sursum
771 5219 828 5265 et
887 5208 1139 5264 deorsum
1181 5208 1324 5279 quod
1383 5210 1601 5275 dicitur,
1666 5210 1971 5266 manufacla

395 5304 527 5357 deos
565 5303 887 5367 vocitantes,
917 5309 973 5355 et
1000 5299 1269 5370 lapidibus
1299 5314 1463 5355 sensu
1497 5301 1816 5358 vacantibus
1884 5302 1969 5356 di-

397 5400 580 5447 centes
607 5409 621 5446 :
648 5412 667 5444 c
698 5394 839 5448 Deus
878 5407 1029 5448 meus
1056 5407 1115 5448 es
1150 5402 1226 5457 tu,
1258 5398 1314 5446 et
1348 5402 1400 5445 tu
1456 5393 1686 5462 genuisti
1736 5407 1821 5448 me
1844 5392 1912 5446 ".
1950 5412 1967 5445 ι

397 5485 660 5559 Cat-terum
686 5499 807 5538 cum
838 5486 910 5539 ita
941 5484 1249 5540 immaniter
1303 5482 1560 5538 adversus
1602 5483 1851 5540 Israelctu
1916 5500 1975 5543 se

465 5656 511 5691 "
537 5655 677 5713 Psal.
710 5658 1023 5723 xxxrx,'16.
1103 5659 1149 5691 ⁷⁸
1184 5657 1385 5715 Jcrcm.
1433 5674 1491 5725 ιι,
1528 5658 1617 5712 9.7.

2076 4937 2223 5013 εἶχον
2247 4942 2309 4996 τὸ
2340 4942 2534 5014 στόμα.
2575 4944 2794 5016 Ἐπειδὴ
2820 4946 2877 4999 δὲ
2915 4943 3060 5018 ἦσαν
3092 4948 3506 5020 εἰδωλολάτραι,
3558 4948 3652 5000 καὶ

2076 5036 2195 5098 ταῖς
2228 5034 2337 5087 τῶν
2364 5026 2615 5106 ματαίων
2644 5037 2960 5109 θεραπείαις
2994 5042 3399 5111 προσκείμενοι,
3426 5037 3511 5091 ἀεί
3535 5053 3653 5100 πως

2070 5126 2164 5179 ἐπὶ
2198 5124 2476 5196 γλώττης,
2516 5128 2684 5198 ἤγουν
2731 5130 2821 5182 ἐπ’
2871 5131 3098 5184 ὀδόντων
3138 5126 3283 5199 εἶχον
3334 5129 3443 5183 τῶν
3508 5127 3652 5185 ἰδίων

2074 5218 2456 5289 βδελυγμάτων
2487 5221 2586 5285 τὰς
2614 5221 2859 5293 κλήσεις,
2892 5223 3005 5277 ἄνω
3045 5239 3104 5276 τε
3158 5222 3250 5276 καὶ
3304 5222 3459 5275 κάτω
3495 5219 3654 5284 Oscis;

2071 5308 2426 5379 ὀνομάζοντες
2447 5311 2517 5364 τὰ
2539 5311 2899 5383 χειρόκμητα,
2928 5312 3019 5366 καὶ
3051 5309 3219 5373 λίθοις
3253 5308 3482 5379 ἀψύχοις
3509 5304 3653 5361 κατὰ

2071 5396 2163 5450 τὸν
2189 5399 2475 5470 προφήτην
2503 5399 2750 5469 λέγοντες
2775 5417 2788 5431 ·
2851 5421 2868 5453 ι
2910 5400 3039 5463 Θεός
3099 5416 3199 5469 μου
3245 5394 3299 5452 εῐ
3340 5400 3427 5466 σὺ,
3459 5399 3554 5452 καὶ
3584 5398 3652 5452 σὺ

2074 5485 2368 5558 ἐγέννησας
2401 5505 2534 5559 με.»
2591 5488 2728 5545 Ἀλλ’
2782 5489 3090 5544 ἑκτετίκασι
3151 5488 3253 5561 μὲν
3310 5488 3415 5561 τὴν
3467 5489 3653 5550 αὐτοῖς
