4092 6202
450 272 548 331 ιιι

1232 266 1784 370 COIIMENThBiUS
1824 264 1893 331 IN
1933 267 2338 332 ZACHARIAM
2376 270 2823 333 PROPHETAM.

3617 283 3721 342 ιιει

444 389 833 465 προσήκουσάν
857 406 915 444 τε
947 387 1038 444 καὶ
1068 389 1399 462 ἀποχρῶσαν
1427 390 1602 463 δίκην,
1645 391 2029 465 πεπλημμελη·

2138 392 2454 461 gessissent,
2488 410 2625 466 quas
2651 395 2970 463 debuerunt,
3003 405 3056 453 et
3105 382 3363 468 quantum
3418 400 3553 458 satis
3617 403 3720 457 fuit

451 482 610 545 κότες
631 479 840 553 ἀγρίως
865 482 944 544 εἰς
969 479 1062 534 τδν
1089 478 1322 553 Ἰσραήλ.
1346 481 1495 554 Πλὴν
1524 483 1624 537 οὐκ
1650 484 1731 547 εἰς
1753 484 1900 539 ἀπαν
1922 483 2030 537 διο⁴

442 572 666 637 λώλασι,
697 571 1100 644 προαθροῦντος
1155 571 1293 626 Θεοῦ
1324 574 1425 644 τὴν
1458 574 1725 646 ἐσομένην
1756 573 1934 629 αὐτῶν
1964 576 2028 629 ὲκ

446 664 712 736 πόματος
742 662 942 728 αὐτῶν,
965 662 1040 735 (l)
1066 663 1365 730 τουτέστιν,
1387 665 1436 717 εί
1458 664 1555 717 καὶ
1576 659 1667 719 οἷά
1690 682 1836 729 τινες
1861 664 2028 738 θῆρες

448 755 729 828 μονονουχὶ
762 754 1183 833 κατερρόφησαν
1204 755 1297 809 τὸν
1349 756 1585 828 Ἰσραὴλ,
1619 757 1736 812 ἀλλ’
1764 755 1884 829 ἥξει
1905 775 2028 812 και-

445 850 551 921 ρδς,
586 848 710 903 καθ’
734 848 795 902 ὃν
850 848 1062 902 ἔσονται
1111 848 1363 930 καθαροὶ,
1402 853 1499 904 καὶ
1526 854 1628 924 τῆς
1677 852 1773 905 ἐπὶ
1812 852 2026 917 τούτοις

439 941 618 1005 αἰτίας
647 939 1079 1011 ἀπηλλαγμένοι.
1111 941 1577 1013 Δικαιωθήσονται
1607 941 1717 1015 γάρ
1751 946 1809 998 ὲν
1841 944 2023 998 πίστει

439 1034 533 1087 καὶ
567 1032 755 1093 αὐτοὶ,
777 1031 871 1085 καὶ
895 1031 986 1084 τὸν
1012 1033 1076 1085 ἐκ
1111 1032 1212 1103 τῆς
1239 1033 1475 1104 ἀρχαίας
1521 1033 1860 1105 φαυλότητος
1882 1036 2022 1090 ἀπο-

438 1120 721 1176 λούσονται
772 1119 1071 1191 μολυσμόν.
1140 1119 1353 1193 Ἑξαρῶ
1398 1122 1457 1177 δὲ
1515 1124 1608 1177 καὶ
1662 1123 1732 1177 τά
1785 1124 2023 1196 ὀνόματα

443 1231 463 1264 ι
500 1212 609 1265 τῶν
644 1210 1028 1281 βδελυγμάτων
1085 1210 1267 1264 αὐτῶν
1312 1212 1378 1266 ὲκ
1431 1212 1597 1284 μέσου
1654 1214 1881 1268 ὀδόντων
1922 1213 2022 1268 αύ-

435 1303 566 1357 τῶν·
607 1321 626 1353 ι
657 1302 1120 1373 διαμεμνήσονται
1141 1302 1250 1374 γὰρ
1293 1303 1478 1357 οὐκέτι
1510 1304 1619 1359 τῶν
1650 1304 2021 1377 ψευδωνύμων

436 1395 597 1462 θεῶν,
620 1394 743 1449 οὔτε
786 1394 892 1466 μὴν
916 1394 1272 1465 ὀνομάσουσιν
1315 1396 1531 1461 αὐτούς.
1588 1417 1607 1449 ι
1659 1397 2021 1469 ’Υπολειξθή-

437 1504 620 1541 σονται
647 1487 705 1541 δὲ
735 1488 827 1540 καὶ
849 1485 1005 1539 αὐτοὶ
1028 1484 1106 1555 τῷ
1134 1485 1252 1557 Θεῷ
1283 1488 1462 1559 ἡμῶν,
1497 1506 1515 1540 ι
1544 1487 1796 1560 καθάπερ
1828 1488 2019 1560 ἀμέλει

436 1582 529 1635 καὶ
558 1581 718 1645 αὐτὸς
749 1582 778 1634 6
821 1579 1059 1652 Ἰσραήλ’
1117 1581 1386 1634 σέσωσται
1431 1581 1529 1652 μὲν
1580 1581 1690 1653 γὰρ
1723 1581 1815 1635 καὶ
1853 1580 2017 1637 αὑτοῦ

434 1672 495 1725 τὺ
523 1673 893 1744 κατὰλειμμα,
919 1672 1096 1726 καίτοι
1132 1671 1589 1743 δεδυσσεὸηκότος
1627 1675 1707 1738 είς
1738 1674 1901 1729 αὑτὸν
1925 1673 2017 1727 τὸν

2131 492 2417 553 poenarum
2452 484 2628 539 eidem
2685 485 2973 541 dederunt.
3032 484 3419 545 Verumtamen
3488 505 3596 546 non
3648 491 3717 546 ad

2129 587 2296 629 unum
2331 576 2635 644 perierunt,
2666 578 3027 633 cessationem
3056 578 3282 635 laniena!
3316 580 3384 636 ab
3410 594 3506 636 ore
3572 584 3714 651 ipso-

2132 679 2249 720 rum
2278 665 2386 723 Deo
2407 669 2733 737 praevidente
2757 688 2769 724 :
2797 668 2900 726 hoc
2925 679 3029 738 est,
3056 670 3268 725 tametsi
3288 681 3346 725 ut
3366 670 3550 726 bellua:
3578 671 3730 728 lsra-‘

2128 756 2265 813 eIem
2299 760 2680 829 propemodum
2708 760 3131 831 deglutiverunt,
3161 762 3339 817 veniet
3371 771 3548 817 tamen
3574 737 3730 817 tem}

2126 860 2248 917 pus,
2274 865 2383 920 quo
2417 852 2533 922 puri
2563 861 2616 905 et
2644 852 2696 907 in
2720 851 2805 908 his
2838 853 2907 908 ab
2930 854 3076 907 omni
3119 853 3275 924 culpa
3342 852 3496 909 liberi
3527 863 3708 908 erunt.

2124 940 2579 999 Justiticabuntur
2610 943 2753 1000 enim
2780 944 2833 998 in
2877 944 2981 999 fide
3010 944 3111 1013 ipsi
3150 959 3386 1015 quoque,
3420 953 3477 1000 et
3508 944 3712 1015 iniqui-

2128 1041 2298 1088 latum
2352 1033 2654 1102 priscarum
2684 1043 2858 1091 sortes
2886 1035 3088 1090 cluent.
3148 1037 3370 1092 Auferet
3420 1045 3598 1091 autem
3654 1039 3709 1091 et

2126 1125 2345 1181 nomina
2379 1143 2399 1177 ι
2481 1125 2940 1183 abominationum
2986 1128 3247 1197 ipsorum,
3307 1137 3363 1185 et
3399 1129 3470 1185 de
3530 1129 3706 1184 medio

2125 1214 2362 1271 dentium
2422 1215 2706 1285 ipsorum:
2745 1235 2765 1269 ι
2809 1232 2909 1273 nec
2954 1220 3098 1273 enim
3147 1217 3376 1289 amplius
3445 1218 3703 1274 falsorum

2124 1310 2344 1361 deorum
2375 1307 2702 1363 mentionem
2733 1308 2985 1375 inferent,
3021 1325 3120 1366 nec
3181 1310 3537 1366 nominabant
3585 1327 3700 1367 eos.

2129 1415 2149 1450 ι
2197 1397 2592 1468 Relinquantur
2624 1414 2786 1469 porro
2829 1409 2886 1455 et
2935 1400 3025 1455 isti
3067 1402 3176 1456 Deo
3230 1411 3437 1469 nostro,
3482 1420 3501 1454 ι
3564 1404 3704 1459 sicut

2122 1489 2379 1543 nimirum
2417 1496 2471 1545 et
2499 1490 2613 1559 ipse
2639 1489 2802 1546 Israel
2834 1508 2849 1544 :
2884 1506 3008 1546 nam
3043 1501 3098 1548 et
3126 1490 3241 1560 ejus
3296 1492 3541 1564 reliquiae
3595 1492 3703 1547 sal-

2122 1589 2260 1635 Valte
2300 1591 2446 1647 sunt,
2495 1584 2841 1651 quantumvis
2886 1598 3013 1655 erga
3071 1585 3243 1656 ipsum
3293 1583 3699 1640 Emmanneietn

2122 1670 2372 1726 scelerati
2425 1674 2746 1727 exstiterint.
2769 1673 2881 1740 Qua
2919 1689 3047 1730 vero
3103 1684 3295 1730 vocata
3356 1690 3422 1730 ex
3453 1675 3701 1744 gentibus

446 1762 817 1834 Ἐμμανουήλ.
866 1763 1086 1834 Ἐπειδὴ
1138 1762 1196 1817 δὲ
1250 1762 1563 1835 κεκλημένη
1614 1764 1723 1819 τῶν
1777 1765 1947 1820 ἐθνῶν
1980 1769 2014 1838 ἡ

2119 1763 2405 1817 multitudo
2434 1762 2498 1817 de
2531 1764 2793 1834 sanguine
2831 1763 2996 1820 Israel
3046 1766 3348 1836 prognatis,
3392 1775 3445 1821 et
3477 1767 3696 1822 creden-

436 1854 644 1925 πληθὺς
667 1858 779 1918 τοῖς
812 1855 872 1919 ἐξ
894 1855 1125 1925 αἵματος
1162 1852 1381 1926 Ἰσραὴλ
1406 1855 1730 1909 πιστεύσασι
1764 1857 2013 1930 συνήφθη

435 1944 840 2017 πνευματικῶς,
874 1945 1110 2015 Χριστοῦ
1136 1945 1452 2010 συνδοῦντος
1490 1948 1569 2010 εἰς
1606 1946 1820 2012 ἕνωσιν,
1862 1968 1881 2000 ‹
1909 1949 2018 2002 Αύ-

431 2040 526 2103 τὺς
551 2038 660 2109 γάρ
706 2037 855 2093 ἐστιν
885 2038 919 2108 ἡ
959 2037 1148 2110 εἰρήνη
1180 2036 1339 2108 ἡμῶν
1359 2076 1374 2102 ,
1406 2039 1435 2091 6
1466 2038 1700 2109 ποιήσας
1733 2037 1803 2091 τά
1838 2038 2015 2109 ἀμφό-

432 2148 566 2202 τερα
616 2130 697 2196 ἓν,
737 2130 833 2184 καὶ
882 2129 944 2184 τὸ
996 2130 1307 2201 μεσότοιχον
1354 2128 1450 2184 τοῦ
1511 2130 1765 2202 φραγμοῦ
1821 2130 2011 2196 λύσας,

430 2221 625 2285 κτίσας
653 2238 714 2274 τε
735 2222 863 2285 τοὺς
899 2220 993 2275 δύο
1022 2219 1187 2285 λαοὺς
1232 2221 1311 2285 εἰς
1337 2220 1436 2274 ἕνα
1475 2220 1661 2276 καινὸν
1692 2220 1977 2294 ἄνθρωπον
1996 2264 2011 2288 ,

434 2312 605 2368 ποιῶν
639 2314 881 2385 εἰρήνην,
910 2313 1005 2367 καὶ
1052 2313 1553 2367 ἀποκαταλλάσσων
1607 2314 1736 2378 τοὺς
1775 2314 2014 2386 ἀμφοτέ-

433 2425 561 2480 ρους
598 2409 657 2461 ὲν
680 2406 759 2460 ἑνὶ
792 2404 1073 2476 Πνεύματι
1104 2405 1241 2477 πρὸς
1261 2405 1352 2459 τὸν
1395 2404 1639 2478 Πατέρα,
1675 2424 1694 2458 ι
1731 2406 1902 2479 ταύτῃ
1928 2423 2011 2461 τοι

430 2499 597 2570 φησὶν
620 2499 703 2552 ὅτι
727 2497 939 2550 ἔσονται
968 2496 1044 2560 ὡς
1087 2495 1364 2567 χιλίαρχος
1389 2496 1448 2550 ὲν
1489 2493 1677 2563 Ἰούδα,
1735 2497 2012 2553 τουτέστιν

428 2587 513 2650 εἰς
545 2585 702 2639 τοῦτο
724 2585 1087 2657 προϐήσονται
1121 2584 1492 2655 γνησιότητος,
1519 2584 1618 2655 τῆς
1641 2584 1718 2650 ὡς
1743 2587 1802 2639 ἐν
1831 2586 2011 2640 πίστει

425 2695 491 2731 τε
524 2678 617 2731 κοιλ⁵
632 2675 922 2746 ἐπιεικείᾳ,
950 2675 1113 2747 φημὶ,
1136 2674 1277 2728 ὥστε
1311 2677 1406 2729 καὶ
1430 2676 1488 2742 ὲξ
1522 2678 1699 2730 αὐτῶν
1734 2677 2012 2749 ἀρχηγοὺς

427 2768 680 2839 γενέσθαι
704 2768 799 2822 τοῦ
837 2767 1231 2822 Ἰούδα.Ἒσται
1258 2768 1314 2822 δὲ
1337 2770 1431 2823 καὶ
1454 2770 1482 2822 6
1523 2769 1828 2840 Ἀκκαρὼν,
1852 2787 2010 2824 τουτ-

428 2859 598 2924 έστιν,
630 2860 660 2912 ό
694 2858 1010 2926 ἀλλογενὴς,
1042 2859 1071 2911 6
1114 2859 1179 2911 ἐκ
1222 2856 1322 2927 γῆς
1361 2857 1702 2928 Φυλιστιεὶμ,
1737 2856 1813 2917 ὡς
1841 2858 1869 2911 6
1910 2859 2009 2912 Ἰε-

428 2949 700 3015 6ουσαῖος,
728 2949 1001 3003 τουτέστιν
1043 2948 1119 3008 ὡς
1166 2948 1327 3013 αὐτὸς
1350 2949 1378 3001 6
1419 2947 1672 3012 κάτοικος
1704 2948 1812 3004 τῶν
1847 2950 2009 3021 Ἰερο-

2119 1853 2263 1908 tibus
2283 1855 2636 1924 spiritualiter
2674 1854 2925 1924 copulata
2960 1866 3064 1922 est,
3096 1856 3315 1914 Christo
3341 1872 3434 1914 eos
3483 1856 3536 1912 in
3575 1859 3695 1912 uni-

2118 1950 2281 1999 tatem
2311 1944 2620 2014 copulante,
2654 1963 2675 1998 ‹
2717 1943 2837 2016 Ipse
2885 1948 3033 2002 enim
3079 1955 3162 2003 est
3211 1963 3315 2018 pax
3368 1959 3569 2015 nostra,
3602 1950 3693 2020 qni

2114 2031 2243 2089 fecit
2273 2044 2502 2103 utraque
2555 2051 2743 2103 unum,
2782 2046 2836 2092 et
2864 2039 2955 2100 qui
3007 2039 3242 2093 medium
3275 2039 3533 2109 parietem
3587 2040 3696 2095 dis-

2115 2125 2554 2198 solvit,‘et‘duos
2597 2128 2823 2199 populos
2860 2130 2913 2184 in
2951 2145 3117 2184 unum
3179 2144 3378 2186 novum
3422 2131 3693 2185 hominem

2115 2216 2387 2284 condidit,
2445 2217 2648 2275 faciens
2709 2235 2938 2291 pacem,
3003 2229 3058 2275 et
3105 2221 3461 2276 reconcilians
3506 2222 3695 2277 ambos

2115 2306 2278 2381 734
2301 2309 2353 2363 in
2387 2325 2493 2364 uno
2522 2307 2723 2380 Spiritu
2757 2311 2823 2364 ad
2847 2309 3070 2366 Patrem
3104 2311 3204 2378 ",i
3242 2311 3442 2368 idcirco
3498 2313 3691 2382 inquit,

2113 2396 2324 2457 futuros
2355 2409 2411 2454 ut
2441 2401 2717 2457 tribunum
2748 2401 2802 2456 in
2850 2399 3012 2467 Juda,
3074 2402 3179 2457 hoc
3220 2410 3301 2457 est
3362 2403 3429 2456 ad
3489 2410 3693 2457 tantam

2112 2489 2626 2563 Iideibonitatisque
2678 2492 3053 2549 sinceritatem
3106 2508 3483 2562 processuros,
3519 2504 3577 2548 ut
3625 2508 3692 2547 ex

2113 2579 2246 2650 ipsis
2270 2581 2432 2637 etiam
2488 2581 2761 2652 principes
2815 2580 2955 2637 Juda
3002 2581 3260 2637 evadant.
3304 2581 3421 2636 Erit
3455 2582 3582 2635 item
3638 2593 3696 2638 et

2109 2673 2379 2740 Accaron,
2411 2673 2515 2728 boc
2541 2684 2623 2729 est
2667 2673 2989 2743 alienigena,
3013 2681 3068 2727 et
3095 2672 3401 2728 Philistaaus
3440 2682 3498 2726 ut
3528 2674 3693 2731 Jebu-

2111 2777 2276 2827 saeus,
2304 2762 2406 2818 hoc
2452 2771 2624 2819 estut
2654 2763 2769 2834 ipse
2815 2763 2993 2819 incola
3046 2762 3545 2835 Hierosolymorum
3603 2780 3694 2836 po-

2111 2852 2289 2923 pulus.
2322 2851 2463 2908 Olim
2496 2854 2761 2925 siquidem
2798 2854 3105 2911 Jerusalem
3151 2853 3321 2911 Jcbus
3370 2856 3688 2926 dicebatur;

2112 2957 2280 3013 quare
2308 2941 2542 2999 Jebuszei
2587 2943 2806 2999 nomine
2830 2945 2932 2999 boc
2963 2943 3082 3000 loco
3132 2942 3552 3016 IIierosolymita
3609 2946 3692 3009 in-

426 3041 678 3112 σολύμων
703 3041 850 3103 λαός.
909 3040 1185 3094 Ἐκαλεῖτο
1222 3041 1330 3110 γάρ
1355 3042 1388 3113 ὴ
1419 3039 1776 3112 Ἰερουσαλὴμ
1807 3037 2009 3105 Ἰεὸοῦς

2115 3033 2392 3105 telligitur.
2434 3034 2583 3091 Multi
2618 3045 2798 3091 autem
2850 3038 3071 3103 tribuni,
3118 3036 3221 3099 hoc
3276 3045 3362 3093 est
3415 3038 3581 3094 duces
3637 3049 3693 3094 et

422 3134 486 3186 ὲν
552 3135 782 3206 ἀρχαῖςο
850 3129 1044 3185 οὐκοῦν
1100 3133 1420 3196 Ἰεϐουσαῖος
1481 3133 1510 3184 6
1571 3130 2004 3203 Ἱεροσολυμίτης

424 3225 619 3279 ἐνθάδε
702 3226 927 3278 νοεῖται.
994 3222 1187 3277 Πολλοὶ
1244 3223 1300 3277 δὲ
1357 3223 1666 3296 χιλίαρχοι,
1729 3224 2005 3278 τουτέστιν

423 3317 713 3388 ἡγεμόνες,
754 3318 848 3371 καὶ
888 3315 1290 3386 προεστηκότες
1322 3315 1465 3368 λαῶν
1496 3314 1589 3368 καὶ
1634 3314 1693 3380 ἐξ
1719 3313 1888 3369 ἐθνῶν
1918 3332 2010 3384 γε·

421 3408 636 3477 γόνασι,
663 3406 758 3461 καὶ
805 3407 1042 3461 σύνεισιν
1068 3406 1176 3460 ἀνὰ
1209 3408 1388 3460 πᾶσαν
1427 3407 1525 3478 τὴν
1545 3405 1890 3477 οἰκουμένην.
1930 3405 2006 3462 Τὸ

422 3501 482 3554 δὲ
509 3503 567 3553 ἐν
612 3499 781 3553 Ἰούδα
804 3501 1016 3571 νοήσεις
1051 3498 1144 3552 ἐπὶ
1170 3499 1296 3562 τοὺς
1323 3499 1491 3552 αἰνεῖν
1525 3499 1805 3564 είωθότας,
1846 3516 2000 3555 τουτ-

422 3592 575 3645 έστιν
618 3594 768 3662 ἡμᾶς
804 3594 931 3655 τοὺς
958 3591 1016 3642 ἐν
1045 3591 1226 3644 πίστει
1269 3591 1660 3663 κεκλημένους,
1706 3592 1755 3646 οἳ
1804 3608 2005 3661 στεφαο-

420 3682 549 3738 γοῦν
598 3683 881 3756 εἰθίσμεθα
939 3686 1058 3748 ταῖς
1102 3684 1502 3757 ἀκαταλήκτοις
1558 3682 1888 3752 δοξολογίαις
1915 3683 2006 3737 τὸν

419 3776 734 3846 κεκληκότα
759 3774 1018 3847 Χριστόν.

494 3868 605 3922 Καὶ
636 3867 1058 3938 ὑποστήσομαι
1082 3868 1162 3935 τῷ
1194 3868 1339 3936 οἴκῳ
1368 3885 1488 3938 μου
1522 3866 1863 3937 ἀνάστημα,
1897 3869 2005 3926 τοῦ

417 3960 505 4030 μὴ
533 3959 1014 4027 διαπορεύεσθαι,
1036 3960 1191 4030 μηδὲ
1216 3959 1660 4026 ἀνακάμπτειν,
1695 3959 1795 4013 καὶ
1820 3963 1893 4015 οὐ
1916 3961 2004 4031 μὴ

418 4049 646 4119 ἐπέλθῃ
668 4050 1002 4117 ὲπάὐτοὺς
1052 4049 1252 4105 οὐκέτι
1300 4050 1663 4115 ἐξελαύνων,
1691 4048 1843 4105 διότι
1889 4053 2006 4108 νῦν

418 4140 718 4208 ἑωράκασι
736 4140 806 4193 ἐν
829 4139 951 4206 τοῖς
977 4138 1305 4210 ὀφθαλμοῖς
1320 4156 1461 4209 μου.

494 4232 634 4298 NG".
689 4231 822 4285 Ἰδοὺ
877 4230 944 4301 δὴ
990 4230 1179 4299 σαφῶς
1228 4231 1521 4303 ἀνάστημὰ
1565 4250 1624 4287 τε
1682 4234 1778 4289 καὶ
1826 4235 2005 4305 τεῖχος

419 4323 679 4393 ὀνομάζει
704 4322 962 4395 Χριστὸν,
996 4322 1062 4376 δι’
1091 4317 1152 4378 οῦ
1199 4323 1296 4378 καὶ
1339 4324 1846 4397 ἐμπεπυργώμεθα,
1882 4327 2004 4381 κατ’

2111 3128 2484 3183 moderatores
2523 3128 2843 3199 populorum
2875 3129 3037 3184 etiam
3064 3144 3130 3185 ex
3177 3130 3423 3200 gentibus
3449 3130 3688 3205 fuerunt,

2107 3225 2164 3270 et
2204 3224 2336 3271 sunt
2366 3216 2525 3271 simul
2566 3232 2664 3286 per
2718 3218 3030 3274 universum
3068 3220 3277 3275 orbem.
3328 3219 3428 3275 Ast
3472 3223 3690 3278 nomine

2106 3301 2241 3360 Jnda
2275 3319 2369 3361 cos
2399 3306 2491 3375 qui
2523 3304 2744 3362 laudare
2776 3319 3174 3365 consueverunt
3202 3311 3455 3379 accipies,
3496 3326 3690 3382 nempe

2108 3409 2209 3452 nos
2277 3396 2331 3451 in
2415 3396 2522 3454 (ide
2582 3407 2848 3465 vocatos,
2914 3400 3007 3470 qui
3081 3401 3412 3471 perennibus
3475 3403 3689 3476 hymnis

2108 3488 2380 3545 Christum
2437 3504 2469 3545 a
2526 3503 2634 3561 quo
2680 3490 2861 3546 vocati
2920 3506 3145 3559 sumus,
3209 3492 3483 3549 celebrare
3541 3497 3679 3552 sole-

2108 3597 2250 3638 ntus.

2179 3852 2344 3910 Vens.
2393 3853 2447 3910 8.
2479 3851 2550 3907 Et
2581 3853 2895 3909 substituant
2935 3854 3115 3911 domui
3179 3873 3308 3914 mea
3350 3861 3682 3926 creationem,

2109 3962 2173 4002 ne
2205 3955 2553 4017 pertranseat,
2602 3963 2694 4001 nec
2746 3956 3075 4013 revertatur,
3114 3956 3296 4004 etnon
3357 3954 3683 4021 superveniat

2107 4054 2264 4108 super
2311 4055 2398 4095 eos
2446 4037 2586 4093 ultra
2615 4039 2854 4110 abigens,
2919 4039 3045 4109 quia
3099 4040 3340 4096 uiderunt
3399 4043 3455 4098 in
3520 4047 3685 4099 oculis

2107 4133 2258 4188 nteit.
3040 4208 3053 4214 _

2178 4223 2311 4280 LVI.
2343 4223 2422 4279 En
2447 4223 2724 4280 Christum
2764 4225 3048 4296 perspicue
3104 4227 3438 4285 erectionem
3485 4238 3542 4286 et
3565 4245 3683 4285 mne

2108 4335 2228 4375 rum
2264 4319 2523 4384 nominat,
2557 4334 2654 4387 per
2714 4333 2876 4389 quem
2912 4327 2967 4373 et
2993 4318 3047 4373 in
3113 4317 3281 4373 altum
3319 4321 3682 4389 exsurgimus,

420 4416 672 4469 εὐδοκίαν
697 4414 753 4467 δὲ
795 4414 1058 4484 δηλονότι,
1081 4415 1177 4490 καὶ
1214 4414 1432 4487 θέλησιν
1458 4416 1552 4470 τοῦ
1586 4417 1721 4471 Θεοῦ
1753 4418 1846 4472 καὶ
1890 4417 2006 4471 Πα-

2115 4413 2257 4480 iuxta
2290 4410 2685 4479 beneplacitum
2707 4419 2762 4465 et
2792 4409 3122 4464 voluntatem
3151 4409 3247 4465 Dei
3278 4418 3333 4465 et
3351 4409 3552 4466 Patris.
3579 4410 3687 4467 Doc-

420 4505 569 4576 τρός.
593 4502 753 4568 Οἶκος
779 4504 888 4574 γὰρ
905 4505 1115 4576 νοητὸς,
1148 4505 1242 4559 καὶ
1270 4505 1525 4578 οἰκοδομὴ
1550 4506 1706 4572 Θεοῦ,
1730 4507 1871 4562 κοιτά
1908 4507 2008 4579 τὴν

422 4595 518 4649 τοῦ
560 4595 775 4649 Παύλου
830 4595 1046 4666 φωνὴν,
1099 4596 1260 4667 ἡμεῖς
1300 4614 1401 4650 που
1452 4597 1672 4663 πάντως
1720 4600 1918 4670 ἐσμὲν,
1958 4600 2006 4653 oi

423 4686 871 4750 πεπιστευκότες,
900 4687 1057 4759 εἰπερ
1083 4688 1231 4741 ἐστὶν
1267 4687 1488 4759 ἀληθὲς,
1534 4689 1609 4753 ὡς
1643 4691 1701 4743 ὲν
1728 4692 1848 4755 ταῖς
1869 4708 2008 4763 καρ-

419 4778 564 4841 δίαις
608 4777 765 4848 ἡμῶν
818 4776 909 4831 διά
954 4778 1052 4832 τοῦ
1084 4778 1394 4850 πνεύματος
1434 4785 1714 4850 κατοικεῖ,
1753 4785 1848 4839 καὶ
1895 4788 2007 4851 τοῖς

420 4868 711 4937 ἀγαπῶσιν
766 4869 929 4922 αὐτὸν
986 4868 1341 4934 ἐναυλίζεται.
1382 4873 1526 4946 Ἔφη
1569 4875 1677 4947 γάρ
1726 4875 1889 4941 αὐτὸς
1915 4876 2004 4934 διά

422 4962 707 5033 προφήτου
738 4960 941 5031 φωνῆς·
976 4979 997 5013 ι
1024 4961 1148 5016 Ὅτι
1174 4965 1487 5037 κατοικήσω
1534 4968 1593 5020 ἐν
1618 4968 1802 5032 αὐτοῖς
1823 5008 1839 5035 ,
1906 4971 2003 5025 καὶ

422 5054 882 5126 ὲμπεριπατήσω,
911 5055 1008 5108 καὶ
1052 5053 1245 5124 ἔσομαι
1281 5056 1460 5113 αὐτῶν
1510 5057 1663 5127 Θεὸς,
1711 5059 1807 5114 καὶ
1849 5061 2004 5116 αὐτοὶ

422 5144 635 5200 ἔσονταί
669 5161 759 5217 μοι
791 5145 971 5209 λαός.»
1004 5146 1320 5218 ’Δνάστημα
1349 5147 1413 5219 δὴ
1436 5143 1532 5202 οὖν
1553 5148 1615 5203 τδ
1636 5152 2003 5225 ἐγηγερμένον

419 5235 510 5289 διά
538 5235 733 5308 βουλῆς
762 5236 858 5290 τοῦ
914 5236 1129 5309 Πατρὸς
1155 5240 1222 5308 τῇ
1269 5238 1569 5312 Ἐκκλησία
1611 5242 1884 5313 Χριστὸς,
1916 5244 2004 5299 ἵνα

425 5327 647 5400 μηκέτι,
663 5326 806 5382 καθά
827 5326 919 5382 καὶ
934 5328 1118 5398 πάλιν,
1134 5328 1451 5385 διοδεύσωσί
1466 5347 1632 5399 τινες,
1645 5334 1741 5388 καὶ
1761 5335 2006 5407 ἀνακάμ-

2108 4517 2227 4557 mus
2254 4502 2398 4555 enim
2434 4498 2535 4556 sub
2586 4498 2997 4570 intelligentiam
3027 4498 3250 4564 cadens,
3281 4508 3337 4554 et
3397 4498 3686 4556 aediﬁcatio

2108 4589 2226 4654 Dei.
2252 4590 2548 4646 secundum
2601 4587 2753 4645 Pauli
2811 4602 2999 4644 vocem
3028 4586 3100 4653 ",
3153 4601 3253 4643 nos
3286 4600 3476 4644 sumus
3528 4588 3688 4660 plane

2106 4683 2196 4754 qui
2221 4682 2549 4739 credidimus
2581 4698 2596 4734 :
2627 4681 2894 4753 siquidem
2924 4695 3112 4737 verum
3137 4689 3238 4745 est,
3263 4695 3389 4737 eum
3446 4682 3502 4737 in
3560 4698 3688 4739 cor-

2107 4775 2266 4832 dibus
2309 4773 2513 4829 nostris
2548 4787 2647 4844 per
2676 4772 2924 4844 spiritum
2992 4771 3240 4833 habitare
3269 4772 3342 4838 ",
3371 4780 3428 4830 et
3485 4771 3540 4829 in
3600 4773 3691 4829 bis

2111 4868 2205 4940 qui
2236 4866 2467 4938 diligunt
2498 4866 2672 4937 ipsum
2694 4863 3022 4921 commorari
3050 4863 3116 4916 ".
3153 4863 3247 4919 Ait
3269 4863 3416 4920 enim
3448 4864 3562 4935 ipse
3592 4880 3689 4935 per

2110 4962 2430 5034 prophetam
2461 4977 2477 5015 :
2507 4977 2527 5012 ι
2556 4957 2824 5025 Quoniam
2860 4955 3176 5025 inhabitabo
3213 4956 3269 5013 in
3307 4956 3436 5023 illis,
3497 4965 3557 5013 et
3606 4957 3689 5010 in-

2106 5053 2397 5109 ambulabo
2422 5053 2565 5108 inter
2598 5051 2740 5118 illos,
2778 5061 2834 5108 et
2858 5066 2957 5109 ero
3003 5052 3216 5110 illorum
3277 5051 3440 5117 Deus,
3490 5058 3545 5107 et
3584 5050 3684 5119 ipsi

2104 5155 2263 5203 erunt
2319 5143 2453 5202 mihi
2495 5144 2794 5216 populus"
2833 5163 2855 5198 ι
2911 5143 3132 5201 Erectio
3192 5143 3359 5212 igitur
3413 5141 3687 5196 voluntate

2103 5236 2282 5293 Patris
2312 5235 2569 5291 Ecclesiae
2591 5238 2823 5293 excitata
2844 5225 3099 5293 Christus
3119 5242 3225 5298 est,
3261 5246 3330 5287 ne
3360 5229 3525 5297 ultra,
3546 5231 3686 5286 sicut

2106 5329 2403 5398 quondam,
2433 5334 2811 5397 pertranseant
2838 5326 3080 5396 quidam,
3101 5330 3159 5379 et
3188 5328 3548 5388 revertantur,
3597 5320 3687 5376 in-

527 5526 575 5560 "
607 5523 812 5597 Ephes.
840 5542 903 5595 ιι,
933 5527 1120 5583 ιιιοισ.
1196 5530 1245 5563 ⁷⁸
1278 5528 1300 5584 I
1340 5529 1463 5587 Cor.
1508 5544 1591 5596 ιιι,
1621 5528 1677 5585 9.
1753 5530 1801 5562 ⁷⁸
1826 5529 2027 5602 Epltes.

2115 5546 2149 5598 ι,
2198 5529 2287 5584 17.
2360 5529 2407 5562 ⁷⁷
2438 5528 2598 5584 Joan.
2635 5543 2748 5593 inv,
2777 5526 2868 5581 25.
2981 5523 3027 5557 ⁷⁸
3068 5520 3242 5580 Lavit.
3286 5537 3438 5590 xxvt,
3471 5519 3561 5590 II,
3597 5516 3693 5576 12.

493 5705 571 5776 (ι)
603 5704 954 5764 Desideratur
989 5705 1310 5767 vocabulum
1343 5709 1634 5767 accusandi
1664 5723 1817 5776 casu,
1848 5709 1994 5779 quod
2028 5706 2395 5776 espressimus
2427 5705 2645 5767 Latine.
2677 5704 2963 5774 lnterpm.
