4092 6202
409 257 508 312 H3

1394 250 1453 305 Β.
1494 245 1768 303 εγιιιιιι
1803 244 2271 302 ALEXANDRINI
2307 245 2623 305 ARCHIEP.

3552 247 3654 305 ιιι

409 384 487 424 ter
516 384 610 424 nos
637 380 847 426 sursum
878 371 930 421 et
964 366 1209 421 deorsum
1240 365 1651 429 circumeuntes,
1712 373 1765 420 et
1829 363 1972 417 velut

2084 381 2303 429 πτωσιν,
2336 365 2392 417 ἐν
2419 366 2551 434 ἡμῖν
2595 363 2706 417 ἀνω
2740 380 2798 417 τε
2851 363 2943 417 καὶ
2994 363 3143 418 κάτω
3202 365 3527 436 περιιόντες,
3562 373 3657 425 καὶ

407 458 678 512 desertam
710 459 852 512 viam
882 456 1176 520 calcantes,
1210 466 1265 510 et
1292 456 1451 510 corda
1486 466 1672 510 nostra
1724 454 1976 518 omnibus

409 549 585 604 noxiis
616 548 920 619 implentes.
943 548 1031 602 Ait
1062 548 1204 603 enim
1236 546 1432 602 alicubi
1469 548 1531 601 de
1558 545 1836 612 lsraelitis,
1859 559 1976 613 quae

406 650 699 694 eratvetus
732 640 888 693 vinea
913 638 1212 709 possessori
1248 653 1345 694 suo
1382 656 1394 692 :
1437 657 1456 690 ι
1494 637 1747 693 Auferam
1799 651 1975 693 mace-

408 731 543 785 riam
568 732 704 800 ejus,
735 740 787 786 et
817 732 921 786 erit
949 732 1000 786 in
1029 716 1414 801 direptionem;
1452 738 1506 783 et
1540 730 1810 784 destruam
1863 744 1978 782 mu-

409 838 527 875 rum
558 821 692 891 ejus,
723 832 775 877 et
803 823 905 876 erit
953 822 1005 875 in
1072 820 1658 876 conculcationem".t
1696 819 1766 874 At
1824 818 1979 875 nobis

410 911 500 979 qui
541 924 663 964 eum
702 910 754 963 in
788 924 950 965 carne
986 908 1302 978 apparuisse
1327 908 1700 977 cognovimus,
1766 922 1975 972 murus,

409 1008 464 1053 et
488 1014 642 1068 sepes
681 1000 792 1069 ipse
817 997 1133 1052 Emmanuel
1168 999 1432 1054 excitatus
1454 1007 1556 1063 est,
1589 998 1787 1051 virtute
1841 996 1980 1051 inef-

410 1092 557 1147 fabili
593 1091 935 1147 circumdans
959 1105 1079 1154 nos,
1112 1098 1165 1145 et
1194 1091 1261 1145 ab
1288 1091 1484 1145 animis
1523 1091 1725 1144 nostris
1759 1089 1980 1159 abigens

412 1183 715 1237 immundos
774 1183 1085 1245 daemonas,
1148 1195 1246 1236 nec
1303 1181 1530 1251 pedibus
1611 1180 1822 1234 illorum
1883 1192 1979 1234 nos

411 1272 680 1326 substerni
710 1272 997 1327 sustinens.
1024 1271 1203 1337 Quare
1255 1280 1309 1326 et
1368 1272 1628 1341 propheta
1681 1271 1747 1325 ad
1785 1269 1976 1325 illum:

417 1380 437 1413 ι
470 1361 538 1416 Ει
570 1364 851 1417 vocaberis
880 1362 1179 1417 aediﬁcator
1226 1364 1608 1426 maceriarum,
1660 1372 1713 1418 et
1760 1361 1982 1435 semitas

412 1468 529 1522 quae
561 1454 612 1507 iu
643 1453 817 1507 medio
845 1462 969 1508 sunt
1015 1453 1292 1520 quiescere
1360 1452 1522 1507 facies
1546 1451 1641 1505 ⁸ο.»
1711 1451 1981 1518 Quemad-

411 1544 630 1599 modum
655 1544 799 1598 euim
840 1543 929 1612 qui
979 1542 1163 1597 vineas
1222 1542 1453 1597 incultas
1503 1543 1719 1610 sepibus
1772 1541 1983 1595 munire

413 1634 610 1698 solent,
662 1635 777 1687 vias
816 1648 912 1702 per
957 1632 1191 1686 medium
1251 1630 1463 1697 tollunt,
1493 1631 1654 1702 735
1697 1646 1797 1687 nec
1838 1646 1984 1685 com-

2082 450 2170 508 οἷά
2198 472 2320 509 τινα
2380 454 2793 527 κεχερσωμένην
2821 454 3123 518 πατοῦντες
3161 455 3298 520 ὁδὸν,
3333 457 3430 511 καὶ
3454 458 3656 531 βλάϐης

2083 547 2300 618 ἀπάσης
2324 545 2772 617 ἀναπιμπλάντες
2794 545 3067 617 ἡμετέρας
3096 544 3341 615 καρδίας.
3382 547 3525 617 Ἔφη
3560 549 3656 618 μὲν

2082 638 2190 710 γάρ
2223 654 2326 690 που
2350 638 2478 708 περὶ
2500 636 2607 689 τῶν
2628 637 2686 698 ἐξ
2716 635 2952 706 Ἰσραὴλ,
2972 636 3030 699 ὃς
3054 630 3121 704 ἦν
3150 638 3374 706 ἀρχαῖος
3395 636 3655 707 ἀμπεὶὼν

2083 729 2159 800 τῷ
2186 731 2516 801 κτησαμένῳ
2546 726 2643 800 (ll,
2674 726 2753 779 ὅτι
2778 744 2796 778 ι
2818 725 3027 795 Ἀφελῶ
3053 726 3145 779 τὸν
3174 728 3424 799 φραγμὸν
3465 729 3654 792 αὑτοῦ,

2083 825 2176 878 καὶ
2207 823 2359 877 ἔσται
2386 825 2465 886 είς
2493 820 2821 893 διαρπαγὴν,
2874 819 2966 883 καί⁵
3006 819 3217 873 καθελῶ
3246 821 3334 874 ’τὸν
3360 816 3537 892 τοῖχον
3562 824 3657 877 αύ-

2082 913 2199 979 τοῦ,
2241 914 2335 967 καὶ
2392 912 2544 966 ἐσται
2596 913 2675 974 είς
2714 910 3107 981 καταπάτημα.
3149 929 3167 962 ι
3232 911 3392 981 Ἡμῖν
3449 913 3505 964 δέ
3545 917 3656 976 τοῖς

2085 1003 2421 1072 ἐπεγνωκόσι
2441 1002 2538 1072 τὴν
2572 1002 2893 1070 ἐπιφάνειαν
2920 1000 3107 1064 αὑτοῦ,
3129 1003 3306 1071 τοῖχος
3336 1003 3653 1073 ἐγήγερται,

2086 1094 2179 1146 καὶ
2207 1092 2458 1163 φραγμδς
2490 1092 2651 1154 αὐτὸς
2674 1094 2701 1145 ὁ
2748 1088 3112 1162 Ἐμμανουὴλ,
3142 1092 3403 1164 eam):th
3432 1092 3659 1164 δυνάμει

2086 1183 2443 1254 περιϐάλλων,
2478 1183 2572 1236 καὶ
2626 1184 2909 1237 ἀποσοϐῶν
2951 1183 3057 1235 τῶν
3092 1184 3378 1255 ἡμετέρων
3411 1184 3658 1239 διανοιῶν

2086 1276 2209 1337 τοὺς
2264 1273 2606 1344 ἀκαθάρτους
2648 1273 2926 1343 δαίμονας,
2984 1274 3077 1326 καὶ
3119 1276 3229 1335 τοῖς
3279 1274 3502 1327 ἐκείνων
3558 1276 3659 1328 οὐκ

2087 1364 2264 1431 ἀφιεὶς
2294 1348 2671 1433 ὑπεστρῶσθαι
2696 1363 2839 1417 ποσί.
2877 1364 3166 1436 Τοιγάρτοι
3198 1363 3292 1415 καὶ
3317 1365 3344 1417 ό
3369 1365 3658 1435 προφήτης

2089 1455 2224 1527 πρὸς
2284 1456 2484 1522 αὐτὸν,
2545 1474 2563 1506 ι
2605 1456 2714 1509 Καὶ
2766 1456 3045 1527 κληθήσῃ,
3114 1457 3317 1526 φησὶν,
3381 1455 3658 1527 οἰκοδόμος

2089 1547 2356 1619 φραγμῶν
2378 1548 2473 1600 ml.
2500 1548 2598 1606 τὰς
2626 1547 2844 1618 τρίϐους
2870 1547 2967 1610 τάς
3013 1547 3116 1600 ἀνὰ
3164 1547 3325 1617 μέσον
3351 1548 3599 1611 παύσεις.
3633 1567 3651 1599 ι

2092 1637 2302 1707 Ὠσπερ
2344 1637 2449 1708 γὰρ
2506 1639 2556 1690 οἱ
2605 1638 2993 1709 περιφράττειν
3039 1637 3287 1700 εἰωθότες
3328 1638 3656 1707 ἀμπελῶνας

412 1723 708 1778 meantium
742 1721 970 1791 pedibus
1007 1722 1123 1777 illas
1166 1722 1265 1775 teri
1294 1721 1610 1791 patiuntur:
1664 1721 1737 1775 ila
1786 1729 1841 1776 et
1873 1721 1981 1775 Do-

2085 1729 2547 1800 κεχερσωμένους,
2570 1727 2668 1790 τὰς
2696 1728 2782 1781 διὰ
2814 1728 2976 1797 μέσου
3005 1728 3237 1782 παύουσι
3264 1728 3505 1799 τρίϐους,
3556 1730 3658 1783 οὐκ

412 1815 591 1867 minus
631 1822 815 1866 noster
866 1807 1024 1866 Jesus
1084 1811 1329 1866 Christus
1378 1811 1614 1880 seipsum
1666 1811 1821 1866 nobis
1884 1827 1982 1867 ceu

413 1920 626 1959 murum
660 1903 1040 1958 solidissimum
1076 1900 1436 1965 circumdatus,
1458 1910 1509 1957 et
1536 1902 1790 1973 angelicis
1816 1903 1984 1973 copiis

414 2012 512 2053 nos
535 1994 966 2059 circumvallans,
998 1992 1178 2059 efﬁcit,
1211 2002 1268 2047 ut.
1308 1992 1505 2050 calcari
1539 1993 1652 2062 jam
1703 2008 1809 2048 non
1862 2008 1986 2063 pos-

415 2091 610 2143 simus.
643 2088 787 2141 Dixit
812 2088 1052 2157 insuper,
1088 2101 1196 2140 non
1236 2096 1689 2155 superventurum
1720 2084 1853 2154 ipsis
1906 2084 1986 2139 ul-

415 2188 497 2232 tra
533 2180 858 2248 abigentem.
893 2178 1031 2234 Olim
1068 2178 1211 2231 enim
1242 2177 1438 2246 captivi
1473 2177 1809 2242 tenebamur,
1836 2184 1888 2231 et
1919 2176 1985 2230 ad

415 2272 626 2340 quidvis
661 2269 923 2323 nefarium
956 2266 1207 2322 facillime
1234 2269 1581 2331 ducebamur,
1601 2275 1788 2322 euntes
1805 2281 1986 2335 prom-

414 2371 523 2429 pte,
566 2371 756 2430 agente
793 2359 1102 2429 fcrenteque
1167 2374 1263 2413 nos
1322 2358 1525 2413 Satana
1551 2395 1567 2421 ,
1602 2364 1656 2410 et
1702 2370 1769 2410 ex
1807 2356 1888 2409 his
1929 2355 1983 2409 in

416 2451 502 2503 illa
535 2459 740 2503 tantum
781 2463 884 2501 non
922 2448 1247 2521 impellente.
1276 2447 1473 2503 Verum
1522 2454 1575 2500 et
1608 2445 1752 2499 istud
1805 2452 1985 2500 sustu-

414 2543 476 2596 lit
519 2542 790 2596 Christus.
820 2538 933 2593 Non
965 2541 1108 2594 enim
1150 2540 1329 2594 veniet
1370 2547 1555 2594 contra
1586 2552 1685 2591 nos
1706 2536 1982 2605 depraeda-

414 2646 499 2689 tor
526 2653 538 2688 :
562 2649 668 2686 non
705 2634 893 2695 irruet,
915 2632 1053 2686 sicut
1086 2631 1256 2700 prius,
1284 2639 1342 2685 ut
1383 2629 1487 2700 ipsi
1518 2629 1665 2683 libet.
1691 2626 1809 2682 Fixi
1840 2626 1985 2681 enim

414 2741 599 2779 sumus
635 2726 686 2778 in
715 2722 954 2791 Christo,
986 2734 1267 2793 tutumque
1318 2732 1373 2779 et
1426 2722 1698 2776 ﬁrmatum
1726 2721 1987 2776 habemus

413 2832 527 2882 eor,
551 2831 658 2870 non
699 2815 929 2884 amplius
959 2813 1026 2869 ad
1056 2831 1118 2871 ea
1149 2830 1267 2885 quae
1304 2830 1409 2869 non
1442 2811 1837 2870 conveniebant
1887 2810 1984 2866 de-

408 2908 558 2975 iecti,
590 2920 692 2960 non
739 2905 944 2961 cultum
979 2906 1264 2961 multorum
1325 2908 1544 2961 deorum
1603 2903 1985 2974 ingredientes,

416 3013 520 3052 non
545 2998 611 3051 ad
645 3012 888 3053 errorem
932 2999 1106 3053 abacti
1135 3015 1148 3051 :
1186 2998 1278 3052 sed
1321 2999 1471 3065 quasi
1513 2997 1563 3049 in
1591 2996 1749 3049 (idem
1780 2994 1986 3049 eteba-

414 3088 632 3140 ritatcm
672 3101 797 3156 erga
828 3085 991 3141 Deum
1033 3085 1363 3155 ingressi,ut
1399 3085 1516 3139 ideo
1548 3080 1837 3138 ltetabuudi
1899 3084 1983 3136 di-

413 3191 601 3230 camus
632 3192 645 3228 :
687 3195 705 3229 ι
747 3177 813 3231 Ει
838 3178 1024 3241 statuit
1051 3190 1212 3246 supra
1243 3182 1449 3244 petram
1498 3174 1659 3239 pedes
1694 3188 1842 3228 meos
1872 3173 1941 3227 ".
1962 3190 1979 3224 ι

414 3267 546 3321 Cum
571 3282 734 3337 porro
781 3268 930 3335 dicit,
969 3286 987 3319 ι
1025 3267 1160 3334 Quia
1221 3281 1363 3321 nunc
1417 3265 1522 3320 vidi
1562 3265 1733 3321 oculis
1776 3262 1927 3331 meis,
1961 3284 1979 3317 ι

414 3362 560 3416 clare
596 3362 832 3416 ostendit
869 3372 1078 3431 tempus
1122 3364 1383 3418 adventus
1416 3360 1714 3416 Salvatoris
1778 3369 1986 3428 tempus

414 3457 739 3512 visitationis
763 3471 901 3513 esse.
934 3474 951 3506 ι
984 3454 1235 3509 Visitavit
1282 3454 1423 3507 enim
1453 3467 1550 3506 nos
1580 3450 1772 3507 Oriens
1799 3464 1868 3505 ex
1901 3450 1982 3503 al-

415 3562 469 3605 to
491 3549 537 3582 ⁸²
558 3566 572 3615 ;
594 3569 614 3604 ι
650 3560 722 3616 et,
756 3560 813 3603 ut
842 3547 1016 3617 inquit
1048 3546 1235 3609 David,
1280 3562 1299 3595 ι
1336 3544 1589 3599 Dominus
1611 3557 1640 3596 e
1663 3542 1800 3599 casio
1825 3554 1985 3611 super

414 3652 610 3697 terram
639 3639 909 3710 prospexit
932 3640 1038 3703 ⁸³,ι
1072 3651 1380 3706 quanquam
1414 3636 1540 3690 olim
1595 3645 1813 3705 propter
1860 3648 1985 3705 pec-

413 3741 591 3785 catum
627 3746 732 3795 quo
761 3730 1248 3796 obstringehamur,
1271 3741 1378 3779 non
1410 3727 1706 3787 curatione,
1747 3739 1851 3779 non
1884 3738 1979 3779 ve-

414 3821 520 3880 nia,
552 3832 655 3870 non
690 3816 997 3879 dilectione,
1034 3830 1139 3869 non
1203 3815 1309 3868 alio
1352 3815 1601 3883 anpiam
1665 3813 1825 3867 simili
1882 3830 1981 3868 nos

414 3910 762 3977 dignaretur,
803 3908 896 3962 scd
928 3915 1290 3961 aversaretur.
1330 3906 1505 3970 Quare
1544 3905 1703 3957 etiam
1761 3912 1983 3958 contur-

412 4000 523 4054 bati
559 4014 764 4066 sumus,
796 4000 935 4068 quod
959 4008 1014 4053 et
1046 4001 1233 4054 beatus
1267 3997 1431 4052 David
1465 4005 1735 4051 testatur:
1767 4013 1785 4046 ι
1818 3997 1984 4049 Aver-

412 4102 558 4149 lente
581 4099 631 4144 te
664 4089 852 4144 faciem
904 4098 1050 4143 tuam
1089 4089 1469 4154 turbabuntur,
1504 4098 1560 4142 et
1597 4088 1648 4142 in
1709 4087 1980 4155 pulverem

412 4197 569 4242 suum
607 4188 944 4235 revertentur
968 4179 1069 4233 ⁸⁸.»
1115 4179 1380 4247 Quoniam
1445 4189 1623 4234 autem
1661 4194 1824 4242 nunc,
1878 4178 1983 4232 hoc

411 4283 495 4328 est
540 4282 777 4343 tempore
837 4273 1095 4328 adventus
1143 4273 1375 4327 vidimus
1434 4271 1602 4327 oculis
1651 4271 1785 4341 ejus,
1837 4268 1982 4325 salu~

2088 1820 2284 1882 ἐῶντες
2319 1818 2422 1871 ὑπὸ
2451 1820 2563 1880 τοῖς
2598 1816 2707 1871 τῶν
2765 1817 2877 1872 ἀνω
2904 1836 2962 1872 τε
3010 1819 3104 1871 καὶ
3164 1819 3314 1872 κάτω
3356 1818 3656 1889 παριόντων

2088 1909 2373 1964 πατεῖσθαι
2433 1910 2610 1963 ποσίν·
2656 1908 2796 1963 οὕτω
2852 1910 2945 1964 καὶ
2982 1898 3233 1981 όΚύριος
3266 1910 3422 1982 ἡμῶν
3456 1912 3659 1982 Ἰησοῦς

2086 2000 2318 2070 Χριστὸς
2347 1998 2539 2053 ἐαυτὸν
2587 2003 2718 2072 ἡμῖν
2766 2004 2940 2071 τεῖχος
2965 1994 3161 2071 οἷάπερ
3188 2001 3460 2072 ἄρρηκτον
3504 2020 3661 2073 περι-

2088 2088 2219 2153 θεὶς,
2252 2089 2343 2141 καὶ
2366 2090 2681 2158 ἀγγελικαῖς
2712 2090 2970 2160 δυνάμεσι
3022 2093 3403 2164 περιφράττων
3430 2093 3533 2158 ἔξω
3563 2093 3656 2147 τοῦ

2088 2181 2375 2234 πατεῖσθαι
2433 2182 2684 2249 γενέσθαι
2738 2179 3170 2253 παρεσκεύασεν.
3225 2184 3369 2255 Ἔφη
3422 2182 3479 2238 δὲ
3521 2186 3659 2258 πρὸς

2085 2270 2317 2333 τούτοις,
2343 2271 2423 2323 ὅτι
2453 2272 2632 2324 οὐκέτι
2653 2272 2712 2324 οὐ
2743 2274 2816 2341 μὴ
2844 2272 2971 2345 ἔλθῃ
3000 2274 3085 2326 ἐπ’
3110 2273 3305 2337 αὐτοὺς
3334 2274 3656 2339 ἐξελαύνων.

2087 2359 2261 2412 Πάλαι
2290 2361 2388 2430 μὲν
2408 2361 2515 2431 γὰρ
2539 2358 2678 2433 ἦμεν
2703 2351 3057 2433 αἰχμάλωτοι,
3076 2366 3170 2419 καὶ
3194 2367 3661 2437 εὐπαρακόμιστοι

2087 2448 2282 2519 κομιδῇ
2313 2449 2446 2520 πρὸς
2478 2452 2584 2503 πᾶν
2612 2451 2786 2504 ότιοῦν
2810 2452 2915 2504 τῶν
2936 2452 3177 2505 ἐκτόπων
3199 2454 3364 2517 ἰόντες
3396 2455 3654 2518 εὐκόλως,

2087 2539 2309 2609 ἄγοντός
2340 2559 2397 2594 τε
2432 2542 2578 2612 ἡμᾶς
2610 2543 2704 2595 καὶ
2753 2543 3008 2614 φέροντος
3038 2543 3129 2596 τοῦ
3162 2547 3375 2600 Σατανᾶ
3399 2586 3412 2610 ,
3467 2549 3560 2602 καὶ
3596 2550 3660 2602 ἐκ

2086 2631 2291 2685 τούτων
2319 2632 2396 2694 εἰς
2426 2633 2605 2685 ἐκεῖνα
2660 2635 2940 2703 μονονουχὶ
3003 2636 3095 2687 καὶ
3138 2635 3472 2700 ἐλαύνοντος.
3520 2637 3660 2690 Ἀλλ’

2089 2721 2293 2774 ἔπαυσε
2325 2721 2592 2775 καὶτοῦτο
2622 2722 2873 2793 Χριστός.
2904 2723 2978 2775 Οὐ
3001 2723 3110 2795 γὰρ
3140 2724 3258 2793 ἥξει
3291 2724 3414 2778 καθ’
3444 2726 3602 2797 ἡμῶν
3632 2724 3661 2779 ὅ

2087 2812 2381 2881 λεηλατῶν·
2411 2814 2509 2865 ούκ
2559 2811 2766 2883 ἐμϐάλῃ
2822 2813 2962 2867 καθά
3007 2815 3100 2867 καὶ
3133 2816 3321 2885 πρώην
3374 2815 3454 2880 εἷς
3491 2834 3553 2885 γε
3584 2818 3662 2887 τῷ

2089 2901 2236 2971 αὐτῷ
2263 2902 2472 2956 δοκοῦν.
2526 2902 2867 2973 Πεπὴγμεθα
2904 2902 3011 2975 γὰρ
3049 2904 3107 2957 ἐν
3162 2904 3403 2976 Χριστῷ,
3444 2906 3665 2980 ἀσφαλῆ

2088 3010 2145 3045 τε
2194 2994 2288 3045 καὶ
2344 2991 2630 3064 ἱδρυμένην
2673 2995 2984 3065 ἐσχήκαμεν
3027 2996 3125 3066 τὴν
3181 2997 3427 3067 καρδίαν,
3479 2999 3662 3052 οὐκέτι

2088 3084 2499 3154 κατασειόμενοι
2531 3085 2667 3154 πρὸς
2695 3085 2730 3139 ἂ
2756 3086 2829 3156 μὴ
2860 3087 3153 3156 προσῆκενο
3178 3089 3278 3141 οὐκ
3313 3088 3662 3158 ἐμϐαίνοντες

2088 3176 2167 3237 είς
2210 3174 2517 3241 πολυθεῖαν,
2573 3176 2673 3228 οὐκ
2726 3175 3133 3247 ἐξελαυνόμενοι
3192 3178 3328 3251 πρὸς
3373 3180 3660 3252 πλάνησινο

2086 3266 2200 3320 ἀλλ’
2224 3259 2334 3319 οἷον
2364 3265 2733 3337 ἐμϐεϐηκότες
2762 3268 2819 3319 ἐν
2853 3268 3033 3321 πίστει
3054 3286 3114 3322 τε
3147 3270 3241 3322 καὶ
3276 3270 3465 3344 ἀγάπῃ
3489 3274 3554 3342 τῇ
3584 3275 3663 3337 είς

2084 3357 2236 3418 Θεὸν,
2276 3356 2350 3420 ὡς
2387 3357 2674 3427 χαίροντας
2706 3358 2797 3411 ἐπὶ
2821 3358 2993 3430 τούτῳ
3016 3359 3215 3429 λέγειν·
3251 3380 3269 3411 ι
3298 3362 3407 3415 Καὶ
3437 3361 3664 3434 ἔστησεν

2083 3442 2171 3499 διὰ
2203 3444 2405 3516 πέτραν
2437 3447 2563 3508 τοὺς
2592 3444 2756 3509 πόδας
2787 3464 2906 3517 μου.
2940 3466 2958 3499 ι
2992 3448 3179 3517 Λέγων
3234 3450 3309 3514 δέ,
3343 3469 3362 3501 ι
3410 3451 3527 3505 Ὀτι
3566 3451 3662 3504 νῦν

2085 3528 2384 3605 ἐώρακαέν
2424 3535 2536 3596 τοῖς
2592 3534 2884 3606 ὀφθαλμοῖς
2939 3552 3061 3607 μου,
3101 3556 3119 3588 ι
3180 3540 3484 3610 ἐπισκοπῆς
3532 3541 3662 3593 ὄντα

2083 3626 2274 3695 καιρὸν
2325 3625 2631 3690 κατέδειξεν
2687 3628 2930 3697 ἐναργῶς
2979 3629 3070 3681 τὸν
3125 3630 3225 3698 τῆς
3254 3630 3347 3683 τοῦ
3408 3631 3661 3703 Σωτῆρος

2085 3716 2398 3787 ἐπιδημίας.
2461 3735 2479 3767 ι
2522 3717 2893 3788 Ἐπεσκέψατο
2943 3718 3052 3789 γὰρ
3107 3721 3257 3790 ἡμᾶς
3316 3721 3547 3793 ἀνατολὴ
3602 3723 3660 3789 ἐξ

2084 3808 2252 3878 ὕψους
2272 3848 2285 3872 ,
2330 3827 2348 3859 ι
2392 3808 2483 3860 καὶ
2567 3824 2731 3878 φησιν
2758 3809 2786 3860 ὁ
2818 3807 3001 3873 Δαϐὶδ,
3054 3826 3072 3860 ι
3114 3809 3319 3879 Κύριος
3348 3812 3406 3878 ἐξ
3428 3813 3656 3882 οὐρανοῦ

2082 3900 2173 3952 ἐπὶ
2199 3899 2298 3969 τὴν
2332 3901 2434 3969 γῆν
2460 3896 2780 3966 ἐπέϐλεψεν,
2820 3916 2836 3949 ι
2905 3899 3081 3952 καίτοι
3123 3899 3290 3953 πάλαι
3338 3901 3426 3954 διά
3453 3902 3550 3972 τὴν
3600 3904 3657 3954 ἐν

2082 3993 2213 4062 ἡμῖν
2236 3990 2505 4061 ἁμαρτίαν
2534 3990 2593 4041 οὐ
2626 3988 2919 4060 θεραπείας
2949 3989 3112 4055 ἀξιῶν
3139 3992 3198 4043 ού
3228 3992 3441 4060 φειδοῦς
3467 3992 3498 4062 ἢ
3524 3994 3660 4061 ἀγά-

2056 4099 2213 4152 ηπης,
2249 4082 2347 4151 οὐχ
2404 4081 2591 4152 ἐτέρου
2646 4082 2789 4143 τινὸς
2845 4083 2952 4135 τῶν
3001 4082 3257 4136 τοιούτων
3310 4084 3493 4146 ὅλως·
3541 4083 3658 4136 ἀλλ’

2083 4172 2245 4225 οἱονεί
2268 4190 2383 4235 πως
2412 4171 2889 4243 ἀπεστραμμένος.
2928 4174 3111 4246 Ταύτῃ
3137 4192 3217 4227 τοι
3267 4176 3359 4229 καὶ
3392 4176 3661 4248 τεταράγ-

2084 4261 2244 4333 μεθα,
2281 4262 2375 4314 καὶ
2414 4265 2683 4332 μαρτυρεῖ
2702 4261 2873 4330 λέγων
2904 4264 2931 4315 ὁ
2959 4264 3225 4336 μακάριος
3250 4265 3430 4318 Δαϐίδ·
3462 4284 3480 4316 ι
3504 4268 3661 4320 Ἀπο-

415 4374 550 4431 tem,
581 4373 633 4420 et
661 4364 1114 4443 misericordiam,
1148 4374 1202 4419 et
1232 4364 1359 4435 quid
1406 4378 1511 4418 non
1573 4363 1785 4417 tandem
1833 4359 1980 4415 omni

2088 4350 2416 4422 στρέψαντός
2446 4367 2539 4404 σου
2586 4350 2648 4404 τὸ
2676 4352 2986 4422 πρόσωπον,
3037 4354 3510 4425 ταραχθήσονται,
3564 4358 3659 4411 καὶ

411 4468 657 4508 sermone
690 4456 862 4526 majus
898 4463 953 4510 et
990 4455 1310 4510 admirabile
1348 4453 1621 4510 consecuti
1653 4450 1890 4506 sumus?

2086 4449 2166 4509 είς
2195 4445 2285 4497 τὸν
2310 4442 2439 4514 χοῦν
2462 4443 2642 4498 αὐτῶν
2670 4443 3112 4515 ἐπιστρέφουσιν.
3143 4464 3161 4497 ι
3208 4445 3424 4517 Ἐπειδὴ
3449 4447 3505 4499 δέ
3542 4446 3657 4511 νῦν,

409 4549 651 4603 τουτέστι
682 4551 824 4604 κατὰ
855 4551 945 4605 τὸν
963 4551 1057 4623 τῆς
1087 4550 1381 4622 ἐπιδημίας
1408 4549 1596 4619 καιρὸν
1633 4548 1955 4617 ἑωράκαμεν
1984 4547 2041 4599 ἐν
2078 4538 2193 4605 τοῖς
2236 4538 2531 4609 ὀφθαλμοῖς
2578 4537 2763 4606 αὐτοῦ,
2804 4538 3127 4611 σεσώσμεθά
3156 4557 3214 4593 τε
3240 4541 3331 4593 καὶ
3355 4541 3651 4613 ηλεήμεθα,

410 4643 504 4696 καὶ
531 4644 582 4695 τί
640 4645 748 4717 γὰρ
764 4646 886 4715 οὐχ).
939 4645 1047 4699 τῶν
1076 4646 1329 4699 ἐπέκεινα
1355 4644 1541 4713 λόγου,
1571 4642 1665 4696 καὶ
1695 4641 2041 4710 ἀξιαγάστων
2069 4636 2283 4709 ἀληθῶς
2306 4635 2747 4705 κεκερδήκαμεν;

659 4791 910 4883 TOM
935 4796 1066 4881 US
1140 4794 1725 4899 QUARTUS.

481 4961 642 5015 Vens.
668 4960 723 5017 9.
764 4959 949 5015 Gaude
990 4962 1328 5026 uehementer,
1362 4961 1473 5029 ﬁlia
1508 4962 1660 5025 Sion,
1723 4960 1968 5030 praedico,

406 5055 520 5125 ﬁlia
546 5052 863 5107 Jerusalem.
891 5050 1024 5106 Ecce
1062 5070 1154 5109 rex
1205 5064 1325 5107 tuus
1360 5054 1491 5107 venit
1535 5053 1629 5109 tibi
1652 5053 1833 5123 justus
1856 5093 1872 5120 ,
1927 5062 1975 5106 et

402 5146 634 5210 salsam,
654 5147 765 5214 ipse
806 5152 1129 5209 mansuetus,
1162 5155 1209 5199 et
1255 5145 1537 5201 ascendens
1586 5158 1740 5213 super
1787 5144 1974 5212 subju-

406 5238 593 5305 galem,
621 5244 670 5291 et
692 5236 893 5307 pullum
921 5250 1126 5288 novum.

474 5431 521 5464 "
550 5432 653 5489 lsa.
680 5450 732 5502 ν,
762 5436 816 5490 5.
925 5435 970 5467 ⁸ο
998 5432 1101 5491 lsa.
1140 5448 1289 5498 Lvtu,
1324 5433 1409 5486 l2.
1484 5432 1526 5464 "
1553 5431 1692 5484 Psal.
1727 5445 1914 5497 xxxix,
1947 5432 1999 5486 5.

2348 4783 2729 4869 ΤΟΜΟΣ
2802 4786 3393 4872 ΤΕΤΑΡΤΟΣ.

2151 4962 2329 5031 Xafpe
2377 4964 2632 5033 σφόδρα,
2667 4965 2917 5035 θύγατερ
2966 4967 3120 5022 Σιὼν
3143 5010 3158 5035 ,
3209 4970 3503 5039 κήρυσσε,
3552 4970 3655 5026 θύ-

2080 5071 2254 5124 γατερ
2300 5054 2713 5123 Ἰερουσαλήμ.
2778 5056 2921 5110 Ἰδοὺ
2983 5061 3016 5112 ό
3054 5059 3353 5127 ,βασιλεὺς
3388 5076 3509 5116 σου
3557 5061 3655 5129 ἕρ-

2078 5146 2246 5216 χετοι
2285 5162 2383 5199 σοι
2425 5146 2673 5211 δίκαιος,
2706 5148 2804 5201 καὶ
2845 5148 3066 5218 σώζων,
3095 5153 3275 5219 αὐτὸς
3312 5152 3520 5221 πρᾶος,
3557 5151 3658 5206 καὶ

2078 5236 2441 5304 ἐπιϐεϐηκὼς
2465 5236 2563 5289 ἐπὶ
2598 5236 2946 5310 ὑποζύγιον,
2983 5242 3081 5295 καὶ
3114 5242 3319 5297 πῶλον
3347 5244 3509 5298 νέον.

2078 5434 2121 5464 ⁸³
2148 5433 2273 5488 an.
2304 5449 2340 5499 ι,
2386 5434 2470 5489 78.
2548 5435 2595 5466 ⁸³
2619 5434 2760 5490 Psal.
2790 5452 2922 5502 XL-ll,
2964 5441 3016 5493 3.
3053 5439 3099 5471 "
3139 5438 3283 5497 Psal.
3305 5456 3423 5507 cm,
3449 5439 3542 5497 29.

472 5612 546 5683 (l)
586 5608 661 5668 ita
713 5612 995 5685 legendum
1043 5615 1292 5687 conjicio,
1346 5630 1440 5686 pro
1488 5613 1841 5685 ήγησαμένῳ,
1878 5614 1977 5670 nisi
2016 5614 2171 5669 malis
2206 5615 2545 5685 interpretari
2582 5615 2800 5673 Domino
2828 5634 2941 5671 suo.
