4092 6202
477 309 577 370 N5

1260 307 1810 373 COMMENTARIUS
1852 314 1917 371 ΙΝ
1954 314 2351 375 ΖΜΣΗΑΒΙΑΜ
2392 316 2836 379 PROPHETAM.

3625 328 3727 387 {-58

536 427 663 481 ΝΖ.
725 424 1054 496 ’Δναφανδὸν
1109 427 1166 480 ὲν
1228 444 1436 493 τουτοις
1480 429 1830 504 διακηρύττει
1865 431 2051 487 λοιπὸν

2225 434 2385 495 LVII.
2416 434 2698 493 Manifeste
2729 435 2816 492 his
2858 436 3038 493 verbis
3064 436 3359 494 Salvatoris
3381 438 3552 495 nostri
3582 456 3722 510 pra:-

466 518 558 574 τοῦ
597 517 851 589 Σωτῆρος
899 517 1057 589 ἡμῶν
1091 518 1191 589 τὴν
1239 520 1533 585 ἀνάδειξιν,
1593 520 1668 584 ώς
1717 521 1868 575 οὐδὲν
1908 523 2045 589 ὅλως

466 607 697 682 δρᾶσθαι
749 607 810 662 τὸ
865 609 1043 680 ἀνιᾷν.
1097 610 1322 681 Χαίρειν
1374 611 1474 681 μὲν
1520 611 1627 684 γὰρ
1676 614 2044 685 προστέταχεν

470 701 782 771 ἀναγκαίως
819 704 886 773 τῇ
945 705 1108 774 νοητῇ
1142 702 1301 769 Σιὼν,
1338 705 1432 759 ἆτε
1454 705 1518 777 δὴ
1549 708 1645 761 καὶ
1687 707 1866 777 πάσης
1888 706 2045 778 ἡμῶν

473 792 767 864 κατηφείας
794 792 1140 866 ἐξῃρημένης
1164 812 1177 859 ;
1205 795 1315 849 Ποῦ
1346 796 1454 869 γάρ
1480 796 1558 851 ἔτι
1584 798 1643 850 τὸ
1666 797 1928 867 κατηφὲς,
1950 800 2044 852 καὶ

464 885 555 940 ἐπὶ
591 885 737 956 τίσιν
786 884 852 939 ἂν
913 883 1124 955 γένοιτο
1172 886 1307 957 πρὸς
1350 887 1505 958 ἡμῶν
1553 887 1615 943 τὸ
1676 888 2043 959 κατοιμώζειν

463 977 622 1041 ὅλως,
651 975 1072 1049 άπεληλαμένης
1090 976 1187 1047 τῆς
1213 976 1509 1052 ἁμαρτίας,
1541 978 1635 1032 καὶ
1669 978 1763 1033 τοῦ
1810 979 2040 1034 θανάτου

464 1067 873 1138 πεπατημένου,
904 1067 1250 1140 κεκλημένης
1281 1086 1340 1124 τε
1384 1069 1485 1141 τῆς
1506 1069 1793 1142 ἀνθρώπου
1828 1070 2043 1140 φύσεως

466 1161 545 1222 εἰς
566 1157 849 1230 ἐλεύθερον
873 1158 1112 1230 ἀξίωμα,
1129 1160 1221 1213 καλ⁵
1242 1162 1308 1231 τῇ
1330 1160 1430 1231 τῆς
1447 1160 1716 1226 υἱοθεσίας
1741 1179 2044 1233 κατεστεμ-

466 1252 634 1322 μένης
656 1252 840 1323 χάριτι
862 1293 876 1315 ,
910 1252 1003 1309 καὶ
1040 1253 1154 1316 τοῖς
1192 1251 1420 1318 ἄνωθεν,
1445 1253 1538 1307 καὶ
1567 1252 1627 1317 ἐξ
1674 1253 1906 1325 οὐρανοῦ
1939 1270 2041 1324 χα-

469 1341 691 1415 ρίσματι
722 1340 1234 1412 κατηγλαῖσμένηςς
1267 1340 1551 1413 Ἐπιτήρει
1580 1343 1659 1407 δὲ,
1688 1344 1770 1396 ὅτι
1809 1342 1907 1414 τὴν
1941 1343 2037 1397 τοῦ

464 1432 715 1502 Σωτῆρος
764 1430 925 1503 ἡμῶν
984 1431 1287 1503 παρουσίαν
1335 1432 1838 1504 εὐαγγελιζόμενος,
1878 1433 2039 1497 εὐθὺς

463 1522 734 1593 θυγατέρα
757 1522 856 1593 τὴν
885 1521 1023 1575 Σιὼν
1052 1524 1337 1577 ἀποκαλεῖ.
1389 1524 1601 1596 Σφόδρα
1626 1525 1688 1596 δὴ
1710 1522 1807 1582 οὖν
1840 1518 2038 1599 χρῆναι

464 1612 672 1683 χαίρειν
701 1611 869 1682 αὐτὴν
902 1606 963 1665 εὖ
1016 1612 1162 1683 μάλα
1217 1612 1606 1684 προστέταχεν,
1646 1614 2037 1687 ἀνακηρύττειν

463 1721 519 1756 τε
554 1705 839 1775 παρεγγυᾷ
861 1706 927 1776 τῇ
970 1704 1344 1775 Ἰερουσαλὴμ,
1377 1704 1450 1766 ὡς
1473 1705 1573 1777 ήδη
1607 1706 1897 1776 παρέσται,
1941 1708 2034 1762 καὶ⁸

2147 526 2374 581 sentiam
2408 526 2667 596 deinceps
2718 525 3039 596 promulgat,
3096 536 3156 582 ut
3201 528 3434 585 tristitiae
3501 531 3723 588 relictus

2148 613 2296 671 locus
2329 616 2548 672 omnino
2579 616 2754 672 nullus
2798 618 3065 674 videatur.
3100 615 3262 673 Jubet
3306 619 3448 674 enim
3501 618 3719 686 Sjottent

2146 716 2264 772 quae
2311 704 2624 778 intelligitur
2659 706 2894 777 gaudere
2925 707 3091 775 serio,
3116 706 3279 763 veluti
3328 709 3474 763 omni
3521 725 3719 767 intero-

2148 808 2207 848 re
2254 804 2440 850 nostro
2472 796 2756 864 dissipato.
2784 796 2893 852 Cur
2941 796 3084 851 enim
3113 796 3291 853 adhuc
3352 809 3678 850 maereamus
3702 837 3717 860 ,

2145 894 2237 938 aut
2281 885 2407 955 quid
2449 875 2629 941 rerum
2689 898 2995 944 nostrarum
3073 888 3287 953 tandem
3339 888 3718 959 deplorentus,

2142 986 2363 1046 peccato
2390 977 2630 1046 depulso,
2666 978 2980 1034 conculcata
3010 988 3202 1045 morte,
3226 987 3280 1036 et
3328 981 3565 1036 humana
3626 999 3727 1038 tta-

2146 1074 2263 1119 tura
2301 1066 2367 1119 ad
2394 1066 2696 1122 libertatem
2724 1075 2779 1122 et
2828 1066 2992 1145 736
3034 1069 3345 1140 dignitatem
3402 1081 3615 1140 vocata,
3647 1084 3723 1146 ,ει

2143 1155 2314 1225 gratia
2341 1155 2648 1225 adoptionis
2682 1156 2916 1212 ﬁliorum
2947 1157 2993 1189 ⁸⁸
3018 1159 3404 1225 condecorata,
3445 1161 3725 1230 supernis—

2144 1258 2248 1313 que
2289 1258 2354 1299 ac
2376 1245 2691 1301 cmlestihus
2728 1247 3076 1304 cbarismatis
3127 1246 3443 1304 illustrata?
3480 1248 3719 1305 Observa

2143 1350 2325 1401 porro,
2351 1352 2474 1393 eum
2510 1335 2807 1394 Salvatoris
2860 1340 3033 1395 nostri
3096 1339 3385 1396 adventum
3434 1343 3719 1411 evangelia

2144 1438 2379 1495 zantem’,
2412 1429 2597 1484 statim
2626 1428 2757 1486 Sion
2782 1429 2946 1487 tiliam
2982 1430 3285 1493 nominare.
3330 1432 3509 1498 Quare
3535 1432 3720 1502 iustis.

2142 1519 2280 1575 sime
2310 1520 2477 1589 ipsam
2508 1520 2766 1589 majorem
2799 1522 2851 1577 in
2898 1522 3114 1577 modum
3171 1522 3411 1593 gaudere
3447 1524 3626 1594 jubet,
3665 1536 3720 1582 et

2141 1610 2461 1668 annuntiare
2481 1611 2777 1671 Jerusalem
2801 1614 3069 1682 hortatur,
3092 1617 3203 1686 jam
3228 1614 3559 1682 adfuturum,
3579 1625 3635 1673 et
3663 1619 3718 1674 in

2142 1717 2308 1759 carne
2342 1705 2713 1774 appariturum
2747 1720 2934 1777 regem
2962 1721 3141 1773 suum,
3184 1707 3393 1777 justum
3428 1718 3483 1764 et
3529 1707 3719 1764 Salva-

464 1795 907 1865 ὰναδειχθήσεται
959 1794 1100 1866 μετὰ
1138 1795 1340 1866 σαρκὸς
1385 1798 1414 1849 6
1460 1776 1713 1866 βασιλεὺς
1742 1797 1933 1869 αὐτῆς,
1964 1798 2040 1852 δί-

2148 1804 2337 1853 lorem.
2374 1797 2695 1855 Justiilcavit
2720 1776 2863 1855 enim
2893 1813 2991 1856 nos
3020 1801 3073 1855 in
3135 1800 3238 1855 litie
3280 1801 3528 1856 Christus
3548 1801 3616 1863 ⁸⁸.
3662 1812 3717 1856 et

464 1902 637 1949 καιος,
671 1887 767 1939 καὶ
818 1884 1025 1945 σώζων.
1065 1885 1396 1940 Δεδικαίωκε
1445 1889 1555 1958 γὰρ
1582 1890 1731 1960 ἡμᾶς
1770 1892 1827 1944 ἐν
1856 1892 2038 1946 πίστει

464 1977 715 2047 Χριστὸς,
747 1977 841 2029 καὶ
860 1975 968 2048 τὴν
1016 1976 1114 2047 τῆς
1171 1977 1444 2049 σωτηρίας
1473 1980 1796 2050 κατευρύνει
1854 1982 2038 2054 τρίϐον

462 2070 572 2130 τοῖς
633 2065 948 2137 προσιοῦσιν
1002 2065 1169 2135 αὐτῷ.
1231 2067 1389 2121 Ἐστι
1424 2068 1480 2121 δὲ
1526 2069 1662 2141 πρὸς
1708 2069 1915 2134 τούτοις
1946 2073 2041 2125 καὶ

466 2160 655 2229 πρᾶος,
707 2158 767 2211 οὐ
803 2159 1033 2231 νομικὴν
1067 2159 1392 2231 προσφέρων
1432 2161 1757 2233 ἀποτομίαν,
1784 2167 1902 2220 οὐδὲ
1946 2168 2041 2223 θαο

462 2249 607 2319 νάτῳ
644 2248 1056 2321 τιμωρούμενος
1112 2251 1237 2315 τοὺς
1292 2251 1728 2322 παραϐαίνοντας
1780 2258 2036 2331 ἐντολὴν,

466 2339 732 2405 σώζωνδὲ
768 2341 972 2412 μᾶλλον
1022 2342 1082 2407 ἐξ
1124 2342 1601 2413 ήμερότητος,καὶ
1646 2349 1871 2415 ἀνιστὰς
1914 2355 2041 2418 τοὺς

464 2430 853 2502 ώλισθηκότας.
890 2431 1229 2503 Ἀνὲγνωμεν
1284 2434 1343 2488 δὲ
1380 2436 1462 2488 ὅτι
1502 2455 1519 2487 ι
1543 2437 1615 2490 Τὸ
1638 2438 1874 2510 γράμμα
1908 2443 2042 2496 ἁπο-

467 2524 686 2590 κτείνει,
715 2525 778 2578 τδ
812 2524 868 2577 δὲ
898 2525 1116 2597 πνεῦμα
1142 2525 1412 2591 ζωοποιεῖ.
1449 2547 1468 2579 ι
1531 2529 1771 2602 Γράμμα
1803 2533 1904 2604 μὲν
1931 2536 2040 2607 γάρ

463 2619 493 2669 6
511 2617 779 2688 κολαστής
810 2618 958 2671 ἐστιν
977 2617 1160 2688 νόμος,
1187 2619 1221 2689 ή
1243 2619 1393 2685 σκιὰ,
1425 2620 1520 2674 καὶ
1549 2622 1577 2674 6
1605 2622 1795 2687 τύποςσ
1823 2624 2039 2696 πνεῦμα

468 2710 526 2761 δὲ
563 2708 858 2773 ζωοποιοῦν
883 2709 1030 2763 ἔστιν
1055 2708 1084 2761 6
1113 2709 1368 2779 Χριστὸς,
1402 2712 1461 2765 ὲν
1509 2713 1781 2784 πνεύματι
1809 2716 1917 2788 γὰρ
1947 2719 2041 2771 καὶ

469 2799 695 2874 ἀληθείᾳ
714 2800 1070 2870 δεδιδάγμεθα
1097 2806 1422 2873 προσκυνεῖν
1448 2803 1537 2858 διὰ
1561 2806 1658 2877 τῆς
1677 2808 2042 2881 εὐαγγελικῆς

468 2892 820 2956 παιδεύσεως.
852 2893 973 2947 Ὅτι
1000 2892 1057 2947 δὲ
1086 2895 1180 2948 καὶ
1207 2895 1535 2967 ἐπιϐέϐηκεν
1568 2898 1662 2950 ἐπὶ
1684 2899 1860 2954 πῶλον
1900 2902 2039 2967 νέον,

466 2983 610 3037 οὕτω
640 3001 707 3049 τε,
741 2984 1066 3057 είσέφρησεν
1102 2989 1161 3041 ὲν
1214 2990 1327 3051 τοῖς
1365 2988 1761 3061 Ἰεροσολύμοις
1784 3033 1798 3055 ,
1837 2993 1898 3046 οὐ
1941 3012 2043 3065 μα-

2141 1887 2209 1941 ad
2239 1902 2298 1944 se
2322 1887 2702 1944 accedentibus
2734 1889 2982 1944 semitam
3021 1888 3214 1944 salutis
3232 1888 3439 1944 dilatat.
3482 1888 3575 1944 Est
3634 1890 3716 1945 in-

2146 1993 2309 2049 super
2332 1989 2660 2044 mansuetus,
2698 1993 2802 2034 non
2832 1978 3054 2050 legalem
3076 1977 3310 2034 an‘erens
3347 1980 3712 2045 severitatem,

2141 2084 2244 2125 nec
2278 2070 2590 2125 mandatum
2642 2070 2907 2127 violantes
2957 2070 3135 2139 capite
3198 2071 3457 2141 puniens:
3505 2073 3600 2126 sed
3648 2087 3714 2126 ex

2117 2158 2556 2219 mansuetudine
2603 2158 2803 2227 potius,
2830 2167 2885 2214 et
2939 2157 3122 2228 lapsos
3180 2159 3417 2225 erigens.
3463 2157 3716 2229 Legimus

2142 2257 2346 2313 autem,
2390 2265 2411 2298 ε
2442 2247 2645 2304 Littera
2683 2248 3147 2319 occidit,spiritus
3175 2248 3410 2305 viviﬁcat
3451 2248 3550 2302 ".t
3604 2248 3717 2304 Lit-

2143 2348 2258 2394 tera
2291 2339 2436 2394 ettim
2488 2349 2574 2395 est
2605 2339 2691 2397 lex
2720 2340 2954 2410 punitrix
2981 2378 3000 2406 ,
3033 2348 3088 2396 et
3150 2340 3341 2395 umbra
3393 2348 3447 2396 et
3501 2340 3669 2411 ﬁgura
3699 2341 3731 2395 ι’

2142 2428 2366 2498 spiritus
2394 2428 3060 2486 vivificansestCltristus
3087 2430 3134 2462 ⁸⁸
3167 2448 3179 2484 :
3222 2431 3274 2485 itt
3325 2430 3518 2503 spiritu
3571 2432 3715 2487 enim

2142 2530 2196 2574 et
2223 2521 2450 2575 veritate
2483 2535 2583 2589 per
2610 2521 2973 2596 evangelicam
3022 2522 3414 2577 institutionem
3444 2523 3586 2577 docti
3622 2539 3716 2579 su-

2145 2626 2266 2666 mus
2298 2611 2529 2666 adorare
2545 2611 2613 2664 ⁶⁹.
2645 2609 2971 2666 Ascendisse
2997 2620 3175 2666 autem
3224 2610 3429 2681 pullum
3492 2627 3716 2678 novum,

2143 2715 2199 2759 et
2233 2703 2307 2758 ita
2363 2704 2670 2774 ingressum
2736 2700 3188 2773 Hierosolymam,
3219 2700 3287 2755 ad
3343 2700 3553 2758 lirtnam
3593 2719 3718 2774 pro—

2142 2793 2414 2848 bationem
2443 2792 2624 2847 verbis
2661 2791 2845 2847 multis
2871 2800 2977 2847 non
3005 2798 3089 2846 est
3134 2805 3291 2862 opus.
3323 2790 3532 2847 Suliicit
3572 2792 3717 2853 enim

2146 2884 2540 2940 nobis-divinus
2589 2883 2942 2955 evangelista,
2977 2883 3118 2955 apud
3171 2898 3332 2953 quem
3400 2885 3543 2940 istud
3580 2885 3719 2941 serio

2142 2989 2291 3052 ptum
2315 2962 2468 3034 est".
2489 2978 2688 3034 insedit
2701 2977 2897 3048 quippe
2916 2976 3058 3048 pullo
3074 2976 3321 3032 Christus
3333 2985 3591 3048 sequente
3601 2977 3720 3049 eius

467 3074 602 3146 κροῦ
642 3077 779 3148 πρὸς
801 3077 1171 3150 πληροφορίαν
1203 3079 1385 3161 δεήσει
1432 3080 1612 3150 λόγου.
1651 3083 1893 3157 Ἀπόχρη
1930 3088 2038 3161 γὰρ

2148 3080 2495 3139 matre:qua:
2528 3083 2616 3124 res
2644 3068 2796 3123 nobis
2840 3068 3094 3138 quiddam
3151 3068 3383 3123 maxime
3449 3068 3722 3137 singulare

466 3171 547 3233 εἰς
581 3169 764 3223 πίστιν
790 3171 923 3240 ἡμῖν
943 3171 973 3222 6
1000 3168 1287 3234 θεσπέσιος
1341 3171 1732 3243 εὐαγγελιστὴς
1752 3176 2044 3248 γεγραφὼς

465 3262 537 3314 τὰ
561 3262 760 3316 τοιάδε.
807 3261 1147 3333 Ἐπεκάθητο
1182 3261 1281 3333 μὲν
1311 3261 1421 3334 γάρ
1451 3263 1530 3333 τῷ
1585 3263 1748 3334 πώλῳ
1774 3267 2041 3337 Χριστὸς,

467 3352 652 3405 εἵπετό
682 3369 745 3421 γε
774 3352 935 3424 μὴνή
965 3351 1200 3406 τεκοῦσα
1220 3367 1235 3381 ⁸
1292 3353 1386 3407 καὶ
1442 3357 1667 3425 σημεῖον
1718 3357 1848 3427 ημῖν
1880 3359 2046 3428 ἀναγ-

468 3442 759 3499 καιοτάτου
789 3443 1111 3514 πράγματος
1155 3443 1217 3497 τὸ
1245 3443 1524 3516 δρώμενον
1571 3442 1661 3517 ἦν.
1705 3448 2047 3504 Ἐπανεπαύ-

471 3551 602 3587 σατο
620 3534 730 3607 γὰρ
755 3536 784 3589 6
807 3535 1041 3608 Χριστὸς
1059 3535 1138 3607 τῷ
1163 3535 1269 3607 νέῳ
1295 3535 1432 3607 λαῷ,
1462 3538 1708 3593 τουτέστι
1749 3540 1827 3612 τῷ
1852 3543 2047 3613 κεκλη-

473 3624 623 3700 μένῳ
642 3626 778 3697 πρὸς
833 3626 1129 3696 ἐπίγνωσιν
1160 3626 1420 3698 ἀληθείας
1464 3627 1544 3699 τῷ
1575 3629 2047 3703 εἱδιυλολατροῦντί

470 3731 627 3772 ποτε.
649 3713 752 3771 Οἷα
775 3716 887 3787 γάρ
922 3733 1007 3781 τις
1065 3712 1136 3789 ἧν
1165 3717 1365 3784 πῶλος,
1396 3717 1550 3773 οῠπω
1604 3720 2045 3794 δεδαμασμένος,

471 3806 597 3863 οὔτε
626 3808 734 3880 μὴν
762 3806 917 3871 σίδὼς
955 3807 1193 3880 βαδίζειν
1221 3808 1397 3880 ὀρθῶς
1417 3824 1431 3840 ’
1456 3811 1517 3864 οὐ
1547 3812 1655 3883 γάρ
1683 3828 1784 3865 που
1814 3812 1893 3883 τῷ
1921 3812 2050 3886 θείῳ

474 3897 935 3971 πεπαιδαγώγητο
967 3901 1136 3974 νόμῳ.
1186 3900 1325 3955 Ἀλλ’
1360 3901 1390 3955 6
1430 3903 1635 3969 πάντας
1664 3905 1813 3975 ἄγων
1845 3909 1924 3973 είς
1956 3909 2049 3963 εὑ-

474 3992 691 4062 τεχνίαν
741 3992 1141 4064 πνευματικὴν,
1198 3992 1548 4065 προὺπέθηκε
1602 3996 1702 4067 μὲν
1743 3998 1920 4070 ἑαυτῷ
1958 4000 2050 4054 τὸν

478 4082 679 4137 πῶλον.
714 4081 943 4151 Ἕψεται
963 4082 1019 4137 δὲ
1042 4084 1125 4136 ὅτι
1151 4084 1292 4139 κατὰ
1322 4086 1550 4155 καιροὺς
1578 4088 1674 4141 καὶ
1702 4090 1735 4159 ἡ
1770 4088 1876 4143 τῶν
1918 4091 2051 4144 Ἰου-

475 4174 639 4233 δαίων
690 4173 1022 4248 Συναγωγὴ,
1068 4174 1157 4230 διὰ
1218 4176 1319 4246 τῆς
1366 4176 1639 4249 ἑπομένης
1686 4177 1806 4232 ὄνου
1853 4179 2051 4235 δέδωκε

476 4268 636 4330 νοεῖν,
702 4264 948 4334 καίτοιγε
996 4267 1056 4320 ὲν
1112 4265 1289 4339 χρόνῳ
1334 4266 1413 4338 τῷ
1452 4268 1593 4322 κατὰ
1620 4268 1719 4340 τὴν
1770 4269 1962 4339 κλῆσιν
1991 4273 2053 4325 τὸ

478 4356 850 4428 πρεσϐύτερον
875 4357 1091 4428 ἔχουσα*
1117 4359 1541 4430 προεισκέκλητο
1562 4360 1670 4432 γὰρ
1690 4359 1780 4415 διὰ
1807 4361 2053 4427 Μωσέως

2146 3162 2423 3218 indicavit.
2452 3159 2668 3228 Quievit
2698 3160 2841 3215 enim
2866 3157 3114 3215 Christus
3141 3174 3305 3230 super
3327 3174 3469 3216 novo
3486 3161 3705 3231 papulo,

2148 3254 2250 3308 huc
2285 3260 2369 3308 est
2401 3252 2467 3307 ad
2494 3251 2825 3322 agnitionem
2856 3250 3101 3306 veritatis
3119 3261 3330 3320 vocato,
3361 3253 3452 3322 qui
3476 3252 3725 3322 aliquan,

2147 3345 2215 3400 do
2233 3343 2371 3398 idola
2388 3341 2768 3397 venerabatur.
2786 3339 2925 3397 insta
2936 3357 2960 3395 r
2973 3342 3101 3412 pulli
3119 3343 3316 3414 quippe
3329 3353 3469 3408 erat,
3483 3344 3719 3399 nottduttt

2148 3434 2399 3500 domitus,
2429 3449 2636 3504 necque
2676 3442 2821 3503 recta
2846 3420 3027 3489 sciens
3060 3434 3289 3503 ingredi,
3316 3444 3505 3506 utpote
3534 3436 3717 3501 divina

2147 3528 2270 3599 lege
2290 3527 2524 3582 nondum
2544 3527 2841 3581 institutus.
2861 3524 2966 3580 Sed
2988 3525 3077 3594 qui
3095 3538 3284 3581 omnes
3299 3529 3367 3582 ad
3383 3527 3720 3596 spiritualent

2148 3618 2429 3675 scientiam
2448 3616 2682 3683 deducit,
2704 3615 2805 3671 sibi
2834 3614 3037 3687 pullum
3060 3615 3371 3673 destinavit.
3393 3617 3718 3675 Secuturam

2148 3719 2327 3769 autem
2357 3707 2649 3779 aliquando
2687 3706 3056 3779 Synagogam,
3080 3722 3177 3777 per
3213 3706 3424 3762 asinam
3488 3722 3723 3780 sequen-

2150 3809 2258 3857 tem
2288 3814 2389 3856 nos
2409 3800 2586 3869 docet,
2615 3797 2863 3869 quamvis
2901 3807 3144 3869 tempore
3177 3797 3476 3854 vocationis
3502 3808 3724 3858 antece-

2150 3895 2270 3950 dat:
2306 3907 2404 3965 per
2432 3891 2615 3949 Mosen
2646 3890 2791 3948 enim
2814 3899 2870 3946 et
2898 3890 3187 3962 pmpbetas
3211 3899 3401 3947 vocata
3437 3899 3541 3946 est.
3588 3888 3725 3959 Quia

2151 4001 2280 4042 vero
2333 3986 2386 4041 in
2450 3999 2631 4056 regem
2672 3983 3008 4039 Salvatorem
3062 3981 3310 4056 peccavit
3370 3982 3547 4055 (non
3578 3984 3725 4038 enim

2152 4077 2312 4134 (idem
2347 4075 2641 4147 admisit),
2671 4076 2872 4131 ideirco
2911 4074 3125 4145 pullum,
3164 4076 3431 4146 sequitur,
3470 4082 3527 4129 et
3581 4071 3724 4131 facta

2152 4174 2235 4220 est
2263 4165 2318 4218 in
2349 4164 2600 4228 caudam,
2646 4164 2749 4217 hoc
2785 4172 2868 4217 est
2901 4163 3142 4233 sequela,
3178 4174 3245 4232 et,
3268 4173 3392 4233 post
3414 4173 3622 4236 gentes,
3672 4173 3728 4218 et

2153 4269 2272 4326 qua:
2299 4252 2401 4307 fuit
2426 4255 2623 4323 printa,
2663 4255 2837 4308 evasit
2871 4253 3082 4310 ultima.
3109 4254 3492 4317 Animadverte
3526 4269 3727 4325 porro,

2154 4345 2420 4416 quomodo
2453 4345 2519 4398 ad
2542 4353 2839 4401 extremam
2876 4345 3198 4403 dementiam
3226 4344 3511 4401 deﬂexisse
3540 4355 3729 4401 osten-

478 4450 572 4502 καὶ
598 4447 912 4521 προφητῶν.
950 4448 1171 4520 Ἐπειδὴ
1196 4448 1253 4503 δὲ
1274 4450 1683 4521 προσκέκρουκι
1710 4450 1788 4523 τῷ
1827 4450 2051 4516 σώζοντι

2157 4436 2247 4491 dat
2277 4435 2566 4489 humanam
2593 4443 2862 4501 naturam,
2896 4452 2916 4486 ι
2976 4436 3067 4505 qui
3104 4436 3401 4519 cognoscit
3469 4448 3630 4490 renes
3676 4445 3732 4489 et

481 4538 691 4609 βασιλεῖ
706 4539 789 4611 (οὐ
810 4538 919 4611 γάρ
940 4555 1023 4592 τοι
1055 4541 1369 4612 προσήκατο
1389 4540 1486 4612 τὴν
1514 4540 1747 4610 πίστιν),
1774 4541 1945 4614 ταύτῃ
1969 4558 2051 4599 τοι

479 4632 699 4695 δικαίως
726 4630 819 4685 τοῦ
844 4630 1023 4685 πώλου
1072 4631 1303 4685 κατόπιν
1344 4631 1561 4702 ἔρχεται
1600 4631 1774 4701 μόλις,
1819 4634 1913 4688 καὶ
1959 4632 2053 4703 τὲ-

480 4739 634 4791 γονεν
652 4724 732 4786 είς
753 4723 943 4793 οὐρὰν,
966 4724 1209 4776 τουτέστι
1248 4721 1736 4794 παρακολούθημα,
1760 4723 1854 4779 καὶ
1879 4723 2054 4777 ὀπίσω

477 4814 587 4868 τῶν
612 4814 672 4880 ἐξ
702 4814 895 4876 ἐθνῶν,
935 4815 1027 4868 καὶ
1054 4816 1087 4887 ἡ
1116 4813 1307 4885 πρώτη
1340 4813 1558 4882 γέγονεν
1600 4813 1825 4884 ἐσχάτη.
1863 4814 2055 4885 Ἀθρει

475 4906 555 4969 δὲ,
583 4904 732 4969 ὅπως
765 4906 844 4969 είς
876 4904 1110 4975 ἐσχάτην
1140 4904 1363 4972 ἀλογίαν
1401 4903 1862 4975 ἀπκομισθείσαν
1887 4902 2073 4967 ἔδειξε

473 4995 577 5069 τὴν
596 4996 884 5067 ἀνθρώπου
906 4995 1094 5065 φύσιν,
1118 5013 1137 5046 ι
1162 4997 1190 5049 6
1207 4996 1436 5069 νεφροὺς
1462 4993 1623 5058 είδὼς¹
1652 4995 1742 5047 καὶ
1769 4993 2015 5065 καρδίας.
2031 5012 2049 5046 ι

482 5092 628 5160 Ὅνῳ
652 5088 767 5159 γὰρ
786 5087 1178 5159 παρεικάζεται
1200 5089 1264 5157 τῇ
1284 5086 1405 5139 λίαν
1434 5085 1750 5156 ἀλογωτάτῃ
1775 5087 1867 5138 καὶ
1893 5087 1926 5156 ἡ
1949 5083 2057 5137 τῶν

490 5179 761 5233 Ἰουδαίων
785 5178 1106 5249 Συναγωγὴ,
1134 5179 1229 5232 καὶ
1252 5177 1391 5248 αὐτὴ
1418 5178 1475 5231 δὲ
1499 5177 1608 5237 τῶν
1656 5175 1826 5237 ἐθνῶν
1850 5177 1883 5246 ή
1918 5174 2058 5243 πλη-

480 5272 600 5335 θύς.
636 5273 701 5325 Οί
726 5272 827 5343 μὲν
864 5272 974 5343 γὰρ
995 5271 1414 5342 λελατρευκότες
1446 5274 1511 5342 τῇ
1564 5270 1736 5323 κτίσει
1782 5268 1934 5339 παρὰ
1965 5268 2058 5321 τὸν

481 5363 745 5416 κτίσαντα
776 5362 929 5416 Θεόν’
991 5365 1039 5416 oi
1069 5362 1127 5417 δὲ
1178 5362 1269 5416 τὸν
1311 5361 1656 5431 παιδαγωγὸν
1703 5360 2060 5432 ἀτιμάζοντες

484 5454 668 5526 νόμον,
700 5452 805 5523 ἔξω
841 5452 933 5506 νοῦ
969 5454 1062 5507 καὶ
1130 5453 1324 5524 φρενὸς
1351 5453 1636 5522 γεγόνασιν
1682 5451 1930 5527 οάγαθῆς,
1968 5450 2062 5504 καὶ

555 5635 603 5667 ⁸⁸
641 5634 802 5690 Rom.
838 5651 956 5698 vttt.
994 5635 1048 5692 5.
1124 5636 1169 5669 ⁸⁸
1208 5634 1382 5696 Galat.
1429 5653 1487 5701 tt,
1523 5635 1608 5689 l6.
1705 5634 1748 5665 ⁸⁷
1782 5633 1820 5686 ll
1862 5632 1986 5689 Cur.
2020 5648 2106 5690 xv.
2150 5632 2236 5686 45.

1873 5706 1921 5759 ἱτ.
1999 5705 2044 5731 °‘
2079 5705 2251 5757 Gali
2282 5719 2362 5769 ttt,
2400 5700 2488 5756 “li.

486 5718 602 5773 XXI,
642 5710 660 5759 l
711 5723 863 5775 seqq.
940 5708 983 5738 "
1026 5706 1168 5763 Psal.
1203 5721 1299 5774 vn,
1335 5707 1417 5760 i0.
1484 5706 1537 5775 ,⁸³
1573 5706 1728 5761 Rom.
1762 5723 1798 5772 t,
1834 5706 1921 5759 2’5.

2156 4526 2317 4582 corda
2343 4527 2445 4580 ⁸⁸.»
2472 4525 2638 4582 Asino
2660 4526 2830 4594 enim,
2853 4512 3113 4603 animanti
3134 4542 3178 4599 Ia
3209 4526 3420 4582 ratione
3443 4525 3732 4596 sejunctisa

2156 4615 2306 4672 simae
2333 4624 2389 4671 et
2410 4614 2718 4673 Iudaeorum
2748 4617 3070 4693 Synagogq,
3090 4625 3161 4695 .et
3210 4615 3447 4687 gentium
3506 4616 3736 4687 populus

2158 4718 2559 4780 comparantur.
2611 4707 2706 4764 Hae
2755 4724 2990 4780 namque
3027 4719 3289 4784 creaturae
3340 4710 3520 4779 potius
3571 4725 3734 4779 quam

2156 4801 2389 4857 creatori
2415 4800 2525 4858 Deo
2556 4803 2865 4856 servierunt
2892 4803 2938 4834 θ’
2965 4819 2979 4855 :
3004 4798 3080 4867 illi
3112 4801 3283 4870 legem
3314 4800 3663 4872 paedagogum
3687 4799 3736 4833 “

2159 4908 2254 4954 seu
2289 4894 2651 4949 institutorem
2688 4901 3065 4967 aspernantes,
3097 4892 3295 4949 bonam
3324 4902 3557 4948 mentem
3597 4891 3735 4946 ami-

2162 4992 2370 5049 serunt,
2412 4982 2575 5053 737
2610 4991 2665 5037 et
2704 4981 2760 5037 in
2798 4996 2958 5037 omne
2994 4997 3165 5051 genus
3194 4982 3460 5039 scelerum
3496 4980 3736 5039 declina-

2163 5084 2338 5131 runt.t
2363 5074 2670 5143 Comparati
2685 5075 2831 5129 enim
2850 5083 2973 5143 sunt
2989 5073 3249 5142 iumentis
3273 5073 3669 5143 insipientibus,
3683 5084 3738 5128 et

2164 5168 2367 5225 similes
2391 5168 2517 5222 facti
2541 5178 2667 5224 sunt
2692 5167 2800 5227 illis
2816 5168 2882 5236 ’⁸,
2898 5186 2917 5241 ι
3008 5166 3318 5224 Psaltesait.
3338 5164 3435 5221 Est
3456 5163 3656 5232 alioqui
3683 5172 3740 5219 et

2165 5259 2516 5318 immunditia:
2531 5258 2830 5331 symbolum
2854 5260 3038 5330 asinus
3062 5276 3076 5312 :
3097 5257 3374 5327 profanum
3398 5255 3596 5325 quippe
3618 5255 3738 5309 atti-

2166 5354 2343 5410 malet
2359 5353 2672 5409 damnatum
2703 5366 2733 5405 a
2757 5349 2875 5421 lege
2897 5349 2969 5404 ’⁵.
2990 5347 3146 5402 Tales
3174 5346 3392 5402 omnino
3410 5354 3536 5401 sunt
3554 5360 3741 5401 errore

2166 5456 2452 5518 vagantes,
2492 5454 2549 5501 et
2589 5438 2819 5527 libenter
2871 5442 2925 5499 in
2962 5439 3211 5512 peccatis,
3257 5452 3375 5494 sese
3409 5439 3735 5495 volutantes.

3469 5621 3513 5655 ac

2341 5632 2386 5665 ⁸⁸
2424 5632 2438 5684 Ι
2476 5629 2603 5687 Cur.
2637 5646 2725 5693 xv,
2760 5627 2849 5682 45.
2927 5624 2972 5660 θ’
3000 5623 3272 5691 lenne-tv,
3304 5622 3394 5687 24.
3469 5621 3513 5655 "'
3541 5619 3737 5678 Matth.

2351 5744 2362 5766 ,
2400 5700 2488 5756 “li.
2569 5702 2619 5734 ⁵⁵⁷
2648 5696 2788 5755 ΡςίιΙ.
2821 5713 3005 5766 λιιινιιι,
3048 5695 3138 5751 ει.
3216 5697 3265 5729 ’³
3290 5692 3460 5751 Exod.
3506 5707 3625 5760 xm,
3651 5691 3735 5747 13.
