4098 6206
387 250 492 308 iit-7
1376 253 1434 310 S.
1475 253 1752 312 CYRILLI
1791 251 2258 312 ALEXANDRINI
2297 251 2622 312 ARCHIEP.
3547 249 3648 306 HS

384 370 526 443 πρὸς
560 333 671 425 πάν
717 363 856 436 εἶδος
899 370 1236 443 φαυλότητος
1302 370 1745 437 ἀπονενευκότες.
1783 391 1803 426 ι
1871 373 2440 448 Παρασυνεὸλήθησαν
2493 375 2604 445 γὰρ
2649 372 2762 438 τοῖς
2809 371 3029 443 κτήνεσι
3069 368 3180 433 τοῖς
3222 366 3510 440 ἀνοήτοις,
3558 365 3655 420 καὶ

381 461 695 534 ὡμοίωνται
719 465 925 530 αὐτοῖς,
957 483 976 518 ι
1012 465 1157 519 κατὰ
1190 467 1288 537 τὴν
1315 466 1410 520 τοῦ
1431 467 1740 530 Ψάλλοντος
1797 469 2002 538 φωνήν.
2049 470 2210 535 Ὅνος
2274 470 2331 525 δὲ
2357 471 2454 527 καὶ
2497 470 2702 542 ἑτέρως
2745 466 3089 540 ἀκαθαρσίας
3119 462 3408 535 σύμϐολονυ
3437 461 3658 544 άνίερον

382 552 576 626 γὰρτὸ
603 551 761 622 ζῶον,
823 555 918 610 καὶ
953 555 1052 628 τὴν
1098 557 1164 610 ἐκ
1217 556 1384 628 νόμου
1430 560 1774 634 κατάρῤησιν
1820 558 1963 630 ἔχον.
2040 561 2365 618 Τοιοῦτοιδὲ
2403 564 2624 626 πάντως
2687 562 2738 615 οἱ
2789 559 3134 631 πλανώμενοι
3179 557 3274 611 καὶ
3309 552 3659 626 φιλαμαρτή-

433 659 573 696 ονες.

433 660 518 694 ονε
557 681 573 696 .

389 660 430 716 μ
459 660 626 788 Vagus.
660 734 746 788 10.
775 734 844 789 Et
877 736 1143 805 disperde!
1171 739 1457 808 quadrigas
1491 757 1557 796 ea:
1607 740 1861 812 Epitraim
1881 781 1896 806 ,
1920 751 1969 797 et

2151 739 2261 795 Kal
2318 741 2741 808 ἐξολοθρεύσει
2803 740 3038 810 ἅρματα
3095 737 3163 802 ἐξ
3209 737 3450 808 Ἐφραῒμ
3474 778 3488 802 ,
3560 737 3658 792 καὶ

385 840 574 895 equum
617 826 681 879 de
715 825 1033 894 Jerusalem,
1083 837 1133 886 et
1166 829 1423 893 disperdet
1467 848 1649 885 arcum
1701 831 1966 900 bellicum,

386 925 433 969 et
464 916 872 986 multitudinem,
899 929 946 973 et
992 937 1175 988 pacem
1206 937 1272 974 ea:
1303 923 1559 990 gentibus,
1588 934 1638 978 et
1676 924 1974 978 dominabi-

389 1014 479 1058 tur
505 1022 762 1076 aquarum
793 1025 824 1061 a
851 1010 988 1070 mari
1016 1025 1178 1080 usque
1205 1013 1274 1065 ad
1301 1028 1467 1080 mare,
1501 1025 1548 1067 et
1599 1033 1630 1068 a
1664 1014 1971 1085 ﬂuminibus

392 1111 556 1166 usque
607 1096 678 1150 ad
712 1099 884 1154 exitus
913 1109 1089 1152 terret.

462 1275 648 1332 LVIII.
686 1278 1038 1350 Unigenitum
1073 1280 1348 1336 hominem
1394 1292 1602 1349 natum,
1639 1284 1972 1356 diligentium

393 1380 454 1422 se
481 1366 707 1438 pedibus
733 1368 1098 1437 subiecturum
1125 1388 1146 1423 ι
1184 1371 1536 1441 principatus,
1577 1383 1629 1429 et
1662 1385 1975 1444 potestates,

395 1468 452 1514 et
497 1459 680 1514 mundi
717 1463 960 1517 rectores
988 1461 1055 1530 θ’,
1093 1480 1112 1513 ι
1145 1462 1247 1517 hoc
1282 1473 1364 1517 est
1389 1464 1740 1522 detestabiles
1778 1471 1979 1525 d:emo-

401 1549 614 1604 niorum
648 1551 854 1617 turbas,
873 1560 929 1607 et
963 1551 1304 1608 subditorum
1337 1555 1470 1624 ipsis
1501 1571 1692 1612 omnes
1726 1558 1979 1616 inimicos

397 1641 598 1710 quique
615 1651 932 1711 cernuntur,
956 1646 1159 1716 quique
1175 1661 1278 1702 non
1296 1657 1614 1716 cernuntur,
1645 1659 1700 1704 et
1721 1652 1981 1706 contritu-

396 1747 517 1788 rum
535 1749 696 1790 omne
739 1736 958 1804 bellum,
983 1753 1014 1792 e
1052 1739 1208 1793 bonis
1232 1742 1380 1808 pacis
1414 1755 1508 1794 eos
1532 1741 1978 1808 exhilaraturum,

398 1825 498 1880 sub
550 1835 860 1898 legumento
895 1829 1181 1884 verborum
1225 1832 1574 1901 propheticus
1618 1847 1798 1890 sermo
1829 1835 1983 1890 nobis

399 1917 752 1976 demonstrat.
803 1919 1118 1977 lnvaserunt
1161 1925 1304 1979 enim
1353 1925 1642 1993 aliquando
1700 1926 1980 1999 Babylonii

399 2007 862 2081 ﬂierosolymitas,
882 2021 1042 2082 atque
1060 2013 1219 2068 etiam
1247 2017 1516 2072 nonnulla:
1534 2027 1724 2087 gentes
1741 2018 1984 2074 ﬁnitimae

399 2101 575 2170 equis,
595 2111 649 2154 et
699 2103 967 2168 curribus,
993 2112 1047 2158 et
1088 2107 1322 2161 arcubus
1371 2121 1465 2162 eos
1488 2118 1612 2162 sunt
1659 2111 1886 2176 adortae,
1926 2121 1984 2166 ιιι

403 2191 628 2261 legimus
645 2193 714 2260 ",
739 2202 900 2262 atque
923 2194 995 2248 ita
1017 2195 1330 2266 subjugatos
1353 2199 1546 2254 acerbe
1576 2211 1864 2258 vexarunt.
1900 2204 1983 2261 Ab

384 2293 596 2358 ‘eventu
635 2283 796 2354 igitur
820 2283 1022 2340 Christi
1052 2287 1456 2356 praeclariorum
1481 2305 1705 2360 opermn
1733 2293 1986 2362 splendo-

404 2389 516 2430 rem
539 2377 797 2440 ostendit,
818 2392 940 2431 cum
959 2378 1032 2434 ait
1056 2401 1069 2435 :
1102 2379 1198 2446 Qui
1228 2380 1634 2450 salvat,justns,
1663 2399 1985 2444 etntansue-

404 2466 646 2522 tissimus
676 2483 770 2523 rex
788 2470 965 2524 veniet
993 2454 1231 2540 quidem,
1253 2486 1352 2527 nec
1382 2475 1547 2528 multo
1564 2487 1680 2546 post
1709 2479 1821 2533 haec
1853 2488 1986 2534 tem-

404 2573 557 2627 pora.
583 2557 965 2616 Verumtamen
1020 2578 1125 2616 non
1198 2580 1393 2635 magna
1457 2582 1579 2620 cum
1646 2569 1987 2624 multitudine

403 2649 721 2717 satellitum,
747 2665 852 2706 non
875 2651 1183 2722 stipatores,
1217 2669 1320 2708 non
1355 2655 1498 2711 mille
1546 2673 1724 2712 rerum
1783 2659 1988 2713 milita-

405 2741 545 2794 rium
579 2757 778 2809 gnaros
809 2758 992 2798 secum
1019 2744 1248 2800 habens.
1271 2746 1420 2802 Adeo
1449 2761 1626 2803 autem
1653 2735 1704 2803 in
1743 2750 1988 2804 modera-

406 2833 552 2886 tione
581 2832 746 2886 animi
774 2835 1123 2901 exercitatus,
1152 2847 1212 2892 ut
1251 2839 1415 2894 etiam
1470 2839 1556 2893 vix
1625 2841 1829 2910 pullum
1872 2843 1986 2896 asi-

406 2924 619 2978 narium
655 2926 910 2980 ascendat
933 2927 997 2982 ".
1035 2930 1134 2982 Ast
1169 2930 1367 2985 virtute
1398 2941 1578 2986 tantus
1603 2933 1707 2987 erit
1749 2941 1988 2986 tantum-

406 3031 510 3084 que
538 3018 776 3086 proderit
801 3018 854 3072 in
889 3033 949 3074 se
980 3020 1398 3086 conlidentibus,
1454 3033 1513 3076 ut
1558 3024 1767 3076 auferat
1799 3040 1990 3079 currus

373 3170 377 3177 η
407 3106 683 3178 Ephraim,
721 3119 774 3162 et
799 3123 995 3179 equum
1037 3110 1318 3166 abstrahat
1352 3113 1418 3167 ab
1449 3113 1987 3184 Jerusalem,disper—
2025 3166 2035 3177 ,

407 3199 498 3253 dat
521 3199 684 3253 etiam
745 3217 930 3255 arcum
981 3200 1256 3267 bellicum,
1289 3212 1342 3258 et
1405 3220 1669 3260 summam
1712 3221 1895 3275 pacem
1933 3206 1987 3260 in

411 3291 628 3360 longum
661 3304 754 3360 per
783 3307 972 3347 omnes
1001 3304 1189 3362 gentes
1237 3296 1509 3350 extendat.
1571 3296 1828 3365 Ephraim
1891 3312 1990 3352 no-

2071 832 2262 886 ἵππον
2313 833 2384 897 ἐξ
2455 832 2874 902 Ἰερουσαλὴμ,
2943 831 3042 884 καί
3087 819 3660 903 ἐξολοθρευθήσεται

2072 923 2255 989 τόξον
2283 925 2631 994 πολεμικὸν,
2680 927 2780 978 καὶ
2828 921 3079 990 πλῆθος,
3128 921 3227 976 καὶ
3290 920 3538 990 εἰρήνην
3590 919 3660 983 ἐξ

2073 1015 2298 1080 ἐθνῶν,
2374 1015 2472 1070 καὶ
2519 1015 2803 1084 κατάρδει
2855 1013 3094 1070 ὑδάτων
3161 1011 3278 1066 ἀπὸ
3337 1010 3660 1079 θαλάσσης

2073 1105 2185 1172 ἕως
2230 1105 2568 1174 θαλάσσης,
2612 1106 2710 1160 καὶ
2768 1104 2887 1160 ἀπὸ
2949 1101 3230 1175 ποταμῶν
3271 1102 3382 1168 ἓως
3429 1100 3657 1176 διεκϐοτ

2075 1197 2203 1252 λῶν
2228 1183 2370 1268 γῆς.¹

2147 1289 2281 1342 Nll'.
2312 1290 2434 1344 Ὀτι
2457 1290 2748 1361 γενόμενος
2775 1287 3060 1359 ἄνθρωπος
3089 1289 3118 1340 6
3165 1286 3494 1357 Μονογενὴς,
3549 1286 3662 1348 τοῖς

2078 1379 2186 1434 τῶν
2209 1380 2549 1450 ἀγαπώντων
2581 1381 2743 1435 αὐτὸν
2765 1381 3060 1451 ὑποφέρειν
3091 1378 3282 1450 ἔμελλε
3332 1379 3490 1431 ποσὶν
3527 1397 3546 1429 ι
3571 1377 3664 1448 ἀρ-

2079 1472 2180 1544 χάς
2207 1489 2264 1524 τε
2309 1473 2406 1525 καὶ
2451 1471 2720 1536 ἐξουσίας,
2771 1470 2867 1524 καὶ
2905 1470 3032 1533 τοὺς
3088 1470 3536 1541 κοσμοκράτορας
3567 1471 3661 1526 τοῦ

2081 1564 2286 1635 κόσμου
2323 1564 2568 1629 τούτου,ι
2595 1562 2840 1615 τουτέστι
2886 1561 2955 1616 τὰ
2984 1561 3216 1633 βδελυρὰ
3247 1561 3354 1614 τῶν
3374 1561 3663 1630 δαιμονίων

2084 1655 2268 1726 στίφη,
2304 1654 2482 1708 πάντα
2505 1672 2564 1707 τε
2597 1654 2780 1715 αὐτοῖς
2815 1653 3141 1705 ὑποτάσσειν
3162 1651 3355 1724 ἐχθρόν
3379 1653 3574 1723 ὁρατόν
3605 1669 3662 1705 τε

2083 1749 2178 1800 καὶ
2201 1747 2452 1818 ἀόρατον,
2486 1747 2578 1800 καὶ
2599 1746 2779 1799 πάντα
2807 1743 3116 1815 συντρίΰειν
3150 1743 3406 1814 πόλεμον,
3438 1744 3531 1796 καὶ
3555 1747 3665 1807 τοῖς

2084 1839 2143 1904 ἐξ
2193 1840 2417 1910 εἰρήνης
2463 1838 2887 1909 κατευφραίνειν
2952 1835 3199 1904 ἀγαθοῖς,
3257 1835 3667 1905 αἰνιγματωδῶς

2083 1932 2219 2000 ἡμῖν
2253 1931 2280 1982 ὁ
2319 1929 2658 2000 προφητικὸς
2689 1927 2974 1996 ὑποφαίνει
3004 1926 3182 1992 λόγος.
3205 1927 3411 1998 ’ῌεσαν
3442 1927 3536 1994 μὲν
3559 1926 3668 1996 γάρ

2087 2023 2229 2077 κατᾶ
2267 2023 2492 2094 καιροὺς
2515 2019 2654 2075 κατὰ
2683 2020 2791 2073 τῶν
2818 2017 3082 2091 Ἰεροσολύ
3094 2036 3205 2088 μων
3239 2018 3288 2070 οἱ
3319 2015 3665 2078 Βαϐυλώνιοι,

2013 2083 2061 2141 Β
2089 2113 2183 2168 καὶ
2213 2112 2318 2184 μὴν
2347 2083 2440 2164 καὶ
2463 2110 2642 2181 ’ἑτεροί
2696 2127 2842 2173 τινες
2869 2108 2978 2162 τῶν
3037 2109 3250 2179 ὁμόρων
3284 2107 3452 2161 ἐθνῶν
3483 2107 3671 2169 ἵπποις

2084 2221 2144 2258 τε
2179 2204 2273 2258 καί
2304 2203 2548 2274 ἅρμασιν
2571 2201 2926 2272 ἐποχούμενοι
2947 2243 2962 2264 ,
3018 2201 3110 2254 καὶ
3149 2200 3430 2270 βάλλοντες
3461 2199 3632 2263 τόξοις
3653 2237 3668 2260 ,

2086 2291 2229 2348 κατὰ
2262 2290 2323 2344 τὸ
2378 2291 2785 2362 γεγραμμένον,
2834 2287 3247 2359 κατεχειροῦντό
3287 2305 3343 2339 τε
3383 2285 3545 2348 οὕτω,
3577 2286 3671 2338 καὶ

2087 2384 2307 2452 πικροῖς
2367 2379 2578 2442 ἐνίεσαν
2617 2377 2818 2441 πόνοις.
2866 2377 2997 2429 Ἀπὸ
3050 2376 3180 2444 γοῦν
3227 2373 3321 2428 τοῦ
3354 2375 3670 2450 συμϐαίνειν

2087 2471 2359 2533 εἰωθότος,
2397 2469 2505 2522 τῶν
2539 2468 2631 2520 ἐπὶ
2658 2465 2896 2538 Χριστοῦ
2937 2465 3379 2536 κατορθωμάτων
3402 2465 3498 2535 τήν
3529 2463 3670 2535 λαμ-

2088 2563 2334 2634 πρότητα
2371 2561 2538 2631 δηλοῖ.
2574 2560 2634 2613 Ὀ
2664 2559 2772 2629 γάρ
2799 2575 2878 2611 τοι
2928 2557 3135 2622 σώζων,
3186 2557 3371 2627 φησιν,
3401 2557 3440 2608 λὸ
3468 2555 3674 2619 δίκαιός

2085 2671 2146 2706 τε
2175 2654 2268 2707 καὶ
2305 2653 2610 2725 πραότατος
2664 2649 2936 2722 βασιλεὺς,
2995 2647 3245 2717 ἀφίξεται
3304 2648 3420 2718 μὲν,
3453 2647 3546 2701 καὶ
3573 2648 3671 2700 οὐκ

2089 2747 2168 2809 εἰς
2195 2746 2433 2816 μακράν.
2467 2744 2612 2815 Πλὴν
2639 2743 2698 2796 οὐ
2735 2741 2910 2811 πολλῷ
2944 2739 3134 2812 πλήθει
3157 2738 3264 2792 τῶν
3293 2738 3668 2802 ὑπασπιστῶν,

2089 2837 2148 2889 οὐ
2187 2836 2556 2908 δορυφόρους,
2609 2834 2669 2886 οὐ
2730 2832 2956 2904 μυρίους
3006 2831 3144 2902 ἔχων
3195 2832 3320 2894 τοὺς
3369 2831 3574 2894 εἰδότας
3604 2828 3674 2883 τά

2089 2925 2341 2982 τακτικά.
2392 2925 2740 2994 Ἐπασκήσας
2769 2940 2828 2975 τε
2855 2922 3024 2986 οὕτως
3081 2923 3138 2974 ὲν
3168 2921 3288 2992 ήθει
3316 2920 3376 2973 τὸ
3432 2921 3671 2990 μέτριον,

2090 3015 2230 3068 ὥστε
2277 3014 2371 3067 καὶ
2424 3013 2576 3084 μόλις
2630 3013 2885 3081 ἐπιϐῆναι
2928 3011 3021 3064 τοῦ
3074 3011 3276 3066 πώλου.
3331 3011 3474 3081 Πλὴν
3523 3010 3674 3063 ἔσται

2091 3105 2341 3170 τοσοῦτος
2374 3107 2453 3170 εἰς
2477 3104 2698 3177 ἀρετὴν,
2750 3106 2933 3175 ὀνήσει
2965 3122 3025 3156 τε
3064 3102 3207 3156 οὕτω
3238 3103 3362 3166 τοὺς
3402 3101 3486 3154 ἐπ’
3529 3100 3676 3171 αὐτῷ

2093 3195 2441 3259 πεποιθότας,
2472 3195 2547 3256 ὡς
2572 3195 2842 3265 περιελεῖν
2899 3193 2996 3264 μὲν
3028 3193 3249 3262 ἅρματα
3303 3190 3360 3257 ἐξ
3399 3187 3671 3261 Ἑφραῒμ,

2092 3287 2399 3356 ἀποστῆσαι
2429 3287 2483 3340 δὲ
2509 3286 2603 3339 καὶ
2641 3286 2825 3339 ἵππων
2855 3284 2913 3350 ἐξ
2948 3283 3323 3355 Ἰερουσαλὴμ,
3367 3279 3677 3350 ἐξολοθρεῦ-

408 3379 582 3434 minat
619 3379 805 3436 decem
843 3383 1016 3438 tribus
1049 3385 1099 3439 in
1125 3387 1405 3454 Samaria;
1458 3385 1754 3442 Jerusalem
1786 3389 1988 3442 incolas

2095 3397 2182 3432 σαι
2226 3379 2282 3430 δὲ
2320 3377 2417 3431 καὶ
2473 3377 2626 3443 τόξον
2663 3376 2976 3446 πολεμικὸν,
3035 3377 3126 3427 καὶ
3161 3375 3384 3443 εἰρήνην
3423 3372 3676 3425 ἀπλῶσαι

411 3461 553 3542 ejus,
588 3471 780 3528 Judam
810 3474 1018 3531 scilicet
1049 3486 1104 3532 et
1133 3476 1432 3549 Benjamin.
1468 3480 1855 3548 Argumentum
1887 3480 1988 3550 igi-

410 3572 499 3617 tur
525 3565 834 3621 securitatis
880 3576 936 3622 et
993 3567 1142 3636 pacis
1203 3569 1551 3638 propheticus
1613 3586 1792 3625 sermo
1837 3572 1992 3627 nobis

410 3657 682 3726 proponit.
711 3655 826 3712 Non
855 3649 998 3712 enim
1028 3659 1182 3713 facile
1218 3661 1602 3724 incnrsabitur,
1653 3661 1848 3731 inquit,
1915 3663 1990 3736 cio

410 3749 551 3803 vitas
582 3759 770 3803 sancta
799 3749 865 3801 ab
919 3750 984 3804 iis
1008 3751 1100 3819 qui
1131 3767 1249 3805 eam
1294 3753 1528 3822 atl‘ligere
1561 3764 1848 3819 conantur,
1898 3754 1993 3809 atl-

411 3852 584 3909 eoque
615 3838 859 3893 dilatabit
895 3854 1117 3910 regnum
1151 3857 1306 3896 suum
1335 3842 1586 3898 Salvator
1619 3843 1760 3914 ejus,
1797 3854 1856 3897 ιιι
1895 3845 1990 3898 im-

413 3936 564 3998 peret
591 3927 684 3983 toti
712 3927 934 3994 Iudaeae,
962 3931 1144 3984 amari
1174 3945 1346 4001 usque
1382 3933 1447 3986 ad
1479 3933 1722 3986 ﬂumina.
1755 3932 1816 3986 lli
1847 3935 1991 3988 enim

413 4029 537 4076 sunt
570 4021 748 4076 exitus
793 4030 973 4085 terrae,
1008 4021 1112 4077 hoc
1146 4032 1228 4076 est
1293 4022 1425 4076 lines
1458 4033 1513 4077 et
1545 4025 1782 4078 termini.
1809 4025 1996 4081 Psallit

413 4109 644 4175 quodam
675 4109 794 4164 loco
845 4117 900 4163 et
937 4109 1149 4164 divinus
1191 4111 1356 4165 David
1401 4111 1564 4183 738
1612 4116 1679 4169 de
1713 4114 1993 4186 Synagoga

412 4199 718 4255 Judaeorum
749 4207 808 4256 ut
845 4203 910 4256 de
932 4202 1039 4256 vite
1087 4202 1346 4272 loquens:
1386 4223 1403 4254 ι
1445 4205 1699 4261 Extendit
1749 4207 1996 4277 palmites

415 4302 542 4343 suos
564 4303 736 4359 usque
759 4290 824 4343 ad
849 4305 1015 4357 mare,
1046 4300 1100 4346 et
1127 4307 1298 4360 usque
1327 4294 1391 4347 ad
1423 4295 1640 4350 numina
1673 4299 1996 4369 prapagines

413 4381 532 4449 ejus
563 4380 664 4436 ⁸⁸.»
693 4379 956 4436 Deﬂuitur
981 4382 1124 4437 enim
1158 4383 1316 4440 tellus
1376 4383 1685 4443 Iudaeorum
1735 4391 1890 4455 mari,
1945 4399 1998 4444 et

417 4473 636 4540 regione
665 4471 733 4526 ad
761 4481 1029 4540 austrum,
1065 4481 1119 4528 et
1161 4473 1362 4540 Indica,
1390 4484 1445 4529 et
1473 4491 1592 4545 quae
1638 4478 1835 4542 dicitur
1875 4478 1998 4548 Me-

416 4563 501 4616 dia
539 4564 843 4618 ﬂuminum.
871 4565 1069 4622 Verum
1101 4581 1158 4621 se
1211 4567 1350 4620 intra
1397 4567 1530 4622 istos
1589 4569 1723 4623 lines
1772 4586 1995 4642 regnum

415 4653 615 4708 Christi
650 4656 871 4710 minime
900 4658 1219 4712 continebit.
1253 4657 1599 4726 Progr-editur
1637 4668 1818 4714 autem
1869 4677 1996 4716 ora-

2095 3470 2332 3541 βαθεϊαν,
2366 3468 2462 3539 τὴν
2495 3470 2558 3520 ἐκ
2591 3469 2806 3521 πάντων
2840 3466 2948 3520 τῶν
2978 3465 3166 3519 ἐθνῶν.
3197 3463 3436 3536 Ἐερραῖμ
3465 3464 3520 3516 δέ
3547 3479 3678 3532 φησι

2091 3563 2191 3626 τὰς
2215 3563 2271 3614 ὲν
2299 3563 2364 3631 τῇ
2387 3559 2674 3632 Σαμαρείᾳ.
2703 3558 2834 3612 δέκα
2863 3558 3051 3627 φυλὰς,
3087 3556 3443 3628 Ἰερουσαλὴμ
3476 3555 3530 3607 δὲ
3556 3555 3679 3617 τοὺς

2093 3655 2150 3706 ὲν
2183 3654 2319 3724 αὐτῇ
2347 3653 2805 3721 κατοικήσαντας,
2849 3648 3053 3712 Ἰούδας
3079 3647 3135 3700 δὲ
3183 3640 3341 3700 οὗτοι
3369 3648 3461 3700 καὶ
3490 3647 3676 3700 Βενια-

2098 3744 2208 3816 μίν.
2247 3741 2454 3798 Οὐκοῦν
2491 3742 2789 3810 ἀσφαλείας
2828 3740 3105 3806 ὑπόθεσιν,
3153 3741 3248 3792 καὶ
3297 3739 3516 3812 εἰρήνης
3547 3740 3678 3808 ἡμῖν

2094 3839 2122 3891 ὁ
2154 3834 2488 3906 προφητικδς
2515 3835 2821 3904 εἰσκομίζει
2854 3833 3032 3902 λόγος.
3067 3833 3141 3884 Οὐ
3195 3829 3302 3903 γὰρ
3335 3831 3409 3884 ἂν¹
3431 3831 3678 3898 γένοιτο,

2096 3930 2282 3998 φησιν,
2317 3925 2725 3996 εὐκατάδρομος
2777 3926 2889 3986 τοῖς
2939 3923 3183 3975 ἐθέλουσι
3212 3923 3413 3975 κακοῦν
3464 3922 3498 3989 ἡ
3551 3921 3680 3989 ἁγία

2098 4017 2270 4081 πόλις,
2303 4018 2630 4086 κατευρυνεῖ
2659 4015 2714 4067 δὲ
2747 4013 2890 4068 οὕτω
2927 4015 3026 4083 τὴν
3083 4013 3278 4068 ἑαυτοῦ
3340 4013 3616 4085 βασιλείαν
3653 4014 3682 4066 ὁ

2099 4111 2286 4175 σώζων
2308 4109 2496 4181 αὐτὴν,
2521 4109 2596 4174 ὡς
2631 4109 2761 4179 ὅλης
2786 4107 3055 4180 κατάρξαι
3083 4107 3180 4178 τῆς
3231 4107 3514 4170 Ἰουδαίας,
3573 4104 3682 4159 ἀπὸ

2099 4204 2374 4272 θαλάσσης
2411 4202 2516 4264 ἕως
2549 4200 2830 4270 ποταμῶν.
2867 4194 3038 4255 Abeat
3081 4200 3188 4272 γάρ
3228 4201 3364 4252 εἰσιν
3394 4198 3450 4250 αἱ
3476 4196 3685 4250 διεκϐο-

2097 4298 2187 4350 λαὶ
2212 4297 2311 4367 τῆς
2351 4296 2475 4366 γῆς,
2510 4294 2755 4347 τουτέστι
2810 4292 2878 4346 τὰ
2927 4293 3160 4364 πέρατα.
3219 4290 3427 4344 Ψάλλει
3471 4288 3528 4341 δέ
3581 4304 3683 4340 που

2100 4387 2560 4460 καὶὁθεσπέσιος
2595 4385 2782 4451 Δαϐὶδ,
2821 4385 2896 4450 ὡς
2944 4387 3072 4457 περὶ
3102 4384 3346 4458 ἀμπέλου
3379 4383 3551 4451 λέγων
3585 4379 3687 4450 τῆς

2113 4479 2380 4534 Ἰουδαίων
2428 4476 2778 4548 Συναγωγῆςο
2826 4495 2845 4527 ι
2887 4476 3144 4542 Ἐξέτεινε
3185 4475 3280 4551 τάξ
3303 4472 3557 4542 κλήματα
3584 4468 3686 4522 αὖ·

2099 4572 2199 4642 τῆς
2248 4571 2351 4633 ἓως
2375 4569 2668 4638 θαλάσσης,
2713 4568 2806 4620 καὶ¹
2861 4567 2965 4630 ἓως
3032 4565 3294 4636 ποταμῶν
3352 4564 3449 4626 τὰς
3484 4571 3686 4631 ,παρα-

2105 4661 2312 4729 φυάδας
2341 4660 2529 4730 αὐτῆς.
2565 4680 2582 4710 ι
2612 4657 3014 4730 Τερματίζεται
3067 4658 3178 4730 γάρ
3209 4659 3240 4728 ἡ
3271 4655 3380 4710 τῶν
3417 4653 3688 4708 Ἰουδαίων

419 4744 496 4798 tio
543 4753 600 4796 ut
635 4747 701 4800 ab
763 4748 1010 4817 exemplo
1083 4750 1400 4818 particulari
1452 4751 1519 4803 ad
1579 4751 1888 4806 universum
1929 4764 1988 4812 ,ει

2105 4752 2350 4824 θαλάσσῃ
2377 4768 2458 4813 τε,
2491 4751 2586 4804 καὶ
2612 4749 2766 4822 χώρα
2813 4752 2877 4821 τῇ
2907 4750 3043 4820 πρὸς
3075 4749 3248 4811 νότον,
3311 4748 3404 4800 καὶ
3448 4745 3641 4815 Ἰνδικῇ
3671 4783 3685 4808 ,

419 4832 910 4904 generalissimum.
950 4833 1068 4888 Non
1098 4837 1240 4889 enim
1282 4835 1333 4888 in
1377 4835 1563 4891 Jutl;ea
1601 4838 1737 4902 sola,
1781 4841 1874 4893 sed
1945 4841 1995 4894 in

422 4933 534 4979 toto
565 4925 696 4978 orbe
727 4925 991 4992 regnabit,
1035 4935 1090 4982 et
1117 4942 1144 4978 a
1179 4925 1375 4981 ﬁnibus
1426 4927 1492 4981 ad
1558 4928 1692 4983 lines
1757 4939 2000 5000 potestas

419 5015 536 5084 ejus
561 5025 849 5085 propagata
879 5024 980 5071 est.

2107 4843 2201 4893 καὶ
2226 4843 2290 4912 τῇ
2314 4841 2621 4912 καλουμένῃ
2648 4841 2804 4910 Μέσῃ
2843 4840 2951 4892 τῶν
3005 4839 3286 4909 ποταμῶν.
3333 4838 3474 4890 Ἀλλ’
3500 4837 3600 4889 οὐκ
3632 4835 3688 4886 ὲν

2107 4931 2318 4996 τούτοις
2346 4934 2454 4995 τοῖς
2477 4933 2622 5003 ὅροις
2647 4933 2678 5000 ἠ
2707 4931 2944 5002 Χριστοῦ
2979 4930 3244 5000 βασιλεία,
3279 4927 3475 4983 πολλοῦ
3504 4945 3566 4996 γε
3596 4928 3690 4979 καί

2110 5025 2209 5078 δεῖ.
2241 5023 2439 5095 Ἕρπει
2472 5023 2528 5076 δὲ
2556 5025 2584 5075 6
2613 5021 2769 5090 λόγος
2799 5023 2874 5086 ὼς
2901 5024 2964 5075 ἐκ
2993 5021 3221 5093 μερικοῦ
3249 5021 3690 5093 παραδείγματος

421 5112 512 5165 ἐπὶ
551 5111 609 5164 τδ
641 5092 892 5173 καθόλου,
934 5110 1029 5162 καὶ
1087 5109 1466 5177 γενικώτατον.
1537 5111 1898 5168 Βεϐασίλευκε
1931 5116 2038 5187 γὰρ
2075 5117 2137 5170 οὗ
2187 5115 2285 5186 τῆς
2314 5092 2580 5177 ’Ἰουδαίας
2634 5114 2832 5184 μόνης,
2884 5092 3102 5186 ἁπάσης
3135 5115 3191 5170 δὲ
3222 5115 3422 5188 μᾶλλον
3453 5114 3552 5183 τῆς
3599 5109 3690 5166 ὑπ’

421 5201 670 5274 οὐρανὸν,
707 5203 802 5256 xei.
825 5201 934 5256 ἀπὸ
981 5201 1235 5272 περάτων
1274 5205 1355 5265 εἰς
1390 5202 1600 5274 πέρατα
1627 5203 1697 5256 τὰ
1723 5205 1820 5276 τῆς
1853 5204 2098 5271 ἐξουσίας
2124 5204 2288 5260 αὑτοῦ
2317 5203 2728 5276 κατευρύνεται.

499 5295 658 5351 Vens.
695 5296 777 5362 ll,
815 5296 902 5351 12.
935 5294 1005 5349 Et
1044 5305 1096 5351 tu
1136 5298 1190 5351 in
1225 5299 1480 5370 sanguine
1532 5301 1830 5354 testamenti
1876 5301 2004 5354 emi-

427 5386 537 5436 si-ti
598 5390 794 5440 tinctos
846 5396 962 5441 tuos
1020 5387 1085 5442 tle
1150 5386 1269 5442 lacu
1354 5404 1458 5442 non
1504 5388 1722 5442 habente
1787 5407 2002 5459 aquam.

427 5473 682 5530 Srdebitis
749 5477 804 5531 in
848 5480 1136 5535 munitione
1208 5480 1364 5535 vincti
1442 5481 1899 5552 congregationis,
1956 5491 2004 5535 et

2179 5299 2288 5354 Kal
2352 5297 2435 5353 σὺ
2497 5297 2568 5351 ἐν
2637 5298 2838 5368 αἵματι
2908 5297 3198 5365 διαθήκης
3254 5294 3693 5361 ἐξαπέστειλας

2112 5391 2400 5460 δεσμίους
2445 5405 2585 5454 σου,
2639 5389 2707 5442 ἐκ
2765 5389 2998 5444 λάκκου
3061 5391 3170 5442 οὐκ
3215 5387 3464 5457 ἔχοι-τος
3511 5384 3690 5454 ὕδωρ.

2115 5481 2468 5551 Hadriacos
2499 5482 2569 5536 ἐν
2605 5480 2949 5552 ὀχυρώμασι
2999 5480 3229 5549 δέσμιοι
3284 5476 3396 5544 τῆς
3419 5490 3693 5548 συναγω-

503 5653 545 5684 ”-
583 5649 778 5722 Ephes.
810 5667 884 5722 vt,
919 5655 1003 5712 12.
1078 5659 1120 5691 ’⁷
1153 5655 1291 5714 Psal.
1328 5672 1441 5726 ιιι,
1476 5657 1528 5714 8.
1607 5656 1654 5689 ’⁸
1684 5655 1871 5714 Mallh-
1900 5671 1988 5713 ΧΠ

2089 5659 2274 5729 Lscqq.
2380 5658 2422 5690 ’ν
2451 5657 2594 5714 Psal.
2641 5672 2826 5722 usus,
2863 5653 2942 5712 12.
