4092 6202
438 302 544 366 “9

1253 293 1807 355 COMMENTARIUS
1845 292 1911 350 IN
1953 291 2357 351 ZACHARIAM
2394 290 2848 349 PRMIETAM.

3596 292 3701 350 ιςο

433 418 588 490 τῆς,
632 418 735 473 καὶ
781 418 919 474 ἀντὶ
972 417 1114 489 μιᾶς
1180 417 1407 490 ἡμέρας
1450 418 1842 488 “pamulae
1904 432 2022 473 σου

2127 432 2369 490 pronae
2397 415 2483 471 die
2537 412 2993 486 peregrinationis.
3034 422 3143 471 tua
3187 413 3422 486 duplicia
3485 415 3700 471 reddam

436 508 623 566 διπλᾶ
669 508 1079 567 ἀνταποδώσω
1127 523 1248 565 σοι.

507 601 633 657 ΝΘ.
664 602 925 656 Μέτεισιν
960 604 991 655 6
1025 601 1181 670 λόγος
1230 602 1318 655 ἐπ’
1359 600 1523 656 αὐτὸν
1575 600 1680 672 ήδη
1722 599 1934 657 δίκαιόν
1960 614 2021 654 τι

440 694 531 748 καὶ
572 690 819 756 σώζοντα
848 691 1096 762 βασιλέα,
1133 691 1226 746 καὶ
1258 690 1361 762 μέν
1386 707 1469 746 τοι
1506 690 1602 745 καὶ
1627 691 1829 762 πρᾶον,
1861 705 2020 742 τουτ-

440 785 554 839 έστι
588 783 848 853 Χριστὸν,
883 785 979 838 καὶ
1018 783 1088 838 τά
1138 782 1399 855 λαμπρά,
1447 784 1543 838 καὶ
1586 779 1891 851 ἀξιάγαστα
1922 780 2024 852 τῆς

441 876 736 949 ἐπιδημίας
760 874 927 931 αὑτοῦ
962 874 1367 947 κατορθώματα
1406 874 1735 946 καθίστησιν
1785 872 2018 945 ἐναργῆ.

433 970 466 1027 ἰ
505 974 797 1029 Κεκένωκε
833 972 943 1045 γὰρ
975 954 1169 1028 ἑαυτὸν
1201 990 1220 1025 ι
1268 970 1433 1035 ἑκὼν,
1485 970 1778 1042 γενόμενος
1805 968 2021 1039 ἀνθρω-

441 1084 561 1135 πος,
595 1068 627 1120 δ
654 1065 956 1138 μονογενής
1006 1064 1103 1119 τοῦ
1150 1063 1287 1119 Θεοῦ
1327 1064 1521 1133 Λόγος.
1575 1079 1595 1116 ι
1639 1062 1937 1132 ’Υπέμεινε
1961 1058 2019 1114 δὲ

442 1158 535 1211 καὶ⁵
567 1156 822 1228 σταυρὸν,
852 1155 1118 1227 αισχύνης
1143 1155 1592 1227 καταφρονήσας,
1627 1173 1646 1207 ι
1678 1153 1773 1208 καὶ
1803 1150 2019 1206 τέθεικε

441 1249 537 1321 τὴν
568 1248 767 1303 ἑαυτοῦ
784 1248 987 1319 ψυχὴν,
1013 1248 1115 1319 τῆς
1154 1247 1410 1304 ἁπάντων
1439 1247 1588 1318 ζωῆς
1622 1245 1978 1317 ἀντάλλαγμα
2000 1282 2018 1309 ,

443 1341 817 1412 κατεκτήσατο
840 1339 919 1411 τῷ
941 1338 1062 1411 Θεῷ
1089 1338 1183 1393 καὶ
1206 1339 1386 1410 Πατρλ⁷
1426 1338 1527 1411 τὴν
1559 1336 1911 1410 ὐπ’-οὐρανὸν
1960 1335 2021 1388 ἐν

443 1434 634 1505 αἵματι
683 1433 951 1505 διαθήκης
979 1432 1220 1500 αίωνίου,
1244 1428 1315 1507 ἦς
1361 1428 1433 1505 ἦν
1472 1432 1644 1496 τύπος
1693 1431 1757 1485 τὸ
1801 1430 1888 1484 διὰ
1922 1426 2018 1482 τοῦ

365 1517 377 1523 ’
443 1525 721 1594 πανσόφου
776 1524 1021 1589 Μωσέως
1073 1527 1190 1589 τοῖς
1246 1524 1624 1596 ἀρχαιοτέροις
1661 1520 2017 1595 ὲπιρῤανθέν.

448 1614 684 1670 «Λαϐὼν
713 1615 857 1686 γάρ,
911 1616 1076 1687 φησὶ,
1137 1616 1343 1686 Μωσῆς
1392 1615 1455 1671 τδ
1512 1610 1654 1686 αἷμα
1701 1612 1832 1668 αὐτό
1865 1629 1925 1666 τε
1959 1611 2021 1665 τὸ

444 1708 664 1779 βιϐλίον,
690 1708 786 1761 καὶ
812 1707 990 1780 πάντα
1018 1707 1110 1762 τὸν
1141 1707 1269 1761 λαὸν
1298 1708 1606 1780 ὲῤῥάντισε,
1630 1705 1829 1776 λέγων’
1848 1704 2022 1759 Τοῦτο

439 1775 500 1852 τὸ
525 1793 666 1868 αἷμα
698 1799 797 1870 τῆς
823 1777 1092 1869 διαθήκης
1114 1792 1182 1872 ἧς
1201 1775 1406 1852 διέθετο
1426 1800 1561 1870 πρὸς
1592 1800 1734 1870 ὑμᾶς
1757 1800 1786 1852 6
1811 1798 1965 1861 Θεός.
1994 1813 2017 1849 ι
2054 1775 2095 1830 Β

453 1888 589 1942 Ἀλλ’
610 1889 795 1943 ἐκεῖνα
818 1889 919 1961 μὲν
939 1891 1135 1955 τύποι,
1175 1891 1268 1945 καὶ
1300 1890 1401 1962 τῆς
1453 1890 1714 1961 ἀληθείας
1737 1890 2020 1962 μόρφωσις

439 1973 526 2048 ἦν.
557 1978 704 2049 Αὐτὴ
730 1978 787 2032 δὲ
836 1978 1022 2033 λοιπὸν
1061 1982 1093 2051 ή
1144 1979 1369 2051 ἀλήθεια
1418 1980 1686 2050 Χριστὸς,
1738 1980 1768 2033 6
1813 1979 2021 2041 πάντας

442 2071 585 2142 ἡμᾶς
612 2061 888 2143 ἀγοράσας
916 2074 974 2127 ὲν
1007 2072 1201 2142 αἵματι
1240 2071 1528 2143 διαθήκηςδ
1588 2091 1608 2125 ι
1648 2069 2019 2143 Ἐκλελυτρώ.

445 2163 584 2234 μεθα
607 2163 738 2235 γὰρ,
769 2164 845 2228 ὡς
892 2166 921 2218 6
950 2164 1116 2219 αὐτοῦ
1163 2182 1297 2235 φησι
1334 2164 1605 2237 μαθητὴς,
1653 2165 1715 2219 οὐ
1758 2164 2021 2235 φθαρτοῖς

442 2254 689 2326 ἀργυρίῳ
736 2255 768 2327 ἦ
831 2255 1064 2326 χρυσίῳ,
1127 2257 1262 2312 ἀλλὰ
1309 2258 1478 2328 τιμίῳ
1508 2257 1701 2327 αἵματι
1740 2255 1816 2319 ὡς
1844 2251 2019 2326 ἀμνοῦ

442 2347 696 2417 ἀμώμου,
735 2348 830 2401 καὶ
874 2348 1105 2403 ἀσπίλου
1148 2348 1406 2421 Χριστοῦ.
1450 2368 1469 2400 ι
1503 2349 1574 2402 Σὺ
1601 2348 1803 2412 τοίνυν,
1830 2348 2018 2419 φησὶν,

441 2431 495 2490 ὦ.
521 2436 826 2492 δικαιότατε
871 2440 966 2492 καὶ
1003 2438 1276 2510 πραότατε
1310 2436 1556 2509 βασιλεῦ,
1582 2439 1641 2491 ὲν
1667 2437 1864 2507 αἵματι
1910 2436 2022 2489 δια-

442 2529 618 2605 θήκης
644 2530 769 2594 τοὺς
790 2531 919 2594 σοὺς
947 2531 1238 2599 γεγονότας
1278 2530 1535 2601 δεσμίους
1561 2529 1880 2598 (τουτέστιν
1925 2528 2020 2594 οὓς

440 2623 659 2692 δεσμοῖς
680 2622 899 2691 ἀγάπης
934 2622 1330 2692 κατέσφιγξας,
1356 2622 1451 2678 καὶ
1479 2625 1600 2687 ταῖς
1622 2625 1742 2688 σαῖς
1767 2622 2021 2691 ζεύγλαις

444 2715 784 2782 ὑπενεγκεῖν,
819 2715 913 2769 καὶ
947 2716 1247 2786 καταδῆσαι
1283 2716 1472 2785 σαφῶς
1518 2716 1618 2786 τὴν
1657 2717 1759 2785 τῆς
1784 2716 2022 2780 διανοίας

445 2806 715 2871 πέπεικας
745 2807 985 2879 αὐχένα)
1008 2807 1415 2874 ἐξαπέστειλας,
1441 2809 1717 2862 τουτέστιν
1768 2807 2022 2877 ἐξεκόμι-

448 2914 568 2962 σας,
618 2900 786 2972 ήγουν
833 2900 1129 2971 ἐξήγαγες,
1166 2901 1199 2968 ἢ
1259 2901 1469 2970 ἀνῆκας
1531 2919 1551 2952 ι
1580 2901 1645 2954 ὲκ
1679 2900 1883 2954 λάκκου
1923 2901 2024 2954 οὐκ

446 2990 663 3059 ἔχοντος
692 2991 858 3062 ὕδωρ.
896 3012 914 3045 ι
948 2993 1244 3063 Σημαίνειν
1269 2992 1326 3045 δὲ
1361 2991 1451 3046 διὰ
1472 2991 1662 3046 τούτου
1708 2991 1889 3062 φαμὲν
1922 2993 2024 3046 αύ-

444 3082 538 3137 τδν
566 3083 599 3153 ἢ
629 3084 718 3136 τὸν
737 3083 890 3155 ᾅδην,
915 3084 1006 3137 τὸν
1028 3085 1128 3137 οὐκ
1150 3084 1343 3154 ἔχοντα
1369 3084 1535 3155 ζωὴν,
1562 3084 1895 3155 ὲκδεξόμεθα
1914 3084 2023 3157 γὰρ
2055 3116 2097 3188 c

446 3176 529 3238 si;
552 3173 723 3227 τύπον
751 3174 898 3244 ζωῆς
916 3174 974 3228 τὸ
995 3174 1157 3247 ὕδωρ,
1173 3176 1338 3246 ἤγουν
1363 3176 1497 3247 ᾅδην
1530 3174 2023 3245 καταλογιούμεθα,

448 3266 545 3320 καὶ
579 3267 723 3335 μάλα
754 3267 949 3337 ὀρθῶς,
997 3266 1093 3338 τὴν
1128 3267 1221 3322 ὲπί
1240 3285 1303 3336 γε
1332 3270 1443 3332 τοῖς
1482 3268 1851 3339 ψευδωνύμως
1882 3267 2027 3331 θεοῖς

449 3358 689 3428 ἀπάτην.
723 3357 924 3429 Βόθρος
957 3359 1064 3428 γὰρ
1097 3358 1314 3428 ἀληθῶς
1351 3359 1413 3412 τὸ
1433 3360 1623 3431 χρῆμά
1652 3360 1822 3423 ἐστιν,
1855 3360 1935 3421 είς
1968 3357 2028 3412 ὃν

449 3447 609 3525 εἴπερ
634 3466 716 3512 τις
744 3448 881 3513 ὅλως
909 3448 1307 3519 κατολισθήσει,
1346 3449 1490 3519 ζωῆς
1515 3449 1804 3519 ἀμοιρήσει
1824 3447 1925 3518 τῆς
1948 3448 2027 3511 είς

449 3544 622 3595 αἰῶνα
639 3541 731 3595 τὸν
756 3541 1039 3611 μέλλοντα.
1078 3541 1203 3595 Ὅτι
1225 3540 1584 3595 δὲ-κεκένωκε
1613 3541 1703 3595 τὸν
1731 3541 1866 3612 ᾅδην
1887 3541 2027 3594 ἀπο-

448 3631 626 3686 θανὼν
654 3634 684 3686 6
712 3633 964 3704 Χριστὸς,
989 3632 1083 3686 καί
1104 3632 1273 3703 ἀνῆκε
1292 3636 1405 3697 τοῖς
1424 3635 1482 3687 ὲν
1508 3633 1723 3703 φυλακῇ
1755 3632 2028 3703 πνεύμασι

445 3722 549 3787 τὰς
576 3724 728 3777 κάτω
760 3723 959 3789 πύλας,
992 3724 1155 3779 παντί
1185 3741 1289 3778 που
1319 3724 1508 3794 σαφές.
1534 3725 1678 3795 Ἔφη
1703 3724 1760 3778 δέ
1787 3741 1888 3779 που
1933 3724 2030 3779 καὶ

445 3815 477 3868 6
508 3815 615 3868 τῶν
637 3816 774 3870 ὅλων
821 3816 955 3880 Θεὸς
1002 3816 1090 3873 διὰ
1147 3816 1333 3886 φωνῆς
1370 3817 1633 3888 Ἱερεμίου
1667 3818 1796 3888 περὶ
1819 3816 1927 3871 τῶν
1969 3816 2031 3881 te

459 3906 700 3979 Ἰσραὴλ,
730 3907 1195 3962 καταλελειπότων
1232 3907 1333 3978 μὲν
1354 3908 1541 3975 αὑτὸν,
1572 3907 1933 3979 τραπομένων
1971 3906 2030 3961 δῦ

450 3996 747 4068 φληνάφως
797 3998 877 4077 εἰς
920 3998 1139 4066 ἀπάτην
1184 3997 1545 4069 εἰδωλομανῆο
1574 4017 1593 4050 ι
1623 3997 1848 4069 Ἐξέστη
1879 3998 1908 4050 6
1938 3997 2032 4051 06-

452 4091 614 4163 ρανὸς
645 4091 738 4143 ἐπὶ
765 4090 961 4163 τούτῳ,
993 4092 1087 4145 καὶ
1114 4091 1332 4163 ἔφριξεν
1360 4092 1459 4146 ἐπὶ
1478 4091 1662 4145 πλεῖον
1691 4091 1918 4161 σφόδρα,
1950 4089 2031 4143 λέ-

449 4200 536 4252 γει
562 4182 791 4255 Κύριος·
822 4185 903 4238 ὅτι
962 4183 1076 4249 δύο,
1123 4184 1219 4238 καὶ
1270 4185 1481 4255 πονηρὰ
1523 4184 1780 4254 ἐποίησεν
1828 4185 1858 4237 6
1906 4183 2032 4246 λαός

452 4289 579 4343 μου.
619 4274 751 4345 Ἐμὲ
780 4273 1135 4342 ἐγκατέλιπον
1182 4273 1366 4346 πηγὴν
1416 4273 1609 4337 ὕδατος
1663 4272 1886 4339 ζῶντος,
1938 4273 2033 4327 καὶ

450 4362 667 4435 ὤρυξαν
694 4365 908 4428 ἑαυτοῖς
953 4364 1188 4429 λάκκους
1233 4366 1748 4437 συντετριμμένους,
1771 4368 1822 4420 οἳ
1848 4365 1910 4419 οὐ
1941 4366 2032 4419 δυ-

2127 509 2244 564 tibi.

2193 598 2580 655 LiX.'l‘ransit
2608 612 2754 656 nunc
2783 598 2958 656 oratio
3003 598 3071 654 ad
3125 597 3300 668 ipsum
3366 597 3590 670 justum,
3650 608 3706 655 et

2123 692 2482 761 Salvatorem,
2514 702 2684 764 atque
2702 693 2869 749 etiam
2895 700 3235 749 mansuetum
3267 706 3471 762 regem,
3515 692 3568 748 id
3621 701 3707 748 est

2122 785 2424 853 Christum,
2448 793 2506 841 et
2560 784 2791 841 illustria
2849 793 3014 854 atque
3067 782 3386 839 admiranda
3442 781 3704 837 adventus

2121 880 2239 949 ejus
2255 893 2419 951 opera
2436 878 2731 935 declarata
2759 876 3079 933 Exinanivit
3105 874 3251 931 enim
3274 873 3647 944 semetipsum‘
3681 891 3700 924 ι

2122 969 2327 1037 libens,
2392 969 2557 1026 homo
2613 969 2817 1026 factum
2866 966 3212 1040 unigenitum
3280 964 3377 1021 Dei
3442 963 3702 1019 Verbum.

2127 1078 2148 1114 ι
2172 1060 2445 1118 Sustinuit
2475 1075 2717 1128 crucem,
2749 1060 3070 1117 confusione
3095 1065 3399 1127 contempta
3427 1057 3449 1087 '
3476 1072 3496 1108 ι
3528 1063 3581 1111 et
3606 1068 3709 1124 pro

2120 1155 2364 1209 omnium
2391 1154 2501 1209 vita
2560 1154 2795 1210 animam
2853 1168 3007 1209 suam
3069 1150 3446 1215 commutavit,
3489 1147 3599 1204 Deo
3653 1143 3747 1204 et’

2122 1246 2269 1302 Patri
2308 1247 2565 1302 mundum
2606 1247 2660 1302 in
2702 1247 2967 1317 sanguine
3019 1234 3345 1301 testamenti
3378 1243 3568 1298 aeterni
3618 1255 3711 1299 ac-

2120 1340 2363 1409 quisivit,
2391 1338 2546 1410 cuius
2574 1349 2732 1412 typus
2762 1338 2862 1394 fuit
2899 1339 3119 1411 sanguis
3151 1352 3249 1408 per
3278 1335 3462 1392 Mosen
3488 1335 3708 1404 sapien-

2120 1432 2388 1487 tissimum
2419 1432 2692 1488 veteribus
2743 1444 3020 1500 aspersus.
3058 1428 3236 1499 lnquit
3282 1430 3464 1484 enim:
3496 1447 3513 1480 ι
3542 1428 3711 1483 Acce-

2121 1530 2212 1593 pto
2234 1520 2411 1577 Moses
2437 1523 2701 1594 sanguine
2741 1533 2796 1579 et
2822 1522 2961 1578 libro
3010 1521 3150 1592 ipso,
3204 1520 3440 1591 aspersit
3490 1533 3710 1575 omnem

2120 1613 2397 1683 populum,
2425 1614 2613 1670 dicens
2640 1630 2655 1668 :
2717 1614 2817 1670 Hic
2850 1624 2934 1670 est
2961 1613 3180 1686 sanguis
3212 1612 3544 1677 testamenti,
3568 1613 3710 1682 quod

2122 1706 2388 1774 disposuit
2410 1708 2476 1762 ad
2508 1722 2605 1764 vos
2640 1707 2782 1763 Deus
2803 1708 2880 1762 ³.»
2917 1705 3024 1762 Sed
3054 1707 3143 1761 illa
3192 1706 3411 1776 quidem
3470 1705 3601 1777 typi,
3656 1713 3714 1759 et

2126 1798 2371 1853 veritatis
2408 1800 2754 1855 simulacrum
2782 1800 3003 1855 fuerunt
3034 1815 3049 1853 :
3085 1800 3348 1855 successit
3379 1800 3493 1868 ipsa
3564 1796 3711 1852 veri-

2128 1899 2211 1946 tas
2240 1890 2514 1957 Christus,
2540 1892 2630 1961 qui
2663 1906 2860 1947 omnes
2890 1906 2988 1946 nos
3016 1890 3071 1946 in
3099 1890 3368 1962 sanguine
3400 1889 3709 1944 testamenti

2127 1989 2396 2037 mercatus
2425 1990 2563 2037 est.r
2589 1981 2869 2054 Redempti
2897 1983 3041 2039 enim
3071 1995 3262 2038 sumus
3295 1995 3402 2036 non
3435 1980 3709 2049 corrupti-

2127 2070 2327 2127 bilibus
2367 2086 2500 2128 auro
2521 2072 2605 2129 vel
2632 2084 2873 2146 argento,
2906 2084 2967 2131 ut
2993 2074 3294 2146 discipulus
3325 2072 3567 2143 ejusdem
3593 2073 3710 2139 ait,

2126 2162 2221 2218 sed
2252 2166 2491 2232 pretioso
2520 2167 2789 2236 sanguine
2830 2157 3091 2237 tanquam
3149 2166 3273 2236 agni
3334 2163 3668 2220 immaculati
3693 2202 3710 2226 ,

2126 2267 2179 2311 et
2215 2256 2617 2312 incontaminati
2648 2258 2847 2313 Christi
2873 2257 2947 2313 ⁸.»
2981 2257 3065 2313 'l‘u
3093 2257 3278 2328 igitur,
3305 2255 3712 2327 inquit,justis-

2126 2350 2265 2406 sime
2291 2360 2347 2406 et
2386 2351 2824 2407 mansuetissime
2854 2365 2971 2419 rex,
3009 2351 3063 2406 in
3103 2349 3369 2421 sanguine
3402 2348 3711 2404 testamenti

2125 2441 2339 2498 vinctos
2375 2450 2501 2499 tuos
2531 2443 2552 2512 (
2585 2445 2687 2501 hoc
2714 2452 2818 2509 est,
2852 2458 2989 2514 quos
3023 2443 3253 2499 vinculis
3272 2442 3558 2498 charitatis
3580 2456 3713 2496 cou-

2074 2592 2077 2593 ν
2126 2534 2415 2601 Strinxisti,
2452 2536 2769 2606 quibusque
2802 2535 3145 2606 persuasisti,
3173 2534 3249 2590 uti
3284 2534 3484 2589 mentis
3533 2532 3711 2588 cervi-

2126 2638 2243 2679 cem
2279 2625 2410 2696 jugo
2445 2635 2538 2683 tuo
2582 2629 2990 2693 submitterent,
3037 2636 3093 2681 et
3150 2626 3331 2696 palam
3392 2625 3707 2695 illigarent)

2126 2715 2375 2783 emisisti,
2410 2718 2519 2773 hoc
2563 2727 2647 2774 est
2679 2718 2947 2783 extulisti,
2977 2719 3093 2773 sive
3124 2718 3381 2781 eduxisti,
3411 2717 3528 2771 sive
3553 2717 3712 2770 dimi-

2128 2806 2242 2862 sisti
2275 2826 2296 2861 ι
2330 2823 2394 2863 ex
2425 2809 2545 2864 lacu
2582 2825 2689 2864 non
2725 2811 2960 2865 habente
2986 2824 3239 2880 aquam.»
3273 2809 3483 2876 Quibus
3531 2808 3713 2863 verbis

2127 2906 2219 2952 aut
2252 2899 2544 2965 infernum,
2572 2901 2663 2956 ubi
2691 2915 2797 2955 non
2831 2909 2914 2955 est
2946 2901 3074 2968 vita,
3104 2898 3403 2967 signiﬁcari
3436 2896 3711 2962 dicimus;

2128 3007 2320 3064 squam
2360 2992 2501 3048 enim
2529 3007 2625 3061 pro
2647 2992 2893 3063 symbolo
2925 2992 3046 3046 vitm
3073 2993 3406 3061 accipiamus
3429 2989 3577 3053 licet;
3622 2999 3715 3043 aut

2132 3096 2278 3140 certe
2308 3083 2577 3139 infernum
2600 3085 3115 3139 convenientissime
3179 3083 3438 3139 falsorum
3485 3083 3711 3137 deorum

2133 3175 2399 3230 fallaciam
2428 3175 3102 3246 iuterpretabimur.739
3124 3173 3262 3231 Vere
3276 3175 3419 3230 enim
3438 3175 3591 3229 fovea
3607 3181 3714 3235 est,

2130 3268 2182 3322 in
2220 3283 2380 3339 quam
2411 3269 2455 3323 si
2488 3267 2611 3338 quis
2636 3267 2851 3336 penitus
2894 3267 3174 3333 deciderit,
3234 3267 3343 3321 vita
3404 3263 3586 3320 futura
3645 3277 3709 3318 ac

2129 3359 2459 3428 sempiterna
2528 3360 2759 3417 carebit.
2828 3357 3133 3414 Evacuasse
3206 3368 3384 3413 autem
3440 3357 3708 3412 infernum

2128 3451 2402 3507 Christum
2433 3460 2731 3516 mortuum,
2758 3457 2813 3504 et
2842 3450 3121 3518 spiritibus
3158 3450 3208 3504 in
3242 3449 3490 3504 custodia
3521 3451 3710 3503 deten-

2128 3544 2202 3598 tis
2261 3545 2542 3613 aperuissc
2575 3552 2760 3612 portas
2791 3542 3017 3605 inieras,
3047 3542 3319 3596 neminem
3346 3542 3498 3596 latet.
3528 3541 3712 3611 inquit

2129 3645 2184 3690 et
2209 3635 2403 3690 alicubi
2430 3634 2809 3689 universorum
2832 3633 2975 3687 Deus
3003 3648 3100 3703 per
3112 3631 3406 3687 Jeremiam
3431 3635 3499 3688 de
3533 3632 3709 3689 isme-

2130 3728 2243 3782 litis
2268 3726 2640 3783 desertoribus
2673 3726 2815 3793 suis,
2837 3733 2897 3782 et
2924 3726 2993 3779 ad
3024 3725 3292 3780 fallaciam
3347 3726 3523 3781 insani
3574 3725 3710 3782 deo-

2131 3831 2251 3871 rum
2286 3816 2467 3873 cultus
2493 3815 2658 3871 stulte
2720 3815 3000 3871 conversis
3046 3831 3062 3869 :
3099 3832 3120 3868 ι
3181 3815 3473 3886 Obstupuit
3513 3815 3711 3872 ciuium

2131 3922 2297 3979 super
2325 3909 2449 3975 hoc,
2483 3917 2539 3965 et
2568 3908 2841 3963 inhorruit
2869 3907 3160 3978 plurimum
3187 3909 3557 3975 vehementer,
3580 3909 3713 3963 dicit

2133 4002 2394 4058 Dominus
2427 4018 2443 4057 :
2471 4001 2597 4070 quia
2634 4000 2743 4055 duo
2772 4000 2911 4055 mala
2945 3999 3076 4055 iecit
3128 3999 3356 4070 populus
3406 4015 3577 4056 mens.
3629 4000 3714 4056 Me

2131 4094 2538 4165 dereliquerunt
2592 4094 2799 4152 fontem
2847 4108 3003 4162 aqum
3046 4092 3297 4160 viventis,
3334 4102 3390 4149 et
3462 4093 3715 4150 ioderunt
3831 4164 3841 4176 ο

2131 4188 2232 4242 sibi
2267 4189 2417 4241 lacus
2446 4187 2731 4251 eontritos,
2765 4189 2857 4256 qui
2883 4202 2988 4242 non
3029 4193 3282 4256 poterunt
3338 4200 3531 4256 aquam
3583 4200 3715 4242 cono

2133 4280 2310 4331 tinere
2343 4278 2388 4333 ⁸.
2419 4295 2440 4329 ι
2468 4276 2931 4342 Quemadmodum
2969 4278 3115 4331 enim
3150 4276 3273 4331 fons
3303 4278 3446 4341 vitm,
3477 4285 3533 4332 et
3591 4276 3712 4331 fons

2133 4365 2417 4420 viviﬁcans
2445 4374 2527 4421 est
2557 4375 2703 4420 recta
2745 4373 2802 4420 et
2827 4366 3031 4422 erroris
3070 4382 3265 4436 expers
3304 4367 3660 4436 Deicognitio
3692 4384 3707 4421 :

450 4458 706 4527 νήσονται
754 4456 898 4529 ὕδωρ
940 4458 1203 4529 συνέχειν.
1236 4476 1257 4510 ι
1289 4459 1500 4529 ’Ὠσπερ
1541 4459 1651 4527 γάρ
1705 4459 1822 4511 ἐστι
1878 4456 2030 4529 πηγὴ

2134 4455 2207 4511 ita
2244 4456 2390 4512 velut
2415 4456 2566 4512 lacus
2588 4457 2858 4527 inaquosi,
2882 4466 2938 4511 et
2969 4459 3191 4513 contriti
3257 4458 3578 4512 idololatriae
3625 4458 3712 4513 lu-

453 4547 618 4620 ζωῆς,
654 4550 752 4623 καὶ
802 4549 957 4621 πηγὴ
990 4548 1254 4615 ζωοποιδς
1286 4552 1320 4621 ἡ
1365 4551 1499 4622 ὀρθή
1532 4567 1592 4604 τε
1640 4550 1731 4604 καὶ
1779 4550 2027 4623 ἀπλανὴς

454 4642 585 4712 περὶ
611 4620 747 4695 ΘεῈῦ
773 4620 991 4709 γνῶσιςσ
1024 4639 1196 4705 οὕτως
1224 4620 1463 4713 ἄνυδροι,
1491 4620 1496 4621 ί
1524 4642 1615 4695 καὶ
1646 4641 1807 4695 οἱονεὶ
1835 4620 2028 4698 λάκκοι

453 4735 907 4804 συντετριμμένοι
963 4732 1204 4804 νοηθεῖεν
1253 4735 1321 4789 ἂν
1371 4734 1441 4788 τὰ
1467 4734 1568 4803 τῆς
1611 4730 2056 4805 εἰδωλολατρείας

447 4823 763 4895 ἀθύρματα,
814 4825 913 4879 καὶ
943 4828 977 4897 ἠ
1003 4826 1131 4897 περ).
1182 4823 1349 4880 αὐτοῦ
1408 4825 1696 4897 πλάνησις.
1728 4821 1866 4880 Εἶτα
1893 4825 2030 4898 πρὸς

446 4918 652 4981 αὐτοὺς
704 4917 1012 4986 διαλέγεται
1051 4919 1177 4983 τοὺς
1240 4917 1517 4988 δεσμίους,
1565 4919 1662 4972 καὶ
1683 4920 1763 4982 είς
1808 4917 2033 4983 ἐλπίδας

446 5009 651 5073 αὐτοὺς
684 5008 899 5078 ἀγαθάς
943 5009 1277 5081 παραθήγει,
1334 5009 1536 5078 λέγων·
1584 5029 1602 5061 ι
1627 5009 1948 5080 Καθήσεσθε
1975 5012 2033 5065 ὲν

446 5100 766 5175 ὀχυρώματι
794 5100 1003 5171 δέσμιοι
1042 5101 1143 5173 τῆς
1177 5103 1522 5173 συναγωγῆς.
1575 5122 1597 5156 ι
1629 5105 1739 5157 Καὶ
1767 5102 2033 5175 ὀχύρωμα

452 5192 576 5263 μὲν,
611 5191 867 5261 καθάπερ
892 5186 1129 5263 ἐγῷμαι,
1158 5193 1257 5264 τὴν
1291 5193 1628 5263 Ἐκκλησίαν
1665 5193 1932 5264 ἀποκαλεῖ
1955 5193 2032 5258 ὡς

444 5262 862 5357 τετειχισμένην
888 5264 951 5339 ὲν¹
999 5262 1244 5358 Χριστῷ,
1297 5287 1391 5341 καὶ
1424 5287 1736 5358 ἀκλονήτως
1774 5262 2026 5360 ἔχδδσαν.

449 5376 697 5448 Κάθησιν
728 5376 789 5430 δέ
837 5394 973 5448 φησι
1015 5378 1079 5431 τὸ
1111 5373 1222 5432 οἷον
1282 5377 1564 5450 ἱδρυμένον
1597 5379 1656 5431 ἂν
1692 5378 1893 5432 πίστει.
1926 5378 2029 5432 Γέ-

334 5520 345 5536 .
445 5483 695 5539 γραπται
719 5466 830 5539 γὰρ
858 5469 987 5540 περὶ
1014 5467 1171 5523 Θεοῦο
1208 5488 1227 5521 ι
1252 5469 1376 5533 ’Ότι
1399 5470 1465 5523 σὺ
1502 5469 1808 5541 καθήμενοι
1831 5470 1913 5533 είς
1937 5469 2028 5525 τὸν

520 5671 534 5700 ¹
566 5667 797 5740 Philipp.
832 5684 892 5736 ll,
933 5670 991 5726 7.
1073 5672 1092 5702 ¹
1150 5668 1312 5724 Hebr.
1353 5685 1447 5737 xu,
1507 5669 1562 5725 2.

479 5754 675 5806 xxvm,
708 5742 791 5794 t0.

1679 5670 1697 5702 ³
1724 5668 1895 5728 Exod.
1935 5685 2081 5736 xstv,
2142 5672 2195 5729 8.

2133 4546 2309 4615 dicra,
2340 4557 2395 4605 et
2425 4549 2800 4606 aberrationes
2838 4550 2906 4605 ab
2934 4550 3051 4618 ipsa
3081 4558 3305 4620 possunt
3330 4550 3576 4621 intelligi.
3604 4549 3719 4606 Dea

2134 4642 2260 4699 inde
2297 4642 2443 4713 ipsos
2478 4642 2689 4697 vinctos
2709 4641 3064 4713 compellans,
3085 4642 3151 4697 ad
3180 4656 3329 4711 spem
3361 4644 3557 4698 bonam
3618 4658 3722 4700 eos

2135 4735 2332 4807 erigit:
2367 4754 2387 4789 ι
2427 4733 2695 4791 Sedebitis
2722 4734 2775 4789 in
2808 4734 3108 4790 munitione
3139 4734 3305 4789 vincti
3337 4738 3717 4805 congregatio-

2136 4826 2241 4882 uis.
2277 4844 2296 4878 ι
2329 4825 2775 4892 Munitionem,ut
2807 4824 2938 4879 mihi
2961 4824 3171 4879 videtur
3200 4823 3497 4882 Ecclesiam
3528 4824 3714 4895 appel-

2131 4917 2228 4984 lat,
2250 4917 2598 4971 ut'munitam
2626 4916 2677 4970 in
2711 4914 2950 4980 Christo,
2987 4923 3044 4970 et
3072 4917 3472 4973 inconcussam.
3501 4914 3714 4971 Sessia-

2130 5025 2253 5065 nem
2284 5010 2416 5065 dicit
2442 5010 2499 5065 in
2526 5009 2630 5065 [ide
2682 5009 2974 5080 quamdam
3014 5008 3388 5064 stabilitatem.
3441 5006 3711 5076 Scriptum

2130 5110 2212 5158 est
2240 5101 2383 5157 enim
2408 5101 2475 5156 de
2505 5100 2615 5155 Deo
2643 5119 2699 5157 :l
2739 5101 3006 5169 Quoniam
3027 5108 3080 5154 tu
3107 5100 3301 5157 sedens
3333 5102 3386 5155 in
3412 5099 3607 5155 saecula
3630 5099 3705 5163 °,o

2136 5194 2240 5249 hoc
2270 5203 2355 5249 est
2382 5192 2629 5249 stabilem
2655 5200 2711 5247 et
2757 5192 3138 5248 inconcussam
3193 5201 3445 5246 naturam
3484 5190 3708 5246 habens.

2136 5285 2304 5342 Eritis
2338 5286 2501 5358 igitur
2536 5284 2736 5351 securi,
2767 5284 2960 5354 inquit,
2985 5282 3294 5339 ﬁrmitatem
3331 5281 3454 5336 ildei
3506 5280 3713 5338 haben-

2140 5388 2294 5443 tes,o
2315 5375 2478 5432 vincti
2509 5374 2943 5446 congregationis
2973 5388 3127 5440 mea,
3159 5386 3277 5441 qua:
3299 5380 3384 5428 est
3407 5372 3462 5427 in
3496 5371 3713 5429 Christo

2131 5468 2546 5540 iustiﬁcatorum
2575 5477 2767 5524 sancta
2798 5461 3105 5521 multitudo.
3139 5463 3255 5520 Non
3281 5474 3462 5523 autem
3511 5465 3713 5523 caritu-

2316 5669 2386 5724 ιι
2446 5670 2590 5726 Petr.
2646 5687 2683 5738 ι,
2732 5669 2817 5727 i8.
2930 5668 3181 5726 'Jerem.
3219 5685 3275 5726 l‘..
3316 5669 3400 5727 i5.
3516 5664 3709 5726 ‘Psal.
