4092 6202
382 282 483 339 551

1371 294 1429 349 8.
1469 295 1744 352 εῖιιιιιι
1786 296 2256 354 ΑιΕΧΑΝῡιιιΝι
2294 298 2604 357 ARCHIEP.‘

3543 298 3648 353 659

386 412 501 487 ram
531 400 777 456 mercede
816 416 1001 458 eorum
1043 405 1095 459 in
1139 408 1389 466 munibus
1429 415 1589 485 rebus
1615 416 1801 470 arduis
1860 432 1955 485 pa-

2072 416 2252 483 ιίῶνα,
2278 436 2295 469 ι
2317 418 2597 471 τουτέστιν
2651 414 2944 487 ἱδρυμένην
2978 412 3115 484 ἔχων
3138 414 3230 467 καὶ
3252 412 3650 469 ἀκατάσειστον

384 482 629 545 tientiam
664 488 738 547 ἐι
770 494 1117 551 stabilitatem
1151 497 1203 552 in
1246 482 1541 559 dilectione
1578 505 1701 573 Dei,
1755 482 1959 579 signiti-

383 592 491 646 cat,
529 598 650 637 cum
677 583 961 657 ,adjungit:
998 605 1019 640 ι
1040 588 1108 642 Et
1133 605 1228 659 pro
1260 609 1364 648 una
1393 597 1478 651 die
1515 601 1961 666 peregrinationis

381 683 487 726 tua:
519 674 751 744 duplicia
780 678 998 734 reddam
1052 681 1168 738 tibi.
1205 703 1223 736 ι
1260 684 1409 750 Quod
1454 689 1632 745 dicere
1683 692 1819 757 vult,
1856 692 1962 747 tale

380 772 481 816 est.
510 762 785 835 Peregrini
818 771 982 837 enim,
1023 780 1081 826 et
1103 773 1323 828 advena:
1354 787 1483 831 sunt
1516 793 1709 835 omnes
1740 783 1912 835 sancti
1943 822 1957 845 ,

383 864 436 907 et
466 853 645 911 brevis
677 871 761 913 est
786 860 940 916 valde
967 864 1228 933 cujusque
1258 866 1496 923 hominis
1539 868 1647 923 vita
1683 870 1736 923 in
1770 885 1963 941 corpe~

386 962 465 1016 re,
515 959 571 1003 ut
612 950 816 1008 idcirco
874 969 995 1009 eam
1056 968 1277 1026 propter
1324 974 1595 1014 summam
1643 962 1959 1017 brevitatem

384 1055 504 1093 cum
536 1055 641 1095 uno
671 1042 758 1097 die
794 1057 1110 1113 comparare
1154 1046 1389 1102 fortasse
1420 1050 1617 1118 possis.
1656 1049 1842 1120 Itaque
1864 1065 1961 1119 pro

383 1146 491 1187 uno
530 1134 617 1188 die
643 1137 1094 1206 peregrinationis
1152 1148 1275 1204 tute,
1332 1140 1523 1211 inquit,
1559 1142 1661 1197 hoc
1715 1152 1801 1198 est
1865 1157 1962 1211 pro

385 1226 553 1289 brevi,
588 1237 641 1281 et
684 1228 895 1283 modico
928 1237 1166 1298 tempore
1195 1231 1353 1300 hujus
1398 1233 1537 1299 vita),
1565 1249 1726 1305 quam
1752 1236 1804 1289 in
1835 1251 1962 1290 cor-

386 1332 514 1385 pore
555 1318 726 1387 degis,
768 1319 1077 1389 dupliciter,
1106 1331 1161 1376 et
1189 1322 1395 1380 aﬂ‘atim
1466 1334 1517 1379 te
1580 1327 1959 1383 remuneratio.

384 1410 470 1463 Ait
504 1420 553 1465 et
592 1411 786 1467 alicubi
816 1412 1085 1469 Christus:
1113 1432 1131 1465 ι
1169 1415 1473 1471 ltlensuram
1506 1417 1699 1473 bonam
1728 1429 1782 1474 et
1829 1435 1963 1476 cor.-

386 1503 599 1565 tertam,
630 1511 685 1556 et
713 1506 1038 1575 coagitatam
1068 1516 1119 1560 et
1150 1507 1623 1577 supereﬂbtentem
1661 1511 1867 1566 dabunt
1907 1513 1960 1566 in

358 1593 560 1645 sinum
596 1604 833 1649 vestrum
870 1597 949 1649 ’.ι
986 1597 1137 1653 "and
1194 1599 1337 1653 enim
1374 1599 1599 1669 mqualia
1654 1601 1963 1659 actionibus

386 1684 587 1737 nostris
626 1686 842 1755 praemia
880 1699 1299 1757 exspectamus:
1330 1691 1422 1744 sed
1461 1706 1581 1745 cum
1644 1706 1837 1762 magno
1860 1709 1954 1747 au-

382 1774 575 1840 ctario,
601 1792 722 1831 cum
766 1778 923 1833 dator
949 1780 1018 1834 sit
1048 1780 1361 1837 muniﬁcus.

384 1871 543 1944 ασμῷ
607 1874 706 1938 τὰς
757 1876 992 1946 ἀμοιϐάς
1038 1877 1320 1933 ἀποδώσω.

2062 509 2243 577 φύσιν.
2283 510 2511 564 Ἔσεσθε
2535 509 2598 580 δὴ
2625 504 2716 562 οὖν
2741 509 2797 560 ἐν
2835 505 3126 577 ἀσφαλείᾳ,
3160 506 3314 575 φησι,
3336 506 3398 557 16
3421 504 3650 576 βεϐηκὸς

2061 600 2275 670 ἔχοντες
2307 603 2386 663 είς
2418 600 2620 664 πίστιν,
2664 593 2952 668 ὦδέσμιοι
2995 596 3095 666 τῆς
3124 596 3263 666 ἐμῆς
3300 597 3623 665 συναγωγῆς

2060 686 2169 743 εἶεν
2195 692 2238 744 δ’
2261 691 2327 745 ἂν
2351 687 2498 745 οὗτοι
2519 690 2636 744 τῶν
2665 692 2722 742 ὲν
2754 686 2976 760 Χριστῷ
2999 686 3437 757 δεδικαιωμένων
3462 689 3495 757 ἡ
3518 689 3651 756 ἁγία

2061 778 2291 850 πληθύς.
2334 779 2459 831 Ὅτι
2508 778 2565 831 δὲ
2617 777 2717 830 οὐκ
2746 776 2978 847 ἄμισθον
3017 774 3201 845 έχουσι
3227 775 3323 845 τὴν
3362 777 3446 843 ἐφ’
3475 776 3651 828 ἅπασι

2061 873 2172 933 τοῖς
2201 871 2443 941 ἀρίστοις
2475 870 2780 942 ὑπομονὴν,
2830 868 2925 922 καὶ
2975 868 3081 939 μὴν
3139 867 3201 920 16
3260 868 3650 938 ὲρηρεισμένον

2061 965 2141 1025 εἰς
2187 963 2466 1033 ἀγάπησιν
2489 962 2590 1033 τὴν
2643 962 2735 1015 ἐπὶ
2786 960 2929 1032 Θεῷ,
2975 959 3399 1031 κατασημαίνει,
3451 960 3646 1028 λέγων*

2067 1073 2089 1104 «η
2120 1053 2231 1106 Καὶ
2260 1054 2384 1108 ἀντὶ
2420 1055 2551 1124 μιᾶς
2580 1053 2792 1123 ἡμέρας
2824 1052 3119 1122 παροικίας
3165 1068 3281 1114 σου,
3324 1050 3490 1104 διπλᾶ
3522 1053 3650 1105 ἀντ.

2063 1144 2338 1198 ἀποδώσω
2364 1162 2467 1199 σοι.
2503 1164 2520 1196 ι
2552 1144 2662 1200 Καί
2690 1161 2742 1196 τι
2772 1143 3015 1197 τοιοῦτον
3052 1145 3200 1198 ἐστὶν
3222 1143 3249 1196 ὃ
3283 1144 3532 1214 βούλεται
3566 1144 3650 1197 λέ-

2061 1254 2199 1304 γειν.
2237 1236 2497 1308 namth
2552 1237 2650 1308 μὲν
2699 1236 2921 1307 γάρὲπὶ
2968 1240 3092 1308 γῆς,
3140 1238 3237 1290 καὶ
3278 1237 3649 1308 παρεπίδημοι

2064 1328 2265 1391 πάντες
2303 1328 2439 1381 εἰσὶν
2468 1329 2519 1381 0!
2567 1328 2734 1395 ἅγιοι,
2772 1328 2980 1399 βραχὺς
3020 1328 3076 1382 δὲ
3123 1329 3245 1383 λίαν
3275 1331 3303 1382 6
3346 1331 3405 1382 ὲν
3435 1328 3649 1400 σώματι

2065 1422 2177 1493 βίος
2213 1422 2501 1492 ἀνθρώπου
2540 1421 2760 1485 παντὸς,
2792 1421 2898 1475 κᾶν
2924 1419 2977 1473 εἴ
3000 1438 3086 1484 τις
3115 1420 3277 1475 αὑτὸν
3306 1420 3486 1490 ὀλίγον
3520 1422 3652 1475 ὄντα

2064 1515 2364 1579 παντελῶς,
2403 1514 2478 1577 ὡς
2527 1514 2667 1584 τάχα
2699 1530 2800 1567 που
2852 1513 2944 1566 καὶ
2979 1513 3160 1583 ἡμέρᾳ
3219 1513 3650 1585 παρεικάζεσθαιι

2067 1609 2183 1678 μιᾷ.
2212 1606 2421 1661 Οὐκοῦν
2455 1608 2575 1661 ἀντὶ
2634 1608 2761 1676 μιᾶς
2794 1605 3007 1677 ἡμέρας
3035 1607 3134 1677 τῆς
3189 1606 3482 1677 παροικίας
3518 1623 3611 1660 σου
3634 1647 3652 1670 ,

2066 1700 2220 1769 φησι,
2258 1698 2534 1753 τουτέστιν
2594 1698 2715 1751 ἀντὶ
2744 1697 2974 1769 βραχέος
3008 1714 3067 1750 τε
3098 1698 3191 1752 καὶ
3222 1698 3653 1768 συνεσταλμένου

1995 1785 2037 1839 Β
2065 1789 2265 1859 χρόνου
2282 1789 2380 1860 τῆς
2409 1790 2466 1843 ὲν
2499 1788 2709 1857 σώματι
2760 1785 2905 1857 ζωῆς
2934 1787 3127 1851 διπλᾶς
3154 1805 3214 1840 τε
3253 1789 3347 1841 καὶ
3374 1791 3431 1841 ὲν
3464 1788 3657 1840 πλεον-

1400 1880 1543 1951 Ἔιρη
1606 1881 1664 1934 δέ
1702 1898 1806 1935 που
1842 1882 1938 1935 καὶ
1974 1884 2001 1935 6
2038 1885 2295 1956 Χριστὸς,
2364 1886 2446 1939 ὅτι
2488 1905 2505 1938 ι
2532 1884 2747 1957 Μέτρον
2796 1884 2981 1949 καλὸν,
3014 1884 3399 1953 πεπιεσμένον,
3431 1883 3527 1936 καὶ
3567 1900 3656 1935 σε-

386 1968 733 2039 σαλευμένον,
779 1973 871 2027 καὶ
921 1974 1425 2045 ὑπερεκχυνόμενον
1465 1975 1728 2030 δώσουσιν
1762 1980 1842 2040 εἰς
1872 1978 1962 2034 τὸν
2000 1979 2201 2035 κόλπον
2271 1982 2447 2052 ὑμῶν.
2478 2001 2495 2032 ι
2531 1981 2606 2035 Οὐ
2646 1980 2761 2051 γάρ
2791 1996 2892 2033 που
2956 1979 3051 2042 τὰς
3091 1977 3448 2048 ίσοστάθμους
3483 1970 3558 2032 ὧν
3588 1978 3659 2032 ἂν

382 2064 683 2137 δράσαιμεν
713 2068 1099 2140 προσδοκῶμεν
1138 2069 1392 2140 ἀμοιόάς,
1432 2071 1549 2125 ἀλλ’
1589 2073 1647 2126 ἐν
1670 2074 1962 2149 προσθήκῃ
1999 2076 2188 2149 πολλῇ,
2222 2076 2618 2147 πλουσιόδωρος
2646 2076 2754 2147 γὰρ
2779 2079 2807 2130 6
2828 2074 3023 2138 διδούς.

458 2160 622 2219 Vens.
660 2160 748 2217 15.
784 2161 1045 2227 Quoniam
1075 2163 1269 2219 tetendi
1306 2174 1354 2219 te
1386 2164 1538 2231 mihi,
1569 2165 1734 2233 Iuda,
1778 2178 1832 2221 ut
1880 2185 1971 2222 ar-

389 2269 528 2318 cum,
555 2254 764 2320 implevi
795 2253 1074 2323 Ephraim.

458 2344 621 2417 740
654 2344 766 2401 LX.
798 2346 1044 2414 Quonam
1104 2349 1263 2405 modo
1320 2352 1561 2408 vocanda
1613 2352 1705 2420 sit,
1763 2364 1817 2408 et
1874 2368 1970 2423 per

387 2440 544 2495 ﬁdem
582 2440 893 2511 ingressum
927 2442 1167 2513 gentium
1202 2444 1512 2512 multitudo,
1566 2446 1733 2501 miser
1776 2457 1968 2501 contra

388 2534 625 2603 futurus,
661 2534 754 2603 qui
801 2534 929 2589 olim
981 2535 1372 2605 triumphabat,
1415 2538 1521 2593 hoc
1566 2549 1652 2594 est
1706 2539 1963 2605 Satanas,

387 2626 650 2696 spoliatus
685 2626 1036 2692 adoraturus,
1058 2642 1199 2698 quos
1235 2631 1588 2701 cupidissime
1614 2632 1964 2700 acquisierat,

389 2720 567 2774 adhuc
612 2719 873 2777 declarat.
931 2721 1244 2792 Alloquitur
1303 2733 1485 2779 autem
1538 2724 1695 2794 quasi
1744 2731 2010 2778 sanctes'

388 2811 686 2881 apostolos,
715 2811 831 2868 sive
856 2814 1148 2884 magistros
1180 2830 1247 2871 ex
1275 2814 1461 2881 Israel,
1510 2816 1600 2885 qui
1637 2826 1693 2873 et
1722 2818 1966 2887 gentium

400 2902 652 2971 regiones
690 2914 1097 2970 percursantes,
1130 2906 1196 2958 ad
1237 2906 1571 2975 agnitionem
1608 2907 1851 2961 veritatis
1883 2906 1969 2961 ie-

393 2994 622 3063 digenas
655 3004 940 3061 vocarunt,
966 3006 1022 3050 et
1059 2997 1161 3051 reti
1189 3011 1288 3052 suo
1319 2998 1727 3052 concluserunt.
1763 2998 1854 3052 Ait
1877 3013 1965 3053 er-

393 3061 497 3152 go:
539 3104 557 3138 ι
593 3084 639 3141 0
690 3084 851 3151 Juda,
905 3087 1108 3142 intendi
1158 3097 1208 3143 te
1256 3088 1387 3143 mihi
1429 3105 1637 3155 arcum,
1692 3109 1711 3141 ι
1751 3091 1852 3145 hoc
1891 3100 1971 3144 est
1998 3061 2040 3119 θ

393 3194 489 3245 per
547 3184 602 3233 te
655 3177 850 3248 jacuiis
907 3187 1126 3251 tangam
1177 3179 1565 3236 adversarios:
1623 3188 1679 3235 et
1727 3199 1746 3231 ι
1807 3180 1905 3246 Te,
1938 3195 1972 3235 ο

396 3271 671 3340 Epltraim,
699 3272 938 3342 implevi.
976 3294 997 3325 ι
1033 3272 1186 3340 Quod
1219 3273 1348 3342 quid
1377 3274 1471 3338 sit,
1510 3273 1685 3330 dicam
1733 3288 1969 3344 quoque.

394 3363 527 3418 Cum
591 3365 735 3420 enim
793 3366 1064 3434 sagittarii
1122 3364 1384 3422 ferratum
1426 3375 1971 3433 areumcurvantes,

397 3470 621 3510 nervum
675 3455 742 3510 ad
788 3466 978 3527 pectus
1035 3455 1285 3521 addunt,
1340 3466 1467 3511 tunc
1508 3471 1695 3512 arcum
1750 3456 1975 3527 implere

397 3546 674 3614 dicuntur,
707 3556 756 3603 et
788 3549 1042 3619 sagittam
1084 3548 1378 3616 volantem,
1416 3549 1531 3607 sive
1561 3548 1973 3620 telumjaciunt.

398 3637 492 3693 Est
521 3636 685 3708 igitur
709 3637 852 3693 idem
889 3637 1106 3694 diverse
1146 3638 1372 3694 dictum.
1404 3638 1608 3694 Areum
1646 3646 1699 3694 te
1726 3637 1853 3705 feci,
1893 3638 1976 3693 in-

401 3733 538 3801 quit,
555 3748 591 3787 ο
610 3730 750 3786 Juda
772 3747 788 3795 ;
812 3730 1027 3800 implevi
1053 3730 1215 3786 etiam
1238 3739 1311 3797 te,
1333 3731 1611 3801 prraim.
1632 3730 1799 3789 ludas
1815 3746 1976 3801 porro

398 3833 454 3878 ct
486 3822 743 3891 Ephraim
776 3822 1092 3877 universum
1130 3836 1306 3891 genus
1335 3822 1698 3878 lsraetiticum
1738 3822 1977 3893 comple-

398 3922 639 3968 ctuntur.
672 3911 861 3983 Itaque
893 3920 1021 3968 ante
1047 3912 1185 3968 alios
1201 3928 1268 3969 ex
1290 3910 1492 3968 Iudaeis
1513 3913 1802 3968 credentes
1830 3912 1975 3967 velut

398 4022 584 4063 arcum
614 4006 764 4073 fecit,
820 4021 886 4062 eo
920 4006 1082 4061 animi
1122 4012 1430 4075 provectos,
1480 4013 1541 4060 ut
1576 4012 1765 4075 gentes
1824 4004 1977 4059 insti-

400 4105 635 4160 tuerent,
676 4102 731 4148 et
763 4109 795 4149 a
821 4093 1061 4152 seductis
1086 4093 1394 4149 dmmonum
1438 4108 1631 4166 greges
1676 4094 1974 4163 abigerent,

401 4189 745 4259 terircntque
792 4186 1074 4251 Satanam,
1104 4195 1160 4241 et
1187 4186 1442 4242 universe
1497 4187 1700 4242 divinis
1742 4187 1977 4243 decretis

2141 2174 2297 2227 Ato'rt
2343 2170 2609 2226 ὲνέτεινά
2637 2186 2716 2225 σε
2764 2169 3017 2241 ἐμαυτῷ,
3072 2170 3287 2231 Ἰούδα,
3330 2170 3411 2235 ὡς
3450 2169 3655 2232 τόξον,

2069 2270 2314 2336 ἐπλησα
2344 2267 2450 2321 τόν
2493 2268 2760 2336 Ἐφραὶμ

2141 2354 2214 2407 Ξ’.
2257 2353 2391 2408 Τίνα
2442 2354 2507 2424 δὴ
2554 2354 2754 2425 τρόπον
2793 2354 3123 2426 κληθήσεταί
3151 2371 3209 2406 τε
3254 2356 3346 2407 καὶ
3387 2354 3653 2408 εἰσελάσει

2070 2445 2159 2499 διά
2179 2446 2279 2516 τῆς
2306 2445 2542 2509 πίστεως
2582 2447 2614 2515 ἡ
2648 2444 2705 2512 ἐξ
2734 2444 2902 2499 ἐθνῶν
2935 2446 3128 2516 ἀγέλη,
3158 2445 3568 2517 ταλαιπωρήσει
3597 2447 3655 2499 δὲ

2074 2539 2167 2592 καὶ
2197 2540 2226 2592 6
2254 2538 2422 2592 πάλαι
2463 2537 2706 2608 τρυφῶν,
2753 2539 3030 2591 τουτέστιν
3084 2541 3112 2593 6
3149 2540 3413 2603 Σατανᾶς,
3448 2538 3557 2592 τῶν
3590 2540 3654 2591 ἐκ

2075 2628 2385 2696 πλεονεξίας
2434 2627 2583 2700 αὐτῷ
2646 2630 3063 2701 πεπορισμένων
3130 2629 3522 2701 προσκυνητῶν
3570 2631 3655 2694 ἑξ-

2073 2721 2402 2792 ωθούμενος,
2442 2722 2719 2793 διατρανοῖ
2762 2722 2921 2775 πάλιν
2943 2724 3002 2776 ὲν
3032 2721 3259 2785 τούτοις.
3308 2722 3546 2776 Ποιείταί
3589 2738 3658 2790 γε

2077 2813 2182 2882 μὴν
2230 2812 2322 2866 τὸν
2371 2812 2546 2880 λόγον,
2577 2812 2653 2875 ὡς
2702 2811 2838 2883 πρὸς
2884 2812 3011 2875 τοὺς
3063 2812 3250 2880 ἁγίους
3300 2811 3651 2875 ἀποστόλους,

2073 2904 2191 2973 ἦτοι
2222 2905 2350 2967 τοὺς
2388 2902 2448 2969 ἐξ
2489 2904 2706 2975 Ἰσραὴλ
2729 2905 3103 2970 διδασκάλους,
3146 2905 3196 2958 οἳ
3245 2905 3338 2958 καὶ
3399 2905 3495 2975 τὴν
3543 2904 3655 2958 τῶν

2074 2996 2241 3049 ἐθνῶν
2280 2996 2690 3067 ὲκπεριθέοντες
2719 2997 2924 3068 χώραν,
2963 2999 3040 3060 είς
3070 2997 3366 3065 ἐπίγνωσιν
3396 2997 3655 3066 ἀληθείας

2076 3088 2303 3141 ἐκάλουν
2335 3105 2394 3141 τε
2439 3089 2531 3142 καὶ
2572 3091 3009 3160 σεσαγηνεύκασι
3045 3092 3177 3154 ,τοὺς
3216 3093 3273 3145 ἐν
3314 3090 3473 3161 αὐτῇ.
3524 3109 3544 3141 ι
3585 3086 3657 3142 *Β

2088 3180 2277 3244 Ἰούδα,
2318 3182 2496 3235 τοίνυν
2542 3184 2726 3250 φησὶν,
2764 3183 3003 3237 ὲνέτεινά
3056 3200 3123 3247 σε
3164 3183 3383 3253 ἐμαυτῷ
3414 3181 3587 3246 τόξον,
3631 3200 3651 3233 ι

2074 3274 2317 3327 τουτέστι
2352 3274 2440 3327 διὰ
2473 3274 2568 3327 σοῦ
2601 3274 2839 3341 τοξεύσω
2863 3276 2990 3339 τοὺς
3022 3275 3371 3339 ὑπεναντίους
3393 3290 3405 3303 ⁸
3430 3274 3525 3328 καὶ
3553 3293 3571 3324 ι
3597 3275 3657 3327 σὲ

2075 3366 2150 3432 δὲ,
2193 3360 2239 3420 ὦ
2281 3366 2538 3437 Ἐφραίμ,
2577 3366 2809 3438 έπλησα.
2855 3386 2872 3417 ι
2919 3368 3027 3420 Καὶ
3066 3368 3121 3420 τί
3167 3367 3230 3437 δὴ
3280 3364 3437 3419 τοῦτό
3486 3367 3654 3427 ἐστιν,

2076 3457 2190 3529 ἐρῶ
2230 3458 2410 3512 πάλιν.
2467 3459 2595 3511 Ὅτε
2643 3458 2751 3529 γάρ
2802 3459 2900 3528 τῆς
2938 3457 3151 3524 τοξείας
3192 3458 3241 3510 οἱ
3298 3457 3657 3526 ἐπιστήμονες

2075 3548 2274 3622 νευρὰν
2310 3551 2408 3621 μὲν
2446 3550 2620 3621 μαζῷ,
2645 3549 2740 3603 τοῦ
2768 3550 2825 3602 δὲ
2866 3548 3019 3614 τόξου
3052 3548 3143 3603 16v
3186 3548 3402 3620 σίδηρον
3434 3548 3658 3616 ἄγουσιν

2076 3640 2265 3709 ἐγγὺς,
2298 3640 2420 3694 τότε
2455 3641 2660 3710 πλῆσαι
2696 3640 2758 3693 16
2780 3639 2932 3705 τόξον
2976 3640 3246 3709 λέγονται,
3281 3641 3533 3712 βάλλουσι
3564 3639 3659 3693 καὶ

2076 3731 2427 3804 διιπτάμενον
2485 3732 2575 3787 τὸν
2628 3732 2727 3797 εὺν,
2788 3733 2908 3804 ἤτοι
2953 3732 3017 3785 τὸ
3052 3731 3224 3803 βέλος.
3279 3734 3433 3786 ’Ἐστι
3478 3731 3657 3786 τοίνυν

2077 3821 2209 3874 αὐτὸ
2264 3822 2535 3893 διαφόρως
2589 3822 2924 3893 πεφαμένον.
2964 3821 3127 3886 Τόξον
3199 3840 3259 3876 σε
3325 3823 3654 3893 πεποίημαι,

2078 3912 2264 3981 φησὶν,
2295 3906 2340 3965 ὧ
2369 3912 2558 3978 Ἰούδα,
2589 3910 2801 3983 ἔπλησα
2829 3913 2885 3965 δὲ
2919 3912 3013 3966 καί
3051 3930 3131 3981 σε,
3156 3910 3200 3967 ὦ
3241 3914 3497 3986 Ἐφραίμ.
3538 3912 3659 3966 Ἰού-

2077 4003 2173 4066 δας
2220 4004 2277 4056 δὲ
2312 4004 2405 4057 καὶ
2441 4004 2681 4075 Ἐφραῒμ
2714 4004 2860 4059 ἀπαν
2903 4005 3021 4057 ἐστὶ
3058 4007 3120 4059 τὸ
3148 4006 3303 4075 γένος
3334 4007 3395 4060 16
3442 4006 3502 4070 ἐξ
3560 4006 3660 4059 Ἰσι-

2082 4094 2241 4165 ραήλ.
2287 4095 2495 4149 Οὐκοῦν
2546 4096 2701 4162 τόξον
2756 4095 2946 4168 ὥσπερ
2996 4115 3051 4150 τι
3090 4098 3383 4169 πεποίηται
3428 4099 3556 4161 τοὺς
3582 4096 3661 4162 κὲξ

2093 4184 2360 4238 Ἰουδαίων
2386 4187 2819 4251 πεπιστευκότας
2840 4188 2944 4259 πρὸ
2965 4189 3073 4243 τῶν
3094 4188 3287 4253 ἄλλων,
3313 4191 3401 4243 καλ
3434 4189 3661 4261 γνώμης

401 4282 775 4346 adversantes,
816 4289 873 4335 et
911 4278 1173 4335 doctrinae
1210 4293 1382 4334 sacra:
1434 4279 1560 4335 inde
1608 4278 1972 4349 proﬁciscenti

2081 4276 2161 4339 είς
2185 4274 2341 4328 τοῦτο
2375 4275 2826 4348 προεληλυθότας,
2859 4277 2934 4340 ὼς
2962 4277 3089 4347 ἔθνη
3140 4277 3529 4345 παιδαγωγεῖν,
3566 4277 3663 4331 καὶ

403 4381 791 4444 repugnantes.
826 4372 919 4427 Sic
960 4370 1159 4454 alicubi
1197 4380 1252 4428 et
1283 4370 1707 4427 divinusDavid
1748 4372 1814 4426 ad
1859 4372 1972 4426 nni-

2081 4365 2190 4419 τῶν
2218 4365 2587 4436 πλανωμένων
2618 4365 2908 4419 ἀποσοϐεῖν
2949 4366 3047 4430 τάς
3087 4366 3193 4419 τῶν
3235 4366 3509 4437 δαιμόνων
3532 4366 3662 4433 ἀγέ-

400 4480 679 4521 versurum
710 4465 877 4521 Deum
912 4473 968 4520 et
998 4462 1379 4521 Salvatorem:
1420 4482 1440 4517 ι
1486 4463 1708 4532 Sagittae
1756 4474 1859 4518 tua
1890 4477 1972 4517 sa-

2083 4457 2201 4522 λας,
2226 4458 2551 4511 καταπαίειν
2573 4475 2631 4511 τε
2654 4457 2743 4511 τὸν
2766 4459 3028 4524 Σατανᾶν,
3060 4460 3153 4512 καὶ
3180 4457 3517 4525 ἁπαξαπλῶς
3535 4459 3663 4521 τοὺς

401 4561 528 4617 tutis
581 4570 774 4626 acuta,
824 4574 858 4615 ο
898 4568 1110 4629 potens,
1163 4559 1344 4629 populi
1406 4558 1506 4613 sub
1553 4560 1608 4612 te
1663 4556 1879 4622 cadent,
1928 4556 1981 4610 in

402 4654 568 4707 corde
608 4654 950 4708 inimicorum
982 4652 1127 4722 regis
1158 4652 1200 4706 ⁸.
1244 4670 1262 4702 ι
1300 4650 1522 4706 Feriunt
1558 4651 1702 4704 enim
1730 4648 1981 4704 inimicos

401 4742 497 4797 Dei
516 4753 565 4798 et
594 4742 771 4797 Patris
794 4745 846 4797 in
868 4759 984 4806 cor,
1007 4753 1061 4797 et
1083 4758 1240 4797 renes
1264 4743 1409 4795 intus
1436 4740 1646 4809 sagittae
1674 4740 1912 4809 potentis
1935 4740 1976 4803 ⁸,

406 4841 513 4893 hoc
550 4844 637 4888 est
674 4834 897 4889 Christi.
928 4833 1165 4888 Rursum
1195 4833 1408 4901 sagittae
1441 4832 1561 4901 ejus
1594 4839 1723 4885 sunt
1749 4831 1841 4900 qui
1878 4831 1976 4886 d0-

403 4934 530 4981 cent
559 4933 827 4989 errantes,
884 4933 938 4980 et
965 4935 1157 4978 natura
1194 4935 1248 4979 et
1274 4939 1402 4979 vere
1444 4922 1611 4979 Deum
1648 4917 1974 4980 nescientes.

403 5018 627 5075 Feriunt
655 5026 857 5083 autem,
894 5032 1001 5072 non
1030 5017 1097 5071 ad
1132 5027 1385 5081 mortem,
1419 5019 1515 5073 sed
1556 5017 1622 5073 ad
1658 5016 1976 5072 cbaritatem

406 5112 459 5164 in
491 5107 710 5164 Christo
768 5122 862 5163 eos
895 5107 1182 5173 deducent,
1236 5115 1294 5161 ut
1342 5115 1397 5163 et
1444 5109 1545 5164 sub
1603 5109 1719 5178 ipso
1760 5106 1976 5163 feriant.

406 5203 593 5270 Qualis
632 5210 714 5258 est
743 5217 862 5271 qua:
905 5201 959 5255 in
991 5201 1226 5255 Canticis
1262 5201 1600 5256 canticorum
1649 5214 1844 5269 sponsa
1887 5200 1984 5254 de-

404 5296 688 5361 scribitur,
730 5296 920 5350 dicens
965 5307 1261 5363 expresse:
1294 5311 1311 5344 ι
1357 5293 1648 5353 Vulnerata
1699 5292 1986 5347 charitatis

405 5400 505 5451 ego
540 5400 658 5438 sum
697 5388 762 5440 '°.
801 5406 819 5437 ι
855 5386 1105 5440 Evasisse
1151 5376 1327 5439 autent
1373 5383 1703 5440 fortissimos
1740 5399 1803 5439 ac
1850 5384 1985 5438 vali-

407 5476 662 5531 dissimus
691 5479 903 5534 divinos
931 5478 1251 5548 discipulos,
1288 5476 1611 5532 testificatur
1655 5478 1723 5531 de
1757 5476 1891 5546 ipsis
1930 5476 1982 5530 in

411 5568 605 5639 spiritu
661 5569 884 5638 loquens
932 5574 1145 5642 sapiens
1195 5571 1693 5640 Psalmographus:
1749 5589 1766 5621 ι
1827 5568 1982 5623 Sicut

499 5743 517 5775 ⁷
542 5738 673 5797 Luc.
706 5756 775 5812 Vt,
804 5741 892 5795 58.
968 5743 1145 5798 8Paul.
1182 5760 1327 5809 xm,
1369 5744 1419 5799 6.
1516 5745 1534 5773 ⁹
1558 5741 1696 5797 Psal.
1730 5741 1944 5809 011,6.

2081 4553 2193 4614 τοῖς
2227 4549 2391 4613 θείοις
2419 4549 2682 4620 δόγμασιν
2716 4549 3128 4617 ἀντεξάγοντας,
3162 4551 3258 4603 καὶ
3288 4549 3565 4638 τοὺεταϊς
3592 4548 3660 4600 δι’

2082 4644 2261 4699 αὐτῶν
2312 4644 2654 4714 μαχομένους
2699 4642 3130 4711 μυσταγωγίαις.
3184 4640 3341 4696 Οὕτω
3384 4641 3485 4695 πού
3531 4658 3663 4710 φησι

2080 4737 2174 4790 καὶ
2219 4736 2248 4787 6
2288 4730 2573 4797 θεσπέσιος
2616 4733 2780 4787 Δαὸὶδ
2811 4734 2947 4805 πρὸς
2986 4734 3077 4787 16v
3115 4733 3223 4787 τῶν
3255 4733 3391 4787 ὅλων
3434 4733 3665 4805 Σωτῆρα

2082 4828 2177 4881 καὶ
2218 4827 2376 4880 Θεόνο
2420 4845 2439 4879 ι
2486 4826 2568 4879 Τά
2602 4825 2729 4897 βέλη
2771 4845 2866 4879 σου
2897 4828 3230 4898 ἠκονημένα,
3281 4826 3472 4880 δυνατέ
3496 4842 3512 4858 ο
3544 4827 3664 4879 λαοὶ

2087 4916 2346 4973 ὑποκάτω
2389 4934 2483 4970 σου
2510 4916 2803 4971 πεσοῦνται
2825 4933 2838 4947 ο
2870 4918 2927 4972 ὲν
2953 4919 3150 4988 καρδίᾳ
3178 4917 3287 4970 τῶν
3316 4918 3527 4987 ἐχθρῶν
3567 4916 3661 4969 τοῦ

2089 5010 2370 5082 βασιλέως.
2409 5029 2429 5060 ι
2483 5011 2781 5080 Πληττουσι
2819 5010 2918 5079 μὲν
2970 5011 3079 5082 γάρ
3125 5013 3252 5074 τοὺς
3296 5010 3523 5083 ἐχθροὺς
3570 5009 3664 5062 τοῦ

2087 5103 2223 5157 Θεοῦ
2262 5103 2354 5156 καὶ
2383 5102 2597 5173 Πατρός
2636 5104 2716 5166 είς
2759 5103 2988 5174 καρδίαν
3029 5103 3156 5167 ἕσω,
3192 5104 3285 5156 καὶ
3334 5103 3563 5171 νεφροὺς
3598 5100 3667 5154 τὰ

2082 5194 2177 5249 τοῦ
2218 5194 2443 5266 δρνατοῦ
2476 5194 2625 5265 βέλη,
2656 5195 2903 5248 τουτέστι
2932 5193 3209 5266 ’Χριστοιλ
3246 5192 3381 5263 Βέλη
3407 5193 3465 5245 δὲ
3496 5191 3662 5244 αὑτοῦ

2084 5259 2271 5343 πάλων
2289 5289 2341 5341 οἱ
2388 5287 2753 5358 μυσταγωγοὶ,
2789 5290 2913 5350 τοὺς
2967 5287 3023 5340 δέ
3071 5304 3133 5355 γε
3188 5285 3659 5354 πεπλανημένους,

2066 5380 2176 5434 ,καὶ
2195 5380 2286 5432 τὸν
2302 5379 2461 5449 φύσει
2490 5396 2548 5431 τε
2580 5378 2673 5432 καὶ⁹
2698 5377 2912 5448 άληθῶς
2941 5377 3072 5431 Θεὸν
3094 5379 3193 5429 οὐκ
3226 5376 3453 5438 εἰδότας.
3491 5375 3664 5442 ιιλήτ.

2083 5490 2264 5526 τουσιν
2295 5472 2392 5526 οὐκ
2422 5474 2501 5534 είς
2526 5470 2775 5535 θάνατον,
2797 5470 2908 5529 ἀλλ’
2934 5471 3010 5533 είς
3049 5468 3271 5537 ἀγάπην
3300 5467 3496 5529 αὐτοὺς
3532 5467 3667 5521 dum.

2086 5564 2344 5635 φέροντες
2406 5563 2502 5634 τὴν
2536 5565 2591 5615 ἐν
2650 5561 2894 5633 Χριστῷ,
2958 5562 3043 5614 ἵνα
3108 5561 3195 5614 καὶ
3242 5560 3502 5613 ὑποκάτω
3572 5555 3652 5621 τύ.-

2054 5743 2095 5773 ³⁰
2121 5743 2277 5797 (ῖειιιι.
2319 5754 2368 5805 v,
2406 5736 2454 5790 7.
