  <div class='ocr_page' id='page_1' title='image "/cluster/home/n/w/nwhite01/storage/ocr_20150623/72/hvd.32044073502015/083.png"; bbox 0 0 4092 6202; ppageno 0'>
   <div class='ocr_carea' id='block_1_1' title="bbox 330 296 3592 400">
    <p class='ocr_par' dir='ltr' id='par_1_1' title="bbox 330 296 3592 400">
     <span class='ocr_line' id='line_1_1' title="bbox 330 296 3592 400; baseline -0.015 0"><span class='ocrx_word' id='word_1_1' title='bbox 330 342 436 400; x_wconf 69' lang='grc'><strong><em>155</em></strong></span> <span class='ocrx_word' id='word_1_2' title='bbox 1322 326 1380 382; x_wconf 82' lang='lat'><strong><em>6.</em></strong></span> <span class='ocrx_word' id='word_1_3' title='bbox 1421 323 1699 382; x_wconf 77' lang='lat' dir='ltr'><strong>CYRILLI</strong></span> <span class='ocrx_word' id='word_1_4' title='bbox 1735 317 2206 379; x_wconf 75' lang='lat' dir='ltr'><strong><em>ALEXANDRINI</em></strong></span> <span class='ocrx_word' id='word_1_5' title='bbox 2243 311 2560 371; x_wconf 80' lang='lat' dir='ltr'><strong><em>ABClllEP.</em></strong></span> <span class='ocrx_word' id='word_1_6' title='bbox 3493 296 3592 352; x_wconf 77' lang='grc'><strong><em>156</em></strong></span> 
     </span>
    </p>
   </div>
   <div class='ocr_carea' id='block_1_2' title="bbox 332 415 1949 526">
    <p class='ocr_par' dir='ltr' id='par_1_2' title="bbox 332 445 1949 517">
     <span class='ocr_line' id='line_1_2' title="bbox 332 445 1949 517; baseline -0.011 -5"><span class='ocrx_word' id='word_1_7' title='bbox 332 471 517 512; x_wconf 84' lang='lat' dir='ltr'><strong><em>coram</em></strong></span> <span class='ocrx_word' id='word_1_8' title='bbox 549 451 884 517; x_wconf 86' lang='lat' dir='ltr'><strong><em>hominibus,</em></strong></span> <span class='ocrx_word' id='word_1_9' title='bbox 907 455 967 505; x_wconf 88' lang='lat' dir='ltr'><strong><em>ut</em></strong></span> <span class='ocrx_word' id='word_1_10' title='bbox 993 447 1210 504; x_wconf 84' lang='lat' dir='ltr'><strong><em>videant</em></strong></span> <span class='ocrx_word' id='word_1_11' title='bbox 1229 459 1394 516; x_wconf 79' lang='lat' dir='ltr'><strong><em>Opera</em></strong></span> <span class='ocrx_word' id='word_1_12' title='bbox 1429 456 1610 500; x_wconf 73' lang='lat' dir='ltr'><strong><em>vestra</em></strong></span> <span class='ocrx_word' id='word_1_13' title='bbox 1645 445 1808 509; x_wconf 85' lang='lat' dir='ltr'><strong><em>bona,</em></strong></span> <span class='ocrx_word' id='word_1_14' title='bbox 1849 450 1906 500; x_wconf 81' lang='lat' dir='ltr'><strong><em>et</em></strong></span> <span class='ocrx_word' id='word_1_15' title='bbox 1935 457 1949 509; x_wconf 62' lang='grc' dir='ltr'><em>λ</em></span> 
     </span>
    </p>
   </div>
   <div class='ocr_carea' id='block_1_3' title="bbox 2049 415 3594 526">
    <p class='ocr_par' dir='ltr' id='par_1_3' title="bbox 2049 415 3594 524">
     <span class='ocr_line' id='line_1_3' title="bbox 2049 415 3594 524; baseline -0.02 -31"><span class='ocrx_word' id='word_1_16' title='bbox 2049 455 2151 492; x_wconf 87' lang='grc' dir='ltr'><strong><em>ωσι</em></strong></span> <span class='ocrx_word' id='word_1_17' title='bbox 2200 436 2263 490; x_wconf 66' lang='grc' dir='ltr'><em>τὴ</em></span> <span class='ocrx_word' id='word_1_18' title='bbox 2305 434 2440 505; x_wconf 81' lang='grc' dir='ltr'><em>φῶς.</em></span> <span class='ocrx_word' id='word_1_19' title='bbox 2481 452 2500 486; x_wconf 73' lang='grc' dir='ltr'><strong><em>ι</em></strong></span> <span class='ocrx_word' id='word_1_20' title='bbox 2552 428 2664 485; x_wconf 78' lang='grc' dir='ltr'><strong><em>Καὶ</em></strong></span> <span class='ocrx_word' id='word_1_21' title='bbox 2696 427 2856 482; x_wconf 84' lang='grc' dir='ltr'><em>πάλιν</em></span> <span class='ocrx_word' id='word_1_22' title='bbox 2888 421 3150 513; x_wconf 71' lang='grc' dir='ltr'><em>ἑτέρωθι·</em></span> <span class='ocrx_word' id='word_1_23' title='bbox 3194 437 3212 471; x_wconf 86' lang='grc' dir='ltr'><strong><em>ι</em></strong></span> <span class='ocrx_word' id='word_1_24' title='bbox 3258 417 3423 524; x_wconf 66' lang='lat' dir='ltr'><strong><em>eam</em></strong></span> <span class='ocrx_word' id='word_1_25' title='bbox 3452 415 3594 522; x_wconf 62' lang='grc' dir='ltr'><em>λαμ-</em></span> 
     </span>
    </p>
   </div>
   <div class='ocr_carea' id='block_1_4' title="bbox 333 511 1949 621">
    <p class='ocr_par' dir='ltr' id='par_1_4' title="bbox 333 511 1794 621">
     <span class='ocr_line' id='line_1_4' title="bbox 333 511 1794 621; baseline -0.01 -18"><span class='ocrx_word' id='word_1_26' title='bbox 333 545 629 621; x_wconf 72' lang='lat' dir='ltr'><strong><em>gloriliceut</em></strong></span> <span class='ocrx_word' id='word_1_27' title='bbox 653 511 881 599; x_wconf 65' lang='grc' dir='ltr'><em>Ροιιυεηι</em></span> <span class='ocrx_word' id='word_1_28' title='bbox 897 548 1134 596; x_wconf 84' lang='lat' dir='ltr'><strong><em>vestrum</em></strong></span> <span class='ocrx_word' id='word_1_29' title='bbox 1173 511 1344 610; x_wconf 34' lang='lat' dir='ltr'><strong><em>qui-in</em></strong></span> <span class='ocrx_word' id='word_1_30' title='bbox 1373 536 1526 594; x_wconf 73' lang='lat' dir='ltr'><strong><em>ctelis</em></strong></span> <span class='ocrx_word' id='word_1_31' title='bbox 1557 545 1642 592; x_wconf 85' lang='lat' dir='ltr'><strong><em>est</em></strong></span> <span class='ocrx_word' id='word_1_32' title='bbox 1677 539 1740 591; x_wconf 84' lang='lat'><strong><em>&quot;.</em></strong></span> <span class='ocrx_word' id='word_1_33' title='bbox 1775 553 1794 587; x_wconf 77' lang='grc' dir='ltr'><strong><em>ι</em></strong></span> 
     </span>
    </p>
   </div>
   <div class='ocr_carea' id='block_1_5' title="bbox 2049 511 3597 621">
    <p class='ocr_par' dir='ltr' id='par_1_5' title="bbox 2049 511 3597 621">
     <span class='ocr_line' id='line_1_5' title="bbox 2049 511 3597 621; baseline -0.017 -38"><span class='ocrx_word' id='word_1_34' title='bbox 2049 530 2168 583; x_wconf 66' lang='grc' dir='ltr'><em>πάτω</em></span> <span class='ocrx_word' id='word_1_35' title='bbox 2197 526 2256 580; x_wconf 87' lang='grc' dir='ltr'><strong><em>τδ</em></strong></span> <span class='ocrx_word' id='word_1_36' title='bbox 2283 526 2398 595; x_wconf 82' lang='grc' dir='ltr'><strong><em>φῶς</em></strong></span> <span class='ocrx_word' id='word_1_37' title='bbox 2440 523 2592 592; x_wconf 85' lang='grc' dir='ltr'><em>ὑμῶν</em></span> <span class='ocrx_word' id='word_1_38' title='bbox 2619 511 2935 591; x_wconf 76' lang='grc' dir='ltr'><em>ἔμπροσθεν</em></span> <span class='ocrx_word' id='word_1_39' title='bbox 2964 514 3072 567; x_wconf 82' lang='grc' dir='ltr'><em>τῶν</em></span> <span class='ocrx_word' id='word_1_40' title='bbox 3101 511 3424 621; x_wconf 61' lang='grc' dir='ltr'><strong><em>ἀνθρώμωῖζ</em></strong></span> <span class='ocrx_word' id='word_1_41' title='bbox 3449 511 3597 621; x_wconf 56' lang='grc' dir='ltr'><em>ὄτῐως</em></span> 
     </span>
    </p>
   </div>
   <div class='ocr_carea' id='block_1_6' title="bbox 2013 597 3597 683">
    <p class='ocr_par' dir='ltr' id='par_1_6' title="bbox 2013 597 3597 683">
     <span class='ocr_line' id='line_1_6' title="bbox 2013 597 3597 683; baseline -0.013 -13"><span class='ocrx_word' id='word_1_42' title='bbox 2013 597 2165 672; x_wconf 70' lang='grc' dir='ltr'><em>έδωσι</em></span> <span class='ocrx_word' id='word_1_43' title='bbox 2193 615 2263 669; x_wconf 76' lang='grc' dir='ltr'><strong><em>τά</em></strong></span> <span class='ocrx_word' id='word_1_44' title='bbox 2292 615 2432 668; x_wconf 74' lang='grc' dir='ltr'><em>καλὰ</em></span> <span class='ocrx_word' id='word_1_45' title='bbox 2466 613 2620 683; x_wconf 80' lang='grc' dir='ltr'><em>ὑμῶν</em></span> <span class='ocrx_word' id='word_1_46' title='bbox 2647 611 2803 682; x_wconf 73' lang='grc' dir='ltr'><em>ἔργα.</em></span> <span class='ocrx_word' id='word_1_47' title='bbox 2832 609 2927 663; x_wconf 76' lang='grc' dir='ltr'><em>καὶ</em></span> <span class='ocrx_word' id='word_1_48' title='bbox 2958 604 3224 672; x_wconf 78' lang='grc' dir='ltr'><em>δοξάσωσι</em></span> <span class='ocrx_word' id='word_1_49' title='bbox 3253 600 3344 655; x_wconf 80' lang='grc' dir='ltr'><em>τὸν</em></span> <span class='ocrx_word' id='word_1_50' title='bbox 3378 597 3597 668; x_wconf 83' lang='grc' dir='ltr'><em>Πατέρα</em></span> 
     </span>
    </p>
   </div>
   <div class='ocr_carea' id='block_1_7' title="bbox 2015 704 2896 781">
    <p class='ocr_par' dir='ltr' id='par_1_7' title="bbox 2015 704 2896 781">
     <span class='ocr_line' id='line_1_7' title="bbox 2015 704 2896 781; baseline -0.014 -17"><span class='ocrx_word' id='word_1_51' title='bbox 2015 709 2166 781; x_wconf 83' lang='grc' dir='ltr'><em>ὑμῶν</em></span> <span class='ocrx_word' id='word_1_52' title='bbox 2197 709 2289 762; x_wconf 75' lang='grc' dir='ltr'><em>τὸν</em></span> <span class='ocrx_word' id='word_1_53' title='bbox 2334 710 2390 760; x_wconf 78' lang='grc' dir='ltr'><em>ὲν</em></span> <span class='ocrx_word' id='word_1_54' title='bbox 2418 707 2530 768; x_wconf 83' lang='grc' dir='ltr'><em>τοῖς</em></span> <span class='ocrx_word' id='word_1_55' title='bbox 2563 704 2834 773; x_wconf 73' lang='grc' dir='ltr'><em>οὐρανοῖς.</em></span> <span class='ocrx_word' id='word_1_56' title='bbox 2877 718 2896 752; x_wconf 74' lang='grc' dir='ltr'><strong><em>ι</em></strong></span> 
     </span>
    </p>
   </div>
   <div class='ocr_carea' id='block_1_8' title="bbox 412 777 1949 881">
    <p class='ocr_par' dir='ltr' id='par_1_8' title="bbox 412 803 1945 881">
     <span class='ocr_line' id='line_1_8' title="bbox 412 803 1945 881; baseline -0.005 -18"><span class='ocrx_word' id='word_1_57' title='bbox 412 808 573 881; x_wconf 64' lang='grc'><strong><em>742</em></strong></span> <span class='ocrx_word' id='word_1_58' title='bbox 590 806 862 872; x_wconf 63' lang='lat' dir='ltr'><strong><em>VII-235.15,</em></strong></span> <span class='ocrx_word' id='word_1_59' title='bbox 891 803 974 860; x_wconf 81' lang='lat' dir='ltr'><strong><em>l6.</em></strong></span> <span class='ocrx_word' id='word_1_60' title='bbox 1004 805 1070 859; x_wconf 83' lang='lat' dir='ltr'><strong><em>Et</em></strong></span> <span class='ocrx_word' id='word_1_61' title='bbox 1091 805 1344 860; x_wconf 78' lang='lat' dir='ltr'><strong><em>Dominus</em></strong></span> <span class='ocrx_word' id='word_1_62' title='bbox 1365 805 1690 872; x_wconf 71' lang='lat' dir='ltr'><strong><em>omnipotens</em></strong></span> <span class='ocrx_word' id='word_1_63' title='bbox 1709 805 1764 859; x_wconf 89' lang='lat' dir='ltr'><strong><em>in</em></strong></span> <span class='ocrx_word' id='word_1_64' title='bbox 1787 804 1912 858; x_wconf 85' lang='lat' dir='ltr'><strong><em>tuba</em></strong></span> <span class='ocrx_word' id='word_1_65' title='bbox 1930 819 1945 830; x_wconf 89' lang='grc'><strong>·</strong></span> 
     </span>
    </p>
   </div>
   <div class='ocr_carea' id='block_1_9' title="bbox 2049 777 3598 881">
    <p class='ocr_par' dir='ltr' id='par_1_9' title="bbox 2054 777 3598 881">
     <span class='ocr_line' id='line_1_9' title="bbox 2054 777 3598 881; baseline -0.017 -25"><span class='ocrx_word' id='word_1_66' title='bbox 2054 777 2192 856; x_wconf 37' lang='grc' dir='ltr'><strong><em>’Καὶ</em></strong></span> <span class='ocrx_word' id='word_1_67' title='bbox 2231 801 2445 868; x_wconf 79' lang='grc' dir='ltr'><em>Κύριος</em></span> <span class='ocrx_word' id='word_1_68' title='bbox 2469 791 2891 860; x_wconf 78' lang='grc' dir='ltr'><strong><em>παντοκράτωρ</em></strong></span> <span class='ocrx_word' id='word_1_69' title='bbox 2923 789 2994 844; x_wconf 81' lang='grc' dir='ltr'><strong><em>ἐν</em></strong></span> <span class='ocrx_word' id='word_1_70' title='bbox 3019 777 3598 881; x_wconf 51' lang='grc' dir='ltr'><em>σάλπιΠι-σαλσιιεῖ,</em></span> 
     </span>
    </p>
   </div>
   <div class='ocr_carea' id='block_1_10' title="bbox 339 894 1912 970">
    <p class='ocr_par' dir='ltr' id='par_1_10' title="bbox 339 894 1912 970">
     <span class='ocr_line' id='line_1_10' title="bbox 339 894 1912 970; baseline -0.006 -16"><span class='ocrx_word' id='word_1_71' title='bbox 339 901 578 970; x_wconf 85' lang='lat' dir='ltr'><strong><em>clauget;</em></strong></span> <span class='ocrx_word' id='word_1_72' title='bbox 624 909 671 952; x_wconf 86' lang='lat' dir='ltr'><strong><em>et</em></strong></span> <span class='ocrx_word' id='word_1_73' title='bbox 724 896 816 950; x_wconf 84' lang='lat' dir='ltr'><strong><em>ibit</em></strong></span> <span class='ocrx_word' id='word_1_74' title='bbox 863 899 918 949; x_wconf 82' lang='lat' dir='ltr'><strong><em>in</em></strong></span> <span class='ocrx_word' id='word_1_75' title='bbox 966 895 1312 950; x_wconf 72' lang='lat' dir='ltr'><strong><em>commotione</em></strong></span> <span class='ocrx_word' id='word_1_76' title='bbox 1357 894 1619 946; x_wconf 85' lang='lat' dir='ltr'><strong><em>minarum</em></strong></span> <span class='ocrx_word' id='word_1_77' title='bbox 1671 907 1912 945; x_wconf 74' lang='lat' dir='ltr'><strong><em>suarum.</em></strong></span> 
     </span>
    </p>
   </div>
   <div class='ocr_carea' id='block_1_11' title="bbox 339 983 1912 1054">
    <p class='ocr_par' dir='ltr' id='par_1_11' title="bbox 339 983 1912 1054">
     <span class='ocr_line' id='line_1_11' title="bbox 339 983 1912 1054; baseline -0.007 -12"><span class='ocrx_word' id='word_1_78' title='bbox 339 986 597 1042; x_wconf 77' lang='lat' dir='ltr'><strong><em>Dominus</em></strong></span> <span class='ocrx_word' id='word_1_79' title='bbox 628 986 954 1054; x_wconf 80' lang='lat' dir='ltr'><strong><em>omnipotens</em></strong></span> <span class='ocrx_word' id='word_1_80' title='bbox 996 983 1219 1052; x_wconf 83' lang='lat' dir='ltr'><strong><em>protegit</em></strong></span> <span class='ocrx_word' id='word_1_81' title='bbox 1244 998 1354 1043; x_wconf 84' lang='lat' dir='ltr'><strong><em>eos,</em></strong></span> <span class='ocrx_word' id='word_1_82' title='bbox 1383 992 1431 1035; x_wconf 82' lang='lat' dir='ltr'><strong><em>ct</em></strong></span> <span class='ocrx_word' id='word_1_83' title='bbox 1470 989 1779 1035; x_wconf 86' lang='lat' dir='ltr'><strong><em>consument</em></strong></span> <span class='ocrx_word' id='word_1_84' title='bbox 1805 995 1912 1043; x_wconf 72' lang='lat' dir='ltr'><strong><em>eos,</em></strong></span> 
     </span>
    </p>
   </div>
   <div class='ocr_carea' id='block_1_12' title="bbox 341 1071 1916 1142">
    <p class='ocr_par' dir='ltr' id='par_1_12' title="bbox 341 1071 1916 1142">
     <span class='ocr_line' id='line_1_12' title="bbox 341 1071 1916 1142; baseline -0.004 -14"><span class='ocrx_word' id='word_1_85' title='bbox 341 1085 388 1128; x_wconf 73' lang='lat' dir='ltr'><strong><em>et</em></strong></span> <span class='ocrx_word' id='word_1_86' title='bbox 438 1074 661 1128; x_wconf 82' lang='lat' dir='ltr'><strong><em>obruent</em></strong></span> <span class='ocrx_word' id='word_1_87' title='bbox 723 1090 809 1127; x_wconf 83' lang='lat' dir='ltr'><strong><em>eos</em></strong></span> <span class='ocrx_word' id='word_1_88' title='bbox 845 1075 898 1126; x_wconf 90' lang='lat' dir='ltr'><strong><em>in</em></strong></span> <span class='ocrx_word' id='word_1_89' title='bbox 929 1071 1190 1139; x_wconf 75' lang='lat' dir='ltr'><strong><em>lapidibus</em></strong></span> <span class='ocrx_word' id='word_1_90' title='bbox 1221 1072 1422 1142; x_wconf 63' lang='lat' dir='ltr'><strong><em>fundet,</em></strong></span> <span class='ocrx_word' id='word_1_91' title='bbox 1456 1081 1508 1125; x_wconf 90' lang='lat' dir='ltr'><strong><em>et</em></strong></span> <span class='ocrx_word' id='word_1_92' title='bbox 1548 1071 1747 1124; x_wconf 83' lang='lat' dir='ltr'><strong><em>ebibent</em></strong></span> <span class='ocrx_word' id='word_1_93' title='bbox 1788 1086 1916 1124; x_wconf 74' lang='lat' dir='ltr'><strong><em>san-</em></strong></span> 
     </span>
    </p>
   </div>
   <div class='ocr_carea' id='block_1_13' title="bbox 341 1161 1920 1234">
    <p class='ocr_par' dir='ltr' id='par_1_13' title="bbox 341 1161 1920 1234">
     <span class='ocr_line' id='line_1_13' title="bbox 341 1161 1920 1234; baseline -0.001 -19"><span class='ocrx_word' id='word_1_94' title='bbox 341 1166 550 1234; x_wconf 79' lang='lat' dir='ltr'><strong><em>guinem</em></strong></span> <span class='ocrx_word' id='word_1_95' title='bbox 591 1181 771 1218; x_wconf 87' lang='lat' dir='ltr'><strong><em>eorum</em></strong></span> <span class='ocrx_word' id='word_1_96' title='bbox 818 1166 950 1218; x_wconf 77' lang='lat' dir='ltr'><strong><em>sicut</em></strong></span> <span class='ocrx_word' id='word_1_97' title='bbox 986 1165 1182 1229; x_wconf 77' lang='lat' dir='ltr'><strong><em>vinum,</em></strong></span> <span class='ocrx_word' id='word_1_98' title='bbox 1209 1173 1258 1217; x_wconf 88' lang='lat' dir='ltr'><strong><em>et</em></strong></span> <span class='ocrx_word' id='word_1_99' title='bbox 1296 1163 1581 1230; x_wconf 85' lang='lat' dir='ltr'><strong><em>implebunt</em></strong></span> <span class='ocrx_word' id='word_1_100' title='bbox 1623 1174 1674 1217; x_wconf 85' lang='lat' dir='ltr'><strong><em>ut</em></strong></span> <span class='ocrx_word' id='word_1_101' title='bbox 1705 1161 1920 1232; x_wconf 68' lang='lat' dir='ltr'><strong><em>phialas</em></strong></span> 
     </span>
    </p>
   </div>
   <div class='ocr_carea' id='block_1_14' title="bbox 343 1253 1920 1311">
    <p class='ocr_par' dir='ltr' id='par_1_14' title="bbox 343 1253 1920 1311">
     <span class='ocr_line' id='line_1_14' title="bbox 343 1253 1920 1311; baseline -0.001 -3"><span class='ocrx_word' id='word_1_102' title='bbox 343 1256 532 1309; x_wconf 82' lang='lat' dir='ltr'><strong><em>altare.</em></strong></span> <span class='ocrx_word' id='word_1_103' title='bbox 565 1255 632 1308; x_wconf 87' lang='lat' dir='ltr'><strong><em>Et</em></strong></span> <span class='ocrx_word' id='word_1_104' title='bbox 661 1257 880 1310; x_wconf 76' lang='lat' dir='ltr'><strong><em>salvabit</em></strong></span> <span class='ocrx_word' id='word_1_105' title='bbox 907 1273 994 1311; x_wconf 76' lang='lat' dir='ltr'><strong><em>eos</em></strong></span> <span class='ocrx_word' id='word_1_106' title='bbox 1028 1256 1286 1310; x_wconf 73' lang='lat' dir='ltr'><strong><em>Dominus</em></strong></span> <span class='ocrx_word' id='word_1_107' title='bbox 1313 1256 1367 1309; x_wconf 86' lang='lat' dir='ltr'><strong><em>iu</em></strong></span> <span class='ocrx_word' id='word_1_108' title='bbox 1396 1256 1480 1310; x_wconf 82' lang='lat' dir='ltr'><strong><em>die</em></strong></span> <span class='ocrx_word' id='word_1_109' title='bbox 1515 1253 1609 1309; x_wconf 85' lang='lat' dir='ltr'><strong><em>illa</em></strong></span> <span class='ocrx_word' id='word_1_110' title='bbox 1640 1255 1772 1309; x_wconf 72' lang='lat' dir='ltr'><strong><em>sicut</em></strong></span> <span class='ocrx_word' id='word_1_111' title='bbox 1801 1269 1920 1307; x_wconf 72' lang='lat' dir='ltr'><strong><em>oves</em></strong></span> 
     </span>
    </p>
   </div>
   <div class='ocr_carea' id='block_1_15' title="bbox 344 1349 794 1417">
    <p class='ocr_par' dir='ltr' id='par_1_15' title="bbox 344 1349 794 1417">
     <span class='ocr_line' id='line_1_15' title="bbox 344 1349 794 1417; baseline 0.007 -18"><span class='ocrx_word' id='word_1_112' title='bbox 344 1349 592 1417; x_wconf 77' lang='lat' dir='ltr'><strong><em>populant</em></strong></span> <span class='ocrx_word' id='word_1_113' title='bbox 617 1364 794 1402; x_wconf 77' lang='lat' dir='ltr'><strong><em>suum.</em></strong></span> 
     </span>
    </p>
   </div>
   <div class='ocr_carea' id='block_1_16' title="bbox 2017 959 3607 1050">
    <p class='ocr_par' dir='ltr' id='par_1_16' title="bbox 2017 959 3607 1050">
     <span class='ocr_line' id='line_1_16' title="bbox 2017 959 3607 1050; baseline -0.016 -11"><span class='ocrx_word' id='word_1_114' title='bbox 2017 981 2436 1050; x_wconf 76' lang='grc' dir='ltr'><strong><em>παντοκράτωρ</em></strong></span> <span class='ocrx_word' id='word_1_115' title='bbox 2467 974 2824 1044; x_wconf 80' lang='grc' dir='ltr'><em>ὑπερασπιεῖ</em></span> <span class='ocrx_word' id='word_1_116' title='bbox 2877 970 3096 1035; x_wconf 78' lang='grc' dir='ltr'><em>αὐτῶν,</em></span> <span class='ocrx_word' id='word_1_117' title='bbox 3127 966 3228 1022; x_wconf 77' lang='grc' dir='ltr'><em>καὶ</em></span> <span class='ocrx_word' id='word_1_118' title='bbox 3260 959 3607 1018; x_wconf 75' lang='grc' dir='ltr'><em>καταναλὼ-</em></span> 
     </span>
    </p>
   </div>
   <div class='ocr_carea' id='block_1_17' title="bbox 2019 1058 3608 1134">
    <p class='ocr_par' dir='ltr' id='par_1_17' title="bbox 2019 1058 3608 1134">
     <span class='ocr_line' id='line_1_17' title="bbox 2019 1058 3608 1134; baseline -0.015 -7"><span class='ocrx_word' id='word_1_119' title='bbox 2019 1089 2244 1128; x_wconf 79' lang='grc' dir='ltr'><em>σουσιν·</em></span> <span class='ocrx_word' id='word_1_120' title='bbox 2271 1069 2511 1134; x_wconf 81' lang='grc' dir='ltr'><em>αὐτοὺς,</em></span> <span class='ocrx_word' id='word_1_121' title='bbox 2542 1068 2641 1122; x_wconf 75' lang='grc' dir='ltr'><em>καὶ</em></span> <span class='ocrx_word' id='word_1_122' title='bbox 2669 1064 3090 1134; x_wconf 81' lang='grc' dir='ltr'><em>καταχὼσουσι</em></span> <span class='ocrx_word' id='word_1_123' title='bbox 3121 1061 3190 1113; x_wconf 75' lang='grc' dir='ltr'><strong><em>ἐν</em></strong></span> <span class='ocrx_word' id='word_1_124' title='bbox 3207 1058 3400 1121; x_wconf 67' lang='grc' dir='ltr'><em>,λίθοις</em></span> <span class='ocrx_word' id='word_1_125' title='bbox 3426 1069 3608 1122; x_wconf 68' lang='grc' dir='ltr'><em>σφεν-</em></span> 
     </span>
    </p>
   </div>
   <div class='ocr_carea' id='block_1_18' title="bbox 2019 1143 3607 1230">
    <p class='ocr_par' dir='ltr' id='par_1_18' title="bbox 2019 1143 3607 1230">
     <span class='ocr_line' id='line_1_18' title="bbox 2019 1143 3607 1230; baseline -0.014 -14"><span class='ocrx_word' id='word_1_126' title='bbox 2019 1163 2226 1230; x_wconf 74' lang='grc' dir='ltr'><em>δόνης,</em></span> <span class='ocrx_word' id='word_1_127' title='bbox 2272 1162 2369 1214; x_wconf 76' lang='grc' dir='ltr'><em>καὶ</em></span> <span class='ocrx_word' id='word_1_128' title='bbox 2418 1160 2728 1213; x_wconf 78' lang='grc' dir='ltr'><em>ἐκπίογται</em></span> <span class='ocrx_word' id='word_1_129' title='bbox 2778 1157 2844 1209; x_wconf 78' lang='grc' dir='ltr'><em>τι)</em></span> <span class='ocrx_word' id='word_1_130' title='bbox 2879 1149 3023 1223; x_wconf 74' lang='grc' dir='ltr'><em>αἷμα</em></span> <span class='ocrx_word' id='word_1_131' title='bbox 3064 1147 3263 1204; x_wconf 78' lang='grc' dir='ltr'><em>αὐτῶν</em></span> <span class='ocrx_word' id='word_1_132' title='bbox 3293 1147 3373 1211; x_wconf 85' lang='grc' dir='ltr'><em>ὡς</em></span> <span class='ocrx_word' id='word_1_133' title='bbox 3417 1143 3607 1204; x_wconf 72' lang='grc' dir='ltr'><em>οἶνον,</em></span> 
     </span>
    </p>
   </div>
   <div class='ocr_carea' id='block_1_19' title="bbox 2021 1231 3608 1317">
    <p class='ocr_par' dir='ltr' id='par_1_19' title="bbox 2021 1231 3608 1317">
     <span class='ocr_line' id='line_1_19' title="bbox 2021 1231 3608 1317; baseline -0.014 -10"><span class='ocrx_word' id='word_1_134' title='bbox 2021 1254 2121 1307; x_wconf 75' lang='grc' dir='ltr'><em>καὶ</em></span> <span class='ocrx_word' id='word_1_135' title='bbox 2183 1252 2494 1317; x_wconf 61' lang='grc' dir='ltr'><em>θελήσουσι</em></span> <span class='ocrx_word' id='word_1_136' title='bbox 2551 1251 2632 1316; x_wconf 86' lang='grc' dir='ltr'><em>ὡς</em></span> <span class='ocrx_word' id='word_1_137' title='bbox 2694 1246 2917 1317; x_wconf 70' lang='grc' dir='ltr'><em>φιάλας</em></span> <span class='ocrx_word' id='word_1_138' title='bbox 2977 1237 3432 1304; x_wconf 75' lang='grc' dir='ltr'><strong><em>θυσιαστήριον.</em></strong></span> <span class='ocrx_word' id='word_1_139' title='bbox 3499 1231 3608 1286; x_wconf 79' lang='grc' dir='ltr'><strong><em>Καὶ</em></strong></span> 
     </span>
    </p>
   </div>
   <div class='ocr_carea' id='block_1_20' title="bbox 2022 1323 3611 1410">
    <p class='ocr_par' dir='ltr' id='par_1_20' title="bbox 2022 1323 3611 1410">
     <span class='ocr_line' id='line_1_20' title="bbox 2022 1323 3611 1410; baseline -0.009 -9"><span class='ocrx_word' id='word_1_140' title='bbox 2022 1345 2206 1401; x_wconf 82' lang='grc' dir='ltr'><em>σώσει</em></span> <span class='ocrx_word' id='word_1_141' title='bbox 2247 1344 2469 1408; x_wconf 82' lang='grc' dir='ltr'><em>αὐτοὺς</em></span> <span class='ocrx_word' id='word_1_142' title='bbox 2517 1343 2730 1409; x_wconf 79' lang='grc' dir='ltr'><em>Κύριος</em></span> <span class='ocrx_word' id='word_1_143' title='bbox 2783 1339 2853 1392; x_wconf 73' lang='grc' dir='ltr'><strong><em>ἐν</em></strong></span> <span class='ocrx_word' id='word_1_144' title='bbox 2899 1334 2990 1410; x_wconf 32' lang='grc' dir='ltr'><strong><em>,τῇ</em></strong></span> <span class='ocrx_word' id='word_1_145' title='bbox 3042 1331 3232 1401; x_wconf 68' lang='grc' dir='ltr'><em>ἡμέρᾳ</em></span> <span class='ocrx_word' id='word_1_146' title='bbox 3278 1327 3478 1393; x_wconf 74' lang='grc' dir='ltr'><em>ἐκείνῃ</em></span> <span class='ocrx_word' id='word_1_147' title='bbox 3532 1323 3611 1388; x_wconf 80' lang='grc' dir='ltr'><em>ὡς</em></span> 
     </span>
    </p>
   </div>
   <div class='ocr_carea' id='block_1_21' title="bbox 2023 1430 2723 1504">
    <p class='ocr_par' dir='ltr' id='par_1_21' title="bbox 2023 1430 2723 1504">
     <span class='ocr_line' id='line_1_21' title="bbox 2023 1430 2723 1504; baseline -0.007 -15"><span class='ocrx_word' id='word_1_148' title='bbox 2023 1437 2289 1504; x_wconf 77' lang='grc' dir='ltr'><em>πρόϐατα</em></span> <span class='ocrx_word' id='word_1_149' title='bbox 2324 1433 2479 1486; x_wconf 77' lang='grc' dir='ltr'><em>λαὸν</em></span> <span class='ocrx_word' id='word_1_150' title='bbox 2511 1430 2723 1485; x_wconf 80' lang='grc' dir='ltr'><em>αὐτοῦ.</em></span> 
     </span>
    </p>
   </div>
   <div class='ocr_carea' id='block_1_22' title="bbox 2015 873 3692 958">
    <p class='ocr_par' dir='ltr' id='par_1_22' title="bbox 2015 873 3692 958">
     <span class='ocr_line' id='line_1_22' title="bbox 2015 873 3692 958; baseline -0.015 -13"><span class='ocrx_word' id='word_1_151' title='bbox 2015 892 2114 944; x_wconf 76' lang='grc' dir='ltr'><em>καὶ</em></span> <span class='ocrx_word' id='word_1_152' title='bbox 2142 891 2493 958; x_wconf 79' lang='grc' dir='ltr'><em>πορεύσεται</em></span> <span class='ocrx_word' id='word_1_153' title='bbox 2529 887 2600 939; x_wconf 78' lang='grc' dir='ltr'><strong><em>ἐν</em></strong></span> <span class='ocrx_word' id='word_1_154' title='bbox 2637 883 2809 948; x_wconf 72' lang='grc' dir='ltr'><em>σάλῳ</em></span> <span class='ocrx_word' id='word_1_155' title='bbox 2839 878 3097 947; x_wconf 79' lang='grc' dir='ltr'><em>ἀπειλῆς</em></span> <span class='ocrx_word' id='word_1_156' title='bbox 3142 874 3351 931; x_wconf 83' lang='grc' dir='ltr'><em>αὐτοῦ.</em></span> <span class='ocrx_word' id='word_1_157' title='bbox 3388 873 3604 939; x_wconf 86' lang='grc' dir='ltr'><em>Κύριος</em></span> <span class='ocrx_word' id='word_1_158' title='bbox 3683 926 3692 933; x_wconf 30' lang='grc' dir='ltr'>η</span> 
     </span>
    </p>
   </div>
   <div class='ocr_carea' id='block_1_23' title="bbox 418 1524 1926 1589">
    <p class='ocr_par' dir='ltr' id='par_1_23' title="bbox 418 1524 1926 1589">
     <span class='ocr_line' id='line_1_23' title="bbox 418 1524 1926 1589; baseline -0.003 -9"><span class='ocrx_word' id='word_1_159' title='bbox 418 1524 600 1582; x_wconf 79' lang='lat' dir='ltr'><strong>LXIII.</strong></span> <span class='ocrx_word' id='word_1_160' title='bbox 639 1525 1070 1583; x_wconf 88' lang='lat' dir='ltr'><strong><em>Commilitonem</em></strong></span> <span class='ocrx_word' id='word_1_161' title='bbox 1128 1537 1182 1582; x_wconf 91' lang='lat' dir='ltr'><strong><em>et</em></strong></span> <span class='ocrx_word' id='word_1_162' title='bbox 1227 1541 1502 1584; x_wconf 86' lang='lat' dir='ltr'><strong><em>armorum</em></strong></span> <span class='ocrx_word' id='word_1_163' title='bbox 1561 1525 1765 1581; x_wconf 87' lang='lat' dir='ltr'><strong><em>socium</em></strong></span> <span class='ocrx_word' id='word_1_164' title='bbox 1800 1566 1814 1589; x_wconf 93' lang='lat'><strong><em>,</em></strong></span> <span class='ocrx_word' id='word_1_165' title='bbox 1866 1530 1926 1577; x_wconf 89' lang='lat' dir='ltr'><strong><em>ut</em></strong></span> 
     </span>
    </p>
   </div>
   <div class='ocr_carea' id='block_1_24' title="bbox 350 1615 1921 1689">
    <p class='ocr_par' dir='ltr' id='par_1_24' title="bbox 350 1615 1921 1689">
     <span class='ocr_line' id='line_1_24' title="bbox 350 1615 1921 1689; baseline -0.004 -17"><span class='ocrx_word' id='word_1_166' title='bbox 350 1618 487 1681; x_wconf 83' lang='lat' dir='ltr'><strong><em>dixi,</em></strong></span> <span class='ocrx_word' id='word_1_167' title='bbox 511 1618 676 1673; x_wconf 87' lang='lat' dir='ltr'><strong><em>claris</em></strong></span> <span class='ocrx_word' id='word_1_168' title='bbox 702 1619 884 1674; x_wconf 81' lang='lat' dir='ltr'><strong><em>verbis</em></strong></span> <span class='ocrx_word' id='word_1_169' title='bbox 908 1619 1039 1689; x_wconf 88' lang='lat' dir='ltr'><strong><em>ipsis</em></strong></span> <span class='ocrx_word' id='word_1_170' title='bbox 1065 1619 1306 1689; x_wconf 77' lang='lat' dir='ltr'><strong><em>adjungit</em></strong></span> <span class='ocrx_word' id='word_1_171' title='bbox 1325 1620 1704 1672; x_wconf 88' lang='lat' dir='ltr'><strong><em>universorum</em></strong></span> <span class='ocrx_word' id='word_1_172' title='bbox 1731 1615 1921 1679; x_wconf 89' lang='lat' dir='ltr'><strong><em>Deum,</em></strong></span> 
     </span>
    </p>
   </div>
   <div class='ocr_carea' id='block_1_25' title="bbox 359 1705 1923 1774">
    <p class='ocr_par' dir='ltr' id='par_1_25' title="bbox 359 1705 1923 1774">
     <span class='ocr_line' id='line_1_25' title="bbox 359 1705 1923 1774; baseline -0.003 -14"><span class='ocrx_word' id='word_1_173' title='bbox 359 1709 493 1762; x_wconf 86' lang='lat' dir='ltr'><strong><em>adeo</em></strong></span> <span class='ocrx_word' id='word_1_174' title='bbox 528 1708 877 1773; x_wconf 84' lang='lat' dir='ltr'><strong><em>instructum,</em></strong></span> <span class='ocrx_word' id='word_1_175' title='bbox 905 1718 959 1763; x_wconf 90' lang='lat' dir='ltr'><strong><em>et</em></strong></span> <span class='ocrx_word' id='word_1_176' title='bbox 989 1709 1148 1762; x_wconf 83' lang='lat' dir='ltr'><strong><em>simul</em></strong></span> <span class='ocrx_word' id='word_1_177' title='bbox 1183 1716 1392 1762; x_wconf 87' lang='lat' dir='ltr'><strong><em>certare</em></strong></span> <span class='ocrx_word' id='word_1_178' title='bbox 1419 1708 1693 1774; x_wconf 84' lang='lat' dir='ltr'><strong><em>cupidum,</em></strong></span> <span class='ocrx_word' id='word_1_179' title='bbox 1730 1716 1786 1758; x_wconf 92' lang='lat' dir='ltr'><strong><em>ut</em></strong></span> <span class='ocrx_word' id='word_1_180' title='bbox 1813 1705 1923 1771; x_wconf 86' lang='lat' dir='ltr'><strong><em>jam</em></strong></span> 
     </span>
    </p>
   </div>
   <div class='ocr_carea' id='block_1_26' title="bbox 2094 1525 3612 1611">
    <p class='ocr_par' dir='ltr' id='par_1_26' title="bbox 2094 1525 3612 1611">
     <span class='ocr_line' id='line_1_26' title="bbox 2094 1525 3612 1611; baseline -0.016 -10"><span class='ocrx_word' id='word_1_181' title='bbox 2094 1545 2210 1600; x_wconf 69' lang='grc' dir='ltr'><strong><em>ΞΓθ.</em></strong></span> <span class='ocrx_word' id='word_1_182' title='bbox 2252 1541 2653 1611; x_wconf 80' lang='grc' dir='ltr'><em>Συνασπιστὴν,</em></span> <span class='ocrx_word' id='word_1_183' title='bbox 2685 1540 2760 1602; x_wconf 86' lang='grc' dir='ltr'><em>ὡς</em></span> <span class='ocrx_word' id='word_1_184' title='bbox 2807 1537 2964 1608; x_wconf 80' lang='grc' dir='ltr'><em>ἔφην,</em></span> <span class='ocrx_word' id='word_1_185' title='bbox 3016 1534 3112 1588; x_wconf 74' lang='grc' dir='ltr'><em>καὶ</em></span> <span class='ocrx_word' id='word_1_186' title='bbox 3145 1530 3404 1586; x_wconf 81' lang='grc' dir='ltr'><em>σύνοπλον</em></span> <span class='ocrx_word' id='word_1_187' title='bbox 3432 1525 3612 1588; x_wconf 72' lang='grc' dir='ltr'><em>αὐτοῖς</em></span> 
     </span>
    </p>
   </div>
   <div class='ocr_carea' id='block_1_27' title="bbox 2029 1619 3613 1709">
    <p class='ocr_par' dir='ltr' id='par_1_27' title="bbox 2029 1619 3613 1709">
     <span class='ocr_line' id='line_1_27' title="bbox 2029 1619 3613 1709; baseline -0.015 -18"><span class='ocrx_word' id='word_1_188' title='bbox 2029 1637 2357 1709; x_wconf 75' lang='grc' dir='ltr'><em>παρίστησιν</em></span> <span class='ocrx_word' id='word_1_189' title='bbox 2390 1632 2638 1704; x_wconf 80' lang='grc' dir='ltr'><strong><em>ἐναργῶς</em></strong></span> <span class='ocrx_word' id='word_1_190' title='bbox 2660 1634 2686 1683; x_wconf 86' lang='grc' dir='ltr'>ὁ</span> <span class='ocrx_word' id='word_1_191' title='bbox 2705 1629 2886 1698; x_wconf 75' lang='grc' dir='ltr'><em>λόγος,</em></span> <span class='ocrx_word' id='word_1_192' title='bbox 2907 1627 2996 1679; x_wconf 81' lang='grc' dir='ltr'><em>τὸν</em></span> <span class='ocrx_word' id='word_1_193' title='bbox 3021 1625 3130 1678; x_wconf 86' lang='grc' dir='ltr'><em>τῶν</em></span> <span class='ocrx_word' id='word_1_194' title='bbox 3169 1622 3303 1675; x_wconf 81' lang='grc' dir='ltr'><em>ὅλων</em></span> <span class='ocrx_word' id='word_1_195' title='bbox 3329 1619 3483 1682; x_wconf 81' lang='grc' dir='ltr'><em>Θεὸν,</em></span> <span class='ocrx_word' id='word_1_196' title='bbox 3509 1634 3613 1703; x_wconf 79' lang='grc' dir='ltr'><strong><em>πα-</em></strong></span> 
     </span>
    </p>
   </div>
   <div class='ocr_carea' id='block_1_28' title="bbox 2031 1709 3614 1802">
    <p class='ocr_par' dir='ltr' id='par_1_28' title="bbox 2031 1709 3614 1802">
     <span class='ocr_line' id='line_1_28' title="bbox 2031 1709 3614 1802; baseline -0.015 -19"><span class='ocrx_word' id='word_1_197' title='bbox 2031 1728 2428 1802; x_wconf 84' lang='grc' dir='ltr'><em>ραταττόμενον</em></span> <span class='ocrx_word' id='word_1_198' title='bbox 2468 1724 2630 1785; x_wconf 78' lang='grc' dir='ltr'><em>οὓτω,</em></span> <span class='ocrx_word' id='word_1_199' title='bbox 2655 1723 2749 1776; x_wconf 78' lang='grc' dir='ltr'><em>καὶ</em></span> <span class='ocrx_word' id='word_1_200' title='bbox 2789 1718 3070 1773; x_wconf 87' lang='grc' dir='ltr'><em>συναθλεῖν</em></span> <span class='ocrx_word' id='word_1_201' title='bbox 3093 1713 3388 1787; x_wconf 77' lang='grc' dir='ltr'><em>ᾑρημένον,</em></span> <span class='ocrx_word' id='word_1_202' title='bbox 3412 1711 3484 1772; x_wconf 82' lang='grc' dir='ltr'><em>ὡς</em></span> <span class='ocrx_word' id='word_1_203' title='bbox 3512 1709 3614 1780; x_wconf 68' lang='grc' dir='ltr'><em>ἤδη</em></span> 
     </span>
    </p>
   </div>
   <div class='ocr_carea' id='block_1_29' title="bbox 359 1794 1949 1886">
    <p class='ocr_par' dir='ltr' id='par_1_29' title="bbox 359 1794 1926 1866">
     <span class='ocr_line' id='line_1_29' title="bbox 359 1794 1926 1866; baseline -0.003 -16"><span class='ocrx_word' id='word_1_204' title='bbox 359 1798 631 1852; x_wconf 74' lang='lat' dir='ltr'><strong><em>hostiliter</em></strong></span> <span class='ocrx_word' id='word_1_205' title='bbox 685 1799 960 1866; x_wconf 77' lang='lat' dir='ltr'><strong><em>ingruere,</em></strong></span> <span class='ocrx_word' id='word_1_206' title='bbox 1003 1799 1112 1852; x_wconf 83' lang='lat' dir='ltr'><strong><em>into</em></strong></span> <span class='ocrx_word' id='word_1_207' title='bbox 1148 1799 1334 1866; x_wconf 86' lang='lat' dir='ltr'><strong><em>pedem</em></strong></span> <span class='ocrx_word' id='word_1_208' title='bbox 1365 1797 1633 1864; x_wconf 86' lang='lat' dir='ltr'><strong><em>conferre,</em></strong></span> <span class='ocrx_word' id='word_1_209' title='bbox 1665 1807 1716 1850; x_wconf 87' lang='lat' dir='ltr'><strong><em>et</em></strong></span> <span class='ocrx_word' id='word_1_210' title='bbox 1767 1794 1926 1864; x_wconf 89' lang='lat' dir='ltr'><strong><em>quid-</em></strong></span> 
     </span>
    </p>
   </div>
   <div class='ocr_carea' id='block_1_30' title="bbox 2049 1794 3618 1886">
    <p class='ocr_par' dir='ltr' id='par_1_30' title="bbox 2049 1799 3618 1886">
     <span class='ocr_line' id='line_1_30' title="bbox 2049 1799 3618 1886; baseline -0.015 -13"><span class='ocrx_word' id='word_1_211' title='bbox 2049 1820 2216 1873; x_wconf 68' lang='grc' dir='ltr'><em>δοκεῖν</em></span> <span class='ocrx_word' id='word_1_212' title='bbox 2265 1817 2360 1870; x_wconf 71' lang='grc' dir='ltr'><em>καὶ</em></span> <span class='ocrx_word' id='word_1_213' title='bbox 2397 1813 2732 1886; x_wconf 77' lang='grc' dir='ltr'><em>ἐξηρτῆσθαι</em></span> <span class='ocrx_word' id='word_1_214' title='bbox 2783 1807 3115 1880; x_wconf 79' lang='grc' dir='ltr'><strong><em>πολεμικῶς,</em></strong></span> <span class='ocrx_word' id='word_1_215' title='bbox 3147 1806 3241 1859; x_wconf 70' lang='grc' dir='ltr'><em>καὶ</em></span> <span class='ocrx_word' id='word_1_216' title='bbox 3285 1799 3395 1856; x_wconf 80' lang='grc' dir='ltr'><em>οἷον</em></span> <span class='ocrx_word' id='word_1_217' title='bbox 3420 1802 3618 1871; x_wconf 63' lang='grc' dir='ltr'><em>χωρεῖν</em></span> 
     </span>
    </p>
   </div>
   <div class='ocr_carea' id='block_1_31' title="bbox 356 1888 1926 1955">
    <p class='ocr_par' dir='ltr' id='par_1_31' title="bbox 356 1888 1926 1955">
     <span class='ocr_line' id='line_1_31' title="bbox 356 1888 1926 1955; baseline 0.001 -17"><span class='ocrx_word' id='word_1_218' title='bbox 356 1888 484 1955; x_wconf 83' lang='lat' dir='ltr'><strong><em>quid</em></strong></span> <span class='ocrx_word' id='word_1_219' title='bbox 528 1888 579 1941; x_wconf 88' lang='lat' dir='ltr'><strong><em>in</em></strong></span> <span class='ocrx_word' id='word_1_220' title='bbox 625 1902 683 1942; x_wconf 89' lang='lat' dir='ltr'><strong><em>se</em></strong></span> <span class='ocrx_word' id='word_1_221' title='bbox 710 1896 791 1941; x_wconf 89' lang='lat' dir='ltr'><strong><em>cst</em></strong></span> <span class='ocrx_word' id='word_1_222' title='bbox 827 1889 1018 1941; x_wconf 85' lang='lat' dir='ltr'><strong><em>viriqu</em></strong></span> <span class='ocrx_word' id='word_1_223' title='bbox 1058 1889 1110 1941; x_wconf 91' lang='lat' dir='ltr'><strong><em>iu</em></strong></span> <span class='ocrx_word' id='word_1_224' title='bbox 1153 1889 1352 1948; x_wconf 80' lang='lat' dir='ltr'><strong><em>hostes,</em></strong></span> <span class='ocrx_word' id='word_1_225' title='bbox 1386 1888 1518 1942; x_wconf 91' lang='lat' dir='ltr'><strong><em>etin</em></strong></span> <span class='ocrx_word' id='word_1_226' title='bbox 1558 1888 1794 1954; x_wconf 91' lang='lat' dir='ltr'><strong><em>ipsorum</em></strong></span> <span class='ocrx_word' id='word_1_227' title='bbox 1838 1901 1926 1939; x_wconf 86' lang='lat' dir='ltr'><strong><em>ro-</em></strong></span> 
     </span>
    </p>
   </div>
   <div class='ocr_carea' id='block_1_32' title="bbox 358 1967 1927 2048">
    <p class='ocr_par' dir='ltr' id='par_1_32' title="bbox 358 1967 1927 2048">
     <span class='ocr_line' id='line_1_32' title="bbox 358 1967 1927 2048; baseline -0.003 -14"><span class='ocrx_word' id='word_1_228' title='bbox 358 1981 462 2034; x_wconf 83' lang='lat' dir='ltr'><strong><em>bur</em></strong></span> <span class='ocrx_word' id='word_1_229' title='bbox 513 1967 790 2034; x_wconf 72' lang='lat' dir='ltr'><strong><em>eﬂuudere</em></strong></span> <span class='ocrx_word' id='word_1_230' title='bbox 843 1981 1115 2034; x_wconf 85' lang='lat' dir='ltr'><strong><em>videatur.</em></strong></span> <span class='ocrx_word' id='word_1_231' title='bbox 1160 1978 1484 2033; x_wconf 78' lang='lat' dir='ltr'><strong><em>Rectissime</em></strong></span> <span class='ocrx_word' id='word_1_232' title='bbox 1531 1994 1690 2048; x_wconf 87' lang='lat' dir='ltr'><strong><em>porro</em></strong></span> <span class='ocrx_word' id='word_1_233' title='bbox 1736 1977 1927 2045; x_wconf 88' lang='lat' dir='ltr'><strong><em>inquit,</em></strong></span> 
     </span>
    </p>
   </div>
   <div class='ocr_carea' id='block_1_33' title="bbox 357 2069 1930 2140">
    <p class='ocr_par' dir='ltr' id='par_1_33' title="bbox 357 2069 1930 2140">
     <span class='ocr_line' id='line_1_33' title="bbox 357 2069 1930 2140; baseline 0.001 -18"><span class='ocrx_word' id='word_1_234' title='bbox 357 2070 558 2124; x_wconf 87' lang='lat' dir='ltr'><strong><em>bellum</em></strong></span> <span class='ocrx_word' id='word_1_235' title='bbox 600 2071 868 2126; x_wconf 87' lang='lat' dir='ltr'><strong><em>facturum</em></strong></span> <span class='ocrx_word' id='word_1_236' title='bbox 907 2087 1008 2126; x_wconf 80' lang='lat' dir='ltr'><strong><em>nun</em></strong></span> <span class='ocrx_word' id='word_1_237' title='bbox 1044 2072 1108 2126; x_wconf 86' lang='lat' dir='ltr'><strong><em>iis</em></strong></span> <span class='ocrx_word' id='word_1_238' title='bbox 1136 2072 1225 2140; x_wconf 86' lang='lat' dir='ltr'><strong><em>qui</em></strong></span> <span class='ocrx_word' id='word_1_239' title='bbox 1251 2087 1345 2139; x_wconf 90' lang='lat' dir='ltr'><strong><em>per</em></strong></span> <span class='ocrx_word' id='word_1_240' title='bbox 1380 2071 1537 2125; x_wconf 82' lang='lat' dir='ltr'><strong><em>fidem</em></strong></span> <span class='ocrx_word' id='word_1_241' title='bbox 1569 2071 1635 2124; x_wconf 89' lang='lat' dir='ltr'><strong><em>ad</em></strong></span> <span class='ocrx_word' id='word_1_242' title='bbox 1671 2069 1930 2136; x_wconf 76' lang='lat' dir='ltr'><strong><em>iustiﬁca-</em></strong></span> 
     </span>
    </p>
   </div>
   <div class='ocr_carea' id='block_1_34' title="bbox 362 2161 1934 2240">
    <p class='ocr_par' dir='ltr' id='par_1_34' title="bbox 362 2161 1934 2240">
     <span class='ocr_line' id='line_1_34' title="bbox 362 2161 1934 2240; baseline 0.001 -26"><span class='ocrx_word' id='word_1_243' title='bbox 362 2163 562 2216; x_wconf 90' lang='lat' dir='ltr'><strong><em>tionem</em></strong></span> <span class='ocrx_word' id='word_1_244' title='bbox 622 2169 881 2230; x_wconf 88' lang='lat' dir='ltr'><strong><em>tanquam</em></strong></span> <span class='ocrx_word' id='word_1_245' title='bbox 928 2179 1136 2240; x_wconf 26' lang='lat' dir='ltr'><strong><em>sagena&#39;</em></strong></span> <span class='ocrx_word' id='word_1_246' title='bbox 1181 2163 1323 2232; x_wconf 88' lang='lat' dir='ltr'><strong><em>capti</em></strong></span> <span class='ocrx_word' id='word_1_247' title='bbox 1377 2172 1544 2216; x_wconf 86' lang='lat' dir='ltr'><strong><em>sunt:</em></strong></span> <span class='ocrx_word' id='word_1_248' title='bbox 1603 2163 1696 2216; x_wconf 88' lang='lat' dir='ltr'><strong><em>sed</em></strong></span> <span class='ocrx_word' id='word_1_249' title='bbox 1738 2161 1934 2216; x_wconf 63' lang='lat' dir='ltr'><strong><em>divinae</em></strong></span> 
     </span>
    </p>
   </div>
   <div class='ocr_carea' id='block_1_35' title="bbox 360 2251 1937 2322">
    <p class='ocr_par' dir='ltr' id='par_1_35' title="bbox 360 2251 1937 2322">
     <span class='ocr_line' id='line_1_35' title="bbox 360 2251 1937 2322; baseline -0.001 -15"><span class='ocrx_word' id='word_1_250' title='bbox 360 2254 736 2322; x_wconf 67' lang='lat' dir='ltr'><strong><em>prmditatioui</em></strong></span> <span class='ocrx_word' id='word_1_251' title='bbox 767 2255 1057 2309; x_wconf 73' lang='lat' dir='ltr'><strong><em>infeliciter</em></strong></span> <span class='ocrx_word' id='word_1_252' title='bbox 1077 2254 1460 2316; x_wconf 86' lang='lat' dir='ltr'><strong><em>obniteutibus,</em></strong></span> <span class='ocrx_word' id='word_1_253' title='bbox 1490 2270 1626 2322; x_wconf 89' lang='lat' dir='ltr'><strong><em>quos</em></strong></span> <span class='ocrx_word' id='word_1_254' title='bbox 1657 2263 1709 2306; x_wconf 88' lang='lat' dir='ltr'><strong><em>et</em></strong></span> <span class='ocrx_word' id='word_1_255' title='bbox 1737 2251 1937 2306; x_wconf 82' lang='lat' dir='ltr'><strong><em>Paulus</em></strong></span> 
     </span>
    </p>
   </div>
   <div class='ocr_carea' id='block_1_36' title="bbox 364 2343 1936 2409">
    <p class='ocr_par' dir='ltr' id='par_1_36' title="bbox 364 2343 1936 2409">
     <span class='ocr_line' id='line_1_36' title="bbox 364 2343 1936 2409; baseline -0.001 -13"><span class='ocrx_word' id='word_1_256' title='bbox 364 2343 593 2405; x_wconf 85' lang='lat' dir='ltr'><strong><em>notavit,</em></strong></span> <span class='ocrx_word' id='word_1_257' title='bbox 632 2360 752 2398; x_wconf 90' lang='lat' dir='ltr'><strong><em>cmn</em></strong></span> <span class='ocrx_word' id='word_1_258' title='bbox 783 2345 919 2398; x_wconf 68' lang='lat' dir='ltr'><strong><em>dixit</em></strong></span> <span class='ocrx_word' id='word_1_259' title='bbox 950 2362 964 2399; x_wconf 90' lang='lat'><strong>:</strong></span> <span class='ocrx_word' id='word_1_260' title='bbox 1007 2363 1024 2395; x_wconf 83' lang='grc' dir='ltr'><strong><em>ι</em></strong></span> <span class='ocrx_word' id='word_1_261' title='bbox 1067 2343 1273 2399; x_wconf 89' lang='lat' dir='ltr'><strong><em>Ostium</em></strong></span> <span class='ocrx_word' id='word_1_262' title='bbox 1301 2345 1444 2396; x_wconf 90' lang='lat' dir='ltr'><strong><em>enim</em></strong></span> <span class='ocrx_word' id='word_1_263' title='bbox 1479 2343 1606 2397; x_wconf 89' lang='lat' dir='ltr'><strong><em>mihi</em></strong></span> <span class='ocrx_word' id='word_1_264' title='bbox 1657 2357 1936 2409; x_wconf 73' lang='lat' dir='ltr'><strong><em>maguum,</em></strong></span> 
     </span>
    </p>
   </div>
   <div class='ocr_carea' id='block_1_37' title="bbox 364 2435 1931 2506">
    <p class='ocr_par' dir='ltr' id='par_1_37' title="bbox 364 2435 1931 2506">
     <span class='ocr_line' id='line_1_37' title="bbox 364 2435 1931 2506; baseline -0.003 -18"><span class='ocrx_word' id='word_1_265' title='bbox 364 2445 419 2488; x_wconf 88' lang='lat' dir='ltr'><strong><em>et</em></strong></span> <span class='ocrx_word' id='word_1_266' title='bbox 469 2437 688 2490; x_wconf 80' lang='lat' dir='ltr'><strong><em>evidens</em></strong></span> <span class='ocrx_word' id='word_1_267' title='bbox 718 2447 963 2506; x_wconf 87' lang='lat' dir='ltr'><strong><em>apertum</em></strong></span> <span class='ocrx_word' id='word_1_268' title='bbox 995 2441 1108 2498; x_wconf 74' lang='lat' dir='ltr'><strong><em>est,</em></strong></span> <span class='ocrx_word' id='word_1_269' title='bbox 1149 2445 1200 2488; x_wconf 90' lang='lat' dir='ltr'><strong><em>ct</em></strong></span> <span class='ocrx_word' id='word_1_270' title='bbox 1259 2435 1551 2488; x_wconf 84' lang='lat' dir='ltr'><strong><em>adversarii</em></strong></span> <span class='ocrx_word' id='word_1_271' title='bbox 1605 2435 1754 2487; x_wconf 87' lang='lat' dir='ltr'><strong><em>ntulti</em></strong></span> <span class='ocrx_word' id='word_1_272' title='bbox 1793 2435 1878 2486; x_wconf 71' lang='lat'><strong><em>‘9‘.</em></strong></span> <span class='ocrx_word' id='word_1_273' title='bbox 1913 2451 1931 2483; x_wconf 75' lang='grc' dir='ltr'><strong><em>ι</em></strong></span> 
     </span>
    </p>
   </div>
   <div class='ocr_carea' id='block_1_38' title="bbox 365 2525 1940 2598">
    <p class='ocr_par' dir='ltr' id='par_1_38' title="bbox 365 2525 1940 2598">
     <span class='ocr_line' id='line_1_38' title="bbox 365 2525 1940 2598; baseline -0.002 -17"><span class='ocrx_word' id='word_1_274' title='bbox 365 2528 533 2582; x_wconf 70' lang='lat' dir='ltr'><strong><em>(lauet</em></strong></span> <span class='ocrx_word' id='word_1_275' title='bbox 574 2528 755 2598; x_wconf 76' lang='lat' dir='ltr'><strong><em>igitur,</em></strong></span> <span class='ocrx_word' id='word_1_276' title='bbox 808 2529 1005 2598; x_wconf 87' lang='lat' dir='ltr'><strong><em>inquit,</em></strong></span> <span class='ocrx_word' id='word_1_277' title='bbox 1061 2530 1184 2582; x_wconf 89' lang='lat' dir='ltr'><strong><em>tuba</em></strong></span> <span class='ocrx_word' id='word_1_278' title='bbox 1245 2528 1522 2582; x_wconf 81' lang='lat' dir='ltr'><strong><em>Dominus.</em></strong></span> <span class='ocrx_word' id='word_1_279' title='bbox 1579 2525 1814 2582; x_wconf 88' lang='lat' dir='ltr'><strong><em>Locutus</em></strong></span> <span class='ocrx_word' id='word_1_280' title='bbox 1858 2535 1940 2580; x_wconf 87' lang='lat' dir='ltr'><strong><em>est</em></strong></span> 
     </span>
    </p>
   </div>
   <div class='ocr_carea' id='block_1_39' title="bbox 366 2619 1935 2689">
    <p class='ocr_par' dir='ltr' id='par_1_39' title="bbox 366 2619 1935 2689">
     <span class='ocr_line' id='line_1_39' title="bbox 366 2619 1935 2689; baseline -0.001 -15"><span class='ocrx_word' id='word_1_281' title='bbox 366 2621 510 2674; x_wconf 89' lang='lat' dir='ltr'><strong><em>enim</em></strong></span> <span class='ocrx_word' id='word_1_282' title='bbox 567 2622 823 2675; x_wconf 88' lang='lat' dir='ltr'><strong><em>Dominus</em></strong></span> <span class='ocrx_word' id='word_1_283' title='bbox 873 2621 1309 2689; x_wconf 66' lang='lat' dir='ltr'><strong><em>praedicationem</em></strong></span> <span class='ocrx_word' id='word_1_284' title='bbox 1373 2619 1776 2689; x_wconf 74' lang='lat' dir='ltr'><strong><em>evangelicum,</em></strong></span> <span class='ocrx_word' id='word_1_285' title='bbox 1812 2634 1935 2686; x_wconf 62' lang='lat' dir='ltr'><strong><em>qua:</em></strong></span> 
     </span>
    </p>
   </div>
   <div class='ocr_carea' id='block_1_40' title="bbox 369 2709 1944 2781">
    <p class='ocr_par' dir='ltr' id='par_1_40' title="bbox 369 2709 1944 2781">
     <span class='ocr_line' id='line_1_40' title="bbox 369 2709 1944 2781; baseline -0.002 -15"><span class='ocrx_word' id='word_1_286' title='bbox 369 2726 560 2766; x_wconf 82' lang='lat' dir='ltr'><strong><em>omnes</em></strong></span> <span class='ocrx_word' id='word_1_287' title='bbox 607 2721 781 2765; x_wconf 82' lang='lat' dir='ltr'><strong><em>terras</em></strong></span> <span class='ocrx_word' id='word_1_288' title='bbox 838 2712 1099 2780; x_wconf 82' lang='lat' dir='ltr'><strong><em>pervasit,</em></strong></span> <span class='ocrx_word' id='word_1_289' title='bbox 1147 2712 1364 2781; x_wconf 85' lang='lat' dir='ltr'><strong><em>quando</em></strong></span> <span class='ocrx_word' id='word_1_290' title='bbox 1423 2712 1594 2766; x_wconf 86' lang='lat' dir='ltr'><strong><em>audiri</em></strong></span> <span class='ocrx_word' id='word_1_291' title='bbox 1651 2718 1826 2780; x_wconf 90' lang='lat' dir='ltr'><strong><em>potest</em></strong></span> <span class='ocrx_word' id='word_1_292' title='bbox 1877 2709 1944 2763; x_wconf 89' lang='lat' dir='ltr'><strong><em>ab</em></strong></span> 
     </span>
    </p>
   </div>
   <div class='ocr_carea' id='block_1_41' title="bbox 369 2798 1947 2872">
    <p class='ocr_par' dir='ltr' id='par_1_41' title="bbox 369 2798 1947 2872">
     <span class='ocr_line' id='line_1_41' title="bbox 369 2798 1947 2872; baseline -0.003 -17"><span class='ocrx_word' id='word_1_293' title='bbox 369 2800 622 2855; x_wconf 87' lang='lat' dir='ltr'><strong><em>onmibus</em></strong></span> <span class='ocrx_word' id='word_1_294' title='bbox 665 2801 981 2872; x_wconf 86' lang='lat' dir='ltr'><strong><em>mysterium</em></strong></span> <span class='ocrx_word' id='word_1_295' title='bbox 1011 2815 1024 2852; x_wconf 89' lang='lat'><strong>:</strong></span> <span class='ocrx_word' id='word_1_296' title='bbox 1066 2810 1184 2854; x_wconf 88' lang='lat' dir='ltr'><strong><em>erat</em></strong></span> <span class='ocrx_word' id='word_1_297' title='bbox 1211 2801 1355 2854; x_wconf 90' lang='lat' dir='ltr'><strong><em>enim</em></strong></span> <span class='ocrx_word' id='word_1_298' title='bbox 1383 2800 1528 2854; x_wconf 88' lang='lat' dir='ltr'><strong><em>tenui</em></strong></span> <span class='ocrx_word' id='word_1_299' title='bbox 1561 2815 1713 2866; x_wconf 81' lang='lat' dir='ltr'><strong><em>voce,</em></strong></span> <span class='ocrx_word' id='word_1_300' title='bbox 1743 2808 1797 2853; x_wconf 89' lang='lat' dir='ltr'><strong><em>et</em></strong></span> <span class='ocrx_word' id='word_1_301' title='bbox 1842 2798 1947 2852; x_wconf 88' lang='lat' dir='ltr'><strong><em>Iin-</em></strong></span> 
     </span>
    </p>
   </div>
   <div class='ocr_carea' id='block_1_42' title="bbox 372 2888 1947 2960">
    <p class='ocr_par' dir='ltr' id='par_1_42' title="bbox 372 2888 1947 2960">
     <span class='ocr_line' id='line_1_42' title="bbox 372 2888 1947 2960; baseline -0.001 -18"><span class='ocrx_word' id='word_1_302' title='bbox 372 2906 472 2960; x_wconf 84' lang='lat' dir='ltr'><strong><em>gua</em></strong></span> <span class='ocrx_word' id='word_1_303' title='bbox 521 2889 706 2944; x_wconf 84' lang='lat' dir='ltr'><strong><em>tardus</em></strong></span> <span class='ocrx_word' id='word_1_304' title='bbox 749 2890 944 2952; x_wconf 83' lang='lat' dir='ltr'><strong><em>Moses,</em></strong></span> <span class='ocrx_word' id='word_1_305' title='bbox 977 2905 1146 2959; x_wconf 85' lang='lat' dir='ltr'><strong><em>quare</em></strong></span> <span class='ocrx_word' id='word_1_306' title='bbox 1194 2893 1356 2946; x_wconf 87' lang='lat' dir='ltr'><strong><em>etiam</em></strong></span> <span class='ocrx_word' id='word_1_307' title='bbox 1389 2891 1475 2944; x_wconf 81' lang='lat' dir='ltr'><strong><em>vix</em></strong></span> <span class='ocrx_word' id='word_1_308' title='bbox 1520 2906 1615 2957; x_wconf 84' lang='lat' dir='ltr'><strong><em>per</em></strong></span> <span class='ocrx_word' id='word_1_309' title='bbox 1647 2889 1816 2944; x_wconf 89' lang='lat' dir='ltr'><strong><em>solam</em></strong></span> <span class='ocrx_word' id='word_1_310' title='bbox 1852 2888 1947 2942; x_wconf 82' lang='lat' dir='ltr'><strong><em>Ju-</em></strong></span> 
     </span>
    </p>
   </div>
   <div class='ocr_carea' id='block_1_43' title="bbox 375 2983 1949 3042">
    <p class='ocr_par' dir='ltr' id='par_1_43' title="bbox 375 2983 1949 3042">
     <span class='ocr_line' id='line_1_43' title="bbox 375 2983 1949 3042; baseline 0.002 -9"><span class='ocrx_word' id='word_1_311' title='bbox 375 2983 544 3034; x_wconf 75' lang='lat' dir='ltr'><strong><em>dzram</em></strong></span> <span class='ocrx_word' id='word_1_312' title='bbox 583 2983 976 3042; x_wconf 78' lang='lat' dir='ltr'><strong><em>exaudiebatur</em></strong></span> <span class='ocrx_word' id='word_1_313' title='bbox 999 2984 1065 3039; x_wconf 77' lang='lat'><strong><em>’°.</em></strong></span> <span class='ocrx_word' id='word_1_314' title='bbox 1093 2985 1159 3037; x_wconf 84' lang='lat' dir='ltr'><strong><em>At</em></strong></span> <span class='ocrx_word' id='word_1_315' title='bbox 1185 2999 1363 3037; x_wconf 87' lang='lat' dir='ltr'><strong><em>sermo</em></strong></span> <span class='ocrx_word' id='word_1_316' title='bbox 1390 2984 1456 3037; x_wconf 88' lang='lat' dir='ltr'><strong><em>de</em></strong></span> <span class='ocrx_word' id='word_1_317' title='bbox 1485 2984 1703 3036; x_wconf 85' lang='lat' dir='ltr'><strong><em>Christo</em></strong></span> <span class='ocrx_word' id='word_1_318' title='bbox 1750 2983 1949 3036; x_wconf 73' lang='lat' dir='ltr'><strong><em>talibus</em></strong></span> 
     </span>
    </p>
   </div>
   <div class='ocr_carea' id='block_1_44' title="bbox 375 3071 1949 3142">
    <p class='ocr_par' dir='ltr' id='par_1_44' title="bbox 375 3071 1949 3142">
     <span class='ocr_line' id='line_1_44' title="bbox 375 3071 1949 3142; baseline 0.001 -17"><span class='ocrx_word' id='word_1_319' title='bbox 375 3071 620 3138; x_wconf 72' lang='lat' dir='ltr'><strong><em>terminis</em></strong></span> <span class='ocrx_word' id='word_1_320' title='bbox 665 3088 1002 3142; x_wconf 84' lang='lat' dir='ltr'><strong><em>nequaquam</em></strong></span> <span class='ocrx_word' id='word_1_321' title='bbox 1055 3075 1384 3129; x_wconf 89' lang='lat' dir='ltr'><strong><em>continetur.</em></strong></span> <span class='ocrx_word' id='word_1_322' title='bbox 1440 3073 1570 3126; x_wconf 82' lang='lat' dir='ltr'><strong><em>Nam</em></strong></span> <span class='ocrx_word' id='word_1_323' title='bbox 1617 3082 1674 3126; x_wconf 86' lang='grc' dir='ltr'><strong><em>ιιι</em></strong></span> <span class='ocrx_word' id='word_1_324' title='bbox 1722 3072 1949 3127; x_wconf 88' lang='lat' dir='ltr'><strong><em>buccina</em></strong></span> 
     </span>
    </p>
   </div>
   <div class='ocr_carea' id='block_1_45' title="bbox 374 3164 1947 3233">
    <p class='ocr_par' dir='ltr' id='par_1_45' title="bbox 374 3164 1947 3233">
     <span class='ocr_line' id='line_1_45' title="bbox 374 3164 1947 3233; baseline 0.001 -20"><span class='ocrx_word' id='word_1_325' title='bbox 374 3164 593 3233; x_wconf 73' lang='lat' dir='ltr'><strong><em>egregia</em></strong></span> <span class='ocrx_word' id='word_1_326' title='bbox 643 3171 696 3216; x_wconf 88' lang='lat' dir='ltr'><strong><em>ct</em></strong></span> <span class='ocrx_word' id='word_1_327' title='bbox 728 3164 1136 3230; x_wconf 89' lang='lat' dir='ltr'><strong><em>sonantissima,</em></strong></span> <span class='ocrx_word' id='word_1_328' title='bbox 1189 3166 1427 3216; x_wconf 86' lang='lat' dir='ltr'><strong><em>omnium</em></strong></span> <span class='ocrx_word' id='word_1_329' title='bbox 1476 3165 1700 3218; x_wconf 84' lang='lat' dir='ltr'><strong><em>auribus</em></strong></span> <span class='ocrx_word' id='word_1_330' title='bbox 1748 3165 1947 3232; x_wconf 80' lang='lat' dir='ltr'><strong><em>ubique</em></strong></span> 
     </span>
    </p>
   </div>
   <div class='ocr_carea' id='block_1_46' title="bbox 378 3252 1949 3310">
    <p class='ocr_par' dir='ltr' id='par_1_46' title="bbox 378 3252 1949 3310">
     <span class='ocr_line' id='line_1_46' title="bbox 378 3252 1949 3310; baseline 0.003 -5"><span class='ocrx_word' id='word_1_331' title='bbox 378 3252 638 3308; x_wconf 74' lang='lat' dir='ltr'><strong><em>insonuit.</em></strong></span> <span class='ocrx_word' id='word_1_332' title='bbox 677 3273 694 3306; x_wconf 85' lang='grc' dir='ltr'><strong><em>ι</em></strong></span> <span class='ocrx_word' id='word_1_333' title='bbox 731 3254 830 3308; x_wconf 83' lang='lat' dir='ltr'><strong><em>Ibit</em></strong></span> <span class='ocrx_word' id='word_1_334' title='bbox 855 3267 1034 3308; x_wconf 86' lang='lat' dir='ltr'><strong><em>autem</em></strong></span> <span class='ocrx_word' id='word_1_335' title='bbox 1069 3271 1164 3308; x_wconf 87' lang='lat' dir='ltr'><strong><em>ceu</em></strong></span> <span class='ocrx_word' id='word_1_336' title='bbox 1203 3255 1254 3309; x_wconf 91' lang='lat' dir='ltr'><strong><em>in</em></strong></span> <span class='ocrx_word' id='word_1_337' title='bbox 1289 3257 1651 3310; x_wconf 87' lang='lat' dir='ltr'><strong><em>commotione</em></strong></span> <span class='ocrx_word' id='word_1_338' title='bbox 1683 3255 1949 3308; x_wconf 83' lang='lat' dir='ltr'><strong><em>minarum</em></strong></span> 
     </span>
    </p>
   </div>
   <div class='ocr_carea' id='block_1_47' title="bbox 379 3346 1954 3415">
    <p class='ocr_par' dir='ltr' id='par_1_47' title="bbox 379 3346 1954 3415">
     <span class='ocr_line' id='line_1_47' title="bbox 379 3346 1954 3415; baseline 0.003 -20"><span class='ocrx_word' id='word_1_339' title='bbox 379 3356 626 3407; x_wconf 88' lang='lat' dir='ltr'><strong><em>suarum,</em></strong></span> <span class='ocrx_word' id='word_1_340' title='bbox 667 3364 684 3396; x_wconf 79' lang='grc' dir='ltr'><strong><em>ι</em></strong></span> <span class='ocrx_word' id='word_1_341' title='bbox 717 3353 771 3398; x_wconf 89' lang='lat' dir='ltr'><strong><em>et</em></strong></span> <span class='ocrx_word' id='word_1_342' title='bbox 799 3347 876 3399; x_wconf 88' lang='lat' dir='ltr'><strong><em>sic</em></strong></span> <span class='ocrx_word' id='word_1_343' title='bbox 907 3355 1151 3415; x_wconf 82' lang='lat' dir='ltr'><strong><em>proteget</em></strong></span> <span class='ocrx_word' id='word_1_344' title='bbox 1180 3346 1440 3400; x_wconf 85' lang='lat' dir='ltr'><strong><em>satellites</em></strong></span> <span class='ocrx_word' id='word_1_345' title='bbox 1486 3362 1634 3412; x_wconf 79' lang='lat' dir='ltr'><strong><em>suos,</em></strong></span> <span class='ocrx_word' id='word_1_346' title='bbox 1669 3355 1725 3399; x_wconf 90' lang='lat' dir='ltr'><strong><em>ut</em></strong></span> <span class='ocrx_word' id='word_1_347' title='bbox 1758 3347 1954 3400; x_wconf 82' lang='lat' dir='ltr'><strong><em>adver-</em></strong></span> 
     </span>
    </p>
   </div>
   <div class='ocr_carea' id='block_1_48' title="bbox 378 3421 1951 3506">
    <p class='ocr_par' dir='ltr' id='par_1_48' title="bbox 378 3421 1951 3506">
     <span class='ocr_line' id='line_1_48' title="bbox 378 3421 1951 3506; baseline 0.003 -20"><span class='ocrx_word' id='word_1_348' title='bbox 378 3433 507 3486; x_wconf 87' lang='lat' dir='ltr'><strong><em>sarii</em></strong></span> <span class='ocrx_word' id='word_1_349' title='bbox 558 3439 708 3502; x_wconf 87' lang='lat' dir='ltr'><strong><em>quasi</em></strong></span> <span class='ocrx_word' id='word_1_350' title='bbox 759 3437 826 3489; x_wconf 88' lang='lat' dir='ltr'><strong><em>ab</em></strong></span> <span class='ocrx_word' id='word_1_351' title='bbox 868 3437 988 3506; x_wconf 85' lang='lat' dir='ltr'><strong><em>igne</em></strong></span> <span class='ocrx_word' id='word_1_352' title='bbox 1037 3445 1450 3501; x_wconf 85' lang='lat' dir='ltr'><strong><em>consumantur,</em></strong></span> <span class='ocrx_word' id='word_1_353' title='bbox 1497 3447 1551 3491; x_wconf 90' lang='lat' dir='ltr'><strong><em>ct</em></strong></span> <span class='ocrx_word' id='word_1_354' title='bbox 1599 3446 1806 3490; x_wconf 88' lang='lat' dir='ltr'><strong><em>tantum</em></strong></span> <span class='ocrx_word' id='word_1_355' title='bbox 1847 3421 1951 3490; x_wconf 88' lang='lat' dir='ltr'><strong><em>non</em></strong></span> 
     </span>
    </p>
   </div>
   <div class='ocr_carea' id='block_1_49' title="bbox 378 3526 1958 3596">
    <p class='ocr_par' dir='ltr' id='par_1_49' title="bbox 378 3526 1958 3596">
     <span class='ocr_line' id='line_1_49' title="bbox 378 3526 1958 3596; baseline 0.003 -16"><span class='ocrx_word' id='word_1_356' title='bbox 378 3526 540 3580; x_wconf 82' lang='lat' dir='ltr'><strong><em>etiam</em></strong></span> <span class='ocrx_word' id='word_1_357' title='bbox 606 3527 783 3582; x_wconf 71' lang='lat' dir='ltr'><strong><em>fundae</em></strong></span> <span class='ocrx_word' id='word_1_358' title='bbox 833 3528 1102 3596; x_wconf 84' lang='lat' dir='ltr'><strong><em>lapidibus</em></strong></span> <span class='ocrx_word' id='word_1_359' title='bbox 1141 3544 1236 3583; x_wconf 85' lang='lat' dir='ltr'><strong><em>eos</em></strong></span> <span class='ocrx_word' id='word_1_360' title='bbox 1288 3531 1538 3584; x_wconf 81' lang='lat' dir='ltr'><strong><em>universe</em></strong></span> <span class='ocrx_word' id='word_1_361' title='bbox 1608 3529 1958 3586; x_wconf 82' lang='lat' dir='ltr'><strong><em>verberantes</em></strong></span> 
     </span>
    </p>
   </div>
   <div class='ocr_carea' id='block_1_50' title="bbox 380 3615 1958 3688">
    <p class='ocr_par' dir='ltr' id='par_1_50' title="bbox 380 3615 1958 3688">
     <span class='ocr_line' id='line_1_50' title="bbox 380 3615 1958 3688; baseline 0.005 -20"><span class='ocrx_word' id='word_1_362' title='bbox 380 3615 628 3670; x_wconf 84' lang='lat' dir='ltr'><strong><em>obruent.</em></strong></span> <span class='ocrx_word' id='word_1_363' title='bbox 666 3636 684 3669; x_wconf 84' lang='grc' dir='ltr'><strong><em>ι</em></strong></span> <span class='ocrx_word' id='word_1_364' title='bbox 722 3618 952 3672; x_wconf 84' lang='lat' dir='ltr'><strong><em>Ebibeut</em></strong></span> <span class='ocrx_word' id='word_1_365' title='bbox 1008 3618 1134 3673; x_wconf 89' lang='lat' dir='ltr'><strong><em>item</em></strong></span> <span class='ocrx_word' id='word_1_366' title='bbox 1181 3620 1495 3688; x_wconf 79' lang='lat' dir='ltr'><strong><em>sanguinem</em></strong></span> <span class='ocrx_word' id='word_1_367' title='bbox 1537 3635 1745 3686; x_wconf 86' lang='lat' dir='ltr'><strong><em>eorum,</em></strong></span> <span class='ocrx_word' id='word_1_368' title='bbox 1788 3639 1807 3672; x_wconf 74' lang='grc' dir='ltr'><strong><em>ο</em></strong></span> <span class='ocrx_word' id='word_1_369' title='bbox 1856 3621 1958 3676; x_wconf 90' lang='lat' dir='ltr'><strong><em>hoc</em></strong></span> 
     </span>
    </p>
   </div>
   <div class='ocr_carea' id='block_1_51' title="bbox 380 3709 1958 3779">
    <p class='ocr_par' dir='ltr' id='par_1_51' title="bbox 380 3709 1958 3779">
     <span class='ocr_line' id='line_1_51' title="bbox 380 3709 1958 3779; baseline 0.002 -15"><span class='ocrx_word' id='word_1_370' title='bbox 380 3717 488 3771; x_wconf 88' lang='lat' dir='ltr'><strong><em>est,</em></strong></span> <span class='ocrx_word' id='word_1_371' title='bbox 546 3709 710 3762; x_wconf 84' lang='lat' dir='ltr'><strong><em>veluti</em></strong></span> <span class='ocrx_word' id='word_1_372' title='bbox 761 3711 1009 3779; x_wconf 61' lang='lat' dir='ltr'><strong><em>quaedam</em></strong></span> <span class='ocrx_word' id='word_1_373' title='bbox 1060 3710 1250 3763; x_wconf 72' lang='lat' dir='ltr'><strong><em>bellum</em></strong></span> <span class='ocrx_word' id='word_1_374' title='bbox 1291 3711 1611 3778; x_wconf 86' lang='lat' dir='ltr'><strong><em>insilientes,</em></strong></span> <span class='ocrx_word' id='word_1_375' title='bbox 1659 3712 1814 3766; x_wconf 81' lang='lat' dir='ltr'><strong><em>facile</em></strong></span> <span class='ocrx_word' id='word_1_376' title='bbox 1869 3730 1958 3767; x_wconf 86' lang='lat' dir='ltr'><strong><em>su-</em></strong></span> 
     </span>
    </p>
   </div>
   <div class='ocr_carea' id='block_1_52' title="bbox 387 3801 1961 3873">
    <p class='ocr_par' dir='ltr' id='par_1_52' title="bbox 387 3801 1961 3873">
     <span class='ocr_line' id='line_1_52' title="bbox 387 3801 1961 3873; baseline 0.003 -19"><span class='ocrx_word' id='word_1_377' title='bbox 387 3803 650 3871; x_wconf 87' lang='lat' dir='ltr'><strong><em>perabunt</em></strong></span> <span class='ocrx_word' id='word_1_378' title='bbox 709 3809 759 3853; x_wconf 91' lang='lat' dir='ltr'><strong><em>et</em></strong></span> <span class='ocrx_word' id='word_1_379' title='bbox 788 3801 1036 3853; x_wconf 86' lang='lat' dir='ltr'><strong><em>occident</em></strong></span> <span class='ocrx_word' id='word_1_380' title='bbox 1061 3817 1175 3853; x_wconf 84' lang='lat' dir='ltr'><strong><em>eos.</em></strong></span> <span class='ocrx_word' id='word_1_381' title='bbox 1221 3801 1301 3853; x_wconf 82' lang='lat' dir='ltr'><strong><em>Ad</em></strong></span> <span class='ocrx_word' id='word_1_382' title='bbox 1338 3802 1451 3856; x_wconf 81' lang='lat' dir='ltr'><strong><em>haec</em></strong></span> <span class='ocrx_word' id='word_1_383' title='bbox 1491 3803 1723 3856; x_wconf 80' lang='lat' dir='ltr'><strong><em>oll‘erent</em></strong></span> <span class='ocrx_word' id='word_1_384' title='bbox 1753 3805 1961 3873; x_wconf 73' lang='lat' dir='ltr'><strong><em>phialas</em></strong></span> 
     </span>
    </p>
   </div>
   <div class='ocr_carea' id='block_1_53' title="bbox 386 3887 1960 3959">
    <p class='ocr_par' dir='ltr' id='par_1_53' title="bbox 386 3887 1960 3959">
     <span class='ocr_line' id='line_1_53' title="bbox 386 3887 1960 3959; baseline 0.003 -17"><span class='ocrx_word' id='word_1_385' title='bbox 386 3890 649 3959; x_wconf 79' lang='lat' dir='ltr'><strong><em>sanguine</em></strong></span> <span class='ocrx_word' id='word_1_386' title='bbox 685 3888 1121 3942; x_wconf 80' lang='lat' dir='ltr'><strong><em>occumbentium</em></strong></span> <span class='ocrx_word' id='word_1_387' title='bbox 1159 3887 1364 3956; x_wconf 85' lang='lat' dir='ltr'><strong><em>plenas,</em></strong></span> <span class='ocrx_word' id='word_1_388' title='bbox 1409 3899 1468 3943; x_wconf 78' lang='grc' dir='ltr'><strong><em>ιιι</em></strong></span> <span class='ocrx_word' id='word_1_389' title='bbox 1510 3891 1820 3947; x_wconf 72' lang='lat' dir='ltr'><strong><em>libationem</em></strong></span> <span class='ocrx_word' id='word_1_390' title='bbox 1863 3894 1960 3946; x_wconf 79' lang='lat' dir='ltr'><strong><em>ali-</em></strong></span> 
     </span>
    </p>
   </div>
   <div class='ocr_carea' id='block_1_54' title="bbox 387 3979 1962 4051">
    <p class='ocr_par' dir='ltr' id='par_1_54' title="bbox 387 3979 1962 4051">
     <span class='ocr_line' id='line_1_54' title="bbox 387 3979 1962 4051; baseline 0.004 -20"><span class='ocrx_word' id='word_1_391' title='bbox 387 3995 549 4050; x_wconf 85' lang='lat' dir='ltr'><strong><em>quant</em></strong></span> <span class='ocrx_word' id='word_1_392' title='bbox 597 3979 662 4032; x_wconf 88' lang='lat' dir='ltr'><strong><em>ad</em></strong></span> <span class='ocrx_word' id='word_1_393' title='bbox 707 3980 900 4033; x_wconf 87' lang='lat' dir='ltr'><strong><em>altare.</em></strong></span> <span class='ocrx_word' id='word_1_394' title='bbox 943 3979 1035 4032; x_wconf 86' lang='lat' dir='ltr'><strong><em>Est</em></strong></span> <span class='ocrx_word' id='word_1_395' title='bbox 1059 3981 1202 4051; x_wconf 79' lang='lat' dir='ltr'><strong><em>enim</em></strong></span> <span class='ocrx_word' id='word_1_396' title='bbox 1237 3981 1417 4033; x_wconf 85' lang='lat' dir='ltr'><strong><em>suavis</em></strong></span> <span class='ocrx_word' id='word_1_397' title='bbox 1455 3980 1589 4034; x_wconf 92' lang='lat' dir='ltr'><strong><em>odor</em></strong></span> <span class='ocrx_word' id='word_1_398' title='bbox 1621 3981 1746 4046; x_wconf 87' lang='lat' dir='ltr'><strong><em>Deo,</em></strong></span> <span class='ocrx_word' id='word_1_399' title='bbox 1787 3991 1840 4035; x_wconf 91' lang='lat' dir='ltr'><strong><em>et</em></strong></span> <span class='ocrx_word' id='word_1_400' title='bbox 1877 3999 1962 4037; x_wconf 87' lang='lat' dir='ltr'><strong><em>ac-</em></strong></span> 
     </span>
    </p>
   </div>
   <div class='ocr_carea' id='block_1_55' title="bbox 387 4071 1963 4142">
    <p class='ocr_par' dir='ltr' id='par_1_55' title="bbox 387 4071 1963 4142">
     <span class='ocr_line' id='line_1_55' title="bbox 387 4071 1963 4142; baseline 0.001 -14"><span class='ocrx_word' id='word_1_401' title='bbox 387 4071 658 4140; x_wconf 84' lang='lat' dir='ltr'><strong><em>ceptabilc</em></strong></span> <span class='ocrx_word' id='word_1_402' title='bbox 680 4071 1029 4136; x_wconf 82' lang='lat' dir='ltr'><strong><em>sacriﬁcium,</em></strong></span> <span class='ocrx_word' id='word_1_403' title='bbox 1059 4083 1304 4126; x_wconf 86' lang='lat' dir='ltr'><strong><em>errantes</em></strong></span> <span class='ocrx_word' id='word_1_404' title='bbox 1337 4072 1532 4127; x_wconf 87' lang='lat' dir='ltr'><strong><em>salvari</em></strong></span> <span class='ocrx_word' id='word_1_405' title='bbox 1565 4073 1963 4142; x_wconf 89' lang='lat' dir='ltr'><strong><em>prohibentium</em></strong></span> 
     </span>
    </p>
   </div>
   <div class='ocr_carea' id='block_1_56' title="bbox 392 4161 1967 4233">
    <p class='ocr_par' dir='ltr' id='par_1_56' title="bbox 392 4161 1967 4233">
     <span class='ocr_line' id='line_1_56' title="bbox 392 4161 1967 4233; baseline 0 -15"><span class='ocrx_word' id='word_1_406' title='bbox 392 4165 666 4218; x_wconf 89' lang='lat' dir='ltr'><strong><em>interitus.</em></strong></span> <span class='ocrx_word' id='word_1_407' title='bbox 717 4161 774 4216; x_wconf 88' lang='lat' dir='ltr'><strong><em>Si</em></strong></span> <span class='ocrx_word' id='word_1_408' title='bbox 810 4163 953 4215; x_wconf 89' lang='lat' dir='ltr'><strong><em>enim</em></strong></span> <span class='ocrx_word' id='word_1_409' title='bbox 1002 4161 1379 4217; x_wconf 81' lang='lat' dir='ltr'><strong><em>interfectores</em></strong></span> <span class='ocrx_word' id='word_1_410' title='bbox 1416 4179 1704 4233; x_wconf 86' lang='lat' dir='ltr'><strong><em>corporum</em></strong></span> <span class='ocrx_word' id='word_1_411' title='bbox 1753 4166 1967 4220; x_wconf 89' lang='lat' dir='ltr'><strong><em>miseri-</em></strong></span> 
     </span>
    </p>
   </div>
   <div class='ocr_carea' id='block_1_57' title="bbox 391 4256 1967 4327">
    <p class='ocr_par' dir='ltr' id='par_1_57' title="bbox 391 4256 1967 4327">
     <span class='ocr_line' id='line_1_57' title="bbox 391 4256 1967 4327; baseline 0.001 -16"><span class='ocrx_word' id='word_1_412' title='bbox 391 4257 630 4311; x_wconf 83' lang='lat' dir='ltr'><strong><em>cordiam</em></strong></span> <span class='ocrx_word' id='word_1_413' title='bbox 685 4273 787 4308; x_wconf 90' lang='lat' dir='ltr'><strong><em>ttou</em></strong></span> <span class='ocrx_word' id='word_1_414' title='bbox 839 4265 1138 4322; x_wconf 86' lang='lat' dir='ltr'><strong><em>tuerentur,</em></strong></span> <span class='ocrx_word' id='word_1_415' title='bbox 1179 4257 1270 4308; x_wconf 89' lang='lat' dir='ltr'><strong><em>sed</em></strong></span> <span class='ocrx_word' id='word_1_416' title='bbox 1313 4256 1426 4324; x_wconf 87' lang='lat' dir='ltr'><strong><em>pari</em></strong></span> <span class='ocrx_word' id='word_1_417' title='bbox 1478 4258 1656 4321; x_wconf 72' lang='lat' dir='ltr'><strong><em>potius</em></strong></span> <span class='ocrx_word' id='word_1_418' title='bbox 1707 4257 1967 4327; x_wconf 87' lang='lat' dir='ltr'><strong><em>supplicio</em></strong></span> 
     </span>
    </p>
   </div>
   <div class='ocr_carea' id='block_1_58' title="bbox 392 4344 1968 4418">
    <p class='ocr_par' dir='ltr' id='par_1_58' title="bbox 392 4344 1968 4418">
     <span class='ocr_line' id='line_1_58' title="bbox 392 4344 1968 4418; baseline 0.004 -20"><span class='ocrx_word' id='word_1_419' title='bbox 392 4345 654 4398; x_wconf 84' lang='lat' dir='ltr'><strong><em>multandi</em></strong></span> <span class='ocrx_word' id='word_1_420' title='bbox 703 4355 850 4408; x_wconf 87' lang='lat' dir='ltr'><strong><em>sunt,</em></strong></span> <span class='ocrx_word' id='word_1_421' title='bbox 887 4344 1011 4412; x_wconf 88' lang='lat' dir='ltr'><strong><em>quid</em></strong></span> <span class='ocrx_word' id='word_1_422' title='bbox 1059 4344 1123 4398; x_wconf 90' lang='lat' dir='ltr'><strong><em>de</em></strong></span> <span class='ocrx_word' id='word_1_423' title='bbox 1169 4347 1577 4414; x_wconf 82' lang='lat' dir='ltr'><strong><em>corruptoribus</em></strong></span> <span class='ocrx_word' id='word_1_424' title='bbox 1605 4358 1659 4402; x_wconf 89' lang='lat' dir='ltr'><strong><em>et</em></strong></span> <span class='ocrx_word' id='word_1_425' title='bbox 1693 4347 1968 4418; x_wconf 80' lang='lat' dir='ltr'><strong><em>jugulato-</em></strong></span> 
     </span>
    </p>
   </div>
   <div class='ocr_carea' id='block_1_59' title="bbox 393 4435 1193 4492">
    <p class='ocr_par' dir='ltr' id='par_1_59' title="bbox 393 4435 1193 4492">
     <span class='ocr_line' id='line_1_59' title="bbox 393 4435 1193 4492; baseline -0.001 0"><span class='ocrx_word' id='word_1_426' title='bbox 393 4438 544 4492; x_wconf 78' lang='lat' dir='ltr'><strong><em>ribus</em></strong></span> <span class='ocrx_word' id='word_1_427' title='bbox 571 4437 876 4491; x_wconf 89' lang='lat' dir='ltr'><strong><em>animarum</em></strong></span> <span class='ocrx_word' id='word_1_428' title='bbox 913 4435 1193 4491; x_wconf 80' lang='lat' dir='ltr'><strong><em>dicemus?</em></strong></span> 
     </span>
    </p>
   </div>
   <div class='ocr_carea' id='block_1_60' title="bbox 464 4615 1970 4686">
    <p class='ocr_par' dir='ltr' id='par_1_60' title="bbox 464 4615 1970 4686">
     <span class='ocr_line' id='line_1_60' title="bbox 464 4615 1970 4686; baseline 0.003 -20"><span class='ocrx_word' id='word_1_429' title='bbox 464 4615 662 4681; x_wconf 83' lang='lat' dir='ltr'><strong><em>Quales</em></strong></span> <span class='ocrx_word' id='word_1_430' title='bbox 706 4616 890 4670; x_wconf 86' lang='lat' dir='ltr'><strong><em>haberi</em></strong></span> <span class='ocrx_word' id='word_1_431' title='bbox 937 4630 1155 4686; x_wconf 87' lang='lat' dir='ltr'><strong><em>quoque</em></strong></span> <span class='ocrx_word' id='word_1_432' title='bbox 1199 4625 1422 4685; x_wconf 89' lang='lat' dir='ltr'><strong><em>possunt</em></strong></span> <span class='ocrx_word' id='word_1_433' title='bbox 1471 4625 1788 4686; x_wconf 78' lang='lat' dir='ltr'><strong><em>praestantes</em></strong></span> <span class='ocrx_word' id='word_1_434' title='bbox 1825 4616 1970 4672; x_wconf 91' lang='lat' dir='ltr'><strong><em>inter</em></strong></span> 
     </span>
    </p>
   </div>
   <div class='ocr_carea' id='block_1_61' title="bbox 395 4705 1968 4777">
    <p class='ocr_par' dir='ltr' id='par_1_61' title="bbox 395 4705 1968 4777">
     <span class='ocr_line' id='line_1_61' title="bbox 395 4705 1968 4777; baseline 0 -17"><span class='ocrx_word' id='word_1_435' title='bbox 395 4705 636 4770; x_wconf 53' lang='grc' dir='ltr'><strong><em>(ἕτερος,</em></strong></span> <span class='ocrx_word' id='word_1_436' title='bbox 661 4717 711 4760; x_wconf 85' lang='lat' dir='ltr'><strong><em>et</em></strong></span> <span class='ocrx_word' id='word_1_437' title='bbox 763 4707 1051 4761; x_wconf 72' lang='lat' dir='ltr'><strong><em>mundana:</em></strong></span> <span class='ocrx_word' id='word_1_438' title='bbox 1091 4709 1371 4777; x_wconf 74' lang='lat' dir='ltr'><strong><em>sapientia:</em></strong></span> <span class='ocrx_word' id='word_1_439' title='bbox 1403 4707 1629 4776; x_wconf 80' lang='lat' dir='ltr'><strong><em>gloriam</em></strong></span> <span class='ocrx_word' id='word_1_440' title='bbox 1664 4707 1968 4771; x_wconf 86' lang='lat' dir='ltr'><strong><em>consecuti,</em></strong></span> 
     </span>
    </p>
   </div>
   <div class='ocr_carea' id='block_1_62' title="bbox 397 4792 1968 4866">
    <p class='ocr_par' dir='ltr' id='par_1_62' title="bbox 397 4792 1968 4866">
     <span class='ocr_line' id='line_1_62' title="bbox 397 4792 1968 4866; baseline 0.004 -21"><span class='ocrx_word' id='word_1_441' title='bbox 397 4792 597 4863; x_wconf 76' lang='lat' dir='ltr'><strong><em>quibus</em></strong></span> <span class='ocrx_word' id='word_1_442' title='bbox 631 4795 825 4848; x_wconf 89' lang='lat' dir='ltr'><strong><em>crebro</em></strong></span> <span class='ocrx_word' id='word_1_443' title='bbox 855 4796 905 4847; x_wconf 91' lang='lat' dir='ltr'><strong><em>in</em></strong></span> <span class='ocrx_word' id='word_1_444' title='bbox 959 4810 1056 4849; x_wconf 90' lang='lat' dir='ltr'><strong><em>ore</em></strong></span> <span class='ocrx_word' id='word_1_445' title='bbox 1084 4805 1209 4849; x_wconf 89' lang='lat' dir='ltr'><strong><em>sunt</em></strong></span> <span class='ocrx_word' id='word_1_446' title='bbox 1255 4796 1327 4848; x_wconf 90' lang='lat' dir='ltr'><strong><em>dii</em></strong></span> <span class='ocrx_word' id='word_1_447' title='bbox 1376 4797 1618 4864; x_wconf 64' lang='lat' dir='ltr'><strong><em>denique,</em></strong></span> <span class='ocrx_word' id='word_1_448' title='bbox 1665 4807 1718 4849; x_wconf 91' lang='lat' dir='ltr'><strong><em>et</em></strong></span> <span class='ocrx_word' id='word_1_449' title='bbox 1769 4799 1858 4866; x_wconf 92' lang='lat' dir='ltr'><strong><em>qui</em></strong></span> <span class='ocrx_word' id='word_1_450' title='bbox 1903 4799 1968 4852; x_wconf 90' lang='lat' dir='ltr'><strong><em>ad</em></strong></span> 
     </span>
    </p>
   </div>
   <div class='ocr_carea' id='block_1_63' title="bbox 397 4885 1974 4957">
    <p class='ocr_par' dir='ltr' id='par_1_63' title="bbox 397 4885 1974 4957">
     <span class='ocr_line' id='line_1_63' title="bbox 397 4885 1974 4957; baseline 0.002 -17"><span class='ocrx_word' id='word_1_451' title='bbox 397 4895 704 4940; x_wconf 85' lang='lat' dir='ltr'><strong><em>creaturam</em></strong></span> <span class='ocrx_word' id='word_1_452' title='bbox 736 4885 904 4954; x_wconf 80' lang='lat' dir='ltr'><strong><em>magis</em></strong></span> <span class='ocrx_word' id='word_1_453' title='bbox 937 4899 1098 4953; x_wconf 91' lang='lat' dir='ltr'><strong><em>quam</em></strong></span> <span class='ocrx_word' id='word_1_454' title='bbox 1129 4886 1194 4938; x_wconf 88' lang='lat' dir='ltr'><strong><em>ad</em></strong></span> <span class='ocrx_word' id='word_1_455' title='bbox 1241 4885 1400 4957; x_wconf 64' lang='grc'><strong><em>743</em></strong></span> <span class='ocrx_word' id='word_1_456' title='bbox 1426 4885 1738 4940; x_wconf 82' lang='lat' dir='ltr'><strong><em>Creatorem</em></strong></span> <span class='ocrx_word' id='word_1_457' title='bbox 1790 4890 1974 4944; x_wconf 88' lang='lat' dir='ltr'><strong><em>colen-</em></strong></span> 
     </span>
    </p>
   </div>
   <div class='ocr_carea' id='block_1_64' title="bbox 399 4976 1974 5039">
    <p class='ocr_par' dir='ltr' id='par_1_64' title="bbox 399 4976 1974 5039">
     <span class='ocr_line' id='line_1_64' title="bbox 399 4976 1974 5039; baseline 0.002 -8"><span class='ocrx_word' id='word_1_458' title='bbox 399 4978 527 5032; x_wconf 88' lang='lat' dir='ltr'><strong><em>dutn</em></strong></span> <span class='ocrx_word' id='word_1_459' title='bbox 570 4976 883 5039; x_wconf 87' lang='lat' dir='ltr'><strong><em>sollicitant,</em></strong></span> <span class='ocrx_word' id='word_1_460' title='bbox 927 4986 981 5030; x_wconf 89' lang='lat' dir='ltr'><strong><em>et</em></strong></span> <span class='ocrx_word' id='word_1_461' title='bbox 1025 4977 1250 5030; x_wconf 89' lang='lat' dir='ltr'><strong><em>cuilibet</em></strong></span> <span class='ocrx_word' id='word_1_462' title='bbox 1279 4979 1548 5033; x_wconf 89' lang='lat' dir='ltr'><strong><em>elemento</em></strong></span> <span class='ocrx_word' id='word_1_463' title='bbox 1591 4978 1701 5032; x_wconf 92' lang='lat' dir='ltr'><strong><em>Deo</em></strong></span> <span class='ocrx_word' id='word_1_464' title='bbox 1736 4981 1974 5034; x_wconf 84' lang='lat' dir='ltr'><strong><em>debitum</em></strong></span> 
     </span>
    </p>
   </div>
   <div class='ocr_carea' id='block_1_65' title="bbox 405 5067 1973 5135">
    <p class='ocr_par' dir='ltr' id='par_1_65' title="bbox 405 5067 1973 5135">
     <span class='ocr_line' id='line_1_65' title="bbox 405 5067 1973 5135; baseline 0.003 -15"><span class='ocrx_word' id='word_1_465' title='bbox 405 5067 665 5121; x_wconf 89' lang='lat' dir='ltr'><strong><em>honorem</em></strong></span> <span class='ocrx_word' id='word_1_466' title='bbox 715 5075 1057 5119; x_wconf 87' lang='lat' dir='ltr'><strong><em>consecrant.</em></strong></span> <span class='ocrx_word' id='word_1_467' title='bbox 1103 5067 1263 5135; x_wconf 84' lang='lat' dir='ltr'><strong><em>Atqui</em></strong></span> <span class='ocrx_word' id='word_1_468' title='bbox 1318 5069 1600 5132; x_wconf 89' lang='lat' dir='ltr'><strong><em>mundum,</em></strong></span> <span class='ocrx_word' id='word_1_469' title='bbox 1644 5084 1750 5124; x_wconf 90' lang='lat' dir='ltr'><strong><em>non</em></strong></span> <span class='ocrx_word' id='word_1_470' title='bbox 1800 5070 1973 5124; x_wconf 87' lang='lat' dir='ltr'><strong><em>solum</em></strong></span> 
     </span>
    </p>
   </div>
   <div class='ocr_carea' id='block_1_66' title="bbox 401 5157 1978 5230">
    <p class='ocr_par' dir='ltr' id='par_1_66' title="bbox 401 5157 1978 5230">
     <span class='ocr_line' id='line_1_66' title="bbox 401 5157 1978 5230; baseline 0.003 -21"><span class='ocrx_word' id='word_1_471' title='bbox 401 5159 638 5229; x_wconf 84' lang='lat' dir='ltr'><strong><em>quandiu</em></strong></span> <span class='ocrx_word' id='word_1_472' title='bbox 671 5157 770 5228; x_wconf 89' lang='lat' dir='ltr'><strong><em>ipsi</em></strong></span> <span class='ocrx_word' id='word_1_473' title='bbox 799 5158 1068 5221; x_wconf 86' lang='lat' dir='ltr'><strong><em>vivebant,</em></strong></span> <span class='ocrx_word' id='word_1_474' title='bbox 1113 5161 1206 5213; x_wconf 90' lang='lat' dir='ltr'><strong><em>sed</em></strong></span> <span class='ocrx_word' id='word_1_475' title='bbox 1243 5160 1408 5213; x_wconf 86' lang='lat' dir='ltr'><strong><em>etiam</em></strong></span> <span class='ocrx_word' id='word_1_476' title='bbox 1445 5161 1512 5214; x_wconf 87' lang='lat' dir='ltr'><strong><em>ad</em></strong></span> <span class='ocrx_word' id='word_1_477' title='bbox 1565 5170 1809 5230; x_wconf 88' lang='lat' dir='ltr'><strong><em>tempora</em></strong></span> <span class='ocrx_word' id='word_1_478' title='bbox 1845 5177 1978 5214; x_wconf 92' lang='lat' dir='ltr'><strong><em>con-</em></strong></span> 
     </span>
    </p>
   </div>
   <div class='ocr_carea' id='block_1_67' title="bbox 404 5250 1980 5321">
    <p class='ocr_par' dir='ltr' id='par_1_67' title="bbox 404 5250 1980 5321">
     <span class='ocr_line' id='line_1_67' title="bbox 404 5250 1980 5321; baseline 0.001 -16"><span class='ocrx_word' id='word_1_479' title='bbox 404 5253 684 5321; x_wconf 83' lang='lat' dir='ltr'><strong><em>sequentia</em></strong></span> <span class='ocrx_word' id='word_1_480' title='bbox 728 5251 1082 5306; x_wconf 76' lang='lat' dir='ltr'><strong><em>seduxerunt.</em></strong></span> <span class='ocrx_word' id='word_1_481' title='bbox 1132 5250 1294 5304; x_wconf 79' lang='lat' dir='ltr'><strong><em>Multa</em></strong></span> <span class='ocrx_word' id='word_1_482' title='bbox 1329 5253 1469 5306; x_wconf 90' lang='lat' dir='ltr'><strong><em>enim</em></strong></span> <span class='ocrx_word' id='word_1_483' title='bbox 1529 5252 1695 5308; x_wconf 84' lang='lat' dir='ltr'><strong><em>millia</em></strong></span> <span class='ocrx_word' id='word_1_484' title='bbox 1746 5251 1980 5307; x_wconf 87' lang='lat' dir='ltr'><strong><em>diversis</em></strong></span> 
     </span>
    </p>
   </div>
   <div class='ocr_carea' id='block_1_68' title="bbox 409 5343 1980 5422">
    <p class='ocr_par' dir='ltr' id='par_1_68' title="bbox 409 5343 1980 5422">
     <span class='ocr_line' id='line_1_68' title="bbox 409 5343 1980 5422; baseline 0 -25"><span class='ocrx_word' id='word_1_485' title='bbox 409 5346 658 5399; x_wconf 68' lang='lat' dir='ltr'><strong><em>mtatibus</em></strong></span> <span class='ocrx_word' id='word_1_486' title='bbox 703 5345 914 5398; x_wconf 87' lang='lat' dir='ltr'><strong><em>illorum</em></strong></span> <span class='ocrx_word' id='word_1_487' title='bbox 958 5345 1258 5398; x_wconf 86' lang='lat' dir='ltr'><strong><em>mendaciis</em></strong></span> <span class='ocrx_word' id='word_1_488' title='bbox 1305 5345 1550 5413; x_wconf 81' lang='lat' dir='ltr'><strong><em>persuasi</em></strong></span> <span class='ocrx_word' id='word_1_489' title='bbox 1579 5383 1593 5405; x_wconf 90' lang='lat'><strong><em>,</em></strong></span> <span class='ocrx_word' id='word_1_490' title='bbox 1667 5353 1720 5398; x_wconf 89' lang='lat' dir='ltr'><strong><em>et</em></strong></span> <span class='ocrx_word' id='word_1_491' title='bbox 1768 5343 1980 5422; x_wconf 77' lang='lat' dir='ltr'><strong><em>frigidis</em></strong></span> 
     </span>
    </p>
   </div>
   <div class='ocr_carea' id='block_1_69' title="bbox 409 5434 1975 5504">
    <p class='ocr_par' dir='ltr' id='par_1_69' title="bbox 409 5434 1975 5504">
     <span class='ocr_line' id='line_1_69' title="bbox 409 5434 1975 5504; baseline 0.002 -19"><span class='ocrx_word' id='word_1_492' title='bbox 409 5442 574 5501; x_wconf 85' lang='lat' dir='ltr'><strong><em>atque</em></strong></span> <span class='ocrx_word' id='word_1_493' title='bbox 600 5435 831 5492; x_wconf 90' lang='lat' dir='ltr'><strong><em>anilibus</em></strong></span> <span class='ocrx_word' id='word_1_494' title='bbox 866 5435 1073 5492; x_wconf 88' lang='lat' dir='ltr'><strong><em>fabellis</em></strong></span> <span class='ocrx_word' id='word_1_495' title='bbox 1103 5435 1475 5492; x_wconf 84' lang='lat' dir='ltr'><strong><em>auscultantes</em></strong></span> <span class='ocrx_word' id='word_1_496' title='bbox 1498 5434 1795 5504; x_wconf 88' lang='lat' dir='ltr'><strong><em>perierunt.</em></strong></span> <span class='ocrx_word' id='word_1_497' title='bbox 1830 5434 1975 5488; x_wconf 81' lang='lat' dir='ltr'><strong><em>Sub-</em></strong></span> 
     </span>
    </p>
   </div>
   <div class='ocr_carea' id='block_1_70' title="bbox 413 5524 1982 5597">
    <p class='ocr_par' dir='ltr' id='par_1_70' title="bbox 413 5524 1982 5597">
     <span class='ocr_line' id='line_1_70' title="bbox 413 5524 1982 5597; baseline 0.001 -19"><span class='ocrx_word' id='word_1_498' title='bbox 413 5524 509 5578; x_wconf 84' lang='lat' dir='ltr'><strong><em>lati</em></strong></span> <span class='ocrx_word' id='word_1_499' title='bbox 547 5536 674 5581; x_wconf 90' lang='lat' dir='ltr'><strong><em>sunt</em></strong></span> <span class='ocrx_word' id='word_1_500' title='bbox 733 5529 915 5597; x_wconf 85' lang='lat' dir='ltr'><strong><em>itaque</em></strong></span> <span class='ocrx_word' id='word_1_501' title='bbox 945 5528 1176 5584; x_wconf 87' lang='lat' dir='ltr'><strong><em>emedio</em></strong></span> <span class='ocrx_word' id='word_1_502' title='bbox 1230 5528 1284 5582; x_wconf 92' lang='lat' dir='ltr'><strong><em>iu</em></strong></span> <span class='ocrx_word' id='word_1_503' title='bbox 1327 5536 1602 5596; x_wconf 86' lang='lat' dir='ltr'><strong><em>posterum</em></strong></span> <span class='ocrx_word' id='word_1_504' title='bbox 1645 5525 1800 5582; x_wconf 85' lang='lat' dir='ltr'><strong><em>tales.</em></strong></span> <span class='ocrx_word' id='word_1_505' title='bbox 1838 5525 1982 5580; x_wconf 85' lang='lat' dir='ltr'><strong><em>Eva-</em></strong></span> 
     </span>
    </p>
   </div>
   <div class='ocr_carea' id='block_1_71' title="bbox 491 5696 1513 5770">
    <p class='ocr_par' dir='ltr' id='par_1_71' title="bbox 491 5696 1513 5770">
     <span class='ocr_line' id='line_1_71' title="bbox 491 5696 1513 5770; baseline 0.004 -16"><span class='ocrx_word' id='word_1_506' title='bbox 491 5700 537 5733; x_wconf 75' lang='lat'>&quot;</span> <span class='ocrx_word' id='word_1_507' title='bbox 559 5696 748 5754; x_wconf 75' lang='lat' dir='ltr'><strong><em>Matth.</em></strong></span> <span class='ocrx_word' id='word_1_508' title='bbox 773 5717 799 5752; x_wconf 75' lang='grc' dir='ltr'><strong><em>ν</em></strong></span> <span class='ocrx_word' id='word_1_509' title='bbox 860 5701 940 5755; x_wconf 85' lang='lat' dir='ltr'><strong><em>l6.</em></strong></span> <span class='ocrx_word' id='word_1_510' title='bbox 1024 5705 1084 5744; x_wconf 66' lang='lat'><strong><em>&#39;9‘</em></strong></span> <span class='ocrx_word' id='word_1_511' title='bbox 1114 5703 1130 5759; x_wconf 95' lang='lat' dir='ltr'><strong><em>I</em></strong></span> <span class='ocrx_word' id='word_1_512' title='bbox 1160 5704 1284 5758; x_wconf 77' lang='lat' dir='ltr'><strong><em>Cor.</em></strong></span> <span class='ocrx_word' id='word_1_513' title='bbox 1317 5719 1425 5770; x_wconf 77' lang='lat' dir='ltr'><strong><em>xvi,</em></strong></span> <span class='ocrx_word' id='word_1_514' title='bbox 1462 5702 1513 5758; x_wconf 83' lang='lat'><strong><em>9.</em></strong></span> 
     </span>
    </p>
   </div>
   <div class='ocr_carea' id='block_1_72' title="bbox 1593 5701 2056 5770">
    <p class='ocr_par' dir='ltr' id='par_1_72' title="bbox 1593 5701 2056 5770">
     <span class='ocr_line' id='line_1_72' title="bbox 1593 5701 2056 5770; baseline -0.009 -11"><span class='ocrx_word' id='word_1_515' title='bbox 1593 5703 1635 5734; x_wconf 75' lang='grc' dir='ltr'><strong><em>³ο</em></strong></span> <span class='ocrx_word' id='word_1_516' title='bbox 1663 5701 1830 5758; x_wconf 77' lang='lat' dir='ltr'><strong><em>Exod.</em></strong></span> <span class='ocrx_word' id='word_1_517' title='bbox 1869 5715 1940 5770; x_wconf 88' lang='lat' dir='ltr'><strong><em>tv,</em></strong></span> <span class='ocrx_word' id='word_1_518' title='bbox 1972 5702 2056 5755; x_wconf 87' lang='lat' dir='ltr'><strong><em>l0.</em></strong></span> 
     </span>
    </p>
   </div>
   <div class='ocr_carea' id='block_1_73' title="bbox 2035 1893 3617 1980">
    <p class='ocr_par' dir='ltr' id='par_1_73' title="bbox 2035 1893 3617 1980">
     <span class='ocr_line' id='line_1_73' title="bbox 2035 1893 3617 1980; baseline -0.014 -16"><span class='ocrx_word' id='word_1_519' title='bbox 2035 1909 2254 1980; x_wconf 82' lang='grc' dir='ltr'><em>μᾶλλον,</em></span> <span class='ocrx_word' id='word_1_520' title='bbox 2311 1893 2406 1960; x_wconf 69' lang='grc' dir='ltr'><em>καὶ</em></span> <span class='ocrx_word' id='word_1_521' title='bbox 2465 1908 2530 1976; x_wconf 83' lang='grc' dir='ltr'><em>τῇ</em></span> <span class='ocrx_word' id='word_1_522' title='bbox 2564 1905 2683 1958; x_wconf 85' lang='grc' dir='ltr'><em>κατ’</em></span> <span class='ocrx_word' id='word_1_523' title='bbox 2722 1901 2935 1972; x_wconf 80' lang='grc' dir='ltr'><strong><em>ἐχθρῶν</em></strong></span> <span class='ocrx_word' id='word_1_524' title='bbox 2959 1900 3054 1972; x_wconf 79' lang='grc' dir='ltr'><strong><em>ὅλῃ</em></strong></span> <span class='ocrx_word' id='word_1_525' title='bbox 3097 1895 3338 1968; x_wconf 80' lang='grc' dir='ltr'><em>χρῆσθαι</em></span> <span class='ocrx_word' id='word_1_526' title='bbox 3369 1893 3617 1962; x_wconf 80' lang='grc' dir='ltr'><strong><em>δυνάμει,</em></strong></span> 
     </span>
    </p>
   </div>
   <div class='ocr_carea' id='block_1_74' title="bbox 2034 1981 3621 2067">
    <p class='ocr_par' dir='ltr' id='par_1_74' title="bbox 2034 1981 3621 2067">
     <span class='ocr_line' id='line_1_74' title="bbox 2034 1981 3621 2067; baseline -0.013 -15"><span class='ocrx_word' id='word_1_527' title='bbox 2034 1998 2263 2067; x_wconf 73' lang='grc' dir='ltr'><em>καὶτῆς</em></span> <span class='ocrx_word' id='word_1_528' title='bbox 2305 1995 2530 2065; x_wconf 73' lang='grc' dir='ltr'><em>ἐνούσης</em></span> <span class='ocrx_word' id='word_1_529' title='bbox 2577 1993 2890 2056; x_wconf 79' lang='grc' dir='ltr'><em>εὐσθενείας</em></span> <span class='ocrx_word' id='word_1_530' title='bbox 2942 1991 3149 2050; x_wconf 81' lang='grc' dir='ltr'><em>αὐτοῖς.</em></span> <span class='ocrx_word' id='word_1_531' title='bbox 3195 1981 3621 2053; x_wconf 80' lang='grc' dir='ltr'><em>Καταστρατεύ-</em></span> 
     </span>
    </p>
   </div>
   <div class='ocr_carea' id='block_1_75' title="bbox 2034 2074 3622 2158">
    <p class='ocr_par' dir='ltr' id='par_1_75' title="bbox 2034 2074 3622 2158">
     <span class='ocr_line' id='line_1_75' title="bbox 2034 2074 3622 2158; baseline -0.011 -16"><span class='ocrx_word' id='word_1_532' title='bbox 2034 2088 2187 2143; x_wconf 83' lang='grc' dir='ltr'><em>εσθαί</em></span> <span class='ocrx_word' id='word_1_533' title='bbox 2218 2105 2281 2156; x_wconf 89' lang='grc' dir='ltr'><strong><em>γε</em></strong></span> <span class='ocrx_word' id='word_1_534' title='bbox 2314 2086 2420 2158; x_wconf 84' lang='grc' dir='ltr'><em>μὴν</em></span> <span class='ocrx_word' id='word_1_535' title='bbox 2455 2081 2514 2140; x_wconf 79' lang='grc' dir='ltr'><em>εὖ</em></span> <span class='ocrx_word' id='word_1_536' title='bbox 2553 2085 2696 2156; x_wconf 88' lang='grc' dir='ltr'><em>μάλα</em></span> <span class='ocrx_word' id='word_1_537' title='bbox 2745 2085 2928 2153; x_wconf 69' lang='grc' dir='ltr'><em>φησιν,</em></span> <span class='ocrx_word' id='word_1_538' title='bbox 2959 2081 3082 2150; x_wconf 71' lang='grc' dir='ltr'><strong><em>οὖχὶ</em></strong></span> <span class='ocrx_word' id='word_1_539' title='bbox 3111 2077 3220 2131; x_wconf 84' lang='grc' dir='ltr'><em>τῶν</em></span> <span class='ocrx_word' id='word_1_540' title='bbox 3252 2075 3340 2129; x_wconf 84' lang='grc' dir='ltr'><em>διὰ</em></span> <span class='ocrx_word' id='word_1_541' title='bbox 3384 2074 3622 2136; x_wconf 78' lang='grc' dir='ltr'><em>πίστεως</em></span> 
     </span>
    </p>
   </div>
   <div class='ocr_carea' id='block_1_76' title="bbox 2036 2161 3624 2246">
    <p class='ocr_par' dir='ltr' id='par_1_76' title="bbox 2036 2161 3624 2246">
     <span class='ocr_line' id='line_1_76' title="bbox 2036 2161 3624 2246; baseline -0.011 -14"><span class='ocrx_word' id='word_1_542' title='bbox 2036 2182 2114 2242; x_wconf 82' lang='grc' dir='ltr'><em>εἰς</em></span> <span class='ocrx_word' id='word_1_543' title='bbox 2145 2178 2427 2232; x_wconf 77' lang='grc' dir='ltr'><em>δικαίωσιν</em></span> <span class='ocrx_word' id='word_1_544' title='bbox 2458 2173 2929 2246; x_wconf 85' lang='grc' dir='ltr'><em>σαγηνευομένων,</em></span> <span class='ocrx_word' id='word_1_545' title='bbox 2958 2169 3094 2228; x_wconf 78' lang='grc' dir='ltr'><em>ἀλλὰ</em></span> <span class='ocrx_word' id='word_1_546' title='bbox 3127 2167 3238 2220; x_wconf 86' lang='grc' dir='ltr'><em>τῶν</em></span> <span class='ocrx_word' id='word_1_547' title='bbox 3277 2165 3478 2226; x_wconf 86' lang='grc' dir='ltr'><em>ἀθλίως</em></span> <span class='ocrx_word' id='word_1_548' title='bbox 3502 2161 3624 2217; x_wconf 82' lang='grc' dir='ltr'><em>ἀνθ-</em></span> 
     </span>
    </p>
   </div>
   <div class='ocr_carea' id='block_1_77' title="bbox 2037 2254 3622 2338">
    <p class='ocr_par' dir='ltr' id='par_1_77' title="bbox 2037 2254 3622 2338">
     <span class='ocr_line' id='line_1_77' title="bbox 2037 2254 3622 2338; baseline -0.009 -18"><span class='ocrx_word' id='word_1_549' title='bbox 2037 2269 2345 2338; x_wconf 81' lang='grc' dir='ltr'><em>εστηκότων</em></span> <span class='ocrx_word' id='word_1_550' title='bbox 2391 2267 2470 2337; x_wconf 81' lang='grc' dir='ltr'><em>τῷ</em></span> <span class='ocrx_word' id='word_1_551' title='bbox 2513 2263 3019 2335; x_wconf 77' lang='grc' dir='ltr'><em>θείῳ-κηρύγματι,</em></span> <span class='ocrx_word' id='word_1_552' title='bbox 3069 2258 3165 2322; x_wconf 78' lang='grc' dir='ltr'><em>οὒς</em></span> <span class='ocrx_word' id='word_1_553' title='bbox 3204 2257 3300 2311; x_wconf 68' lang='grc' dir='ltr'><em>καὶ</em></span> <span class='ocrx_word' id='word_1_554' title='bbox 3337 2257 3365 2308; x_wconf 90' lang='grc' dir='ltr'><strong>ὁ</strong></span> <span class='ocrx_word' id='word_1_555' title='bbox 3409 2254 3622 2315; x_wconf 80' lang='grc' dir='ltr'><em>Παῦλος</em></span> 
     </span>
    </p>
   </div>
   <div class='ocr_carea' id='block_1_78' title="bbox 2040 2349 3628 2431">
    <p class='ocr_par' dir='ltr' id='par_1_78' title="bbox 2040 2349 3628 2431">
     <span class='ocr_line' id='line_1_78' title="bbox 2040 2349 3628 2431; baseline -0.011 -17"><span class='ocrx_word' id='word_1_556' title='bbox 2040 2363 2407 2431; x_wconf 82' lang='grc' dir='ltr'><em>κατεσήμηνε,</em></span> <span class='ocrx_word' id='word_1_557' title='bbox 2456 2359 2665 2428; x_wconf 82' lang='grc' dir='ltr'><em>λέγων·</em></span> <span class='ocrx_word' id='word_1_558' title='bbox 2715 2378 2732 2410; x_wconf 84' lang='grc' dir='ltr'><strong><em>ι</em></strong></span> <span class='ocrx_word' id='word_1_559' title='bbox 2795 2357 2947 2426; x_wconf 80' lang='grc' dir='ltr'><em>Θύρα</em></span> <span class='ocrx_word' id='word_1_560' title='bbox 2987 2354 3096 2424; x_wconf 85' lang='grc' dir='ltr'><strong><em>γάρ</em></strong></span> <span class='ocrx_word' id='word_1_561' title='bbox 3139 2368 3230 2422; x_wconf 87' lang='grc' dir='ltr'><strong><em>μοι</em></strong></span> <span class='ocrx_word' id='word_1_562' title='bbox 3279 2349 3485 2418; x_wconf 79' lang='grc' dir='ltr'><em>ἀνέῳγε</em></span> <span class='ocrx_word' id='word_1_563' title='bbox 3531 2361 3628 2414; x_wconf 76' lang='grc' dir='ltr'><em>με·</em></span> 
     </span>
    </p>
   </div>
   <div class='ocr_carea' id='block_1_79' title="bbox 2040 2435 3630 2520">
    <p class='ocr_par' dir='ltr' id='par_1_79' title="bbox 2040 2435 3630 2520">
     <span class='ocr_line' id='line_1_79' title="bbox 2040 2435 3630 2520; baseline -0.011 -16"><span class='ocrx_word' id='word_1_564' title='bbox 2040 2450 2179 2520; x_wconf 83' lang='grc' dir='ltr'><em>γάλη</em></span> <span class='ocrx_word' id='word_1_565' title='bbox 2211 2452 2304 2503; x_wconf 81' lang='grc' dir='ltr'><em>καὶ</em></span> <span class='ocrx_word' id='word_1_566' title='bbox 2332 2448 2589 2520; x_wconf 80' lang='grc' dir='ltr'><em>ἐναργὴς,</em></span> <span class='ocrx_word' id='word_1_567' title='bbox 2617 2448 2710 2501; x_wconf 70' lang='grc' dir='ltr'><em>καὶ</em></span> <span class='ocrx_word' id='word_1_568' title='bbox 2738 2449 2787 2500; x_wconf 80' lang='grc' dir='ltr'>οἱ</span> <span class='ocrx_word' id='word_1_569' title='bbox 2817 2444 3182 2512; x_wconf 79' lang='grc' dir='ltr'><em>ἀντικείμενοι</em></span> <span class='ocrx_word' id='word_1_570' title='bbox 3211 2437 3412 2496; x_wconf 82' lang='grc' dir='ltr'><em>πολλοί.</em></span> <span class='ocrx_word' id='word_1_571' title='bbox 3446 2455 3464 2487; x_wconf 72' lang='grc' dir='ltr'><strong><em>ι</em></strong></span> <span class='ocrx_word' id='word_1_572' title='bbox 3500 2435 3630 2487; x_wconf 82' lang='grc' dir='ltr'><em>Σαλ-</em></span> 
     </span>
    </p>
   </div>
   <div class='ocr_carea' id='block_1_80' title="bbox 2043 2529 3625 2612">
    <p class='ocr_par' dir='ltr' id='par_1_80' title="bbox 2043 2529 3625 2612">
     <span class='ocr_line' id='line_1_80' title="bbox 2043 2529 3625 2612; baseline -0.009 -18"><span class='ocrx_word' id='word_1_573' title='bbox 2043 2545 2160 2594; x_wconf 82' lang='grc' dir='ltr'>πιεί</span> <span class='ocrx_word' id='word_1_574' title='bbox 2191 2542 2369 2595; x_wconf 80' lang='grc' dir='ltr'><em>τοίνυν</em></span> <span class='ocrx_word' id='word_1_575' title='bbox 2395 2544 2421 2593; x_wconf 87' lang='grc' dir='ltr'>ὁ</span> <span class='ocrx_word' id='word_1_576' title='bbox 2453 2542 2674 2612; x_wconf 78' lang='grc' dir='ltr'><em>Κύριος,</em></span> <span class='ocrx_word' id='word_1_577' title='bbox 2711 2539 2895 2608; x_wconf 63' lang='grc' dir='ltr'><em>φησιν,</em></span> <span class='ocrx_word' id='word_1_578' title='bbox 2933 2539 2991 2590; x_wconf 83' lang='grc' dir='ltr'><em>ὲν</em></span> <span class='ocrx_word' id='word_1_579' title='bbox 3027 2535 3314 2601; x_wconf 77' lang='grc' dir='ltr'><em>σάλπιγγι.</em></span> <span class='ocrx_word' id='word_1_580' title='bbox 3345 2529 3625 2594; x_wconf 83' lang='grc' dir='ltr'><em>Λελάληκε</em></span> 
     </span>
    </p>
   </div>
   <div class='ocr_carea' id='block_1_81' title="bbox 2043 2621 3628 2703">
    <p class='ocr_par' dir='ltr' id='par_1_81' title="bbox 2043 2621 3628 2703">
     <span class='ocr_line' id='line_1_81' title="bbox 2043 2621 3628 2703; baseline -0.009 -18"><span class='ocrx_word' id='word_1_581' title='bbox 2043 2632 2156 2703; x_wconf 83' lang='grc' dir='ltr'><em>γὰρ</em></span> <span class='ocrx_word' id='word_1_582' title='bbox 2182 2635 2208 2684; x_wconf 84' lang='grc' dir='ltr'>ὁ</span> <span class='ocrx_word' id='word_1_583' title='bbox 2243 2632 2450 2703; x_wconf 83' lang='grc' dir='ltr'><em>Κύριος</em></span> <span class='ocrx_word' id='word_1_584' title='bbox 2483 2631 2543 2684; x_wconf 78' lang='grc' dir='ltr'><em>τὸ</em></span> <span class='ocrx_word' id='word_1_585' title='bbox 2569 2632 2829 2703; x_wconf 82' lang='grc' dir='ltr'><em>κήρυγμα</em></span> <span class='ocrx_word' id='word_1_586' title='bbox 2854 2629 2914 2682; x_wconf 84' lang='grc' dir='ltr'><em>τὸ</em></span> <span class='ocrx_word' id='word_1_587' title='bbox 2943 2625 3318 2695; x_wconf 81' lang='grc' dir='ltr'><em>εὐαγγελικὺν,</em></span> <span class='ocrx_word' id='word_1_588' title='bbox 3346 2625 3424 2683; x_wconf 79' lang='grc' dir='ltr'><em>εἰς</em></span> <span class='ocrx_word' id='word_1_589' title='bbox 3452 2621 3628 2672; x_wconf 81' lang='grc' dir='ltr'><em>πᾶσαν</em></span> 
     </span>
    </p>
   </div>
   <div class='ocr_carea' id='block_1_82' title="bbox 2043 2713 3628 2793">
    <p class='ocr_par' dir='ltr' id='par_1_82' title="bbox 2043 2713 3628 2793">
     <span class='ocr_line' id='line_1_82' title="bbox 2043 2713 3628 2793; baseline -0.009 -19"><span class='ocrx_word' id='word_1_590' title='bbox 2043 2723 2257 2793; x_wconf 81' lang='grc' dir='ltr'><em>διᾴττον</em></span> <span class='ocrx_word' id='word_1_591' title='bbox 2288 2722 2386 2792; x_wconf 80' lang='grc' dir='ltr'><em>τὴν</em></span> <span class='ocrx_word' id='word_1_592' title='bbox 2409 2722 2497 2774; x_wconf 78' lang='grc' dir='ltr'><strong><em>ὑπ’</em></strong></span> <span class='ocrx_word' id='word_1_593' title='bbox 2515 2721 2762 2788; x_wconf 80' lang='grc' dir='ltr'><em>οὐρανὸν,</em></span> <span class='ocrx_word' id='word_1_594' title='bbox 2784 2719 3109 2784; x_wconf 69' lang='grc' dir='ltr'><em>ἐξάκουστον</em></span> <span class='ocrx_word' id='word_1_595' title='bbox 3127 2715 3236 2786; x_wconf 81' lang='grc' dir='ltr'><em>γὰρ</em></span> <span class='ocrx_word' id='word_1_596' title='bbox 3259 2715 3370 2770; x_wconf 75' lang='grc' dir='ltr'><em>τοῖς</em></span> <span class='ocrx_word' id='word_1_597' title='bbox 3390 2713 3628 2764; x_wconf 80' lang='grc' dir='ltr'><em>ἁπανταο</em></span> 
     </span>
    </p>
   </div>
   <div class='ocr_carea' id='block_1_83' title="bbox 2048 2803 3630 2884">
    <p class='ocr_par' dir='ltr' id='par_1_83' title="bbox 2048 2803 3630 2884">
     <span class='ocr_line' id='line_1_83' title="bbox 2048 2803 3630 2884; baseline -0.018 -2"><span class='ocrx_word' id='word_1_598' title='bbox 2048 2811 2142 2882; x_wconf 76' lang='grc' dir='ltr'><strong><em>χοῦ</em></strong></span> <span class='ocrx_word' id='word_1_599' title='bbox 2172 2812 2233 2864; x_wconf 81' lang='grc' dir='ltr'><strong><em>τδ</em></strong></span> <span class='ocrx_word' id='word_1_600' title='bbox 2257 2814 2551 2884; x_wconf 84' lang='grc' dir='ltr'><em>μυστήριον</em></span> <span class='ocrx_word' id='word_1_601' title='bbox 2571 2830 2584 2845; x_wconf 78' lang='grc' dir='ltr'><strong><em>ο</em></strong></span> <span class='ocrx_word' id='word_1_602' title='bbox 2605 2807 2672 2882; x_wconf 78' lang='grc' dir='ltr'><em>ἦν</em></span> <span class='ocrx_word' id='word_1_603' title='bbox 2709 2812 2807 2882; x_wconf 86' lang='grc' dir='ltr'><em>μὲν</em></span> <span class='ocrx_word' id='word_1_604' title='bbox 2825 2815 2933 2882; x_wconf 87' lang='grc' dir='ltr'><em>γὰρ</em></span> <span class='ocrx_word' id='word_1_605' title='bbox 2953 2809 3297 2880; x_wconf 71' lang='grc' dir='ltr'><em>ἰσχνόφωνος,</em></span> <span class='ocrx_word' id='word_1_606' title='bbox 3316 2805 3406 2859; x_wconf 75' lang='grc' dir='ltr'><em>καὶ</em></span> <span class='ocrx_word' id='word_1_607' title='bbox 3436 2803 3630 2875; x_wconf 79' lang='grc' dir='ltr'><em>βραδύ-</em></span> 
     </span>
    </p>
   </div>
   <div class='ocr_carea' id='block_1_84' title="bbox 2049 2891 3633 2973">
    <p class='ocr_par' dir='ltr' id='par_1_84' title="bbox 2049 2891 3633 2973">
     <span class='ocr_line' id='line_1_84' title="bbox 2049 2891 3633 2973; baseline -0.008 -16"><span class='ocrx_word' id='word_1_608' title='bbox 2049 2905 2291 2972; x_wconf 86' lang='grc' dir='ltr'><em>γλωσσος</em></span> <span class='ocrx_word' id='word_1_609' title='bbox 2323 2907 2350 2958; x_wconf 88' lang='grc' dir='ltr'>ὁ</span> <span class='ocrx_word' id='word_1_610' title='bbox 2382 2905 2605 2972; x_wconf 81' lang='grc' dir='ltr'><em>Μωσῆς,</em></span> <span class='ocrx_word' id='word_1_611' title='bbox 2630 2904 2909 2973; x_wconf 85' lang='grc' dir='ltr'><em>τοιγάρτοι</em></span> <span class='ocrx_word' id='word_1_612' title='bbox 2931 2902 3024 2955; x_wconf 78' lang='grc' dir='ltr'><em>καὶ</em></span> <span class='ocrx_word' id='word_1_613' title='bbox 3057 2901 3211 2971; x_wconf 85' lang='grc' dir='ltr'><em>μόλις</em></span> <span class='ocrx_word' id='word_1_614' title='bbox 3247 2897 3476 2967; x_wconf 73' lang='grc' dir='ltr'><em>ἠκούετο</em></span> <span class='ocrx_word' id='word_1_615' title='bbox 3491 2891 3633 2946; x_wconf 83' lang='grc' dir='ltr'><em>κατὰ</em></span> 
     </span>
    </p>
   </div>
   <div class='ocr_carea' id='block_1_85' title="bbox 2055 2986 3635 3066">
    <p class='ocr_par' dir='ltr' id='par_1_85' title="bbox 2055 2986 3635 3066">
     <span class='ocr_line' id='line_1_85' title="bbox 2055 2986 3635 3066; baseline -0.006 -18"><span class='ocrx_word' id='word_1_616' title='bbox 2055 2996 2221 3066; x_wconf 72' lang='grc' dir='ltr'><em>μόνην</em></span> <span class='ocrx_word' id='word_1_617' title='bbox 2236 2999 2332 3066; x_wconf 75' lang='grc' dir='ltr'><em>τὴν</em></span> <span class='ocrx_word' id='word_1_618' title='bbox 2364 2989 2642 3050; x_wconf 82' lang='grc' dir='ltr'><em>Ἰουδαίαν.</em></span> <span class='ocrx_word' id='word_1_619' title='bbox 2669 2995 2906 3048; x_wconf 84' lang='grc' dir='ltr'><em>Ἥκιστά</em></span> <span class='ocrx_word' id='word_1_620' title='bbox 2925 3009 2987 3061; x_wconf 84' lang='grc' dir='ltr'><strong><em>γε</em></strong></span> <span class='ocrx_word' id='word_1_621' title='bbox 3008 2995 3112 3063; x_wconf 85' lang='grc' dir='ltr'><em>μὴν</em></span> <span class='ocrx_word' id='word_1_622' title='bbox 3130 2994 3186 3044; x_wconf 82' lang='grc' dir='ltr'><em>ὲν</em></span> <span class='ocrx_word' id='word_1_623' title='bbox 3208 2990 3417 3050; x_wconf 78' lang='grc' dir='ltr'><em>τούτοις</em></span> <span class='ocrx_word' id='word_1_624' title='bbox 3441 2987 3584 3039; x_wconf 69' lang='grc' dir='ltr'><em>ἐστὶν</em></span> <span class='ocrx_word' id='word_1_625' title='bbox 3605 2986 3635 3038; x_wconf 77' lang='grc' dir='ltr'><strong>ὁ</strong></span> 
     </span>
    </p>
   </div>
   <div class='ocr_carea' id='block_1_86' title="bbox 2055 3073 3636 3155">
    <p class='ocr_par' dir='ltr' id='par_1_86' title="bbox 2055 3073 3636 3155">
     <span class='ocr_line' id='line_1_86' title="bbox 2055 3073 3636 3155; baseline -0.013 -12"><span class='ocrx_word' id='word_1_626' title='bbox 2055 3088 2179 3155; x_wconf 76' lang='grc' dir='ltr'><em>περὶ</em></span> <span class='ocrx_word' id='word_1_627' title='bbox 2203 3084 2439 3153; x_wconf 78' lang='grc' dir='ltr'><em>Χριστοῦ</em></span> <span class='ocrx_word' id='word_1_628' title='bbox 2475 3085 2651 3153; x_wconf 84' lang='grc' dir='ltr'><em>λόγος.</em></span> <span class='ocrx_word' id='word_1_629' title='bbox 2699 3074 3256 3152; x_wconf 71' lang='grc' dir='ltr'><em>Ἀναπεφώνηκεγὰρ</em></span> <span class='ocrx_word' id='word_1_630' title='bbox 3283 3074 3371 3130; x_wconf 79' lang='grc' dir='ltr'><strong><em>οἷά</em></strong></span> <span class='ocrx_word' id='word_1_631' title='bbox 3397 3091 3480 3137; x_wconf 86' lang='grc' dir='ltr'><strong><em>τις</em></strong></span> <span class='ocrx_word' id='word_1_632' title='bbox 3511 3073 3636 3126; x_wconf 82' lang='grc' dir='ltr'><em>σά).-</em></span> 
     </span>
    </p>
   </div>
   <div class='ocr_carea' id='block_1_87' title="bbox 2055 3165 3636 3245">
    <p class='ocr_par' dir='ltr' id='par_1_87' title="bbox 2055 3165 3636 3245">
     <span class='ocr_line' id='line_1_87' title="bbox 2055 3165 3636 3245; baseline -0.02 1"><span class='ocrx_word' id='word_1_633' title='bbox 2055 3176 2184 3244; x_wconf 81' lang='grc' dir='ltr'><em>πιγξ</em></span> <span class='ocrx_word' id='word_1_634' title='bbox 2225 3175 2489 3245; x_wconf 71' lang='grc' dir='ltr'><em>λαμπρὰ,</em></span> <span class='ocrx_word' id='word_1_635' title='bbox 2525 3176 2619 3228; x_wconf 66' lang='grc' dir='ltr'><em>καὶ</em></span> <span class='ocrx_word' id='word_1_636' title='bbox 2668 3173 3030 3244; x_wconf 79' lang='grc' dir='ltr'><em>εὐηχεστάτη,</em></span> <span class='ocrx_word' id='word_1_637' title='bbox 3076 3171 3171 3224; x_wconf 73' lang='grc' dir='ltr'><em>καὶ</em></span> <span class='ocrx_word' id='word_1_638' title='bbox 3221 3170 3341 3230; x_wconf 84' lang='grc' dir='ltr'><em>ταῖς</em></span> <span class='ocrx_word' id='word_1_639' title='bbox 3382 3165 3636 3219; x_wconf 79' lang='grc' dir='ltr'><em>ἁπάντων</em></span> 
     </span>
    </p>
   </div>
   <div class='ocr_carea' id='block_1_88' title="bbox 2053 3254 3636 3336">
    <p class='ocr_par' dir='ltr' id='par_1_88' title="bbox 2053 3254 3636 3336">
     <span class='ocr_line' id='line_1_88' title="bbox 2053 3254 3636 3336; baseline -0.008 -16"><span class='ocrx_word' id='word_1_640' title='bbox 2053 3269 2244 3329; x_wconf 85' lang='grc' dir='ltr'>ἀκοαῖς</span> <span class='ocrx_word' id='word_1_641' title='bbox 2281 3266 2419 3335; x_wconf 66' lang='grc' dir='ltr'><strong><em>ἠχὴν</em></strong></span> <span class='ocrx_word' id='word_1_642' title='bbox 2447 3267 2648 3319; x_wconf 85' lang='grc' dir='ltr'><em>ὲνιείσα</em></span> <span class='ocrx_word' id='word_1_643' title='bbox 2688 3267 2785 3336; x_wconf 82' lang='grc' dir='ltr'><em>τὴν</em></span> <span class='ocrx_word' id='word_1_644' title='bbox 2821 3264 3160 3333; x_wconf 82' lang='grc' dir='ltr'><em>διαπρύσιον.</em></span> <span class='ocrx_word' id='word_1_645' title='bbox 3212 3278 3230 3311; x_wconf 83' lang='grc' dir='ltr'><strong><em>ι</em></strong></span> <span class='ocrx_word' id='word_1_646' title='bbox 3273 3259 3542 3312; x_wconf 82' lang='grc' dir='ltr'><em>Βαδιεῖται</em></span> <span class='ocrx_word' id='word_1_647' title='bbox 3578 3254 3636 3308; x_wconf 79' lang='grc' dir='ltr'><em>δὲ</em></span> 
     </span>
    </p>
   </div>
   <div class='ocr_carea' id='block_1_89' title="bbox 2054 3348 3640 3435">
    <p class='ocr_par' dir='ltr' id='par_1_89' title="bbox 2054 3348 3640 3428">
     <span class='ocr_line' id='line_1_89' title="bbox 2054 3348 3640 3428; baseline -0.009 -16"><span class='ocrx_word' id='word_1_648' title='bbox 2054 3358 2243 3428; x_wconf 85' lang='grc' dir='ltr'><em>ὥσπερ</em></span> <span class='ocrx_word' id='word_1_649' title='bbox 2291 3359 2350 3411; x_wconf 82' lang='grc' dir='ltr'><em>ἐν</em></span> <span class='ocrx_word' id='word_1_650' title='bbox 2385 3357 2530 3424; x_wconf 80' lang='grc' dir='ltr'><em>σάλῳ</em></span> <span class='ocrx_word' id='word_1_651' title='bbox 2556 3357 2783 3425; x_wconf 84' lang='grc' dir='ltr'><strong><em>ἀπειλῆς</em></strong></span> <span class='ocrx_word' id='word_1_652' title='bbox 2817 3355 3003 3419; x_wconf 79' lang='grc' dir='ltr'><em>αὑτοῦ,</em></span> <span class='ocrx_word' id='word_1_653' title='bbox 3043 3372 3062 3404; x_wconf 74' lang='grc' dir='ltr'><strong><em>ι</em></strong></span> <span class='ocrx_word' id='word_1_654' title='bbox 3105 3354 3198 3406; x_wconf 78' lang='grc' dir='ltr'><em>καὶ</em></span> <span class='ocrx_word' id='word_1_655' title='bbox 3219 3348 3640 3421; x_wconf 82' lang='grc' dir='ltr'><em>ὑπερασπιεῖται</em></span> 
     </span>
    </p>
   </div>
   <div class='ocr_carea' id='block_1_90' title="bbox 2055 3441 3638 3520">
    <p class='ocr_par' dir='ltr' id='par_1_90' title="bbox 2055 3441 3638 3520">
     <span class='ocr_line' id='line_1_90' title="bbox 2055 3441 3638 3520; baseline -0.008 -18"><span class='ocrx_word' id='word_1_656' title='bbox 2055 3450 2196 3503; x_wconf 73' lang='grc' dir='ltr'><em>οὕτω</em></span> <span class='ocrx_word' id='word_1_657' title='bbox 2218 3451 2323 3503; x_wconf 80' lang='grc' dir='ltr'><em>τῶν</em></span> <span class='ocrx_word' id='word_1_658' title='bbox 2358 3449 2552 3502; x_wconf 79' lang='grc' dir='ltr'><em>ἑαυτοῦ</em></span> <span class='ocrx_word' id='word_1_659' title='bbox 2569 3449 2901 3520; x_wconf 80' lang='grc' dir='ltr'><em>δορυφόρων,</em></span> <span class='ocrx_word' id='word_1_660' title='bbox 2917 3448 2992 3510; x_wconf 86' lang='grc' dir='ltr'><em>ὡς</em></span> <span class='ocrx_word' id='word_1_661' title='bbox 3007 3441 3118 3500; x_wconf 75' lang='grc' dir='ltr'><em>οἷον</em></span> <span class='ocrx_word' id='word_1_662' title='bbox 3134 3445 3238 3498; x_wconf 80' lang='grc' dir='ltr'><strong><em>ὑπὸ</em></strong></span> <span class='ocrx_word' id='word_1_663' title='bbox 3263 3443 3431 3513; x_wconf 85' lang='grc' dir='ltr'><em>πυρὸς</em></span> <span class='ocrx_word' id='word_1_664' title='bbox 3461 3441 3638 3493; x_wconf 74' lang='grc' dir='ltr'><em>δαπα-</em></span> 
     </span>
    </p>
   </div>
   <div class='ocr_carea' id='block_1_91' title="bbox 2056 3528 3643 3609">
    <p class='ocr_par' dir='ltr' id='par_1_91' title="bbox 2056 3528 3643 3609">
     <span class='ocr_line' id='line_1_91' title="bbox 2056 3528 3643 3609; baseline -0.006 -17"><span class='ocrx_word' id='word_1_665' title='bbox 2056 3539 2251 3593; x_wconf 80' lang='grc' dir='ltr'><em>νᾶσθαι</em></span> <span class='ocrx_word' id='word_1_666' title='bbox 2276 3539 2400 3602; x_wconf 67' lang='grc' dir='ltr'><em>τοὺς</em></span> <span class='ocrx_word' id='word_1_667' title='bbox 2431 3539 2879 3609; x_wconf 82' lang='grc' dir='ltr'><em>ἀνθισταμένους,</em></span> <span class='ocrx_word' id='word_1_668' title='bbox 2901 3539 3057 3608; x_wconf 82' lang='grc' dir='ltr'><em>μόνον</em></span> <span class='ocrx_word' id='word_1_669' title='bbox 3080 3537 3134 3589; x_wconf 79' lang='grc' dir='ltr'><em>δὲ</em></span> <span class='ocrx_word' id='word_1_670' title='bbox 3153 3536 3272 3605; x_wconf 76' lang='grc' dir='ltr'><em>οὐχί</em></span> <span class='ocrx_word' id='word_1_671' title='bbox 3302 3534 3395 3588; x_wconf 75' lang='grc' dir='ltr'><em>καὶ</em></span> <span class='ocrx_word' id='word_1_672' title='bbox 3427 3528 3643 3600; x_wconf 71' lang='grc' dir='ltr'><em>σφενδό-</em></span> 
     </span>
    </p>
   </div>
   <div class='ocr_carea' id='block_1_92' title="bbox 2058 3623 3645 3697">
    <p class='ocr_par' dir='ltr' id='par_1_92' title="bbox 2058 3623 3645 3697">
     <span class='ocr_line' id='line_1_92' title="bbox 2058 3623 3645 3697; baseline -0.006 -17"><span class='ocrx_word' id='word_1_673' title='bbox 2058 3644 2154 3697; x_wconf 84' lang='grc' dir='ltr'><strong><em>νης</em></strong></span> <span class='ocrx_word' id='word_1_674' title='bbox 2187 3627 2355 3689; x_wconf 80' lang='grc' dir='ltr'><em>λίθοις</em></span> <span class='ocrx_word' id='word_1_675' title='bbox 2401 3627 2600 3690; x_wconf 78' lang='grc' dir='ltr'><em>αὐτοὺς</em></span> <span class='ocrx_word' id='word_1_676' title='bbox 2636 3625 3008 3696; x_wconf 83' lang='grc' dir='ltr'><em>καταχώσουσι</em></span> <span class='ocrx_word' id='word_1_677' title='bbox 3049 3623 3443 3685; x_wconf 79' lang='grc' dir='ltr'><em>καταπαίοντες</em></span> <span class='ocrx_word' id='word_1_678' title='bbox 3473 3636 3645 3689; x_wconf 82' lang='grc' dir='ltr'><em>γεννι-</em></span> 
     </span>
    </p>
   </div>
   <div class='ocr_carea' id='block_1_93' title="bbox 2060 3704 3641 3788">
    <p class='ocr_par' dir='ltr' id='par_1_93' title="bbox 2060 3704 3641 3788">
     <span class='ocr_line' id='line_1_93' title="bbox 2060 3704 3641 3788; baseline -0.007 -16"><span class='ocrx_word' id='word_1_679' title='bbox 2060 3719 2192 3782; x_wconf 82' lang='grc' dir='ltr'><em>κῶς.</em></span> <span class='ocrx_word' id='word_1_680' title='bbox 2225 3719 2537 3772; x_wconf 76' lang='grc' dir='ltr'><em>Ἐκπὶονται</em></span> <span class='ocrx_word' id='word_1_681' title='bbox 2567 3720 2624 3772; x_wconf 80' lang='grc' dir='ltr'><em>δὲ</em></span> <span class='ocrx_word' id='word_1_682' title='bbox 2651 3720 2742 3772; x_wconf 78' lang='grc' dir='ltr'><em>καὶ</em></span> <span class='ocrx_word' id='word_1_683' title='bbox 2767 3719 2826 3772; x_wconf 85' lang='grc' dir='ltr'><em>τὸ</em></span> <span class='ocrx_word' id='word_1_684' title='bbox 2849 3713 2993 3788; x_wconf 78' lang='grc' dir='ltr'><em>αἷμα</em></span> <span class='ocrx_word' id='word_1_685' title='bbox 3024 3713 3521 3780; x_wconf 79' lang='grc' dir='ltr'><em>αὑτῶν,τουτέστιν</em></span> <span class='ocrx_word' id='word_1_686' title='bbox 3552 3704 3641 3762; x_wconf 71' lang='grc' dir='ltr'><em>οἷά</em></span> 
     </span>
    </p>
   </div>
   <div class='ocr_carea' id='block_1_94' title="bbox 2060 3798 3644 3880">
    <p class='ocr_par' dir='ltr' id='par_1_94' title="bbox 2060 3798 3644 3880">
     <span class='ocr_line' id='line_1_94' title="bbox 2060 3798 3644 3880; baseline -0.004 -21"><span class='ocrx_word' id='word_1_687' title='bbox 2060 3825 2205 3871; x_wconf 85' lang='grc' dir='ltr'><em>τινες</em></span> <span class='ocrx_word' id='word_1_688' title='bbox 2236 3808 2401 3880; x_wconf 79' lang='grc' dir='ltr'><em>θῆρες</em></span> <span class='ocrx_word' id='word_1_689' title='bbox 2442 3807 2874 3878; x_wconf 75' lang='grc' dir='ltr'><em>ὲπιθρώσκοντες</em></span> <span class='ocrx_word' id='word_1_690' title='bbox 2919 3807 3264 3875; x_wconf 82' lang='grc' dir='ltr'><em>περιέσονται</em></span> <span class='ocrx_word' id='word_1_691' title='bbox 3295 3802 3511 3874; x_wconf 66' lang='grc' dir='ltr'><em>ῥᾳδίως,</em></span> <span class='ocrx_word' id='word_1_692' title='bbox 3548 3798 3644 3852; x_wconf 70' lang='grc' dir='ltr'><em>καὶ</em></span> 
     </span>
    </p>
   </div>
   <div class='ocr_carea' id='block_1_95' title="bbox 2061 3893 3645 3970">
    <p class='ocr_par' dir='ltr' id='par_1_95' title="bbox 2061 3893 3645 3970">
     <span class='ocr_line' id='line_1_95' title="bbox 2061 3893 3645 3970; baseline -0.016 -4"><span class='ocrx_word' id='word_1_693' title='bbox 2061 3901 2287 3970; x_wconf 80' lang='grc' dir='ltr'><em>νεκροὺς</em></span> <span class='ocrx_word' id='word_1_694' title='bbox 2325 3898 2682 3969; x_wconf 74' lang='grc' dir='ltr'><em>ἀποφανοῦσι.</em></span> <span class='ocrx_word' id='word_1_695' title='bbox 2731 3896 3136 3970; x_wconf 85' lang='grc' dir='ltr'><em>Προσκομιοῦσι</em></span> <span class='ocrx_word' id='word_1_696' title='bbox 3175 3897 3232 3949; x_wconf 80' lang='grc' dir='ltr'><em>δὲ</em></span> <span class='ocrx_word' id='word_1_697' title='bbox 3270 3895 3349 3964; x_wconf 82' lang='grc' dir='ltr'><em>τῷ</em></span> <span class='ocrx_word' id='word_1_698' title='bbox 3385 3893 3494 3946; x_wconf 81' lang='grc' dir='ltr'><em>τῶν</em></span> <span class='ocrx_word' id='word_1_699' title='bbox 3546 3907 3645 3942; x_wconf 82' lang='grc' dir='ltr'><strong><em>πε-</em></strong></span> 
     </span>
    </p>
   </div>
   <div class='ocr_carea' id='block_1_96' title="bbox 2064 3984 3646 4062">
    <p class='ocr_par' dir='ltr' id='par_1_96' title="bbox 2064 3984 3646 4062">
     <span class='ocr_line' id='line_1_96' title="bbox 2064 3984 3646 4062; baseline 0.003 -20"><span class='ocrx_word' id='word_1_700' title='bbox 2064 3990 2359 4044; x_wconf 84' lang='grc' dir='ltr'><em>πτωκότων</em></span> <span class='ocrx_word' id='word_1_701' title='bbox 2409 3992 2602 4062; x_wconf 80' lang='grc' dir='ltr'><em>αἵματι</em></span> <span class='ocrx_word' id='word_1_702' title='bbox 2652 3991 2851 4060; x_wconf 84' lang='grc' dir='ltr'><em>φιάλας</em></span> <span class='ocrx_word' id='word_1_703' title='bbox 2897 3988 3352 4061; x_wconf 81' lang='grc' dir='ltr'><em>πεπληρωμένας,</em></span> <span class='ocrx_word' id='word_1_704' title='bbox 3398 3984 3646 4053; x_wconf 63' lang='grc' dir='ltr'><em>καθάπερ</em></span> 
     </span>
    </p>
   </div>
   <div class='ocr_carea' id='block_1_97' title="bbox 2064 4075 3646 4154">
    <p class='ocr_par' dir='ltr' id='par_1_97' title="bbox 2064 4075 3646 4154">
     <span class='ocr_line' id='line_1_97' title="bbox 2064 4075 3646 4154; baseline 0.004 -20"><span class='ocrx_word' id='word_1_705' title='bbox 2064 4083 2184 4134; x_wconf 75' lang='grc' dir='ltr'><em>τινὰ</em></span> <span class='ocrx_word' id='word_1_706' title='bbox 2203 4081 2432 4152; x_wconf 80' lang='grc' dir='ltr'><em>σπονδὴν</em></span> <span class='ocrx_word' id='word_1_707' title='bbox 2449 4083 2540 4136; x_wconf 70' lang='grc' dir='ltr'><strong><em>ἐπὶ</em></strong></span> <span class='ocrx_word' id='word_1_708' title='bbox 2557 4082 2618 4134; x_wconf 84' lang='grc' dir='ltr'><em>τὸ</em></span> <span class='ocrx_word' id='word_1_709' title='bbox 2642 4082 3048 4154; x_wconf 87' lang='grc' dir='ltr'><em>θυσιαστήριον.</em></span> <span class='ocrx_word' id='word_1_710' title='bbox 3070 4080 3278 4134; x_wconf 77' lang='grc' dir='ltr'><em>Εὐωδία</em></span> <span class='ocrx_word' id='word_1_711' title='bbox 3295 4078 3489 4150; x_wconf 84' lang='grc' dir='ltr'><em>γὰρτῷ</em></span> <span class='ocrx_word' id='word_1_712' title='bbox 3504 4075 3646 4146; x_wconf 65' lang='grc' dir='ltr'><strong><em>Θεῷ.</em></strong></span> 
     </span>
    </p>
   </div>
   <div class='ocr_carea' id='block_1_98' title="bbox 2068 4172 3648 4246">
    <p class='ocr_par' dir='ltr' id='par_1_98' title="bbox 2068 4172 3648 4246">
     <span class='ocr_line' id='line_1_98' title="bbox 2068 4172 3648 4246; baseline -0.003 -20"><span class='ocrx_word' id='word_1_713' title='bbox 2068 4175 2162 4226; x_wconf 75' lang='grc' dir='ltr'><em>καὶ</em></span> <span class='ocrx_word' id='word_1_714' title='bbox 2198 4173 2361 4228; x_wconf 81' lang='grc' dir='ltr'><em>θυσία</em></span> <span class='ocrx_word' id='word_1_715' title='bbox 2395 4173 2558 4246; x_wconf 83' lang='grc' dir='ltr'><em>δεκτὴ</em></span> <span class='ocrx_word' id='word_1_716' title='bbox 2591 4174 2698 4228; x_wconf 80' lang='grc' dir='ltr'><em>τῶν</em></span> <span class='ocrx_word' id='word_1_717' title='bbox 2719 4176 2817 4228; x_wconf 78' lang='grc' dir='ltr'><em>οὐκ</em></span> <span class='ocrx_word' id='word_1_718' title='bbox 2847 4177 3060 4229; x_wconf 74' lang='grc' dir='ltr'><em>ἐώντων</em></span> <span class='ocrx_word' id='word_1_719' title='bbox 3091 4172 3359 4237; x_wconf 75' lang='grc' dir='ltr'><em>σώζεσθαι</em></span> <span class='ocrx_word' id='word_1_720' title='bbox 3387 4173 3510 4232; x_wconf 68' lang='grc' dir='ltr'><em>τοὺς</em></span> <span class='ocrx_word' id='word_1_721' title='bbox 3549 4185 3648 4222; x_wconf 83' lang='grc' dir='ltr'><strong><em>πε·-</em></strong></span> 
     </span>
    </p>
   </div>
   <div class='ocr_carea' id='block_1_99' title="bbox 2069 4260 3649 4333">
    <p class='ocr_par' dir='ltr' id='par_1_99' title="bbox 2069 4260 3649 4333">
     <span class='ocr_line' id='line_1_99' title="bbox 2069 4260 3649 4333; baseline -0.002 -19"><span class='ocrx_word' id='word_1_722' title='bbox 2069 4261 2449 4331; x_wconf 73' lang='grc' dir='ltr'><em>πλανημένους</em></span> <span class='ocrx_word' id='word_1_723' title='bbox 2487 4265 2514 4316; x_wconf 85' lang='grc' dir='ltr'>ὁ</span> <span class='ocrx_word' id='word_1_724' title='bbox 2535 4263 2784 4326; x_wconf 85' lang='grc' dir='ltr'><em>θάνατος.</em></span> <span class='ocrx_word' id='word_1_725' title='bbox 2819 4265 2881 4316; x_wconf 81' lang='grc' dir='ltr'><strong>Εἰ</strong></span> <span class='ocrx_word' id='word_1_726' title='bbox 2927 4264 3038 4333; x_wconf 82' lang='grc' dir='ltr'><strong><em>γάρ</em></strong></span> <span class='ocrx_word' id='word_1_727' title='bbox 3081 4262 3190 4316; x_wconf 80' lang='grc' dir='ltr'><em>τῶν</em></span> <span class='ocrx_word' id='word_1_728' title='bbox 3223 4262 3489 4330; x_wconf 85' lang='grc' dir='ltr'><em>σωμάτων</em></span> <span class='ocrx_word' id='word_1_729' title='bbox 3524 4260 3649 4319; x_wconf 77' lang='grc' dir='ltr'><em>τοὺς</em></span> 
     </span>
    </p>
   </div>
   <div class='ocr_carea' id='block_1_100' title="bbox 2071 4349 3649 4425">
    <p class='ocr_par' dir='ltr' id='par_1_100' title="bbox 2071 4349 3649 4425">
     <span class='ocr_line' id='line_1_100' title="bbox 2071 4349 3649 4425; baseline -0.003 -20"><span class='ocrx_word' id='word_1_730' title='bbox 2071 4353 2337 4422; x_wconf 81' lang='grc' dir='ltr'><em>φονευτὰς</em></span> <span class='ocrx_word' id='word_1_731' title='bbox 2361 4354 2460 4406; x_wconf 76' lang='grc' dir='ltr'><em>οὐκ</em></span> <span class='ocrx_word' id='word_1_732' title='bbox 2482 4353 2630 4419; x_wconf 76' lang='grc' dir='ltr'><em>ἄξιον</em></span> <span class='ocrx_word' id='word_1_733' title='bbox 2661 4353 2950 4420; x_wconf 77' lang='grc' dir='ltr'><strong><em>ἐλεεῖσθαι,</em></strong></span> <span class='ocrx_word' id='word_1_734' title='bbox 2977 4353 3346 4425; x_wconf 80' lang='grc' dir='ltr'><strong><em>ὑποφέρεσθαι</em></strong></span> <span class='ocrx_word' id='word_1_735' title='bbox 3377 4352 3433 4404; x_wconf 81' lang='grc' dir='ltr'><em>δὲ</em></span> <span class='ocrx_word' id='word_1_736' title='bbox 3453 4349 3649 4421; x_wconf 81' lang='grc' dir='ltr'><em>μᾶλλον</em></span> 
     </span>
    </p>
   </div>
   <div class='ocr_carea' id='block_1_101' title="bbox 1999 4439 3652 4527">
    <p class='ocr_par' dir='ltr' id='par_1_101' title="bbox 1999 4439 3652 4527">
     <span class='ocr_line' id='line_1_101' title="bbox 1999 4439 3652 4527; baseline -0.004 -30"><span class='ocrx_word' id='word_1_737' title='bbox 1999 4473 2044 4527; x_wconf 81' lang='lat' dir='ltr'><strong>D</strong></span> <span class='ocrx_word' id='word_1_738' title='bbox 2072 4446 2194 4506; x_wconf 85' lang='grc' dir='ltr'><em>ταῖς</em></span> <span class='ocrx_word' id='word_1_739' title='bbox 2250 4444 2448 4510; x_wconf 81' lang='grc' dir='ltr'><em>δίκαις,</em></span> <span class='ocrx_word' id='word_1_740' title='bbox 2492 4445 2562 4497; x_wconf 73' lang='grc' dir='ltr'><em>τὰ</em></span> <span class='ocrx_word' id='word_1_741' title='bbox 2597 4446 2685 4498; x_wconf 79' lang='grc' dir='ltr'><em>ἶσα</em></span> <span class='ocrx_word' id='word_1_742' title='bbox 2723 4445 3012 4510; x_wconf 79' lang='grc' dir='ltr'><em>παθόντας,</em></span> <span class='ocrx_word' id='word_1_743' title='bbox 3042 4445 3094 4498; x_wconf 85' lang='grc' dir='ltr'><strong><em>τί</em></strong></span> <span class='ocrx_word' id='word_1_744' title='bbox 3133 4446 3198 4499; x_wconf 81' lang='grc' dir='ltr'><em>ἄν</em></span> <span class='ocrx_word' id='word_1_745' title='bbox 3226 4461 3307 4506; x_wconf 90' lang='grc' dir='ltr'><strong><em>τις</em></strong></span> <span class='ocrx_word' id='word_1_746' title='bbox 3347 4442 3492 4510; x_wconf 81' lang='grc' dir='ltr'><em>λέγοι</em></span> <span class='ocrx_word' id='word_1_747' title='bbox 3523 4439 3652 4510; x_wconf 72' lang='grc' dir='ltr'><em>περὶ</em></span> 
     </span>
    </p>
   </div>
   <div class='ocr_carea' id='block_1_102' title="bbox 2071 4535 3461 4609">
    <p class='ocr_par' dir='ltr' id='par_1_102' title="bbox 2071 4535 3461 4609">
     <span class='ocr_line' id='line_1_102' title="bbox 2071 4535 3461 4609; baseline -0.001 -22"><span class='ocrx_word' id='word_1_748' title='bbox 2071 4537 2180 4588; x_wconf 81' lang='grc' dir='ltr'><em>τῶν</em></span> <span class='ocrx_word' id='word_1_749' title='bbox 2211 4537 2260 4588; x_wconf 73' lang='grc' dir='ltr'><strong><em>οἳ</em></strong></span> <span class='ocrx_word' id='word_1_750' title='bbox 2293 4536 2479 4606; x_wconf 61' lang='grc' dir='ltr'><em>ψυχῶν</em></span> <span class='ocrx_word' id='word_1_751' title='bbox 2515 4538 2772 4609; x_wconf 77' lang='grc' dir='ltr'><em>ὀλετῆρες</em></span> <span class='ocrx_word' id='word_1_752' title='bbox 2798 4539 3052 4606; x_wconf 86' lang='grc' dir='ltr'><em>γεγόνασι</em></span> <span class='ocrx_word' id='word_1_753' title='bbox 3087 4537 3179 4588; x_wconf 68' lang='grc' dir='ltr'><em>καὶ</em></span> <span class='ocrx_word' id='word_1_754' title='bbox 3210 4535 3461 4606; x_wconf 83' lang='grc' dir='ltr'><em>φθορεῖς.</em></span> 
     </span>
    </p>
   </div>
   <div class='ocr_carea' id='block_1_103' title="bbox 2143 4621 3653 4698">
    <p class='ocr_par' dir='ltr' id='par_1_103' title="bbox 2143 4621 3653 4698">
     <span class='ocr_line' id='line_1_103' title="bbox 2143 4621 3653 4698; baseline -0.001 -21"><span class='ocrx_word' id='word_1_755' title='bbox 2143 4622 2265 4678; x_wconf 74' lang='grc' dir='ltr'><em>Εἶεν</em></span> <span class='ocrx_word' id='word_1_756' title='bbox 2291 4625 2335 4676; x_wconf 87' lang='grc' dir='ltr'><em>δ’</em></span> <span class='ocrx_word' id='word_1_757' title='bbox 2369 4627 2435 4678; x_wconf 80' lang='grc' dir='ltr'><em>ἂν</em></span> <span class='ocrx_word' id='word_1_758' title='bbox 2465 4621 2611 4678; x_wconf 66' lang='grc' dir='ltr'><em>οὗτοι</em></span> <span class='ocrx_word' id='word_1_759' title='bbox 2661 4627 2822 4679; x_wconf 82' lang='grc' dir='ltr'><em>πάλιν</em></span> <span class='ocrx_word' id='word_1_760' title='bbox 2860 4630 2907 4680; x_wconf 84' lang='grc' dir='ltr'><strong><em>οἱ</em></strong></span> <span class='ocrx_word' id='word_1_761' title='bbox 2963 4627 3228 4698; x_wconf 78' lang='grc' dir='ltr'><em>Ἑλλήνων</em></span> <span class='ocrx_word' id='word_1_762' title='bbox 3273 4625 3518 4694; x_wconf 85' lang='grc' dir='ltr'><em>λογάδες,</em></span> <span class='ocrx_word' id='word_1_763' title='bbox 3562 4626 3653 4678; x_wconf 73' lang='grc' dir='ltr'><em>καὶ</em></span> 
     </span>
    </p>
   </div>
   <div class='ocr_carea' id='block_1_104' title="bbox 2070 4715 3653 4789">
    <p class='ocr_par' dir='ltr' id='par_1_104' title="bbox 2070 4715 3653 4789">
     <span class='ocr_line' id='line_1_104' title="bbox 2070 4715 3653 4789; baseline 0 -21"><span class='ocrx_word' id='word_1_764' title='bbox 2070 4715 2168 4785; x_wconf 75' lang='grc' dir='ltr'><em>τῆς</em></span> <span class='ocrx_word' id='word_1_765' title='bbox 2201 4719 2257 4769; x_wconf 86' lang='grc' dir='ltr'><em>ἐν</em></span> <span class='ocrx_word' id='word_1_766' title='bbox 2285 4717 2475 4787; x_wconf 76' lang='grc' dir='ltr'><em>κόσμῳ</em></span> <span class='ocrx_word' id='word_1_767' title='bbox 2508 4718 2702 4786; x_wconf 70' lang='grc' dir='ltr'><em>σοφίας</em></span> <span class='ocrx_word' id='word_1_768' title='bbox 2734 4719 2970 4788; x_wconf 78' lang='grc' dir='ltr'><em>ἡμμένοι</em></span> <span class='ocrx_word' id='word_1_769' title='bbox 3017 4719 3114 4789; x_wconf 79' lang='grc' dir='ltr'><em>τὴν</em></span> <span class='ocrx_word' id='word_1_770' title='bbox 3156 4718 3332 4783; x_wconf 74' lang='grc' dir='ltr'><em>δόξαν,</em></span> <span class='ocrx_word' id='word_1_771' title='bbox 3363 4719 3411 4770; x_wconf 81' lang='grc' dir='ltr'>οἱ</span> <span class='ocrx_word' id='word_1_772' title='bbox 3452 4718 3564 4771; x_wconf 80' lang='grc' dir='ltr'><em>ἄνω</em></span> <span class='ocrx_word' id='word_1_773' title='bbox 3595 4733 3653 4769; x_wconf 82' lang='grc' dir='ltr'><strong><em>τε</em></strong></span> 
     </span>
    </p>
   </div>
   <div class='ocr_carea' id='block_1_105' title="bbox 2073 4808 3654 4879">
    <p class='ocr_par' dir='ltr' id='par_1_105' title="bbox 2073 4808 3654 4879">
     <span class='ocr_line' id='line_1_105' title="bbox 2073 4808 3654 4879; baseline -0.001 -18"><span class='ocrx_word' id='word_1_774' title='bbox 2073 4808 2168 4861; x_wconf 75' lang='grc' dir='ltr'><em>καὶ</em></span> <span class='ocrx_word' id='word_1_775' title='bbox 2200 4809 2349 4861; x_wconf 84' lang='grc' dir='ltr'><em>κάτω</em></span> <span class='ocrx_word' id='word_1_776' title='bbox 2385 4809 2540 4870; x_wconf 76' lang='grc' dir='ltr'><em>θεοὺς</em></span> <span class='ocrx_word' id='word_1_777' title='bbox 2562 4810 2658 4862; x_wconf 74' lang='grc' dir='ltr'><em>καὶ</em></span> <span class='ocrx_word' id='word_1_778' title='bbox 2692 4809 2820 4873; x_wconf 73' lang='grc' dir='ltr'><em>θεὰς</em></span> <span class='ocrx_word' id='word_1_779' title='bbox 2851 4809 3228 4879; x_wconf 71' lang='grc' dir='ltr'><em>ὀνομάζοντες,</em></span> <span class='ocrx_word' id='word_1_780' title='bbox 3265 4811 3359 4862; x_wconf 70' lang='grc' dir='ltr'><em>καὶ</em></span> <span class='ocrx_word' id='word_1_781' title='bbox 3382 4811 3447 4878; x_wconf 80' lang='grc' dir='ltr'><em>τῇ</em></span> <span class='ocrx_word' id='word_1_782' title='bbox 3480 4808 3654 4861; x_wconf 80' lang='grc' dir='ltr'><em>κτίσει</em></span> 
     </span>
    </p>
   </div>
   <div class='ocr_carea' id='block_1_106' title="bbox 2074 4899 3656 4974">
    <p class='ocr_par' dir='ltr' id='par_1_106' title="bbox 2074 4899 3656 4974">
     <span class='ocr_line' id='line_1_106' title="bbox 2074 4899 3656 4974; baseline -0.001 -23"><span class='ocrx_word' id='word_1_783' title='bbox 2074 4899 2224 4970; x_wconf 75' lang='grc' dir='ltr'><em>παρὰ</em></span> <span class='ocrx_word' id='word_1_784' title='bbox 2275 4899 2362 4953; x_wconf 80' lang='grc' dir='ltr'><em>τὸν</em></span> <span class='ocrx_word' id='word_1_785' title='bbox 2427 4902 2657 4970; x_wconf 74' lang='grc' dir='ltr'><em>ποιητὴν</em></span> <span class='ocrx_word' id='word_1_786' title='bbox 2713 4902 3102 4966; x_wconf 77' lang='grc' dir='ltr'><em>ἀναπείθοντες</em></span> <span class='ocrx_word' id='word_1_787' title='bbox 3149 4903 3511 4974; x_wconf 82' lang='grc' dir='ltr'><em>προσκυνεῖν,</em></span> <span class='ocrx_word' id='word_1_788' title='bbox 3563 4899 3656 4952; x_wconf 77' lang='grc' dir='ltr'><em>καὶ</em></span> 
     </span>
    </p>
   </div>
   <div class='ocr_carea' id='block_1_107' title="bbox 2074 4989 3658 5064">
    <p class='ocr_par' dir='ltr' id='par_1_107' title="bbox 2074 4989 3658 5064">
     <span class='ocr_line' id='line_1_107' title="bbox 2074 4989 3658 5064; baseline -0.001 -22"><span class='ocrx_word' id='word_1_789' title='bbox 2074 4989 2287 5059; x_wconf 78' lang='grc' dir='ltr'><em>ἑκάστῳ</em></span> <span class='ocrx_word' id='word_1_790' title='bbox 2311 4989 2419 5041; x_wconf 84' lang='grc' dir='ltr'><em>τῶν</em></span> <span class='ocrx_word' id='word_1_791' title='bbox 2448 4990 2724 5060; x_wconf 79' lang='grc' dir='ltr'><em>στοιχείων</em></span> <span class='ocrx_word' id='word_1_792' title='bbox 2757 4992 2854 5061; x_wconf 84' lang='grc' dir='ltr'><em>τὴν</em></span> <span class='ocrx_word' id='word_1_793' title='bbox 2883 4992 3002 5063; x_wconf 82' lang='grc' dir='ltr'><strong><em>Θεῴ</em></strong></span> <span class='ocrx_word' id='word_1_794' title='bbox 3035 4993 3349 5064; x_wconf 78' lang='grc' dir='ltr'><em>πρέπουσαν</em></span> <span class='ocrx_word' id='word_1_795' title='bbox 3379 4991 3658 5045; x_wconf 64' lang='grc' dir='ltr'><em>ἀνατιθέν-</em></span> 
     </span>
    </p>
   </div>
   <div class='ocr_carea' id='block_1_108' title="bbox 2075 5077 3659 5152">
    <p class='ocr_par' dir='ltr' id='par_1_108' title="bbox 2075 5077 3659 5152">
     <span class='ocr_line' id='line_1_108' title="bbox 2075 5077 3659 5152; baseline -0.001 -22"><span class='ocrx_word' id='word_1_796' title='bbox 2075 5095 2163 5139; x_wconf 85' lang='grc' dir='ltr'><strong><em>τες</em></strong></span> <span class='ocrx_word' id='word_1_797' title='bbox 2189 5077 2364 5141; x_wconf 76' lang='grc' dir='ltr'><em>δόξαν,</em></span> <span class='ocrx_word' id='word_1_798' title='bbox 2401 5080 2574 5132; x_wconf 83' lang='grc' dir='ltr'><em>καίτοι</em></span> <span class='ocrx_word' id='word_1_799' title='bbox 2601 5081 2980 5151; x_wconf 78' lang='grc' dir='ltr'><em>πεπλανήκασι</em></span> <span class='ocrx_word' id='word_1_800' title='bbox 3012 5084 3110 5151; x_wconf 78' lang='grc' dir='ltr'><em>τὴν</em></span> <span class='ocrx_word' id='word_1_801' title='bbox 3149 5082 3240 5133; x_wconf 80' lang='grc' dir='ltr'><strong><em>ὑπ’</em></strong></span> <span class='ocrx_word' id='word_1_802' title='bbox 3269 5078 3515 5152; x_wconf 79' lang='grc' dir='ltr'><em>οὐρανὸν,</em></span> <span class='ocrx_word' id='word_1_803' title='bbox 3565 5079 3659 5130; x_wconf 70' lang='grc' dir='ltr'><em>καὶ</em></span> 
     </span>
    </p>
   </div>
   <div class='ocr_carea' id='block_1_109' title="bbox 2077 5168 3659 5243">
    <p class='ocr_par' dir='ltr' id='par_1_109' title="bbox 2077 5168 3659 5243">
     <span class='ocr_line' id='line_1_109' title="bbox 2077 5168 3659 5243; baseline 0 -22"><span class='ocrx_word' id='word_1_804' title='bbox 2077 5169 2195 5239; x_wconf 69' lang='grc' dir='ltr'><strong><em>οὐχὶ</em></strong></span> <span class='ocrx_word' id='word_1_805' title='bbox 2238 5169 2302 5238; x_wconf 85' lang='grc' dir='ltr'><em>δὴ</em></span> <span class='ocrx_word' id='word_1_806' title='bbox 2355 5170 2513 5240; x_wconf 81' lang='grc' dir='ltr'><em>μόνον</em></span> <span class='ocrx_word' id='word_1_807' title='bbox 2560 5173 2701 5224; x_wconf 81' lang='grc' dir='ltr'><em>κατά</em></span> <span class='ocrx_word' id='word_1_808' title='bbox 2730 5188 2792 5240; x_wconf 85' lang='grc' dir='ltr'><strong><em>γε</em></strong></span> <span class='ocrx_word' id='word_1_809' title='bbox 2831 5172 2923 5226; x_wconf 78' lang='grc' dir='ltr'><em>τὸν</em></span> <span class='ocrx_word' id='word_1_810' title='bbox 2974 5173 3165 5243; x_wconf 86' lang='grc' dir='ltr'><em>χρόνον</em></span> <span class='ocrx_word' id='word_1_811' title='bbox 3203 5173 3303 5242; x_wconf 82' lang='grc' dir='ltr'><em>τῆς</em></span> <span class='ocrx_word' id='word_1_812' title='bbox 3351 5173 3408 5224; x_wconf 86' lang='grc' dir='ltr'><em>ὲν</em></span> <span class='ocrx_word' id='word_1_813' title='bbox 3445 5168 3659 5240; x_wconf 82' lang='grc' dir='ltr'><em>σώματι</em></span> 
     </span>
    </p>
   </div>
   <div class='ocr_carea' id='block_1_110' title="bbox 2078 5255 3659 5330">
    <p class='ocr_par' dir='ltr' id='par_1_110' title="bbox 2078 5255 3659 5330">
     <span class='ocr_line' id='line_1_110' title="bbox 2078 5255 3659 5330; baseline -0.001 -22"><span class='ocrx_word' id='word_1_814' title='bbox 2078 5255 2258 5325; x_wconf 79' lang='grc' dir='ltr'><em>ζωῆς·</em></span> <span class='ocrx_word' id='word_1_815' title='bbox 2302 5257 2437 5310; x_wconf 80' lang='grc' dir='ltr'><em>ἀλλὰ</em></span> <span class='ocrx_word' id='word_1_816' title='bbox 2485 5259 2578 5311; x_wconf 73' lang='grc' dir='ltr'><em>καὶ</em></span> <span class='ocrx_word' id='word_1_817' title='bbox 2627 5261 2707 5322; x_wconf 85' lang='grc' dir='ltr'><strong><em>είς</em></strong></span> <span class='ocrx_word' id='word_1_818' title='bbox 2739 5261 2964 5330; x_wconf 79' lang='grc' dir='ltr'><em>χρόνους</em></span> <span class='ocrx_word' id='word_1_819' title='bbox 3013 5262 3142 5323; x_wconf 82' lang='grc' dir='ltr'><em>τοὺς</em></span> <span class='ocrx_word' id='word_1_820' title='bbox 3189 5259 3406 5328; x_wconf 79' lang='grc' dir='ltr'><em>ἐφεξῆς.</em></span> <span class='ocrx_word' id='word_1_821' title='bbox 3457 5257 3659 5326; x_wconf 81' lang='grc' dir='ltr'><em>Μύριοι</em></span> 
     </span>
    </p>
   </div>
   <div class='ocr_carea' id='block_1_111' title="bbox 2079 5347 3659 5423">
    <p class='ocr_par' dir='ltr' id='par_1_111' title="bbox 2079 5347 3659 5423">
     <span class='ocr_line' id='line_1_111' title="bbox 2079 5347 3659 5423; baseline -0.001 -23"><span class='ocrx_word' id='word_1_822' title='bbox 2079 5348 2187 5418; x_wconf 84' lang='grc' dir='ltr'><em>γὰρ</em></span> <span class='ocrx_word' id='word_1_823' title='bbox 2229 5349 2341 5401; x_wconf 82' lang='grc' dir='ltr'><em>ὅσοι</em></span> <span class='ocrx_word' id='word_1_824' title='bbox 2385 5350 2524 5403; x_wconf 76' lang='grc' dir='ltr'><em>κατὰ</em></span> <span class='ocrx_word' id='word_1_825' title='bbox 2564 5353 2789 5423; x_wconf 72' lang='grc' dir='ltr'><em>καιροὺς</em></span> <span class='ocrx_word' id='word_1_826' title='bbox 2821 5350 3108 5406; x_wconf 81' lang='grc' dir='ltr'><em>διολώλασι</em></span> <span class='ocrx_word' id='word_1_827' title='bbox 3138 5351 3235 5419; x_wconf 83' lang='grc' dir='ltr'><em>τῆς</em></span> <span class='ocrx_word' id='word_1_828' title='bbox 3274 5348 3498 5401; x_wconf 74' lang='grc' dir='ltr'><em>ἐκείνων</em></span> <span class='ocrx_word' id='word_1_829' title='bbox 3529 5347 3659 5417; x_wconf 79' lang='grc' dir='ltr'><em>ψευ·</em></span> 
     </span>
    </p>
   </div>
   <div class='ocr_carea' id='block_1_112' title="bbox 2080 5438 3654 5512">
    <p class='ocr_par' dir='ltr' id='par_1_112' title="bbox 2080 5438 3654 5512">
     <span class='ocr_line' id='line_1_112' title="bbox 2080 5438 3654 5512; baseline -0.001 -21"><span class='ocrx_word' id='word_1_830' title='bbox 2080 5438 2329 5501; x_wconf 82' lang='grc' dir='ltr'><em>δοεπείας</em></span> <span class='ocrx_word' id='word_1_831' title='bbox 2360 5438 2685 5510; x_wconf 80' lang='grc' dir='ltr'><em>ἡττώμενοι,</em></span> <span class='ocrx_word' id='word_1_832' title='bbox 2722 5445 2814 5495; x_wconf 70' lang='grc' dir='ltr'><em>καὶ</em></span> <span class='ocrx_word' id='word_1_833' title='bbox 2840 5442 3068 5512; x_wconf 67' lang='grc' dir='ltr'><em>ψυχροῖς</em></span> <span class='ocrx_word' id='word_1_834' title='bbox 3102 5440 3192 5494; x_wconf 75' lang='grc' dir='ltr'><em>καὶ</em></span> <span class='ocrx_word' id='word_1_835' title='bbox 3234 5438 3506 5510; x_wconf 67' lang='grc' dir='ltr'><em>γραώδεσι</em></span> <span class='ocrx_word' id='word_1_836' title='bbox 3555 5455 3654 5508; x_wconf 85' lang='grc' dir='ltr'><em>μυ-</em></span> 
     </span>
    </p>
   </div>
   <div class='ocr_carea' id='block_1_113' title="bbox 2084 5527 3662 5602">
    <p class='ocr_par' dir='ltr' id='par_1_113' title="bbox 2084 5527 3662 5602">
     <span class='ocr_line' id='line_1_113' title="bbox 2084 5527 3662 5602; baseline 0.003 -22"><span class='ocrx_word' id='word_1_837' title='bbox 2084 5527 2290 5598; x_wconf 77' lang='grc' dir='ltr'><em>θαρίοις</em></span> <span class='ocrx_word' id='word_1_838' title='bbox 2320 5535 2776 5602; x_wconf 80' lang='grc' dir='ltr'><em>προσεσχηκότες.</em></span> <span class='ocrx_word' id='word_1_839' title='bbox 2820 5532 3145 5602; x_wconf 72' lang='grc' dir='ltr'><em>Ἀνῂρηνται</em></span> <span class='ocrx_word' id='word_1_840' title='bbox 3173 5531 3236 5601; x_wconf 71' lang='grc' dir='ltr'><em>δὴ</em></span> <span class='ocrx_word' id='word_1_841' title='bbox 3270 5527 3364 5584; x_wconf 79' lang='grc' dir='ltr'><strong><em>οὖν</em></strong></span> <span class='ocrx_word' id='word_1_842' title='bbox 3389 5532 3436 5583; x_wconf 91' lang='grc' dir='ltr'><strong><em>οί</em></strong></span> <span class='ocrx_word' id='word_1_843' title='bbox 3468 5527 3662 5584; x_wconf 75' lang='grc' dir='ltr'><em>τοιοίδε</em></span> 
     </span>
    </p>
   </div>
  </div>
