4092 6202
464 312 566 367 15⁸1

1281 312 1835 374 COMMENTARIUS
1874 314 1942 372 ΙΝ
1984 317 2392 379 ZACIIARIAM
2431 322 2878 381 PROPHETAM.

3627 334 3732 390 158

457 415 667 485 λοιπόν.
695 413 913 486 Οἶχεται
947 406 1056 486 γὰρ
1087 416 1185 486 τῆς
1216 415 1441 470 ἐκείνων
1478 421 1805 492 συγγραφῆς
1830 423 1863 493 ἡ
1894 422 2049 495 βεδή-

2154 430 2327 486 nescit
2379 431 2525 487 enim
2581 433 2910 504 scriptorum
2975 433 3189 491 illorum
3240 437 3474 508 vanitas,
3536 440 3734 498 fabulas

461 507 647 574 λωσις,
674 508 1052 580 ἀπρακτοῦσιν
1082 510 1131 590 οἱί
1163 508 1344 579 μῦθοι,
1372 510 1467 565 καὶ
1491 506 1603 566 οἷον
1658 512 1959 570 ἐκπέποται
1986 517 2049 573 τὺ

462 594 603 669 αἷμα
627 598 830 652 αὐτῶν.
857 598 984 662 Τοῖς
1010 597 1118 669 γὰρ
1140 600 1241 667 τῆς
1258 597 1516 669 ἀληθείας
1534 601 1770 671 δόγμασι
1794 603 2046 679 καθάπερ

461 695 573 748 τισὶ
598 690 769 754 λίθοις
813 690 928 748 τοῖς
972 689 1038 741 ἑκ
1080 688 1372 760 σφενδόνης
1405 693 1833 763 καταπαιόμενοι
1876 714 2048 751 κατα-

461 782 777 854 χὼννυνται,
808 777 904 831 καὶ
943 776 1188 846 γέγονεν,
1224 777 1301 841 ὡς
1341 778 1498 851 ἔφην,
1547 780 1743 836 εὐωδία
1772 783 1901 856 Θεῷ
1943 787 2047 857 τῆς

460 873 680 928 ἐκείνων
709 868 1115 938 ἀθυροστομίας
1144 869 1177 939 ἠ
1204 867 1471 936 ἀπώλεια,
1500 890 1519 924 ι
1551 875 1663 927 Καὶ
1688 874 1898 931 σέσωκε
1931 878 2045 932 Κύ-

461 980 572 1029 ριος
601 962 679 1024 ὡς
708 959 959 1030 πρόϐατα
986 959 1077 1013 τὸν
1096 959 1223 1013 λαὸν
1255 960 1441 1015 αὐτοῦ.
1482 982 1500 1015 ι
1546 964 1762 1038 Ἐπειδὴ
1789 967 1897 1041 γάρ
1927 971 2044 1024 ἐστι

456 1053 563 1106 τῶν
587 1052 727 1105 ὅλων
753 1052 915 1115 αὐτὸς
937 1050 1187 1123 ποιητὴς,
1203 1051 1332 1117 λαὸς
1363 1053 1530 1108 αὑτοῦ
1556 1054 1797 1125 λέγοιντο
1824 1059 1891 1114 ἂν
1908 1062 2047 1116 εἰκό-

456 1163 562 1209 τως
587 1145 683 1198 καὶ
720 1147 769 1198 οἱ
802 1144 972 1198 πάλαι
1005 1144 1371 1215 πλανώμενοι,
1393 1146 1486 1213 οὒς
1513 1149 1588 1214 ὡς
1612 1151 1813 1223 ἀγέλην
1836 1154 2044 1226 ἀπελη.

454 1236 696 1308 λαμὲνην
739 1236 843 1291 ὑπὸ
881 1235 1094 1307 λῃστῶν
1132 1239 1372 1292 σέσωκεν
1405 1242 1432 1294 ό
1467 1240 1692 1311 Κύριος,
1734 1245 1862 1308 τοὺς
1905 1246 2040 1316 ψευ-

454 1331 783 1401 δοποίμενας
819 1328 1087 1392 ἐκϐαλὼν,
1121 1330 1217 1384 καὶ
1263 1331 1366 1385 ὑπὸ
1399 1336 1556 1404 χεῖρα
1589 1334 1759 1399 τιθεὶς
1805 1336 1943 1391 ἰδίαν
1982 1339 2043 1394 τὺ

454 1422 793 1495 ἀνθρώπινον
826 1422 1001 1492 γένος.
1038 1423 1193 1476 ’Ἐστι
1222 1422 1330 1495 γὰρ
1365 1425 1526 1489 αὐτὸς
1561 1427 1589 1478 ὁ
1643 1428 1847 1500 ποιμὴν
1881 1432 1910 1483 6
1943 1447 2043 1483 κα-

454 1513 563 1576 λὸς,
595 1513 624 1565 ό
656 1511 827 1576 τιθεὶς
857 1511 955 1583 τὴν
984 1511 1162 1583 ψυχὴν
1202 1512 1364 1566 αὐτοῦ
1397 1515 1538 1586 ὑπὲρ
1584 1517 1692 1570 τῶν
1724 1518 2036 1590 προϐάτων.

525 1600 677 1653 Διότι
710 1601 865 1654 ⁸λίθοι
888 1599 1043 1670 ἅγιοι
1074 1600 1387 1655 κυλιόνται
1417 1603 1514 1656 ἐπὶ
1550 1603 1660 1673 τῆς
1688 1605 1799 1677 γῆς
1825 1606 2034 1663 αὑτοῦ.

457 1692 586 1744 Ὀτι
625 1692 682 1744 εἴ
723 1708 777 1745 τι
810 1691 1034 1760 ἀγαθὸν
1070 1691 1278 1758 αὐτοῦ,
1322 1694 1418 1747 καί
1452 1697 1508 1748 el
1549 1713 1603 1749 τι
1655 1699 1849 1751 καλὸν
1888 1700 2031 1768 παρ’

2154 521 2288 577 nihil
2318 532 2509 593 agimt,
2538 533 2589 580 et
2621 526 2845 595 sanguis
2876 539 3066 581 eorum
3098 528 3499 597 quodammodo
3536 540 3729 602 epotus

2149 621 2254 677 est.
2284 613 2540 670 Veritatis
2560 616 2761 686 quippe
2793 617 3068 687 dogmatis
3095 618 3260 674 veluti
3290 622 3612 691 quibusdam
3650 624 3730 680 la-

2148 704 2361 774 pidibus
2398 721 2429 761 e
2471 706 2633 762 funda
2684 710 2926 778 percussi
2973 711 3305 776 obruuntur,
3356 721 3414 768 et
3468 723 3726 785 tanquam

2147 797 2329 853 suavis
2363 799 2497 853 odor
2526 799 2691 852 Deum
2732 797 2935 854 aillarit
2960 801 3227 856 exstincta
3258 816 3445 856 eorum
3482 803 3726 873 loquaci-

2148 895 2230 942 tas
2260 906 2273 943 :
2301 908 2320 941 ι
2354 887 2417 942 Ει
2439 889 2672 944 salvavit
2697 890 2959 945 Dominus
2988 901 3047 944 nt
3070 906 3198 946 oves
3216 894 3470 962 populum
3495 908 3675 949 suum.
3700 912 3721 947 ο

2146 978 2413 1046 Quoniam
2461 982 2603 1034 enim
2650 982 2762 1051 ipse
2799 991 2885 1037 est
2929 983 3180 1037 conditor
3214 985 3480 1049 omnium,
3527 988 3724 1040 merito

2146 1070 2273 1125 item
2326 1072 2553 1141 populus
2594 1070 2711 1139 ejus
2748 1072 3018 1139 dicentur,
3054 1074 3144 1144 qui
3193 1075 3321 1129 olim
3370 1084 3721 1141 erraverunt;

2144 1176 2280 1233 quos
2307 1171 2365 1217 ut
2395 1178 2612 1233 gregem
2644 1179 2673 1218 a
2705 1162 3008 1220 latronibus
3040 1166 3292 1220 abactum
3332 1167 3578 1222 Christus
3606 1169 3720 1222 sal-

2146 1251 2309 1315 vavit,
2343 1249 2493 1306 falsis
2537 1252 2846 1322 pastoribus
2883 1253 3093 1323 ejectis,
3135 1265 3190 1309 et
3227 1270 3426 1324 genere
3477 1256 3720 1312 humano

2143 1341 2196 1395 in
2225 1341 2446 1396 tutelam
2484 1359 2637 1398 suam
2682 1354 2923 1415 recepto.
2960 1345 3079 1413 Ipse
3106 1347 3250 1400 enim
3284 1356 3366 1402 est
3407 1357 3591 1417 pastor
3622 1351 3721 1404 bo-

2142 1447 2267 1497 nus,
2292 1433 2380 1502 qui
2412 1435 2564 1503 ponit
2600 1436 2840 1492 animam
2868 1452 3020 1492 suam
3051 1454 3150 1509 pro
3175 1440 3366 1496 ovibus
3396 1442 3608 1498 suis’°‘.

2211 1608 2376 1665 Vens.
2406 1609 2592 1679 16,17.
2637 1610 2780 1678 Quia
2814 1612 3013 1683 lapides
3044 1617 3215 1670 sancti
3247 1620 3526 1670 volvuntur
3558 1635 3715 1687 super

2140 1712 2335 1755 terram
2370 1702 2507 1772 ejus.
2544 1703 2681 1769 Quia
2716 1706 2766 1758 si
2812 1706 2940 1774 quid
2989 1707 3177 1759 bonum
3220 1707 3385 1774 illius,
3413 1720 3461 1761 et
3505 1710 3550 1761 si
3581 1710 3709 1778 quid

454 1782 660 1846 αὐτοῦ,
685 1781 854 1850 σῖτος
882 1784 1244 1848 νεανίσκοις,
1277 1784 1375 1838 καὶ
1408 1786 1572 1854 οἶνος
1595 1788 1920 1851 εὺωὸιάζῖον
1946 1794 2035 1858 εὶς

2136 1794 2329 1847 bonum
2372 1794 2434 1847 ab
2465 1812 2546 1858 eo,
2583 1799 2905 1864 [ramentum
2941 1798 3244 1867 juvenibus,
3281 1811 3327 1853 et
3376 1802 3549 1854 viuum
3581 1801 3705 1856 boui

455 1874 813 1942 παρθένους.

522 1960 636 2017 ΞΔἎ
676 1963 872 2029 Λίθους
917 1964 1017 2037 μὲν
1057 1966 1244 2035 ἁγίους
1278 1970 1406 2032 τοὺς
1446 1970 1503 2022 ἐν
1542 1970 1608 2040 τῇ
1651 1957 1723 2040 γῇ
1772 1967 1864 2022 τοῦ
1900 1969 2034 2024 Θεοῦ

455 2054 803 2135 κυλιομένους
836 2057 961 2121 τοὺς
994 2058 1050 2111 ὲν
1090 2061 1212 2122 ταῖς
1256 2059 1602 2130 Ἐκκλησίαις
1637 2059 1776 2113 κατὰ
1808 2063 2035 2131 καιροὺς

454 2144 661 2216 ἀγίους,
687 2147 845 2217 οἷπερ
876 2147 939 2200 ἀν
967 2148 1205 2216 γένοιντο
1229 2151 1584 2221 μυσταγωγοὶ
1613 2152 1706 2204 καὶ
1726 2151 2035 2205 διδάσκαλοι

455 2238 873 2308 κατωνομασθαι
903 2239 1101 2309 φαμέν.
1132 2241 1451 2312 Σύμμορφοι
1481 2242 1591 2315 γὰρ
1624 2243 1879 2311 γεγόνασι
1907 2262 1924 2293 ι
1956 2242 2034 2313 τῷ

454 2326 581 2400 λίθῳ
608 2329 684 2399 τῷ
712 2329 977 2402 ὲκλεκτῷ,
1007 2331 1098 2399 καὶ
1124 2332 1525 2404 ἁκρογωνιαίῳ,
1570 2334 1663 2396 καὶ
1695 2334 1918 2404 ἐντίμῳ,
1960 2333 2036 2403 τῷ

456 2423 753 2495 τεθειμένῳ
784 2427 935 2496 παρὰ
958 2427 1054 2479 τοῦ
1086 2426 1220 2479 Θεοῦ
1249 2427 1343 2481 καὶ
1368 2428 1579 2499 [Ἰατρὸς
1609 2430 1688 2492 εἰς
1711 2430 1781 2481 τὰ
1811 2427 2036 2499 θεμέλια

455 2515 612 2571 Σιών.
645 2535 663 2568 ι
697 2518 760 2570 Εἰ
783 2517 838 2570 δὲ
863 2517 1007 2582 λίθος
1039 2520 1067 2571 ό
1092 2518 1360 2588 θεμέλιος,
1393 2520 1443 2572 οἱ
1470 2520 2033 2591 συναρμολογούμενοί

453 2625 513 2662 τε
554 2609 647 2662 καὶ
680 2608 1162 2681 συμϐιόαζόμενοι,
1202 2611 1298 2665 καὶ
1348 2613 1427 2675 εἰς
1464 2611 1592 2665 ναὸν
1622 2611 1776 2680 ἆγιον
1814 2613 2035 2666 ἀνιστά-

459 2718 610 2771 μενοι
640 2701 717 2773 τῷ
746 2702 885 2773 Θεῷ,
915 2702 1051 2756 λίθοι
1079 2704 1173 2756 καὶ
1202 2703 1354 2757 αὐτοὶ
1388 2702 1628 2767 πιθανῶς
1656 2703 2031 2775 ὀνομάζονται.

458 2789 755 2844 Κυλίεσθαί
781 2808 846 2861 γε
878 2775 983 2864 μὴν
1007 2793 1202 2855 αὐτοὺς
1226 2788 1285 2846 εὖ
1313 2793 1458 2863 μάλα
1483 2795 1636 2863 φησι,
1665 2792 1728 2859 τὸ
1765 2793 1901 2864 πρὸς
1927 2794 2034 2847 πᾶν

454 2881 631 2961 ὁτιοῦιν
651 2884 759 2937 τῶν
798 2884 969 2953 ἀγίων
997 2884 1159 2937 οἱονεί
1187 2901 1303 2948 πως
1331 2884 1651 2958 εὔστροφον,
1691 2887 1784 2940 καὶ
1810 2886 2031 2955 γοργὸν,

451 2975 540 3031 διὰ
567 2976 759 3031 τούτου
800 2976 1100 3048 σημαίνων.
1129 2979 1194 3032 Oi
1227 2978 1336 3049 γάρ
1368 2995 1447 3032 τοι
1490 2982 1827 3050 περιφερεῖς,
1865 2962 2033 3049 ἦγουν

452 3069 812 3139 σφαιροειδεῖς
832 3068 941 3122 τῶν
971 3068 1153 3135 λίθων,
1177 3068 1336 3124 ὄκνου
1368 3070 1565 3134 παντός
1590 3071 1725 3123 εἰσιν
1752 3071 2029 3141 ἀμείνους,

451 3159 675 3214 καὶτῶν
708 3160 884 3217 ἄλλων
922 3163 1005 3225 είς
1030 3162 1243 3233 κίνησιν
1271 3163 1627 3234 ὲτοιμότεροι,
1662 3163 1716 3215 εἴ
1742 3181 1825 3226 τις
1860 3163 2031 3216 ἕλοιτο

452 3252 623 3306 κινεῖν
643 3268 656 3280 ·
691 3252 972 3321 εὐάγωγος
999 3252 1056 3305 δὲ
1091 3252 1210 3308 λίαν
1247 3255 1327 3317 είς
1363 3253 1425 3307 τὸ
1451 3254 1529 3324 τῷ
1562 3254 1680 3323 Θεῷ
1707 3253 1897 3308 δοκοῦν
1921 3253 2030 3307 τῶν

453 3344 623 3413 ἁγίων
668 3347 698 3399 ό
744 3344 889 3408 νοῦς.
917 3344 1103 3410 οὕτως
1145 3341 1239 3400 οὖν
1274 3347 1405 3417 ἡμῖν
1439 3347 1669 3416 ἐχόντων
1708 3346 1816 3399 τῶν
1843 3345 2027 3410 λίθων,

451 3434 651 3506 πρέποι
688 3435 755 3490 ἀν
799 3436 948 3507 ἡμᾶς
992 3436 1296 3489 διακεῖσθαι
1332 3436 1429 3490 καὶ
1466 3436 1771 3507 ἀραρότως.
1817 3437 1955 3495 Ὅτι,
1978 3435 2032 3489 εί

449 3543 504 3579 τι
519 3525 743 3595 ἀγαθὸν,
762 3526 950 3593 αὐτοῦ,
980 3528 1074 3580 καὶ
1100 3526 1154 3579 εἴ
1186 3544 1240 3580 τι
1289 3527 1474 3590 καλὸν,
1509 3527 1638 3598 παρ’
1662 3527 1850 3590 αὐτοῦ,
1872 3528 2028 3597 δῆλον

450 3617 507 3673 δὲ
533 3614 731 3673 ὅτίτοῦ
759 3620 934 3674 πάντα
964 3620 1094 3690 ἡμῖν
1120 3619 1188 3673 τὰ
1216 3620 1354 3690 πρὸς
1379 3619 1663 3673 εὐσέϐειαν
1683 3620 2031 3690 διανέμοντος

448 3708 605 3771 Θεοῦ.
655 3712 790 3766 Ποῖα
818 3712 878 3766 δὲ
914 3712 1089 3781 ταῦτα
1128 3713 1245 3769 ἐστί
1267 3729 1282 3777 ;
1323 3732 1341 3764 ι
1379 3712 1532 3774 Σῖτος
1576 3711 1899 3775 νεανίσκοις,
1940 3712 2031 3765 καὶ

446 3799 592 3868 οἶνος
625 3804 932 3871 εὒωδιάζων
958 3807 1039 3870 εἰς
1074 3806 1402 3877 παρθένους.
1433 3824 1453 3857 ι
1491 3805 1615 3866 Τοῖς
1654 3804 1755 3874 μὲν
1789 3802 1899 3874 γὰρ
1937 3804 2031 3857 ἀν·

446 3895 806 3967 δριζομένοις,
843 3897 936 3951 καὶ
972 3898 1206 3967 νεανικῷ
1250 3899 1560 3970 φρονήματι
1604 3895 1741 3966 πρὸς
1787 3896 1848 3949 τὸ
1878 3895 2029 3967 αὐτῷ

446 3986 639 4041 δοκοῦν
664 3990 1074 4052 ἀπονενευκόσι.
1102 3990 1197 4043 καὶ
1227 3988 1471 4060 πληροῦν
1495 3987 1772 4058 ἑλομένοις
1804 3985 1865 4040 τὸ
1892 3987 2031 4056 ἀγα-

448 4078 561 4144 θὸν,
594 4078 882 4149 δοθήσεται
921 4079 1238 4152 παράὑτοῦ
1270 4081 1363 4135 καὶ
1399 4079 1479 4132 ετι
1513 4078 1714 4149 μείζων
1756 4079 1930 4149 ἰσχὺς.
1954 4077 2030 4144 ὼς

448 4172 508 4223 ὲν
555 4169 689 4240 σίτῳ
730 4170 995 4242 νοουμένη
1020 4186 1032 4199 ·
1070 4189 1089 4222 ‹
1138 4168 1393 4241 Στηρίζει
1441 4169 1550 4240 γὰρ
1591 4168 1755 4240 ἄρτος
1798 4168 2030 4239 καρδίαν

447 4257 762 4330 ἀνθρώπου.
811 4278 831 4311 ι
878 4260 1002 4322 Τοῖς
1053 4275 1117 4326 γε
1164 4258 1271 4329 μὴν
1318 4259 1421 4329 ήδη
1464 4257 1886 4328 διηγνισμένοις,
1938 4255 2031 4310 καὶ

444 4350 747 4420 ἀμόλυντον
793 4350 976 4422 ἔχουσι
1033 4351 1125 4405 τὸν
1183 4350 1307 4404 νοῦν
1326 4389 1340 4414 ,
1405 4350 1455 4403 οἳ
1500 4352 1593 4405 καὶ
1640 4353 1866 4420 σεμναῖς
1937 4348 2030 4403 καὶ

444 4441 631 4509 ἁγίαις
678 4438 968 4511 παρθένοις
1009 4442 1429 4515 παρεικάζοιντο
1477 4442 1543 4495 ἂν
1591 4441 1841 4504 εἰκότως,
1886 4435 2029 4504 οἶνος
2062 4474 2106 4531 D

444 4532 730 4605 δοθήσεται
776 4535 985 4606 νοητὸς,
1023 4537 1057 4607 ἡ
1106 4537 1234 4608 περὶ
1281 4534 1417 4589 Θεοῦ
1456 4534 1700 4606 δηλονότι
1749 4533 1927 4604 σαφής
1967 4549 2026 4585 τε

446 4620 543 4677 καὶ
581 4623 964 4695 ἁκιόδήλευτος
998 4626 1220 4695 γνῶσις,
1256 4646 1276 4680 ι
1308 4630 1340 4698 ἡ
1382 4625 1853 4698 κατευφραίνουσα
1888 4641 2025 4696 καρ-

445 4714 565 4769 δίαν
596 4716 907 4788 ἀνθρὼπου.
950 4736 970 4770 ι
997 4718 1205 4774 Οὐκοῦν
1230 4719 1501 4773 νεανίσκοι
1534 4736 1593 4772 τε
1622 4718 1717 4771 καὶ
1744 4716 2024 4789 παρθένοι,

444 4805 498 4858 oi
526 4807 670 4861 κατά
697 4824 759 4877 γε
776 4810 903 4872 τοὺς
925 4808 1128 4880 ἀρτίως
1154 4811 1285 4880 ἡμῖν
1317 4808 1677 4872 ἀποδοθέντας
1702 4807 1915 4876 λόγους,
1946 4808 2025 4869 είς

441 4898 662 4967 εῦρεῖάν
682 4915 741 4952 τε
764 4898 861 4957 καὶ
884 4899 1175 4971 ἀμφιλαφῆ
1199 4899 1420 4971 μέθεξιν
1441 4900 1550 4955 τῶν
1580 4901 1786 4955 ἀνωθεν
1809 4897 2033 4967 ἀγαθῶν

444 4990 803 5061 κεκλήσονταί
847 5009 910 5046 τε
959 4993 1208 5059 εἰκότως,
1248 4994 1343 5047 καὶ
1382 4993 1704 5048 ἀκούσονται
1753 4990 1890 5046 Θεοῦ
1942 4991 2030 5045 λέ-

442 5100 671 5153 γοντοςσ
706 5102 731 5129 ι
765 5084 995 5149 Φάγετε,
1026 5086 1118 5140 καὶ
1152 5087 1326 5150 ariete,
1354 5087 1450 5139 καὶ
1482 5085 1790 5156 μεθύσθητε
1815 5086 1864 5138 oi
1891 5084 2031 5155 πλη-

444 5175 582 5230 σίον.
622 5195 643 5228 ι
676 5177 910 5247 Πλησίον
928 5178 1038 5249 γάρ
1067 5178 1117 5231 οἱ
1143 5178 1337 5232 τοιοίδε
1373 5177 1546 5231 Θεοῦ’
1590 5178 1683 5232 καὶ
1726 5171 1788 5232 οῦ
1813 5177 2029 5247 σχέσεσι

442 5270 696 5332 τοπικαῖς
719 5284 735 5298 ·
764 5268 931 5339 ληρία
956 5271 1065 5343 γὰρ
1099 5269 1261 5323 τοῦτο
1287 5272 1449 5332 νοεῖν,
1473 5270 1505 5340 ἢ
1539 5271 1835 5340 φρονῆσαι*
1863 5285 2038 5340 παρα-

443 5358 685 5425 στήματι
727 5357 784 5411 δὲ
818 5358 1056 5423 διανοίας
1104 5359 1185 5429 τῷ
1229 5359 1350 5414 λίαν
1397 5361 1784 5430 ἀλκιμωτάτῳ,
1828 5360 1924 5414 καὶ
1961 5361 2026 5431 τῇ

446 5445 586 5515 πρὸς
624 5449 734 5502 πᾶν
779 5448 956 5503 ὁτιοῦν
995 5449 1105 5503 τῶν
1150 5450 1391 5520 ἀρίστων
1436 5449 1643 5519 ἐφέσει,
1694 5451 1790 5505 καὶ
1840 5451 2030 5522 ἀγάπη

444 5538 515 5607 τῇ
544 5537 624 5601 εἰς
663 5538 849 5593 αὐτόν.
875 5540 1086 5613 ’Ὠσπερ
1132 5540 1243 5609 γὰρ
1271 5540 1547 5612 ἐξίστησιν
1587 5543 1752 5614 ἡμᾶς,
1789 5542 1883 5596 καὶ
1918 5537 2030 5596 οἷον

2139 1883 2314 1937 odoris
2353 1886 2422 1938 ad
2452 1886 2692 1954 virgines.

2214 1976 2397 2033 LXIV.
2442 1977 2672 2048 Lapides
2703 1988 2919 2034 sanctos
2941 1980 3035 2050 qui
3073 1980 3125 2033 in
3163 1989 3302 2035 terra
3335 1980 3452 2052 ejus
3483 1982 3712 2038 volvun-

2142 2077 2266 2134 tur,
2325 2070 2629 2140 quihusque
2678 2073 3008 2141 temporibus
3059 2072 3422 2127 Ecelesiarum
3468 2087 3709 2140 Sanczos,

2137 2162 2230 2231 qui
2284 2172 2724 2233 mystagogorum
2803 2163 3310 2233 magistrorumque’
3332 2164 3511 2219 olIicio
3561 2168 3710 2239 fungi

2139 2253 2365 2322 possint,
2421 2255 2728 2306 nominatos
2778 2244 3333 2314 esse,'aﬂirtnamtts.
3389 2256 3712 2314 Coufortnes

2137 2344 2281 2400 enim
2329 2353 2457 2399 sunt
2504 2362 2522 2395 ι
2568 2344 2728 2414 lapidi
2762 2345 2957 2411 electo,
3006 2355 3060 2401 et
3105 2363 3318 2404 summo
3352 2349 3623 2419 angulari,
3659 2358 3715 2403 et

2136 2436 2399 2506 pretioso,
2458 2437 2637 2506 posito
2687 2452 2717 2490 a
2773 2435 2885 2491 Deo
2947 2449 3002 2493 et
3050 2438 3210 2495 Patre
3264 2440 3315 2493 in
3362 2439 3711 2494 iuinlatnenta

2139 2526 2268 2579 Sion
2294 2526 2361 2580 ¹¹.
2406 2544 2426 2578 ι
2465 2526 2617 2593 Quod
2649 2527 2692 2581 si
2724 2526 3138 2582 fundamentum
3181 2527 3338 2596 lapis,
3362 2530 3623 2598 coaptati,
3655 2539 3712 2583 et

2135 2615 2593 2679 coagmentati,et
2621 2615 2673 2668 in
2700 2616 2955 2684 templum
2986 2624 3234 2669 sanetum
3265 2616 3498 2671 Domino
3513 2619 3716 2683 erecti,

2136 2706 2297 2759 etiam
2344 2705 2444 2773 ipsi
2489 2721 2593 2759 non
2640 2706 2823 2775 inepte
2889 2707 3096 2775 lapides
3143 2708 3513 2761 nominantur.
3557 2707 3709 2762 Volri

2135 2806 2312 2851 autem
2343 2797 2464 2853 illos
2508 2798 2912 2868 appositissime
2944 2798 3100 2864 dicit,
3134 2807 3194 2855 ut
3238 2799 3302 2852 ad
3345 2799 3560 2868 quidvis
3585 2815 3712 2854 san-

2135 2900 2345 2943 ctorum
2374 2888 2670 2960 agilitatem
2720 2891 3163 2960 celeritatemque
3192 2890 3453 2946 declaret.
3477 2890 3712 2959 Lapides

2135 2984 2280 3038 enim
2304 2982 2663 3048 orbiculares,
2716 2997 2811 3037 seu
2847 2984 3083 3046 rotundi,
3121 2983 3262 3037 citra
3295 2982 3456 3036 ullam
3488 2982 3713 3037 dillicnl-

2140 3084 2304 3129 latent
2354 3073 2700 3128 illOlllllSSllill
2744 3082 2892 3137 sunt,
2938 3074 2981 3128 si
3018 3073 3141 3142 quis
3176 3089 3272 3129 eos
3315 3073 3589 3141 impellere
3620 3089 3714 3129 vo-

2058 3142 2099 3198 c
2138 3167 2335 3224 luerit:
2373 3167 2454 3221 sic
2481 3167 2697 3221 animus
2727 3178 3036 3220 sanctorum
3082 3167 3147 3220 ad
3200 3167 3380 3221 omnia
3411 3167 3523 3219 Deo
3562 3175 3713 3236 grata

2132 3257 2380 3312 obeunda
2412 3265 2496 3311 est
2538 3256 2839 3311 versatilis.
2877 3255 3146 3322 Quoniam
3195 3255 3358 3325 igitur
3400 3255 3608 3324 lapides
3638 3256 3731 3309 ita

2133 3363 2192 3403 se
2236 3349 2457 3414 habent,
2506 3347 2664 3402 docet
2717 3361 2817 3401 nos
2861 3356 3222 3416 congruenter
3252 3338 3522 3401 animatos
3568 3361 3710 3403 esse.

2136 3442 2269 3508 Quia
2314 3442 2359 3495 si
2393 3441 2521 3511 quid
2547 3444 2744 3494 bonum
2779 3438 2896 3506 ejus
2924 3449 3026 3502 est,
3056 3448 3111 3493 et
3155 3438 3202 3493 si
3246 3440 3373 3506 quid
3407 3441 3710 3520 honestum,

2134 3533 2200 3584 nl)
2225 3532 2340 3599 ipso
2369 3538 2472 3594 est,
2520 3544 2714 3599 nempe
2744 3530 2914 3601 abeo
2946 3529 3125 3582 omnia
3162 3529 3316 3581 nohis
3359 3529 3423 3582 ad
3459 3530 3709 3597 pietatem

2134 3620 2418 3690 largiente.
2450 3620 2597 3685 Quit}.
2621 3626 2748 3672 sunt
2791 3628 2972 3671 autem
3000 3617 3147 3671 ista?
3182 3635 3202 3670 ι
3241 3617 3593 3671 Frumentum
3616 3618 3710 3687 jn-

2132 3712 2383 3774 veuibus,
2431 3707 2599 3781 744
2640 3718 2698 3763 et
2736 3709 2922 3762 viuum
2973 3708 3258 3762 odoratum
3290 3707 3357 3761 ad
3395 3709 3652 3775 virgines.
3684 3725 3705 3760 ι

2136 3802 2294 3859 Viros
2331 3802 2479 3857 enim
2507 3816 2567 3855 se
2601 3800 2988 3870 praebentibus,
3024 3809 3080 3853 et
3110 3800 3356 3853 animose
3382 3796 3504 3869 ejus
3549 3799 3712 3853 bene-

2133 3893 2390 3963 placitura
2420 3890 2768 3953 curantibus,
2803 3900 2860 3944 et
2886 3889 3076 3944 virtuti
3108 3891 3316 3945 servire
3339 3890 3710 3959 cupientibus.

2131 3985 2352 4040 dabitur
2389 3984 2459 4039 ab
2508 3998 2576 4039 eo
2629 3983 2807 4049 majus
2860 3982 3038 4037 adhuc
3088 3981 3275 4046 robur,
3321 3978 3461 4051 quod
3511 3983 3564 4036 in
3600 3980 3713 4036 {ru-

2135 4088 2321 4132 mento
2370 4074 2734 4145 intelligitur:
2775 4092 2796 4125 (
2836 4073 3000 4129 Panis
3026 4073 3295 4143 siquidem
3339 4088 3438 4129 eor
3476 4074 3712 4127 hominis

2144 4167 2435 4223 conﬁrmat
2473 4166 2541 4220 “.
2582 4183 2600 4217 ι
2631 4162 2884 4234 Purgatis
2916 4179 3065 4230 vero,
3115 4174 3169 4219 et
3205 4165 3440 4217 animum
3485 4165 3715 4234 gerenti-

2137 4262 2238 4312 bus
2287 4256 2798 4318 incontaminatum,
2834 4257 2938 4324 qui
2964 4265 3019 4311 et
3045 4254 3443 4309 venerabilibus
3493 4264 3550 4309 et
3594 4268 3715 4309 san-

2133 4349 2238 4405 ctis
2266 4348 2568 4417 virginibus
2595 4347 2903 4416 comparari
2939 4347 3062 4414 jure
3092 4357 3311 4415 queant,
3337 4347 3519 4401 vinum
3555 4346 3713 4401 dabi-

2135 4451 2243 4509 tur,
2279 4439 2425 4511 qnod
2449 4438 2819 4508 intelligentiae
2854 4446 3021 4506 patet,
3059 4439 3152 4493 Dei
3187 4440 3443 4493 nimirum
3474 4437 3632 4505 plena
3656 4445 3713 4491 et
3816 4496 3829 4505 κ

2135 4547 2390 4604 germana
2408 4531 2665 4601 cognitio,
2690 4548 2708 4581 ι
2737 4529 3019 4584 Ιαιιὶιὶεοιιε
3042 4544 3139 4585 cor
3158 4529 3391 4584 hominis
3410 4529 3474 4582 “.
3512 4546 3533 4580 ι
3562 4527 3709 4594 Quo-

2131 4625 2278 4680 circa
2309 4623 2679 4679 adolescentes
2710 4631 2766 4677 et
2792 4620 3054 4690 virgines,
3078 4619 3231 4688 juxta
3267 4621 3506 4674 rationes
3540 4619 3711 4673 modo

2133 4732 2164 4771 a
2197 4715 2353 4771 nobis
2374 4714 2697 4785 explicatas,
2729 4715 2797 4768 ad
2826 4713 3061 4781 amplam
3122 4721 3181 4769 et
3213 4713 3490 4784 copiosam
3540 4712 3711 4767 hono-

2133 4823 2252 4864 rum
2272 4822 2629 4879 supernorum
2655 4808 3096 4863 eommunionem
3119 4807 3313 4875 merito
3346 4806 3706 4870 vocabuntur,
3780 4856 3783 4863 .

2131 4902 2460 4971 audientque
2489 4900 2656 4956 Deum
2680 4898 2951 4957 dicentem
2988 4918 3001 4955 :
3039 4919 3057 4952 ι
3096 4899 3402 4964 Comedite,
3426 4909 3483 4954 et
3516 4899 3706 4962 bibite,

2129 5004 2183 5046 et
2205 4990 2570 5056 inebriamiui,
2594 4991 2884 5060 propinqui
2913 4989 2981 5046 “.
3014 5008 3034 5042 ι
3060 4988 3125 5044 Hi
3155 4989 3300 5045 enim
3330 4999 3459 5045 sunt
3488 4988 3710 5056 prapin-

2127 5086 2219 5155 qui
2272 5084 2404 5139 Dei:
2444 5099 2548 5138 non
2599 5084 2887 5139 aliectione
2943 5083 3246 5140 secundqu
3291 5081 3511 5137 locum:
3563 5076 3707 5146 quod

2129 5180 2247 5233 sine
2282 5178 2484 5245 ineptia
2518 5175 2745 5246 intelligi
2794 5184 2888 5229 aut
2936 5175 3166 5244 cogitari
3213 5188 3320 5229 non
3363 5178 3576 5240 potest;
3609 5169 3705 5223 sed

2130 5267 2297 5323 animi
2320 5267 2610 5336 praesentia
2636 5266 2796 5336 longe
2825 5264 3226 5328 robustissima,
3257 5271 3312 5317 et
3337 5259 3609 5315 desiderio
3636 5259 3704 5312 ad

2130 5360 2346 5429 quidvis
2367 5360 2656 5428 optimum,
2677 5367 2734 5412 et
2756 5357 3024 5414 charitate
3054 5371 3180 5424 erga
3214 5353 3388 5408 illum.
3423 5351 3708 5420 Quomodo

2129 5450 2275 5506 enim
2304 5449 2556 5505 detuth
2610 5463 2730 5513 nos,
2779 5456 2834 5502 et
2871 5446 3029 5515 quasi
3067 5444 3282 5513 longius
3334 5443 3556 5500 abducit
3602 5443 3709 5497 im-

2132 5543 2420 5612 probitas:
2469 5542 2551 5598 sic
2601 5541 2770 5596 virtus
2814 5554 2913 5594 nos
2966 5537 3075 5592 Deo
3126 5538 3291 5607 sistit,
3335 5537 3389 5594 id
3430 5535 3574 5609 quod
3610 5550 3708 5594 nos

536 5708 778 5767 l"‘Joan.
810 5730 860 5772 κ.
899 5713 982 5777 Η.
1020 5717 1102 5771 lii.
1182 5710 1326 5772 "(5.:
1374 5733 1562 5795 x'xvm,
1609 5717 1687 5772 l6.
1748 5716 1958 5773 "Psal.
1996 5732 2046 5773 Cl

2150 5716 2232 5773 15.
2310 5718 2353 5750 ’³
2386 5717 2549 5774 Eccli.
2588 5734 2676 5784 χι,
2709 5716 2799 5773 ‘20.
2876 5716 2920 5750 “
2946 5716 3101 5773 Cant.
3141 5716 3195 5783 5,
3227 5715 3275 5773 ι.
