4092 6202
419 372 520 427 159
1445 369 1500 424 S.
1544 368 1820 426 CYRlLLl
1859 369 2003 426 ALEI

2104 364 2325 420 NDRlNl
2363 363 2678 419 ARCHIEP.
3566 367 3666 421 ἰθυ

417 459 692 551 disiungit,
713 493 766 538 et
794 485 1102 555 intercedit,
1136 494 1435 558 peccatum,
1478 488 1717 554 inquam.
1746 503 1775 542 e
1805 487 1985 540 medio

2104 483 2352 552 ἰποφέρει
2384 479 2599 550 μακρὰν
2632 482 2664 549 ἡ
2691 478 2961 548 φαυλότης
2989 495 2998 507 ³
3023 480 3166 532 οὕτω
3192 477 3309 548 Θεῷ
3341 477 3666 549 παρίστησιν

420 588 724 628 removens.
2095 577 2130 645 ἡ
2167 573 2355 644 ἀρετὴ,
2384 573 2444 624 τὸ
2484 571 2700 624 διιστῶν
2753 573 2922 641 ἡμᾶς,
2960 573 3054 624 καὶ
3097 570 3427 641 μεσολαϐοῦν
3461 572 3524 623 ἐκ
3571 570 3666 639 μέο

2095 681 2188 717 σου
2235 663 2483 732 γενέσθαι
2524 657 3037 732 παρασκευάζουσα,
3074 661 3216 730 φημὶ
3248 660 3312 731 δὴ
3351 661 3448 729 τὴν
3487 660 3666 729 ἁμαρο

2091 772 2232 809 τιαν.

1077 878 1224 934 CAP.
1268 879 1334 933 Χ.

2710 880 2960 932 ΚΕΦΑΛ.
3015 881 3071 932 l'.

492 1009 656 1063 Vens.
693 1011 711 1064 ι
770 1008 938 1063 Petita
978 1027 1011 1065 a
1052 1010 1275 1067 Domino
1302 1012 1534 1082 pluviam
1565 1030 1622 1069 in
1657 1014 1838 1081 horas,
1873 1031 1988 1070 ma-

425 1103 673 1164 tutinam,
703 1110 748 1154 et
780 1102 1091 1155 serotinum.

495 1187 653 1243 LXV.
687 1190 1147 1254 Quemadmodum
1181 1193 1327 1248 enim
1364 1208 1540 1264 neque
1573 1193 1902 1250 frumentum
1936 1196 1988 1250 in

425 1281 572 1348 agris
615 1281 752 1334 citra
800 1281 1038 1335 laborem
1072 1285 1404 1351 provenerit,
1445 1300 1619 1355 neque
1658 1287 1816 1342 vinea
1850 1288 1991 1340 mul-

425 1378 537 1422 tum
600 1383 662 1422 ac
705 1369 900 1423 bonum
949 1372 1127 1426 vinum
1170 1375 1452 1442 protulerit
1487 1393 1500 1430 :
1551 1377 1622 1430 ita
1656 1387 1710 1431 et
1759 1377 1810 1430 in
1840 1379 1994 1433 nobis

2104 1373 2230 1426 tt'oV'
2262 1372 2402 1426 οὕτω
2431 1374 2522 1426 καὶ
2550 1374 2606 1425 ἐν
2638 1374 2768 1442 ἡμῖν
2799 1373 2898 1425 οὐκ
2939 1373 3004 1426 ἂν
3045 1372 3254 1440 γένοιτό
3285 1390 3367 1435 τις
3394 1372 3667 1441 εύκαρπία

425 1459 569 1512 nulla
594 1461 855 1515 exsistere
880 1461 1078 1529 poterit
1109 1462 1362 1518 fertilitas
1380 1465 1700 1534 spiritualis,
1737 1469 1837 1522 nisi
1855 1468 1994 1524 Deus

2104 1464 2455 1534 πνευματικὴ,
2489 1463 2561 1534 μὴ
2575 1464 2694 1533 οὐχὶ
2730 1462 2865 1516 Θεοῦ
2885 1464 3164 1527 καθιέντος
3191 1462 3344 1515 ὑετοῦ
3387 1463 3540 1532 δίκην
3585 1464 3666 1525 εἰς

427 1552 603 1606 instar
634 1554 826 1622 pluvia:
870 1555 1207 1624 eloquiorum
1257 1573 1478 1614 suorum
1527 1560 1909 1616 revelationem
1941 1563 1992 1615 in

2104 1555 2238 1619 νοῦν,
2259 1555 2352 1609 καὶ
2371 1555 2593 1626 καρδίαν
2609 1555 2716 1607 τῶν
2745 1553 2936 1607 ἑαυτοῦ
2970 1553 3165 1621 λογίων
3189 1555 3286 1625 τὴν
3305 1553 3666 1621 ἀποκάλυψιν,

427 1644 633 1698 animos
692 1655 746 1699 et
817 1647 976 1700 corda
1031 1658 1212 1702 nostra
1285 1649 1584 1716 demiserit,
1641 1653 1995 1720 notitiamque

2104 1645 2188 1696 καὶ
2235 1643 2434 1711 γνῶσιν
2467 1645 2598 1713 ἡμῖν
2624 1643 2893 1714 οἰονείπερ
2927 1644 3274 1708 ἐνστάζοντος
3306 1643 3398 1696 τοῦ
3433 1660 3492 1696 τε
3545 1643 3671 1714 Ἀρ-

426 1736 581 1789 nobis
637 1736 842 1791 Veteris
877 1752 940 1791 ac
973 1737 1107 1793 Novi
1143 1740 1498 1807 Testamenti,
1545 1743 1646 1797 hoc
1695 1754 1778 1797 est
1808 1745 1995 1812 legalis

2104 1734 2249 1803 καίου
2283 1734 2378 1788 καὶ
2395 1734 2533 1786 Νέου
2560 1735 2599 1785 Γ
2603 1734 2909 1805 ράμματος,
2925 1734 3171 1786 τουτέστι
3214 1734 3311 1787 τοῦ
3330 1733 3555 1804 νομικοῦ
3579 1735 3672 1788 καὶ

426 1833 481 1878 et
521 1826 839 1894 evangelici,
869 1830 1022 1895 quasi
1051 1829 1429 1884 instillaverit:
1475 1832 1558 1885 hie
1601 1849 1834 1903 namque
1881 1851 1995 1888 ma-

2104 1820 2187 1873 τοῦ
2205 1819 2554 1887 εὖαγγελικοῦ
2577 1837 2590 1849 ·
2631 1821 2775 1873 ὑετοὶ
2797 1820 2901 1890 γὰρ
2928 1821 2977 1874 οἱ
2996 1820 3186 1873 τοιοίδε
3218 1819 3464 1892 πρώῖμός
3489 1840 3545 1875 τε
3577 1823 3670 1876 καὶ

2161 1014 2432 1068 Αίτεῗσθε
2459 1012 2618 1080 παρὰ
2647 1012 2863 1080 Κυρίου
2901 1011 3080 1066 ὑετὸν
3121 1013 3250 1066 καθ’
3276 1010 3455 1079 ὥραν,
3493 1011 3667 1079 πρώτ-

2087 1122 2226 1174 μον,
2266 1105 2363 1157 καὶ
2404 1104 2642 1172 ὄψιμον.
3241 1163 3250 1176 Ι

2163 1193 2281 1248 EE’.
2324 1195 2535 1264 ’Ὠσπερ
2584 1194 2690 1264 γὰρ
2718 1191 2841 1245 οῦτε
2870 1194 3016 1254 σῖτος
3060 1194 3119 1245 ὲν
3151 1193 3339 1262 ἀγροῖς
3375 1192 3570 1261 γένοιτ’
3599 1193 3664 1246 ἂν

2095 1285 2257 1338 πόνου
2286 1285 2426 1354 δίχα,
2466 1283 2576 1336 οὔτ’
2615 1283 2680 1338 ἂν
2709 1283 2967 1355 εῦϐοτρύς
3017 1303 3074 1338 τε
3108 1286 3198 1338 καί
3243 1283 3449 1346 εῦοινος
3484 1287 3663 1354 ἀμπε-

429 1913 600 1967 tutina
653 1925 706 1969 et
741 1919 976 1970 serotina
1019 1918 1212 1985 pluviae
1244 1919 1462 1974 fuerint.
1501 1921 1614 1977 Non
1648 1939 1767 1979 esse
1818 1934 1996 1980 autem

426 2000 818 2058 infructuosam
849 2007 1212 2075 cognitionem
1271 2021 1326 2064 et
1353 2014 1861 2068 commentationem
1888 2015 1999 2083 spi-

426 2091 679 2147 ritualetn
724 2093 874 2174 legis,
917 2097 1044 2164 quin
1075 2112 1191 2152 eam
1231 2100 1447 2154 erudire
1499 2117 1596 2156 nos
1640 2119 1734 2172 per
1788 2104 1990 2174 figuras

427 2193 481 2235 et
520 2183 736 2238 umbras
771 2167 837 2238 ad
875 2187 1188 2257 mysterium
1224 2187 1448 2256 Christi,
1483 2167 1676 2259 probat
1711 2167 1985 2260 Salvator,

426 2271 629 2327 Judmis
678 2276 791 2342 ipse
835 2276 1109 2344 loquens:
1156 2297 1175 2328 ι
1215 2277 1290 2332 Ne
1343 2283 1540 2348 putetis
1584 2299 1668 2337 me
1710 2279 1991 2340 accusatu-

429 2377 548 2416 rum
579 2378 674 2419 vos
707 2365 845 2433 apud
889 2365 1102 2421 Patrem
1132 2385 1144 2420 :
1189 2378 1272 2424 est
1305 2371 1394 2438 qui
1425 2383 1645 2427 accusat
1693 2390 1788 2428 vos
1825 2374 1998 2431 Moses

431 2462 632 2519 vester,
689 2453 741 2507 in
782 2470 941 2524 quem
971 2472 1066 2509 vos
1110 2461 1389 2527 sperastis.
1429 2461 1485 2514 Si
1513 2463 1656 2516 enim
1703 2467 1998 2520 crederetis

430 2542 586 2609 Mosi,
624 2545 920 2600 crederetis
951 2546 1176 2602 forsitan
1209 2558 1264 2604 et
1290 2550 1464 2616 mihi;
1519 2553 1585 2605 de
1612 2568 1698 2607 me
1733 2555 1876 2608 enim
1910 2556 1999 2610 ille

431 2634 649 2702 scripsit
677 2636 745 2691 ”.
780 2653 806 2698 ,ι
846 2636 935 2690 Ait
969 2646 1023 2690 et
1048 2638 1244 2694 alicubi
1274 2642 1341 2695 de
1373 2641 1580 2698 Scribis
1608 2653 1661 2697 et
1687 2643 1996 2713 Pharisaeis,

433 2734 488 2776 ut
517 2739 583 2778 ex
607 2725 758 2792 legali
790 2727 1129 2785 institutione
1159 2733 1224 2786 ad
1258 2733 1416 2805 745
1447 2735 1746 2801 meliorem,
1769 2737 1870 2793 hoc
1919 2750 2002 2795 est

430 2813 794 2882 evangelicam
829 2818 1034 2871 vocatis
1060 2836 1073 2872 :
1105 2837 1122 2868 ι
1153 2819 1278 2874 ldeo
1301 2823 1476 2877 omnis
1505 2825 1684 2879 scriba
1723 2827 1915 2882 doctus
1946 2828 1998 2882 in

435 2917 602 2971 regno
630 2905 890 2958 caelorum
924 2907 1120 2963 similis
1149 2919 1232 2964 est
1255 2911 1458 2966 homini
1485 2914 1884 2982 patrifamilias,
1909 2918 1999 2986 qui

432 2989 635 3057 profert
664 2993 726 3046 de
756 2993 1011 3050 thesauro
1047 3014 1143 3051 suo
1172 3015 1306 3051 nova
1339 3010 1391 3054 et
1420 3011 1601 3056 vetera
1635 3007 1702 3057 ".
1745 3023 1764 3056 ι
1803 3003 2001 3060 Peten-

443 3086 530 3132 tes
563 3079 727 3147 igitur
754 3096 782 3134 a
813 3081 922 3136 Deo
951 3083 1170 3152 legalem
1219 3095 1273 3139 et
1298 3089 1656 3158 evangelicum
1682 3093 1966 3146 scientiam

433 3177 488 3222 et
513 3184 610 3222 nos
636 3170 828 3239 dignos
849 3173 1167 3229 exhibentes
1191 3177 1281 3246 qui
1312 3180 1671 3246 obtineamus,
1700 3183 1885 3253 utique
1914 3199 2006 3240 ac-

435 3260 717 3328 cipiemus,
771 3276 822 3317 et
881 3265 931 3318 in
990 3267 1230 3320 animum
1293 3271 1580 3327 thesauros
1623 3288 2001 3344 conger-emus,

432 3363 617 3406 vetera
672 3363 725 3407 et
781 3370 916 3409 nova
965 3358 1311 3429 colligentes,
1360 3373 1412 3417 et
1463 3373 1702 3420 mentem
1761 3367 2006 3424 ubertate

438 3440 672 3494 maxima
701 3444 1056 3501 cmnulantes.

511 3611 669 3667 Vens.
705 3614 758 3669 ἓ.
801 3615 1047 3672 Dominus
1080 3620 1199 3686 fecit
1225 3621 1561 3689 phantasias,
1591 3635 1638 3678 et
1664 3625 1893 3693 pluviam
1920 3629 2006 3681 lii—

439 3706 646 3756 beruam
679 3705 820 3757 dabit
878 3708 975 3770 eis,
1028 3710 1302 3778 unicuique
1350 3711 1560 3767 herbam
1600 3716 1655 3768 iu
1680 3732 1826 3785 agro.
1865 3716 2009 3782 Quo-

438 3794 580 3846 niam
612 3793 874 3862 loquentes
905 3796 1066 3848 locuti
1088 3807 1208 3850 sunt
1233 3799 1460 3866 labores,
1502 3815 1550 3856 et
1599 3805 1763 3858 divini
1786 3806 2008 3861 uisiones

439 3885 627 3953 falsas,
665 3895 713 3938 et
741 3887 1000 3941 insomnia
1033 3887 1172 3956 falsa
1219 3892 1582 3960 loquebantur,
1616 3912 1742 3950 uane
1770 3901 2010 3952 consola-

441 3977 652 4031 bantur.
692 3975 817 4031 Ideo
845 3993 1159 4034 exaruerunt
1189 3992 1245 4036 ut
1278 4000 1379 4038 non
1402 3985 1646 4040 habentes
1677 3988 1928 4056 pluviam,
1961 4001 2008 4045 et

335 4065 338 4069 ’
439 4071 616 4142 amicti
648 4082 769 4127 sunt
795 4075 926 4128 sicut
960 4091 1095 4141 oves,
1129 4079 1253 4148 quia
1276 4093 1377 4132 non
1407 4089 1518 4133 erat
1545 4085 1769 4135 sanatio.

512 4251 692 4307 LXVI.
765 4250 985 4309 Occulta
1075 4257 1303 4326 quadam
1373 4259 1636 4314 sententia
1690 4261 1777 4333 hic
1859 4262 2009 4319 locus

440 4359 722 4415 praegnans
748 4356 849 4411 est,
873 4362 1033 4418 quam
1063 4349 1212 4418 prius
1253 4365 1284 4403 ιι
1318 4366 1402 4406 me
1425 4353 1707 4422 perspicue
1730 4353 2010 4410 declaran-

441 4437 563 4489 dam
603 4437 896 4493 existimo:
942 4439 1021 4494 sic
1045 4441 1188 4494 etiim
1225 4442 1509 4497 consilium
1548 4455 1604 4499 et
1638 4457 1857 4514 scepum
1889 4462 2011 4516 pro-

441 4527 616 4596 pheta:
657 4530 708 4582 in
739 4527 917 4584 verbis
957 4530 1197 4586 recitatis
1237 4532 1460 4588 studiosi
1510 4535 1831 4601 percipient.
1884 4537 2013 4590 Erat

440 4617 584 4670 enim
620 4617 694 4672 illi
726 4634 904 4673 sermo
932 4621 998 4674 de
1028 4623 1248 4687 sanctis,
1281 4639 1416 4692 quos
1447 4632 1501 4676 et
1552 4623 1756 4692 lapides
1799 4636 2013 4682 sanctos

442 4707 756 4763 nominabat
787 4712 853 4775 ³⁷,
889 4711 1063 4780 iisque
1087 4712 1409 4766 frumentum
1431 4712 1694 4781 imprimis
1725 4717 2014 4770 convenire

441 4793 763 4860 alllrmabat,
814 4807 872 4852 ut
921 4801 1147 4874 viriliter
1187 4802 1492 4870 agentibus,
1547 4802 1662 4857 sive
1704 4801 2008 4872 juvenibus,

441 4894 604 4953 atque
637 4887 796 4940 etiam
829 4889 1011 4942 vinum
1037 4890 1344 4954 beneolens,
1375 4892 1517 4961 quod
1544 4904 1728 4949 essent
1753 4896 2010 4965 virgines,

441 4978 496 5034 id
526 4981 766 5044 est,ca».ti
795 4991 848 5035 et
878 4981 1330 5036 incontaminatiu
1367 4985 1464 5049 Qui
1491 4987 1630 5039 enim
1661 4995 1784 5042 sunt
1813 4988 2012 5044 Christi

439 5070 586 5136 Jesu,
614 5086 827 5127 carnem
860 5087 1010 5126 suam
1035 5074 1420 5131 crucifixerunt
1447 5091 1569 5130 cum
1589 5078 1754 5149 vitiis,
1789 5089 1845 5134 et
1878 5095 2008 5135 con-

443 5167 807 5238 cupiscentiis,
847 5187 866 5220 s
889 5177 948 5222 ut
974 5167 1186 5224 divinus
1207 5167 1402 5225 Paulus
1433 5171 1621 5227 scribit
1641 5174 1705 5228 ’⁸.
1740 5173 2003 5243 Praecepit

446 5268 624 5315 autem
650 5260 780 5330 ipsis
803 5269 984 5331 petere
1004 5259 1234 5330 pluviam
1263 5264 1582 5318 matutinam
1598 5273 1653 5320 et
1674 5264 1962 5319 serotinam
1989 5281 2003 5330 ;

446 5349 638 5405 deinde
663 5353 958 5407 errantium
982 5353 1255 5408 mentione
1286 5354 1586 5423 interjecta,
1618 5356 1762 5410 velut
1784 5370 2005 5410 causam

446 5437 681 5506 adducit,
727 5457 826 5496 cur
879 5458 976 5498 nec
1026 5443 1375 5511 frumentum,
1420 5460 1518 5500 nec
1560 5445 1740 5499 vinum
1779 5446 2008 5500 habeant

447 5523 570 5598 ipsi,
600 5543 697 5587 nec
729 5531 939 5601 pluviis,
969 5549 1087 5603 ane
1139 5534 1409 5592 intellectu
1441 5535 1856 5606 perspiciuntur,
1885 5535 2007 5590 irri-

526 5703 737 5760 ³⁵³υτιιιι
779 5721 825 5771 ν,
859 5707 945 5774 43.
978 5711 1066 5763 «ιϐ.
1143 5713 1187 5745 η
1209 5711 1395 5770 Matth.
1432 5729 1550 5780 χιιι,
1589 5713 1675 5769 se.

1975 3135 1990 3161 ’
2029 3137 2072 3195 C

1753 5714 1795 5745 ’τ
1825 5712 2048 5768 Zztchar.
2095 5730 2168 5780 Ix,
2211 5712 2291 5768 10.

2099 1910 2292 1979 ὅψιμος
2310 1905 2423 1962 εἷεν
2440 1910 2524 1963 ἄν.
2544 1910 2662 1963 Ὅτι
2690 1909 2746 1962 δὲ
2768 1912 2867 1963 οὐκ
2896 1911 3189 1981 ἁσυντελὴς
3219 1912 3297 1974 είς
3319 1913 3502 1981 ὄνησιν
3527 1912 3670 1981 ἡτοῦ

2100 1998 2262 2066 νόμου
2286 1997 2503 2066 γνῶσις,
2520 1999 2614 2050 καὶ
2631 1997 2833 2069 θεωρία
2862 1999 3224 2069 πνευματικὴ,
3249 2000 3590 2067 παιδαγωγεῖ
3616 2000 3671 2053 δὲ

2103 2087 2300 2159 μᾶλλον
2331 2088 2479 2158 ἡμᾶς
2503 2086 2592 2140 διὰ
2635 2089 2829 2154 τύπου,
2878 2089 2973 2142 καί
3022 2092 3179 2154 σκιᾶς
3220 2091 3312 2143 ἐπὶ
3347 2091 3406 2143 τὸ
3435 2091 3670 2161 Χριστοῦ

2103 2178 2425 2249 μυστήριον,
2469 2177 2820 2232 πιστώσεται“
2843 2179 3017 2248 λέγων
3057 2181 3217 2244 αὐτὸς
3253 2184 3281 2234 ὁ
3319 2183 3511 2252 Σωτὴρ
3559 2185 3671 2244 τοῖς

2112 2269 2376 2323 Ἰουδαίων
2403 2257 2596 2340 δήμοις
2615 2285 2628 2299 ·
2669 2286 2689 2316 σ
2714 2271 2805 2340 Μὴ
2839 2271 3045 2324 δοκεῖτε
3069 2273 3147 2325 ὅτι
3175 2272 3284 2340 ἐγὼ
3312 2277 3673 2343 κατηγορήσω

2101 2358 2254 2428 ὑμῶν
2280 2359 2413 2428 πρὸς
2436 2358 2528 2411 τὸν
2563 2357 2813 2429 Πατέρα’
2839 2360 2866 2410 ὁ
2907 2362 3226 2432 κατηγορῶν
3254 2361 3406 2431 ὑμῶν
3445 2363 3668 2433 Μωσῆς,

2101 2449 2178 2511 εἰς
2199 2448 2256 2500 δν
2275 2449 2430 2517 ὑμεῖς
2447 2446 2733 2516 ἠλπίκατε.
2771 2449 2834 2501 Εἰ
2851 2448 2958 2520 γὰρ
2976 2449 3290 2504 ἐπιστεύετε
3324 2453 3527 2514 Μωσεῖ,
3553 2453 3674 2504 ἐπι-

2102 2539 2317 2592 στεύετε
2348 2540 2413 2593 ἂν
2441 2539 2601 2610 ἐμοί’
2635 2541 2762 2610 περί
2791 2540 2900 2612 γὰρ
2945 2541 3079 2612 ἐμοῦ
3113 2545 3318 2606 ἐκεῖνος
3351 2542 3608 2614 ἔγραψεν.
3647 2562 3663 2593 s

2103 2631 2249 2700 Ἔφη
2265 2631 2320 2682 δέ
2337 2647 2438 2682 που
2457 2631 2549 2682 καὶ
2570 2631 2698 2701 περὶ
2712 2630 2822 2684 τῶν
2847 2632 3219 2702 Γραμματέων
3237 2634 3328 2686 καὶ
3343 2633 3671 2703 Φαρισαίων,

2101 2719 2176 2780 ὡς
2192 2721 2254 2772 ἐκ
2280 2720 2509 2790 νομικῆς
2537 2719 2874 2784 παιδεύσεως
2904 2723 3252 2792 καλουμένων
3282 2724 3373 2775 ἐπὶ
3395 2723 3491 2794 τὴν
3508 2725 3672 2791 εὐαγ-

2101 2811 2355 2883 γελικήν’
2392 2831 2409 2862 ι
2449 2809 2547 2864 Διὰ
2584 2810 2741 2864 τοῦτο
2781 2813 2890 2875 πᾶς
2928 2815 3286 2884 γραμματεὺς
3319 2813 3674 2883 μαθητευθεὶς

2101 2901 2158 2952 ὲν
2190 2903 2256 2970 τῇ
2289 2899 2530 2969 βασιλεία
2557 2899 2663 2952 τῶν
2705 2899 2970 2967 οὐρανῶν,
3003 2900 3184 2969 ὅμοιός
3232 2901 3378 2952 ἐστιν
3407 2899 3675 2971 ἀνθρώπῳ

2101 2991 2471 3061 οἰκοδεσπότῃ,
2505 2991 2652 3055 ὅστις
2679 2989 2932 3043 ἐκϐάλλει
2981 2992 3045 3043 ὲκ
3074 2989 3165 3043 τοῦ
3195 2991 3468 3062 θησαυροῦ
3511 2991 3674 3045 αὑτοῦ

2105 3079 2265 3131 καινὰ
2297 3080 2390 3132 καὶ
2421 3078 2645 3133 παλαιά.
2691 3097 2710 3130 s
2751 3079 2958 3132 Οὐκοῦν
2975 3079 3250 3143 αἰτοῦντες
3266 3080 3416 3150 παρά
3432 3080 3565 3134 Θεοῦ
3579 3086 3676 3152 τήν

2103 3180 2164 3216 τε
2200 3167 2426 3235 νομικὴν
2444 3166 2534 3218 καὶ
2558 3167 2918 3236 εὐαγγελικὴν
2938 3169 3244 3238 ἐπιστήμην
3271 3170 3451 3235 ἀξίους
3485 3188 3542 3222 τε
3581 3173 3678 3224 τοῦ

2105 3255 2286 3309 λαϐεῖν
2323 3256 2550 3320 ἑαυτοὺς
2601 3259 3073 3328 παραστήσαντες,
3106 3259 3390 3329 ληψόμεθα
3440 3264 3676 3327 πάντως,

2108 3346 2200 3399 καὶ
2231 3347 2355 3410 τοὺς
2387 3349 2465 3410 εἰς
2493 3347 2614 3400 νοῦν
2660 3346 2768 3400 ἔσω
2802 3349 3162 3420 πληρώσομεν
3206 3351 3532 3423 θησαυροὺς,
3584 3372 3682 3406 παι

2106 3437 2234 3492 λαιά
2255 3455 2313 3490 τε
2343 3439 2435 3490 καὶ
2463 3438 2558 3493 νέα
2580 3439 2949 3508 συλλέγοντες,
2985 3442 3244 3512 πλείστης
3275 3461 3332 3496 τε
3361 3440 3491 3515 ὅσης
3527 3463 3681 3498 πνευο

2111 3530 2344 3599 ματικῆς
2371 3530 2676 3600 εὐκαρπίας
2701 3532 3130 3600 ἀναμεστοῦντες
3167 3536 3256 3588 τὸν
3288 3537 3426 3591 νοῦν.

2178 3622 2391 3690 Κύριος
2421 3623 2672 3689 ἐποίησε
2717 3625 3077 3692 φαντασίας,
3124 3626 3222 3678 καὶ
3270 3629 3448 3682 ὑετὸν
3494 3645 3682 3697 χειμε-

2100 3715 2276 3783 ρινὸν
2307 3715 2484 3769 δώσει
2519 3715 2743 3782 αὐτοῖς,
2794 3715 3031 3782 ἑκάστῳ
3075 3717 3352 3787 ,βοτάνην
3388 3720 3458 3772 ἐν
3500 3719 3679 3795 ἀγρῷ.

2108 3808 2262 3860 Διότι
2301 3810 2356 3860 οί
2402 3807 2913 3876 ἁποςσθεγγόμενοι
2959 3807 3277 3873 ἐλάλησαν
3304 3813 3548 3876 κόπους,
3585 3812 3682 3865 και

2109 3901 2164 3951 οί
2189 3896 2433 3965 μάντεις
2455 3897 2696 3965 ὁράσεις
2727 3897 2992 3966 ψευδεῖς,
3020 3900 3116 3952 καί
3155 3899 3227 3954 τὰ
3251 3901 3504 3954 ἐνύπνια
3534 3905 3680 3969 ψευ-

2109 3985 2186 4054 δῆ
2215 3986 2499 4049 ἐλάλουν,
2527 3985 2749 4054 μάταια
2784 3987 3188 4054 παρεκάλουν.
3219 3990 3321 4042 Διά
3351 3990 3526 4044 τοῦτο
3546 3991 3684 4060 ἐξη-

2105 4078 2420 4148 ράνθησαν
2444 4079 2521 4144 ὡς
2552 4081 2661 4131 οὐκ
2687 4078 2931 4146 ἔχοντες
2951 4079 3148 4142 ὑετὸν,
3175 4079 3271 4134 καί
3298 4080 3685 4149 ἐκακώθησαν

2109 4173 2190 4236 ὠς
2219 4171 2500 4238 πρόϐατα,
2529 4169 2677 4223 διότι
2707 4170 2817 4223 οὐκ
2845 4169 2926 4238 ἦν
2947 4171 3129 4238 ἴασις.

2179 4263 2314 4328 aq'.
2358 4260 2546 4314 Ὠδίνει
2575 4259 2695 4313 τινὰ
2731 4261 3122 4332 κεκρυμμένην
3149 4261 3353 4318 ἔννοιαν
3381 4265 3440 4318 τὸ
3474 4268 3688 4336 προκεί-

2115 4368 2294 4424 μενον,
2330 4352 2397 4422 ἢν
2431 4352 2746 4420 ἀναγκαῖον,
2788 4349 2943 4424 οἶμαί
2989 4371 3112 4415 που,
3161 4356 3686 4425 προδιατρανοῦσθαι

2047 4463 2087 4520 ο
2113 4443 2324 4516 σαφῶς,
2355 4445 2565 4495 συνεῖεν
2609 4443 2718 4513 γὰρ
2749 4443 2890 4498 οὕτω
2913 4445 3021 4498 τῶν
3063 4445 3155 4497 τοῦ
3205 4427 3480 4516 προφήτου
3511 4449 3690 4519 ρημά-

2108 4555 2217 4590 των
2245 4536 2338 4589 τὸν
2386 4535 2587 4588 σκοπὸν
2635 4535 2686 4586 οἱ
2719 4535 3195 4606 φιλεπιστήμονες.
3224 4533 3331 4589 Ἦν
3365 4539 3462 4606 μὲν
3509 4539 3616 4610 γὰρ
3660 4542 3689 4593 ὁ

2107 4626 2264 4693 λόγος
2295 4623 2443 4694 αὐτῷ
2490 4625 2619 4694 περὶ
2655 4622 2763 4675 τῶν
2805 4623 2995 4690 ἁγίων,
3026 4624 3121 4688 οὓς
3159 4624 3252 4678 καὶ
3290 4627 3471 4690 λίθους
3502 4628 3690 4695 ἁγίους

2107 4711 2378 4783 ὠνόμαζε,
2419 4711 2562 4763 σῖτόν
2591 4727 2650 4763 τε
2685 4712 2869 4774 αὐτοῖς
2896 4713 2979 4765 ὃτι
3018 4713 3252 4783 μάλιστα
3293 4715 3523 4785 πρέπειν
3554 4717 3689 4785 ἔφα-

2109 4814 2256 4868 σκεν,
2291 4805 2367 4865 ὡς
2405 4800 2828 4873 ἀνδριζομένοις,
2876 4805 3044 4873 ἤγουν
3085 4805 3406 4871 νεανίσκοις,
3443 4807 3538 4860 καὶ
3585 4809 3689 4877 μὴν

2118 4897 2211 4951 καὶ
2235 4891 2376 4949 οἶνον
2419 4893 2800 4957 εύωδιὰζοντα,
2835 4895 2922 4949 διά
2965 4913 3046 4949 τοι
3101 4898 3161 4950 τὸ
3181 4893 3318 4951 εἶναι
3366 4897 3688 4970 παρθένους,

2113 4985 2395 5039 τουτέστιν
2449 4983 2646 5052 ἁγνούς
2687 5000 2747 5036 τε
2807 4987 2900 5038 καὶ
2940 4987 3264 5058 ἀϐεϐήλους.
3303 5008 3321 5040 ι
3357 4992 3418 5043 Ol
3465 4991 3574 5059 γὰρ
3600 4993 3693 5044 τοῦ

2117 5077 2353 5149 Χριστοῦ
2396 5075 2591 5148 Ἰησοῦ,
2613 5075 2710 5147 τὴν
2740 5076 2920 5148 σάρκα
2947 5079 3296 5150 ἐσταύρωσαν
3321 5083 3420 5135 σὺν
3446 5084 3558 5144 τοῖς
3594 5099 3696 5134 πα-

2110 5161 2344 5238 θήμασι,
2371 5168 2464 5222 καὶ
2500 5171 2619 5231 ταῖς
2644 5168 2983 5238 ἐπιθυμίαις,
3020 5189 3038 5221 ι
3077 5170 3221 5224 καθά
3254 5187 3417 5242 φησιν
3439 5174 3468 5224 ὁ
3494 5172 3698 5224 θεσπέ-

2113 5277 2225 5323 σιος
2262 5259 2490 5322 Παῦλος.
2526 5260 2707 5312 Αἰτεῖν
2735 5259 2789 5312 δὲ
2815 5260 2996 5325 αὐτοῖς
3029 5264 3366 5334 προστέταχε
3399 5263 3495 5316 καὶ
3542 5265 3698 5316 ὑετὸν

2113 5351 2360 5424 πρώῖμον
2388 5353 2482 5406 καὶ
2503 5350 2730 5423 ὄψιμον·
2759 5349 2877 5407 εἶτα
2909 5355 3112 5424 μεταξὺ
3139 5358 3241 5425 τῆς
3269 5354 3395 5424 περὶ
3424 5354 3532 5408 τῶν
3563 5371 3698 5407 πλα-

2111 5444 2368 5513 νωμένων
2399 5443 2858 5515 παρεμϐαλούσης
2887 5448 3124 5517 μνήμης,
3158 5445 3257 5516 τὴν
3288 5446 3468 5499 αἰτίαν
3501 5445 3696 5516 ὥσπερ

2111 5535 2432 5588 ἀποδίδωσιν
2473 5535 2532 5587 ἐν
2579 5534 2809 5599 τούτοις,
2842 5535 2935 5588 τοῦ
2987 5538 3120 5607 μήτε
3173 5538 3338 5602 σῖτον,
3396 5537 3532 5607 μήτε
3587 5536 3697 5606 μὴν

2387 5711 2430 5744 ’⁸
2458 5712 2629 5768 Galat.
2663 5727 2716 5784 ν,
2741 5713 2832 5767 Ἡ.
