4092 6202
362 259 478 371 ³161

1196 249 1744 308 COMMENTARIUS
1785 248 1848 303 IN
1894 246 2293 302 ZACHARMM
2337 248 2775 304 ΡκέῖεΡΗΕΤᾹΜ.

3547 250 3649 304 ιω

383 369 522 426 οἶνον
552 370 699 442 ἔχειν
730 368 922 433 αύτάς,
955 368 1054 423 ἀλλ
1101 369 1218 422 οὐδὲ
1251 370 1425 434 ύετοῖς
1455 361 1822 441 κατάρδεσθαι
1855 369 1967 429 τοῖς

2075 379 2282 432 gentnr,
2329 379 2385 422 ttt
2433 368 2552 421 inde,
2601 369 2653 421 in
2691 369 2834 435 agris
2877 366 3097 421 herbam
3137 384 3238 423 non
3278 369 3530 426 habeant.
3581 369 3648 423 Et

385 465 614 535 νοητοῖς,
647 461 723 526 ὡς
746 462 994 515 ἐντεῦθεν
1025 462 1220 523 αὐτοὶις
1257 461 1331 530 μὴ
1360 461 1503 530 ἔχειν
1533 463 1590 514 ὲν
1620 460 1773 532 ἀγρῷ
1805 459 1963 529 βοτά-

385 570 502 625 νην.
531 555 642 607 Καὶ
675 556 703 607 ὁ
754 551 855 623 μὲν
901 553 1059 620 λόγος
1092 553 1167 616 ώς
1203 554 1296 604 ἐπὶ
1338 554 1678 624 πραγμάτων
1707 550 1964 605 ὲκπεποί-

385 663 506 718 ηται
533 645 643 698 τῶν
667 644 941 715 αἰσθητῶν
962 661 974 674 ·
1003 645 1035 714 ἧ
1065 661 1123 710 γε
1151 644 1256 714 μὴν
1281 646 1337 696 ὲν
1361 645 1543 708 αὐτοῖς
1570 643 1772 713 θεωρία
1795 643 1962 712 λεπτή

386 754 442 790 τε
469 737 606 804 ἀγαν
651 736 791 799 ἐστὶ,
835 735 930 788 καὶ
976 734 1108 787 πολὺ
1153 734 1272 788 λίαν
1303 735 1503 805 ἔχουσα
1541 735 1601 787 τὸ
1653 732 1963 804 εἰλικρινές.

387 827 519 880 Θεοῦ
570 827 700 897 γὰρ,
760 826 918 896 φησὶ,
973 825 1252 890 ποιοῦντος
1297 825 1622 894 φαντασίας,
1687 823 1965 878 τουτέστιν

387 919 691 989 ἀστραπὰς,
726 917 820 970 καὶ
869 916 1022 969 ὑετὸν
1059 920 1125 986 τῇ
1155 919 1224 987 γῇ
1256 917 1347 970 τὸν
1390 916 1696 988 χειμερινὸν
1725 915 1964 984 χέοντος,

387 1013 441 1074 ὃς
469 1013 586 1063 ἐστι
605 1011 897 1080 χρήσιμος,
926 1009 1020 1062 καὶ
1050 1009 1156 1079 μὴν
1183 1008 1276 1060 καὶ
1308 1008 1542 1078 ἑκάστῳ,
1567 1007 1676 1060 τῶν
1698 1008 1754 1060 ὲν
1777 1007 1966 1076 ἀγροῖς

385 1103 648 1174 δηλονότι,
679 1103 910 1164 διδόντος
938 1101 1190 1171 βοτάνην,
1217 1101 1626 1171 πεπλανήκασιν
1652 1100 1890 1162 ἐκείνους
1917 1100 1965 1150 oi

387 1195 892 1266 ἀποιρθεγγόμενοι,
951 1193 1252 1257 τουτέστιν,
1303 1194 1353 1246 οἱ
1398 1192 1709 1262 ψευδοεπεῖς
1754 1208 1812 1244 τε
1874 1189 1967 1243 καὶ

386 1285 730 1356 ψευδηγόροι,
773 1285 869 1338 καὶ
925 1285 1183 1354 μαντείας
1221 1284 1472 1353 λέγοντες
1493 1285 1590 1348 τάς
1618 1284 1726 1336 ἀπό
1753 1300 1818 1352 γε
1865 1283 1966 1353 τῆς

389 1373 536 1441 σφῶν
577 1373 822 1443 καρδίας.
856 1369 1012 1426 Οὗτοι
1042 1373 1368 1443 λελαλήκασι
1413 1373 1633 1436 κόπους,
1686 1371 1965 1424 τουτέστιν

388 1463 446 1514 ού
474 1462 543 1514 τὰ
577 1464 656 1526 είς
707 1464 1012 1517 ἀνάπαυσιν
1045 1466 1156 1527 τοῖς
1199 1463 1545 1516 πιστεύουσιν
1588 1463 1794 1528 αὐτοῖς,
1830 1462 1967 1516 ἀλλὰ

387 1553 451 1607 δι’
477 1548 552 1607 ὧν
579 1555 793 1624 ἀνάγκη
818 1559 1035 1625 καμεῖν,
1070 1555 1188 1625 Θεῷ
1217 1556 1679 1626 προσκρούοντας,
1707 1555 1802 1609 καὶ
1825 1573 1965 1627 παρ-

388 1647 718 1716 ορωμένους.
765 1647 828 1699 Ol
859 1647 915 1699 δέ
949 1664 1009 1716 γε
1054 1647 1274 1718 μάντεις
1315 1648 1407 1700 καὶ
1440 1648 1506 1700 τὰ
1535 1649 1760 1700 ἐνύπνια
1795 1647 1964 1718 ψευδῆ

389 1736 630 1799 ἐλάλουν,
672 1735 994 1807 εύηχοῦντες
1032 1738 1215 1800 αὐτοῖς
1245 1737 1484 1808 δηλονότι
1522 1736 1591 1790 τὰ
1629 1735 1962 1807 καταθύμια,
1997 1731 2044 1789 Β

389 1827 482 1878 καὶ
513 1829 775 1896 χρησταῖς
806 1826 904 1897 μὲν
944 1826 1125 1879 ἐλπίσι
1164 1828 1628 1892 καταπιαίνοντες,
1669 1828 1968 1897 φάσκοντες

392 1917 445 1970 δὲ
474 1917 669 1986 ἀληθὲς
695 1918 875 1970 οὐδέν·
903 1917 1017 1970 ἀλλ’
1057 1919 1134 1982 είς
1164 1917 1381 1989 ἀπάτην
1412 1920 1504 1972 καὶ
1537 1919 1802 1989 πλάνησιν
1832 1920 1967 1972 ἀπο-

392 2008 668 2078 φέροντες,
709 2008 912 2078 ⁴ἥκιστα
939 2009 1035 2079 μὲν
1065 2009 1541 2072 καταδεικνύοντές
1569 2027 1717 2078 σφισι
1747 2009 1837 2062 τὸν
1859 2009 1968 2062 τῶν

393 2101 773 2171 πνευματικῶν
806 2101 1008 2171 δοτῆρα
1055 2103 1149 2156 καὶ
1187 2102 1422 2174 χορηγόν
1444 2117 1457 2130 ·
1487 2103 1870 2174 ἀναπείθοντες
1913 2102 1969 2156 δὲ

394 2193 593 2264 μᾶλλον
624 2195 794 2246 αἰτεῖν
823 2194 922 2264 τὴν
949 2195 1250 2264 εὐημερίαν
1285 2193 1435 2264 παρά
1463 2193 1572 2245 τῶν
1599 2192 1968 2263 ψευδωνύμων

395 2284 550 2336 θεῶν.
589 2303 606 2334 t
632 2283 815 2353 Ταύτῃ
838 2301 938 2346 τοι,
969 2285 1156 2354 φησιν,
1177 2285 1574 2357 ὲξηράνθησαν,
1599 2287 1674 2350 ὡς
1697 2287 1796 2339 οὐκ
1821 2287 1972 2357 ἔχον-

391 2393 479 2439 τες
514 2375 690 2437 ὑετὸν,
725 2376 818 2428 καὶ
867 2376 1228 2446 ἐκακώθησαν
1263 2377 1337 2440 ώς
1380 2378 1650 2448 πρόϐατα.
1693 2397 1712 2430 ›
1742 2379 1816 2431 Ού
1863 2379 1971 2448 γὰρ

391 2463 456 2536 ἦν
489 2467 708 2536 βοτάνη,
739 2484 758 2516 t
791 2466 892 2519 οὐκ
917 2461 982 2536 ἦν
1009 2467 1172 2528 ἴασις.
1207 2487 1224 2518 ι
1258 2468 1330 2520 Οὐ
1359 2469 1468 2538 γάρ
1501 2463 1569 2538 ἦν
1598 2468 1780 2531 αὐτοῖς
1815 2470 1841 2521 ό
1870 2485 1970 2521 κα·-

392 2559 674 2628 τάδεσμῶν
722 2558 782 2610 τὸ
822 2559 1302 2630 συντετριμμένον,
1352 2563 1380 2613 ὁ
1423 2560 1656 2614 ἀνιστῶν
1682 2559 1742 2612 τὸ
1772 2564 1972 2633 κατερ-

395 2650 687 2719 ραγμένον,
721 2651 749 2702 ό
777 2649 1159 2720 ἀνακτώμενος
1193 2653 1254 2704 τὸ
1279 2651 1685 2722 κεκακωμένον.
1725 2651 1970 2722 Προσεκ-

391 2741 513 2792 τέον
565 2739 628 2810 δὴ
671 2735 784 2804 οὖν,
815 2740 936 2810 οὐχὶ
983 2743 1096 2802 τοῖς
1141 2741 1644 2815 ἀποφθεγγομένοις
1666 2747 1735 2803 τὰ
1759 2744 1980 2816 μάταια,

390 2830 712 2899 ψευδοεπὲσι
736 2847 796 2882 τε
811 2831 904 2883 καὶ
927 2829 1278 2901 βωμολόχοις,
1307 2831 1396 2884 καὶ
1421 2833 1800 2896 ὲνυπνιασταίς
1815 2850 1829 2864 ο
1853 2832 1972 2904 Θεῷ

393 2923 449 2974 δὲ
480 2921 680 2991 μᾶλλον
706 2921 784 2992 τῷ
817 2922 894 2984 είς
923 2920 1046 2974 νοῦν
1083 2923 1216 2992 ἡμῖν
1249 2921 1675 2993 ὲναστράπτοντι
1713 2925 1810 2994 τῆς
1841 2924 1972 2994 ἀλη-

393 3015 518 3079 θοῦς
541 3013 871 3084 θεογνωσίας
901 3013 961 3066 τὸ
1003 3013 1140 3082 φῶς,
1173 3014 1266 3067 καὶ
1300 3016 1523 3085 νοητοὺς
1572 3015 1760 3078 ὑετοὺς
1802 3034 1970 3070 κατα-

393 3107 591 3178 χέοντι,
636 3082 735 3170 τὰς
768 3105 853 3158 διά
882 3105 976 3158 τοῦ
1020 3105 1177 3176 ἀγίου
1208 3082 1525 3176 Πνεύματος
1574 3107 1968 3179 παρακλήσεις,
1998 3082 2041 3138 C

394 3197 557 3266 λέγω,
592 3198 687 3250 καὶ
711 3197 942 3266 βοτάνην
971 3195 1265 3264 ἀναφύοντι
1294 3199 1406 3259 τοῖς
1436 3199 1492 3251 ὲν
1522 3197 1695 3269 ἀγρῷ,
1723 3200 1970 3251 τουτέστι

394 3289 576 3352 πάλιν,
609 3287 1006 3358 εὐανθεστάτην
1035 3288 1222 3360 ῶσπερ
1252 3290 1400 3359 ἡμᾶς
1429 3291 1786 3359 κατανέμοντι
1812 3291 1969 3356 πόαν,

391 3379 491 3449 τῆς
541 3378 904 3432 θεοπνεύστου
966 3379 1187 3450 Γραφῆς
1239 3381 1338 3451 τὴν
1393 3380 1693 3452 ἀμώμητον
1745 3381 1966 3450 γνῶσιν.

399 3489 418 3523 ι
459 3470 782 3542 Ἀνθρωπος
825 3472 927 3542 μὲν
955 3472 1064 3542 γὰρ
1104 3475 1160 3525 ὲν
1193 3475 1326 3542 τιμῇ
1358 3471 1454 3535 ὢν,
1499 3474 1558 3526 ού
1608 3473 1828 3542 συνῆκε,
1861 3490 1964 3525 πα-

396 3563 769 3634 ρασυνεωήθη
796 3567 905 3626 τοῖς
927 3567 1144 3635 κτήνεσι
1171 3567 1283 3627 τοῖς
1302 3567 1566 3634 ἀνοήτοις,
1597 3565 1688 3618 καὶ
1715 3561 1971 3634 ὡμοιώθη

394 3658 598 3718 αὐτοῖς.
640 3675 658 3706 ι
703 3655 843 3707 Ἀλλ’
879 3657 928 3708 εί
971 3656 1081 3708 ἕλοι
1111 3673 1226 3719 πως
1273 3658 1352 3719 είς
1384 3655 1510 3710 νοῦν
1549 3656 1654 3708 τῶν
1702 3655 1860 3708 θείων
1886 3655 1973 3707 λο-

395 3747 529 3815 γίων
549 3746 647 3817 τὴν
672 3746 894 3815 γνῶσιν,
926 3747 1018 3800 καὶ
1046 3749 1250 3818 τροφῆς
1299 3748 1556 3818 μετάσχοι
1586 3747 1687 3817 τῆς
1730 3763 1976 3816 πνευμα-

2073 463 2232 513 verba
2265 462 2476 528 quidem
2501 471 2758 534 tnnqttgtn
2784 459 2850 512 de
2879 458 3036 512 rebus
3062 475 3275 512 sensum
3305 461 3648 529 tangentibus

2074 551 2227 615 liunt,
2282 551 2376 604 sed
2426 565 2588 619 quam
2645 550 2920 602 continent
2981 547 3272 614 theoriam,
3305 549 3515 603 subtilis
3563 562 3648 602 est

2072 643 2381 709 admodum,
2416 652 2468 697 et
2511 643 2815 710 purissima.
2865 637 3044 710 lnqttit
3068 641 3232 706 enim,
3263 641 3369 693 Deo
3419 641 3648 693 faciente

2073 734 2407 802 phantasias,
2443 735 2543 788 hoc.
2590 741 2673 788 est
2711 732 2942 802 fulgura,
2991 743 3042 786 et
3095 731 3327 802 pluviam
3367 729 3646 784 hibernam

2075 827 2232 880 terris
2263 826 2446 880 utilem
2475 824 2802 890 ell‘undente,
2845 834 2896 878 et
2924 825 3139 892 cuique,
3171 823 3461 892 agrestium
3500 822 3648 873 vide-

2073 917 2218 982 licet,
2271 917 2489 972 herbam
2521 918 2916 986 suppeditante,
2945 917 3277 969 seduxerunt
3297 927 3410 972 eos,
3440 911 3529 980 qui
3573 911 3648 964 lo-

2074 1021 2330 1081 quuntur,
2358 1011 2465 1066 hoc
2492 1019 2574 1064 est
2632 1009 2918 1078 falsiloqui,
2956 1017 3006 1063 et
3043 1009 3346 1075 mendaces,
3373 1021 3426 1064 et
3455 1009 3645 1063 vatici-

2076 1106 2164 1158 nia
2186 1105 2252 1156 de
2279 1103 2438 1158 corde
2465 1117 2564 1156 suo
2591 1100 2944 1170 proferentes.
2973 1099 3035 1154 lli
3067 1100 3226 1154 locuti
3260 1111 3383 1154 sttnt
3413 1101 3648 1164 labores.

2073 1194 2178 1249 hoc
2206 1203 2290 1248 est
2351 1208 2459 1247 non
2494 1193 2560 1246 ad
2593 1191 2838 1261 requiem
2867 1191 3202 1246 credentium
3249 1192 3388 1257 illis;
3426 1195 3518 1246 sed
3552 1207 3649 1260 per

2075 1301 2194 1355 qua:
2250 1295 2570 1354 cogerentur
2598 1285 2805 1338 versari
2835 1284 2886 1337 in
2920 1283 3156 1348 miseria,
3198 1292 3254 1336 ut
3283 1283 3448 1336 Deum
3479 1281 3666 1337 ωηιξη-ι·

2075 1375 2284 1440 dentes,
2313 1386 2366 1428 et
2409 1375 2477 1429 ab
2499 1389 2562 1429 eo
2593 1374 2850 1443 despecti.
2890 1372 3053 1444 746
3085 1373 3252 1426 Porro
3303 1372 3452 1426 arioli
3480 1377 3647 1426 etiam

2074 1469 2284 1524 somnia
2324 1466 2456 1520 falsa
2483 1468 2868 1534 loquebantur,
2901 1467 3200 1518 mulcentes
3255 1479 3441 1519 eorum
3486 1479 3648 1518 aures

2073 1559 2324 1614 videlicet
2351 1560 2509 1613 rebus
2531 1558 2804 1627 iucundis,
2838 1565 2890 1611 et
2911 1554 3047 1609 bona
3073 1571 3167 1624 spe
3191 1569 3494 1624 pascentes,
3515 1554 3647 1608 nihil

2075 1662 2255 1708 tamen
2287 1665 2472 1706 verum
2525 1650 2802 1706 dicentes:
2835 1649 2929 1703 sed
2960 1649 3013 1702 in
3059 1648 3300 1703 fraudem
3321 1658 3375 1702 et
3403 1662 3645 1702 errorem

2071 1745 2418 1814 abripientes,
2474 1741 2802 1809 minimeque
2883 1739 3240 1809 spiritualium
3293 1741 3532 1793 datorem
3594 1747 3650 1791 et.

2069 1836 2522 1905 snppeditatorem
2547 1831 2651 1885 illis
2682 1831 3028 1886 ostendentes
3051 1847 3064 1894 ;
3084 1831 3209 1899 qttin
3237 1830 3650 1897 persuadentes,

2069 1927 2148 1980 uti
2185 1926 2496 1980 felicitatem
2546 1923 2722 1992 potius
2749 1938 2776 1974 a
2811 1921 2913 1974 diis
2945 1920 3329 1975 comtnentitiis
3388 1934 3647 1988 exposce-

2069 2027 2211 2072 rent.
2248 2035 2267 2068 ι
2327 2016 2468 2080 Ideo,
2501 2014 2690 2083 inquit.
2736 2021 3084 2075 exaruerunt,
3137 2021 3193 2065 ttt
3249 2027 3352 2064 non
3387 2011 3646 2066 habentes

2005 2138 2021 2174 ι,
2070 2110 2326 2181 pluviam,
2355 2117 2407 2162 et
2451 2105 2636 2161 afﬂicti
2674 2115 2820 2170 sunt,
2881 2112 2940 2158 ut
2978 2117 3124 2158 oves.
3167 2122 3186 2156 ι
3223 2103 3497 2158 Nonenim
3530 2113 3648 2158 erat

2073 2205 2261 2266 herba,
2297 2225 2315 2252 ι
2365 2218 2469 2256 non
2494 2209 2612 2256 erat
2636 2199 2866 2255 sanatio.
2909 2218 2926 2250 ι
2973 2197 3154 2268 Neque
3188 2199 3330 2251 enim
3361 2207 3478 2250 erat
3507 2197 3648 2249 inter

2075 2311 2169 2350 eos
2191 2294 2282 2363 qui
2312 2294 2552 2363 alligaret
2577 2293 2716 2360 quod
2752 2291 3064 2350 contritum,
3101 2289 3191 2357 qui
3222 2290 3453 2355 erigeret
3507 2288 3648 2357 quod

2073 2385 2430 2448 confractum,
2487 2382 2578 2452 qui
2617 2391 2891 2435 retrcaret
2957 2381 3096 2450 qttod
3137 2377 3390 2432 amictum
3425 2387 3544 2433 erat
3579 2377 3646 2431 ”.

2073 2473 2467 2529 Attendendum
2502 2473 2686 2539 igitur,
2719 2485 2820 2523 non
2855 2470 3193 2537 loquentibus
3226 2484 3382 2531 vana,
3429 2469 3650 2520 menda.

2073 2564 2331 2631 cibusque
2377 2571 2434 2615 et
2479 2560 2904 2614 assentatoribus
2947 2569 3000 2612 et
3062 2558 3501 2619 somniatoribus,
3552 2555 3649 2609 sed

2075 2652 2184 2706 Deo
2212 2653 2412 2721 potius,
2448 2652 2654 2704 lttmiue
2683 2665 2822 2704 vet-tn
2855 2651 3178 2719 cognitionis
3213 2648 3408 2701 divinae
3433 2649 3482 2699 in
3529 2648 3650 2700 ani-

2075 2759 2218 2796 mum
2271 2742 2602 2805 coruscanti,
2640 2750 2693 2795 et
2741 2742 2951 2810 pluvias
3002 2738 3361 2802 intellecliles,
3409 2737 3648 2806 Spiritus

2075 2833 2244 2888 sancti
2271 2832 2682 2899 consolationes,
2712 2833 2956 2901 inquam,
2999 2829 3301 2884 demittenti
3333 2839 3387 2883 et
3427 2829 3646 2882 herbam

2075 2925 2374 2998 agrestibus
2408 2924 2745 2994 producenti,
2781 2924 2919 2992 quod
2965 2933 3067 2986 est,
3105 2909 3242 2974 velut
3284 2921 3335 2974 itt
3388 2919 3650 2973 viridissi-

2078 3034 2160 3070 ma
2182 3016 2368 3077 herba,
2395 3014 2446 3067 in
2469 3015 2772 3083 cognitione
2791 3013 2917 3066 ttttlli
2946 3011 3346 3081 reprehensioni
3378 3011 3610 3064 obnoxia
3630 3048 3648 3074 ,

2076 3123 2136 3161 ac
2191 3107 2449 3161 divinitus
2516 3107 2787 3173 inspirata)
2869 3104 3160 3174 Scriptura:
3215 3119 3311 3157 nos
3388 3105 3647 3170 poscenti.

2080 3216 2098 3248 ι
2140 3198 2306 3251 llonto
2330 3197 2474 3252 enim
2506 3213 2626 3251 cum
2678 3198 2731 3250 ιιι
2766 3197 2966 3250 honore
2999 3205 3161 3258 esset,
3193 3211 3294 3248 non
3339 3193 3599 3248 intellexit
3634 3211 3648 3246 :

2075 3300 2420 3359 comparatus
2469 3299 2550 3345 est
2591 3289 2855 3358 iumentis
2909 3289 3320 3356 insipientibus,
3355 3295 3410 3342 et
3459 3287 3654 3340 similis

2079 3382 2252 3437 l‘actus
2281 3392 2364 3436 cst
2412 3381 2517 3436 illis
2549 3379 2617 3433 ⁸⁸.
2643 3399 2670 3434 ιι
2707 3379 2814 3435 Sed
2847 3381 2889 3435 si
2921 3381 3167 3434 notitiam
3209 3379 3512 3432 divinorum
3547 3377 3654 3431 elo.

2076 3477 2322 3546 quiorutn
2353 3476 2404 3528 in
2438 3487 2622 3544 pectus
2664 3473 2966 3534 admiserit,
2995 3481 3046 3524 et
3082 3471 3147 3525 de
3187 3469 3441 3523 alimento
3489 3468 3653 3537 spiri~

2077 3565 2205 3617 tttali
2239 3564 2663 3633 participaverit,
2703 3573 2814 3614 tum
2851 3563 3062 3614 demum
3113 3560 3328 3629 spurius
3351 3574 3472 3613 esse
3508 3558 3652 3610 desi-

2080 3670 2233 3719 nens,
2264 3655 2510 3726 prudenti
2542 3656 2750 3708 ratione
2777 3651 3125 3723 gttbet‘uattts,
3151 3659 3206 3702 et
3236 3647 3654 3715 cogitationibus

2081 3747 2298 3801 homine
2334 3747 2509 3816 dignis
2539 3745 2824 3813 susceptis,
2858 3758 3068 3798 rursum
3099 3744 3150 3794 itt
3188 3742 3392 3796 honore
3429 3741 3552 3794 erit.

395 3843 574 3910 τικῆς,
615 3841 734 3892 τότε
756 3839 840 3911 δὴ,
900 3840 1017 3892 τότε
1052 3839 1150 3910 τὴν
1181 3839 1408 3892 νωθείαν
1445 3838 1755 3904 ἀποϐαλὼν,
1784 3840 1840 3890 ὲν
1869 3841 2002 3910 τιμῇ
2045 3841 2206 3894 πάλιν
2271 3840 2445 3904 ἔσται,
2475 3838 2719 3909 λογισμῷ
2764 3837 2841 3908 τῷ
2872 3836 3108 3908 σώφρονι
3143 3817 3528 3905 διοικούμενος,
3563 3833 3657 3886 καὶ

396 3930 492 3999 τὴν
522 3929 793 4001 ἀνθρώπῳ
819 3932 1132 4001 πρέπουσαν
1164 3931 1445 3984 ἀναλαϐὼν
1471 3933 1543 4004 (l)
1569 3933 1759 4002 φρένα.

477 4025 606 4078 Ἐπὶ
643 4025 788 4090 τοὺς
838 4024 1124 4095 ποιμένας
1162 4028 1518 4096 παρωξύνθη
1555 4031 1588 4080 d
1623 4028 1808 4097 θυμός
1831 4046 1971 4097 μου,

400 4117 496 4170 καί
531 4117 627 4169 ἐπὶ
661 4117 802 4182 τοὺς
828 4118 1056 4187 ἀμνοὺς
1079 4118 1500 4188 ἐπισκέψομαι.

469 4210 586 4263 ΞΖ’.
623 4209 916 4278 Hom-erat;
945 4213 1001 4263 ὲν
1036 4211 1268 4274 τούτοις,
1307 4211 1555 4283 καθάπερ
1589 4205 1821 4282 ἐγῷμαι,
1849 4211 1976 4275 τοὺς

397 4299 850 4370 ψευδοπροφήτας
877 4300 970 4354 καὶ
990 4300 1378 4371 ψευδομάντεις
1414 4302 1698 4367 ἀποκαλεῖ,
1730 4303 1825 4355 καὶ
1853 4303 1977 4366 τοὺς

397 4391 496 4459 τῆς
525 4390 739 4461 ἀπάτης
793 4391 1396 4463 καθηγητὰς,’όλεθρόν
1426 4410 1483 4444 τε
1534 4394 1627 4457 καὶ
1673 4395 1857 4463 πάγην
1886 4410 1977 4462 γε·

399 4481 624 4548 γονότας
658 4484 790 4544 τοῖς,
822 4481 871 4533 οἳ
899 4483 997 4552 τῆς
1025 4483 1258 4552 ἀληθοῦς
1284 4485 1411 4555 περὶ
1441 4485 1576 4536 Θεοῦ
1609 4483 1764 4554 δόξης
1799 4487 1981 4554 ἡμαρ-

397 4571 650 4641 τηκότες,
681 4573 780 4642 τὴν
823 4571 969 4643 αύτῷ
1005 4576 1318 4642 πρέπουσαν
1364 4575 1549 4654 τιμὴν,
1604 4575 1697 4628 καὶ
1726 4575 1980 4646 λατρείαν

401 4662 783 4716 ἀνατεθείκασι
834 4667 898 4735 τῇ
945 4665 1138 4730 κτίσει,
1180 4669 1272 4719 καὶ⁵
1307 4667 1717 4738 προσεκύνησαν
1750 4670 1862 4730 τοῖς
1891 4664 1982 4738 έρ-

399 4766 518 4816 γοις
547 4750 656 4803 τῶν
689 4751 835 4803 ἰδίων
868 4753 1087 4823 χειρῶν,
1126 4753 1270 4807 καθὰ
1296 4755 1622 4825 γέγραπται.

477 4841 591 4891 Οὐκ
623 4841 884 4894 ἀπίθανον
919 4843 973 4895 δὲ
1003 4847 1114 4904 τοῖς
1147 4843 1539 4914 ψευδομάντεσι
1581 4845 1674 4898 καὶ
1717 4845 1842 4908 τοὺς
1874 4844 1983 4898 τῶν

411 4930 684 5000 Ἑλλήνων
733 4934 964 5004 συνάψαι
1012 4935 1265 5003 λογάδας,
1299 4937 1346 4989 οἳ
1385 4935 1448 5006 δὴ
1499 4939 1649 5003 σοφοὶ
1701 4937 1980 5002 δοκοῦντες

399 5027 460 5087 ἐγ
478 5039 559 5084 αν,
597 5025 716 5086 ταῖς
747 5025 953 5078 ἑαυτῶν
982 5026 1336 5094 εύγλωττίαις
1361 5029 1484 5090 τοὺς
1513 5029 1694 5091 αὐτοῖς
1723 5047 1982 5100 προσκειο

402 5113 600 5178 μένους
635 5115 1040 5185 πεπλανήκασι,
1077 5119 1170 5170 καὶ
1197 5118 1386 5188 ὥσπερ
1413 5119 1554 5181 τινὲς
1595 5120 1852 5189 ποιμένες
1883 5123 1982 5172 ούκ

399 5205 598 5269 ἀγαθοὶ
653 5209 1063 5279 κατεϐόσκησαν
1107 5213 1164 5263 ἐν
1208 5211 1495 5275 ἀκάνθαις,
1529 5212 1622 5264 καὶ⁹
1662 5213 1741 5275 εἰς
1781 5212 1982 5283 πολλὴν

401 5296 731 5366 ἁχρειότητα
774 5297 990 5370 σαθρῶν
1029 5301 1268 5356 ἐννοιῶν.
1315 5303 1380 5356 Τί
1429 5303 1535 5372 γὰρ
1588 5305 1716 5372 παρ’
1755 5302 1982 5367 ἐκείνοις

2156 4027 2316 4082 Vsus.
2346 4026 2398 4080 5.
2435 4024 2606 4089 Super
2633 4033 2862 4092 pastores
2880 4023 3170 4076 concitatus
3199 4031 3271 4076 εει
3307 4021 3459 4090 [uror
3490 4038 3657 4088 meus,

2083 4133 2129 4176 et
2157 4138 2313 4187 super
2340 4137 2498 4190 agnos
2527 4119 2768 4172 visitabo.

2154 4212 2362 4266 LXVll.
2429 4210 2671 4262 l’ostores
2728 4208 2827 4261 hoc
2863 4207 3000 4273 loco,
3033 4214 3088 4259 ιιι
3116 4206 3374 4267 arbitror,
3430 4205 3657 4273 pseudo-

2086 4303 2373 4371 pr0phetas
2400 4307 2452 4352 et
2484 4299 2648 4352 falsos
2679 4305 2910 4356 vates,ct
2941 4296 3228 4365 magistros
3249 4295 3450 4348 erroris
3477 4293 3659 4362 appel-

2081 4394 2175 4456 lal,
2234 4402 2544 4460 pestemque
2587 4399 2640 4441 et
2692 4387 2938 4456 laqueum
2975 4387 3062 4446 iis,
3123 4385 3212 4453 qui
3275 4400 3399 4437 vera
3433 4386 3496 4435 de
3553 4384 3658 4434 Deo

2079 4484 2331 4556 opinione
2364 4480 2572 4546 relicta,
2627 4480 2882 4532 honorem
2913 4486 2965 4529 et
2996 4475 3197 4530 cultum
3249 4476 3345 4542 ipsi
3378 4473 3655 4540 proprium

2082 4584 2344 4633 creatura:
2375 4574 2709 4632 dedicaruut.
2733 4580 2964 4639 etopera
2992 4582 3247 4622 manuum
3305 4580 3527 4620 suarum
3565 4565 3660 4618 ad-

2084 4674 2398 4732 oraverunt,
2433 4665 2574 4718 sicut
2603 4662 2860 4730 scriptum
2885 4667 2968 4714 est
2988 4657 3053 4710 ³⁸.

2161 4845 2272 4900 Nec
2320 4845 2552 4898 alienum
2617 4849 2700 4895 est
2760 4839 2908 4895 falsis
2959 4837 3170 4892 vatibus
3229 4838 3390 4891 etiam
3449 4835 3665 4892 Gtteros

2087 4939 2346 5008 quosdam
2393 4935 2546 5004 quasi
2597 4934 2858 5004 majorum
2906 4933 3144 5001 gentium
3205 4930 3519 4998 adiungere,
3573 4929 3662 4993 qui

2089 5045 2209 5082 cum
2263 5025 2646 5096 Sapientissimi
2703 5033 3137 5086 numerarentur,
3187 5021 3496 5089 eloquentia
3562 5032 3656 5069 sua

2091 5121 2220 5191 ipsis
2254 5123 2592 5173 adhastcutes
2647 5117 2998 5180 seduxerunt,
3055 5124 3108 5167 et
3163 5123 3221 5167 ut
3259 5123 3501 5180 pastores
3557 5123 3658 5158 non

2091 5214 2213 5267 honi
2251 5214 2300 5264 in
2347 5212 2534 5280 spinis,
2570 5219 2622 5264 ct
2675 5212 2726 5264 in
2788 5209 2950 5264 multa
2993 5208 3230 5262 vanitate
3280 5205 3660 5272 cogitationltttl

2093 5305 2362 5359 inutilium
2403 5311 2680 5374 paverunt.
2715 5301 2851 5368 Quid
2883 5301 3023 5356 enim
3063 5297 3202 5368 apud
3235 5295 3352 5351 illos
3383 5293 3448 5347 ad
3475 5291 3661 5362 eugtzi-

477 5473 525 5504 "
550 5472 748 5527 Ezech.
785 5490 968 5540 xxnv,
1011 5477 1065 5531 4.
1143 5476 1186 5508 ⁸⁸
1209 5475 1350 5530 Psal.
1385 5494 1569 5545 xum,
1604 5443 1710 5533 15.¹
1767 5479 1805 5510 ³¹
1832 5477 1970 5534 Psal.

2075 5493 2151 5542 tu,
2184 5477 2212 5530 4
2243 5493 2391 5548 δίειμι.

476 5649 556 5721 (ί)
590 5650 876 5720 Attbcrtus,
911 5655 1215 5710 ἀναῦαλών.
1249 5655 1404 5713 Εοιτ.
