4092 6202
371 303 471 360 165
1361 284 1413 339 S.
1456 280 1730 339 CYRILLI
1768 273 2240 334 ALEXANDRINI
2277 267 2598 328 ARCHIEP.
3539 256 3634 315 iiii

377 415 580 468 tionem
606 405 851 464 veritatis
899 399 1192 459 conducit!
1215 398 1279 454 lii
1310 396 1609 468 dignissimi
1644 405 1768 451 sunt
1799 393 1888 463 qui
1925 408 1953 446 a

2076 391 2119 451 :b
2144 387 2547 457 εἰς’ἐπίγνωσιν
2574 383 2832 456 ἀληθείας
2856 362 3131 451 ῶφελοῦνς
3161 374 3320 430 Κατά
3346 372 3552 427 τούτων
3575 373 3639 427 ἂν

376 507 488 560 Deo
508 500 817 572 puniantur.
850 495 964 551 Non
994 495 1139 550 enim
1191 489 1563 547 tantummodo
1592 502 1719 541 suas
1744 486 1955 539 animas

2076 483 2288 553 γένοιτο,
2331 482 2426 536 καὶ
2469 479 2540 533 τά
2568 481 2632 532 ἐκ
2677 476 2828 540 θείας
2868 474 3060 546 ὀργῆς,
3103 470 3199 525 καὶ
3249 467 3393 568 μάλα
3423 464 3636 572 αοίσίως.

378 553 410 560 _
431 553 481 557 η
508 553 533 572 Γ
588 553 607 554 η

378 593 762 665 perdiderunt,
801 589 892 645 sed
932 590 1150 657 insuper
1179 585 1407 640 aliorum
1433 582 1487 637 in
1516 593 1759 635 errorem
1798 576 1956 633 indu«

2076 574 2425 644 Ὠλόθρευσαν
2472 569 2581 640 γάρ
2616 567 2736 639 οὐχὶ
2774 565 2837 637 δὴ
2869 565 3027 635 μόνον
3052 560 3152 623 τὰς
3190 556 3398 612 ἑαυτῶν
3440 553 3641 659 ψυχὰς,

379 642 643 665 π’ν---ννν
676 642 762 655 ννέι
802 642 819 645 ~
1056 642 1068 657 ι

379 691 598 744 xerunt,
650 690 707 733 ut
762 679 895 741 dixi,
948 676 1237 731 verberum
1296 671 1546 742 ampullis
1616 668 1955 723 mendacium

2076 663 2196 718 Ιιλλά
2220 661 2359 734 πρὸς
2383 658 2607 721 ταύταις
2630 658 2723 711 καὶ
2750 656 2849 718 τὰς
2876 653 3079 724 ἐτέρων
3101 647 3536 717 πεπλανήκασιν.
3570 642 3648 706 ὡς

382 774 536 843 quasi
568 774 898 833 inaurantes,
934 767 1095 840 747
1129 778 1183 822 et
1213 765 1459 820 oratione
1490 763 1557 816 ad
1588 762 1956 829 deceptionem

2076 755 2220 825 ἔφην,
2250 733 2330 822 τῷ
2361 750 2461 820 τῆς
2488 748 2687 813 λέξεως
2709 747 2907 817 κόμπῳ
2933 738 3231 814 μονονουχΐ
3248 733 3626 806 καταχρυσοῦν
3643 758 3669 772 -

387 864 693 918 abutentes.
724 858 920 915 Visitat
948 872 1125 913 autent
1159 872 1344 927 agnos,
1377 857 1661 908 miseratus
1689 852 1958 918 videlicet,

2076 861 2149 908 ιες
2175 843 2237 896 τὸ
2274 840 2472 912 ψεῦδος
2496 839 2588 893 καὶ
2616 836 2715 907 τὴν
2740 834 2835 888 τοῦ
2878 833 3038 900 λόγου
3067 830 3257 901 χρείαν
3294 825 3653 886 δαπανῶντες

383 967 439 1010 et
464 970 526 1008 ex
565 952 775 1006 fallacia
804 952 869 1004 ad
897 949 1224 1018 agnitionem
1260 945 1501 1000 veritatis
1527 940 1879 1007 transferens,
1909 950 1964 996 et

2076 938 2143 1000 είς
2167 930 2559 1006 φενακισμούς.
2594 923 3012 982 Ἐπισκέπτεταί
3040 940 3104 992 γε
3139 921 3246 993 μὴν
3272 919 3398 980 τοὺς
3415 917 3645 986 ἀμνοὺς,

387 1059 453 1099 ex
477 1046 628 1112 vagis
660 1042 935 1097 erroribus
978 1041 1032 1094 in
1074 1040 1218 1093 viam
1250 1043 1449 1091 rectam
1480 1033 1779 1103 impellcns.
1813 1031 1964 1087 Sicut

2076 1028 2347 1097 οἰκτείρων
2398 1022 2663 1092 δηλονότι,
2712 1019 2807 1073 καὶ
2861 1014 3169 1088 μετατιθεὶς
3202 1010 3264 1075 ἐξ
3311 1009 3533 1077 ἀπάτης
3565 1008 3647 1068 είς

389 1136 530 1190 enim
568 1149 654 1187 res
709 1130 984 1202 poscebat,
1020 1140 1079 1184 ut
1114 1128 1388 1199 injuriosis
1428 1126 1480 1180 in
1510 1141 1604 1180 eos
1630 1140 1727 1194 pro
1754 1125 1964 1194 magni-

2076 1120 2163 1191 τὴν
2189 1119 2286 1190 τῆς
2318 1114 2575 1186 ἀληθείας
2611 1111 2929 1180 ἐπίγνωσιν,
2958 1107 3052 1160 καὶ⁵
3087 1108 3151 1159 ἐκ
3181 1102 3277 1156 τοῦ
3308 1098 3650 1202 περιπλανέἰ-

390 1228 575 1281 tttdine
608 1225 928 1295 iujuriarum
979 1221 1241 1291 Supplicia
1286 1221 1693 1291 irrugarentur;
1744 1219 1815 1272 ita
1850 1232 1969 1270 rur-

2076 1183 2192 1265 σθαι
2244 1183 2565 1279 μετασοὸῶν
2607 1205 2686 1266 εἰς
2733 1201 2952 1254 εὐθεῖαν
2993 1196 3132 1251 ὁδόν.
3161 1195 3375 1263 Ὥσπερ
3420 1188 3531 1257 γὰρ
3577 1183 3647 1258 ἦν

388 1334 505 1374 sum
559 1332 680 1370 cum
747 1316 931 1371 divina
979 1313 1415 1375 mansuetudine,
1459 1320 1513 1364 et
1555 1310 1702 1377 justo
1743 1306 1963 1376 judicio,

2076 1303 2381 1365 ἀκόλουθον,
2435 1302 2546 1367 τοῖς
2586 1294 2903 1368 ἠδικηκόσιν
2943 1290 3135 1351 αὐτοὺς
3165 1287 3262 1358 τὴν
3300 1287 3413 1347 τοῖς
3456 1281 3647 1351 ἀδική-
3716 1318 3720 1329 .

390 1409 898 1477 conjunctissimum
958 1406 1084 1466 erit,
1124 1405 1408 1474 benignam
1470 1403 1523 1456 in
1553 1417 1646 1457 eos
1695 1387 1785 1471 qui
1842 1401 1968 1455 talia

2076 1415 2206 1470 μασι
2257 1394 2574 1466 πρέπουσαν
2624 1386 2932 1457 ἐπαρτῆσαι
2972 1382 3156 1451 δίκην*
3202 1377 3346 1431 οὕτω
3391 1374 3455 1444 δὴ
3484 1372 3647 1426 πάλιν

388 1504 531 1572 passi
580 1511 699 1556 sunt
735 1500 878 1555 ferre
907 1498 1255 1553 sententiam.
1294 1494 1590 1566 Oportebat
1615 1495 1779 1560 cnim,
1811 1509 1972 1563 opor-

2076 1466 2408 1560 θεοπρεποῦς
2440 1482 2796 1554 ἡμερότητος,
2834 1476 2926 1530 xui.
2948 1474 3133 1544 ψήφου
3163 1468 3375 1531 δικαίας
3414 1466 3651 1534 ἀμοιρή-

302 1574 327 1593 “
390 1595 553 1657 tehat,
610 1594 849 1662 inquam,
888 1591 1087 1647 salvari
1122 1586 1306 1660 inique
1358 1596 1638 1651 tractatus,
1670 1587 1779 1640 Deo
1818 1600 1878 1640 se
1904 1587 1970 1639 ab

2076 1598 2214 1633 σειεν
2239 1580 2304 1633 ἂν
2327 1574 2577 1647 οὐδαμῶς

390 1686 470 1741 eis
505 1696 663 1741 antea
698 1686 879 1738 lzesum
911 1684 1288 1745 ohlivisceute,
1315 1690 1368 1734 et
1392 1689 1669 1749 pastorum
1693 1678 1971 1732 fraudibus

2076 1676 2267 1743 κρῖμα.
2299 1670 2446 1722 Ἔδει
2473 1668 2602 1737 γὰρ,
2633 1664 2740 1716 ἔδει
2789 1658 3054 1723 σώζεσθαι
3095 1655 3222 1717 τοὺς
3262 1649 3649 1722 ἠδικημένους,

390 1778 666 1848 magis,ac
722 1785 918 1845 prmter
975 1776 1303 1829 voluntatem
1351 1772 1605 1827 subactos
1632 1783 1791 1840 paena
1838 1768 1971 1822 libe-

2076 1759 2581 1833 ἀμνησικακοῦντος
2632 1752 2789 1816 θεοῦ,
2843 1751 2937 1804 καὶ
2987 1747 3180 1817 ποινῆς
3219 1742 3652 1801 ἀπαλλάττοντος

2583 1616 2597 1639 ,
2617 1572 2675 1624 τὸ
2703 1570 2794 1624 ἐπὶ
2816 1571 2926 1629 τοῖς
2952 1562 3242 1618 πεπονθόσι
3268 1558 3650 1630 φιλάνθρωπον
3795 1628 3811 1639 ⁸

389 1879 562 1925 rattte.

465 2044 631 2102 Vsus.
668 2045 723 2113 4,
761 2044 814 2100 5.
835 2043 903 2098 Et
928 2042 1154 2097 visitabit
1181 2040 1436 2094 Dominus
1474 2037 1613 2092 Deus
1648 2036 1969 2105 omnipotens

398 2156 600 2215 gregem
634 2155 785 2191 suum
830 2138 1043 2190 domum
1084 2133 1253 2195 Juda,
1282 2141 1329 2185 et
1371 2140 1523 2200 ponet
1562 2145 1648 2183 eos
1700 2137 1754 2181 ut
1785 2144 1971 2199 equum

394 2236 641 2287 decorum
670 2244 820 2283 suum
846 2229 900 2280 in
932 2226 1136 2294 pra'lio,
1166 2235 1211 2277 et
1230 2238 1293 2277 ea:
1317 2228 1425 2292 ipso
1449 2222 1744 2287 respexit,et
1767 2235 1831 2272 ea:
1858 2219 1971 2287 ipso

397 2322 569 2391 posuit
608 2336 787 2373 arcum
823 2319 877 2371 in
905 2318 1090 2386 spiritu
1128 2313 1343 2383 furoris.
1369 2310 1437 2364 Et
1462 2325 1526 2365 ea:
1548 2312 1660 2378 ipso
1681 2309 1974 2378 egredietur

399 2413 568 2466 omnis
616 2410 831 2464 abactor
856 2412 911 2463 in
951 2409 1272 2477 idipsum,et
1300 2412 1454 2457 erunt
1502 2403 1651 2472 quasi
1698 2401 1973 2455 bellatores

402 2504 767 2556 conculcantes
798 2501 962 2555 lutum
994 2500 1046 2552 in
1062 2498 1157 2553 riis
1187 2498 1240 2550 in
1275 2494 1432 2560 bello,
1458 2502 1505 2548 et
1525 2491 1809 2558 bellabunt,
1847 2491 1973 2561 quia

400 2592 657 2648 Dominus
690 2609 805 2648 cum
831 2592 924 2647 eis.

470 2869 558 2923 LX
573 2866 698 2920 \‘lll.
729 2866 972 2934 Quonam
1016 2869 1171 2920 modo
1196 2878 1437 2935 pastores
1475 2866 1613 2921 utale
1651 2867 1974 2922 multatur-us

368 2962 495 3027 ‘sit,
549 2962 969 3027 visitaturusque
1018 2967 1073 3013 et
1123 2967 1536 3027 recuperaturus
1590 2975 1780 3027 agnos,
1832 2960 1974 3014 clare

2072 1831 2350 1917 τόὺςήταϊς
2374 1850 2596 1904 ἐκείνων
2625 1840 2960 1907 πλεονεξίαις
2983 1837 3125 1910 τάχα
3156 1852 3261 1889 που
3293 1834 3387 1887 καὶ
3413 1831 3651 1901 ἀϐουλήο

2071 1958 2179 2010 τως
2204 1941 2693 2013 ὑπενηνεγμένους.

2147 2037 2254 2091 Καὶ
2283 2032 2679 2102 ἐπισκέψεται
2703 2030 2917 2096 Κύριος
2946 2029 2977 2080 ό
3009 2023 3152 2088 Θεὸς
3175 2023 3206 2075 ὁ
3229 2014 3653 2085 παντοκράτωρ

2051 2129 2143 2183 ’τὸ
2188 2127 2471 2197 ποίμνιον
2506 2121 2693 2179 αὑτοῦ
2743 2122 2849 2175 τὸν
2884 2116 3052 2173 οἶκον
3092 2113 3308 2175 Ἰούδα,
3352 2109 3449 2164 καὶ
3485 2106 3654 2171 τάξει
3688 2116 3692 2119 ‘

2074 2217 2294 2282 αὐτοὺς
2342 2217 2423 2282 ὡς
2459 2215 2648 2268 ἵππον
2702 2206 2976 2279 εὐπρεπῆ
3034 2202 3220 2259 αὑτοῦ
3273 2202 3344 2256 ἐν
3387 2199 3651 2272 πολέμῳ,

2075 2309 2173 2363 καί
2214 2308 2284 2372 ἐξ
2316 2306 2503 2360 αὑτοῦ
2536 2302 2855 2370 ἐπέϐλεψε,
2896 2299 2995 2355 καί
3034 2296 3103 2362 ἐξ
3149 2291 3338 2348 αὑτοῦ
3378 2290 3555 2353 ἔταξε
3585 2287 3656 2341 τὸ

2074 2401 2255 2465 τόξον
2294 2401 2362 2452 ἐν
2392 2397 2684 2466 πνεύματι
2717 2392 2926 2462 θυμοῦ,
2957 2390 3053 2444 καί
3088 2387 3158 2453 ἐξ
3189 2383 3374 2440 αὑτοῦ
3419 2381 3657 2446 ἐξελεύ-

2074 2508 2245 2548 σεται
2268 2490 2384 2558 πᾶς
2415 2493 2447 2545 ό
2480 2488 2825 2554 ἐξελαύνων
2849 2484 2919 2536 ἐν
2946 2481 3026 2549 τῷ
3054 2477 3234 2544 αὐτῷ.
3271 2476 3384 2531 Καὶ
3411 2474 3656 2529 ἔσονται

2073 2587 2154 2652 ὡς
2180 2582 2444 2655 μαχηταὶ
2490 2580 2823 2643 πατοῦντες
2869 2574 3070 2643 πηλὸν
3113 2574 3184 2626 ἐν
3217 2570 3348 2634 ταῖς
3394 2565 3555 2632 ὁδοῖς

2076 2654 2338 2746 πολέμῴ,
2389 2673 2487 2728 καί
2538 2669 3016 2739 παρατάξονται,
3067 2663 3219 2718 διότι
3266 2661 3480 2729 Κύριος
3527 2654 3651 2727 μετ’

2077 2767 2301 2824 αὐτῶν.
3614 2758 3625 2766 ’

2147 2881 2276 2936 ΞΗἎ
2306 2879 2442 2934 Τίνα
2467 2878 2531 2949 δὴ
2556 2876 2756 2947 τρόπον
2805 2871 3015 2925 ἐποίσει
3062 2869 3160 2939 μὲν
3195 2868 3305 2930 τοῖς
3334 2862 3558 2936 ποιμέσι
3587 2861 3656 2918 τά

2078 2974 2138 3040 ἐξ
2169 2973 2361 3046 ὀργῆς,
2400 2968 2755 3037 ἐπισκέψεται
2782 2965 2838 3018 δέ
2863 2963 2955 3015 καί¹
2983 2958 3252 3015 ἀνασώσει
3274 2959 3399 3020 τοὺς
3428 2957 3657 3027 ἁμνοῦς,

401 3053 659 3106 ostendit.
689 3050 967 3104 Prnductis
993 3037 1134 3104 enim
1167 3064 1231 3104 ex
1271 3049 1469 3105 Judaais
1507 3052 1691 3106 mundi
1732 3051 1969 3106 doctori-

2077 3037 2399 3134 καθίυστησιν
2445 3058 2693 3132 ἐναργές.
2760 3052 3067 3118 ’Δναδείξας
3109 3051 3219 3123 γὰρ
3268 3048 3327 3114 ἐξ
3392 3047 3659 3101 Ἰουδαίων

407 3143 509 3198 bus
537 3142 737 3197 sanctis
762 3141 1017 3209 apostolis
1064 3149 1118 3195 et
1139 3141 1498 3211 evangelistis,
1522 3157 1616 3212 per
1639 3157 1732 3195 eos
1757 3141 1976 3196 Graeciae

410 3237 682 3303 sapientes
709 3233 1013 3297 debellavit,
1050 3241 1102 3287 et
1135 3235 1203 3288 ab
1249 3248 1435 3289 eorum
1459 3234 1777 3304 garrulitate
1808 3248 1977 3303 agnos

402 3328 622 3393 eripuit,
653 3326 981 3396 fallare-imque
1010 3324 1216 3396 laqueis
1256 3326 1571 3392 extricatos,
1601 3326 1654 3381 in
1687 3340 1890 3393 veram,
1925 3333 1980 3379 et

403 3416 535 3471 nulli
578 3417 745 3485 culpa:
780 3414 994 3470 attinent
1025 3415 1118 3469 Dei
1171 3417 1529 3485 cognitionem
1569 3417 1864 3473 transtulit.
1890 3416 1979 3471 Ait

399 3522 570 3578 ergo:
605 3526 622 3558 ι
660 3505 915 3562 Visitahit
943 3521 1160 3576 gregem
1189 3522 1342 3561 suum
1373 3511 1586 3563 domum
1611 3506 1767 3566 Juda.
1816 3529 1835 3563 ι
1870 3509 1975 3564 Fa-

392 3599 510 3653 ciet
532 3606 713 3652 autem
732 3613 855 3652 eum
874 3597 1016 3651 velut
1042 3613 1237 3668 equum
1266 3600 1542 3665 decorum,
1557 3609 1611 3654 et
1634 3600 1978 3657 bellicosissi-

404 3704 575 3755 mum,
607 3704 715 3758 quo
741 3689 896 3757 quasi
924 3690 1276 3759 Spiritualiter
1304 3701 1510 3755 vectus,
1536 3689 1847 3748 Graecorum
1874 3693 1979 3748 lin-

400 3795 588 3850 guam,
637 3790 696 3831 ut
721 3780 854 3843 dixi,
893 3781 1225 3849 oppugnabit
1256 3795 1546 3852 eorumque
1576 3785 1853 3853 sapientia:
1885 3787 1980 3842 de-

301 3866 306 3876 '
403 3868 758 3933 formitatem,
788 3878 841 3923 et
866 3869 1046 3923 omnis
1076 3868 1286 3924 fructus
1311 3872 1633 3925 vacuitatem
1666 3872 1972 3939 patefaciet.

399 3958 540 4027 Quin
568 3958 710 4013 enim
739 3973 832 4027 per
853 3957 1161 4015 Graecorum
1212 3960 1579 4029 dispersiones
1609 3961 1776 4018 divini
1816 3965 1977 4021 disci—

399 4050 513 4122 puli
539 4060 793 4122 tanquam
827 4052 950 4122 equi
983 4053 1199 4120 quidam
1236 4053 1458 4118 fuerint,
1498 4053 1758 4110 adversus
1789 4070 1974 4112 eorum

401 4143 806 4213 loquacitatem,
843 4154 897 4197 et
943 4142 1052 4198 Deo
1080 4158 1299 4198 exesam
1334 4142 1599 4198 fallaciam
1633 4154 1838 4201 tantum
1870 4161 1975 4203 non

403 4232 738 4297 hinnientes,
798 4235 921 4297 quis
947 4232 1194 4287 dubitet?
1249 4247 1375 4287 cum
1414 4232 1664 4290 Christus
1716 4236 1785 4291 de
1818 4235 1976 4292 beato

404 4321 576 4377 Paulo
604 4322 747 4376 dicat
780 4321 849 4376 ad
882 4322 1170 4390 Ananiam,
1207 4339 1228 4374 ι
1256 4320 1425 4388 Vade,
1455 4325 1708 4394 quoniam
1737 4341 1835 4382 vas
1867 4326 1976 4383 ele-

2081 3157 2207 3220 τοὺς
2237 3156 2338 3226 τῆς
2355 3151 2681 3222 οἰκουμένης
2712 3145 3127 3218 μυσταγωγοὺς,
3166 3145 3291 3205 τοὺς
3319 3140 3509 3208 ἁγίους
3532 3139 3662 3192 ἀπο-

2083 3247 2302 3309 στόλους
2323 3245 2414 3297 καὶ
2443 3239 2855 3310 εύαγγελιστάς,
2898 3235 3311 3306 κατηγωνίσατο
3342 3233 3441 3303 μὲν
3476 3230 3543 3283 δι’
3566 3230 3658 3282 αύ-

2082 3339 2189 3394 τῶν
2221 3339 2347 3400 τοὺς
2390 3334 2655 3405 Ἑλλήνων
2685 3331 2903 3400 σοφοὺς,
2925 3328 3157 3393 ἐξείλετο
3184 3326 3241 3379 δέ
3262 3325 3389 3386 τοὺς
3423 3323 3655 3393 ἀμνοὺς,

2079 3431 2179 3501 τῆς
2200 3428 2426 3484 ἐκείνων
2453 3422 2875 3497 ἀθυροστομίας,
2908 3420 3002 3474 καὶ
3033 3418 3143 3471 τῶν
3165 3418 3261 3485 τῆς
3285 3414 3498 3483 ἀπάτης
3530 3410 3658 3482 βρό-

2079 3539 2189 3593 χων
2252 3516 2590 3581 ἀπαλλάξας,
2651 3512 2989 3583 μετέστησαν
3042 3511 3122 3571 είς
3179 3504 3504 3574 θεογνωσίαν
3560 3501 3659 3572 τὴν

2079 3611 2257 3683 ἀληθῆ
2294 3609 2389 3665 καὶ
2427 3606 2746 3679 ἀμώμητον.
2779 3621 2799 3655 ι
2847 3598 3231 3680 Ἐπισκέψεται
3270 3597 3467 3658 τοίνυν,
3501 3594 3657 3665 φησὶ.

2077 3703 2138 3759 τὸ
2170 3703 2418 3775 ποίμνιον
2452 3697 2622 3755 αὑτοῦ
2649 3697 2738 3752 τὸν
2781 3689 2928 3749 οἷκον
2978 3691 3165 3745 Ἰούδα.
3205 3676 3224 3740 ί
3262 3688 3554 3758 Ποιήσεται
3599 3683 3658 3737 δέ

2080 3796 2242 3850 αὑτὸν
2293 3790 2405 3848 οἷον
2442 3792 2607 3847 ἵππον
2646 3785 2897 3860 εὐπρεπῆ
2934 3785 3027 3839 καὶ
3070 3779 3539 3853 πολεμικώτατον,
3571 3777 3656 3848 ἐφ’

2077 3881 2122 3957 ᾧ
2154 3887 2361 3959 νοητῶς
2390 3883 2673 3956 μονονουχὶ
2697 3882 2790 3936 καὶ
2814 3876 3198 3950 ἐποχούμενος,
3224 3873 3326 3944 τῆς
3367 3870 3655 3941 Ἑλλήνων,

2078 3980 2154 4043 ὡς
2184 3978 2342 4047 ἔφην,
2373 3971 2910 4045 καταστρατεύσεται
2948 3967 3214 4038 γλώττης,
3247 3965 3343 4018 καὶ
3369 3963 3469 4034 τῆς
3508 3961 3659 4015 ἐνού-

2081 4085 2180 4139 σης
2200 4067 2384 4129 αὐτοῖς
2413 4064 2606 4135 σοφίας
2645 4060 2990 4132 καταγράφει
3022 4059 3084 4112 τὺ
3121 4057 3375 4122 ἀκαλλὲς,
3415 4053 3511 4109 καὶ
3562 4055 3657 4107 ἀν-

2077 4161 2288 4229 όνητον.
2314 4158 2438 4211 ’Ότι
2459 4156 2570 4227 γάρ
2611 4156 2669 4208 ἐν
2693 4156 2816 4216 ταῖς
2855 4152 3123 4223 Ἑλλήνων
3153 4149 3475 4219 διασωραίς
3500 4145 3552 4199 οἱ
3572 4144 3657 4198 θε-

2080 4249 2292 4305 σπέσιοι
2319 4248 2575 4318 γεγόνασι
2599 4233 2840 4317 μαθηταὶ
2879 4238 2969 4296 οἷά
3002 4258 3146 4304 τινες
3172 4241 3346 4302 ἵπποι,
3374 4236 3656 4313 μονονουχὶ

2078 4338 2636 4413 καταχρεμετίζοντες
2656 4337 2755 4408 τῆς
2771 4336 2898 4407 παρ’
2922 4335 3102 4397 αὐτοῖς
3121 4326 3656 4403 ἁθυροστομίας,ὂιαὶ

399 4414 595 4471 ctionis
626 4413 756 4469 mihi
791 4422 875 4468 est
907 4414 1028 4481 iste,
1063 4423 1122 4468 ut
1155 4424 1332 4486 portet
1357 4433 1553 4472 nomen
1582 4433 1757 4474 meum
1791 4434 1973 4475 coram

2079 4405 2406 4501 θεοστῦγοῦς
2428 4419 2665 4500 ἀπτάτης,
2690 4405 2809 4496 πῶς
2840 4405 2908 4481 ἀν
2938 4422 3229 4479 ἐνδοιάσειὲ
3268 4438 3352 4485 τις
3375 4437 3390 4487 ;
3415 4418 3652 4491 Χριστοῦ

399 4504 674 4577 gentibus,
714 4512 770 4560 et
813 4504 1051 4575 regibus,
1082 4512 1138 4559 et
1166 4504 1289 4561 filiis
1316 4506 1604 4563 Israel“.s
1637 4508 1703 4562 Et
1728 4509 1978 4566 Habacuc

397 4600 551 4666 quasi
570 4596 854 4653 Dominum
885 4604 1131 4651 nostrum
1170 4594 1352 4652 Jesum
1366 4598 1636 4655 Christum
1662 4599 1972 4669 alloquens:

400 4705 423 4741 ε
455 4688 723 4754 Quoniam
754 4688 1009 4744 ascendet
1052 4702 1216 4757 super
1246 4704 1415 4759 equos
1441 4699 1585 4757 tuos,
1632 4699 1687 4747 et
1709 4691 1974 4762 equitatio

400 4789 491 4834 tua
524 4779 671 4836 salus
702 4798 721 4850 ε
754 4779 938 4850 lnquit
961 4779 1126 4849 igitur
1155 4795 1171 4833 :
1201 4798 1221 4833 ι
1254 4780 1427 4836 Ponet
1455 4781 1652 4850 ipsum,
1683 4792 1743 4836 ut
1773 4796 1970 4852 equum

397 4869 656 4926 decorum
680 4871 732 4924 in
756 4870 914 4939 bello,
932 4879 1069 4928 etex
1088 4872 1206 4945 ipso
1234 4873 1472 4942 respexit
1491 4871 1556 4926 ³³.
1587 4890 1607 4924 ι
1639 4871 1873 4927 Proinde
1904 4889 1969 4929 ac

396 4963 441 5018 si
461 4962 641 5018 dicat:
674 4961 841 5034 748
869 4963 1247 5020 Consideravit
1275 4979 1381 5020 non
1401 4962 1617 5034 quidem
1645 4972 1703 5019 ut
1728 4964 1866 5019 Deus
1898 4964 1964 5020 ad

396 5053 757 5111 ministerium
789 5055 1189 5124 praedicationis
1217 5055 1543 5123 evangelicae
1571 5056 1822 5124 idoneos,
1854 5055 1968 5111 ele-

381 5143 474 5262 lgit
501 5152 679 5199 autem
719 5143 787 5197 de
836 5143 977 5198 tribu
1003 5139 1161 5210 Juda,
1192 5152 1248 5200 et
1301 5158 1369 5199 ex
1412 5145 1544 5213 ipsis
1594 5146 1974 5215 praedicatores

405 5236 677 5262 ηΑηΑΙξΙ-ιζ.
732 5235 910 5262 ἭΑι-Αι
942 5236 1082 5262 Α--ε-..
1114 5252 1202 5262 Α..-
1227 5251 1336 5262 ιη...
1361 5237 1649 5262 ....I--..---:-
1679 5239 1950 5262 ---ε-2-...Α-

377 5235 701 5310 ,‘constituit.
732 5235 915 5292 Voluit
940 5236 1085 5292 enim
1111 5252 1205 5293 eos
1226 5251 1339 5293 sua:
1361 5237 1651 5294 voluntatis
1678 5239 1972 5305 ministros,

396 5333 453 5382 et
479 5329 781 5399 adjutores,
827 5341 881 5387 et
908 5331 1097 5401 gratia:
1119 5332 1187 5388 ab
1226 5332 1343 5402 ipso
1371 5332 1633 5387 donanda;
1674 5333 1819 5389 velut
1861 5349 1975 5388 tne-

398 5416 637 5475 diatores
684 5432 740 5477 et
785 5424 1190 5492 dispensatores
1251 5424 1390 5479 ﬁeri.
1443 5423 1706 5481 Praeterea
1748 5443 1812 5482 ex
1841 5428 1972 5496 ipso,

398 5506 598 5576 inquit,
626 5512 731 5567 hoc
779 5524 864 5570 est
915 5513 1054 5572 Juda
1110 5516 1163 5572 in
1191 5513 1379 5573 furore
1413 5517 1654 5577 intentus
1687 5527 1773 5577 est
1813 5535 1974 5579 arcus

465 5684 512 5721 ⁸³
535 5686 657 5744 Act.
690 5696 765 5758 ιι,
792 5689 880 5745 15.
955 5692 999 5725 ³³
1021 5691 1225 5750 Hahae.
1257 5710 1340 5762 tu,
1380 5699 1433 5757 8.

2075 4522 2327 4592 λέγοντος
2357 4522 2485 4592 περὶ
2509 4518 2604 4573 τοῦ
2644 4517 2914 4589 μακαρίου
2944 4514 3157 4569 Παύλου
3190 4512 3328 4582 πρὸς
3365 4510 3615 4565 Ἀνανίαν
3634 4524 3650 4541 ο

2080 4633 2100 4667 ι
2136 4614 2397 4685 Πορεύου,
2437 4614 2519 4667 ὅτι
2554 4610 2748 4675 σκεῦος
2776 4609 3005 4679 ἐκλογῆς
3035 4607 3125 4679 μοί
3169 4608 3318 4661 ἐστιν
3356 4597 3534 4670 οὗτος,
3556 4602 3654 4659 τοῦ

2075 4702 2343 4774 βαστάσαι
2374 4702 2437 4755 τὸ
2469 4701 2641 4772 ὄνομά
2675 4716 2776 4771 μου
2812 4697 3044 4753 ἐνώπιον
3074 4696 3244 4751 ἐθνῶν
3274 4712 3336 4750 τε
3374 4694 3469 4751 καὶ
3498 4694 3656 4766 βασι-

2072 4794 2208 4849 λέων
2237 4795 2330 4849 καὶ
2354 4794 2487 4848 υἱῶν
2541 4790 2778 4864 Ἰσραήλ.
2814 4809 2833 4844 s
2871 4790 3018 4862 Ἔφη
3056 4788 3113 4843 δέ
3139 4806 3241 4843 που
3268 4788 3363 4843 καὶ
3388 4788 3418 4842 6
3451 4786 3658 4859 ’Δμσα-

2075 4888 2222 4956 κοὺμ
2262 4885 2340 4950 ὡς
2379 4884 2515 4953 πρὸς
2548 4884 2641 4937 τὸν
2690 4883 2896 4954 Κύριον
2922 4881 3079 4954 ἡμῶν
3121 4880 3328 4954 Ἰησοῦν
3376 4879 3611 4951 Χριστόν
3635 4896 3650 4910 ·

2080 4997 2099 5031 ι
2128 4979 2266 5039 ,Ὅτι
2294 4977 2530 5049 ἐπιδήσῃ
2558 4976 2650 5030 ἐπὶ
2679 4978 2806 5039 τοὺς
2847 4975 3049 5038 ἵππους
3075 4990 3191 5040 σου,
3231 4972 3326 5027 καὶ
3352 4973 3389 5044 ἠ
3419 4970 3653 5025 ίππασία

2081 5086 2198 5137 σου,
2245 5067 2510 5140 σωτηρία.
2564 5084 2584 5119 ι
2617 5063 2825 5121 Οὐκοῦν
2856 5083 2876 5117 ι
2917 5064 3071 5130 τάξει
3129 5063 3315 5130 αὑτὸν,
3359 5064 3544 5136 φησὶν,
3578 5062 3656 5127 ὡς

2078 5161 2245 5213 ἵππον
2273 5157 2524 5231 εὐπρεπῆ
2550 5159 2609 5212 ἐν
2639 5156 2881 5228 πολέμῳ,
2912 5155 3007 5210 καὶ
3027 5153 3088 5221 ἐξ
3102 5156 3267 5210 αὐτοῦ
3295 5152 3647 5223 ἐπέϐλεψεν.»

2074 5249 2298 5321 Ὅμοιον
2335 5249 2412 5314 ὡς
2435 5252 2484 5304 εί
2505 5249 2691 5318 λέγοι·
2727 5248 3120 5318 Κατεσκέψατο
3153 5247 3252 5319 μὲν
3275 5246 3352 5309 ὡς
3372 5244 3503 5309 Θεὸς
3525 5244 3653 5307 τοὺς

2070 5341 2411 5412 ἐπιτηδείους
2437 5342 2517 5405 είς
2542 5340 2817 5395 διακονίαν
2839 5340 2950 5395 τῶν
2977 5336 3350 5409 εὐαγγελικῶν
3371 5334 3657 5406 κηρυγμάρ

2070 5450 2199 5499 των,
2227 5432 2560 5498 ἀπολέκτους
2603 5449 2668 5503 γε
2705 5431 2811 5504 μὴν
2857 5432 3151 5504 ἐποιήσατο
3191 5429 3319 5490 τοὺς
3364 5425 3425 5492 ἐξ
3458 5424 3653 5491 Ἰούδα,

2071 5523 2249 5590 καὶέξ
2282 5523 2461 5580 αὐτῶν
2510 5522 2718 5591 ἔταξεν.
2750 5523 2937 5577 Εἵλετο
2974 5523 3082 5591 γὰρ
3130 5520 3328 5584 αὐτοὺς
3359 5515 3465 5572 τῶν
3507 5515 3656 5570 ίδίων
