4092 6202
379 281 486 338 165

1191 276 1753 334 COMMENTARle
1798 277 1859 331 ΙΝ
1903 277 2309 335 ZACHARIAM
2347 278 2795 338 PliOPllETAM.

3554 293 3657 349 £66

378 397 704 470 Θελημάτων
741 394 1017 465 ὑπηρέτας
1064 395 1339 463 γενέσθαι,
1383 398 1478 451 καὶ
1526 398 1855 468 ὑπουργοὺς,
1883 399 1978 453 καὶ

2079 410 2267 455 contra
2304 399 2665 456 adversarios.
2701 402 2778 457 Ex
2814 401 2931 471 ipso
2964 402 3183 474 insuper
3211 426 3230 458 ι
3265 407 3577 478 egredietur
3602 426 3660 465 ot

376 493 478 562 τῆς
522 488 653 559 παρ’
681 486 848 541 αὐτοῦ
896 488 1119 557 χάριτος
1162 490 1327 541 οἱονεὶ
1372 490 1622 559 μεσίτας,
1662 491 1755 544 καὶ
1787 491 1971 544 διακό-

379 599 522 644 νους.
557 579 678 632 Ἔτι
715 578 773 631 δέ
800 594 986 647 φησιν,
1017 577 1087 640 ἐξ
1118 579 1328 643 αὐτοῦ,
1368 580 1615 633 τουτέστι
1664 580 1758 634 τοῦ
1800 580 1969 635 ’ἰούδα

2075 492 2302 546 abactor
2335 491 2388 545 in
2425 492 2674 560 idipsum.
2708 510 2726 544 ι
2792 492 3138 561 Abactorem,
3193 508 3359 568 puto,
3419 499 3657 570 appellat

2075 585 2431 651 praedatorem
2468 594 2524 636 et
2544 583 2786 652 captivos
2811 584 3117 642 ducentem.

375 677 521 730 τὸέν
546 672 704 744 Θυμῷ
741 674 1052 743 τεινόμενον
1094 673 1244 738 τόξον
1275 674 1417 727 κατὰ
1455 674 1562 728 τῶν
1608 676 1964 731 ὑπεναντίων.
2020 676 2110 743 Ἐξ
2171 677 2339 733 αὐτοῦ
2400 678 2457 732 δὲ
2496 678 2660 733 πάλιν
2705 698 2722 730 ι
2763 680 3105 745 ἐξελεύσεται
3135 685 3231 737 καὶ
3273 684 3571 749 ἐξελαύνων
3600 691 3660 746 ἐν

378 766 454 834 τῷ
485 764 653 834 αὑτῷ.
695 782 713 815 ι
754 761 1142 827 Ἐξελαύνοντα
1181 762 1261 827 δέ,
1297 763 1373 827 ὥς
1401 780 1466 832 γε
1507 760 1683 835 οἶμαι,
1751 768 1885 837 φησί
1911 768 2002 821 τὸν
2040 768 2407 840 λεηλατοῦντά
2435 787 2492 823 τε
2524 771 2616 823 καὶ
2645 771 3138 841 αἱχμαλωτίζοντα.

447 854 752 927 Δεδρὰκασι
783 854 841 907 δὲ
871 853 1029 907 τοῦτο
1056 856 1105 907 oi
1136 853 1414 909 θεσπέσιοι
1465 856 1728 928 μαθηταὶ,
1759 861 1886 921 τοὺς
1913 860 1971 927 ἐξ

386 948 655 1018 Ἑλλήνων
682 946 1041 1018 ἁρπάζοντες,
1076 948 1171 1000 καὶ
1205 947 1282 1019 τῷ
1310 948 1532 1020 μεγάλῳ
1576 953 1972 1023 προσκομίθΨ

377 1057 463 1103 τες
492 1039 725 1110 βασιλεῖ,
762 1040 905 1110 φημὶ
930 1039 994 1109 δὴ
1032 1040 1277 1111 Χριστῷ,
1307 1041 1393 1093 ἵνα
1434 1041 1525 1093 ὑπ’
1566 1042 1716 1113 αὐτῷ
1742 1060 1802 1096 τε
1837 1040 1967 1109 εἷεν,

378 1134 465 1185 καὶ
487 1130 557 1183 τὰ
583 1130 750 1184 αὑτοῦ
778 1132 997 1201 φρονεῖν
1017 1130 1242 1197 ἕλοιντο,
1265 1136 1365 1203 τῆς
1388 1132 1478 1185 τοῦ
1502 1132 1748 1187 διαϐόλου
1774 1136 1965 1188 πλεον-

372 1225 519 1289 εξίας
579 1225 698 1295 ὀψὲ,
728 1225 835 1291 καὶ,
850 1225 1004 1295 μόλις
1033 1227 1462 1298 ἀποσεισάμενοι
1491 1229 1582 1282 τὸν
1609 1229 1790 1297 ζυγόν.
1820 1232 1971 1284 Κατ-

370 1317 694 1390 ηνδρίσαντο
725 1318 781 1370 δὲ
819 1315 962 1371 οὕτω
1002 1318 1113 1371 τῶν
1163 1319 1297 1391 παρ’
1324 1321 1550 1392 Ἕλλησι
1581 1322 1760 1391 σοφῶν
1790 1324 1838 1376 οἱ
1869 1322 1962 1376 θε-

371 1412 585 1465 σπέσιοι
645 1410 906 1481 μαθηταὶ,
960 1410 1038 1475 ὡς
1080 1411 1181 1483 ήδη
1240 1430 1359 1476 πως
1403 1414 1578 1467 δοκεῖν
1624 1416 1796 1485 πηλὸν
1844 1418 1963 1481 ταῖς

368 1505 603 1575 τριόδοις
625 1504 1010 1576 διερῤιμμένον
1035 1508 1361 1575 συμπατεῖν.
1386 1506 1497 1560 Καὶ
1522 1508 1632 1579 γὰρ
1657 1504 1725 1579 ἦν
1758 1508 1962 1578 Κύριος

372 1597 492 1669 μετ’
534 1596 733 1660 αὐτῶν,
776 1615 793 1647 ι
837 1596 894 1648 'O
944 1597 1114 1650 ποιῶν
1149 1597 1379 1668 μεγάλα,
1416 1599 1510 1652 καὶ
1556 1600 1960 1672 ἁνεξιχνίαστα,

369 1690 556 1756 ἔνδοξα
584 1707 642 1744 τε
672 1689 766 1742 καὶ
794 1688 1038 1755 ἐξαίσια,
1065 1683 1140 1743 ῶν
1177 1691 1276 1743 οὐκ
1308 1690 1456 1744 ἐστιν
1486 1691 1736 1763 ἀριθμός.
1779 1711 1798 1744 ι
1838 1694 1965 1747 Ἔπ-
1996 1717 2038 1772 Β

368 1783 564 1852 εφὼνει
584 1782 640 1835 δέ
655 1798 758 1835 που
781 1782 877 1834 καὶ
908 1783 935 1835 ὁ
955 1780 1211 1853 Χριστὸς,
1235 1776 1348 1847 τοῖς
1377 1783 1733 1837 πιστεύσασιν
1762 1784 1844 1849 εἰς
1865 1786 1963 1840 αὐ-

368 1877 492 1930 τόν·
531 1892 551 1927 t
593 1870 724 1928 ’ἰδού
773 1874 983 1927 δέδωκα
1013 1874 1140 1944 ὑμῖν
1189 1877 1382 1929 πατεῖν
1414 1876 1600 1929 ἐπάνω
1637 1876 1837 1945 ὄφεων,
1867 1877 1962 1933 καὶ

372 1967 671 2041 σκορπίων,
701 1967 798 2019 καὶ
832 1966 925 2018 ἐπὶ
963 1966 1144 2020 πᾶσαν
1174 1966 1273 2037 τὴν
1303 1965 1533 2037 δύναμιν
1562 1968 1655 2020 τοῦ
1682 1967 1901 2039 ἐχθροῦ.
1935 1987 1954 2021 ι

381 2060 578 2115 ’ἰστέον
611 2059 668 2113 δὲ
694 2059 777 2111 ὅτι
822 2057 1198 2129 πνευματικὴν
1233 2057 1334 2130 μὲν
1366 2060 1531 2129 ἡμεῖς
1579 2056 1961 2129 ἐξυφαίνοντες

370 2153 624 2223 Θεωρίαν,
651 2151 720 2205 τὰ
747 2148 977 2205 τοιαῦτά
1004 2167 1209 2223 φαμεν.

451 2244 722 2308 Ἰουδαίοις
746 2261 808 2313 γε
843 2244 949 2315 μὴν
971 2245 1068 2315 οὐχ
1096 2238 1199 2298 ὧδε
1222 2244 1367 2316 ἔχειν
1394 2244 1455 2298 τὸ
1472 2245 1662 2317 χρῆμα
1678 2246 1844 2311 δοκεῖ,
1874 2245 1961 2300 δέ·

366 2356 549 2411 χονται
574 2337 629 2391 δέ
662 2336 864 2408 μᾶλλον
894 2336 1203 2407 ἰστορικῶς,
1236 2337 1329 2391 καί
1379 2355 1564 2407 φασιν,
1597 2339 1677 2391 ὅτι
1708 2338 1845 2410 μετὰ
1866 2340 1958 2393 τὸν

367 2431 464 2502 τῆς
495 2428 874 2499 αἰχμαλωσίας
907 2428 1106 2499 καιρὸν
1137 2428 1521 2500 πεπολέμηκεν
1543 2430 1747 2496 αὐτοῖς,
1781 2432 1809 2484 ὀ
1833 2431 1957 2485 ἐπί-

368 2522 502 2591 κλην
548 2517 847 2590 Ἐπιφανὴς
881 2518 1154 2589 ’Δντίοχος
1193 2518 1452 2588 πλείστην
1478 2537 1536 2573 τε
1559 2521 1692 2593 ὅσην
1722 2538 1958 2590 συναγα-

367 2613 478 2682 γὼν
533 2615 599 2666 ἐκ
650 2611 751 2682 τῆς
790 2610 1060 2682 Ἑλλήνων
1106 2609 1293 2682 χώρας
1332 2610 1442 2664 τῶν
1493 2602 1819 2682 μαχομένων
1857 2613 1956 2685 τὴν

365 2705 631 2777 ἄθροισιν,
673 2704 766 2757 καί
803 2702 911 2773 μὴν
941 2703 1036 2757 καί
1069 2705 1190 2766 ταῖς
1221 2702 1350 2774 παρ’
1381 2703 1585 2773 ἐτέρων
1613 2703 1957 2774 ἐπικουρίαις

365 2797 754 2868 ὠφρυωμένος.
814 2794 956 2847 Ἀλλ’
1010 2793 1085 2857 ὡς
1144 2793 1300 2847 αὐτοί
1387 2810 1542 2862 φασι,
1597 2793 1883 2863 νενίκηκεν
1927 2795 1957 2847 ό

379 2886 615 2959 Ἰσραὴλ,
651 2885 872 2956 καὶτῆς
914 2886 1124 2939 ἐκείνου
1156 2884 1477 2957 σκαιότητος
1518 2884 1617 2956 τὴν
1640 2885 1848 2957 ἀμείνω
1871 2886 1957 2940 δό-

310 3022 315 3029 .
370 2980 464 3046 ξαν
505 2980 872 3049 ἀπηνέγκατο.
911 2978 1047 3031 Τότε
1075 2977 1183 3050 γὰρ
1224 2976 1539 3049 συμϐέϐηκε
1595 2978 1690 3031 καὶ
1736 2978 1861 3042 τοὺς
1891 2980 1957 3033 ἐκ

2141 862 2410 918 Fecerunt
2435 864 2539 918 hoc
2561 866 2734 919 sancti
2763 867 3106 937 discipuli.de
3132 867 3338 923 (ἔα-εειθίε
3365 872 3655 939 rapientes.

2069 968 2204 1023 quos
2230 968 2424 1021 magno
2453 956 2583 1025 regi.
2651 955 2889 1023 Christo,
2939 959 3177 1027 inquam,
3219 960 3550 1027 obtulerunt,
3599 972 3659 1017 ut

2069 1045 2170 1099 sub
2208 1046 2325 1114 ipso
2356 1057 2563 1111 essent,
2610 1056 2664 1101 et
2704 1064 2824 1116 (ιιιω
2863 1049 2979 1118 ejus
3025 1061 3151 1105 sunt
3214 1068 3407 1122 sapere
3436 1056 3654 1120 vellent,

2022 1136 2031 1145 '
2069 1136 2343 1191 diabolicae
2366 1139 2645 1193 servitutis
2670 1139 2802 1209 jugo
2865 1156 3009 1208 sero,
3048 1150 3104 1198 et
3142 1143 3228 1199 vix
3290 1148 3505 1201 tandem
3555 1162 3657 1201 ex-

2067 1243 2246 1283 cusso.
2313 1230 2466 1285 Adeo
2525 1237 2706 1285 autem
2767 1242 2956 1287 contra
3006 1233 3318 1290 ercorum
3381 1239 3658 1306 sapientes

2068 1327 2289 1375 strenue
2316 1322 2485 1375 divini
2533 1322 2778 1392 discipuli
2802 1339 2859 1379 se
2893 1337 3195 1395 gesserunt,
3227 1338 3284 1382 ιιι
3345 1330 3459 1399 jam
3513 1349 3653 1400 qno-

2068 1412 2357 1467 dummodo
2389 1413 2554 1467 lutum
2596 1416 2647 1469 iu
2709 1416 2884 1471 triviis
2901 1417 3087 1482 jacens
3134 1424 3455 1477 concuteare
3506 1424 3656 1478 vide-

2068 1514 2277 1560 rentur.
2313 1504 2525 1559 Etenim
2558 1506 2817 1563 Dominus
2843 1518 3113 1564 erat-cnm
3142 1511 3294 1581 ipsis,
3342 1533 3361 1565 ι
3391 1514 3492 1581 Qui
3524 1516 3655 1571 facit

2071 1610 2286 1665 magna,
2329 1605 2384 1650 et
2417 1597 2812 1664 iuscrutabilia,
2851 1600 3107 1669 gloriosa,
3131 1610 3186 1665 ct
3222 1604 3477 1674 iugentia,
3510 1621 3651 1678 quo-

2067 1702 2184 1741 rum
2217 1704 2320 1743 non
2350 1699 2433 1744 est
2473 1705 2733 1746 numerus
2757 1691 2822 1746 “.
2868 1711 2887 1746 ι
2947 1692 3244 1763 Compellat
3299 1706 3355 1752 et
3401 1700 3654 1757 Christus

2070 1780 2264 1836 alicubi
2299 1783 2581 1839 credentes
2601 1784 2652 1838 in
2684 1786 2777 1840 se:
2811 1786 2978 1841 «Ecce
3002 1787 3121 1842 dedi
3151 1788 3305 1843 vobis
3323 1799 3649 1858 potestatem

2068 1872 2311 1928 calcandi
2378 1889 2540 1944 supra
2584 1885 2864 1943 serpentes
2915 1885 2970 1931 et
3008 1881 3348 1947 scorpiones,
3402 1892 3451 1936 et
3484 1897 3649 1952 supra

2067 1979 2282 2019 omnem
2312 1965 2563 2019 virtutem
2590 1966 2793 2020 inimici
2822 1967 2894 2021 ³⁸.
2919 1986 2940 2021 ι
2991 1967 3488 2039 Sciendnmporro,
3527 1988 3646 2038 nos,

2066 2055 2401 2125 spiritualem
2450 2057 2957 2127 interpretationem
2999 2071 3356 2118 contexentes
3402 2064 3519 2119 haec
3566 2063 3649 2120 di-

1992 2170 2003 2177 α
2022 2140 2025 2143 ’
2063 2160 2211 2202 cere.

2135 2240 2205 2294 At
2250 2237 2448 2295 Iudaeis
2479 2240 2753 2295 diversum
2780 2240 2979 2311 placet,
3010 2243 3099 2314 qui
3127 2244 3244 2299 haec
3271 2243 3531 2301 historice
3551 2259 3652 2317 po-

2065 2330 2176 2386 tius
2209 2332 2500 2401 accipiunt,
2526 2331 2928 2404 aﬂirmantque,
2958 2344 3081 2404 post
3124 2343 3337 2408 tempus
3361 2339 3650 2407 captivita-

2067 2423 2134 2477 tis
2162 2424 2435 2477 hostiliter
2466 2439 2562 2479 eos
2603 2424 2871 2480 invasisse
2905 2427 3230 2482 Antiochum
3289 2438 3649 2497 cognomento

2065 2514 2399 2583 Epiphanem
2467 2530 2589 2569 cum
2628 2517 2803 2585 copiis
2848 2531 2879 2572 e
2920 2515 3128 2572 Graecia
3177 2518 3422 2586 inﬁnitis,
3480 2531 3534 2575 et
3578 2518 3648 2574 ab

2062 2607 2183 2662 aliis
2210 2607 2457 2677 gentibus
2477 2608 2760 2662 auxiliaria
2785 2617 3059 2663 contracta
3084 2626 3266 2677 manu,
3294 2613 3436 2666 unde
3457 2626 3646 2681 super-

2062 2697 2244 2752 cilium
2274 2698 2517 2755 tollebat.
2552 2698 2657 2753 Sed
2681 2710 2739 2754 ut
2765 2700 2863 2769 ipsi
2894 2703 3249 2765 conﬁtentur,
3296 2704 3426 2757 vicit
3453 2702 3641 2771 Israel,

2061 2790 2205 2844 etde
2248 2789 2391 2844 illius
2443 2790 2782 2845 immanitate
2831 2791 3059 2859 gloriam
3130 2794 3233 2849 sibi
3291 2796 3643 2865 comparavit.

2063 2879 2214 2935 Tunc
2236 2881 2380 2935 enim
2404 2881 2631 2950 contigit
2686 2880 3024 2938 Machabaeos
3076 2887 3341 2955 martyrio
3393 2889 3642 2942 virtutem

2060 2970 2360 3037 confessos,
2390 2971 2718 3028 celebritatis
2778 2988 2980 3029 corona
3030 2976 3275 3037 redimiri
3311 2977 3379 3031 ³⁸.
3409 2980 3489 3033 Ad
3518 2994 3645 3049 pro-

365 3072 743 3128 Μακκαϐαίων
780 3069 1275 3142 μεμαρτυρηκότας
1304 3070 1395 3123 τὸν
1417 3070 1516 3140 τῆς
1550 3069 1961 3139 εύδοκιμήσεως

2063 3063 2333 3118 bationcm
2410 3064 2694 3120 sententia:
2760 3078 2873 3119 suae
2920 3066 3081 3122 modo
3124 3076 3180 3122 et
3207 3069 3369 3138 paulo
3414 3085 3577 3140 supra
3612 3086 3644 3125 a

365 3164 734 3235 ἀναδήσασθαι
769 3163 1054 3233 στέφανον.
1082 3161 1533 3232 Παρακομίζουσι
1558 3160 1617 3213 δέ
1648 3160 1757 3213 τῶν
1782 3158 1963 3225 αὐτοῖς

365 3256 666 3311 δοκούντων
691 3256 771 3317 εἰς
798 3252 1075 3319 ἀπόδειξιν
1107 3252 1177 3305 τά
1192 3268 1253 3304 τε
1282 3252 1487 3321 ἀρτίως
1517 3253 1651 3322 ἡμῖν
1673 3252 1960 3324 εἰρημένα,

366 3348 460 3401 καὶ
493 3346 564 3399 τὰ
597 3345 763 3414 ὀλίγῳ
787 3343 1040 3405 κατόπιν,
1066 3340 1250 3412 ἔχουσι
1275 3341 1332 3395 δὲ
1378 3340 1580 3405 οὕτως·
1623 3361 1641 3393 ι
1675 3342 1822 3397 Διότι
1876 3343 1966 3397 ἐν·

356 3428 553 3492 Ἲέτεινὰ
604 3453 665 3491 σε
719 3433 967 3507 ἐμαυτῷ,
1001 3432 1202 3498 Ἰούδα,
1232 3431 1306 3497 ὡς
1361 3432 1549 3499 τόξον,
1604 3432 1815 3506 ἔπλησα
1871 3432 1967 3490 τὸν

378 3528 638 3601 Ἐφρατμ,
668 3529 762 3582 καὶ
808 3525 1059 3598 ἐπεγερῶ
1098 3525 1169 3579 τὰ
1210 3525 1377 3579 τέκνα
1419 3542 1534 3591 σου,
1562 3523 1722 3593 Σιὼν,
1766 3527 1859 3581 ἐπὶ
1892 3526 1980 3582 τὰ·

366 3624 534 3678 τέκνα
565 3623 673 3677 τῶν
707 3621 996 3693 Ἑλλήνων,
1043 3619 1140 3674 καί⁸
1162 3619 1473 3691 ψηλαφὴσω
1502 3637 1562 3673 σε
1585 3618 1661 3683 ὡς
1683 3620 1959 3690 ῥομφαίαν

370 3715 641 3787 μαχητοῦ,
662 3714 757 3768 καὶ
788 3713 940 3766 ἔσται
969 3711 1172 3784 Κύριος
1208 3712 1295 3765 ἐπ’
1318 3711 1535 3775 αὐτοὺς,
1568 3712 1662 3763 καί
1683 3710 1961 3777 ἐξελεύσε-

369 3826 457 3862 ται
487 3808 562 3871 ὼς
593 3806 849 3876 ἀστραπὴ
875 3803 1020 3875 βολίς
1043 3801 1229 3857 αὑτοῦ.
1268 3803 1376 3857 Καὶ
1409 3801 1614 3873 Κύριος
1646 3801 1958 3874 παντοκρά-

2064 3154 2220 3211 nobis
2250 3157 2391 3211 dicta
2416 3161 2739 3226 producunt,
2800 3172 2917 3227 qum
2970 3160 3117 3214 hunc
3166 3161 3218 3214 in
3279 3161 3498 3216 modum
3546 3164 3643 3215 hac

2062 3247 2235 3304 bent:
2267 3267 2286 3300 ι
2326 3241 2594 3316 Quoniam
2632 3251 2833 3305 tetendi
2874 3251 3005 3305 mihi
3045 3261 3117 3316 te,
3165 3251 3322 3321 Jnda,
3376 3262 3433 3308 ut
3458 3270 3643 3309 arcum

2063 3340 2280 3410 implevi
2314 3339 2597 3409 Ephraim,
2625 3350 2681 3395 et
2711 3341 2964 3397 excitabo
2995 3342 3136 3397 tilios
3156 3351 3275 3398 tuos
3319 3343 3451 3399 SiOu
3482 3361 3647 3414 super

2063 3433 2201 3489 illius
2233 3433 2571 3499 Graecorum,
2604 3444 2658 3489 et
2681 3437 3031 3491 contrectabo
3070 3444 3125 3491 te
3172 3448 3231 3490 ut
3261 3437 3494 3506 gladium
3529 3438 3645 3494 bel-

2064 3526 2274 3585 latoris.
2306 3526 2370 3580 Et
2408 3528 2513 3581 erit
2536 3525 2796 3581 Dominus
2826 3542 2990 3596 super
3020 3542 3135 3589 eos,
3167 3536 3221 3581 et
3244 3531 3551 3599 egredietur
3588 3540 3646 3584 ut

2068 3617 2246 3683 fulgur
2272 3617 2515 3688 jaculum
2546 3615 2681 3685 ejus.
2713 3617 2781 3671 Et
2812 3615 3071 3671 Dominus
3116 3618 3458 3688 omnipotens
3517 3620 3644 3674 tuba

2064 3718 2244 3775 canet,
2281 3719 2336 3764 et
2373 3710 2473 3764 ibit
2503 3709 2555 3763 in
2582 3709 2942 3764 commotione
2984 3708 3254 3765 minarum
3295 3709 3433 3779 ejus.
3460 3709 3642 3766 Domi-

2063 3817 2167 3856 nus
2192 3802 2536 3871 omnipotens
2564 3811 2808 3873 preteget
2835 3814 2928 3856 eos
2949 3801 3015 3856 ³⁷.
3054 3820 3072 3854 ι

368 3917 482 3969 τωρ
525 3899 584 3951 ἐν
651 3894 913 3964 σάλπιγγι
981 3892 1222 3960 σαλπιεῖ,
1264 3891 1362 3947 καὶ
1405 3891 1734 3964 πορεύσεται
1777 3893 1834 3946 ἐν
1878 3891 2026 3966 σάλῳ
2060 3893 2288 3965 ἀπειλῆς
2343 3892 2529 3948 αὑτοῦ.
2590 3892 2796 3966 Κύριος
2854 3896 3250 3985 παντοκράτωρ
3312 3898 3642 3971 ὑπερασπιεῖ

366 3993 569 4051 αὐτῶν.
604 4010 624 4044 ι

437 4086 547 4142 Καὶ
578 4081 1219 4152 καταισχυνθήσονται
1269 4079 1557 4136 ἀναϐάται
1599 4080 1821 4145 ἵππων,
1856 4080 1956 4135 καί

371 4177 721 4245 κατισχύσω
748 4173 855 4229 τὸν
894 4169 1064 4228 οἷκον
1100 4172 1314 4239 Ἰούδα,
1348 4172 1446 4226 καί
1492 4172 1603 4227 τόν
1633 4169 1802 4229 οἷκον
1839 4176 1958 4229 Ἰω-

371 4269 501 4338 σὴφ
548 4266 750 4331 σώσω,
799 4264 896 4320 καί
929 4262 1206 4319 κατοικιῶ
1252 4263 1496 4331 αὐτοὺς,
1545 4264 1636 4318 ὅτι
1673 4263 1959 4335 ἠγάπηκα

372 4350 616 4426 αὐτούς.

439 4452 559 4506 ΞΘ.
613 4449 753 4504 Φασὶ
796 4448 862 4520 δὴ
910 4448 1073 4503 πάλιν
1120 4447 1171 4501 οἰ
1220 4449 1333 4511 τοῖς
1377 4446 1686 4511 Ἰουδαϊκοῖς
1730 4462 1957 4515 συναγο-

375 4544 623 4617 ρεύοντες
655 4542 1012 4614 διηγήμασιν,
1044 4540 1125 4594 ὅτι
1157 4539 1674 4612 συγκεκροτημένης
1697 4541 1796 4610 τῆς
1817 4538 1956 4609 πρὸς

374 4635 643 4705 Ἕλληνας
692 4632 894 4704 μάχης,
928 4630 978 4684 oi
1014 4629 1112 4701 μὲν
1151 4630 1376 4683 ἐκείνων
1424 4629 1611 4693 ἰππεῖς
1648 4627 1953 4694 διολώλασι,

371 4722 751 4796 κεκρατήκασι
784 4739 851 4792 γε
895 4720 1005 4792 μὴν
1042 4722 1091 4774 οἱ
1124 4720 1183 4788 ἐξ
1220 4720 1451 4791 αἵματος
1488 4718 1728 4792 Ἰσραὴλ,
1760 4718 1834 4782 ὡς
1859 4737 1960 4773 κα·

369 4818 621 4887 τοικῆσαι
647 4815 746 4888 τὴν
797 4813 979 4886 χώραν
1021 4813 1239 4878 αὐτοὺς,
1276 4810 1435 4883 δῆλον
1471 4810 1526 4865 δέ
1558 4812 1640 4866 ὅτι
1682 4812 1782 4882 τὴν
1822 4812 1957 4866 ἰου-

368 4908 551 4975 δαίαν,
599 4907 800 4972 παντὸς
843 4905 1167 4978 ἐλευθέρους
1207 4904 1488 4976 δείματος,
1524 4905 1618 4987 καὶ
1657 4905 1869 4970 οὐδενὸς
1900 4903 1965 4959 τὸ

372 5002 639 5071 παράπαν
680 4995 1125 5065 ἀποικισθέντος,
1152 4997 1321 5069 ἧγουν
1354 4995 1701 5068 αἰχμαλώτου
1735 5014 1963 5069 γεγενη·

378 5089 558 5162 μένου.
602 5091 794 5162 Ἡμεῖς
822 5089 881 5144 δέ
907 5092 1020 5154 τοῖς
1061 5088 1303 5161 πρώτοις
1338 5088 1743 5160 συμϐαίνουσαν
1775 5104 1835 5141 τι
1867 5087 1964 5142 καὶ

375 5184 608 5255 ἑδελφὴν
647 5183 921 5246 ποιεῖσθαι
965 5182 1361 5248 σπουδάζοντες
1399 5181 1500 5254 τὴν
1525 5181 1634 5235 τῶν
1674 5180 1962 5251 νοημάτων

374 5275 650 5341 ἀπόδοσιν,
675 5275 956 5340 ἀναϐάτας
986 5275 1170 5331 ἵππων
1196 5275 1325 5338 τοὺς
1348 5274 1844 5348 κατῃσχυμμένους
1864 5272 1963 5344 οὐχ

374 5365 595 5437 ἐτέρους
618 5363 758 5423 εἷναί
786 5384 1000 5439 φαμεν,
1032 5366 1065 5439 ἢ
1104 5366 1232 5430 τοὺς
1252 5365 1360 5420 τῶν
1393 5364 1722 5436 Ἑλληνικῶν
1752 5364 1962 5435 δογμά-

372 5474 483 5513 των
506 5460 938 5532 προεστηκότας,
973 5458 1319 5529 καῖὰπάτης
1358 5458 1457 5524 τῆς
1482 5456 1772 5527 θεομισοῦς
1796 5456 1965 5526 ὑπερ-

1986 4311 2033 4367 D

2135 4079 2299 4136 Vens.
2326 4078 2379 4135 6.
2411 4078 2480 4133 Et
2532 4080 2925 4149 confundantur
2990 4098 3289 4138 ascensorer
3369 4100 3637 4154 equarum,

2064 4170 2237 4244 749
2267 4182 2314 4225 et
2342 4171 2655 4241 confortabo
2681 4172 2893 4226 domum
2921 4172 3087 4239 Juda,
3113 4184 3161 4227 et
3190 4176 3403 4229 domum
3441 4174 3639 4244 Ioseph

2060 4265 2297 4328 salvabo,
2366 4271 2418 4317 et
2479 4263 2721 4319 habitare
2786 4264 2981 4334 faciam
3052 4283 3160 4332 eos,
3251 4268 3376 4336 quia
3459 4268 3631 4322 delt-xi

2059 4368 2167 4407 608.

2132 4438 2322 4497 LXIX.
2354 4441 2681 4499 Asseverant
2707 4460 2922 4500 rursum
2952 4445 3191 4504 .Indaicis
3238 4449 3640 4507 narrationibus

2060 4534 2489 4605 patrocinantes,
2544 4549 2719 4605 pugna
2793 4550 2914 4590 cum
2971 4536 3176 4593 Graecis
3232 4538 3387 4605 inita,
3423 4539 3641 4594 illorum

2058 4626 2271 4696 equites
2327 4626 2574 4696 periisse,
2620 4626 2816 4684 vicisse
2866 4624 3162 4696 lsraelitas,
3250 4639 3309 4686 ut
3364 4626 3639 4703 regionem

2060 4732 2238 4784 suam,
2269 4716 2509 4775 Judteam
2540 4731 2752 4790 nempe,
2777 4719 3086 4777 habitarent
3112 4721 3259 4778 omni
3299 4732 3507 4781 terrore
3542 4740 3639 4780 va-

2060 4808 2170 4875 cui,
2204 4810 2421 4865 nemine
2440 4812 2661 4867 omnino
2677 4811 2932 4877 abducto,
2961 4827 3056 4867 seu
3111 4816 3326 4884 captivo
3368 4815 3532 4875 facto.
3572 4822 3642 4874 At

2065 4916 2165 4958 nos
2197 4902 2470 4971 prioribus
2493 4905 2932 4976 convenientem,
2961 4918 3015 4962 et
3058 4924 3372 4982 germanam
3404 4913 3641 4985 explica-

2067 4996 2268 5050 tionem
2294 5010 2554 5052 sensuum
2585 4996 2782 5057 an'erre
2815 5002 3118 5069 studentes,
3143 5019 3461 5060 ascensores
3475 5019 3641 5070 equo-

2064 5102 2185 5141 rum
2231 5088 2488 5145 confusos
2532 5104 2637 5144 non
2700 5090 2837 5148 alios
2900 5109 3023 5149 esse
3070 5096 3449 5149 contendimus
3478 5107 3639 5161 quam

2062 5175 2372 5234 Graecorum
2391 5180 2703 5252 dogmatum
2726 5182 3015 5253 praesides,
3035 5191 3092 5237 et
3148 5183 3479 5238 seductionis
3530 5179 3641 5234 Deo

2061 5282 2241 5323 exosae
2272 5278 2724 5338 propugnatores,
2748 5272 2946 5342 quibus
2972 5273 3261 5341 prostratis
3282 5271 3412 5325 vicit
3448 5268 3637 5337 Judas,

2059 5367 2115 5415 et
2151 5360 2358 5415 salvata
2391 5370 2476 5416 est
2497 5376 2711 5431 quoque
2747 5364 2941 5419 domus
3006 5363 3227 5432 Josepb.
3290 5362 3641 5432 Signibcatur

2059 5461 2238 5507 autem
2276 5468 2374 5523 per
2397 5453 2511 5509 haec
2545 5454 2875 5511 lsraeliticus
2921 5454 3163 5522 sanguis,
3216 5462 3271 5509 et
3297 5468 3490 5524 genus,
3522 5453 3640 5509 sive

372 5550 555 5606 ιθλεῖν
585 5551 865 5617 εἰωθότας,
911 5546 988 5606 ὧν
1044 5548 1507 5622 κατερραγμένων
1550 5546 1893 5619 κεκράτηκεν
1934 5547 1964 5599 ὁ

2063 5544 2471 5614 institicatorum
2504 5544 2561 5600 in
2615 5545 2834 5601 Christo
2893 5544 3200 5614 multitudo,
3254 5545 3309 5602 in
3361 5547 3541 5603 animo
3581 5552 3641 5603 et

442 5723 611 5783 “Job
647 5741 695 5793 v,
732 5724 787 5782 9.
867 5724 1065 5782 "Luc.
1099 5741 1155 5793 ι,
1196 5724 1279 5780 t9.
1357 5723 1402 5756 “
1425 5722 1466 5778 ll
1499 5723 1676 5778 Mach.
1714 5736 1788 5787 γι,
1819 5724 1872 5776 7.

1972 5720 2015 5755 ν
2039 5720 2271 5777 Zachar.
2307 5734 2387 5787 ts.
2417 5719 2503 5787 15,
2537 5721 2623 5777 Η.
