4092 6202
401 264 499 322 167

1386 260 1444 314 5.
1486 254 1763 316 CYRILLI
1807 251 2268 314 ALEXANDRlNl
2311 252 2626 309 ARClilEl‘.

3551 245 3650 304 £68

398 383 562 436 corde
587 377 824 435 Judamn
852 375 1375 441 circumferentium,
1401 385 1456 430 et
1500 375 1970 431 circumcisionem

2089 375 2312 440 Ἰούδας,
2345 373 2610 426 σέσωσται
2660 371 2715 424 δὲ
2757 371 2848 423 καὶ
2877 372 2904 423 ὁ
2942 365 3086 432 οἶκος
3131 369 3349 438 Ἰωσήφ.
3395 367 3654 438 Κατασηο

399 474 712 528 sortitorum
763 470 815 523 in
844 469 1057 538 spiritu,
1109 477 1164 523 et
1213 476 1449 522 mentem
1493 469 1816 537 get-entiam,
1854 482 1973 536 quae

398 564 542 617 videt
565 561 730 614 Deum
762 560 827 624 ⁸⁸,
856 561 956 614 hoc
986 560 1128 612 enim
1160 558 1352 612 Latine
1405 567 1564 613 sonat
1606 557 1791 612 lsrael.
1837 557 1969 623 Quia

395 669 526 709 vero
549 651 732 707 dilecti
757 659 881 705 sunt
921 665 950 704 a
980 650 1113 714 Deo,
1155 649 1274 703 ideo
1304 659 1356 703 et
1381 649 1435 702 in
1473 649 1809 703 habitatione
1857 647 1968 702 col-

397 742 580 806 locati,
606 742 707 796 hoc
732 748 814 794 est
868 740 1078 792 ﬁrmam
1105 738 1160 792 in
1179 738 1430 792 omnibus
1460 737 1809 793 felicitatibus
1850 751 1973 807 per—

398 833 733 887 tuansiouem
767 830 943 899 adepti
979 838 1125 884 sunt.
1157 830 1430 898 Scriptum
1456 838 1540 883 est
1564 830 1707 883 enim
1746 847 1758 883 :
1803 847 1821 881 ι
1865 830 1969 883 Do-

397 925 576 978 minus
605 923 850 977 habitare
875 920 1003 974 facit
1037 920 1319 974 unanimes
1349 920 1400 973 in
1440 919 1597 974 domo
1631 919 1695 972 ⁸⁹.
1728 937 1747 970 ι
1807 919 1897 972 Ait
1919 928 1974 973 et

394 1012 592 1067 alicubi
623 1013 836 1066 divinus
861 1009 1028 1065 Isaias
1066 1010 1131 1065 de
1155 1023 1220 1063 eo
1249 1008 1343 1078 qui
1395 1009 1564 1061 vitam
1612 1009 1722 1077 agit
1771 1008 1974 1062 virtute

395 1103 720 1175 singularem
750 1121 764 1156 ε
806 1119 825 1153 ι
854 1099 1227 1156 Ambulansin
1251 1098 1462 1167 justitia
1488 1098 1578 1167 qui
1616 1099 1730 1152 odit
1773 1097 1973 1166 iniqui-

401 1205 566 1249 tatem
602 1203 659 1249 et
717 1192 1063 1262 iniustitiam,
1103 1201 1160 1246 et
1200 1207 1390 1245 manus
1411 1191 1688 1245 abstinens
1719 1204 1746 1243 a
1786 1204 1970 1244 mune-

394 1287 564 1342 ribus.
587 1285 861 1341 Oblurans
895 1299 1076 1350 aures,
1117 1292 1176 1335 ut
1204 1298 1309 1337 non
1336 1282 1518 1336 audiat
1553 1281 1816 1350 judicium
1843 1296 1971 1336 san-

394 1377 594 1447 guinis,
625 1385 679 1428 et
701 1375 956 1430 claudens
987 1373 1192 1436 oculos,
1220 1382 1277 1427 ut
1305 1387 1407 1426 non
1428 1371 1604 1426 videat
1629 1372 1970 1440 iniquitatem

394 1468 482 1522 hic
511 1467 777 1522 habitabit
808 1466 860 1518 in
887 1464 1098 1520 excelsa
1140 1463 1400 1533 spelunca
1433 1472 1598 1532 petrae
1659 1463 1815 1516 fortis
1838 1463 1903 1515 ⁸ο.
1944 1480 1963 1514 ι

394 1557 755 1613 Probabiliter
793 1557 957 1611 etiam
1006 1555 1270 1620 dicemus,
1316 1553 1534 1607 domum
1573 1553 1751 1607 datam
1787 1569 1816 1606 a
1859 1553 1970 1607 Deo

393 1652 594 1706 sanctis
617 1650 933 1714 Ecclesium,
966 1647 1078 1701 sive
1103 1660 1365 1714 supernas
1410 1645 1759 1710 mansiones;
1806 1659 1966 1712 quam

2077 467 2324 538 μαίνεται
2373 464 2542 518 δὲδιά
2593 462 2795 516 τούτων
2825 462 2885 514 τὸ
2929 461 2988 525 ἐξ
3023 459 3233 530 Ἰσραὴλ
3277 454 3420 529 αἷμά
3459 477 3519 512 τε
3561 463 3653 514 καὶ

2072 557 2249 625 γένος,
2299 557 2463 626 ἣγουν
2491 557 2523 624 ἠ
2553 553 2662 606 τῶν
2704 553 2760 604 ἐν
2789 550 3006 624 Χριστῷ
3056 549 3490 619 δεδικαιωμένων
3519 551 3654 618 πλη⁶

2073 647 2188 711 θὺς,
2217 645 2306 698 τον
2336 647 2412 708 είς
2434 644 2557 697 νοῦν
2589 645 2682 696 καὶ
2710 643 2937 714 καρδίαν
2967 640 3346 712 περιφέροντες
3381 641 3649 703 Ἰουδαῖον,

2073 737 2166 789 καὶ
2200 737 2498 808 περιτομὴν
2539 735 2794 805 λαχόντες
2825 735 2924 804 τὴν
2957 735 3014 786 ἐν
3057 731 3351 803 πνεύματι,
3399 734 3494 787 καὶ
3528 733 3653 786 νοῦν

2073 830 2286 899 ἔχοντες
2333 830 2545 900 ὁρῶντα
2594 827 2758 880 Θεόν’
2817 825 3179 897 ἑρμηνεύεται
3253 824 3358 894 γὰρ
3403 824 3576 888 οὕτως
3627 827 3656 877 6

2084 920 2319 991 Ἰσραήλ.
2339 918 2556 989 Ἐπειδὴ
2580 918 2636 971 δὲ
2661 918 2973 988 ὴγάπηνται
3001 917 3153 988 παρά
3182 915 3340 981 Θεοῦ,
3364 915 3536 986 ταύτῃ
3568 933 3654 968 τοι

2071 1013 2166 1065 καί⁵
2201 1009 2642 1081 κατῳκίσθησαν,
2692 1009 2974 1062 τουτέστιν
3033 1007 3433 1079 ἐρηρεισμένην
3475 1008 3654 1076 ἐσχή-

2070 1121 2200 1158 κασι
2229 1103 2326 1172 τὴν
2373 1104 2455 1171 ἐφ’
2500 1102 2672 1156 ἅπασι
2701 1103 2811 1163 τοῖς
2850 1100 3092 1171 ἀρίστοις
3121 1100 3402 1169 διαμονήν.
3446 1099 3654 1168 Γέγραι

2071 1213 2204 1249 πται
2238 1195 2369 1266 γὰρ,
2413 1195 2496 1247 ὅτι
2545 1213 2565 1245 ι
2600 1193 2804 1261 Κύριος
2851 1189 3148 1255 κατοικίζει
3196 1190 3558 1260 μονοτρόπους
3593 1191 3653 1265 ξν

2069 1284 2222 1354 οἴκῳ.
2259 1285 2402 1354 Ἔφη
2429 1283 2484 1335 δέ
2514 1300 2616 1336 που
2640 1280 2735 1334 καὶ
2764 1283 2791 1334 ὁ
2825 1281 3109 1343 θεσπέσιος
3151 1280 3376 1342 Ἡσαΐας
3403 1279 3530 1348 περὶ
3557 1273 3652 1331 τοῦ

2069 1373 2346 1443 ἐξαίρετον
2378 1371 2672 1435 ἀσκοῦντος
2711 1370 2852 1440 βίον’
2895 1389 2913 1421 ι
2950 1371 3318 1441 Πορευόμενος
3361 1372 3420 1422 ἐν
3457 1369 3654 1423 δικαιο-

2072 1465 2227 1535 σύνῃ,
2274 1463 2447 1534 μισῶν
2513 1463 2744 1532 ἀνομίαν
2783 1463 2877 1517 καὶ
2917 1463 3152 1527 ἀδικίαν,
3197 1462 3417 1525 καὶτὰς
3463 1465 3652 1532 χεῖρας

2069 1555 2408 1627 ἀπεχόμενος
2456 1554 2564 1608 ἀπὸ
2600 1555 2807 1625 δώρων.
2858 1554 3114 1624 Βαρύνων
3157 1554 3224 1606 τὰ
3267 1547 3403 1616 ὦτα,
3452 1553 3539 1605 ἵνα
3577 1552 3654 1623 μὴ

2070 1645 2280 1716 ἀκούσῃ
2311 1646 2491 1716 κρίσιν
2540 1646 2789 1714 αἵματος,
2823 1644 2918 1697 καὶ
2971 1643 3122 1714 μύων
3153 1645 3280 1704 τοὺς
3316 1641 3649 1713 ὀφθαλμοὺς,

395 1757 506 1797 rem
545 1741 692 1797 omni
751 1739 1107 1793 admiratione
1133 1737 1348 1804 dignam
1367 1745 1551 1790 censet
1575 1746 1628 1788 et
1651 1735 1837 1788 beatus
1866 1736 1967 1786 Da-

2072 1739 2160 1791 ἴνα
2401 1713 2634 1802 ἀδικίαν,
2669 1730 2824 1800 οὗτος
2849 1713 3058 1807 οἰκήσει
3098 1737 3156 1788 ἐν
3187 1734 3376 1805 ὑψηλῷ
3405 1735 3654 1806 σπηλαίῳ

392 1833 505 1895 vid,
533 1832 611 1888 sic
642 1831 1017 1884 universorum
1050 1826 1388 1880 Salvatorem
1421 1824 1733 1892 alloquens:
1773 1843 1790 1876 ι
1816 1823 1963 1878 Beati

393 1925 483 1993 qui
518 1922 761 1977 habitant
792 1920 847 1974 in
873 1920 1031 1976 domo
1062 1927 1173 1982 tua,
1197 1917 1256 1976 in
1286 1915 1482 1971 saecula
1506 1915 1822 1970 saeculorum
1849 1917 1965 1970 lau-

393 2015 604 2070 dabunt
630 2024 680 2068 te
702 2013 767 2067 δι.
807 2030 827 2064 ι

2073 1827 2281 1898 πέτρας
2326 1828 2549 1898 ὀχυρᾶς.
2584 1846 2603 1878 ι
2649 1827 2760 1880 Οὐκ
2805 1825 3066 1880 ἀπίθανον
3097 1826 3152 1879 δὲ
3199 1826 3292 1879 καὶ
3325 1821 3471 1879 οἷκον
3511 1826 3655 1878 δεδό-

2073 1916 2196 1969 σθαι
2231 1917 2408 1984 λέγειν
2459 1917 2610 1988 παρά
2645 1917 2775 1971 Θεοῦ
2809 1920 2921 1980 τοῖς
2951 1917 3126 1986 ἀγίοις
3169 1916 3267 1988 τὴν
3304 1917 3651 1986 Ἐκκλησίαν,

2073 2009 2238 2079 ήγουν
2282 2008 2380 2072 τάς
2413 2009 2526 2062 ἀνω
2578 2010 2776 2080 μονάςο
2811 2010 2904 2063 καὶ
2944 2010 3007 2081 δὴ
3055 2011 3149 2064 καὶ
3191 2010 3389 2072 παντὸς
3421 2009 3564 2075 ἀξιοῖ
3592 2011 3653 2062 τὸ

391 2108 583 2177 χρῆμα
609 2106 882 2176 θαύματος
909 2105 937 2158 ὁ
967 2103 1234 2175 μακάριος
1261 2100 1446 2169 Δα6“ιδ,
1471 2101 1612 2155 οὕτω
1670 2102 1846 2170 λέγων
1868 2102 2002 2173 πρὸς
2039 2103 2132 2157 τὸν
2164 2103 2302 2158 ὅλων
2348 2105 2575 2176 Σωτῆρα
2632 2107 2724 2159 καὶ
2799 2103 2961 2159 Θεόν’
2997 2125 3014 2156 ι
3053 2106 3328 2176 Μακάριοι
3377 2106 3425 2158 οἱ
3473 2107 3652 2159 κατοί-

393 2197 614 2261 κοῦντες
642 2201 698 2250 ἐν
727 2198 803 2268 τῷ
827 2197 961 2267 οἴκῳ
997 2213 1112 2258 σου,
1145 2198 1224 2260 είς
1244 2197 1370 2259 τοὺς
1399 2197 1601 2260 αἰῶνας
1628 2198 1736 2250 τῶν
1765 2198 1972 2251 αίώνων
2009 2199 2283 2252 αίνέσουσί
2307 2217 2386 2254 σε.
2425 2218 2442 2250 ι

468 2287 708 2341 \'Etts.7.
759 2289 825 2340 Et
884 2298 1030 2341 erunt
1089 2287 1529 2356 quemadmodum
1595 2290 1807 2356 quando
1866 2305 1968 2342 nou

395 2378 687 2447 abjeceram
731 2394 839 2441 eos,
887 2377 1011 2446 quia
1087 2393 1179 2447 ego
1253 2376 1507 2431 Dominus
1579 2378 1716 2432 Deus
1765 2395 1966 2442 eorum,

394 2480 440 2522 et
470 2467 749 2523 exaudiam
774 2485 882 2532 eos,
900 2479 945 2522 et
971 2478 1124 2522 erunt
1152 2468 1302 2537 quasi
1327 2477 1643 2538 pugnatores
1672 2468 1950 2538 Epitraim.

470 2643 634 2701 LXX.
668 2644 918 2700 Confusis
948 2644 1170 2700 Graecia:
1197 2645 1550 2714 sapientibus,
1587 2645 1678 2714 qui
1732 2654 1789 2700 et
1819 2647 1970 2715 equi-

395 2746 477 2794 tes
511 2737 760 2805 appellati
807 2746 952 2802 sunt,
982 2737 1414 2793 conlortaturum
1449 2752 1570 2792 sese
1595 2739 1881 2808 promittit,
1913 2749 1970 2794 et

398 2829 728 2883 habitatione
782 2829 1103 2883 donaturum
1164 2829 1536 2883 misericordia
1589 2831 1838 2900 gavisos,
1875 2832 1968 2885 ad.

396 2925 550 2979 deus.
583 2939 600 2971 ι
651 2920 784 2986 Quia
821 2919 984 2974 dilexi
1013 2935 1128 2976 eos.
1168 2939 1186 2971 ι
1218 2920 1285 2974 Ει
1345 2921 1475 2990 quid
1505 2894 1850 2977 emolumenti
1901 2939 1966 2978 ex
1997 2894 2039 2951 Ο

395 3025 461 3066 eo
493 3009 796 3079 percepturi
827 3010 958 3071 sint.
991 3011 1132 3078 quod
1160 3025 1191 3063 a
1217 3011 1323 3063 Deo
1347 3011 1529 3065 dilecti
1562 3013 1690 3075 sint,
1726 3028 1967 3080 sequen-

396 3101 538 3154 tibus
566 3100 820 3169 eXplanat
855 3116 868 3152 :
907 3100 1070 3170 750
1106 3117 1124 3150 ι
1151 3098 1324 3164 Sicut,
1355 3100 1549 3169 ἱιιιιιιὶι,
1575 3116 1697 3156 cum
1731 3119 1834 3156 non
1871 3105 1968 3157 ab-

388 3189 626 3257 jeceram
656 3204 768 3244 eos.
803 3207 822 3240 ι
851 3189 966 3244 Non
1002 3191 1144 3243 enim
1181 3204 1278 3244 eos
1307 3191 1521 3259 penitus
1579 3194 1812 3264 neglexi,
1875 3195 1971 3250 sed

394 3282 632 3347 visitavi,
664 3283 828 3336 etiam
893 3281 1151 3352 periculis
1185 3281 1578 3350 conﬂictantcs,
1651 3303 1670 3336 ι
1707 3285 1841 3350 Quia
1871 3300 1970 3356 ego

397 3371 654 3429 Dominus
689 3376 828 3428 Deus
869 3374 1131 3443 ipsorum,
1173 3392 1192 3426 ι
1222 3376 1323 3430 hoc
1349 3384 1431 3430 est
1483 3389 1669 3430 eorum
1702 3377 1971 3446 supplices

398 3458 584 3532 p'rcccs
663 3466 972 3530 exaudiam,
1037 3484 1056 3516 ι
1121 3475 1174 3520 et
1246 3478 1407 3521 erunt
1499 3475 1558 3522 ut
1644 3480 1972 3540 pugnatores

399 3554 675 3621 prraim.
713 3572 731 3606 ι
760 3555 836 3608 Ac
864 3554 908 3609 si
947 3551 1159 3608 rursum
1183 3554 1347 3622 dicat,
1373 3556 1658 3624 aliquando
1693 3573 1786 3626 per
1805 3559 1968 3612 animi

395 3660 447 3703 et
481 3652 674 3702 mentis
704 3649 1122 3703 imbecillitatem
1150 3649 1293 3702 velut
1318 3649 1568 3704 dissoluti
1619 3659 1673 3704 et
1724 3652 1970 3719 jacentes

396 3734 594 3802 eojam
624 3736 952 3790 fortitudinis
993 3737 1289 3805 Spiritualis
1311 3739 1751 3806 progredientur,
1796 3749 1855 3794 ut
1903 3739 1971 3794 de

395 3839 591 3880 caetero
626 3825 992 3895 Ephraimitis,
1026 3842 1252 3896 quorum
1302 3843 1497 3882 nomen
1550 3829 1602 3882 in
1660 3829 1815 3885 laude
1862 3842 1969 3898 est,

394 3917 626 3985 aquales
659 3917 962 3982 videantur,
1027 3918 1129 3971 hoc
1182 3927 1264 3972 est
1315 3919 1380 3973 de
1432 3934 1631 3987 genere
1663 3918 1969 3976 Judteorum

395 4007 673 4077 apostolis,
698 4015 750 4060 ct
773 4007 1135 4076 evangelislis-
1165 4007 1227 4062 Hi
1256 4009 1399 4063 enim
1424 4009 1708 4066 bellatores
1735 4011 1969 4078 fuerunt,

397 4100 756 4170 intelligentiae
779 4111 881 4152 non
910 4100 1089 4153 sensui
1143 4109 1409 4170 patentes,
1448 4113 1821 4173 oppugnantes
1869 4106 1971 4160 ini-

2141 2291 2251 2345 Καί
2279 2290 2449 2344 ἔσται
2490 2291 2563 2345 ὃν
2607 2292 2828 2359 τρόπον
2866 2291 2976 2344 οὐκ
3032 2290 3503 2362 ἀπεστρεψάμην
3545 2293 3651 2349 αὐ-

2070 2381 2234 2447 τοὺς,
2285 2381 2432 2436 διότι
2481 2383 2594 2452 ἐγὼ
2621 2385 2834 2450 Κύριος
2877 2386 2910 2437 ὀ
2954 2383 3098 2448 Θεὸς
3149 2383 3368 2449 αὐτῶν,
3398 2384 3496 2437 καί
3544 2385 3650 2438 ἐπ·-

2071 2475 2406 2544 ακούσομαι
2453 2472 2668 2536 αὐτῶν,
2698 2472 2797 2526 καὶ
2841 2473 3088 2528 ἔσονται
3133 2474 3215 2540 ὡς
3249 2473 3512 2544 μαχηταὶ
3547 2475 3651 2528 τοῦ

2089 2566 2151 2620 Ἐ
2153 2567 2354 2634 sapam.

2148 2661 2223 2710 0'.
2255 2655 2742 2727 Κατῃσχυμρ.ἑνων
2773 2656 2882 2710 τῶν
2920 2657 3047 2727 παρ’
3077 2655 3302 2727 Ἕλλησι
3325 2657 3416 2710 καὶ
3449 2658 3647 2728 σοφῶν,

2073 2750 2124 2803 οἳ
2155 2749 2247 2802 καὶ
2276 2751 2461 2811 ἱππεῖς
2491 2747 2904 2819 ὠνομάσθησαν,
2934 2747 3281 2818 κατισχύσειν
3311 2749 3648 2818 ἐπαγγέλλε-

2074 2858 2184 2904 ται,
2229 2840 2322 2892 καὶ
2369 2839 2701 2892 κατοικίσειν
2747 2841 2872 2904 τοὺς
2928 2838 3298 2909 ἡλεημένους,
3347 2839 3646 2909 ἐπιφέρων,

2079 2949 2095 2979 ι
2135 2930 2257 2981 ’Ότι
2310 2929 2573 2998 ἠγάπηκα
2619 2928 2831 2991 αύτούς.
2877 2947 2895 2979 ι
2941 2929 3052 2981 Καὶ
3095 2927 3147 2981 τί
3195 2907 3564 2997 κερδανοῦσιν,
3588 2930 3652 2982 ἐκ

2069 3022 2161 3076 τοῦ
2212 3022 2527 3092 ἡγαπῆσθαι
2583 3021 2729 3093 ποιρά
2779 3020 2949 3085 Θεοῦ,
3005 3021 3420 3094 διερμηνεύεται
3467 3023 3650 3087 πάλιν,

2077 3132 2095 3164 ι
2133 3113 2362 3183 Ὠσπερ,
2408 3113 2596 3181 φησὶν,
2630 3114 2717 3166 ὅτε
2753 3114 2852 3166 οὐκ
2895 3113 3322 3184 ἀπεστρεψάμην
3365 3114 3584 3178 αὐτούς.
3627 3135 3645 3166 r

2071 3207 2146 3258 υύ
2171 3205 2276 3276 γὰρ
2311 3207 2580 3275 περιεῖδον
2607 3208 2685 3269 είς
2709 3207 2876 3269 ἆπαν,
2901 3205 3290 3276 ἐπεσκεψάμην
3314 3206 3370 3260 δὲ
3402 3207 3650 3260 κεκινδυ-

2071 3295 2352 3360 νευκότας,
2383 3296 2517 3349 διότι
2553 3295 2662 3364 ἐγὼ
2707 3296 2910 3368 Κύριος
2933 3299 2961 3351 ὁ
2985 3297 3116 3361 Θεὸς
3153 3297 3354 3361 αὐτῶν,
3407 3297 3653 3352 τουτέστι

2073 3387 2371 3457 ποιήσομαι
2401 3386 2594 3450 δεκτάς
2619 3387 2717 3450 τάς
2749 3387 2876 3458 παρ’
2914 3387 3092 3440 αὐτῶν
3118 3387 3289 3452 λιτάς,
3317 3387 3409 3441 καὶ
3441 3387 3652 3442 ἔσονται

2073 3477 2149 3540 ὡς
2189 3479 2430 3547 μαχηταὶ
2457 3475 2550 3530 τοῦ
2595 3478 2853 3548 Ἑφραῖμ.
2889 3497 2908 3530 ι
2940 3479 3165 3548 Ὅμοιον
3200 3479 3274 3542 ὼς
3295 3481 3342 3532 εί
3372 3479 3521 3548 λέγοι
3547 3479 3651 3533 πά⁸

2073 3567 2186 3629 λινξ
2227 3568 2280 3620 οἵ
2331 3584 2460 3620 ποτε
2513 3566 2602 3619 διὰ
2636 3568 2728 3620 νοῦ
2770 3568 2865 3621 καὶ
2917 3568 3112 3639 φρενὸς
3157 3570 3440 3623 ἀσθένειαν
3489 3571 3652 3623 οἱονεὶ

2075 3657 2396 3728 παρειμένοι
2421 3675 2480 3710 τε
2504 3657 2597 3710 καὶ
2629 3658 2889 3729 κείμενοι,
2922 3657 3103 3728 ἰσχύος
3131 3661 3210 3723 είς
3243 3662 3399 3712 τοῦτο
3426 3659 3524 3730 ἤδη
3551 3658 3648 3729 τῆς

2073 3751 2448 3821 πνευματικῆς
2480 3751 2857 3820 ἐνεχθήσονται
2888 3751 2962 3812 ὡς
2985 3750 3084 3822 ἤδη
3109 3768 3223 3814 πως
3250 3753 3306 3804 ἐν
3334 3753 3432 3822 ἴσῳ
3456 3752 3651 3821 τετάχ-

2074 3843 2164 3897 θαι
2196 3844 2371 3896 δοκεῖν
2426 3847 2536 3906 τοῖς
2566 3842 2624 3909 ἐξ
2668 3841 2906 3914 Ἐφραῖμ
2940 3843 3364 3914 ηὐδοκιμηκόσι,
3403 3845 3646 3897 τουτέστι

2071 3935 2186 3995 τοῖς
2211 3933 2269 3996 ἐξ
2315 3931 2581 3985 Ἰουδαίων
2629 3933 2946 3995 ἀποστόλοις
2988 3951 3046 3985 τε
3090 3935 3642 4002 καὶεύαγγελισταῖς.

2072 4022 2330 4092 Μαχηταὶ
2357 4021 2465 4092 γάρ
2491 4023 2537 4074 οί
2567 4023 2757 4075 τοιοίδε
2788 4024 3042 4092 γεγόνασι
3085 4025 3284 4094 νοητοὶ,
3321 4025 3649 4078 καταθλοῦν-

2070 4129 2163 4174 τες
2197 4111 2425 4182 ἐχθρῶν,
2452 4111 2741 4182 βάλλοντες
2777 4115 2903 4179 τοὺς
2937 4115 3306 4179 ὑπεναντίους,
3331 4117 3424 4169 καὶ
3451 4116 3647 4169 νικῶν-

399 4190 588 4253 micos,
614 4189 865 4244 ferientes
895 4191 1256 4256 adversarios,
1284 4203 1338 4246 et
1405 4195 1678 4251 vincentes
1713 4213 1732 4247 ι
1767 4196 1968 4265 princi—

2071 4220 2161 4266 τες
2187 4203 2285 4273 μὲν
2316 4223 2333 4254 ι
2369 4203 2564 4275 ἀρχάς,
2591 4205 2848 4276 δυνάμεις
2875 4224 2931 4259 τε
2961 4209 3054 4260 καλ⁸
3078 4207 3425 4279 κυριότητας,
3456 4209 3549 4262 καὶ
3579 4208 3648 4262 τά

395 4290 574 4349 palus,
609 4288 922 4349 potestates,
975 4289 1030 4335 et
1093 4282 1511 4351 dominationes,
1565 4294 1622 4340 et
1669 4287 1968 4357 spiritualia

2073 4295 2413 4364 πνευματικά
2458 4295 2559 4365 τῆς
2604 4298 2885 4366 πονηρίας,
2923 4317 2940 4348 ι
2981 4297 3310 4368 κρατοῦντες
3349 4300 3404 4353 δὲ
3440 4301 3647 4370 ἀμαχεὶ

393 4372 645 4442 nequitiae
670 4373 734 4438 δ’,
774 4391 793 4424 ι
828 4381 882 4427 et
915 4388 1081 4428 sacra:
1105 4375 1506 4442 przedicationis
1531 4375 1871 4436 adversarios
1893 4379 1970 4434 ci-

2071 4385 2176 4438 τῶν
2211 4385 2621 4457 ἀνθεστηκότων
2652 4391 2764 4449 τοῖς
2804 4387 2970 4451 ὁσίοις
3007 4389 3343 4459 κηρύγμασι.
3383 4391 3644 4457 Γεγόνασι

395 4473 475 4517 tra
511 4478 740 4533 pugnam
779 4473 1116 4533 superantes.
1142 4465 1386 4522 Fuerunt
1416 4469 1543 4523 item
1594 4484 1658 4523 ex
1731 4473 1971 4538 gentium

391 4555 600 4623 populis
629 4555 799 4608 vocati
820 4571 915 4624 per
945 4556 1101 4610 [idem
1125 4558 1191 4612 ad
1243 4559 1573 4628 agnitionem
1624 4557 1826 4614 Christi
1870 4562 1970 4617 viri

394 4645 592 4708 sancti,
623 4654 676 4696 et
717 4647 905 4714 spiritu
958 4645 1051 4700 Dei
1103 4647 1266 4718 pleni,
1312 4660 1365 4702 et
1402 4661 1654 4716 tanquam
1685 4649 1971 4708 bellatores

393 4729 668 4799 Ephraim.
692 4733 985 4789 Bellatores
1013 4736 1152 4788 enim
1185 4736 1395 4790 luerunt
1428 4753 1441 4790 :
1474 4751 1570 4803 pro
1589 4737 1788 4792 viribus
1813 4755 1967 4793 nant-

392 4835 497 4891 que
527 4823 889 4888 apostolorum
937 4824 1146 4878 vivendi
1213 4840 1400 4894 gcnus,
1444 4827 1766 4896 illorumque
1795 4832 1965 4884 virtu-

394 4923 497 4966 tem
527 4911 714 4964 iisdcm
747 4913 988 4980 vestigiis
1018 4914 1314 4968 incedendo
1335 4915 1677 4980 :emnlanlcs,
1709 4920 1808 4988 ipsi
1835 4936 1966 4988 quo-

391 5017 496 5074 que
532 5001 792 5070 intrepide
812 5013 998 5056 contra
1036 4997 1287 5060 vdritatis
1340 5005 1608 5074 inimicos,
1668 5017 1966 5080 contraque

391 5093 518 5146 vitia
555 5100 607 5146 et
635 5099 854 5161 peccata
889 5092 1253 5148 deccrtarunt.

463 5183 531 5236 Et
561 5184 827 5238 la'tubilur
844 5199 933 5236 cor
955 5200 1130 5236 eorum
1152 5186 1302 5254 quasi
1329 5189 1380 5238 iu
1409 5189 1544 5252 vino,
1575 5200 1622 5241 et
1648 5188 1749 5256 ﬁlii
1782 5205 1962 5243 eorum

398 5274 655 5344 ridebunt,
681 5288 726 5331 et
760 5277 1100 5342 luvlabuulur,
1125 5289 1169 5330 et
1196 5280 1440 5349 gaudebit
1463 5297 1551 5332 cor
1571 5296 1748 5333 eorum
1784 5282 1840 5334 in
1863 5281 1963 5335 Uo-

394 5374 553 5420 mmo.

477 5620 690 5677 "nom.
722 5641 784 5693 ιι,
816 5629 886 5683 25
914 5645 1066 5699 seqq.
1184 5634 1226 5668 ³⁹
1254 5633 1390 5688 Psal.
1424 5650 1549 5700 cur,
1584 5634 1635 5689 9.

1736 5637 1898 5692 “lsa.
1937 5656 2123 5706 sxxm,
2166 5643 2249 5711 l5,
2293 5646 2372 5699 l6.

2067 4475 2125 4530 δὲ
2167 4477 2262 4531 καὶ
2307 4481 2372 4532 ὲκ
2413 4479 2509 4548 τῆς
2559 4477 2666 4529 τῶν
2701 4477 2870 4530 ἐθνῶν
2915 4477 3152 4548 πληθύος
3203 4479 3529 4550 κεκλημένοι
3560 4481 3645 4534 διὰ

2071 4569 2305 4632 πίστεως
2335 4570 2413 4631 εἰς
2449 4568 2740 4635 ἐπίγνωσιν
2764 4568 2856 4620 τοῦ
2880 4569 3136 4638 Χριστοῦ,
3169 4571 3357 4638 ἄνδρες
3385 4572 3525 4639 ἅγιοι
3551 4575 3646 4625 καὶ

2071 4657 2528 4727 πνευματοφόροι,
2565 4657 2658 4708 καὶ
2687 4655 2762 4719 ὡς
2807 4659 3047 4727 μαχηταὶ
3075 4658 3169 4710 τοῦ
3223 4661 3479 4732 Ἐφρατμ.
3522 4663 3646 4713 Μα-

2069 4747 2231 4817 χηταὶ
2260 4746 2366 4816 γὰρ
2389 4746 2643 4814 γεγόνασι
2664 4759 2678 4774 ⁸
2704 4747 2845 4799 κατά
2879 4732 2985 4816 γὰρ
3016 4748 3075 4800 τὸ
3104 4751 3379 4822 ἐγχωροῦν
3407 4753 3503 4823 τὴν
3537 4753 3645 4804 τῶν

2067 4837 2378 4890 ἀποστόλων
2405 4837 2698 4900 πολιτείαν,
2737 4839 2830 4890 καὶ⁵
2857 4838 2954 4908 τὴν
2984 4839 3207 4894 ἐκείνων
3238 4842 3642 4912 ἰχνηλατοῦντες

2067 4926 2266 4996 ἀρετὴν
2289 4926 2707 4998 κατηνδρίσαντο
2737 4929 2831 4981 καὶ
2863 4931 3037 4995 αὐτοὶ,
3068 4931 3209 4983 κατά
3242 4932 3349 4987 τῶν
3380 4937 3478 5004 τῆς
3508 4935 3642 5006 ἀλη-

2067 5017 2216 5082 θείας
2253 5017 2484 5089 ἐχθρῶν,
2524 5021 2618 5073 καὶ
2658 5019 2866 5087 παθῶν,
2900 5021 2991 5073 καὶ
3029 5021 3324 5093 ἁμαρτίας.

2133 5193 2242 5246 Καὶ
2281 5193 2608 5262 χαρήσεται
2652 5199 2689 5265 ἠ
2736 5201 2948 5269 καρδία
2980 5202 3179 5256 αὐτῶν
3229 5204 3310 5269 ὡς
3359 5203 3429 5255 ἐν
3476 5204 3641 5268 οἴνῳ,

2064 5287 2160 5340 καὶ
2201 5288 2274 5341 τὰ
2329 5287 2510 5342 τέκνα
2564 5291 2763 5346 αὐτῶν
2817 5293 3090 5363 ὄψονται,
3147 5297 3242 5349 καί
3306 5291 3644 5364 εὐφρανθήο

2065 5391 2295 5437 cornu,
2354 5378 2450 5430 καὶ
2505 5379 2790 5448 χαριεῖται
2838 5381 2876 5449 ὴ
2927 5384 3137 5451 καρδία
3184 5379 3380 5437 αὐτῶν
3430 5384 3524 5438 ἐπ)
3567 5385 3646 5448 τῲ

2067 5467 2274 5533 Κυρίῳ.

2459 5647 2504 5740 ξι
2534 5647 2676 5704 Psal.
2710 5665 2936 5718 Luxm,
2973 5651 3028 5708 5.
3142 5655 3187 5686 δ’
3213 5654 3410 5724 Ephcs.
3438 5671 3513 5725 vi,
3552 5656 3638 5710 l2.
