4092 6202
400 319 496 376 I69

1211 319 1766 380 COMMENTARIUS
1807 323 1873 378 IN
1915 323 2320 379 ZACIIARIAM
2360 324 2802 382 PRUPIlETAM.

3547 328 3648 383 ΠΟ

463 433 588 486 OA'.
625 429 746 483 Τῶν
794 424 934 482 οἶνον
984 431 1387 487 ἐκπεπτωκότων
1429 435 1664 507 ἐκμελὴς
1720 437 1805 490 ἀεί
1855 437 1972 501 πῶς

2144 436 2328 492 LXXI.
2365 437 2558 493 Eorum
2587 439 2676 506 qui
2699 437 2880 491 vinum
2941 437 3191 492 biberunt
3245 453 3396 496 mens
3433 453 3649 509 semper

392 527 542 578 ἐστιν
571 526 598 576 ό
622 520 765 584 νοῦς,
814 520 906 572 καὶ
954 521 1232 590 φροντίδος
1272 527 1707 598 καταφρονητὴς.
1743 528 1971 598 Προσίε-

391 633 481 669 ται
514 612 623 685 γὰρ
656 612 776 682 οὐχὶ
808 611 869 664 τὸ
900 611 1234 667 καταλυπεῖν
1281 616 1490 682 εἰωθὸς,
1524 618 1731 672 ἀνεῖται
1778 619 1833 672 δὲ
1863 619 1973 673 ῶσ-

395 723 520 778 περ,
553 705 646 758 καὶ
681 704 954 776 μερίμνης
993 705 1212 777 ἀπάσης
1245 708 1656 778 κατευμεγεθεῖ.
1685 711 1746 762 El
1796 710 1974 762 τοίνυν

394 798 657 866 γένοιντο,
687 796 872 868 φησὶν,
904 794 980 860 ὡς
1034 800 1276 868 μαχηταὶ
1306 798 1401 851 τοῦ
1446 798 1704 870 Ἐφραῖμ,
1735 800 1856 853 τότε
1886 801 1969 869 δὴ,

394 890 514 942 τότε
544 889 635 941 καὶ
660 887 758 958 τὴν
793 887 882 940 ἐπί
917 887 981 956 γέ
1028 906 1209 958 σφισιν
1247 889 1428 954 αὐτοῖς
1469 889 1790 955 εἰσδέξονται
1845 891 1978 960 θυμο

394 982 549 1050 ηδίαν
569 1020 585 1043 ,
630 979 706 1042 ὠς
734 979 791 1032 δὲ
822 979 1069 1052 λαμπροὶ
1111 982 1205 1035 καὶ
1240 982 1514 1053 εὐδόκιμοι
1545 985 1608 1054 τῇ
1635 983 1744 1036 τῶν
1782 983 1976 1054 ἐσομέ-

396 1093 502 1128 νων
524 1071 747 1141 ἀγαθῶν
774 1071 944 1124 ὲλπίδι
975 1075 1568 1146 κατευφρανθήσονται,
1599 1075 1811 1146 καὶτῆς
1834 1075 1977 1141 ἐξαι-

397 1168 557 1239 ρέτου
585 1164 863 1229 πολιτείας
906 1165 1087 1232 ἕξουσι
1120 1165 1386 1237 μιμητὰς,
1422 1166 1550 1228 τοὺς
1579 1165 1637 1230 ἐξ
1679 1166 1857 1219 αὐτῶν
1888 1183 1980 1234 γε-

395 1259 624 1327 γονότας
659 1257 830 1323 υἱοὺς,
872 1258 1274 1326 πνευματικοὺς
1315 1257 1575 1327 δηλονότι.
1619 1257 1868 1322 Τοιοῦτος
1910 1254 1977 1328 ἦν

396 1353 492 1405 καὶ
520 1351 550 1402 ό
579 1349 864 1412 Θεσπέσιος
903 1348 1131 1414 Παῦλος,
1159 1351 1270 1412 τοῖς
1303 1349 1368 1402 δι’
1403 1347 1569 1402 αὑτοῦ
1619 1349 1979 1421 κεκλημένοις

398 1441 726 1495 ἐπιστέλλων
752 1457 810 1492 τε
843 1440 936 1493 καὶ
979 1439 1180 1508 λέγων’
1217 1459 1237 1492 ‹
1275 1440 1393 1493 Κᾶν
1441 1441 1666 1512 μυρίους
1703 1442 1980 1510 παιδαγω-

396 1535 529 1602 γοὺς
555 1534 722 1602 ἔχητε
745 1533 804 1584 ὲν
837 1528 1077 1600 Χριστῷ,
1107 1529 1222 1584 ἀλλ’
1246 1530 1305 1582 οὐ
1333 1529 1561 1594 πολλοὺς
1594 1529 1852 1600 πατέρας.
1893 1531 1980 1583 Ἐν

399 1625 509 1696 γὰρ
541 1619 762 1694 Χριστῷ
807 1620 983 1691 Ἰησοῦ
1029 1619 1119 1675 διὰ
1163 1619 1256 1675 τοῦ
1303 1620 1636 1690 Εὑαγγελίου
1686 1621 1795 1690 ἐγὼ
1835 1621 1980 1692 ὑμᾶς

399 1714 708 1784 ἐγέννησα.⁴
745 1730 764 1764 ι
816 1710 1024 1766 οὐκοῦν
1073 1711 1141 1766 τὰ
1192 1711 1252 1779 ἐξ
1300 1712 1480 1766 αὐτῶν
1531 1712 1767 1782 ἐσόμενα
1814 1712 1980 1766 τέκνα

2076 529 2228 598 quasi
2257 532 2575 584 inconcinna
2602 538 2654 583 et
2702 529 2902 584 ιὼευηιι
2961 539 3062 594 est,
3114 531 3363 601 curisque
3416 535 3646 588 salutem

2077 619 2226 674 dicit.
2259 619 2367 674 Nec
2383 621 2526 674 enim
2555 621 2846 690 quidquam
2901 620 3207 676 tristiﬁcum
3241 624 3496 689 admittit,
3549 627 3642 679 sed

2075 711 2288 765 laxatur
2333 713 2744 780 quodammodo,
2793 721 2848 766 et
2905 712 3158 768 ornnibus
3196 712 3650 770 sollicitudinibus

2075 803 2404 857 dominatur.
2473 803 2528 858 Si
2576 804 2739 871 igitur
2776 803 2997 869 fuerint,
3035 803 3231 874 inquit,
3271 813 3328 857 ιιι
3354 803 3647 860 bellatores

2081 892 2360 963 Ephraim,
2387 901 2535 957 tunc,
2569 901 2696 948 tunc
2736 892 2900 947 animi
2929 893 3164 961 ipsorum
3193 892 3390 963 gaudio
3429 891 3649 958 perfun-

2079 986 2299 1050 dentur,
2327 993 2381 1038 et
2422 994 2482 1038 ut
2511 983 2752 1041 illustres
2791 984 3116 1055 probatique
3148 983 3454 1038 futurorum
3484 985 3651 1038 bono-

2080 1091 2196 1130 rum
2227 1091 2321 1146 spe
2351 1076 2696 1140 laetabuntur,
2724 1085 2778 1130 et
2811 1075 3021 1129 eximia:
3051 1075 3172 1128 vitm
3209 1089 3320 1130 suae
3352 1074 3652 1128 imitatores

2077 1182 2141 1222 ex
2180 1182 2238 1222 se
2263 1177 2418 1222 natos
2449 1168 2587 1222 ﬁlios
2627 1182 2775 1230 suos,
2809 1167 3118 1236 spirituales
3160 1174 3308 1236 puta),
3356 1165 3648 1220 habebunt.

2080 1255 2228 1311 Talis
2244 1266 2358 1310 erat
2385 1266 2440 1312 et
2478 1257 2692 1311 divinus
2717 1257 2934 1321 Paulus,
2967 1271 3062 1325 per
3083 1271 3142 1312 se
3165 1255 3370 1311 vocatis
3417 1256 3487 1310 ita
3520 1255 3682 1310 seri!

2079 1348 2214 1403 hens
2242 1363 2306 1402 ac
2346 1349 2532 1403 dicens
2564 1366 2578 1402 ι
2621 1367 2638 1399 ι
2673 1347 2782 1402 Etsi
2811 1349 3002 1402 decem‘
3027 1347 3192 1402 millia
3239 1347 3652 1418 paedagogorum

2083 1438 2330 1494 habeatis
2376 1439 2429 1493 in
2479 1439 2712 1500 Christo,
2757 1439 2849 1494 sed
2906 1453 3012 1493 non
3080 1438 3282 1494 multos
3351 1448 3560 1509 patres.
3598 1437 3654 1490 In

2080 1529 2298 1587 Christo
2313 1531 2454 1586 enim
2485 1530 2610 1585 .lesu
2646 1546 2741 1601 per
2765 1529 3110 1602 Evangelium
3137 1546 3236 1602 ego
3253 1547 3346 1586 vos
3371 1532 3531 1601 genui
3551 1531 3617 1584 ⁸³.
3635 1550 3650 1581 ο

2080 1621 2351 1678 Nascituri
2377 1624 2539 1693 igitur
2559 1638 2625 1678 ex
2687 1623 2789 1679 illis
2825 1624 2914 1678 lilii
2943 1642 2961 1675 t
2996 1624 3249 1678 videbunt
3305 1631 3360 1679 et
3405 1622 3659 1677 lmtahuu-

2085 1724 2192 1770 tur.
2226 1735 2244 1768 ι
2269 1713 2404 1768 Nam
2439 1715 2702 1784 progeniti
2732 1717 2782 1769 in
2822 1715 3264 1770 meditationibus
3289 1729 3471 1770 rerum
3491 1714 3648 1770 Chri-

405 1825 424 1858 t
465 1804 684 1876 ὄψονται
735 1804 830 1858 καὶ
881 1803 1368 1875 εὐφρανθήσονται.
1424 1823 1444 1855 ι
1483 1803 1748 1872 Γεγονότα
1776 1803 1884 1875 γὰρ
1927 1804 1984 1857 ἐν

2085 1805 2176 1866 sti,
2214 1813 2267 1858 et
2295 1805 2492 1858 virtute
2539 1805 2780 1874 mysterii
2833 1814 3107 1882 percepta,
3179 1814 3234 1859 et
3282 1803 3658 1876 largitionibus

401 1898 655 1970 θεωρίαις
694 1899 816 1960 ταῖς
863 1896 958 1950 ἐπὶ
999 1895 1240 1966 Χριστῷ,
1287 1895 1379 1950 καὶ
1407 1896 1500 1950 τοῦ
1545 1897 1849 1968 μυστηρίου
1878 1896 1977 1968 τὴν

400 1987 630 2059 δύναμιν
655 1985 1105 2057 ἐκμεμαθηκότα,
1131 1985 1224 2038 καὶ
1246 1988 1366 2050 ταῖς
1391 1985 1484 2039 τοῦ
1508 1985 1645 2039 Πνεύ
1655 2003 1823 2055 ματος
1854 2003 1978 2056 χορ-

399 2079 583 2149 ηγίαις
625 2075 1033 2147 πεφωτισμένα,
1067 2075 1332 2147 πράξουσι
1379 2074 1587 2141 δεξιῶς,
1616 2077 1710 2129 καὶ
1761 2076 1859 2148 τὴν
1891 2077 1977 2130 ἐπ’

400 2167 549 2238 αὐτῷ
569 2166 647 2238 τῷ
685 2167 896 2237 Σωτῆρι
929 2165 1152 2239 Χριστῷ
1199 2166 1465 2238 θυμηδίαν
1512 2167 1859 2232 εἰσδέξονται,
1886 2169 1980 2221 καὶ

403 2261 565 2314 αὑτὸν
607 2258 924 2330 ποιήσονται
980 2258 1156 2329 χαράν
1185 2275 1246 2312 τε
1295 2259 1386 2312 καὶ¹
1437 2259 1648 2330 τέρψιν,
1684 2259 1780 2312 καὶ
1809 2259 1978 2328 ἀγαλ-

401 2353 576 2406 λίασιν
628 2351 806 2421 ψυχῆς
854 2350 948 2403 καὶ
986 2349 1231 2422 καρδίας.
1286 2349 1510 2405 Γένοιτο,
1525 2350 1569 2403 δ’
1605 2350 1672 2404 ἂν
1702 2349 1979 2404 καὶτοῦτο

402 2443 578 2515 σαφὴς
628 2441 900 2508 ἀπόδειξις
930 2440 1024 2494 τοῦ
1074 2441 1171 2512 ζῇν
1200 2440 1413 2494 ἑλέσθαι
1462 2440 1745 2512 θεοφιλῶς.
1779 2444 1841 2495 Oi
1880 2444 1978 2512 μὲν

401 2537 508 2605 γὰρ
535 2538 645 2598 τοῖς
694 2537 750 2588 ἐν
797 2533 987 2605 κόσμῳ
1036 2533 1322 2607 πράγμασι
1357 2533 1456 2604 τῆς
1497 2533 1705 2588 ἑαυτῶν
1743 2534 1979 2597 διανοίας

399 2629 763 2698 ἀπονέμοντες
779 2626 878 2699 τὴν
899 2629 1094 2698 ῥοπὴν,
1115 2627 1208 2680 καὶ
1230 2627 1542 2690 νενευκότες
1560 2628 1642 2690 είς
1659 2626 1728 2680 τὰ
1756 2628 1974 2698 αἰσχίω,

399 2723 679 2794 χαίρουσιν
732 2719 820 2773 ἐπ’
864 2720 1070 2784 αὐτοῖς,
1122 2718 1219 2774 καὶ
1270 2719 1538 2790 θυμηδίαν
1595 2719 1872 2773 ποιοῦνται
1917 2717 1981 2772 sb

400 2816 610 2884 χρῆμα,
650 2812 744 2865 καὶ
772 2809 1072 2881 γεγήθασιν
1105 2809 1196 2863 ἐπὶ
1227 2808 1426 2880 σαρκὸς
1456 2809 1690 2879 ἡδοναῖς,
1739 2808 1833 2861 καὶ
1858 2809 1979 2871 ταῖς

403 2904 612 2976 ἑτέραις
637 2902 731 2956 τοῦ
757 2902 1024 2972 παρόντος
1045 2900 1162 2971 βίου
1184 2902 1412 2970 τρυφαῖς
1434 2899 1776 2970 ἐνσπαταλᾷν
1796 2898 1978 2953 είωθόο

399 3012 510 3058 τες,
545 2994 726 3063 ὀλίγου
778 2993 1054 3056 παντελῶς
1093 2993 1303 3060 ἀξιοῦσι
1351 2993 1509 3061 λόγου
1541 2991 1612 3044 τὰ
1644 2991 1797 3064 παρὰ
1838 2991 1976 3063 Θεῷ.

401 3087 463 3139 Oi
492 3087 550 3140 δὲ
595 3087 655 3150 ἐξ
703 3086 832 3156 ὅλης
870 3085 1096 3154 καρδίας
1153 3083 1440 3154 ζητοῦντες
1485 3083 1666 3146 αὐτὸν,
1726 3082 1821 3136 καὶ
1857 3084 1978 3148 ταῖς

2079 1897 2314 1966 Spiritus
2336 1897 2648 1966 illuminati,
2671 1896 2902 1952 feliciter
2935 1897 3232 1964 habebunt,
3265 1905 3320 1953 et
3343 1912 3464 1969 qua:
3485 1908 3570 1954 est
3601 1899 3655 1953 in

2077 1988 2291 2045 Christo
2320 1987 3029 2059 Salvatore,jucunditatem
3064 1989 3336 2056 haurient,
3371 1988 3658 2060 ipsumque

2077 2081 2355 2149 gaudium,
2392 2081 2549 2151 751
2581 2090 2638 2134 et
2665 2079 3100 2146 delectationem,
3137 2089 3192 2136 et
3243 2080 3656 2137 exsultationem

2078 2174 2274 2228 anima:
2325 2183 2490 2243 atque
2523 2173 2703 2229 cordis
2734 2172 2834 2228 sibi
2861 2172 3080 2228 facient.
3107 2171 3290 2228 Potest
3320 2181 3376 2228 et
3406 2173 3508 2229 hoc
3551 2187 3661 2226 ma-

2079 2261 2335 2317 nifestum
2367 2277 2486 2318 esse
2511 2263 2792 2329 indicium,
2817 2278 2912 2319 eos
2942 2264 3200 2320 statuisse
3223 2264 3389 2319 Deum
3438 2264 3548 2318 vita
3603 2273 3659 2318 et

2079 2353 2320 2409 moribus
2339 2354 2580 2426 diligere.
2607 2353 2707 2421 Qui
2740 2357 2882 2410 enim
2919 2357 3079 2412 rebus
3113 2355 3394 2410 mundanis
3418 2355 3658 2410 animum

2079 2459 2234 2499 suum
2261 2445 2556 2516 applicant,
2587 2462 2639 2503 ct
2661 2449 2726 2503 ad
2760 2449 3046 2503 inhonesta
3077 2461 3137 2503 se
3205 2447 3486 2516 abjiciunt,
3525 2461 3656 2516 gau-

2080 2536 2210 2591 dent
2241 2539 2295 2592 in
2317 2539 2470 2608 ipsis,
2509 2550 2564 2594 et
2598 2555 2664 2595 ea
2689 2541 2791 2596 sibi
2837 2541 3118 2596 materiam
3151 2539 3531 2596 oblectamenti
3567 2541 3660 2594 de-

2080 2628 2274 2700 ligunt,
2313 2629 2676 2700 ltetanturque
2704 2631 2758 2685 in
2793 2631 3160 2699 voluptatibus
3190 2630 3390 2694 carnis,
3425 2639 3480 2684 et
3537 2629 3659 2683 aliis

2079 2720 2363 2791 pra-sentis
2390 2721 2512 2775 vita:
2539 2719 2746 2775 deliciis
2768 2719 2991 2784 assueti,
3021 2719 3232 2774 divinas
3255 2734 3342 2774 res
3368 2719 3420 2772 in
3444 2727 3659 2789 postre-

2081 2813 2186 2868 mis
2217 2819 2523 2866 numerant.
2555 2811 2656 2878 Qui
2680 2820 2862 2867 autem
2894 2827 2960 2866 ex
2988 2821 3099 2869 toto
3128 2813 3292 2868 corde
3325 2812 3496 2882 ipsum
3511 2829 3660 2883 qua:-

2083 2914 2228 2969 runt,
2265 2915 2321 2959 et
2349 2904 2898 2972 contemplationibus
2925 2905 2991 2962 de
3034 2906 3152 2976 ipso
3210 2905 3550 2975 saginantur,
3604 2917 3660 2957 et

2082 2996 2280 3050 mentis
2315 2995 2527 3051 oculum
2563 2995 2815 3062 dilatant,
2848 2995 3217 3068 voluptatibus
3273 3011 3393 3067 qua:
3427 2995 3480 3050 in
3542 2995 3660 3066 ipso

2081 3094 2136 3140 et
2164 3085 2282 3140 solo
2306 3094 2454 3149 sunt,
2486 3087 2855 3156 perfruentur.

401 3179 658 3251 liftser
686 3178 943 3250 θεωρίαις
1002 3176 1501 3247 καταπιαινόμενοι,
1537 3177 1630 3228 καὶ
1659 3177 1755 3247 τῆς
1809 3174 2044 3241 διανοίας
2079 3176 2171 3231 τὸν
2216 3178 2490 3250 ὀφθαλμὸν
2541 3179 2876 3253 εὐρύνοντες,
2901 3181 2998 3242 τὰς
3043 3179 3130 3233 ἐπ’
3168 3177 3319 3249 αὐτῷ
3372 3177 3465 3232 καὶ
3516 3176 3662 3248 μόνῳ

400 3271 789 3339 παραδέξονται
814 3272 1100 3344 θυμηδίας.

471 3337 723 3435 Σημανῶ
757 3337 983 3430 αὐτοῖς,
1026 3362 1126 3416 καὶ
1179 3337 1520 3433 εῖσέέξομαι
1560 3363 1800 3431 αὐτοὺς,
1831 3363 1981 3418 διότι

2121 3401 2130 3415 ..
2159 3363 2325 3418 Vsus.
2367 3364 2420 3428 8,
2455 3363 2508 3420 9.
2528 3364 2852 3437 Signiﬁcabo
2882 3382 2990 3428 eos,
3018 3375 3069 3419 et
3093 3367 3376 3436 suscipiam
3403 3382 3510 3432 eos,
3535 3367 3661 3437 quia

397 3456 775 3526 λυτρώσομαι
815 3455 1058 3521 αὐτοὺς,
1090 3454 1189 3510 καὶ
1221 3455 1754 3523 πληθυνθιὶσονται
1783 3454 1987 3510 καθότι

400 3546 562 3621 ἦσαν
606 3547 848 3601 πολλοί.
891 3545 998 3600 Kal
1042 3545 1247 3615 σπερῶ
1285 3546 1507 3613 αὐτοὺς
1539 3547 1609 3600 ἐν
1653 3547 1845 3612 λαοῖς,
1886 3547 1986 3601 καὶ

400 3645 453 3696 οι
510 3640 748 3711 μακρὰν
783 3637 1248 3708 ιινησθήσονταί
1282 3657 1438 3708 μου,
1482 3639 1578 3693 καὶ
1621 3639 1986 3710 ἐκθρέψουσι

400 3734 471 3788 τὰ
505 3730 689 3785 τέκνα
716 3728 933 3793 αὐτῶν,
968 3730 1064 3783 καί
1097 3729 1560 3799 ἐπιστρέψουσι.

469 3823 589 3880 ΟΒ’.
629 3823 1007 3894 Διαμέμνηται
1058 3811 1230 3877 πάλιν
1266 3823 1364 3893 τῆς
1410 3822 1680 3876 Ἰουδαίων
1725 3823 1982 3896 ἀγάπης,

400 3917 494 3969 καὶ
543 3915 609 3986 δὴ
639 3916 735 3968 καὶ
761 3916 1101 3984 ὑπισχνεῖται
1153 3912 1432 3980 συλλέγειν
1482 3913 1680 3976 αὐτοὺς
1727 3930 1986 3968 κατεσκε-

399 4008 722 4078 δασμένους,
754 4009 846 4062 καὶ
880 4006 940 4070 ἐξ
969 4005 1186 4075 ἀπάσης
1232 4005 1336 4074 γῆς
1387 4006 1722 4077 συναγείρειν
1757 4007 1837 4070 εἰς
1886 4007 1985 4077 τὴν

413 4097 691 4161 Ἰουδαίαν,
723 4095 796 4158 ὡς
828 4093 1282 4164 ἁπονοσφίξεσθαι
1323 4093 1600 4157 παντελῶς
1636 4095 1845 4149 οὐδένα.
1875 4095 1983 4148 Καὶ

401 4190 520 4242 τίνα
556 4187 815 4257 τρόπονὴ
849 4184 1094 4255 ἅθροισις
1133 4183 1308 4249 ἔσται,
1349 4185 1752 4255 κατασημαίνει
1799 4184 1980 4238 πάλιν.

403 4279 540 4341 Τοϋς
567 4277 665 4347 μὲν
687 4276 795 4348 γὰρ
821 4274 1242 4345 μελιττοκόμους
1265 4273 1398 4342 φασὶ
1421 4275 1623 4343 σημεῖά
1642 4291 1764 4326 τινα
1789 4277 1980 4338 ποιεῖν,

404 4373 436 4443 ἦ
471 4369 658 4441 συρίςο
671 4385 807 4430 ιτας,
835 4368 1003 4438 ἤγουν
1029 4366 1172 4437 ἕτερ’
1200 4367 1336 4420 ἄττα
1369 4365 1500 4436 δρᾷν
1536 4365 1813 4429 εἰωθότας,
1842 4365 1984 4418 οὕτω

402 4481 459 4516 τε
494 4463 770 4528 συλλέγειν
815 4459 885 4511 τὰ
924 4456 1033 4511 τῶν
1072 4456 1335 4528 μελιττῶν
1374 4456 1500 4526 ἔθνη
1524 4495 1538 4520 ,
1585 4456 1694 4508 τῶν
1743 4455 1984 4526 σίμὸλων

404 4555 866 4623 ἀποφοιτήσαντα.
893 4549 1121 4620 Εἴρηται
1146 4546 1204 4600 δέ
1226 4565 1279 4601 τι
1304 4546 1544 4600 τοιοῦτον
1567 4545 1662 4599 καὶ
1689 4545 1774 4598 διὰ
1803 4545 1984 4615 φωνῆς

415 4644 658 4697 Ἡσαΐου.
689 4662 708 4693 ι
734 4643 840 4695 Καὶ
863 4640 1012 4694 ἔσται
1039 4639 1168 4711 γὰρ,
1193 4639 1377 4710 φησὶν,
1401 4639 1458 4691 ὲν
1482 4640 1548 4709 τῇ
1572 4637 1757 4709 ἡμέρᾳ
1777 4636 1981 4710 ἐκείνῃ,

2088 3459 2342 3511 redimam
2374 3474 2483 3522 eos,
2512 3468 2560 3511 et
2585 3456 3098 3525 multiplicabuntur,
3134 3457 3269 3510 sicut
3303 3466 3456 3511 erunt
3483 3458 3657 3512 multi.

2087 3549 2154 3602 Et
2182 3549 2450 3602 semiuubo
2476 3565 2561 3603 cos
2591 3552 2642 3602 in
2670 3549 2898 3617 populis,
2931 3558 2976 3600 et
3005 3548 3091 3616 qui
3123 3551 3186 3600 de
3220 3549 3389 3618 longe,
3415 3550 3661 3602 recorda-

2085 3645 2280 3698 buntur
2307 3644 2426 3709 mei,
2459 3653 2504 3698 et
2538 3645 2794 3696 cuutrient
2827 3643 2966 3712 ﬁlios
3013 3659 3158 3706 suos,
3194 3651 3242 3697 et
3274 3652 3655 3699 convertentur.

2157 3823 2363 3880 LXXII.
2410 3825 2652 3880 Meminit
2697 3838 2910 3879 rursum
2963 3824 3246 3879 charitatis
3303 3823 3356 3878 in
3401 3821 3656 3888 Iuda-os,

2084 3925 2138 3971 et
2166 3917 2384 3985 insuper
2414 3916 2765 3972 collecturum
2790 3931 2883 3971 eos
2915 3917 3207 3984 dispersos,
3241 3924 3293 3970 et
3317 3929 3381 3968 ex
3409 3915 3660 3970 omnibus

2087 4011 2247 4065 terris
2272 4019 2728 4079 congregatarum
2755 4009 2806 4063 in
2834 4006 3075 4062 Iudaeam
3106 4007 3391 4076 promittit,
3418 4016 3474 4060 ut
3499 4022 3658 4061 nemo

2084 4103 2242 4171 plane
2269 4102 2628 4157 desideretur.
2665 4099 2879 4154 Modum
2911 4111 3089 4154 autem
3127 4099 3282 4168 hujus
3309 4099 3500 4155 futura:
3527 4114 3654 4154 cou-

2084 4195 2417 4264 gregationis
2475 4194 2733 4262 deinceps
2777 4193 3032 4247 ostendit.
3073 4193 3237 4246 Aiunt
3283 4192 3428 4247 enim
3472 4192 3661 4248 mella-

2087 4286 2196 4339 rios
2241 4284 2393 4352 signa
2440 4284 2686 4352 quaedam
2743 4286 2924 4348 edere,
2966 4295 3058 4338 aut
3110 4283 3350 4348 sibilare,
3407 4294 3500 4339 aut
3553 4285 3657 4339 alia

2087 4375 2270 4430 nescio
2327 4389 2447 4442 qua:
2499 4375 2713 4440 solere,
2769 4386 2821 4429 et
2868 4377 2938 4429 ita
2985 4375 3235 4430 examina
3291 4376 3358 4429 ad
3419 4377 3658 4430 alvearia

2085 4467 2294 4520 deserta
2349 4479 2623 4518 revocare.
2689 4463 2819 4519 Tale
2865 4464 3137 4534 quidpiam
3203 4475 3258 4519 et
3313 4479 3409 4531 per
3467 4465 3658 4518 Isaiam

2085 4557 2287 4611 dictum
2325 4564 2428 4612 est.
2457 4555 2711 4610 Aitenim
2744 4571 2758 4609 ι
2797 4572 2815 4607 ι
2850 4555 2912 4612 Et
2945 4555 3050 4609 erit
3076 4555 3128 4608 in
3159 4555 3246 4609 die
3279 4554 3390 4618 illa,
3424 4556 3663 4608 sihilahit

2086 4647 2347 4703 Dominus
2403 4648 2626 4710 muscis,
2674 4661 2793 4716 quae
2843 4647 3189 4701 dominantur
3233 4646 3370 4714 parti
3424 4645 3662 4700 IIunnnis

404 4738 582 4807 cupis?
614 4733 817 4805 Κύριος
859 4731 1066 4802 μυίαις,
1095 4729 1143 4784 οἳ
1176 4730 1486 4800 κυριεύουσι
1532 4729 1696 4799 μέρος
1737 4728 1982 4798 ποταμοῦ

2091 4735 2332 4808 Egypti,
2364 4748 2419 4791 et
2449 4737 2535 4807 api
2568 4752 2686 4806 qua:
2721 4747 2802 4792 est
2837 4737 2888 4790 in
2923 4735 3141 4805 regione
3175 4735 3517 4805 Assyriorum
3541 4735 3606 4790 “.
3637 4754 3657 4787 ι

402 4827 698 4894 Αἰγύπτου,
732 4825 827 4877 καὶ
853 4825 918 4892 τῇ
955 4822 1214 4894 μελίσσῃ,
1245 4822 1278 4894 ἦ
1310 4824 1456 4875 ἐστιν
1501 4824 1557 4875 ὲν
1595 4821 1749 4893 χώρα
1786 4822 1980 4875 Ἀσσυ-

405 4919 555 4989 ρίων.
583 4937 600 4968 ι
636 4916 852 4986 ’Ἑτεροι
885 4915 942 4968 δέ
978 4931 1132 4984 φασι,
1166 4916 1258 4968 καὶ
1290 4917 1402 4977 τοῖς
1447 4913 1540 4967 τοῦ
1590 4914 1823 4985 πολέμου
1857 4931 1980 4968 και-

403 5013 537 5082 ροῖς,
563 5011 612 5062 εἰ
641 5008 706 5080 δὴ
743 5007 1028 5078 συμϐαίνει
1057 5005 1464 5060 διασκίδνασοαί
1507 5023 1623 5069 πως
1652 5007 1776 5070 τοὺς
1807 5024 1980 5077 μαχη-

399 5098 517 5163 τὰς,
543 5099 577 5169 ἦ
606 5098 898 5162 διώκοντας
929 5099 962 5169 ἢ
993 5096 1373 5168 διωκομένους,
1400 5095 1646 5167 αἴρεσθαί
1677 5115 1729 5150 τι
1756 5099 1979 5166 σημεῖον

402 5188 535 5259 ὑψοῦ
584 5188 736 5261 παρὰ
781 5189 890 5241 τῶν
927 5188 1272 5260 στρατηγῶν,
1313 5188 1393 5250 είς
1433 5188 1461 5240 ὃ
1504 5188 1596 5241 καὶ
1639 5188 1981 5257 ἀφορῶντες,

401 5281 843 5355 συναθροίζονταί
888 5299 949 5335 τε
993 5281 1088 5335 καὶ
1120 5283 1199 5343 είς
1238 5279 1328 5332 τὸν
1373 5279 1534 5333 αὑτὸν
1574 5279 1766 5332 ἀνόπιν
1813 5279 1983 5331 ἵενται

401 5375 595 5446 χῶρον.
635 5374 955 5443 ’Υποφαίνει
1002 5372 1058 5425 δέ
1108 5390 1161 5425 τι
1195 5369 1433 5425 τοιοῦτον
1476 5371 1571 5423 καί⁸
1606 5369 1666 5423 τὸ
1708 5369 1860 5440 παρὰ
1908 5368 1985 5438 τῷ

399 5468 656 5542 προφήτῃ
687 5467 937 5537 κείμενον
975 5464 1202 5535 Ἠσαῖαο
1243 5482 1260 5515 ι
1292 5462 1402 5516 Καὶ
1433 5462 1580 5516 ἔσται
1615 5460 1690 5525 ὡς
1726 5461 1870 5523 ἱστὸς
1899 5461 1986 5511 ἐπ’

397 5558 579 5628 ὅρους,
626 5557 722 5611 καὶ
749 5557 826 5621 ὡς
873 5559 1099 5627 σημεῖον
1126 5555 1306 5627 φέρων
1336 5557 1430 5609 ἐπὶ
1463 5551 1672 5625 βουνοῦ.
1704 5572 1721 5605 ι
1775 5551 1983 5606 Οὐκοῦν

471 5735 515 5768 ⁸³
540 5740 559 5792 Ι
585 5739 712 5794 Cor.
748 5756 818 5802 ιν,
861 5739 946 5793 15.
1025 5738 1191 5792 “lsa.
1222 5752 1319 5798 vn.
1360 5736 1444 5791 18.
1525 5737 1565 5770 ⁸⁸
1592 5736 1693 5792 lsa.
1731 5750 1858 5801 xxx,
1888 5734 1975 5789 Π.

638 5833 909 5893 ΡΑτιιοι..
960 5832 1076 5893 GR.
1125 5829 1332 5890 LXXII

2087 4828 2193 4883 Alii
2220 4830 2373 4882 aiunt
2401 4837 2456 4882 et
2486 4827 2611 4882 belli
2648 4836 2912 4895 tempore,
2941 4825 2984 4879 si
3015 4825 3216 4879 milites
3248 4824 3496 4896 dissipari
3531 4842 3661 4880 con-

2089 4920 2282 4992 tingat,
2337 4921 2462 4973 dum
2517 4928 2612 4974 aut
2663 4919 2928 4988 fugientes
2972 4918 3365 4986 insequuntur,
3418 4926 3510 4971 aut
3563 4916 3662 4983 ipsi

2089 5013 2439 5080 insequentes
2485 5011 2716 5080 fugiunt,
2769 5009 2879 5064 tolli
2919 5023 2984 5062 ex
3021 5010 3166 5063 edito
3217 5009 3336 5063 loco
3373 5009 3583 5077 signum
3631 5025 3660 5057 a

2087 5104 2335 5164 ducibus,
2363 5103 2505 5171 quod
2542 5102 2811 5156 intuentes
2835 5114 3250 5172 congregantur,
3295 5111 3348 5154 et
3379 5100 3566 5154 eodem
3603 5112 3662 5151 se

2083 5195 2372 5263 recipiunt.
2404 5193 2750 5248 Demonstrat
2774 5192 2948 5246 simile
2977 5193 3230 5261 quiddam
3261 5201 3314 5243 et
3345 5188 3485 5257 quod
3518 5189 3658 5253 apud

2085 5284 2402 5352 prophetam
2463 5281 2653 5335 Isaiam
2717 5292 2914 5336 exstat.
2971 5281 3084 5335 «Et
3134 5282 3239 5333 erit
3295 5279 3434 5333 sicut
3482 5276 3661 5331 malus

2085 5374 2237 5428 navis
2277 5387 2441 5442 super
2469 5383 2731 5438 montem,
2769 5383 2824 5427 et
2849 5373 3004 5442 quasi
3039 5373 3251 5440 signqu
3283 5368 3467 5423 ferens
3495 5384 3660 5437 super

2084 5462 2275 5517 collem
2297 5461 2361 5516 ".
2398 5481 2416 5515 ο
2455 5463 2532 5519 Ex
2559 5478 2624 5519 eo
2648 5463 2811 5533 igitur
2833 5461 2972 5530 quod
3005 5461 3120 5514 fieri
3148 5459 3368 5526 assolet,
3401 5458 3660 5515 similitu-

2085 5553 2262 5608 dinem
2297 5555 2479 5610 trahit.
2513 5555 2601 5610 Ait
2645 5555 2786 5610 enim
2816 5571 2830 5607 :
2866 5570 2884 5602 ι
2914 5552 3240 5625 Significalio
3271 5545 3368 5620 eis,
3403 5562 3454 5608 et
3486 5551 3659 5609 susci-

3272 5822 3307 5882 ϐ
