4092 6202
455 261 549 316 171

1443 252 1498 307 8.
1541 251 1810 308 CYRILLI
1857 245 2321 304 ALEXANDRINI
2364 245 2678 301 ARCHIEP.

3599 246 3701 300 {7‘3

449 353 589 424 piam
644 363 760 405 eos.
807 367 825 401 ι
891 347 1193 403 Excitatum
1258 357 1339 401 est
1388 349 1529 401 cnim
1593 345 1750 399 nobis
1809 345 2021 412 signum

2129 342 2190 394 ἐκ
2232 339 2324 392 τοῦ
2372 339 2618 408 γίνεσθαι
2665 337 2966 406 πεφυκότος
3014 335 3226 406 δέχεται
3270 335 3371 408 τὴν
3422 336 3700 408 ὁμοίωσιν.

451 457 700 512 magnum
741 450 793 496 et
831 441 1062 510 insigne,
1091 455 1218 495 crux
1247 438 1561 505 Salvatoris,
1582 437 1830 509 perquod
1853 437 2015 489 etiam

447 532 656 602 accepti
697 531 969 586 evasimus
1003 531 1110 584 Deo
1139 539 1194 583 et
1243 528 1409 582 Patri.
1444 527 1713 581 Praeterea
1757 525 2015 592 redempti

449 639 655 686 sumus,
697 632 750 678 et
779 623 832 676 in
863 619 1264 676 multitudinem
1296 620 1618 672 immensam
1659 617 2014 677 excrevimus,

448 714 540 783 qui
586 712 934 768 credidimus.
969 707 1105 775 Quia
1156 724 1285 763 vero
1331 707 1548 777 adjecit,
1596 725 1614 758 ι
1647 707 1712 761 Ει
1743 707 2021 761 scminabo

445 821 538 861 ms
572 805 624 858 in
671 802 899 874 populis,
939 810 994 856 et
1042 801 1198 869 longe
1247 800 1512 854 distantes
1547 799 1614 854 ab
1645 798 1749 853 illis
1779 798 2018 862 venient,

446 905 500 949 ct
542 891 968 948 recordabuntur
1004 889 1135 954 mei,
1167 907 1185 940 ι
1229 903 1444 942 rursum
1479 889 1605 942 illud
1635 887 1881 950 dicimus,
1923 900 2021 939 nec

433 986 501 1040 id
545 1000 572 1038 a
615 998 778 1050 scopo
819 982 1160 1043 aberrantes,
1203 978 1425 1031 multum
1457 979 1597 1032 enim
1628 975 2022 1045 probabilitatis

449 1075 630 1129 habet.
658 1071 818 1142 752
842 1070 1003 1137 Quasi
1031 1067 1365 1122 dissentinati
1393 1076 1517 1121 sunt
1543 1067 1594 1120 in
1639 1066 1822 1120 multis
1851 1065 2023 1135 genti-

449 1167 551 1220 bus
587 1172 639 1218 et
673 1164 723 1216 in
754 1161 900 1215 omni
942 1160 1169 1229 regione
1217 1159 1378 1226 at'qnc
1413 1158 1546 1212 urbe
1577 1157 1741 1212 divini
1772 1155 2020 1225 discipuli

449 1264 504 1309 et
535 1252 806 1321 Evangelii
837 1264 1135 1318 praecones,
1160 1248 1560 1316 elleceruntqne
1589 1256 1646 1300 ut
1676 1246 2021 1301 remotissimi

447 1361 474 1399 a
505 1345 639 1407 Deo,
680 1351 902 1412 propter
942 1339 1320 1408 interpositum
1361 1345 1642 1408 peccatum
1675 1347 1729 1391 et
1759 1353 2020 1402 errorem,

452 1439 866 1495 recordarentur
929 1435 1118 1504 ipsius,
1163 1443 1218 1488 et
1263 1434 1636 1488 universorum
1688 1428 2021 1483 Salvatorent

450 1550 511 1587 ac
550 1540 977 1602 procreatorem,
1010 1527 1257 1597 quamvis
1283 1524 1572 1594 aliquando
1599 1531 1900 1576 creaturam
1928 1534 2022 1587 pro

450 1622 671 1676 numine
703 1619 1020 1682 coluissent,
1051 1627 1106 1672 ct
1131 1618 1250 1671 ideo
1281 1615 1518 1669 amicitia
1548 1613 1641 1666 Dei
1675 1611 2018 1671 excidissent,

2128 452 2144 483 ι
2175 430 2410 502 Σημανῶ
2450 430 2580 500 γὰρ,
2613 429 2806 500 φησὶν,
2851 429 3070 492 αὐτοῖς,
3107 429 3200 480 καὶ
3255 426 3562 498 εἰσδέξομαι
3597 431 3699 486 αὓ-

2119 519 2263 581 τούς.
2292 538 2309 569 ι
2356 519 2682 589 Ἑγήγερται
2713 518 2823 589 γὰρ
2852 520 3075 588 σημεῖον
3101 519 3234 586 ἡμῖν
3273 518 3415 587 μέγα
3459 517 3555 570 καὶ
3586 519 3704 570 ἐπι-

2122 612 2286 682 φανὲς
2324 612 2351 664 6
2386 611 2477 663 τοῦ
2518 611 2768 682 Σωτῆρος
2800 610 3050 680 σταυρὸς,
3085 609 3151 662 δι’
3177 603 3236 665 οὗ
3271 609 3365 662 καὶ
3398 609 3705 682 γεγόναμεν

2119 702 2298 756 δεκτοὶ
2334 702 2409 772 τῷ
2447 701 2566 772 Θεῷ
2606 702 2700 755 καὶ
2736 701 2930 772 Πατρί.
2962 700 3070 754 Καὶ
3104 701 3208 772 μὴν
3240 701 3334 754 καὶ
3367 701 3705 772 ἐκλελυτρώ-

2125 793 2282 864 μεθα,
2311 794 2404 848 καὶ
2431 795 2510 856 εἰς
2544 793 2754 863 πληθὺν
2789 792 3098 864 ἀμέτρητον
3136 791 3505 864 ἐξεδρίιμομεν
3529 793 3580 845 οἰ
3611 811 3710 845 πε-

2124 887 2491 951 πιστευκότες.
2527 885 2743 957 Ἐπειδὴ
2765 885 2820 937 δὲ
2849 885 3207 955 προσέθηκεν,
3235 884 3316 937 ὅτι
3344 903 3362 936 ι
3387 884 3497 938 Καὶ
3521 882 3710 953 σπερῶ

2123 978 2319 1039 αὐτοὺς
2358 980 2414 1030 ἐν
2451 976 2628 1040 λαοῖς,
2663 977 2756 1030 καὶ
2787 977 2834 1028 οἱ
2875 977 3090 1047 μακρὰν
3129 975 3224 1030 ἀπ’
3272 973 3451 1028 αὐτῶν
3479 972 3666 1044 ἥξουσι
3691 1014 3706 1037 ,

2123 1068 2216 1120 καὶ
2249 1066 2646 1137 μνησθήσονταί
2677 1083 2801 1137 μου,
2824 1085 2842 1118 ›
2877 1066 3038 1121 πάλιν
3063 1065 3236 1119 ἐκεῖνό
3261 1081 3461 1136 φαμεν,
3491 1065 3584 1118 καὶ
3608 1065 3711 1118 οῦκ

2123 1158 2230 1211 ἀπὸ
2274 1156 2497 1211 σκοποῦο
2535 1158 2668 1211 πολὺ
2698 1157 2807 1227 γὰρ
2853 1157 2964 1227 ἔχει
3005 1156 3065 1210 τὸ
3094 1157 3238 1220 εἰκὸς
3271 1158 3300 1209 6
3338 1155 3514 1224 λόγος.
3557 1157 3708 1208 Κατ-

2127 1249 2449 1321 εσπάρησαν
2505 1251 2614 1320 γὰρ
2673 1249 2862 1322 ὥσπερ
2919 1251 2975 1302 ἐν
3025 1249 3236 1312 πολλοῖς
3287 1247 3465 1302 ἔθνεσι
3513 1249 3606 1301 καὶ
3651 1250 3709 1302 ἐν

2123 1343 2307 1414 ἁπάσῃ
2353 1343 2410 1396 δὲ
2469 1343 2624 1414 χώρα
2680 1343 2775 1397 καὶ
2831 1344 2980 1396 πόλει
3036 1345 3084 1397 οἱ
3120 1343 3398 1396 θεσπέσιοι
3469 1340 3710 1413 μαθηταὶ

2124 1435 2218 1486 καὶ
2251 1434 2358 1486 τῶν
2394 1433 2553 1488 θείων
2598 1433 2946 1503 Εύαγγελίων
2987 1435 3257 1504 κήρυκες,
3295 1433 3389 1486 καὶ
3420 1433 3545 1495 τοὺς
3578 1433 3712 1484 ἀπο-

2123 1524 2271 1577 τάτω
2297 1525 2588 1593 γεγονότας
2617 1523 2751 1576 Θεοῦ
2781 1524 2867 1577 διὰ
2896 1523 2994 1593 τὴν
3037 1523 3484 1594 μεσολαϐήσασαν
3527 1521 3712 1590 ἁμαρ-

2125 1612 2244 1666 τίαν
2273 1630 2332 1666 τε
2364 1614 2456 1666 καὶ
2490 1613 2696 1683 πλάνην
2728 1611 3031 1685 μνησθῆναί
3060 1629 3117 1664 τε
3144 1612 3329 1676 αὑτοῦ,
3359 1612 3454 1665 καὶ
3480 1612 3560 1674 είς
3586 1609 3717 1664 νοῦν

449 1715 630 1769 animo
671 1712 1184 1780 complecterentur.
1232 1709 1420 1776 Itaque
1452 1706 1666 1758 divinus
1698 1702 1897 1756 Paulus
1929 1715 2023 1769 per

2131 1703 2271 1758 ἐλεῖν
2311 1704 2729 1776 παρεσκεύασαν
2767 1704 2857 1758 τὸν
2891 1704 2999 1758 τῶν
3046 1704 3181 1757 ὅλων
3222 1704 3453 1774 Σωτῆρα
3487 1702 3582 1756 καὶ
3615 1718 3711 1771 γε-

451 1807 622 1875 ipsum
684 1812 902 1858 vocatos
954 1802 1007 1855 in
1061 1799 1391 1869 agnitionem
1441 1796 1646 1851 Christi
1696 1795 1977 1863 alloquens
2009 1833 2024 1855 ,

456 1915 473 1948 ι
503 1895 656 1950 Nunc
691 1902 868 1948 autem
919 1905 1037 1958 vos,
1095 1890 1290 1960 inquit,
1337 1888 1432 1958 qui
1483 1886 1774 1956 aliquando
1818 1884 2024 1955 procul,

451 1988 576 2042 facti
620 1986 750 2041 estis
793 1998 960 2054 prope
983 1983 1049 2038 “.
1080 2001 1100 2035 ι
1129 1981 1358 2036 Veniant
1400 1981 1566 2050 igitur
1610 1991 1876 2032 memores
1911 1977 2023 2030 Dei.

451 2073 565 2127 Non
593 2072 852 2126 dissimile
883 2070 1135 2139 quiddam
1170 2069 1328 2123 nobis
1368 2068 1562 2123 beatus
1592 2068 1852 2138 prapbeta
1875 2065 2028 2120 Jere-

452 2165 589 2219 utias
618 2163 878 2225 insinuat,
907 2161 1049 2214 velut
1081 2158 1332 2214 lsraelem
1365 2159 1648 2227 alloquens
1675 2176 1687 2212 :
1727 2176 1746 2208 ι
1775 2157 1874 2225 Qui
1905 2170 2028 2225 pro-

451 2253 536 2307 cui
579 2253 713 2308 estis
745 2249 1105 2306 recordamini
1137 2249 1375 2315 Domini,
1404 2258 1458 2302 et
1483 2247 1790 2303 Jerusalem
1837 2261 2029 2301 ascen-

451 2349 543 2399 dat
575 2345 626 2398 in
678 2358 771 2397 cor
817 2351 1054 2396 vestrum
1073 2341 1140 2396 δ’.
1171 2358 1189 2392 ι
1219 2339 1370 2404 Quod
1406 2339 1450 2394 si
1490 2340 1712 2396 omnino
1765 2339 1902 2410 ejus,
1937 2340 2026 2410 qui

451 2445 533 2490 cst
573 2443 761 2488 natura
814 2434 972 2496 Deus,
1020 2446 1289 2487 memores
1331 2431 1552 2496 fuerint,
1603 2440 1753 2496 tunc,
1792 2439 1922 2485 tunc
1961 2429 2027 2484 ad

451 2527 729 2597 spirituale
756 2526 921 2579 robur
955 2533 1134 2577 tantos
1178 2537 1500 2592 progressus
1532 2523 1824 2587 habebunt,
1869 2531 1927 2576 ut
1975 2530 2032 2576 et

448 2619 590 2672 tilios
633 2625 914 2687 generem,
954 2623 1010 2668 et
1037 2614 1381 2670 sermonibus
1425 2614 1642 2684 pietatis
1673 2628 1804 2668 suos
1831 2613 2030 2668 liberos

441 2710 749 2774 cnutrianl,
780 2718 833 2764 et
868 2707 920 2762 in
965 2709 1068 2761 hoc
1095 2707 1210 2776 ipso
1244 2705 1563 2775 glorientur.
1591 2705 1794 2759 Scribit
1825 2714 1877 2761 et
1903 2705 2029 2760 bea-

455 2816 542 2859 tus
575 2802 772 2857 Paulus
803 2816 899 2871 per
930 2801 1104 2871 ipsum
1155 2799 1421 2865 educatis,
1463 2809 1516 2852 et
1547 2800 1598 2852 in
1641 2798 1818 2851 virum
1850 2797 2029 2866 perfe-

453 2906 596 2950 ctum
641 2902 802 2964 atque
859 2893 912 2947 in
961 2900 1176 2946 aetatem
1226 2889 1574 2959 plenitudinis
1618 2888 1817 2943 Christi
1857 2888 2028 2941 addu-

2127 1796 2478 1868 νεσιουργὸν,
2524 1797 2700 1850 καίτοι
2751 1796 2917 1850 πάλαι
2965 1798 3029 1866 τῇ
3084 1795 3259 1848 κτίσει
3297 1794 3356 1848 τὸ
3407 1793 3570 1857 σέϐας
3615 1795 3711 1846 ἁν-

2129 1889 2431 1951 άπτοντας,
2477 1888 2733 1960 ταύτῃτοι
2763 1887 2858 1941 καὶ
2895 1888 2992 1959 τῆς
3039 1885 3175 1957 πρὸς
3197 1885 3332 1939 Θεὸν
3382 1886 3712 1956 οἰκειότητος

2130 1980 2614 2050 ἐκπεφοιτηκότας,
2645 1981 2757 2034 Καὶ
2792 1980 2922 2049 γοῦν
2954 1981 2982 2032 6
3026 1979 3313 2042 Θεσπέσιος
3351 1976 3562 2041 Παῦλος
3601 1981 3714 2040 τοϊς

2129 2073 2196 2126 δι’
2239 2071 2403 2126 αὐτοῦ
2447 2071 2806 2143 κεκλημένοις
2864 2072 2943 2134 είς
2979 2070 3274 2138 ἐπίγνωσιν
3335 2069 3429 2122 τοῦ
3475 2068 3714 2142 Χριστοῦ

2132 2163 2507 2235 προσεφώνει,
2538 2164 2740 2233 λέγων’
2779 2182 2798 2214 ι
2827 2163 2964 2217 Νυνὶ
2993 2161 3048 2215 δὲ
3081 2162 3257 2233 ὑμεῖς,
3303 2159 3359 2213 οἵ
3400 2177 3529 2213 ποτε
3563 2159 3713 2222 ὄντες

2133 2253 2368 2326 μακρὰν,
2391 2253 2686 2324 ἐγενήθητε
2716 2251 2902 2322 ἐγγύς.
2927 2271 2944 2304 ι
2969 2251 3200 2318 ’Ἠξουσι
3229 2249 3294 2322 δὴ
3321 2244 3414 2303 οῦν
3447 2248 3714 2320 μνησθένο

2128 2363 2220 2408 τες
2256 2343 2346 2398 τοῦ
2380 2345 2536 2400 Θεοῦ.
2568 2344 2758 2398 Καίτοι
2789 2342 3030 2397 τοιοῦτον
3065 2344 3195 2414 ἡμῖν
3224 2345 3252 2396 ό
3285 2341 3553 2414 μακάριος
3589 2357 3716 2412 προ-

2139 2437 2316 2508 φήτης
2355 2436 2623 2507 Ἱερεμίας
2671 2436 3077 2500 ύπαινίττεται,
3128 2434 3303 2502 λέγων
3345 2434 3419 2497 ώς
3461 2433 3597 2504 πρός
3647 2449 3712 2501 γε

2131 2526 2221 2579 τὸν
2259 2525 2512 2596 Ἰσραήλ·
2551 2543 2570 2578 ι
2601 2526 2664 2579 Οἱ
2721 2526 3013 2598 μακρόθεν,
3055 2523 3328 2596 μνήσθητε
3358 2527 3453 2580 τοῦ
3481 2523 3712 2594 Κυρίου,

2131 2617 2224 2671 καὶ
2263 2616 2619 2690 Ἰερουσαλὴμ
2664 2617 2917 2689 ἁναϐήτω
2949 2619 3007 2671 ἐν
3040 2604 3108 2688 τῇ
3151 2616 3347 2688 καρδία
3392 2613 3566 2686 ὑμῶν.
3591 2632 3609 2666 ι
3651 2614 3713 2665 Ei

2130 2705 2186 2758 δὲ
2217 2705 2280 2777 δὴ
2327 2708 2582 2777 μνησεῖεν
2615 2706 2691 2776 (1)
2732 2707 2870 2770 ὅλως
2900 2706 2994 2760 τοῦ
3031 2705 3172 2761 κατὰ
3204 2705 3362 2775 φύσιν
3392 2703 3548 2767 Θεοῦ,
3591 2703 3712 2757 τότε

2130 2797 2215 2868 δὴ,
2239 2801 2358 2851 τότε
2386 2799 2482 2851 καὶ
2509 2799 2885 2869 πνευματικῆς
2907 2799 3210 2871 εὐρωστίας
3239 2796 3549 2868 βαδιοῦνται
3578 2797 3714 2868 πρὸς

2130 2888 2312 2954 τοῦτο,
2345 2889 2484 2943 ὥστε
2528 2890 2624 2943 καὶ
2655 2891 2863 2945 τέκνων
2911 2891 3107 2954 αὐτοὺς
3138 2890 3391 2959 γενέσθαι
3438 2889 3712 2960 πατέρας,

441 2987 555 3042 ctis
596 2985 663 3051 ”,
703 2984 814 3053 jam
865 2981 1104 3052 quidem,
1149 2979 1436 3054 [Gaudium
1480 2989 1770 3042 etpcorona
1808 2991 1924 3034 mea
1960 2977 2026 3052 δ’]

2137 2981 2230 3034 καὶ
2252 2983 2365 3043 τοῖς
2391 2981 2469 3044 είς
2497 2979 2778 3036 εὐσέϐειαν
2802 2982 2982 3052 λόγοις
3005 2983 3267 3054 ἐκθρέψαι
3293 2982 3360 3036 τὰ
3391 2981 3496 3036 ίδια
3525 2981 3713 3046 τέκνα,

450 3080 584 3146 jam,
642 3093 660 3126 ι
695 3075 797 3128 Per
852 3085 1088 3130 vestram
1138 3073 1512 3143 gloriationem
1553 3087 1712 3142 quam
1755 3072 1927 3126 habeo
1977 3071 2030 3124 in

451 3170 670 3224 Christo
699 3167 825 3222 Jesn
851 3167 930 3220 '°:
965 3186 982 3215 ι
1007 3195 1076 3205 -
1098 3182 1115 3216 ι
1145 3165 1354 3218 Corona
1386 3165 1528 3218 enim
1555 3179 1742 3217 senum
1777 3163 1867 3216 lilii
1897 3163 2030 3216 ﬁlio-

444 3277 614 3325 rum,
663 3269 721 3313 ut
768 3261 1029 3327 scriptum
1086 3256 1234 3310 est“
1283 3273 1296 3310 :
1345 3255 1512 3325 gloria
1567 3264 1746 3310 autem
1797 3253 2026 3308 ﬁliorum

455 3364 636 3420 patres
672 3351 928 3420 ipsorum.
966 3368 984 3399 ι

2138 3076 2233 3126 καὶ
2268 3074 2353 3126 ἐπ’
2376 3075 2525 3148 αὐτῷ
2560 3075 2623 3147 δὴ
2660 3075 2836 3146 τούτῳ
2869 3076 3250 3147 σεμνύνεσθαι.
3283 3076 3486 3145 Γράφει
3520 3074 3576 3128 δέ
3613 3092 3715 3127 που

2136 3166 2231 3216 καὶ
2259 3165 2285 3215 6
2313 3163 2599 3229 θεσπέσιος
2629 3165 2839 3230 Παῦλος
2867 3169 2981 3229 τοῖς
3011 3166 3077 3219 δι’
3104 3165 3265 3219 αὑτοῦ
3294 3166 3715 3238 τεθραμμένοις,

2084 3265 2086 3268 ’
2135 3256 2229 3308 καὶ
2259 3257 2339 3319 εἰς
2377 3257 2546 3328 ἄνδρα
2577 3258 2780 3312 τέλειον
2814 3258 3212 3328 ἀναϐεϐηκόσι,
3265 3259 3355 3312 καὶ
3393 3261 3472 3322 εἰς
3521 3258 3718 3329 μέτρον

2133 3347 2347 3418 ἡλικίας
2378 3349 2572 3418 ἥκουσι
2595 3351 2693 3420 τῆς
2717 3351 2774 3403 ἐν
2803 3350 3045 3422 Χριστῷ,
3075 3350 3206 3404 ποτὲ
3240 3350 3360 3421 μὲν,
3389 3368 3407 3402 ι
3439 3349 3599 3420 Χαρὰ
3626 3349 3718 3403 καὶ

456 3446 719 3516 στέφανός
750 3461 887 3516 μου·
923 3465 941 3496 ›
980 3445 1109 3498 ποτὲ
1141 3445 1198 3498 δὲ
1233 3445 1414 3510 πάλιν,
1456 3463 1473 3495 ι
1507 3443 1591 3515 Νὴ
1633 3443 1730 3520 τὴν
1778 3442 2056 3514 ἡμετέραν
2094 3445 2361 3516 καύχησιν
2409 3449 2475 3519 ἢν
2513 3447 2622 3518 ἔχω
2674 3449 2731 3502 ἐν
2769 3447 2992 3518 Χριστῷ
3032 3445 3203 3517 Ἰησοῦ
3226 3462 3239 3476 ο
3266 3463 3373 3496 ›--
3402 3463 3420 3496 ι
3449 3443 3719 3513 Στέφανος

451 3537 564 3610 γὰρ
590 3537 856 3608 γερόντων
897 3537 1062 3590 τέκνα
1089 3536 1314 3602 τέκνων,
1345 3535 1486 3589 κατὰ
1514 3535 1572 3590 τὸ
1613 3535 2025 3608 γεγραμμένον
2068 3535 2329 3608 καύχημα
2358 3538 2413 3592 δὲ
2476 3539 2702 3604 τέκνων,
2743 3539 2976 3610 πατέρες
3004 3537 3202 3592 αὐτῶν.
3227 3555 3244 3587 ι

529 3627 689 3680 Vsus.
723 3625 810 3679 10.
855 3625 919 3678 Et
949 3636 1246 3679 convertam
1275 3641 1359 3678 eos
1389 3626 1608 3678 delerra
1629 3625 1871 3695 ΑΞςηιριί,
1897 3635 1940 3678 et
1965 3623 2028 3678 de

457 3721 687 3788 Assyriis
719 3719 1000 3784 suscipiam
1049 3716 1191 3781 illos,
1221 3726 1267 3768 et
1317 3718 1368 3768 in
1407 3716 1736 3782 Galnaditin,
1769 3728 1814 3770 et
1844 3720 1896 3770 in
1939 3713 2028 3770 Li-

451 3813 652 3864 -bamom
702 3804 1037 3859 introducunt
1077 3820 1162 3856 eos
1189 3845 1202 3870 ,
1243 3814 1290 3857 ct
1343 3823 1444 3858 non
1487 3806 1812 3876 relinquetur
1855 3823 1920 3861 ex
1957 3808 2030 3861 eis

452 3901 617 3956 ullus.

530 3994 767 4052 LXXIII.
818 3994 1044 4060 Quando
1075 3993 1570 4048 Nabuchodonosor
1599 3991 1836 4048 Judzeam
1866 3995 2033 4050 armis

456 4087 785 4160 subiugavit,
811 4087 1348 4154 sacratissimnmque
1373 4084 1649 4153 templum,
1679 4097 1730 4138 et
1765 4086 1874 4154 ipsa
1905 4088 2033 4140 urbs

2207 3631 2314 3682 Καὶ
2347 3629 2709 3699 ἀποστρέψω
2750 3630 2971 3696 αὐτοὺς
3009 3629 3076 3683 ἐκ
3113 3628 3226 3699 γῆς
3251 3629 3575 3699 Αἰγύπτου,
3618 3627 3719 3680 καὶ

2135 3723 2205 3788 ἐξ
2259 3725 2583 3793 Ἀσσιιρίων
2635 3724 2976 3793 εἰσδέξομαι
3027 3722 3268 3788 αὐτοὺς,
3323 3720 3422 3774 καί
3475 3723 3562 3787 εις
3605 3719 3722 3781 τὴν

2137 3817 2521 3881 Γαλααδῖτιν,
2545 3817 2642 3870 καί
2677 3820 2765 3883 εἰς
2801 3817 2906 3870 τὸν
2930 3816 3190 3870 Λίϐανον
3216 3814 3438 3879 εἰσάξω
3473 3811 3715 3879 αὐτοὺς,

2139 3909 2235 3961 καί
2270 3910 2342 3961 οὐ
2365 3907 2452 3977 μὴ
2488 3909 2827 3978 ὑπολειφθῇ
2857 3908 2927 3973 ἐξ
2956 3908 3152 3962 αὐτῶν
3181 3908 3398 3974 οὐδείς.

2212 4001 2329 4054 Ol".
2373 4001 2500 4054 Ὅτε
2545 4001 2640 4072 τὴν
2676 4003 2931 4058 Ἰουδαίαν
2966 3999 3076 4056 εἷλε
3130 4001 3226 4073 μὲν
3273 4000 3416 4055 κατὰ
3465 3999 3662 4071 κράτος
3689 3998 3718 4049 6

2138 4091 2644 4165 Ναϐουχοδονόσωρ,
2692 4095 3016 4167 ἐμπέπρητο
3068 4095 3124 4147 δέ
3166 4094 3261 4149 καὶ
3305 4097 3333 4148 6
3390 4094 3531 4158 θεῖος
3583 4093 3718 4158 νεὼς

461 4177 831 4248 IlierOsolyma
868 4175 1239 4242 conﬂagravit,
1277 4184 1401 4231 tunc
1447 4185 1502 4231 et
1547 4176 1831 4230 universus
1870 4176 2026 4231 Israel

2142 4185 2280 4238 αύτά
2312 4203 2371 4237 τε
2405 4185 2472 4238 τὰ
2503 4185 2869 4258 Ἰεροσόλυμα,
2905 4187 3026 4240 τότε
3064 4187 3157 4242 καὶ
3195 4186 3339 4249 ἄπας
3380 4181 3721 4238 τεταλαιπώο

452 4279 544 4326 est
601 4269 891 4324 aﬂlictatus
929 4267 1021 4320 "..
1071 4267 1174 4320 Alii
1230 4268 1496 4336 siquidem
1555 4270 1606 4322 in
1678 4270 1930 4340 Assyrios
1980 4279 2034 4324 et

457 4361 644 4418 Iledos
670 4360 866 4430 captivi
903 4369 1026 4414 sunt
1053 4360 1269 4414 abducti
1303 4375 1319 4413 :
1351 4360 1465 4427 alii,
1499 4361 1587 4430 qui
1621 4375 1808 4415 eorum
1844 4361 2034 4416 crude-

459 4455 667 4509 litatem
702 4453 934 4509 evadere
987 4461 1040 4507 et
1068 4451 1304 4522 ell‘ugere
1334 4463 1642 4523 potuerunt,
1681 4455 1954 4520 timentes,
1980 4464 2034 4510 et

459 4548 678 4617 paribus
725 4545 987 4614 implicari
1031 4547 1290 4600 aerumnis
1335 4546 1642 4608 horrentes,
1675 4546 1819 4601 ultro
1859 4563 1918 4602 se
1966 4549 2033 4602 ad

458 4637 738 4707 A-lgyptios
784 4637 1153 4702 contulerunt,
1200 4636 1589 4704 servitutisque
1633 4637 1771 4706 apud
1825 4638 2034 4709 eosju-

457 4739 584 4790 gum
632 4725 953 4779 necessitate
994 4726 1260 4794 compulsi
1306 4726 1610 4780 subierunt.
1662 4725 1844 4795 Itaque
1889 4738 2036 4797 post-

461 4827 624 4879 quam
669 4825 765 4866 eos
819 4826 1276 4882 congregaturum
1336 4816 1574 4883 undique
1620 4817 1892 4885 pollicitus
1931 4829 2033 4884 est,

463 4901 706 4957 meminit
761 4911 814 4956 et
859 4903 1098 4958 locorum
1157 4904 1208 4958 in
1260 4918 1396 4972 quos
1457 4905 1672 4962 abducti
1741 4920 1868 4965 sunt
1901 4929 1913 4964 :
1944 4912 2033 4966 alii

460 4995 656 5064 captivi
687 4993 837 5056 facti,
871 5004 927 5047 ut
950 4995 1093 5060 dixi;
1122 4995 1212 5050 alii
1255 4995 1614 5055 intolerandis
1646 5002 1946 5058 terroribus
1971 5006 2037 5059 ad

463 5101 522 5140 ea
557 5101 676 5154 qum
701 5080 948 5138 nolebant
982 5085 1324 5153 exsequenda
1356 5090 1551 5144 adacti.

534 5437 578 5464 "
601 5434 794 5502 Ephes.
826 5451 884 5495 tl,
902 5435 1004 5502 715.

464 5515 597 5565 ινιι,
632 5501 684 5556 6.
778 5501 1069 5574 ⁸²1νιὶοα.
1099 5522 1224 5572 xxv,
1258 5507 1290 5564 8
1317 5525 1471 5580 seqq.

526 5655 609 5728 ﬂ)
636 5655 777 5727 Lego
806 5658 1186 5728 διαμνησθεῖεν

1090 5434 1138 5468 ⁵⁷
1189 5435 1390 5518 lerant.
1420 5456 1494 5506 ιι,
1522 5442 1612 5499 50.
1689 5444 1737 5479 “
1761 5446 1955 5518 Ephes.
1997 5468 2069 5518 tv,
2104 5455 2192 5513 15.

2139 4293 2302 4346 ρηκεν
2345 4278 2372 4330 6
2407 4277 2642 4348 Ἰσραήλ.
2688 4278 2750 4332 Oi
2809 4279 2906 4350 μὲν
2972 4279 3080 4350 γὰρ
3126 4280 3204 4342 εἰς
3242 4275 3562 4347 Ἀσσυρίους
3623 4274 3718 4327 καὶ

2133 4366 2350 4437 Μήδους
2385 4369 2718 4440 αἰχμάλωτοι
2759 4370 3042 4439 γεγονότες
3093 4367 3524 4438 ἀπεκομίζοντο·
3568 4365 3619 4417 οἱ
3660 4365 3719 4419 δὲ

2135 4458 2233 4529 τῆς
2259 4460 2480 4513 ἐκείνων
2519 4461 2800 4532 ὠμότητος
2828 4463 2933 4529 ἔξω
2977 4461 3279 4531 γεγονότες,
3312 4459 3406 4511 καὶ
3433 4458 3717 4526 διαφυγεῖν

2136 4550 2472 4620 ἰσχύσαντες,
2503 4552 2732 4618 δεδιότες
2787 4555 2879 4606 καὶ
2914 4551 3336 4624 παραιτούμενοι
3365 4549 3423 4601 τὸ
3453 4547 3718 4602 ἐναλῶναι

2136 4644 2250 4704 τοῖς
2285 4643 2440 4706 ἴσοις,
2466 4645 2754 4715 αὐτόμολοί
2787 4662 2846 4697 τε
2882 4645 3016 4716 πρὸς
3042 4641 3371 4712 Αἰγυπτίους
3403 4639 3591 4711 ᾔεσαν,
3625 4640 3718 4693 καὶ

2142 4732 2240 4800 τῆς
2287 4733 2375 4784 ὑπ’
2418 4735 2645 4798 ἐκείνοις
2689 4735 2910 4806 θητείας
2948 4737 3038 4789 τὸν
3081 4733 3378 4804 ἀϐούλητον
3414 4733 3534 4802 μὲν,
3580 4730 3718 4801 πλὴν

2143 4818 2203 4883 ἐξ
2252 4819 2496 4891 ἀνάγκης
2545 4825 2948 4896 ἐπερριμμένον
3000 4823 3478 4894 ὑποδεδραμήκασι
3533 4820 3717 4887 ζυγόν.

2141 4913 2350 4966 Οὐκοῦν
2399 4915 2693 4988 ἐπειδήπερ
2744 4917 3086 4986 συναγείρειν
3135 4915 3333 4978 αὐτοὺς
3383 4910 3720 4981 πανταχόθεν

2141 5003 2530 5073 ἐπηγγέλλετο,
2577 5006 2949 5079 διαμέμνηται
2999 5005 3094 5060 καὶ
3135 5007 3318 5060 τόπων
3363 5007 3444 5068 είς
3488 5003 3583 5067 οὓς
3625 5005 3718 5056 καὶ

2134 5093 2612 5164 ἀπεκομίσθησαν·
2645 5098 2692 5150 οἱ
2752 5098 2871 5168 μὲν,
2914 5097 3274 5169 αἰχμάλωτοι.
3297 5094 3611 5165 γεγονότες,
3642 5095 3718 5156 ὡς

2131 5183 2291 5253 ἔφην,
2319 5185 2368 5238 οἱ
2394 5186 2450 5239 δὲ
2479 5188 2772 5259 ἀφορήτοις
2799 5189 3015 5259 δείμασι
3051 5191 3186 5261 πρὸς
3213 5188 3284 5241 τὰ
3315 5186 3462 5258 παρὰ
3492 5185 3719 5256 γνώμην

2131 5274 2315 5338 αὐτοῖς
2347 5277 2584 5331 συνωθού
2592 5296 2762 5350 μενοι.

2303 5457 2345 5489 ⁶⁹
2371 5457 2602 5531 l‘bilipp.
2639 5477 2713 5527 tv,
2745 5461 2792 5518 Ι.
2874 5462 2918 5495 ⁸⁸
2940 5462 3097 5519 Rom.
3162 5472 3251 5526 XV,
3311 5457 3402 5514 l7.
3480 5452 3713 5512 "Prov.
