4092 6202
374 290 484 347 175

1383 296 1442 350 S.
1481 294 1757 350 CYRILLI
1795 293 2260 348 ALEXANDRINI
2302 293 2621 351 ARCllliil‘.

3529 288 3634 343 ΠΒ

374 422 666 478 surgerent
703 411 950 466 homines
995 420 1182 466 contra
1227 428 1345 480 nos,
1394 413 1620 468 forsitan
1680 415 1826 468 vivos
1864 415 1948 467 tle-

2058 413 2259 486 Κύριος
2300 409 2366 483 ἦν
2407 416 2470 468 ἐν
2511 415 2666 484 ήμῖν,
2707 411 2874 481 ἐν’τῴ
2911 409 3279 480 ἐπαναστῆναι
3314 407 3633 480 ἀνθρώπους

373 504 666 573 glutissent
718 519 836 558 nos.
900 505 1032 558 Dum
1093 505 1426 561 irasceretur
1468 506 1617 560 l'nror
1655 522 1840 562 eorum
1897 509 1948 560 in

377 609 496 661 nos,
538 595 783 650 'l'orsitan
840 611 977 664 aqua
1030 597 1400 652 absorbuisset
1457 614 1588 676 nos._
1632 597 1948 652 Torrentem

377 689 729 759 pertransivit
779 690 964 743 anima
1017 699 1198 744 nostra
1227 731 1242 751 ,
1293 688 1520 744 lorsitan
1568 689 1952 758 pertransisset

371 782 556 836 anima
589 790 773 836 nostra
797 796 992 850 aquam
1029 781 1419 837 intolerabilem
1446 781 1512 836 ⁸⁷.
1543 800 1563 833 ι
1595 780 1951 847 Quemadmo-

373 875 504 926 dum
528 889 709 940 porro,
740 873 937 941 inquit,
971 873 1223 942 captivus
1251 873 1428 928 lactus
1465 872 1648 938 Israel,
1681 882 1848 943 atque
1883 873 1948 926 ad

375 966 627 1036 Assyrios
661 975 715 1019 et
766 965 948 1022 Medus
1001 966 1298 1028 abductus,
1347 963 1561 1019 illorum
1608 964 1947 1020 insolentiam

371 1060 490 1114 sive
519 1057 852 1112 dominatum
893 1056 1102 1126 effugit,
1131 1058 1238 1126 qui
1279 1071 1402 1111 eum
1435 1070 1693 1126 premere
1737 1071 1951 1125 semper

373 1153 648 1222 armisque
709 1152 980 1205 lacessere
1031 1158 1430 1205 consueverant
1479 1167 1494 1203 :
1538 1149 1728 1204 eodem
1791 1149 1950 1204 modo

367 1242 583 1295 liberati
647 1257 746 1310 per
801 1239 1076 1296 Christum
1131 1239 1510 1310 prmvalebunt
1559 1240 1791 1295 inimicis
1849 1241 1950 1295 sub

371 1343 650 1404 aspectum
687 1334 1029 1387 venientibus
1055 1339 1110 1387 et
1149 1346 1254 1385 non
1281 1330 1647 1394 venientibus,
1677 1340 1733 1386 et
1763 1332 1852 1402 qui
1883 1333 1949 1386 ad

371 1425 688 1479 servitutem
725 1425 968 1480 nolentes
995 1424 1305 1494 adigebant,
1335 1434 1391 1479 et
1415 1423 1736 1492 ut-captivos
1767 1424 1951 1477 vincuo

371 1517 437 1572 lis
485 1531 515 1570 e
556 1516 718 1573 stulta
775 1511 968 1571 eorum~
1013 1516 1286 1570 voluntate
1330 1515 1563 1586 sumptis
1602 1515 1946 1569 coercebant.

371 1610 477 1664 Sed
528 1618 582 1664 et
622 1608 708 1664 his
754 1609 1142 1676 praevalebunt,
1191 1623 1489 1676 eorumque
1535 1607 1839 1677 superbiam
1895 1615 1950 1660 et

369 1701 792 1754 dominationem
829 1697 1112 1767 effugient,
1143 1698 1251 1752 Deo
1279 1698 1642 1762 confortante,
1678 1699 1728 1751 in
1760 1710 1865 1766 quo
1892 1705 1945 1750 et

368 1792 761 1861 gloriabuntur.
814 1790 1096 1844 Placemus
1127 1791 1272 1844 enim
1322 1792 1478 1844 nobis
1518 1793 1570 1844 in
1609 1789 1847 1855 Christo,
1891 1799 1945 1844 et

364 1884 544 1952 ipsum
576 1883 739 1937 robur
779 1893 1026 1938 nostrum
1067 1879 1338 1944 ducimus,
1377 1891 1430 1936 et
1465 1881 1582 1947 ipso
1611 1881 1854 1947 nitimur,
1891 1890 1945 1934 et

369 1985 533 2030 totam
570 1975 695 2030 vita:
729 1986 928 2031 nostra:
955 1989 1104 2045 spem
1142 1973 1194 2028 in
1224 1989 1290 2028 eo
1323 1973 1625 2044 deligimus.
1654 1971 1766 2026 Non
1799 1973 1942 2027 enim

363 2069 592 2134 legatus,
647 2083 752 2122 non
795 2067 1036 2137 angelus,
1084 2065 1180 2121 sed
1240 2066 1352 2136 ipse
1403 2065 1663 2121 Dominus
1718 2064 1945 2118 salvavit

365 2174 462 2213 nos
485 2159 564 2224 ἐς
598 2167 653 2212 e1
681 2166 742 2212 ut
771 2158 903 2212 dicit
942 2157 1131 2211 beatus
1177 2154 1503 2219 Psalmieen,
1543 2173 1563 2206 ι
1593 2155 1735 2210 Deus
1761 2163 1946 2208 noster

364 2249 634 2320 refugium
687 2259 743 2305 et
792 2251 1004 2311 virtus,
1063 2247 1351 2302 auxiliator
1407 2246 1461 2300 in
1509 2245 1944 2300 tribulationibus

364 2357 486 2414 qua
525 2343 969 2398 inveneruntnos
1005 2339 1164 2394 nimis
1184 2339 1250 2392 '°.
1281 2355 1300 2389 ι

1006 2657 1157 2717 CAP.
1202 2657 1293 2711 XI.

428 2798 594 2852 Vens.
641 2797 692 2857 l,
722 2795 778 2849 2.
821 2794 1005 2862 Aperi,
1045 2792 1267 2855 Libane,
1319 2800 1496 2859 portas
1535 2798 1678 2853 tuas,
1719 2797 1767 2842 et
1803 2803 1944 2840 cout—

363 2896 481 2942 ιιςέαι
509 2889 646 2957 ignis
676 2886 859 2939 τεάν-οε
886 2894 1028 2937 tuas.
1063 2881 1236 2936 Ululet
1275 2881 1456 2949 pinus,
1481 2879 1608 2949 quia
1640 2877 1828 2932 cecidit
1863 2892 1945 2929 ce-

363 2986 516 3041 m'us,
544 2977 669 3047 quia
707 2977 1043 3028 steltcmenler
1079 2973 1256 3026 miseri
1305 2971 1436 3041 facti
1484 2979 1608 3024 sunt
1641 2968 1936 3037 optimates.

245 3053 256 3056 I
365 3068 603 3132 Ululute,
627 3081 851 3137 quercus
878 3063 1230 3127 ananitidis,
1260 3063 1386 3132 quia
1419 3061 1653 3116 succisus
1670 3069 1744 3115 cu
1774 3057 1942 3114 saltus
1972 3102 2016 3162 ο

357 3161 609 3214 consﬂus.

437 3338 648 3395 LXXV.
694 3341 965 3395 Dictorum
1015 3336 1467 3406 signiﬁcationem
1516 3347 1659 3388 nunc
1699 3333 1765 3388 ad
1814 3333 1946 3389 alios

367 3433 635 3502 quosdam
669 3447 860 3488 sensus
901 3432 1295 3486 accommodat.
1329 3427 1462 3482 Nam
1493 3443 1614 3480 cum
1641 3426 1786 3496 quod
1817 3427 1946 3480 satis

365 3539 470 3594 est,
505 3539 561 3582 et
590 3525 867 3598 aptissime
893 3533 1167 3580 narrasset
1203 3523 1268 3578 de
1303 3521 1585 3576 vocatione
1627 3519 1864 3590 gent-ium
1894 3519 1945 3572 in

355 3621 584 3676 Christo
625 3633 720 3689 per
766 3617 949 3680 ﬁdem,
1001 3614 1240 3670 futuram
1290 3629 1454 3684 super
1491 3628 1556 3667 eo
1600 3610 1948 3666 incredulita-

368 3725 476 3768 tem
517 3711 919 3776 iisraelitarum,
949 3707 1112 3780 755
1149 3717 1392 3777 tempore
1438 3722 1547 3774 quo
1594 3705 1758 3760 homo
1808 3705 1948 3758 inter

367 3818 468 3858 nos
495 3801 597 3857 fuit
626 3801 900 3865 videlicet,
928 3800 1234 3854 luculenter
1270 3797 1632 3867 praenuntiat,
1659 3806 1713 3851 et
1747 3797 1848 3850 hac
1883 3797 1948 3850 de

367 3911 532 3949 causa
579 3892 973 3948 incendendum
1024 3891 1286 3960 templum
1332 3889 1528 3958 ipsum,
1573 3897 1740 3956 atque
1783 3887 1946 3942 etiam

371 3985 823 4056 Hierosolymam,
874 3993 932 4039 et
979 3983 1200 4052 insuper
1236 3979 1564 4050 subigendas
1604 3979 1747 4048 ipsas
1787 3979 1948 4033 urbes

369 4081 560 4145 Israel,
608 4091 663 4134 et
705 4093 828 4134 cum
865 4077 994 4147 ipsis
1026 4074 1220 4130 incolis
1255 4074 1542 4144 perituras.
1602 4071 1728 4126 Haec
1769 4080 1946 4126 autem

371 4188 467 4239 per
509 4183 702 4225 manus
731 4168 1100 4224 Romanorum
1147 4173 1359 4234 patrata
1397 4169 1544 4228 sunt,
1577 4159 1864 4229 aliquando
1894 4157 1947 4211 in

369 4265 609 4319 Judmam
673 4261 1008 4332 Vespasiano
1040 4269 1094 4315 et
1124 4257 1248 4312 Tito
1277 4271 1428 4311 arma
1471 4253 1838 4310 moventibus.
1878 4250 1950 4305 Et

367 4369 444 4410 est
459 4365 536 4418 ,ut
556 4361 1260 4424 apparet,supervacaneum
1284 4345 1586 4402 minutatim
1603 4343 1810 4415 singula
1829 4357 1948 4411 per-

2056 505 2141 572 ἐφ’
2165 506 2331 575 ἡμᾶς,
2360 505 2467 576 ἄρα
2495 504 2699 569 ζῶντας
2728 502 2793 556 ἂν
2825 503 3082 556 κατέπιον
3114 503 3282 573 ἡμᾶς.
3325 503 3411 555 Ἑν
3436 503 3507 575 τῷ
3546 503 3636 574 ὀρ-

2055 593 2308 665 γισθῆναι
2338 594 2428 648 τὸν
2459 593 2628 664 θυμὸν
2655 592 2832 647 αὐτῶν
2859 593 2942 661 ἐφ’
2972 594 3138 664 ἡμᾶς,
3162 592 3271 663 ἄρα
3296 591 3357 645 τὸ
3388 591 3533 664 ὕδωρ
3567 594 3634 648 ἂν

2054 687 2436 741 κατεπόντισεν
2457 681 2624 757 ἡμᾶς.
2649 685 2964 758 Χείμαρῤον
2984 685 3196 757 διῆλθεν
3220 687 3253 756 ή
3278 687 3424 758 ψυχὴ
3450 689 3482 758 ή
3492 687 3631 757 μῶν,

2054 775 2161 847 ἄρα
2183 774 2397 846 διῆλθεν
2424 776 2456 846 ή
2481 775 2626 846 ψυχὴ
2661 773 2817 847 ήμῶν
2847 775 2908 828 τὸ
2938 773 3082 848 ὕδωρ
3107 776 3168 829 τὸ
3195 776 3585 834 ἀνυπόστατον.
3609 797 3627 828 ι

2055 869 2262 938 Ὥσπερ
2295 867 2388 932 δέ,
2431 867 2617 939 φησιν,
2666 867 3008 939 αίχμάλωτος
3043 867 3284 938 γεγονὼς
3327 870 3357 922 6
3391 870 3629 943 Ἰσραὴλ,

2053 963 2148 1015 καὶ
2179 963 2261 1024 είς
2314 960 2629 1031 Ἀσσυρίους
2660 977 2718 1014 τε
2765 961 2858 1014 καὶ
2899 961 3120 1032 Μήδους
3160 962 3630 1034 ἀπενηνεγμένος,

2050 1053 2234 1125 διέδρα
2285 1051 2384 1115 τὰς
2437 1053 2658 1105 ἐκείνων
2717 1051 2902 1124 ὕϐρεις
2965 1053 3080 1124 ήτοι
3150 1052 3492 1121 πλεονεξίας,
3544 1057 3632 1110 ἀεὶ

2053 1145 2464 1216 προσκειμένων
2494 1145 2587 1198 καὶ
2644 1143 2900 1214 πολεμεῖν
2939 1144 3208 1198 εἰωθότων
3240 1146 3457 1209 αὐτοῖς·
3489 1149 3631 1203 κατὰ

2049 1235 2142 1288 τὸν
2174 1235 2286 1289 ῐσον
2331 1236 2553 1306 τρόπον,
2601 1235 2787 1305 φησὶν,
2832 1235 2883 1287 oi
2917 1234 3314 1307 λελυτρωμένοι
3360 1235 3450 1290 διὰ
3492 1237 3629 1309 Χρι-

2053 1326 2202 1392 στοῦ,
2239 1328 2522 1398 κρείττους
2553 1326 2767 1380 ἔσονται
2807 1325 2914 1380 τῶν
2931 1326 3162 1398 ἐχθρῶν,
3197 1327 3408 1399 ὁρατῶν
3441 1327 3631 1400 δηλον-

2049 1418 2132 1470 ότι
2177 1417 2272 1472 καὶ
2335 1419 2602 1489 ἀοράτων,
2645 1418 2696 1472 οἳ
2759 1419 3041 1490 μονονουχὶ
3102 1417 3198 1473 καὶ
3245 1418 3631 1485 κατεδιάζοντο

2051 1509 2186 1580 πρὸς
2211 1508 2506 1580 ἀϐούλητον
2547 1507 2793 1563 δουλείαν
2835 1509 3053 1576 αὐτοὺς,
3085 1511 3179 1564 καὶ
3211 1503 3321 1564 οἷον
3351 1511 3630 1582 αἰχμαλώ-

2049 1617 2176 1663 τους
2221 1599 2515 1669 γεγονότας
2556 1600 2654 1671 τῆς
2700 1600 2758 1668 ἐξ
2816 1600 2954 1665 ίδίας
3013 1601 3332 1674 σκαιότητος
3385 1606 3629 1674 συνεῖχον

2047 1692 2283 1763 δεσμοῖς.
2323 1691 2482 1746 Ἀλλὰ
2507 1692 2602 1746 καὶ
2629 1691 2834 1747 τούτων
2859 1693 3071 1750 ἔσονται
3101 1694 3400 1767 κρείττους⁹
3439 1695 3629 1768 ὕϐρεις

2044 1802 2105 1837 τε
2143 1783 2242 1847 τὰς
2283 1784 2415 1856 παρ’
2448 1785 2673 1839 ἐκείνων
2721 1785 3101 1856 διαφεύξονται
3139 1788 3235 1841 καὶ
3281 1770 3628 1856 πλεονεξίας,

2046 1876 2181 1930 Θεοῦ
2232 1876 2652 1948 κατισχύοντος,
2701 1877 2786 1947 ἐφ’
2826 1871 2871 1947 ᾧ
2903 1879 2997 1932 καὶ
3027 1881 3420 1952 καυχήσονται.
3468 1881 3631 1949 Μέγα

2045 1967 2154 2036 γὰρ
2185 1967 2493 2039 φρονοῦμεν
2520 1968 2613 2022 ἐπὶ
2638 1969 2879 2041 Χριστῷ,
2909 1970 3002 2023 καὶ
3029 1970 3191 2024 αὑτὸν
3223 1972 3374 2041 ἰσχὺν
3402 1974 3630 2043 πεποιή-

2048 2056 2186 2127 μεθα
2207 2095 2222 2120 ,
2256 2057 2350 2111 καὶ
2378 2059 2463 2110 ἐπ’
2504 2057 2654 2128 αὐτῷ
2687 2059 3130 2131 τεθαῤῥήκαμεν,
3161 2060 3256 2113 καὶ
3289 2061 3387 2130 τῆς
3418 2061 3628 2116 ἑαυτῶν

2047 2146 2192 2216 ζωῆς
2219 2146 2347 2210 ὅλας
2376 2147 2572 2218 ἔχομεν
2593 2149 2692 2212 τὰς
2724 2149 2966 2212 ἐλπίδας.
2993 2149 3068 2203 Οὐ
3100 2148 3209 2220 γὰρ
3235 2148 3496 2220 πρέσϐυς,
3529 2149 3631 2204 οὐκ

2043 2235 2293 2304 ἄγγελος,
2337 2236 2450 2290 ἀλλ’
2489 2237 2653 2301 αὐτὸς
2684 2239 2713 2291 6
2751 2237 2955 2312 Κύριος
2997 2238 3202 2294 ἔσωσεν
3244 2240 3422 2311 ἡμᾶς’
3467 2234 3627 2313 καὶῇ

2045 2343 2210 2398 φησιν
2235 2329 2263 2380 ὁ
2303 2328 2573 2400 μακάριος
2593 2330 2919 2401 Ψαλμῳδδς,
2951 2350 2969 2384 ι
3009 2331 3236 2403 τοιθεδς
3264 2331 3420 2403 ήμῶν
3457 2349 3630 2389 κατα-

2046 2420 2216 2490 φυγὴ,
2247 2422 2340 2474 καὶ
2365 2421 2614 2493 δύναμις,
2647 2421 2840 2495 βοηθὸς
2865 2423 2923 2477 ἐν
2953 2422 3162 2498 θλίψεσι
3189 2428 3310 2488 ταῖς
3337 2425 3628 2496 εὑρούσαις

2046 2511 2192 2581 ᾐμᾶς
2229 2511 2457 2584 σφόδρα.

2635 2652 2887 2707 ΚΕΦΑΛ.
2936 2652 3040 2706 lA’.

2115 2789 2446 2856 Διὰνοιεον,
2497 2792 2530 2844 ὁ
2563 2790 2839 2856 Λίϐανος,
2889 2792 3000 2857 τὰς
3042 2789 3226 2858 θύρας
3271 2805 3410 2854 σου,
3449 2805 3630 2844 κατα-

2045 2880 2277 2950 φαγέτω
2314 2881 2434 2949 πῦρ
2480 2883 2588 2945 τὰς
2621 2880 2874 2949 κέδρους
2926 2894 3064 2935 σου.
3116 2879 3486 2944 Ὀλολυξάτω
3531 2880 3656 2948 ,ττι-ε

2045 2991 2176 3040 τυς,
2217 2973 2368 3026 διότι
2417 2971 2692 3026 πέπτωκε
2729 2970 2958 3042 κέδρος,
3012 2972 3101 3027 ὅτι
3145 2971 3420 3043 μεγάλως
3463 2988 3633 3042 μεγι-

2045 3063 2269 3131 στᾶνες
2309 3063 2828 3134 ἐταλαιπώρησαν.
2880 3065 3258 3132 Ὀλολύξατε,
3311 3065 3486 3134 δρύες
3521 3063 3632 3134 τῆς

2046 3154 2465 3223 Βασανίτιδος,
2513 3156 2603 3210 ὅτι
2645 3157 3036 3226 κατεσπάσθη
3090 3161 3121 3213 ὀ
3153 3157 3378 3228 δρυμὸς
3411 3160 3443 3211 ὁ
3473 3158 3631 3227 σύμ-

2046 3267 2255 3318 φιντος.

2113 3343 2239 3397 ()E'.
2283 3341 2586 3412 Μεθίστησι
2640 3342 2732 3396 νῦν
2783 3343 2867 3412 ἐφ’
2913 3343 3115 3414 ἐτέρων
3171 3342 3293 3396 τινὰ
3343 3342 3632 3414 νοημάτων
3705 3343 3722 3362 ’

2047 3433 2166 3488 ὁδὸν
2192 3434 2298 3488 τῶν
2323 3434 2630 3505 λεγομένων
2658 3434 2754 3506 τὴν
2779 3435 3031 3507 δήλωσιν.
3071 3437 3423 3509 Ἀποχρῶσαν
3450 3438 3508 3492 δὲ
3531 3437 3633 3511 τὴν

2048 3527 2326 3598 ἀφήγησιν
2353 3521 2412 3580 εὗ
2448 3526 2594 3597 μάλα
2619 3527 2991 3599 πεποιημένος
3017 3529 3117 3599 τήν
3147 3529 3274 3599 περί
3303 3546 3366 3597 γε
3400 3530 3500 3601 τῆς
3523 3528 3632 3583 τῶν

2048 3619 2220 3672 ἐθνῶν
2269 3619 2510 3690 κλήσεως
2565 3617 2664 3689 τῆς
2716 3620 2773 3672 ἐν
2811 3619 3031 3691 Χριστῷ
3085 3620 3173 3674 διὰ
3216 3621 3484 3686 πίστεως,
3533 3621 3631 3694 τὴν

2049 3709 2314 3782 ἐσομένην
2347 3711 2433 3762 ἐπ’
2463 3709 2613 3780 αὐτῷ
2643 3710 2990 3765 δυσπείθειαν
3024 3711 3131 3765 τῶν
3153 3710 3215 3776 ἐξ
3250 3710 3464 3784 Ἰσραὴλ
3489 3713 3631 3766 κατὰ

2049 3804 2140 3856 τὸν
2181 3803 2282 3868 τῆς
2350 3801 2815 3873 ἐνανθρωπήσεως
2862 3801 3104 3874 δηλονότι
3156 3803 3370 3875 καιρὸν,
3420 3821 3633 3876 προαφ-

2051 3897 2266 3964 ηγεῖται
2301 3894 2508 3962 σαφῶς,
2549 3895 2644 3948 καὶ
2673 3895 2754 3948 ὅτι
2777 3894 2980 3966 ταύτης
2995 3895 3158 3950 ἓνεκα
3176 3895 3273 3966 τῆς
3300 3896 3480 3960 αἰτίας
3509 3914 3632 3952 κατ-

2049 3984 2432 4054 εμπρησθῆναι
2470 3985 2551 4037 δεῖ
2581 3984 2670 4038 τὸν
2700 3985 2825 4039 ναὸν
2856 3986 3016 4039 αὐτὸν
3038 4027 3053 4052 ,
3097 3988 3189 4040 καὶ
3220 3989 3401 4058 μέντοι
3428 3988 3632 4056 τὰίἸε-

2054 4075 2350 4146 ροσόλυμα,
2381 4075 2726 4146 προσαλῶναι
2751 4076 2809 4129 δὲ
2845 4077 2939 4131 καὶ
2966 4077 3134 4142 αὐτὰς
3161 4070 3254 4132 τοῦ
3290 4078 3503 4150 Ἰσραὴλ
3531 4079 3632 4144 τὰς

2051 4164 2255 4230 πόλεις,
2285 4165 2379 4218 καὶ
2408 4163 2797 4218 συνδιολεῖσθαι
2824 4168 2936 4229 τοῖς
2977 4165 3275 4219 ἐνοικοῦσιν
3310 4167 3497 4230 αὐτάς.
3529 4167 3634 4221 Πέο

2052 4274 2292 4328 πρακται
2329 4257 2386 4310 δὲ
2413 4255 2584 4310 ταῦτα
2616 4256 2706 4310 διὰ
2737 4257 2916 4329 χειρὸς
2945 4256 3053 4311 τῶν
3088 4257 3394 4329 Ῥωμαίων,
3431 4275 3623 4330 στρατ-

2053 4350 2328 4421 ηγούντων
2371 4349 2514 4404 κατὰ
2560 4351 2751 4422 καιρὸν
2791 4351 3196 4406 Οὐεσπασιανοῦ
3231 4368 3289 4404 τε
3319 4352 3412 4405 καὶ
3443 4351 3628 4405 Τίτου.

369 4465 612 4516 censere,
641 4463 760 4518 qua:
797 4443 1104 4500 Judtrorum
1141 4443 1387 4508 urbibus,
1419 4440 1533 4496 sive
1565 4439 1797 4508 populis,
1823 4451 1947 4507 pro-

2055 4442 2166 4496 Καὶ
2199 4442 2471 4513 περιττὸν,
2501 4440 2576 4506 ὡς
2608 4441 2804 4509 ἔοικεν,
2834 4443 3160 4515 ἀφηγεῖσθαι
3187 4442 3398 4507 λεπτῶς
3424 4443 3632 4497 ἕκαστα

371 4553 490 4608 pter
524 4537 1001 4594 debacchationem
1033 4536 1084 4589 in
1135 4535 1409 4589 Christum
1459 4536 1777 4593 evenerunt,
1823 4544 1946 4583 cum

371 4631 676 4684 volentibus
700 4627 918 4695 Josephi
960 4625 1242 4681 historiam
1289 4623 1471 4693 legere
1503 4620 1685 4684 liceat,
1720 4629 1774 4672 et
1825 4619 1950 4673 inde

372 4734 490 4785 quae
533 4719 754 4772 libuerit
797 4718 1006 4786 singula
1057 4724 1311 4770 accurate
1340 4725 1687 4784 cognoscere.
1734 4709 1951 4765 Transit

373 4809 537 4876 igitur
567 4807 634 4860 ad
676 4820 772 4860 eos
800 4806 889 4872 qui
923 4814 1080 4859 erant
1126 4807 1192 4858 de
1240 4804 1500 4874 sanguine
1541 4801 1726 4856 Israel.
1773 4803 1835 4855 Et
1867 4801 1952 4854 Li-

374 4901 514 4953 bano
539 4895 756 4967 quidem
795 4902 1074 4965 comparat
1102 4893 1342 4948 Iudaeam
1373 4910 1388 4947 :
1418 4896 1812 4962 quamobrem?
1857 4891 1952 4946 Est

374 4990 520 5044 enim
563 4987 804 5043 Libauus
867 5001 1023 5042 mons
1075 4987 1289 5041 decoris
1357 4987 1638 5041 arboribus
1693 4994 1748 5039 et
1801 4985 1952 5040 silvis

359 5080 716 5137 densissimis
743 5079 1089 5147 conspicuus.
1127 5077 1438 5133 Iudaeorum
1466 5087 1646 5133 autem
1677 5079 1820 5147 regio
1853 5091 1952 5146 po-

362 5169 726 5240 .pulosissima
755 5209 770 5235 ,
801 5177 859 5223 et
888 5166 1382 5223 innumerabilibus
1420 5166 1612 5220 incolis
1645 5165 1949 5234 frequentis

377 5267 538 5328 sima,
577 5274 631 5320 et
669 5263 824 5332 quasi
868 5262 1058 5317 cedros
1092 5268 1184 5314 aut
1233 5261 1390 5328 pinus
1427 5260 1857 5329 procerissimas,
1899 5269 1952 5314 et

361 5353 500 5406 aliis
540 5356 711 5424 magis
751 5353 1021 5417 visendas,
1072 5351 1406 5417 sacerdotes,
1457 5351 1696 5418 inquam,
1739 5361 1794 5404 et
1837 5351 1953 5403 suis

381 5445 714 5511 temporibus
745 5460 808 5499 ex
838 5443 977 5499 tribu
1007 5441 1149 5498 Juda
1194 5450 1505 5512 regnantes,
1553 5452 1606 5494 et
1630 5442 1718 5511 qui
1757 5442 1956 5511 prim-i-

359 5544 536 5604 patus
581 5537 914 5590 ornamentis
962 5535 1300 5600 eminentes,
1351 5542 1458 5587 tota
1504 5534 1780 5602 provincia
1837 5533 1951 5588 n0ti

455 5705 496 5734 ⁵⁷
522 5716 665 5770 Paul.
698 5716 1018 5780 cunni—5.
1101 5718 1145 5748 "
1169 5716 1331 5771 liebr.
1366 5731 1423 5781 ιι,
1463 5714 1541 5769 Ιϐ.

2046 4532 2154 4585 τῶν
2183 4532 2605 4602 συμδεϐηκότων
2635 4537 2753 4597 ταῖς
2787 4534 2894 4587 τῶν
2931 4533 3195 4587 Ἰουδαίων
3229 4533 3468 4598 πόλεσιν,
3513 4535 3631 4605 ήτοι

2045 4623 2260 4694 δήμοις,
2288 4625 2388 4694 τῆς
2433 4627 2513 4687 είς
2557 4625 2790 4695 Χριστὸν
2825 4626 2988 4679 ἕνεκα
3020 4626 3328 4698 παροινίας·
3368 4625 3486 4691 ἐξὸν
3519 4628 3634 4692 τοῖς

2047 4714 2290 4768 ἐθέλουσι
2315 4718 2424 4778 τοῖς
2462 4715 2725 4787 Ἰωσήπου
2757 4716 3186 4787 συγγράμμασιν
3211 4719 3474 4786 ἐντυχεῖν,
3503 4719 3634 4771 ἀνα-

2052 4805 2243 4875 μαθεῖν
2278 4822 2336 4857 τε
2368 4805 2575 4873 σαφῶς,
2619 4806 2761 4877 ἆπερ
2793 4806 2858 4860 ἂν
2891 4807 3092 4861 ἕλοιντο
3119 4807 3351 4871 λεπτῶς.
3386 4809 3631 4862 Μετακο-

2049 4895 2206 4964 ,μίξει
2233 4893 2299 4962 δὴ
2325 4889 2416 4947 οὖν
2442 4895 2532 4947 τὸν
2571 4894 2725 4963 λόγον
2765 4896 2856 4948 ἐπὶ
2886 4896 3012 4958 τοὺς
3038 4892 3098 4960 ἐξ
3128 4895 3359 4967 αἵματος
3395 4897 3629 4966 Ἰσραήλ.

2058 4986 2168 5038 Καὶ
2199 4985 2417 5054 Λιὸάνῳ
2446 4984 2545 5053 μὲν
2574 4985 2894 5057 παρεικάζει
2922 4986 3019 5058 τὴν
3054 4986 3333 5053 Ἰουδαίαν,
3359 4987 3447 5041 διὰ
3477 4988 3636 5042 ποίαν

2061 5077 2272 5144 αἱτίανς
2321 5076 2556 5144 Εΰξυλον
2588 5077 2685 5146 μὲν
2729 5078 2837 5148 γὰρ
2873 5078 2997 5149 ὅρος
3021 5082 3049 5132 6
3081 5079 3341 5145 Λίϐανος,
3381 5080 3476 5134 καὶ
3512 5080 3637 5152 δρυ·

2057 5172 2176 5240 μοῖς
2228 5170 2568 5239 ἀμφιλαφέσι
2617 5170 2952 5241 κατάκομον.
2998 5172 3537 5244 Πολυανθρωποτάτη
3580 5171 3637 5224 δὲ

2054 5261 2147 5315 καὶ
2178 5262 2210 5332 ὴ
2244 5261 2350 5315 τῶν
2387 5261 2657 5315 Ἰουδαίων
2700 5260 2888 5335 χώρα,
2934 5265 3028 5317 καὶ
3067 5263 3302 5336 ἀριθμοῦ
3352 5263 3638 5333 κρείττονα

2052 5351 2151 5423 τήν
2183 5353 2294 5407 τῶν
2341 5354 2694 5410 ἐνοικούντων
2745 5355 2944 5427 ἔχουσα
2992 5358 3218 5428 πληθὺν,
3267 5356 3362 5411 καὶ
3400 5353 3514 5409 οἷον
3551 5357 3639 5410 κέ-

2053 5443 2211 5514 δρους
2243 5445 2276 5516 ἢ
2336 5446 2495 5512 πίτυς
2524 5448 2962 5520 εύμηκεστάτας,
2990 5449 3116 5512 τοὺς
3142 5447 3248 5501 τῶν
3279 5447 3454 5503 ἄλλων
3484 5464 3639 5517 περι-

2058 5537 2456 5608 φανεστέρονςι
2503 5541 2684 5610 ἱερέας
2733 5540 2792 5593 τέ
2842 5559 2984 5610 φημι
3033 5541 3126 5594 καὶ
3173 5540 3300 5603 τοὺς
3351 5541 3414 5592 ἐκ
3467 5539 3639 5608 φυλῆς

1623 5716 1666 5760 ιε
1687 5715 1824 5769 rm.
1857 5731 1977 5780 ην,
2003 5714 2049 5766 ι.
