4092 6202
402 379 504 434 1ἳ9

1429 370 1488 425 S.
1533 365 1811 424 CYRILLI
1853 360 2328 417 ALEXANDRINI
2368 357 2688 415 ARCUIEP.

3564 347 3664 403 180

400 507 642 563 ipsorum
696 490 1153 560 magniﬁcentiam
1188 498 1434 542 testatur.
1478 487 1627 542 Facti
1662 495 1787 542 sunt
1829 482 1973 537 enim

2098 498 2245 551 ιηκεν
2287 485 2319 551 ἡ
2366 476 2711 552 μεγαλοσύνη
2744 470 2942 527 αὐτῶν.
2984 466 3246 534 Γεγόνασι
3290 463 3400 535 γὰρ
3430 462 3661 531 οἰκτροὶ,

402 584 742 641 miserabiles
784 592 841 638 et
872 580 1091 652 abiecti,
1127 581 1423 651 miserique
1443 592 1496 635 et
1530 577 1973 649 despicatissimi,

400 678 649 748 quamvis
686 676 817 731 olim
856 675 1151 729 honoribus
1182 674 1640 729 circundlnerent.
1680 671 1977 739 Postquam

401 771 547 823 enim
592 775 955 837 apparuerunt
984 774 1228 835 pastores
1265 780 1359 834 per
1391 765 1688 829 Christum,
1755 763 1857 816 hoc
1895 770 1977 814 est

403 861 569 916 divini
601 858 874 930 discipuli,
908 862 1101 914 merito
1132 857 1387 913 falsorum
1414 869 1689 928 pastorum
1726 856 1977 926 ntagnifto

405 954 585 1008 centia
628 952 845 1007 redacta
893 959 976 1006 est
1023 952 1090 1004 ad
1145 950 1443 1004 miseriam.
1487 948 1790 1003 Accusabat
1834 950 1977 1001 enim

404 1038 502 1097 eo‘s
550 1040 729 1111 gregis
787 1039 1047 1095 Dominus
1106 1054 1201 1110 per
1259 1041 1547 1110 pr0pltetas
1593 1048 1848 1104 sanctos,
1904 1037 1979 1091 ita

408 1136 675 1205 loquens:
715 1153 733 1185 ι
766 1131 810 1189 0
842 1143 1085 1202 pastores
1119 1133 1489 1203 dispergeutes
1523 1143 1576 1186 et
1606 1130 1981 1199 disperdentes

407 1244 536 1283 oves
567 1238 780 1298 pascuae
823 1241 1008 1281 eorum
1030 1227 1098 1281 “.
1134 1245 1152 1278 ι
1189 1225 1256 1279 Ει
1294 1227 1489 1280 iterum
1525 1243 1538 1279 :
1573 1242 1592 1276 ι
1627 1224 1759 1290 Quia
1802 1235 1984 1291 pasto-

410 1335 497 1374 res
542 1319 704 1373 stulte
756 1328 1004 1389 cgerunt,
1058 1329 1111 1372 et
1159 1319 1442 1373 Dominum
1496 1333 1597 1370 non
1629 1318 1987 1384 quaesierunt,

413 1420 633 1478 propter
666 1409 769 1463 hoc
808 1424 915 1463 non
950 1408 1214 1463 intellexit
1246 1410 1421 1462 omnis
1450 1423 1601 1476 grex,
1633 1417 1685 1461 et
1713 1408 1987 1476 dispersus

412 1499 586 1551 est”.
630 1519 649 1550 ι
707 1500 979 1553 Promittit
1042 1506 1223 1553 autem
1278 1499 1625 1553 credentibus
1686 1498 1738 1549 in
1808 1496 1983 1561 ipsum

412 1606 700 1659 germanos
743 1602 990 1659 pastores
1034 1594 1307 1656 daturum,
1355 1591 1433 1645 sic
1467 1604 1680 1643 rursum
1708 1587 1867 1657 757
1906 1587 1987 1641 di-

414 1699 544 1738 cens
585 1702 649 1738 :t
685 1682 754 1737 Et
794 1684 1044 1738 inducam
1092 1699 1185 1738 vos
1234 1684 1287 1737 in
1337 1683 1463 1735 Sion
1489 1722 1503 1746 ,
1562 1691 1615 1735 et
1658 1682 1795 1733 dabo
1840 1679 1989 1733 vobis

416 1785 657 1843 pastores
684 1775 976 1828 secundum
1005 1790 1098 1828 cur
1127 1789 1327 1838 meum,
1357 1783 1411 1827 et
1443 1783 1663 1838 pascent
1687 1786 1780 1825 vos
1804 1782 1988 1840 pasto-

419 1882 506 1920 res
532 1882 653 1919 cum
692 1867 919 1919 ε‹·ίυιιιί;ι
944 1865 1010 1918 ⁸⁵.
1046 1885 1065 1917 ι
1108 1867 1336 1932 Quinam
1367 1865 1489 1919 isti?
1517 1865 1691 1919 Divini
1719 1864 1987 1932 discipuli,

415 1969 469 2010 et
516 1956 878 2011 Ecclesiarutn
929 1957 1045 2011 suis
1100 1957 1303 2026 quique
1350 1956 1683 2024 temporibus
1737 1955 1993 2025 praasides

416 2060 581 2119 amne
629 2059 890 2111 rectores,
946 2066 963 2099 ι
997 2057 1146 2102 recte
1189 2058 1491 2103 tractantes
1530 2048 1750 2102 verbum
1797 2047 1995 2099 verita-

419 2144 489 2195 tis
508 2142 576 2204 ⁸⁸,
609 2160 628 2193 ι
679 2149 733 2195 et
767 2141 860 2208 qni
912 2140 1091 2194 sciant
1134 2140 1439 2209 subjectum
1506 2140 1607 2194 sibi
1654 2153 1872 2209 gregem
1926 2138 1992 2191 ad

418 2233 670 2303 quamvis
723 2231 1009 2284 utilitatem
1070 2231 1404 2298 spiritualetn
1465 2232 1748 2284 deducere.
1810 2227 1994 2296 Itaque

419 2323 693 2377 lamentati
715 2334 839 2376 sunt
864 2322 981 2376 falsi
1006 2331 1269 2389 pastores,
1302 2323 1423 2391 quia
1448 2322 1500 2374 in
1528 2322 1799 2375 miseriam
1832 2322 1996 2375 vertit

418 2432 605 2471 eorum
651 2415 1081 2487 magnificentia,
1124 2414 1172 2467 id
1214 2416 1355 2483 quod
1397 2414 1550 2468 nobis
1588 2422 1642 2468 et
1686 2413 1790 2467 alio
1837 2414 1994 2469 modo

417 2510 713 2580 signiﬁcat,
739 2509 1060 2576 adjungens:
1082 2525 1099 2557 ι
1125 2506 1236 2559 Vox
1260 2505 1582 2575 rugientium
1612 2506 1850 2567 leonum,
1868 2506 1991 2573 quia

418 2603 587 2657 miser
640 2600 815 2656 factus
861 2608 944 2653 est
993 2597 1247 2653 fremitus
1286 2595 1559 2651 Iordanis.
1596 2616 1614 2647 ι
1671 2595 1802 2651 Vere
1849 2597 1991 2649 enim

420 2692 628 2763 rugitus
662 2700 745 2746 est
791 2691 1005 2745 leonum
1050 2704 1176 2753 vox,
1222 2703 1383 2758 quam
1431 2689 1622 2750 edunt,
1657 2698 1875 2756 pr0plcr
1924 2689 1996 2740 fa-

421 2800 584 2848 mem,
613 2793 667 2839 et
692 2783 813 2852 quia
852 2782 974 2837 cibo
997 2788 1180 2836 carent
1221 2779 1516 2849 plorantes.
1554 2778 1618 2833 Et
1651 2780 1715 2834 de
1748 2779 1995 2835 leonibus

418 2879 584 2933 etiam
615 2878 799 2931 divina
830 2875 1134 2944 Scriptura.
1156 2872 1234 2928 sic
1272 2872 1537 2942 loquitur.
1570 2874 1843 2942 Comperti
1872 2885 1997 2927 sunt

421 2971 585 3039 igitur
629 2967 976 3024 Judaicorum
1008 2966 1261 3023 ordinum
1295 2966 1567 3035 principes
1594 2976 1652 3020 ιιι
1682 2967 1862 3020 leones
1907 2982 1997 3020 ru-

419 3061 651 3131 gientes,
679 3060 983 3117 esurientes
1038 3070 1093 3113 et
1114 3060 1410 3129 plorantes,
1437 3063 1579 3128 quod
1608 3075 1712 3113 non
1739 3059 1997 3115 baberent

2081 575 2176 628 καὶ
2211 571 2662 645 κατερῤιμμὲνοι,
2687 562 2907 622 ἐλεεινοί
2933 579 2990 615 τε
3026 560 3123 613 καὶ
3150 554 3506 627 ἀτιμώτατοι,
3542 554 3660 608 καί-

2079 684 2161 719 τοι
2206 665 2375 719 πάλαι
2428 659 2905 736 περιφανεστέραν
2964 654 3180 726 ἔχοντες
3225 650 3405 715 δόξαν.
3447 649 3666 720 Ἐπειδὴ

2083 757 2191 829 γὰρ
2226 756 2613 826 ἀνεδείχθησαν
2658 754 2708 807 οἱ
2752 751 2840 805 διὰ
2882 743 3123 818 Χριστοῦ
3174 742 3466 814 ποιμένες,
3511 757 3670 795 τουτο

2084 850 2252 914 ἐστιν,
2281 850 2330 901 οί
2371 848 2646 900 Θεσπέσιοι
2693 842 2963 915 μαθηταὶ,
3005 834 3488 905 τεταλαιπὼρηκεν
3520 830 3665 885 εἰκό-

2082 961 2187 1005 τως
2220 944 2252 1013 ἡ
2289 940 2397 994 τῶν
2427 940 2681 1010 ψευδοποι
2693 937 2866 1004 μένων
2913 929 3276 1003 μεγαλοσύνη.
3317 928 3534 999 ᾙτιᾶτο
3567 924 3667 995 μὲν

2084 1034 2194 1106 γὰρ
2233 1033 2429 1095 αὐτοὺς
2462 1033 2489 1084 ὁ
2516 1031 2617 1101 τῆς
2647 1028 2846 1097 ἀγέλης
2882 1024 3192 1089 Δεσπότης,
3240 1019 3329 1075 διὰ
3372 1016 3669 1089 προφητῶν

2088 1124 2258 1193 ἁγίων
2298 1122 2439 1176 οὕτω
2472 1121 2642 1188 λέγων
2662 1136 2675 1149 ·
2717 1138 2737 1170 ι
2762 1114 2835 1169 Ὦ
2865 1117 2915 1169 οί
2961 1114 3223 1183 ποιμένες
3275 1110 3325 1163 οί
3354 1106 3673 1178 διασκορπί-

2086 1217 2269 1282 ξοντες
2315 1216 2411 1269 καὶ
2452 1212 2780 1275 ἀπολλύντες
2824 1209 2895 1264 τά
2931 1208 3176 1279 πρόϐατα
3216 1206 3315 1275 τῆς
3357 1202 3529 1272 νομῆς
3574 1200 3674 1253 αύ-

2085 1310 2212 1364 τῶν.
2239 1328 2256 1360 ι
2296 1310 2405 1362 Καὶ
2442 1307 2601 1361 πάλιν
2623 1323 2636 1335 ’
2673 1324 2693 1357 ι
2724 1305 2849 1357 Ὅτι
2877 1303 2930 1355 oi
2959 1299 3217 1370 ποιμένες
3243 1292 3670 1365 ἠφρονεύσαντο,

2088 1401 2181 1454 καὶ
2218 1399 2311 1452 τὸν
2343 1398 2543 1469 Κύριον
2572 1398 2671 1450 οὐκ
2704 1396 2976 1466 ἐζήτησαν
2997 1409 3009 1422 ·
3046 1391 3133 1444 διὰ
3164 1390 3320 1444 τοῦτο
3349 1389 3447 1441 οὐκ
3482 1380 3672 1455 ἒνόησι

2089 1495 2238 1548 πᾶσα
2269 1496 2300 1564 ἡ
2335 1493 2506 1562 νομὴ,
2547 1492 2642 1545 καὶ
2682 1486 3089 1557 διεσκορπίσθη.
3118 1504 3136 1535 ι
3180 1480 3579 1552 Ἐπηγγέλλετο
3617 1477 3675 1531 δὲ

2088 1590 2200 1651 τοῖς
2229 1589 2306 1649 είς
2349 1584 2513 1638 αὑτὸν
2552 1582 2867 1635 πιστεύουσι
2914 1580 3041 1641 τοὺς
3085 1575 3338 1645 γνησίους
3376 1569 3677 1634 ἀναδείξειν

2092 1679 2371 1750 ποιμένας,
2399 1676 2541 1731 οὕτω
2574 1676 2735 1728 πάλιν
2766 1671 2954 1726 εἰπών·
2994 1690 3012 1721 ι
3041 1669 3151 1722 Καὶ
3182 1665 3382 1729 εἰσάξω
3417 1665 3562 1733 ὑμᾶς
3596 1662 3677 1725 είς

2093 1770 2251 1834 Σιὼν,
2299 1769 2394 1823 καὶ
2440 1768 2596 1822 δώσω
2630 1766 2757 1834 ύμῖν
2805 1761 3066 1833 ποιμένας
3114 1758 3256 1812 κατὰ
3301 1758 3400 1826 τὴν
3451 1752 3677 1824 καρδίαν

2098 1879 2223 1933 μου,
2262 1861 2357 1915 καὶ
2401 1856 2757 1929 ποιμανοῦσιν
2792 1855 2936 1924 ὑμᾶς
2981 1849 3358 1921 ποιμαίνοντες
3398 1844 3512 1915 μετ’
3554 1845 3679 1895 ὲπι-

2096 1955 2329 2025 στήμης.
2358 1972 2376 2005 ι
2410 1951 2564 2014 Τίνες
2595 1949 2651 2002 δὲ
2683 1941 2851 2013 οῦτοι;
2885 1946 2948 1998 Οἱ
2982 1940 3260 1996 Θεσπέσιοι
3294 1935 3556 2010 μαθηταὶ,
3584 1934 3681 1987 καὶ

2095 2048 2143 2099 oi
2184 2043 2291 2097 τῶν
2347 2040 2681 2110 Ἐκκλησιῶν
2720 2037 2861 2093 κατά
2906 2034 3132 2106 καιροὺς
3184 2029 3498 2101 ἡγούμενοι,
3538 2046 3556 2077 ι
3588 2024 3680 2077 τὸν

2094 2139 2194 2207 τῆς
2242 2134 2499 2206 ἀληθείας
2549 2128 2973 2204 όρθοτομοῦντες
3021 2126 3197 2195 λόγον,
3226 2141 3243 2175 ι
3297 2124 3392 2175 καὶ
3438 2119 3519 2182 είς
3570 2118 3682 2172 πᾶν

2095 2229 2272 2284 ὁτιοῦν
2317 2227 2431 2281 τῶν
2459 2225 2756 2280 τελούντων
2790 2223 2868 2285 είς
2901 2221 3086 2289 ὄνησιν
3132 2217 3228 2287 τὴν
3280 2209 3677 2283 πνευματικὴν,

2095 2322 2452 2391 ἀποκομίζειν
2478 2320 2675 2381 εἰδότες
2701 2320 2770 2370 τὰ
2797 2315 2901 2369 ὑπὸ
2932 2315 3089 2383 χεῖρα
3119 2308 3434 2380 θρέμματα.
3471 2298 3680 2354 Οὐκοῦν

2095 2414 2493 2487 τεθρηνήκασιν
2522 2412 2572 2463 οἱ
2607 2408 3055 2480 ψευδοποίμενες,
3084 2403 3167 2454 ὅτι
3197 2392 3682 2465 τεταλαιπώρηκεν

2097 2510 2129 2577 ἡ
2164 2483 2505 2575 μεγαλοσύνη
2545 2501 2725 2556 αὐτῶν
2751 2516 2767 2531 ο
2818 2496 3072 2570 σημαίνει
3123 2494 3181 2547 δὲ
3222 2491 3379 2546 τοῦτο
3420 2487 3512 2541 καὶ
3557 2483 3681 2537 καθ’

2095 2600 2279 2669 ἓτερον
2326 2596 2527 2668 τρόπον
2560 2595 2712 2665 ἡμῖν,
2760 2593 3036 2661 ἐπιφέρων
3059 2605 3073 2618 θ
3116 2606 3133 2638 t
3162 2585 3317 2650 Φωνὴ
3351 2578 3683 2653 ὠρυομένων

2095 2692 2341 2756 λεόντων,
2368 2690 2450 2742 ὅτι
2475 2684 2928 2757 τεταλαιπὼρηκε
2960 2682 3020 2736 τὸ
3051 2679 3320 2751 φρύαγμα
3351 2672 3448 2727 τοῦ
3485 2670 3683 2739 Ἰορδά-

2096 2799 2207 2834 νου.
2236 2800 2252 2832 ι
2292 2778 2561 2850 Ὠρυγμὸς
2593 2777 2692 2848 μὲν
2724 2776 2834 2845 γάρ
2863 2776 2978 2826 ἐστι
3008 2770 3214 2841 κυρίως
3245 2769 3276 2837 ἡ
3305 2765 3415 2819 τῶν
3452 2763 3685 2816 λεόντων

2098 2870 2284 2941 φωνὴ,
2324 2870 2391 2941 ἢν
2440 2868 2507 2921 ἂν
2542 2869 2799 2931 ποιοῖντο,
2844 2862 3124 2923 κλαίοντες
3171 2858 3262 2910 ἐπὶ
3308 2851 3452 2924 λιμῷ
3482 2868 3542 2904 τε
3591 2851 3685 2904 καὶ

2098 2963 2303 3033 ἀσιτία.
2350 2961 2577 3030 Δέχεται
2615 2958 2671 3011 δὲ
2719 2956 2881 3010 τοῦτο
2924 2955 3019 3008 καὶ
3064 2955 3157 3005 ἐπὶ
3210 2949 3435 3001 λεόντων
3474 2946 3508 3015 ἡ
3564 2942 3681 2995 θεία

2099 3056 2312 3126 Γραφή.
2374 3050 2791 3121 Κατεφωρῶντο
2845 3046 3023 3100 τοίνυν
3098 3044 3147 3096 oi.
3202 3040 3310 3093 τῶν
3366 3034 3685 3091 Ἰουδαϊκῶν

419 3130 451 3210 ὲ
507 3154 722 3226 populis
767 3153 1103 3216 oblationes,
1167 3154 1435 3217 decimas,
1488 3152 1795 3223 primitias,
1852 3154 1995 3206 dona

2099 3144 2498 3217 προεστηκότες
2523 3141 2822 3211 ταγμάτων
2849 3139 2924 3202 ὡς
2960 3137 3173 3195 λέοντες
3199 3130 3524 3202 ὠρυόμενοι,
3566 3142 3687 3179 πει-

420 3246 559 3317 grati
592 3244 778 3298 animi.
810 3244 1103 3313 Postquam
1144 3244 1288 3298 enim
1326 3260 1541 3315 gregem
1578 3246 1899 3309 amiserunt,
1935 3247 1999 3300 de

421 3346 619 3391 caetero
650 3334 856 3396 fenore.
881 3336 1021 3405 quod
1053 3350 1116 3389 ex
1165 3350 1229 3389 eo
1264 3336 1570 3404 capiebant,
1616 3337 1849 3390 recreati
1893 3352 1997 3390 non

492 3609 646 3675 Quod
689 3608 735 3664 si
779 3608 900 3678 quis
941 3618 1195 3671 censeat,
1238 3609 1401 3663 etiam
1445 3608 1613 3662 instar
1654 3609 1868 3664 leonum
1915 3624 2002 3663 ru-

422 3702 586 3769 giisse
618 3709 809 3756 contra
847 3700 1122 3757 Christum
1164 3700 1387 3755 Scribas
1422 3710 1476 3756 et
1516 3701 1817 3757 Pharisazos
1854 3701 2004 3772 (cla-

425 3793 645 3848 mabant
673 3794 817 3849 enim
851 3793 904 3847 in
936 3795 1137 3860 ipsum,
1167 3802 1224 3846 et
1257 3808 1412 3847 voces
1440 3808 1509 3847 ex
1539 3792 1664 3847 odio
1692 3803 1746 3847 et
1777 3793 2001 3858 invidia,

421 3894 478 3941 et
502 3900 650 3940 mera
676 3884 883 3939 insania
908 3884 1198 3950 jaeiehant,
1228 3883 1630 3940 Samaritanum
1653 3886 1719 3951 ⁸⁸,
1744 3895 1800 3941 et
1823 3887 2005 3941 ebrio--

422 3985 631 4044 sum,et
647 3993 711 4032 ex
731 3975 1085 4032 fornicatione
1104 3986 1284 4031 natum
1301 3977 1343 4009 ⁸⁷
1357 3976 1703 4043 afﬁrmantes,
1720 3985 1774 4032 et
1792 3995 1811 4030 t
1833 3977 2003 4043 Tolle,

425 4070 579 4135 tolle,
618 4068 875 4139 erucifige
893 4068 955 4133 ⁸⁸,
1004 4088 1023 4121 ι
1060 4068 1365 4139 dicentes),
1408 4069 1774 4125 verisimiliter
1809 4071 2006 4127 sentiet

423 4162 587 4216 etiam
631 4161 737 4215 hic.
777 4159 1161 4215 Verumtamen
1202 4159 1450 4228 quamvis
1492 4174 1656 4230 super
1692 4177 1755 4216 eo
1798 4162 2005 4231 rugitus

423 4252 689 4315 dederint,
719 4250 844 4305 facti
880 4260 1005 4305 sunt
1039 4250 1223 4305 miseri
1260 4267 1363 4305 non
1402 4253 1769 4322 mediocriter,
1806 4273 1826 4307 ι
1868 4255 2003 4321 Quia

423 4345 590 4399 miser
623 4344 799 4398 factus
822 4354 903 4398 est
927 4341 1174 4399 fremitus
1207 4343 1477 4401 Jordanis.
1505 4364 1524 4397 ι
1563 4346 1713 4412 Quod
1750 4347 1876 4417 quid
1902 4347 2002 4403 sibi

422 4437 570 4502 velit,
596 4436 771 4491 dicant
796 4452 1028 4506 quoque.
1060 4436 1375 4492 Prreterﬂuit
1397 4437 1649 4494 .Iordauis
1674 4439 2002 4496 Hiericbuu-

425 4538 553 4589 tem.
584 4530 788 4585 cirCum
820 4544 978 4598 quem
1014 4544 1203 4597 magna
1236 4530 1317 4583 vis
1349 4530 1559 4584 leonum
1594 4532 1920 4586 horrendum
1952 4533 2002 4587 itt

425 4620 641 4674 modum
688 4622 1045 4691 rugientiutu,
1089 4630 1143 4675 et
1188 4625 1402 4675 accolas
1447 4622 1749 4677 incredibili
1800 4635 2008 4679 terrore

422 4712 873 4766 concutientium.
904 4712 1065 4766 Tales
1092 4721 1248 4767 erant
1282 4715 1522 4768 moribus
1550 4712 1752 4766 Scriba:
1785 4723 1837 4766 et
1870 4713 2007 4768 Pba-

427 4797 589 4861 πίε-υἱ,
624 4808 810 4851 contra
847 4800 1086 4866 plebeios
1116 4810 1169 4852 et
1203 4805 1478 4870 gregarios
1512 4803 1804 4871 rugientes,
1843 4812 1899 4858 et
1929 4814 2008 4859 tc-

425 4887 645 4943 nuiores
674 4890 929 4957 potentia:
955 4905 1065 4943 sua:
1093 4892 1364 4947 terriculis
1390 4904 1822 4948 consternantes.
1855 4914 1874 4946 ι
1908 4898 2008 4951 Ve-

427 4995 545 5035 rum
579 4980 741 5034 miser
768 4978 940 5033 factus
966 4989 1051 5033 est
1080 4980 1294 5034 leonunt
1326 4992 1519 5037 terror.
1557 5004 1573 5036 ι
1612 4983 1723 5040 lloc
1751 4997 1831 5041 est
1863 4990 2007 5057 quod

425 5073 533 5140 ait,
573 5089 592 5124 ι
635 5069 881 5125 fremitus
912 5067 1182 5126 Iordanis.
1226 5090 1245 5124 ι
1283 5075 1360 5128 Α‹·
1395 5073 1640 5132 fremitus
1679 5079 1893 5147 quidem
1927 5089 2011 5134 est

425 5179 493 5219 ex
522 5178 779 5235 equorum
812 5170 866 5217 et
897 5162 1162 5217 mulorutn
1203 5168 1423 5220 naribus
1459 5182 1579 5222 cum
1619 5170 1776 5224 feroci
1815 5174 2006 5242 spiritu

426 5255 660 5310 emissus
694 5254 937 5318 sonitus;
978 5255 1068 5308 sed
1108 5254 1268 5309 etiam
1303 5257 1355 5311 in
1392 5258 1458 5313 iis
1494 5261 1689 5315 dicitur
1722 5264 1812 5331 qui
1849 5266 1915 5318 de
1950 5280 2010 5319 se

430 5347 685 5413 praeclare
729 5347 993 5402 sentiunt.
1038 5346 1175 5402 llinc
1221 5350 1433 5404 divintts
1482 5350 1647 5406 David
1696 5354 1761 5406 de
1809 5355 1873 5409 iis
1920 5356 2011 5424 qui

2105 3216 2302 3300 νῶντές
2328 3254 2387 3289 τε
2414 3235 2509 3289 καὶ
2538 3233 2845 3296 κλαίοντες,
2877 3229 2968 3282 διά
2997 3244 3081 3280 τοι
3108 3224 3169 3278 τὸ
3204 3221 3277 3293 μὴ
3312 3220 3457 3290 ἔχειν
3490 3216 3587 3279 τὰς
3621 3217 3688 3268 ὲκ

2104 3334 2210 3388 τῶν
2240 3331 2383 3385 λαῶν
2414 3325 2815 3399 καρποφορίας,
2844 3322 3095 3385 δεκάτας,
3142 3313 3417 3386 ἀπαρχὰς,
3465 3309 3689 3399 εὐχαρι-

2106 3426 2324 3495 στήρια.
2367 3397 2584 3489 Ἐπειδὴ
2616 3417 2725 3487 γὰρ
2759 3414 2859 3484 τῆς
2886 3411 3086 3481 ἀγέλης
3119 3402 3558 3465 ὲκπεπτώκασιν,
3586 3397 3689 3451 οὐκ

2105 3518 2183 3570 ἔτι
2212 3517 2325 3577 τοῖς
2352 3512 2411 3577 ἐξ
2439 3511 2606 3580 αὐτῆς
2637 3504 3103 3577 κατηυφραίνοντο
3129 3499 3330 3560 τόκοις.

2178 3608 2238 3662 Εἰ
2267 3607 2323 3659 δὲ
2350 3606 2412 3675 δή
2441 3620 2523 3667 τις
2560 3601 2726 3654 οἴοιτο
2764 3597 2859 3653 καὶ
2900 3596 2976 3660 ὼς
3018 3596 3076 3647 ἐν
3106 3591 3256 3655 τάξει
3286 3587 3519 3641 λεόντων
3555 3599 3688 3636 κατ-

2106 3696 2379 3769 ωρύεσθαι
2416 3693 2509 3747 τοῦ
2548 3688 2785 3763 Χριστοῦ
2816 3687 2943 3750 τοὺς
2982 3682 3335 3756 Γραμματεῖς
3365 3694 3423 3731 τε
3458 3675 3552 3730 καὶ
3580 3675 3688 3727 Φα-

2113 3768 2357 3862 ρισαίους
2396 3782 2947 3857 (κατεκεκράγεισαν
2992 3775 3102 3847 γὰρ
3143 3772 3334 3837 αὐτοῦ,
3368 3772 3463 3825 καὶ
3497 3768 3594 3831 τὰς
3615 3770 3689 3862 *ἐκ

2109 3859 2305 3953 ίρθόνου
2336 3880 2429 3934 καὶ
2470 3877 2767 3949 βασκανίας
2797 3874 2889 3929 καὶ
2916 3870 3160 3942 ἀκράτου
3190 3867 3385 3938 μανίας
3424 3859 3687 3931 κατηφίε-

2113 3992 2211 4030 σαν
2240 3974 2446 4045 φωνάς,
2487 3970 2834 4041 Σαμαρείτην
2882 3967 3153 4035 λέγοντες,
3193 3960 3425 4032 μέθυσον
3473 3958 3687 4045 ἀποκα-

2110 4041 2327 4129 λοῦντες
2354 4062 2449 4115 καὶ
2483 4063 2547 4113 ὲκ
2574 4057 2832 4131 πορνείας
2862 4052 3284 4124 γεγεννημένον,
3320 4050 3436 4112 καὶ,
3476 4066 3495 4099 ι
3531 4041 3683 4116 Αἶρε,

2111 4153 2253 4229 αἶρε,
2286 4153 2517 4224 σταύρου
2547 4149 2705 4204 αὑτὸν
2726 4189 2741 4213 ,
2783 4166 2815 4199 ιλ
2835 4144 3128 4218 [βοῶντες]
3150 4145 3167 4212 )
3192 4185 3206 4206 ,
3236 4140 3305 4194 τὰ
3337 4139 3524 4192 εἰκότα
3558 4152 3688 4207 φρο-

2112 4228 2264 4319 νήσει
2293 4245 2388 4299 καὶ
2416 4235 2589 4303 οὗτος.
2623 4236 2767 4309 Πλὴν
2790 4238 2839 4290 εί
2867 4238 2961 4290 καὶ
2993 4234 3330 4307 ὲπωρύοντο,
3353 4228 3692 4282 τεταλαιπω-

2116 4342 2345 4412 ρήκασιν
2404 4337 2465 4389 οὐ
2537 4332 2806 4404 μετρίως,
2868 4350 2888 4384 r
2931 4330 3053 4382 Ὅτι
3117 4320 3567 4393 τεταλαιπώρηκε
3632 4317 3693 4371 τὸ

2114 4434 2380 4506 φρύαγμα
2427 4429 2519 4483 τοῦ
2568 4428 2852 4501 Ἰορδάνου.
2890 4444 2909 4477 ι
2959 4422 3070 4478 Καὶ
3114 4419 3166 4474 τί
3211 4418 3275 4489 δὴ
3317 4415 3475 4469 τοῦτό
3521 4416 3690 4506 ἐστιν,

2038 4507 2081 4562 Ῑ)
2113 4501 2222 4597 ἐρῶ
2254 4501 2435 4578 πάλιν.
2484 4522 2771 4593 Harudes!
2803 4519 2899 4590 μὲν
2935 4517 2963 4568 ὁ
3000 4512 3271 4585 Ἰορδάνης
3312 4507 3410 4579 τὴν
3458 4501 3690 4576 Ἰεριχὼ,

2114 4616 2354 4670 πλεῖστοι
2387 4615 2442 4667 δὲ
2477 4615 2590 4666 ὅσοι
2622 4612 2752 4681 περί
2794 4606 2957 4664 αὑτὸν
2987 4608 3036 4660 οἱ
3076 4606 3314 4666 λέοντες,
3350 4596 3696 4667 καταῦρυχό-

2114 4709 2264 4781 μενοί
2333 4725 2392 4760 τε
2451 4706 2677 4767 δεινῶς,
2741 4703 2837 4755 καὶ
2891 4702 3163 4771 ἀφόρητον
3221 4698 3333 4759 τοῖς
3391 4689 3694 4745 ἐνοικοῦσιν

2110 4803 2348 4864 ἐνιέντες
2382 4799 2442 4851 τὸ
2471 4799 2654 4867 δεῖμα.
2684 4793 2928 4847 Τοιοῦτοι
2957 4792 3015 4845 δὲ
3042 4787 3182 4860 ἦσαν
3214 4790 3341 4851 τοὺς
3372 4784 3610 4856 τρόπους
3644 4782 3693 4833 οί

2111 4893 2463 4965 Γραμματεῖς
2503 4888 2598 4942 καὶ
2641 4888 2688 4940 οἱ
2735 4887 3039 4957 Φαρισαῖοι,
3070 4884 3185 4938 τῶν
3214 4878 3483 4950 ἀγελαίων
3530 4889 3697 4926 κατα-

2113 4984 2458 5057 δρυχόμενοι,
2486 4981 2711 5041 καὶτοῖς
2744 4979 2809 5030 ἐκ
2844 4978 2941 5047 τῆς
2969 4975 3222 5042 ἐξουσίας
3255 4966 3695 5027 καταπτοοῖνντες

2110 5054 2324 5146 δείμασι
2360 5072 2435 5145 (1)
2463 5072 2588 5135 τοὺς
2633 5067 3076 5139 ἀσθενεστέρους.
3115 5084 3134 5117 r
3172 5062 3334 5117 ’Δλλά
3362 5054 3701 5114 τεταλαιπω-

2115 5183 2281 5240 ρηκεν
2315 5168 2343 5219 ό
2371 5166 2478 5218 τῶν
2524 5163 2752 5216 λεόντων
2790 5159 2974 5229 φόεῖος.
3011 5177 3028 5210 ›
3069 5156 3241 5211 Τοῦτο
3285 5153 3340 5206 δὲ
3384 5147 3522 5204 εἶναί
3563 5161 3698 5240 φησι

2124 5278 2143 5311 r
2178 5257 2239 5311 τὸ
2278 5257 2543 5329 φρύαγμα
2597 5253 2693 5308 τοῦ
2732 5252 3022 5325 Ἰορδάνου.
3065 5274 3083 5303 ο
3123 5248 3233 5302 Καὶ
3281 5242 3550 5316 φρύαγμα
3600 5238 3698 5329 μὲν

2118 5351 2265 5405 ἐστιν
2386 5324 2568 5401 ἵππων
2616 5364 2676 5400 τε
2726 5344 2822 5399 καὶ
2864 5342 3101 5415 ἡμιόνων
3142 5338 3230 5391 διὰ
3266 5333 3559 5406 μυκτήρων
3591 5324 3699 5397 ἠχὴ

500 5525 767 5603 “Aerem;
791 5544 951 5603 _xxtn,
980 5530 1032 5585 1.
1108 5526 1377 5603 ‘_'_._Ierent.
1412 5546 1465 5593 ιι,
1496 5531 1582 5584 21.
1664 5531 1706 5563 εδ
1738 5531 1938 5587 Jerem.
1970 5550 1995 5588 ll

2098 5535 2181 5591 l5.
2259 5535 2302 5566 ⁸³
2339 5534 2377 5589 11
2412 5536 2551 5593 Tim.
2588 5550 2648 5601 ιι,
2691 5532 2773 5587 15.
2854 5531 2899 5563 ⁸⁸
2926 5528 3084 5585 Joan.
3112 5538 3231 5590 vttt,
3263 5520 3350 5580 48.
3428 5520 3470 5551 ⁸⁷
3503 5516 3700 5572 Matth.

433 5612 511 5659 κε,
553 5597 635 5651 l9.
715 5599 758 5628 "'
781 5598 939 5653 Joan.
976 5615 1090 5665 nx,
1128 5599 1213 5654 l5.

501 5778 580 5853 (1)
618 5777 710 5833 Ed.
748 5776 910 5846 Aul»,
944 5778 1218 5849 δείγμασι,
1262 5780 1600 5834 documentis.
1640 5779 1793 5835 Enn.
