4042 6196
403 322 507 377 183

1383 322 1441 376 S.
1485 321 1759 379 CYIIILLI
1801 314 2268 377 ALEXANDIIINI
2313 323 2628 380 AIICIIIEP.

3558 329 3653 382 I34

401 446 749 507 decerpentes
793 452 981 492 eorum
1027 435 1268 499 fructus,
1312 446 1368 489 ct
1409 452 1521 491 rem
1567 452 1720 491 suam
1764 451 1976 505 semper

2093 440 2317 504 ’Ὠσπερ
2343 438 2450 509 γὰρ
2486 438 2802 490 δεσποτικὸν
2843 438 2970 489 ὄντα
2998 436 3091 489 τὸν
3118 436 3305 506 νοητὸν
3334 437 3657 506 ἀμπελῶνα.

397 532 814 601 ampliﬁcantes,
848 528 1259 595 volentibusque
1295 528 1536 595 rapinam
1572 530 1966 597 permittentes.

402 625 542 694 I‘Irgo
570 624 659 693 qni
692 621 1046 692 possederunt
1075 620 1395 674 occidebant
1424 639 1437 673 :
1469 622 1760 676 vendentes
1790 629 1969 676 autem

400 716 649 768 dicebant
688 730 702 765 :
748 730 767 763 ι
816 712 1137 766 Benedictus
1180 711 1469 773 Dominus,
1511 721 1564 765 et
1606 712 1802 767 divites
1846 713 1967 767 facti

400 821 607 861 smnus.
656 821 678 855 ι
726 803 957 857 Possunt
1007 802 1059 856 hi
1106 801 1331 869 intelligi
1369 800 1603 869 judices,
1645 802 1969 870 judiciorum

404 896 763 965 integritatem
796 903 1199 963 cauponantes,
1234 901 1288 945 et
1320 892 1473 960 quasi
1512 892 1692 946 valere
1720 892 1972 958 iubentes

405 992 571 1059 legem
606 989 787 1054 Mosis,
815 986 1062 1055 quamvis
1093 994 1278 1054 aperte
1306 986 1450 1039 dicat
1486 1003 1498 1038 :
1538 1002 1555 1034 ι
1592 983 1708 1037 Non
1740 985 1971 1052 accipies

404 1095 687 1148 personam
723 1078 774 1132 in
806 1077 1036 1147 judicio,
1064 1076 1186 1145 quia
1209 1074 1472 1143 judicium
1500 1075 1593 1129 Dei
1621 1074 1789 1129 est".
1827 1094 1844 1125 ι
1876 1073 1972 1128 Ju-

400 1171 633 1225 cundum
690 1169 833 1223 enim
864 1178 917 1222 et
948 1167 1181 1221 amicum
1213 1176 1331 1219 erat
1361 1165 1465 1219 illis
1494 1166 1725 1219 vendere
1756 1165 1806 1218 in
1839 1181 1969 1218 una-

404 1276 615 1331 quaque
638 1275 797 1315 causa
820 1259 1080 1327 judicium
1108 1260 1173 1312 iis
1194 1258 1286 1327 qui
1311 1271 1494 1311 emere
1511 1256 1727 1310 vellent.
1751 1258 1804 1309 Id
1829 1255 1971 1325 quod

402 1355 569 1408 etiam
604 1367 671 1407 ex
704 1352 928 1405 vocibus
960 1361 1267 1405 sanctorum
1306 1348 1522 1418 planum
1562 1348 1673 1402 lict.
1709 1349 1796 1402 Ait
1827 1350 1971 1403 enim

404 1446 622 1514 quidam
652 1453 963 1499 sanctorum
985 1442 1366 1511 prophetarum
1388 1439 1452 1494 de
1468 1438 1767 1504 Jerusalem
1795 1456 1807 1492 :
1842 1439 1973 1492 «Du-

402 1556 493 1594 ccs
514 1540 631 1607 ejus
659 1554 781 1594 cum
807 1536 1120 1592 muneribus
1142 1534 1459 1605 judicabant
1484 1535 1551 1587 ".
1584 1552 1603 1585 ι
1634 1535 1853 1588 Divinus
1875 1548 1973 1588 au-

401 1642 507 1684 tem
534 1629 783 1685 Habacnc
806 1629 1189 1699 pr0pemudum
1210 1625 1533 1681 vociferatur
1551 1634 1737 1680 contra
1769 1628 1970 1679 Deum:

2072 531 2215 599 φημὶ
2239 530 2300 600 δὴ
2334 530 2425 581 τὸν
2465 528 2703 599 Ἰσραὴλ,
2736 530 2855 599 ἦτοι
2888 528 2981 581 τὸν
3015 528 3302 599 ἄνθρωπον
3339 529 3434 582 τοῦ
3462 530 3653 595 Ἰούδα,

2070 622 2131 674 τὸ
2172 622 2448 691 νεόφυτον,
2479 620 2540 672 τὸ
2567 620 2946 690 ἠγαπημένον,
2998 620 3130 673 ἴδιον
3162 621 3488 691 ἐποιήσαντο
3528 621 3657 694 κλῆ-

2074 728 2186 783 ρον’
2230 712 2369 765 οὕτω
2402 711 2496 765 καὶ
2537 712 2604 763 τά
2644 711 2871 781 ποίμνια
2905 713 3189 781 μονονουχὶ
3223 714 3655 781 κατεκτήσαντο,

2070 804 2395 875 δρεπόμενοι
2439 805 2535 874 μὲν
2569 804 2697 867 τοὺς
2727 804 2937 857 ἑαυτῶν
2976 805 3244 873 καρποὺς,
3278 805 3372 858 καὶ
3404 806 3492 858 άεί
3529 822 3650 869 πως

2072 896 2128 949 ὲν
2155 896 2513 965 πλεονασμοῖς
2538 896 2628 948 τὸν
2660 896 2872 949 ἑαυτῶν
2911 895 3192 960 ποιοῦντες
3223 897 3447 969 κλῆρον,
3475 896 3657 953 ἀνιέν-
3722 944 3723 949 η

2071 1004 2160 1050 τες
2209 987 2265 1040 δὲ
2312 989 2425 1050 τοῖς
2467 986 2743 1040 ἐθέλουσιν
2791 986 3124 1059 διαρπαγήν.
3177 988 3386 1043 Οὐκοῦν
3439 991 3487 1042 oi
3558 990 3659 1059 μὲν

2071 1080 2404 1148 κτησάμενοι
2454 1078 2829 1146 κατέσφαζον·
2882 1080 2932 1131 οἱ
2978 1079 3037 1132 δὲ
3079 1078 3391 1141 πωλοῦντες
3432 1079 3655 1147 ἐλεγονο

2078 1190 2097 1221 ι
2134 1169 2437 1240 Εὐλογητὸς
2462 1170 2686 1241 Κύριος,
2718 1170 2812 1223 καὶ
2843 1171 3326 1243 πεπλουτήκαμεν.
3356 1190 3375 1221 ι
3398 1170 3660 1242 Νοηθεῖεν

2072 1264 2116 1316 δ’
2148 1264 2213 1316 ἂν
2240 1265 2333 1316 καὶ
2370 1257 2515 1318 οὗτοι
2562 1263 2770 1335 κριταὶ,
2825 1263 2921 1333 τὴν
2952 1266 3010 1316 ὲν
3041 1268 3158 1326 τοῖς
3202 1264 3473 1336 κρίμασιν
3501 1263 3661 1334 6906-

2072 1369 2212 1423 τητα
2259 1352 2665 1422 καπηλεύοντες
2690 1392 2705 1417 ,
2757 1353 2917 1423 μόνον
2961 1353 3017 1405 δὲ
3064 1353 3187 1424 οὐχ).
3239 1354 3335 1407 καὶ
3384 1352 3662 1425 ἐρρῶσθαι

2074 1444 2383 1515 φράσαντες
2430 1444 2508 1515 τῷ
2551 1443 2637 1496 διὰ
2688 1445 2933 1509 Μωσέως
2984 1445 3170 1515 νόμῳ,
3222 1444 3399 1498 καίτοι
3445 1444 3663 1512 λέγοντι

2075 1534 2261 1602 σαφῶς
2284 1550 2300 1566 ·
2338 1552 2356 1583 ι
2385 1534 2459 1587 Οὐ
2484 1534 2629 1605 λήψῃ
2657 1535 2949 1605 πρόσωπον
2979 1535 3035 1587 ὲν
3070 1535 3272 1603 κρίσει,
3307 1535 3389 1586 ὅτι
3417 1535 3449 1603 ἡ
3478 1534 3663 1605 κρίσις

2074 1626 2167 1679 τοῦ
2212 1626 2346 1679 Θεοῦ
2386 1628 2552 1680 ἐστιν.
2584 1646 2603 1679 ι
2639 1623 2747 1679 Ἦν
2777 1630 2886 1698 γάρ
2932 1627 3116 1689 αὐτοῖς
3147 1625 3242 1696 ἡδύ
3276 1643 3335 1678 τε
3368 1624 3465 1678 καὶ
3510 1625 3664 1693 φίλον

406 1740 423 1771 ι
477 1718 788 1789 Usquequo,
831 1719 1076 1781 Domine,
1115 1716 1384 1779 clamabo,
1424 1724 1481 1771 et
1522 1731 1627 1770 non
1675 1716 1973 1770 exaudies?

2079 1717 2133 1769 τὸ
2177 1717 2520 1771 καταπωλεῖν
2544 1720 2655 1780 τοῖς
2700 1716 2943 1770 ἐθέλουσι
2984 1717 3083 1787 τὴν
3114 1718 3197 1785 ἐφ’
3236 1715 3454 1784 ἑκάστῳ
3488 1716 3666 1782 πράγ-

400 1811 737 1865 vocil‘erabor
756 1811 821 1862 ad
848 1821 898 1863 te
920 1812 1026 1862 vim
1050 1809 1275 1877 patiens,
1302 1818 1482 1862 etnon
1505 1808 1776 1862 salvahis?
1795 1807 1974 1874 Quare

2080 1826 2208 1879 ματι
2264 1810 2467 1882 κρίσιν.
2505 1810 2615 1862 Καὶ
2658 1808 2817 1862 τοῦτο
2867 1809 3029 1863 πάλιν
3059 1810 3191 1878 ἡμῖν
3227 1806 3459 1880 ἐναργὲς
3507 1806 3662 1859 ἔσται

399 1901 682 1956 ostendisti
721 1900 851 1954 mihi
892 1899 1103 1955 labores
1132 1908 1187 1955 et
1222 1899 1453 1964 dolores,
1485 1900 1668 1954 videre
1698 1901 1972 1954 miseriam

398 2004 453 2047 et
481 1994 850 2063 impietatem?
875 1992 950 2047 Ex
978 1992 1207 2046 adverso
1229 1991 1333 2046 mei
1359 1991 1562 2045 factum
1585 1999 1667 2045 est
1690 1990 1976 2058 judicium,

398 2092 454 2137 et
478 2082 642 2153 judex
671 2081 889 2151 accipit.
921 2079 1214 2149 Propterea
1244 2080 1503 2149 dissipata
1532 2089 1617 2133 est
1646 2080 1750 2144 lex,
1781 2090 1833 2133 et
1864 2096 1969 2133 non

398 2174 682 2229 deducitur
715 2174 769 2227 in
809 2173 971 2227 tinem
1002 2171 1287 2240 judicium,
1319 2172 1447 2241 quia
1484 2172 1680 2241 impius
1717 2174 1978 2243 opprimit

395 2264 619 2333 justum.
666 2263 893 2333 Propter
936 2263 1040 2319 hoc
1093 2263 1399 2333 egredietur
1441 2264 1705 2333 judicium
1758 2279 1977 2333 perver-

398 2371 517 2412 sum
539 2356 611 2410 ".
646 2374 666 2408 ι
697 2355 1059 2423 Quamobrem
1088 2370 1155 2409 ex
1187 2354 1400 2423 injustis
1430 2357 1729 2424 quaestibus
1760 2356 1977 2412 divitias

397 2459 810 2521 .tmtgregantes,
852 2458 900 2502 et
939 2446 1205 2516 justitiam
1249 2457 1644 2517 pervertentes,
1687 2458 1741 2502 et
1774 2448 1977 2518 judicia

398 2543 451 2596 in
495 2541 733 2608 qualibet
775 2554 939 2594 causa
983 2539 1157 2606 pretio
1200 2538 1543 2604 addicentes,
1586 2554 1707 2593 es~e
1751 2550 1978 2608 possunt

396 2634 607 2703 judices
638 2632 760 2703 ipsi,
785 2642 843 2684 ut
876 2631 1034 2687 modo
1062 2630 1197 2696 dixi,
1224 2631 1316 2698 qui
1346 2630 1569 2684 dicunt:
1604 2648 1622 2680 ι
1650 2629 1976 2685 Benedictus

399 2725 678 2790 Dominus,
707 2732 762 2779 et
791 2722 986 2777 divites
1020 2722 1147 2777 facti
1179 2736 1386 2776 sumus.
1422 2739 1441 2773 ι
1476 2719 1529 2775 In
1561 2736 1667 2790 quo
1700 2733 1757 2775 ut
1790 2737 1977 2776 amen-

400 2816 592 2871 tissimi
628 2824 685 2870 et
729 2814 1079 2869 audacissimi
1122 2812 1441 2884 reprehendi
1483 2824 1703 2883 queant.
1747 2813 1979 2884 Fingunt

400 2909 547 2962 enim
583 2922 640 2961 se
674 2907 993 2961 benedicere
1026 2904 1163 2970 Deo,
1200 2906 1427 2975 perinde
1461 2920 1523 2960 ac
1557 2905 1603 2959 si
1641 2906 1808 2975 ipsius
1843 2921 1974 2960 con-

396 3013 555 3053 cessu
589 2997 748 3052 liceat
782 3013 846 3051 ex
883 2997 1261 3065 iniquitatibus
1295 2997 1569 3064 colligere,
1604 3005 1657 3051 et
1690 3012 1720 3050 e
1754 2998 1975 3066 sangui-

399 3090 559 3145 nibus
592 3089 879 3143 ditescere.
913 3088 1073 3155 Atqui
1110 3102 1178 3141 ex
1213 3102 1340 3141 vero
1374 3086 1551 3141 olllcio
1580 3086 1781 3155 judicia
1818 3102 1977 3141 exer-

398 3190 581 3237 centes
610 3179 741 3234 illud
775 3180 1069 3249 praestabat
1102 3178 1284 3233 dicere
1318 3198 1330 3233 :
1369 3195 1389 3229 ι
1429 3176 1753 3233 Benedictus
1794 3179 1975 3231 Domi-

400 3285 526 3336 nus,
566 3287 585 3322 ι
628 3270 879 3324 illustrati
917 3270 1331 3338 divinorumque
1371 3270 1747 3322 mandatorum
1784 3269 1981 3323 sinceri

398 3366 776 3420 observatores
795 3362 1055 3431 cdmperti
1081 3375 1287 3423 sumus,
1302 3360 1505 3428 justam
1532 3359 1582 3413 in
1607 3362 1796 3430 quavis
1818 3375 1980 3415 causa

400 3455 723 3509 sententiam
762 3452 1200 3523 pronuntiantes.
1239 3449 1337 3506 Est
1402 3452 1564 3522 igitur
1598 3450 1753 3506 dolus
1797 3463 1851 3506 et
1889 3452 1983 3507 de-

400 3545 565 3601 decus
600 3543 877 3615 speciosus
908 3555 1109 3607 sermo,
1145 3539 1246 3595 nisi
1281 3538 1545 3594 faciamus
1580 3554 1700 3609 qua:
1734 3539 1982 3608 placeant
2030 3592 2031 3595 η

399 3637 531 3692 Deo.

2076 1900 2164 1954 διὰ
2192 1902 2379 1971 φωνῆς
2415 1903 2605 1969 ἁγίων.
2640 1903 2782 1971 Ἔφη
2815 1902 2915 1971 μὲν
2940 1902 3048 1971 γάρ
3073 1918 3154 1963 τις
3180 1899 3288 1952 τῶν
3320 1899 3491 1967 ἁγίων
3526 1914 3663 1967 προ-

2078 1991 2264 2061 φητῶν
2289 1992 2419 2062 περὶ
2450 1992 2550 2062 τῆς
2583 1993 2943 2062 Ἰερουσαλήμ
2963 2009 2976 2022 ο
3021 2010 3038 2043 ι
3065 1992 3129 2043 Οἱ
3156 1989 3454 2060 ἡγούμενοι
3486 1989 3662 2057 αὐτῆς

2081 2085 2218 2153 μετὰ
2251 2082 2439 2155 δώρων
2481 2084 2714 2154 ἔκρινον.
2759 2103 2777 2135 ι
2822 2084 2882 2136 '0
2926 2082 2984 2136 δέ
3026 2099 3090 2151 γε
3141 2082 3427 2144 θεσπέσιος
3472 2080 3665 2133 Ἀδδα-

2079 2176 2224 2245 κοῦμ
2258 2176 2540 2245 μονονουχὶ
2588 2174 2974 2245 κατακέκραγε
3021 2173 3179 2237 Θεοῦ,
3233 2172 3427 2242 λέγων·
3467 2189 3485 2222 ι
3519 2172 3665 2233 Ἕως

2078 2268 2257 2331 τίνος,
2294 2267 2500 2335 Κύριε,
2534 2268 2912 2338 κεκράξομαι,
2959 2266 3056 2319 καὶ
3102 2266 3162 2318 οὐ
3206 2264 3280 2335 μὴ
3329 2264 3662 2334 είσακούσῃ,

2082 2358 2349 2429 βοήσομαι
2404 2359 2540 2429 πρὸς
2566 2360 2624 2412 σὲ
2658 2358 3037 2428 ἀδικούμενος,
3072 2357 3170 2410 καὶ
3195 2358 3255 2408 οὐ
3289 2356 3521 2419 among;
3548 2356 3666 2408 Ἵνα

2078 2448 2131 2500 τί
2168 2464 2258 2518 μοι
2283 2446 2491 2513 ἔδειξας
2534 2447 2737 2511 κόπους
2773 2449 2868 2501 καὶ
2895 2448 3111 2511 πόνους,
3140 2445 3453 2500 ἐπιϐλέπειν
3478 2444 3665 2498 ταλαι-

2080 2539 2293 2612 πωρίαν
2327 2541 2421 2594 καὶ
2458 2540 2748 2607 ἀσέϐειαν;
2797 2539 3141 2606 Ἐξεναντίας
3174 2556 3276 2609 μου
3324 2536 3515 2605 γέγονε
3544 2535 3663 2605 κρί-

2082 2648 2187 2694 σις,
2218 2631 2312 2683 καὶ⁵
2339 2632 2367 2683 ὁ
2401 2630 2591 2700 κριτὴς
2624 2630 2912 2701 λαμϐάνει.
2961 2630 3058 2684 Διά
3087 2630 3243 2683 τοῦτο
3285 2627 3664 2682 διεσκέδασται

2080 2724 2279 2793 νόμος,
2324 2726 2418 2777 καὶ
2464 2724 2526 2776 οὐ
2580 2723 2889 2791 διεξάγεται
2938 2724 3018 2787 είς
3064 2723 3214 2785 τέλος
3266 2724 3460 2791 κρῖμα,
3511 2720 3592 2773 ὃτι
3636 2720 3665 2771 6

2082 2815 2286 2883 ἀσεϐὴς
2321 2813 2781 2867 καταδυναστεύει
2818 2814 2909 2867 τὸν
2951 2813 3177 2867 δίκαιον.
3212 2812 3435 2866 Ἕνεκεν
3472 2811 3664 2862 τούτου

2082 2905 2425 2970 ἐξελεύσεται
2454 2906 2515 2958 τὸ
2548 2908 2725 2976 κρῖμα
2751 2904 3205 2975 διεστραμμένον.
3229 2923 3246 2955 ι
3286 2900 3496 2956 Οὐκοῦν
3525 2901 3575 2951 οἱ
3607 2901 3664 2964 ἐξ

2084 2997 2289 3051 ἀδίκων
2317 2996 2623 3067 λημμάτων
2672 2997 3082 3069 συναγείροντες
3113 2995 3362 3060 πλοῦτον,
3392 2996 3492 3053 καὶ
3524 3012 3666 3063 παρα

2081 3088 2399 3152 ευθύνοντες
2431 3089 2530 3159 μὲν
2559 3088 2620 3142 τὸ
2648 3089 2875 3155 δίκαιον,
2912 3088 3365 3150 καταπωλοῦντες
3392 3086 3447 3139 δὲ
3474 3086 3667 3155 ὥσπερ

2083 3178 2182 3241 τὰς
2210 3179 2295 3246 ἐφ’
2324 3179 2539 3249 ἑκάστῳ
2573 3181 2861 3250 πράγματι
2889 3180 3123 3249 κρίσεις,
3146 3174 3255 3231 εἷεν
3286 3178 3353 3232 ἂν
3382 3179 3430 3231 oi
3454 3177 3665 3248 κριταὶ.

2086 3269 2342 3340 καθάπερ
2370 3269 2505 3341 ἔφην
2534 3270 2757 3342 ἀρτίως,
2788 3271 2961 3324 αὐτοί’
2993 3271 3087 3324 καί
3119 3284 3303 3339 φασιν
3330 3267 3666 3337 «Εὐλογητὸς

2088 3358 2333 3430 Κύριος,
2382 3361 2475 3413 καὶ
2513 3359 2992 3430 πεπλουτήκαμεν.
3045 3377 3065 3411 r
3111 3355 3529 3411 Ἀνούστατοιδὲ
3573 3353 3668 3407 καὶ

2088 3450 2539 3521 παραϐολώτατοι
2600 3452 2694 3505 καὶ
2732 3450 2890 3504 τοῦτο
2928 3450 3179 3520 λέγοντες
3206 3448 3575 3516 ὲξελέγχοιντο
3598 3442 3665 3497 ἂν

2085 3542 2326 3604 εἰκότως.
2384 3544 2470 3604 Ὠς
2510 3543 2618 3615 γὰρ
2666 3543 2799 3596 Θεοῦ
2831 3543 3064 3605 διδόντος
3110 3540 3170 3606 ὲξ
3214 3524 3439 3593 ἀδικιῶν
3475 3534 3666 3588 συλλέ-

2085 3650 2225 3703 γειν,
2266 3636 2361 3690 καὶ
2394 3634 2454 3700 ἐξ
2498 3636 2744 3707 αἱμάτων
2793 3635 3065 3699 πλουτεῖν,
3102 3633 3346 3700 εὐλογεῖν
3388 3626 3666 3683 ὑποπλατ-

396 3747 605 3785 τονται.
650 3730 789 3783 Ἀλλ’
820 3725 887 3800 ἦν
921 3730 1144 3799 ἄμεινον
1188 3728 1366 3781 έκεῖνο
1410 3726 1625 3795 λέγειν,
1660 3724 1721 3778 τὸ
1794 3724 2001 3796 κρίνειν
2037 3725 2214 3798 ὀρθῶς
2294 3730 2759 3799 ὲκτετιμηκότεςυ
2794 3745 2812 3779 ι
2851 3726 3156 3795 Εὐλογητὸς
3191 3724 3395 3795 Κύριος
3418 3739 3432 3753 ο
3469 3741 3486 3773 ι
3524 3720 3666 3789 λαμ-

404 3822 534 3893 προὶ
574 3820 686 3892 γὰρ
733 3820 1192 3889 άναδεδείγμεθα,
1226 3819 1320 3871 καὶ
1382 3819 1491 3871 τῶν
1516 3817 1676 3870 θείων
1748 3816 2134 3887 θεσπισμάτων
2211 3820 2425 3891 γνήσιοι
2470 3820 2730 3890 φύλακες,
2779 3819 2944 3891 ὀρθὴν
2987 3819 3073 3886 ἐφ’
3123 3819 3338 3887 ἑκάστῳ
3374 3814 3665 3886 πράγματι

399 3916 499 3988 τὴν
545 3915 728 3985 ψῆφον
768 3915 1109 3985 ὲκψέροντες.
1195 3912 1403 3983 Ἀπάτη
1452 3907 1517 3979 δὴ
1563 3906 1654 3963 οὖν
1698 3911 1732 3980 ἡ
1782 3910 2141 3981 χρηστολογία
2210 3914 2306 3968 καὶ
2357 3912 2569 3983 μῶμος,
2612 3915 2660 3966 εἰ
2720 3912 2795 3983 μὴ
2866 3909 3159 3982 πράττοιτο
3221 3909 3358 3981 πρὸς
3399 3904 3557 3975 ἡμῶν
3593 3901 3665 3954 τὰ

400 4008 486 4078 ἐφ’
509 4000 590 4070 οἷς
616 4006 681 4060 ἂν
706 4005 895 4078 ἡσθείη
924 4004 1075 4067 Θεός.

478 4102 639 4160 Vens.
674 4101 741 4165 6,
782 4101 833 4153 7.
871 4100 1095 4169 Propter
1126 4099 1221 4151 hoc
1261 4114 1364 4151 non
1403 4112 1619 4166 parcam
1650 4095 1792 4150 ultra
1829 4112 1977 4164 super

2158 4091 2287 4145 OH'.
2325 4090 2425 4143 Διά
2468 4087 2644 4142 τοῦτο
2685 4089 2757 4141 οὐ
2797 4087 3078 4156 φείσομαι
3111 4086 3221 4139 οὐκ
3255 4086 3344 4139 ἔτι
3376 4086 3473 4139 ἐπὶ
3518 4086 3660 4152 τοὺς

399 4192 695 4246 habitantes
732 4200 957 4252 terram,
988 4190 1114 4242 dicit
1150 4189 1423 4243 Dominus.
1458 4187 1523 4241 Et
1559 4204 1673 4242 ecce
1704 4203 1796 4258 ego
1827 4187 1977 4241 trado

2086 4179 2518 4243 κατοικοῦντας
2540 4177 2655 4245 τὴν
2670 4176 2807 4247 γῆν,
2826 4176 2985 4247 ,λέγει
3005 4178 3240 4243 Κύριος.
3268 4176 3377 4230 Καὶ
3395 4176 3526 4230 ιδοὺ
3548 4176 3664 4247 ἐγὼ

402 4284 660 4347 homines,
706 4298 1124 4351 unuutquemquc
1172 4283 1224 4334 in
1271 4297 1458 4336 manus
1505 4282 1731 4350 proximi
1781 4281 1886 4347 sui,
1931 4288 1977 4333 et

2085 4269 2453 4341 παραδίδωμι
2478 4266 2619 4333 τοὺς
2661 4264 3029 4335 ἀνθρώπους,
3061 4264 3324 4318 ἕκαστον
3346 4266 3433 4328 εἰς
3460 4263 3665 4332 χεῖρας

402 4389 821 4445 unumquemque
859 4375 911 4426 in
948 4388 1135 4426 manus
1171 4372 1335 4442 760
1372 4373 1503 4442 regis
1538 4372 1673 4442 ejus.
1712 4371 1778 4427 Et
1811 4371 1983 4426 conci-

400 4469 524 4523 dent
552 4479 765 4529 terram,
792 4476 837 4519 et
868 4482 966 4519 non
993 4482 1175 4519 eruam
1202 4469 1265 4518 de
1290 4480 1449 4519 manu
1474 4481 1672 4533 eorum,
1698 4476 1743 4518 et
1768 4479 1980 4534 pascam

405 4579 520 4617 ores
551 4562 827 4615 occisionis
857 4559 910 4610 in
941 4557 1307 4613 Chananitide.

473 4735 755 4790 LXXVIII.
799 4738 1029 4791 Minatur
1060 4736 1315 4805 gregibus
1340 4735 1563 4788 exitium
1594 4732 1821 4787 simul...
1856 4734 1980 4802 quia

406 4829 655 4897 quamvis
689 4829 876 4882 liceret
908 4830 987 4882 eis
1019 4829 1119 4881 sub
1154 4827 1350 4880 summi
1388 4826 1758 4877 universorum
1797 4836 1980 4892 pasto-

404 4922 518 4985 ris,
565 4919 765 4974 Christi
810 4928 972 4989 pula,
1020 4918 1242 4971 tutelam
1288 4914 1581 4984 confugere
1625 4924 1679 4969 ct
1719 4916 1820 4971 sub
1865 4917 1981 4983 ipso

406 5025 546 5074 esse,
572 5009 875 5063 maluerunt
907 5016 1084 5060 tamen
1114 5008 1165 5060 in
1196 5006 1353 5060 iidem
1382 5005 1746 5059 occidentium
1775 5013 1829 5059 et
1853 5019 1981 5058 vcn-

404 5106 646 5159 dentium
681 5100 875 5155 inscite
907 5112 1025 5154 sese
1057 5100 1286 5154 tradere.
1318 5096 1495 5150 Induit
1524 5097 1668 5150 enim
1705 5096 1976 5151 hominem

405 5194 739 5265 unigenitum
778 5191 869 5246 Dei
900 5188 1129 5246 Verbum
1163 5206 1176 5242 :
1213 5204 1275 5242 ac
1312 5199 1571 5257 pranerea
1610 5203 1713 5241 non
1749 5188 1978 5241 obscure

405 5286 569 5347 dixit,
607 5295 716 5338 tum
749 5297 935 5338 eorum
970 5280 1269 5342 inscitiam,
1308 5288 1415 5331 tum
1451 5292 1602 5330 suam
1641 5279 1692 5331 in
1730 5287 1977 5345 suscepta

405 5391 504 5445 pro
530 5376 685 5431 nobis
707 5374 1011 5431 teconomia
1036 5371 1444 5442 germanitatcm
1471 5369 1764 5423 ostendens
1788 5387 1799 5421 ;
1828 5389 1842 5415 ι
1873 5368 1982 5438 Ego

470 5554 518 5586 ”
544 5556 698 5610 Deut.
726 5573 763 5616 t,
803 5557 887 5610 I7.
964 5557 1009 5589 "‘
1053 5557 1209 5611 Mich.
1242 5570 1322 5620 IlI,
1355 5556 1435 5609 II.
1512 5554 1555 5586 ⁷⁸
1590 5554 1787 5609 Hahae.
1817 5569 1854 5619 t,
1896 5552 2007 5607 I—I.

2087 4364 2193 4419 τοῦ
2225 4363 2493 4430 πλησίον
2531 4360 2749 4424 αὐτοῦ,
2782 4358 2879 4411 καὶ
2904 4357 3165 4411 ἕκαστον
3197 4358 3283 4421 είς
3326 4355 3528 4424 χεῖρας
3554 4356 3667 4421 βα-

2088 4456 2305 4523 σιλέως
2338 4454 2543 4508 αὑτοῦ.
2579 4452 2690 4507 Καὶ
2714 4452 3129 4518 κατακόψουσι
3153 4449 3268 4515 τὴν
3292 4448 3439 4517 γῆν,
3465 4450 3563 4501 καὶ
3593 4450 3665 4502 οὐ

2086 4545 2167 4614 μὴ
2203 4543 2492 4613 ἐξέλωμιιι
2530 4542 2599 4595 ἐκ
2639 4540 2837 4611 χειρὸς
2880 4539 3100 4601 αὐτῶν,
3146 4539 3243 4592 καὶ
3284 4538 3554 4607 ποιμανῶ
3593 4538 3666 4591 τὰ

2088 4637 2352 4703 πρόόατα
2378 4633 2491 4700 τῆς
2512 4629 2752 4700 σφαγῆς
2775 4633 2862 4695 είς
2890 4628 3003 4697 τὴν
3037 4627 3379 4684 Χανανῖτιν.

2170 4724 2409 4779 Ἀπειλεῖ
2447 4727 2561 4787 τοῖς
2610 4723 2883 4793 ποιμνίοις
2948 4721 3168 4794 ὄλεθρόν
3207 4739 3264 4774 τε
3292 4719 3425 4792 ὁμοῦ
3466 4719 3661 4789 (I).....

2084 4816 2167 4869 ὃτι
2201 4816 2374 4867 καίτοι
2418 4813 2579 4884 μετὸν
2606 4812 2788 4875 αὐτοῖς
2824 4813 2924 4884 τὴν
2962 4810 3057 4865 τοῦ
3090 4812 3307 4865 πάντων
3342 4808 3665 4881 ἀρχιποιμέ-

2084 4923 2195 4971 νος,
2246 4906 2390 4975 φημὶ
2433 4905 2497 4975 δὴ
2548 4903 2821 4977 Χριστοῦ,
2874 4904 3031 4975 χεῖρά
3074 4921 3132 4956 τε
3182 4903 3516 4973 ὑποδραμεῖν
3572 4901 3666 4953 καὶ

2085 4998 2175 5050 ὑπ’
2197 4996 2345 5066 αὐτῷ
2360 4995 2633 5065 γενέσθαι,
2656 4995 2854 5066 μᾶλλον
2887 4996 3411 5065 προσκεχωρήκασιν
3434 4991 3665 5062 ἀμαθῶς
3750 4980 3757 5003 “’

2082 5092 2195 5153 τοῖς
2245 5088 2654 5158 κατασφάζουσι
2700 5104 2760 5140 τε
2820 5088 2915 5141 καὶ
2969 5085 3384 5140 καταπωλοῦσιν
3445 5082 3664 5145 αὐτούς.

2084 5181 2278 5249 Γέγονε
2326 5180 2425 5250 μὲν
2476 5180 2584 5251 γάρ
2627 5179 2916 5251 ἄνθρωπος
2962 5182 2990 5233 ὁ
3043 5177 3341 5250 μονογενὴς
3392 5174 3484 5229 τοῦ
3529 5173 3666 5227 Θεοῦ

2084 5272 2277 5341 Λόγος,
2318 5271 2410 5325 καὶ
2436 5271 2500 5340 δὴ
2536 5274 2632 5324 καὶ
2658 5271 2894 5339 ἔφασκεν
2924 5271 3196 5343 ἐναργῶς,
3229 5271 3329 5338 τήν
3354 5285 3412 5321 τε
3439 5268 3663 5320 ἐκείνων

2086 5365 2384 5436 σκαιότητα
2416 5365 2795 5428 καταδεικνῦς,
2831 5366 2925 5417 καὶ
2951 5368 3049 5435 τῆς
3082 5364 3169 5433 ἐφ’
3196 5363 3326 5434 ἡμῖν
3350 5358 3664 5429 οἰκονομίας

480 5737 557 5810 (l)
593 5736 762 5791 Etiam
797 5736 895 5791 hoc
929 5736 1045 5792 loco
1076 5751 1285 5805 parum,
1316 5745 1402 5788 ant
1439 5733 1573 5789 nihil
1610 5731 1945 5788 desideratur
1985 5729 2051 5784 ad
2084 5727 2431 5784 sententiam.
2464 5725 2751 5795 Interpres.
