4042 6196
331 309 434 363 189

1141 316 1691 377 COMMENTARIUS
1734 320 1800 377 IN
1845 320 2244 377 ZACIIABIAM
2285 322 2726 383 ΡΒΟΡΗΕΤΔΜ.

3481 327 3580 384 l90

316 430 581 501 ποιμένας
631 428 831 495 αὐτοὺς
880 430 1140 501 ὀνομάζει
1183 436 1373 505 τρεῖς,
1427 434 1548 489 τίνα
1594 433 1653 488 δὲ
1698 435 1901 507 τρόπον

2004 453 2241 509 quonam
2280 440 2438 496 modo
2467 442 2807 505 auferantur,
2834 451 2890 494 ut
2911 440 3063 506 dicit,
3100 458 3283 497 mense
3312 457 3440 508 uno,
3482 457 3583 512 age

314 521 648 593 δξαίρονται,
678 521 821 575 καθά
846 539 1036 594 φησιν,
1066 524 1143 577 ὲν⁴
1155 526 1288 595 μηνὶ
1321 526 1424 591 ἐνὶ,
1458 527 1591 598 φέρι
1631 527 1695 598 δὴ
1725 528 1899 598 λέγω·

318 631 440 686 μιν,
470 613 541 667 τὰ
568 615 631 666 ικ
675 614 784 667 τῶν
814 614 979 686 ἱερῶν
1007 615 1359 687 Γραμμάτων
1390 618 1785 689 παρατιθέντες
1818 622 1900 685 είς

317 706 525 760 πίστιν.
558 700 728 776 Οἶμαι
772 705 838 777 δὴ
865 704 981 771 οὖν,
1016 708 1100 761 ὅτι
1136 711 1284 779 τρεῖς
1314 710 1571 780 ὀνομάζει
1608 713 1895 781 ποιμένας,

314 798 445 862 τούς
471 815 528 851 τε
558 798 698 853 κατὰ
721 799 885 869 νόμον
918 800 1315 871 ἱερατεύοντας,
1349 804 1443 855 καὶ
1472 805 1599 868 τοὺς
1624 806 1898 876 τεταγμέ-

316 907 443 956 νους
492 890 685 961 κριτὰς
726 892 821 945 τοῦ
872 892 1033 947 λαοῦο
1087 894 1183 947 καὶ
1235 896 1461 965 προσέτι
1509 896 1716 961 τούτοις
1771 898 1899 961 τοὺς

316 986 972 1072 γραμματοεισαγωγεῖς,
1022 985 1141 1056 ῆτοι
1170 986 1299 1050 τοὺς
1339 985 1630 1072 νομεικούςέ
1677 987 1902 1042 κατέδο-

318 1091 449 1129 σκον
486 1074 596 1144 γὰρ
634 1070 778 1129 οὗτοι
818 1073 910 1128 τὸν
952 1076 1191 1147 Ἰσραήλ.
1228 1078 1340 1131 Καὶ
1374 1070 1556 1148 οίμὲν
1599 1080 1899 1150 ἱερωσύνης

316 1166 533 1238 Ιχοντις
556 1166 736 1231 δόξαν,
772 1167 836 1219 ἑκ
864 1166 1033 1237 μόνης
1065 1162 1205 1238 ἦσαν
1242 1170 1343 1239 τῆς
1378 1169 1553 1239 φυλῆς
1593 1169 1762 1234 Λευῒ,
1803 1172 1898 1226 καὶ

317 1257 449 1329 περὶ
481 1257 660 1311 αὐτῶν
690 1256 790 1327 ἔφη
824 1258 1111 1329 Μαλαχίας
1133 1276 1147 1291 ·
1180 1279 1200 1312 t
1238 1261 1406 1331 Χείλη
1442 1262 1628 1333 ίερέως
1661 1262 1897 1331 φυλάξε-

313 1367 405 1405 ται
462 1350 664 1420 κρίσιν,
717 1351 814 1403 καὶ
860 1350 1022 1421 νόμον
1070 1350 1464 1423 ἐκζητήσωσιν
1521 1357 1586 1407 ἐκ
1631 1355 1919 1425 στόματος

312 1439 505 1494 αὑτοῦ.
530 1459 550 1492 ι
583 1441 646 1493 Οἱ
677 1440 733 1493 δὲ
765 1441 831 1511 δὴ
858 1441 1111 1512 λαχόντες
1138 1442 1233 1496 τοῦ
1262 1443 1469 1515 κρίνειν
1499 1444 1596 1516 τὴν
1622 1445 1895 1512 ἐξουσίαν,

313 1534 609 1587 ἀπόλεκτοι
656 1533 755 1603 μὲν
793 1534 887 1587 κα)⁸
925 1535 1118 1598 αὐτοὶ,
1170 1535 1309 1606 πλὴν
1355 1537 1419 1590 ὲκ
1468 1538 1649 1605 πάσης
1689 1537 1896 1589 ἀνεδεία

314 1642 510 1680 κνυντο
538 1625 731 1696 φυλῆς.
751 1624 907 1678 Κατὰ
938 1626 1029 1678 τὸν
1060 1626 1172 1679 ἴσον
1207 1626 1282 1691 δὲ,
1312 1623 1488 1698 οἶμαι,
1507 1628 1705 1700 τρόπον
1733 1629 1825 1681 καὶ
1848 1630 1897 1681 οἱ

314 1723 959 1790 γραμματοεισαγωγεῖς,
991 1722 1181 1790 ἦγουν,
1209 1720 1460 1791 καθάπερ
1497 1722 1635 1791 ἔφην
1670 1721 1893 1790 ἀρτίως,

312 1814 363 1867 σί
402 1813 636 1882 νομικοὶ,
662 1816 774 1876 τοῖς
800 1814 879 1877 είς
901 1814 961 1867 τὸ
986 1814 1193 1885 κρίνειν
1222 1814 1575 1883 τεταγμένοις
1592 1814 1595 1817 ⁷
1613 1814 1701 1868 ἀεὶ
1728 1831 1896 1884 προσ-

313 1906 625 1978 εδρεύοντες
646 1946 662 1970 ,
696 1906 791 1959 καὶ
817 1904 887 1959 τὰ
919 1906 1013 1960 τοῦ
1042 1908 1208 1977 νόμου
1248 1906 1556 1977 γράμματα
1590 1905 1896 1977 παρακομί·

312 2001 498 2065 ζοντες
528 1999 609 2061 είς
633 1997 909 2062 ἀπόδειξιν
936 2002 1035 2069 τὴν
1065 2000 1150 2067 ἐφ’
1179 1999 1397 2069 ἑκάστῳ
1436 1999 1743 2071 πράγματι.
1766 1998 1892 2050 Ὅτι

316 2090 414 2160 μιν
441 2086 559 2152 οὖν,
588 2089 663 2153 ὡς
686 2089 842 2159 ἔφην,
872 2090 981 2142 τῶν
1013 2091 1174 2143 θείων
1206 2090 1519 2160 μυστηρίων
1538 2092 1586 2142 οἱ
1622 2092 1895 2160 ἱερουργοὶ

312 2181 379 2233 ὲκ
398 2178 570 2250 μόνης
590 2174 731 2248 ἦσαν
760 2178 859 2247 τῆς
882 2178 976 2231 τοῦ
1006 2178 1136 2232 Λευτ
1166 2178 1360 2248 φυλῆς,
1387 2177 1601 2242 οὐδενὸς
1628 2180 1693 2231 ἂν
1722 2179 1896 2232 δέοιτο

311 2274 452 2343 πρὸς
494 2270 770 2338 ἀπόδειξιν
803 2269 982 2340 λόγου.
1013 2272 1133 2324 Ὀτι
1170 2269 1227 2323 δὲ
1253 2271 1316 2321 ὲκ
1345 2271 1526 2339 πάσης
1557 2270 1730 2340 φυλῆς
1758 2269 1891 2323 ἀπό-

314 2364 496 2418 λεκτοι
530 2365 580 2416 οἱ
624 2362 921 2433 κρίνοντες,
972 2363 1047 2426 ὡς
1100 2362 1452 2433 νομομαθεῖς,
1505 2361 1892 2431 ἐλαμϐάνοντο,

312 2457 723 2528 πληροφορήσει
793 2455 970 2524 λέγων
1020 2457 1048 2507 ὁ
1105 2457 1377 2527 μακάριος
1438 2456 1642 2524 Μωσῆς
1708 2457 1764 2508 ὲν
1817 2454 1897 2525 τῷ

311 2551 718 2622 Δευτερονομίῳ
780 2553 896 2613 τοῖς
960 2551 1097 2613 υἱοῖς
1153 2549 1399 2620 Ἰσραήλ·
1478 2567 1495 2598 ι
1530 2548 1739 2617 Κριτὰς
1803 2548 1899 2600 καὶ

313 2643 947 2715 γραμματοεισαγωγεῖς
996 2642 1366 2712 καταστήσεις
1394 2640 1574 2709 ἑαυτῴ
1605 2642 1661 2693 ὲν
1692 2640 1897 2701 πάσαις

311 2740 433 2801 ταῖς
468 2736 653 2790 πόλεσι
701 2754 818 2801 σου,
849 2732 937 2800 αἷς
984 2735 1187 2805 Κύριος
1231 2738 1259 2787 ό
1293 2734 1425 2798 Θεός
1469 2751 1562 2786 σου
1592 2734 1776 2787 δίδωσί
1814 2750 1895 2785 σοι

312 2830 460 2883 κατὰ
490 2828 681 2897 φυλὰς,
717 2827 813 2882 καὶ
844 2826 1088 2897 κρινοῦσι
1121 2826 1212 2879 τὸν
1257 2824 1384 2878 λαὸν
1434 2825 1616 2895 κρίσιν
1654 2822 1894 2876 δικαίαν.

311 2922 426 2975 οὐκ
452 2920 762 2975 ικκλινοῦσι
793 2920 995 2990 κρίσιν,
1028 2921 1131 2972 οὐκ
1158 2917 1549 2986 ὲπιγνώσονται
1581 2917 1892 2988 πρόσωπον,

310 3015 434 3069 οὐδὲ
463 3015 748 3086 λήψονταιο
778 3013 847 3066 τὰ
878 3011 985 3083 γὰρ
1017 3012 1167 3083 δῶρα
1197 3010 1556 3079 ἐκτυφλοῦσιν
1583 3010 1897 3080 ὀφθαλμοὺς

315 3102 517 3173 σοφῶν,
554 3104 648 3156 καὶ
675 3102 881 3173 ἐξαίρει
906 3101 1101 3169 λόγους
1125 3100 1370 3153 δικαίων.
1412 3120 1430 3151 ι
1463 3100 1627 3171 Τρεῖς
1690 3096 1783 3153 οὖν
1848 3099 1957 3172 ἄρα

242 3234 251 3239 -
313 3199 662 3271 γραμμάτων
688 3196 1071 3267 ἐπιστήμονες,
1106 3194 1387 3248 τουτέστιν
1412 3197 1459 3247 al
1487 3196 1723 3265 νομικοὶ.

384 3295 708 3363 [εὑρήσομεν
736 3291 794 3344 δὲ
820 3290 915 3343 καὶ
946 3287 1108 3341 αὑτὸν
1137 3286 1229 3341 τὸν
1261 3286 1464 3358 Κύριον
1492 3288 1652 3358 ἡμῶν
1690 3287 1898 3359 Ἰησοῦν
1928 3291 1969 3348 C

315 3386 405 3439 τὸν
434 3384 672 3457 Χριστὸν
721 3381 1074 3447 ταλανίζοντα
1109 3381 1457 3453 διῃρημένως
1482 3380 1814 3450 Φαρισαίους
1844 3396 1905 3432 τε

316 3478 414 3533 καὶ
444 3476 801 3549 Γραμματείς
828 3475 922 3527 καὶ
952 3473 1487 3544 νομικούς.”Εφασκε
1522 3473 1661 3542 γάρ’
1718 3490 1735 3522 ι
1769 3470 1910 3524 Οὐαὶ

318 3572 469 3641 ὑμῖν,
498 3568 855 3639 Γραμματεῖς
882 3566 973 3619 καὶ
1006 3567 1308 3636 Φαρισαῖοι.
1343 3585 1361 3617 ι
1396 3565 1581 3617 Ταῦτα
1610 3564 1664 3616 δὲ
1690 3563 1911 3631 λέγοντι

317 3663 682 3733 προσηπήντα
711 3675 797 3720 τις
826 3656 974 3726 αὐτῷ
998 3655 1109 3710 τῶν
1151 3654 1411 3725 νομικῶν,
1440 3656 1613 3724 λέγων
1632 3673 1645 3686 ·
1698 3674 1717 3703 ι
1750 3653 1909 3707 Διδά-

319 3753 511 3817 σκαλε,
543 3749 717 3805 ταῦτα
740 3749 916 3818 λέγων
948 3749 1043 3801 κιιὶ⁸
1066 3748 1214 3818 ἡμᾶς
1253 3745 1516 3816 ὑϐρίζεις.
1579 3746 1637 3797 '0
1676 3744 1733 3796 δὲ
1764 3737 1907 3807 εἶπε,

317 3846 488 3919 φησί·
539 3844 648 3898 Καὶ
703 3843 833 3913 ὑμῖν
887 3842 999 3905 τοῖς
1043 3841 1290 3909 νομικοῖς
1316 3837 1475 3902 οὐαὶ,
1513 3838 1595 3889 ὅτι
1622 3835 1909 3907 φορτίζετε

313 3942 430 4005 τοῖς
477 3936 787 4008 ἀνθρώποις
838 3934 1033 4007 φορτία
1075 3932 1479 3996 δυσϐάστακτα,
1514 3931 1605 3983 καὶ
1641 3931 1793 3984 αὐτοὶ
1828 3930 1910 3983 ἐνὶ

314 4032 427 4087 τῶν
468 4028 750 4085 δακτύλων
802 4027 955 4098 ὑμῶν
1000 4026 1061 4079 οὐ
1108 4024 1450 4097 προσψαύετε
1477 4024 1682 4087 αὐτοῖς.
1723 4045 1739 4075 ι
1776 4018 1909 4075 Οἶδα

320 4123 421 4194 μιν
452 4116 543 4175 οὖν
570 4122 652 4174 ὅτι
682 4120 777 4173 καὶ
803 4120 851 4172 oi
885 4116 1265 4189 βασιλεύοντες
1292 4116 1433 4169 κατὰ
1459 4116 1683 4188 καιροὺς
1709 4119 1765 4168 ὲν
1794 4118 1907 4178 τοῖς

326 4214 724 4287 Ἰεροσολύμοις
755 4215 818 4267 ὲκ
843 4212 939 4281 τῆς
976 4210 1143 4263 Ἰούδα
1170 4210 1344 4280 φυλῆς
1370 4210 1520 4274 τάξιν
1551 4208 1766 4276 ἀπεπλή
1778 4222 1906 4278 ρουν

318 4308 595 4379 ποιμένων
624 4308 737 4369 τοῖς
778 4303 881 4358 ὑπὸ
915 4305 1071 4374 χεῖρα
1100 4303 1266 4365 λαοῖς.
1286 4302 1502 4373 Ἐπειδὴ
1529 4302 1584 4355 δὲ
1615 4300 1904 4371 γεννηθέν·

318 4415 411 4466 τος
448 4399 685 4473 Χριστοῦ
708 4398 769 4452 τὸ
789 4397 901 4450 τῶν
922 4396 1185 4467 βασιλέων
1207 4395 1510 4448 ἐκλελοίπει
1532 4394 1705 4461 γένος,
1738 4393 1905 4462 ῆγουν

321 4493 619 4562 ἒκὸἐὸλητο
662 4491 758 4562 τῆς
804 4490 1097 4560 ἡγεμονίας
1147 4485 1344 4559 (ἦρχον
1378 4488 1487 4557 γὰρ
1513 4486 1609 4555 τῆς
1646 4484 1901 4549 Ἰουδαίας

318 4585 575 4656 τηνικάδε
612 4582 857 4653 Ἡρώδης
878 4599 939 4634 τε
954 4582 1312 4652 Ἀντιπάτρου
1340 4576 1899 4647 παῖςἈσκαλωνίτης,

322 4680 416 4733 καὶ
445 4677 667 4739 Πόντιος
699 4674 986 4742 Πιλᾶτος),
1020 4675 1392 4743 σεσιγήκαμεν
1445 4670 1757 4739 ἀναγκαίως
1782 4670 1906 4733 τοὺς

319 4773 384 4824 ὲκ
430 4768 533 4838 τῆς
573 4766 739 4821 Ἰούδα
770 4766 1092 4837 φυλῆς.”οτι
1127 4766 1236 4835 γὰρ
1275 4764 1681 4818 ὲκλελοίπεισαν
1719 4774 1908 4832 γεννη-

322 4862 507 4924 θέντος
524 4858 783 4931 Χριστοῦ,
809 4858 1292 4930 πληροφορήσειτὸ
1322 4858 1727 4927 γεγραμμένον·
1746 4872 1765 4906 t
1792 4854 1906 4908 Ούκ

321 4952 564 5022 ἄκλείψει
599 4951 782 5023 ἄρχων
812 4950 869 5016 ἐξ
903 4950 1092 5014 Ἰούδα,
1125 4950 1219 5003 καὶ
1246 4949 1547 5019 ἡγούμενος
1576 4950 1643 5001 ὲκ
1667 4948 1774 5001 τῶν
1802 4964 1907 5018 μη·-

322 5046 435 5118 ρῶν
470 5043 658 5107 αὐτοῦ,
688 5046 794 5102 ἓως
834 5042 901 5096 ἂν
948 5042 1078 5115 ἔλθῃ
1120 5043 1189 5095 τὰ
1234 5041 1568 5109 ἀποκείμενα
1599 5038 1767 5109 αὐτῷ,
1808 5038 1904 5092 καὶ

321 5134 483 5198 αὐτὸς
507 5132 804 5205 προσδοκία
835 5130 1024 5184 ὲθνῶν.
1061 5149 1079 5181 ι
1112 5128 1320 5185 Οὐκοῦν
1346 5127 1645 5197 ἐπειδήπερ
1680 5128 1899 5195 ἀφῖκτο,

321 5228 415 5281 καὶ
453 5227 751 5296 γεγέννητο
778 5223 969 5277 λοιπὸν
997 5223 1031 5294 ὴ
1065 5222 1174 5275 τῶν
1202 5220 1370 5274 ἐθνῶν
1400 5219 1717 5291 προσδοκία,
1748 5234 1903 5271 τουτ-

321 5317 437 5372 έστι
488 5316 751 5387 Χριστὸς,
810 5313 1170 5381 ιὲκλέλοιπεν
1244 5311 1556 5378 ἀναγκαίως
1614 5309 1796 5380 ἄρχων
1846 5308 1905 5374 ἐξ

332 5409 528 5475 Ἰούδα,
563 5409 657 5463 καὶ¹
687 5407 992 5479 ἡγούμενος
1021 5406 1085 5458 ὲκ
1118 5404 1226 5458 τῶν
1257 5404 1448 5475 μηρῶν
1477 5402 1660 5456 αὐτοῦ.
1694 5420 1711 5453 ι
1742 5402 1905 5471 Τρεῖς

321 5503 377 5557 δὲ
406 5497 522 5567 οὖν,
550 5502 627 5566 ὡς
658 5501 813 5571 ἔφην,
850 5497 1128 5569 ποιμένες,
1161 5496 1327 5568 ίεριίς
1363 5512 1423 5548 τε
1450 5494 1545 5547 καὶ
1576 5493 1779 5565 κριταὶ,
1809 5491 1904 5545 καὶ

358 5678 405 5711 ⁸⁸
439 5676 668 5731 Malach.
714 5696 772 5742 ιι,
797 5679 849 5731 7.

327 5764 471 5817 xm,
517 5752 599 5802 ΙΝ.

927 5680 971 5710 ’⁸
1014 5680 1165 5733 Deut.
1204 5692 1314 5739 xw,
1356 5674 1438 5739 l8,
1474 5674 1553 5727 l9.
1632 5672 1672 5702 "
1704 5670 1835 5725 an.
1874 5684 1949 5732 ιιι,
1979 5668 2065 5721 «ίῦ.

2003 532 2071 586 ad
2106 532 2265 587 [idem
2291 533 2678 588 conciliandam
2717 534 2901 589 locise
2931 548 3088 588 sacra
3124 532 3400 602 Scriptura
3453 548 3581 602 pro-

2002 623 2125 679 latis
2151 625 2500 681 disseramus.
2536 625 2801 680 Existimo
2836 626 2999 696 igitur
3027 633 3135 679 tres
3182 633 3429 692 pastores
3487 639 3583 679 no-

2002 718 2194 772 minari
2225 734 2240 772 :
2266 728 2321 774 et
2347 718 2648 773 sncrrdolio
2683 720 2960 789 fungentes
2986 716 3278 772 secundum
3311 716 3499 787 legem,
3526 727 3583 772 et

1994 807 2208 876 jmlices
2236 809 2414 878 populi
2441 811 2789 872 constitutos,
2821 820 2874 863 et
2924 819 3121 880 praeter
3159 807 3255 860 hos
3302 820 3582 861 sacrarum

2001 898 2326 954 Litterarum
2362 901 2701 968 interpretes,
2730 912 2819 955 aut
2845 900 3020 971 legum
3052 900 3253 967 peritos
3286 915 3301 961 ;
3329 897 3379 950 hi
3412 897 3584 965 siqui-

2001 992 2123 1047 dem
2156 991 2405 1047 lsraeletn
2452 995 2762 1063 pascebant.
2798 992 2865 1047 Et
2893 993 3115 1063 quidem
3154 990 3244 1059 qui
3296 988 3583 1044 sacerdotii

2000 1084 2234 1140 honores
2263 1060 2542 1153 gerebant,
2573 1101 2635 1139 ex
2666 1085 2780 1139 sola
2813 1060 2955 1138 tribu
3000 1060 3127 1137 Levii
3181 1096 3351 1152 genus
3414 1079 3583 1135 duce-
3632 1132 3640 1141 ,

1999 1174 2151 1237 bant,
2176 1189 2239 1227 ac
2270 1175 2336 1229 de
2366 1175 2433 1229 iis
2472 1175 2673 1228 dictum
2700 1185 2780 1228 est
2822 1190 2851 1227 a
2879 1172 3136 1227 Malachia
3165 1188 3179 1225 :
3204 1189 3222 1223 ι
3264 1170 3433 1225 Labia
3496 1185 3585 1224 sa-

2000 1268 2237 1322 cerdotis
2266 1267 2572 1320 custodierit
2602 1266 2907 1330 scientiam,
2927 1275 2981 1319 et
3013 1267 3183 1333 legem
3215 1264 3493 1331 requirent
3515 1274 3582 1316 ex

1997 1372 2089 1411 ore
2122 1358 2240 1426 ejus
2272 1358 2337 1410 ⁸⁹.
2372 1358 2513 1424 ι,οιιὶ
2544 1369 2723 1413 autem
2755 1357 3030 1426 judicandi
3075 1366 3395 1425 potestatem
3442 1354 3585 1408 obti-

1999 1450 2335 1517 nehanl,ipsi
2364 1465 2580 1518 qucque
2610 1449 3039 1514 delecti,verum
3108 1464 3179 1501 ex
3239 1446 3385 1501 omni
3439 1446 3582 1499 tribu

1998 1542 2335 1597 creabantur.
2361 1545 2437 1595 Ad
2474 1546 2720 1596 eumdem
2746 1541 2957 1595 modum
3025 1554 3302 1594 sacrarum
3355 1537 3585 1590 Littera-

2000 1656 2117 1692 rum
2154 1640 2492 1708 interpretes,
2536 1638 2668 1701 sive,
2700 1647 2757 1691 ιιι
2786 1639 2950 1689 modo
2984 1635 3120 1697 dixi,
3153 1631 3313 1702 763
3356 1629 3583 1698 legiSpe-

2003 1732 2114 1797 riti,
2147 1733 2237 1800 qui
2266 1731 2537 1795 iudicibus
2566 1745 2779 1797 semper
2806 1728 3135 1787 assidentes,
3175 1726 3225 1776 in
3258 1736 3584 1790 uttaquaque

1927 1792 1970 1846 Β
1998 1837 2165 1876 causa
2192 1822 2353 1876 verba
2405 1822 2537 1891 legis
2581 1822 2645 1872 ad
2706 1816 3172 1873 confirmationem
3217 1812 3580 1866 adducebant.

1999 1914 2274 1967 linistms
2312 1913 2477 1981 igitur
2508 1927 2698 1966 sacros
2727 1908 3038 1962 divinorum
3090 1904 3475 1973 mysteriorum
3516 1915 3582 1953 ex

2000 2008 2114 2062 sola
2144 2006 2280 2061 trilm
2313 2006 2437 2059 Levi
2471 2005 2757 2074 prodiisse,
2806 2001 3182 2053 demonstrare
3209 1993 3338 2049 nihil
3371 1992 3583 2045 attinet.

2002 2102 2075 2155 Ex
2107 2100 2356 2153 omnibus
2379 2106 2555 2151 autem
2588 2095 2832 2149 tribubus
2856 2092 3085 2146 selectos
3134 2089 3302 2143 fuisse
3357 2084 3583 2147 iudices,

2000 2202 2059 2245 ut
2090 2191 2251 2245 etiam
2286 2190 2417 2258 legis
2442 2201 2661 2257 gnaros,
2682 2183 2897 2238 docebit
2924 2182 3081 2252 plane
3106 2178 3282 2233 Moses
3311 2178 3364 2232 in
3392 2176 3588 2229 Dente-

2003 2283 2272 2344 ronomio,
2303 2282 2371 2335 ita
2400 2283 2583 2333 dicens
2624 2278 2748 2332 (iliis
2779 2274 2945 2330 Israel
2972 2292 2984 2327 :
3019 2292 3037 2324 ι
3063 2271 3284 2327 Iudices
3310 2279 3362 2323 et
3418 2266 3590 2337 magi-

1996 2384 2139 2426 stros
2170 2372 2468 2427 constitues
2500 2368 2594 2422 tibi
2631 2368 2681 2421 in
2716 2365 2969 2419 omnibus
3005 2362 3235 2417 urbibus
3276 2359 3403 2422 tuis,
3450 2370 3590 2426 quas

2002 2463 2259 2521 Dominus
2296 2463 2432 2515 Deus
2465 2471 2586 2514 tuus
2619 2460 2710 2514 dat
2761 2458 2852 2512 tibi
2896 2472 2991 2525 per
3046 2454 3239 2516 tribus,
3274 2459 3328 2504 et
3377 2450 3590 2519 judica-

2004 2559 2137 2613 bnut
2168 2557 2421 2626 populum
2445 2554 2707 2624 judicium
2731 2553 2955 2622 justum.
2988 2547 3101 2601 Non
3130 2543 3477 2600 declinabunt
3497 2540 3588 2610 juo

2003 2648 2199 2701 dicinm
2229 2644 2455 2713 justum,
2490 2658 2594 2695 non
2652 2646 2980 2709 cognoscent
3036 2647 3347 2705 personam,
3414 2642 3592 2695 neque

2002 2738 2267 2805 accipient
2292 2748 2561 2788 munera:
2602 2748 2725 2785 nam
2794 2742 3014 2783 munera
3083 2730 3358 2780 excmcant
3401 2717 3589 2772 oculos

2003 2830 2304 2898 sapientum
2337 2867 2353 2892 ,
2395 2836 2449 2879 et
2520 2824 2713 2878 tollunt
2774 2824 2938 2876 verba
2990 2813 3349 2887 justorum".
3393 2829 3414 2861 ι
3449 2809 3586 2863 Tres

2002 2921 2170 2992 igitur
2202 2930 2448 2991 pastores
2486 2927 2613 2973 sunt
2636 2915 2966 2975 sacerdotes,
2999 2921 3055 2965 et
3084 2906 3394 2978 judioes,lel
3414 2901 3589 2971 legum

2005 3013 2174 3067 decu.

2021 3102 2301 3173 ποιμένες,
2345 3103 2512 3173 ἱερεῖς
2557 3118 2617 3155 τε
2658 3099 2754 3153 καὶ
2799 3095 2988 3168 κριταὶ
3059 3093 3154 3148 καὶ
3198 3090 3308 3145 τῶν
3349 3085 3590 3159 νομικῶν

2073 3284 2256 3340 Palam
2318 3298 2480 3354 porro
2502 3293 2580 3338 est
2644 3290 2698 3337 et
2760 3278 3047 3334 Domitium
3115 3286 3361 3329 nostrum
3403 3272 3591 3327 Jesnm

2013 3379 2287 3433 Christum
2318 3378 2626 3446 deplorasse
2669 3374 2924 3427 distincte
2955 3368 3259 3423 Pltariswos
3280 3377 3334 3420 et
3371 3365 3590 3420 Scribas

2011 3478 2065 3524 et
2088 3466 2446 3535 legisperitos.
2481 3465 2571 3518 Sic
2602 3476 2829 3530 namque
2853 3462 2925 3514 ait
2955 3476 2969 3513 :
3012 3476 3029 3509 t
3050 3457 3143 3511 Va:
3174 3455 3345 3521 vobis,
3388 3453 3592 3507 Scriba:

2012 3571 2066 3615 et
2112 3559 2369 3613 Pharisaei
2398 3558 2465 3610 ⁹¹.
2504 3575 2523 3608 ι
2568 3556 2691 3609 llaec
2721 3554 2986 3607 dicentem
3022 3549 3241 3618 quidam
3290 3548 3374 3601 his
3411 3546 3593 3599 verbis

2012 3651 2374 3720 interpellavit
2407 3668 2420 3705 :
2451 3668 2470 3700 ι
2511 3648 2791 3716 Magister,
2829 3646 2941 3697 lnec
2975 3642 3166 3695 dicens
3219 3639 3383 3693 etiam
3435 3637 3591 3690 nobis

2014 3741 2261 3809 injuriant
2295 3739 2443 3793 facis.
2480 3740 2546 3792 At
2593 3737 2680 3791 ille
2725 3736 2835 3796 ait,
2862 3732 3038 3801 inquit
3080 3749 3094 3784 :
3129 3726 3195 3784 Et
3234 3728 3385 3783 vobis
3432 3725 3591 3795 legis-

2013 3834 2199 3902 peritis
2223 3847 2319 3897 ναι,
2348 3832 2473 3901 quia
2501 3829 2739 3884 oneratis
2774 3827 3016 3880 homines
3036 3824 3294 3877 oneribus
3325 3836 3443 3890 qua:
3471 3834 3593 3887 por-

2013 3933 2129 3980 tare
2159 3939 2262 3978 non
2309 3930 2553 3990 possunt,
2580 3930 2635 3973 et
2662 3918 2760 3986 ipsi
2788 3932 2893 3970 uno
2918 3914 3086 3984 digito
3113 3925 3295 3965 vestro
3326 3924 3433 3962 non
3468 3920 3588 3962 tan-

2009 4018 2137 4087 gitis
2163 4030 2226 4072 ea
2262 4018 2362 4071 ³⁸.»
2399 4013 2517 4069 Non
2576 4029 2659 4065 tne
2707 4010 2845 4077 fugit
2881 4008 3038 4061 etiam
3099 4003 3390 4074 aliquando
3441 4015 3594 4070 reges

2010 4106 2402 4177 Hierosolymis
2427 4104 2492 4157 de
2523 4105 2661 4156 tribu
2705 4099 2840 4154 Juda
2867 4096 3110 4162 subjecto
3154 4092 3348 4164 popqu
3405 4099 3592 4159 pasto-

2010 4217 2129 4256 rum
2160 4213 2353 4252 munus
2387 4194 2698 4265 praestitisse
2722 4192 2787 4243 ”.
2821 4191 2888 4243 At
2921 4199 3205 4257 postquam
3263 4184 3477 4239 Christo
3502 4198 3595 4237 na-

2010 4303 2262 4361 to,genus
2291 4302 2476 4355 regum
2510 4282 2729 4346 defecit,
2759 4297 2852 4336 seu
2878 4280 3185 4348 principatu
3242 4276 3472 4345 ejectum
3509 4282 3592 4329 est

2008 4386 2027 4456 (
2056 4382 2354 4453 regnabant
2383 4379 2524 4432 enim
2551 4388 2677 4429 tunc
2713 4374 2763 4427 in
2785 4372 2969 4426 Judaaa
3004 4371 3266 4426 -llerodes
3322 4367 3591 4434 Antipatri

2008 4480 2146 4533 ﬁlius
2170 4472 2501 4533 Ascalonita,
2523 4477 2574 4521 et
2601 4465 2825 4520 Pontius
2867 4463 3117 4533 Pilatus),
3148 4463 3213 4514 de
3267 4461 3405 4514 tribu
3451 4458 3592 4512 Juda

2006 4582 2162 4636 reges
2200 4563 2375 4618 nullos
2403 4560 2763 4615 nominamus.
2795 4554 3067 4610 Deieeisse
3098 4552 3242 4604 enim
3270 4551 3388 4603 illos
3426 4548 3589 4602 Chri-

1938 4638 1982 4693 D
2013 4673 2098 4715 sto
2125 4660 2178 4712 in
2203 4658 2376 4712 lucetn
2436 4655 2600 4717 edito,
2629 4659 2837 4705 certum
2898 4657 2984 4701 est
3013 4660 3044 4700 e
3084 4644 3385 4711 Scriptura.
3423 4659 3441 4691 ι
3473 4640 3589 4694 Νοιι

2014 4750 2223 4808 deﬁciet
2256 4750 2507 4819 princeps
2528 4761 2590 4799 ex
2615 4744 2779 4809 Judn,
2807 4752 2863 4797 et
2893 4739 3001 4794 dux
3040 4738 3105 4792 de
3133 4736 3428 4790 femoribus
3451 4733 3589 4801 ejus,

2013 4847 2183 4901 donec
2217 4843 2435 4897 veniant
2469 4841 2704 4907 reposita
2730 4838 2806 4899 ei,
2832 4845 2887 4890 et
2919 4834 3037 4903 ipse
3067 4830 3405 4897 exspectatio
3460 4842 3593 4897 gen-

2014 4938 2146 4992 tium
2185 4934 2285 4989 “.3
2325 4933 2586 5001 Quocirca
2619 4941 2905 5002 postquam
2963 4926 3203 4986 advenit,
3235 4933 3288 4977 et
3320 4932 3444 4977 nata
3509 4929 3593 4975 est

2009 5030 2076 5085 de
2107 5037 2303 5083 cancro
2324 5028 2657 5094 exspectatio
2690 5021 2952 5091 gentium,
2989 5017 3039 5072 id
3070 5026 3153 5070 est
3182 5015 3453 5075 Christus,
3492 5008 3618 5064 ne-l

2009 5119 2247 5174 cessario
2275 5134 2297 5169 ι
2339 5117 2592 5186 princeps
2625 5127 2690 5166 ex
2726 5110 2885 5175 Juda,
2913 5120 2967 5164 et
3002 5108 3111 5162 dux
3171 5121 3235 5159 ex
3296 5102 3589 5157 femoribus

2012 5210 2129 5281 ejus
2167 5210 2385 5265 defecit.
2413 5226 2430 5258 ι
2467 5205 2601 5261 Tres
2632 5206 2814 5275 itaque
2842 5197 3325 5272 pastores,utdixi,
3350 5202 3475 5248 sunt
3501 5205 3590 5245 sa-

2013 5303 2277 5367 cerdotes,
2291 5300 2524 5368 iudices,
2556 5296 2685 5368 legis
2712 5296 2979 5355 doctores,
3006 5292 3095 5358 qui
3131 5298 3185 5341 et
3229 5283 3588 5353 principatum

2014 5409 2192 5458 suum,
2226 5394 2340 5447 sive
2386 5392 2628 5447 ordinem
2680 5396 2736 5441 et
2789 5386 2963 5438 locum
2999 5395 3171 5445 usque
3231 5376 3296 5427 ad
3341 5384 3584 5437 tempora

2013 5485 2273 5540 adventus
2304 5484 2504 5538 Christi
2534 5486 2844 5536 tenuerunt.
2888 5475 2947 5529 lli
3002 5483 3215 5525 smmno
3253 5466 3375 5537 jure
3432 5466 3587 5521 anl‘e-

2144 5668 2186 5696 θ’
2216 5661 2345 5719 ibi-l.
2390 5660 2471 5724 13,
2506 5658 2592 5713 46.
2670 5656 2714 5687 ’³
2741 5656 2804 5708 ιν
2837 5650 2965 5721 llvg.
2998 5664 3149 5713 mit,
3184 5649 3271 5705 5‘i.
3352 5649 3396 5678 “
3447 5647 3587 5707 lit-tt.
