4042 6196
521 252 626 311 195
1553 251 1610 305 S.
1650 250 1925 306 CYRILLI
1962 248 2432 305 ALEXANDltINl
2476 249 2792 306 ARCI'IIEP.
3683 250 3781 305 196

516 371 770 437 reddidit,
795 378 848 425 et
873 371 1001 441 quid
1036 385 1139 425 non
1169 371 1431 426 bonorum
1464 371 1678 427 tandem
1715 371 1868 426 nobis
1923 374 2076 427 dona-

2198 371 2427 424 θανάτου
2450 370 2688 441 δεσμῶν,
2709 369 3015 441 ἀπήλλαξεν
3038 369 3335 440 ἁμαρτίας,
3364 368 3513 432 υίοὶις
3536 368 3779 440 ἀπέφηνε

512 461 629 515 vit?
656 462 1015 531 Cognovimus
1055 471 1312 531 praeterea
1344 478 1441 518 nos
1496 473 1702 532 emptos
1752 479 1892 529 esse,
1930 482 1949 515 ι
1988 480 2093 518 non

515 555 963 623 corruptibilihns
1048 570 1180 607 auro
1225 556 1304 607 vel
1358 564 1628 622 argento,
1710 561 1805 608 sed
1859 556 2095 623 pretioso

515 646 778 714 sanguine
818 646 971 713 quasi
1035 646 1156 715 agni
1208 646 1616 699 incontaminati
1666 657 1719 701 et
1762 647 2091 701 imtnaculati

514 738 713 793 Christi
739 738 781 801 ⁸,
808 757 826 790 ι
855 748 1014 806 atque
1052 739 1121 793 ita
1160 738 1349 792 deinde
1378 740 1535 793 vitam
1568 750 1801 793 nostratn
1823 741 1870 794 ei
1898 740 2095 795 debere

513 831 803 894 etepimus.
840 847 857 880 ι
903 831 957 883 Si
1016 831 1157 883 enim
1207 845 1344 884 unus
1388 846 1486 899 pro
1543 833 1792 887 omnibus
1851 844 2094 888 mortuus

513 932 615 985 εει,
651 935 778 988 ergo
807 936 994 975 omnes
1020 921 1096 975 illi
1130 922 1325 975 mortui
1362 932 1507 988 sunt,
1530 942 1547 973 ι
1583 933 1636 977 et
1660 924 1772 986 jam
1809 940 1913 978 non
1939 926 2092 979 nobis

511 1013 645 1079 ipsis
681 1016 863 1068 vivere
906 1014 1183 1075 debemus,
1210 1014 1253 1068 si
1277 1026 1419 1069 recte
1471 1016 1857 1071 ratiocinamur
1886 1058 1899 1080 ,
1942 1036 1961 1068 ι
1995 1019 2089 1071 sed

510 1106 556 1159 ei
589 1106 680 1175 qui
720 1122 816 1174 pro
857 1107 1012 1161 nobis
1064 1120 1307 1160 mortuus
1369 1119 1469 1171 εμι,
1531 1118 1584 1162 et
1640 1110 2013 1162 resurrexit”.
2066 1129 2084 1159 ι

511 1196 689 1263 Quare
716 1198 926 1264 inquit:
963 1217 981 1248 ι
1010 1198 1067 1252 Si
1108 1200 1304 1252 bonum
1337 1212 1418 1253 est
1441 1199 1492 1252 in
1526 1209 1817 1269 conspectu
1853 1211 2083 1263 vestro,»

511 1288 697 1357 utique
735 1289 1051 1343 (econmuire
1084 1292 1265 1344 carnis
1321 1292 1659 1360 mysterium,
1689 1292 1730 1344 si
1773 1307 1867 1360 per
1915 1292 2085 1361 ipsum

505 1381 695 1453 salvati
746 1382 897 1444 estis,
944 1390 998 1432 et
1038 1382 1174 1433 bene
1223 1380 1376 1435 vobis
1400 1390 1503 1443 est,
1553 1391 1607 1435 et
1636 1382 1966 1450 cognovistis
2004 1396 2088 1436 me

506 1469 845 1524 Salvatorem
873 1487 934 1525 ac
963 1470 1399 1541 Redemptorem,
1434 1482 1482 1526 et
1517 1487 1613 1540 pro
1682 1474 1920 1527 omnium
1978 1474 2083 1527 vita

505 1572 800 1625 mortuum,
849 1578 867 1611 ι
907 1561 1037 1614 Date
1072 1570 1428 1626 statuentes,»
1467 1563 1568 1617 hoc
1623 1572 1725 1629 est,
1769 1563 2085 1617 deﬁnientes

506 1651 852 1703 «mercedem
908 1665 1103 1715 meam,
1162 1660 1252 1703 aut
1315 1652 1598 1719 quiescite.
1634 1671 1653 1703 ι
1703 1651 2082 1705 Verumtamen

2199 462 2367 517 Θεοῦ·
2428 462 2522 516 καὶ
2573 461 2626 514 τί
2677 460 2785 532 γὰρ
2828 461 2950 531 οὐχὶ
2999 459 3299 531 δεδώρηται
3358 460 3467 513 τῶν
3517 461 3776 528 ἀγαθῶνς

2210 552 2560 623 Ἐγνώκαμεν
2582 553 2639 606 δὲ
2670 553 2805 622 πρὸς
2834 551 3065 616 τούτοις,
3099 553 3181 605 ὅτι
3230 552 3326 605 καὶ
3366 551 3533 621 τιμῆς
3576 554 3784 623 ἠγορὰ-

2199 646 2393 716 σμεθα,
2429 665 2447 696 ι
2477 646 2538 698 ού
2570 644 2851 715 φθαρτοῖς,
2882 644 3154 714 ἀργυρίῳ,
3200 643 3234 715 ἢ
3273 643 3479 714 χρυσίῳ
3500 661 3514 674 ·
3536 644 3673 697 ἀλλά
3696 662 3778 697 τι-

2199 743 2307 812 μίῳ
2342 742 2534 811 αἵματι
2565 740 2640 803 ὡς
2669 739 2865 810 ἀμνοῦ,
2903 738 2995 792 καὶ
3029 737 3258 790 ἀσπίλου
3285 737 3544 809 Χριστοῦο
3574 758 3593 791 ι
3635 738 3779 793 οὕτω

2190 851 2252 886 τε
2282 833 2465 885 λοιπὸν
2492 832 2641 901 αὐτῷ
2670 831 2768 902 τὴν
2795 831 3001 884 οἰκείαν
3033 830 3438 899 ὲπωφλήσαμεν
3465 830 3631 900 ζωήν.
3664 848 3681 881 ι
3717 829 3778 883 Ei

2192 926 2302 996 γὰρ
2345 921 2424 988 εἷς
2458 925 2596 995 ὑπὲρ
2630 925 2847 978 πάντων
2879 921 3170 985 ἀπέθανεν,
3203 923 3312 993 ἄρα.
3355 924 3402 975 οἱ
3451 923 3653 985 πάντες
3680 922 3781 976 ἀπ-

2192 1016 2380 1069 έθανον
2412 1014 2582 1085 αὐτῷ,
2617 1033 2634 1065 ι
2669 1014 2765 1068 καὶ
2800 1014 2897 1084 ζῇν
2925 1013 3213 1083 ὀφείλομεν
3256 1014 3468 1076 ἑαυτοῖς
3496 1015 3593 1085 μὲν
3648 1016 3779 1068 οὑκ-

2191 1109 2293 1170 έτι,
2325 1108 2467 1160 κατά
2514 1124 2579 1175 γε
2622 1106 2713 1160 τὸν
2758 1106 2942 1163 είκότα
2993 1105 3090 1158 καὶ
3136 1103 3312 1174 ὀρθῶς
3355 1104 3546 1175 ἔχοντα
3596 1104 3774 1173 λόγον,

2194 1217 2214 1250 ι
2248 1198 2446 1268 μᾶλλον
2497 1199 2554 1251 δὲ
2595 1198 2672 1269 τῷ
2721 1198 2859 1269 ὑπὲρ
2910 1197 3069 1268 ἡμῶν
3098 1198 3445 1258 ἀποθανόντι,
3480 1198 3575 1251 καὶ
3622 1200 3779 1268 ἐγερ-

2189 1289 2353 1343 θέντι.
2391 1290 2696 1362 »Ταύτῃτοί
2727 1307 2893 1363 φησιν
2915 1306 2926 1319 ·
2948 1309 2967 1342 ι
3000 1290 3063 1343 Ei
3094 1288 3254 1343 καλὸν
3284 1277 3519 1342 ἐνώπιον
3552 1291 3766 1361 ὑμῶν,ι

2184 1379 2347 1449 δῆλον
2376 1381 2432 1434 δὲ
2459 1381 2520 1434 τὸ
2550 1382 2652 1451 τῆς
2690 1383 2826 1452 μετά
2871 1382 3073 1453 σαρκὸς
3098 1383 3410 1451 οἰκονομίας
3446 1386 3770 1455 μυστήριον,

2184 1473 2236 1524 εί
2269 1472 2508 1525 σέσωσθε
2553 1473 2620 1526 δι’
2653 1472 2840 1539 αὑτοῦ,
2869 1474 2963 1527 καὶ
3000 1475 3321 1544 πεπράχατε
3356 1474 3568 1540 δεξιῶς,
3602 1475 3772 1543 ἐγνώο

2187 1579 2321 1615 κατε
2350 1563 2407 1616 δέ
2436 1581 2502 1634 με
2535 1564 2761 1634 Σωτῆρα
2789 1564 2881 1617 καὶ
2912 1564 3226 1635 Λυτρωτὴν,
3258 1565 3353 1619 καὶ
3383 1564 3474 1617 τὸν
3505 1565 3643 1637 ὑπὲρ
3672 1566 3767 1636 τῆ,

2187 1656 2405 1710 πάντων
2429 1657 2575 1726 ζωῆς
2607 1656 2911 1713 ἀνατλάντα
2935 1656 3182 1721 θάνατον,
3215 1676 3233 1708 ι
3259 1651 3387 1711 Δότε
3413 1659 3729 1727 στήσαντες,
3745 1679 3761 1709 ι

503 1742 641 1808 grati
676 1740 892 1794 luerunt
921 1740 1011 1808 qui
1040 1757 1102 1793 ex
1128 1740 1379 1810 gentibus
1407 1742 1652 1793 conversi
1689 1750 1830 1794 sunt.
1866 1741 2076 1795 Statue-

2183 1745 2480 1813 τουτέστιν,
2499 1747 2801 1817 ὁρίσαντες,
2834 1766 2849 1798 ι
2874 1748 2962 1801 τὸν
2989 1747 3178 1817 μισθόν
3203 1765 3325 1819 μου,
3346 1748 3378 1819 ἦ
3400 1747 3723 1801 ἀπείπασθε.
3746 1770 3762 1799 ο

501 1841 620 1883 runt
653 1833 793 1885 enim
831 1832 1153 1894 mercedem,
1200 1832 1344 1884 nullo
1374 1833 1588 1900 quidem
1615 1833 1769 1885 modo
1797 1832 2079 1901 aqualem,

497 1924 592 1976 sed
626 1922 1020 1991 quadamtenus
1051 1937 1259 1992 aequam
1291 1923 1570 1977 beneﬁciis
1625 1925 1690 1976 ab
1729 1939 1794 1977 eo
1827 1924 2078 1993 acceptis.

499 2013 964 2079 Quemadmodum
1008 2015 1151 2069 enim
1181 2016 1293 2083 ipse
1315 2031 1412 2083 pro
1462 2017 1614 2072 nobis
1657 2027 1902 2073 mortuus
1949 2028 2078 2084 est,

497 2104 571 2157 ita
596 2116 647 2157 et
680 2122 776 2159 nos
809 2107 1019 2160 animas
1054 2108 1331 2177 posuimus
1374 2124 1472 2177 pro
1496 2109 1812 2164 sinceritate
1867 2119 1923 2164 et
1952 2111 2080 2165 cha-

498 2198 661 2250 ritate
713 2212 838 2267 erga
873 2198 1083 2267 ipsum;
1116 2208 1451 2269 possuntque
1489 2203 1669 2256 dicere
1699 2205 1870 2256 sancti
1933 2219 2078 2257 mar—

502 2298 651 2357 tyres
695 2302 708 2339 :
750 2306 768 2339 ι
810 2290 939 2356 Quis
991 2306 1087 2343 nos
1134 2292 1407 2360 separabit
1456 2309 1483 2345 a
1521 2292 1785 2347 cbaritate
1829 2294 2079 2349 Christi?

497 2377 798 2434 Tribulatio
824 2421 840 2447 ,
876 2397 941 2435 an
964 2383 1208 2450 angustia
1238 2421 1253 2446 ,
1289 2397 1353 2436 an
1384 2381 1571 2449 fames,
1611 2400 1678 2439 an
1728 2388 2033 2453 persecutio
2059 2429 2073 2451 ,

496 2486 564 2524 an
599 2470 810 2525 nuditas
841 2511 856 2537 ,
891 2486 956 2525 an
991 2473 1288 2540 periculum
1315 2514 1329 2537 ,
1366 2490 1431 2527 an
1479 2477 1689 2543 gladius
1720 2477 1763 2507 ¹⁰
1797 2477 1819 2529 ?
1855 2495 1873 2527 ι
1937 2478 2077 2531 Nihil

494 2565 638 2617 enim
674 2564 725 2617 in
797 2566 1000 2617 sanctis
1046 2564 1213 2618 animi
1282 2565 1648 2619 fortitudinem
1700 2567 1846 2620 vicit.
1894 2568 2077 2637 Itaque

493 2654 695 2711 Christi
734 2657 1011 2711 nobiscum
1039 2657 1334 2713 similitudo
1366 2659 1770 2727 quodammodo
1826 2660 2076 2714 subindi-

491 2758 670 2810 catur,
703 2748 830 2801 dum
865 2749 1082 2813 dicitur,
1112 2749 1269 2803 datos
1328 2763 1448 2803 esse
1500 2751 1550 2802 in
1607 2751 1909 2805 mercedem
1959 2752 2075 2821 ejus

495 2840 714 2909 triginta
755 2851 1061 2909 argenteos.
1098 2840 1351 2896 Proditor
1377 2842 1544 2906 enim,
1567 2850 1622 2895 et
1654 2858 1778 2896 vere
1832 2844 2072 2896 omnium

493 2932 728 2986 maxime
752 2935 1119 2989 easecrandus
1169 2950 1233 2988 ac
1268 2934 1377 2989 Deo
1408 2949 1607 2989 exosus
1648 2934 1813 2989 Judas
1840 2974 1855 2998 ,
1911 2936 2072 3007 767

490 3024 715 3092 triginta
750 3024 987 3079 denariis
1019 3018 1287 3093 acceptis;
1328 3026 1603 3079 Christum
1634 3026 1919 3080 homicidis
1962 3039 2074 3079 tra-

489 3114 647 3178 didit,
691 3122 747 3168 et
779 3125 1055 3167 auctorem
1098 3115 1289 3168 salutis
1334 3124 1531 3167 nostra:
1560 3116 1804 3169 scelestis
1843 3117 2075 3169 homini-
2102 3131 2142 3187 ε

490 3205 592 3260 bus
625 3205 974 3259 venumdedit
1004 3206 1069 3257 “.
1093 3205 1251 3258 Allati
1281 3215 1406 3259 sunt
1448 3216 1627 3260 autem
1652 3222 1681 3259 a
1714 3208 1965 3276 gentibus
2019 3209 2071 3263 in

491 3296 792 3351 mercedem
814 3294 928 3363 ejus
945 3298 1163 3365 triginta
1186 3297 1422 3365 argentei
1437 3299 1541 3366 .qui
1566 3299 2071 3369 etiam,l)cojuben-

504 3396 577 3451 te,
613 3389 664 3442 in
702 3387 1073 3443 conliatoritttn
1106 3388 1468 3456 deponuntur,
1502 3389 1662 3443 etiam
1721 3400 1880 3454 atque
1911 3393 2071 3446 etiam

490 3481 778 3551 probandi,
815 3481 957 3534 sicut
997 3489 1048 3533 et
1077 3480 1190 3549 ipse
1227 3480 1479 3534 Christus
1509 3496 1607 3550 pro
1642 3483 1793 3535 nobis
1819 3483 2075 3551 probatus

487 3580 591 3628 est.
615 3571 730 3627 Non
753 3572 895 3627 enim
925 3573 1041 3627 sine
1066 3572 1417 3639 inquisitione
1450 3573 1589 3641 apud
1638 3573 1800 3626 Demn
1831 3575 2071 3628 omnium

487 3666 749 3719 scientem
783 3664 951 3717 abibit
984 3663 1115 3717 lides
1164 3674 1388 3717 nostra:
1424 3678 1600 3730 neque
1650 3665 1785 3717 citra
1846 3680 2071 3718 examen

490 3756 747 3818 vitm,sed
783 3755 923 3808 sicut
948 3763 1034 3807 est
1065 3756 1205 3823 apud
1252 3756 1464 3807 beatum
1500 3754 1719 3808 Paulum
1756 3774 1769 3808 :
1823 3775 1840 3807 ι
1871 3755 2073 3812 Unius-

495 3844 760 3913 cnjusque
788 3859 922 3912 Opus
946 3845 1105 3913 quale
1125 3846 1215 3913 sit,
1238 3845 1377 3914 ignis
1393 3846 1639 3913 probabit
1668 3847 1730 3898 ¹².
1753 3863 1772 3897 ι
1800 3845 2068 3916 Scriptum

490 3946 573 3991 est
604 3947 781 3991 autem
819 3938 883 3991 de
915 3938 1172 3992 Christo:
1209 3957 1226 3989 ι
1258 3938 1525 4003 Quoniam
1567 3940 1747 3992 statim
1794 3941 1973 3994 veniet
2016 3946 2068 3994 In

493 4028 748 4097 templum
788 4043 946 4082 suum
982 4044 1141 4097 quem
1172 4043 1268 4082 vos
1301 4029 1566 4097 quaeritis,
1603 4039 1654 4081 et
1683 4029 1919 4097 Angelus
1977 4042 2071 4085 te-

489 4117 741 4171 stamenti
772 4132 930 4186 quem
957 4133 1052 4173 vos
1076 4118 1253 4171 vultis.
1292 4117 1432 4173 Ecce
1468 4120 1631 4183 venit,
1663 4120 1791 4173 dicit
1810 4120 2069 4176 Dominus

487 4208 854 4276 omnipotens,
892 4218 946 4262 et
974 4211 1095 4278 quis
1126 4211 1416 4263 sustinebit
1444 4208 1586 4263 diem
1621 4213 1872 4266 introitus
1907 4212 2070 4279 ejus?

490 4297 593 4350 Aut
616 4299 737 4367 quis
769 4299 1057 4352 sustinebit
1083 4299 1135 4354 in
1174 4300 1380 4353 visione
1408 4300 1569 4367 eius?
1623 4300 1760 4368 Quia
1817 4303 1930 4372 ipse
1980 4304 2066 4356 in-

488 4391 731 4461 greditur
759 4393 913 4460 quasi
943 4392 1081 4461 ignis
1104 4393 1426 4457 conﬂatorii,
1460 4404 1517 4448 ut
1556 4394 1716 4449 herba
1745 4395 2063 4461 lavantium,

2185 1837 2333 1908 Πλὴν
2364 1837 2708 1908 εὐγνώμονες
2740 1840 2789 1893 οἱ
2820 1840 2879 1903 ἐξ
2910 1839 3388 1912 ὲθνῶν.Ἔστησαν
3412 1840 3521 1911 γὰρ
3549 1840 3640 1893 τὸν
3677 1859 3769 1913 μι-

2186 1925 2311 1979 σθὸν
2341 1926 2740 1999 παρισούμενον
2771 1927 2869 1997 μὲν
2901 1928 3183 1999 οὐδαμῶς·
3215 1930 3430 1983 ἐοικότα
3455 1931 3510 1983 δέ
3536 1948 3653 1993 πως
3684 1926 3765 1995 οἷς

2182 2017 2497 2087 ἐσχήκαμεν
2535 2018 2665 2089 παρ’
2697 2017 3099 2088 αὑτοῦ.”Ωσπερ
3151 2017 3259 2091 γὰρ
3306 2019 3579 2074 ἀπέθανεν
3624 2021 3764 2092 ὑπὲρ

2182 2109 2215 2178 ἠ
2225 2107 2360 2177 μῶν,
2379 2106 2521 2163 οὕτω
2542 2109 2635 2162 καὶ
2661 2110 2824 2179 ἡμεῖς
2847 2108 3171 2179 τεθείκαμεν
3192 2109 3291 2173 τάς
3307 2109 3484 2181 ψυχὰς
3506 2111 3642 2182 ὑπὲρ
3666 2112 3765 2180 τῆς

2181 2200 2263 2262 είς
2306 2199 2469 2253 αὑτὸν
2520 2200 2873 2269 γνησιότητος
2916 2200 3011 2252 καὶ
3062 2200 3322 2273 ἀγάπης*
3366 2202 3565 2270 πρέποι
3614 2202 3659 2255 δ’
3697 2204 3763 2256 ἂν

2179 2289 2359 2357 λέγειν
2390 2292 2503 2354 τοῖς
2535 2290 2709 2358 ἁγίοις
2740 2291 3012 2359 μάρτυσι·
3052 2310 3070 2342 ι
3105 2292 3201 2364 Τίς
3228 2293 3376 2364 ἡμᾶς
3406 2293 3628 2363 χωρίσει
3655 2294 3763 2348 ἀπὸ

2179 2381 2277 2450 τῆς
2311 2380 2533 2451 ἀγάπης
2568 2380 2661 2432 τοῦ
2702 2379 2978 2449 Χριστοῦ;
3027 2362 3300 2452 Θλίῷιςξῆ
3339 2362 3689 2454 στενοχωρία,
3727 2385 3758 2453 ἢ

2179 2470 2354 2542 λιμὸς,
2390 2471 2423 2541 ἢ
2458 2470 2774 2542 διωγμὸς,ἢ
2809 2471 3163 2541 γυμνότης,ἢ
3201 2472 3463 2537 κίνδυνος,
3496 2472 3528 2543 ἢ
3561 2475 3762 2544 μάχαι-

2180 2579 2281 2633 ρα;
2313 2583 2332 2616 υ
2384 2560 2651 2631 Νενίκηκε
2679 2561 2785 2633 γὰρ
2820 2562 2973 2616 οὐδὲν
3000 2563 3108 2615 τῶν
3148 2564 3317 2633 ἁγίων
3350 2564 3447 2635 τὴν
3474 2565 3758 2635 εὐψυχίαν.

2177 2652 2389 2706 Οὐκοῦν
2415 2654 2447 2723 ἡ
2473 2652 2579 2705 τῶν
2611 2653 2762 2724 παρὰ
2793 2653 3031 2724 Χριστοῦ
3066 2656 3146 2718 είς
3169 2657 3315 2726 ἡμᾶς
3343 2657 3597 2727 ὁμοιότης
3626 2659 3761 2711 ὑπο-

2177 2744 2425 2813 φαίνεται
2469 2762 2586 2808 πως
2643 2745 2730 2799 διὰ
2768 2745 2864 2798 τοῦ
2914 2746 3158 2800 δεδόσθαι
3209 2746 3389 2816 λέγειν
3442 2750 3521 2813 είς
3571 2748 3763 2819 μισθὸν

2177 2836 2342 2890 αὐτοῦ
2394 2836 2689 2906 τριάκοντα
2739 2837 3136 2908 ἀργυρίους.”0
3174 2838 3273 2908 μὲν
3317 2839 3424 2910 γάρ
3470 2839 3758 2912 προδότης.

2176 2925 2270 2979 καὶ
2316 2925 2719 2995 ωελυρώτατος
2764 2926 3025 2996 ἀληθῶς,
3078 2930 3172 2981 καὶ
3214 2929 3473 3001 θεομισὴς
3515 2930 3715 2996 Ἰούδας
3742 2974 3758 2998 ,

2174 3014 2466 3084 τριάκοντα
2517 3013 2749 3085 δηνάρια
2794 3014 2972 3068 λαϐὼν
2998 3056 3013 3081 ,
3071 3017 3351 3089 προύδωκε
3395 3023 3507 3083 τοῖς
3559 3022 3761 3090 φονῶσι

2176 3104 2433 3175 Χριστὸν,
2473 3104 2567 3160 καὶ
2595 3105 2687 3158 τὸν
2716 3106 2814 3175 τῆς
2844 3108 3120 3178 σωτηρίας
3144 3110 3304 3180 ἡμῶν
3334 3111 3762 3184 καταπέπρακεν

2176 3197 2418 3267 ἀρχηγὸν
2463 3199 2575 3260 τοῖς
2620 3196 2938 3267 ἀλιτηρίοις.
2976 3201 3495 3275 ΙΙροσεκομίσθησαν
3522 3205 3580 3258 δὲ
3609 3206 3761 3277 παρὰ

2175 3287 2282 3340 τῶν
2312 3287 2481 3341 ἐθνῶν
2512 3290 2591 3352 είς
2623 3289 2815 3359 μισθὸν
2844 3290 3011 3345 αὐτοῦ
3059 3293 3353 3362 τριάκοντα
3392 3296 3674 3367 ἀργύριοι,
3709 3298 3760 3350 οῖ

2176 3382 2270 3435 καὶ
2314 3383 2594 3437 καθίενται
2624 3384 2759 3437 Θεοῦ
2801 3385 3229 3454 προστάττοντος
3260 3389 3339 3451 είς
3388 3386 3450 3442 τὸ
3482 3390 3759 3462 χωνευτή-

2178 3490 2310 3544 ριον,
2340 3470 2397 3528 εὖ
2451 3475 2594 3545 μάλα
2638 3476 3082 3546 δοκιμαζόμενοι,
3134 3478 3320 3545 καθὼς
3375 3482 3470 3534 καὶ
3524 3482 3687 3544 αὐτὸς
3730 3481 3759 3532 6

2175 3566 2409 3637 Χριστὸς
2455 3567 2787 3638 ἐδοκιμάσθη
2840 3568 2980 3639 ὑπὲρ
3031 3570 3411 3639 ἡμῶν.”Εσται
3446 3573 3555 3641 γὰρ
3601 3571 3759 3643 ἡμῶν

2174 3658 2274 3709 οὑκ
2302 3658 2568 3727 ἀζήτητος
2598 3660 2629 3728 ἡ
2657 3659 2838 3722 πίστις
2869 3661 3020 3731 παρά
3041 3677 3104 3728 γε
3135 3659 3212 3731 τῷ
3236 3661 3412 3715 πάντα
3436 3661 3593 3715 εἰδότι
3616 3662 3754 3731 (θεῷ’

2172 3748 2297 3802 οὔτε
2346 3751 2451 3820 μὴν
2481 3751 2842 3812 ἀϐασάνιστος
2870 3753 2898 3805 ὁ
2925 3752 3069 3820 βίος⁸
3102 3752 3218 3805 ἀλλ’
3320 3770 3484 3822 φησιν
3510 3755 3538 3806 6
3574 3755 3755 3824 μακά-

2174 3856 2289 3909 ριος
2322 3838 2555 3903 Παῦλος,
2592 3860 2609 3891 ι
2633 3841 2897 3897 Ἐκάστου
2928 3842 2989 3894 τὸ
3014 3842 3174 3914 ἔργον
3198 3843 3380 3897 ὁποῖόν
3410 3843 3617 3908 ὲστι,τὸ
3644 3843 3758 3915 πῦρ

2170 3930 2475 3998 δοκιμάσει.
2509 3949 2526 3981 ι
2582 3930 2897 4001 Γέγραπται
2948 3931 3004 3984 δὲ
3053 3933 3148 3986 καὶ
3193 3932 3320 4002 περὶ
3367 3931 3626 4002 Χριστοῦ,
3674 3934 3756 3986 ὅτι

2177 4037 2196 4070 ι
2221 4018 2506 4089 Ἐξαίφνης
2535 4019 2653 4089 ἥξει
2682 4021 2761 4083 είς
2783 4021 2871 4073 τὸν
2894 4022 3019 4073 ναὸν
3042 4022 3227 4084 αὐτοῦ,
3256 4023 3316 4075 ὃν
3340 4023 3495 4093 ὑμεῖς
3519 4022 3752 4094 ζητεῖτε,

2170 4113 2265 4164 καὶ
2313 4112 2341 4163 ὁ
2387 4112 2619 4181 ἅγγελος
2662 4112 2761 4181 τῆς
2795 4112 3079 4185 διαθήκης,
3113 4115 3171 4167 ὃν
3214 4115 3371 4185 ὑμεῖς
3404 4116 3754 4170 θέλετε.Ίδοὺ

2170 4201 2409 4273 ἔρχεται,
2433 4202 2578 4270 λέγει
2596 4202 2799 4274 Κύριος
2828 4205 3243 4276 παντοκράτωρ,
3262 4207 3354 4259 καὶ
3384 4206 3466 4269 τίς
3495 4207 3754 4278 ὑπομενεί

2169 4297 2387 4370 ἡμέραν
2430 4296 2635 4348 είσόδου
2684 4296 2884 4360 αύτοῦ;
2922 4298 2993 4349 Ἥ
3037 4298 3123 4360 τίς
3168 4297 3532 4368 ύποστήσεται
3583 4301 3641 4352 ὲν
3687 4303 3752 4371 τῇ

2168 4389 2405 4460 ὀπτασίᾳ
2453 4388 2660 4455 citrei»;
2707 4390 2854 4443 Διότι
2903 4390 3063 4452 αὐτὸς
3095 4389 3473 4460 εἰσπορεύεται
3520 4390 3595 4455 ὡς
3642 4392 3755 4463 πῦρ

488 4490 544 4535 et
570 4480 781 4536 sedebit
807 4484 1047 4537 conflatis
1089 4494 1142 4537 et
1178 4486 1478 4538 emundans
1513 4496 1567 4537 nt
1592 4499 1897 4556 argentum,
1932 4497 1986 4540 et
2011 4498 2068 4540 ut

2180 4480 2561 4551 χωνευτηρίου,
2597 4480 2673 4543 ὡς
2719 4481 2825 4533 πόα
2862 4480 3189 4542 πλυνόντων,
3219 4481 3312 4534 καὶ
3344 4482 3612 4536 καθιεῖ-ται
3644 4500 3757 4552 χω-

490 4587 682 4626 aurum
707 4574 804 4628 ι’.»
834 4572 1020 4628 Psallit
1046 4576 1332 4629 etdivinus
1360 4575 1526 4628 David
1550 4577 1603 4629 in
1636 4591 1862 4645 persona
1880 4578 2065 4645 cujus-

491 4663 571 4714 vis
606 4663 657 4714 in
681 4663 953 4717 Christum
985 4666 1280 4729 credentis,
1327 4675 1377 4719 et
1425 4665 1714 4734 Evangelio
1745 4668 2069 4720 convenien-

491 4757 573 4801 ter
600 4750 777 4802 vivere
810 4753 1114 4819 cttpientis:
1155 4771 1174 4801 ι
1209 4752 1383 4807 Proba
1426 4768 1530 4816 me,
1561 4753 1805 4815 Domine,
1830 4764 1884 4808 et
1918 4765 2064 4810 tenta

491 4853 597 4899 me,
628 4854 721 4891 ure
756 4855 912 4894 renes
928 4857 1078 4895 meos
1117 4852 1172 4893 et
1201 4857 1296 4894 cor
1330 4857 1504 4896 meum
1527 4842 1623 4895 “.s
1649 4833 1909 4898 Cancrum
1937 4860 2066 4899 con-

490 4928 758 4982 ﬂatorium
793 4930 843 4983 in
873 4934 1032 4985 domo
1063 4931 1271 4987 Domini
1294 4949 1414 4988 esse
1440 4934 1696 5003 prepheta
1756 4936 1908 4991 dicit.
1960 4938 2064 4991 Ec-

489 5018 652 5074 clesia
685 5019 825 5072 enim
854 5018 1057 5075 Christi
1079 5021 1337 5094 cujusque
1362 5039 1542 5080 mores
1592 5034 1647 5082 et
1701 5026 2063 5082 sinceritatem

491 5108 794 5163 dilectionis
815 5123 943 5179 erga
988 5110 1263 5167 Christum
1300 5114 1637 5184 explorat,et
1680 5116 2061 5173 discretionem

491 5202 697 5257 habens
747 5203 1032 5272 spirituum
1074 5204 1139 5267 ",
1173 5206 1337 5273 probe
1374 5207 1541 5274 novit,
1593 5209 1714 5278 quis
1760 5209 1809 5264 in
1859 5209 2061 5279 Spiritu

489 5302 682 5346 saneto
715 5292 965 5364 loquatur
996 5295 1276 5348 Dominum
1304 5294 1491 5350 Iesum
1524 5298 1832 5364 nominans,
1864 5300 2062 5369 etquis

490 5379 542 5433 in
589 5382 869 5440 Beelzebul
925 5385 1100 5455 ipsum
1147 5387 1434 5441 anathema
1484 5387 1663 5452 dicat,
1698 5398 1753 5443 et
1816 5389 1906 5459 qui
1953 5392 2064 5445 sint

565 5581 623 5635 Ἰ
665 5583 806 5642 Petr.
837 5603 874 5644 t.
911 5590 997 5651 i8,
1039 5591 1119 5646 19.

498 5643 788 5708 “Malach.
833 5672 913 5721 ut,
950 5643 1058 5713 1:5.
1141 5662 1181 5695 “
1224 5660 1359 5715 Psal.
1399 5643 1602 5724 δυ’ίῖ-

1233 5593 1249 5623 ’
1278 5589 1319 5645 ll
1345 5591 1469 5645 Cor.
1507 5605 1553 5654 ν.
1592 5589 1677 5654 Η,
1717 5591 1797 5646 15.
1879 5592 1920 5623 ¹⁰
1957 5593 2109 5648 Rom.
2162 5612 2279 5659 vm,

1686 5661 1729 5695 "
1764 5664 1778 5716 Ι
1816 5663 1939 5717 Cor.
1983 5680 2077 5729 χιι,
2124 5667 2207 5718 10.

2173 4572 2365 4635 νεύων,
2394 4573 2488 4625 καὶ
2531 4572 2841 4642 καθαρίζων
2886 4574 2960 4636 ὡς
3010 4572 3070 4625 τὸ
3115 4574 3398 4645 ἀργύριον,
3434 4575 3527 4627 καὶ
3570 4575 3647 4639 ὡς
3695 4576 3756 4627 τὸ

2172 4663 2413 4731 χρυσίον.
2441 4681 2458 4713 ι
2495 4662 2704 4716 Ψάλλει
2728 4662 2784 4715 δέ
2818 4681 2917 4716 που
2950 4665 3043 4717 καὶ
3073 4665 3100 4715 6
3138 4664 3423 4728 θεσπέσιος
3456 4664 3644 4727 Δασὶδ,
3679 4667 3757 4729 ὡς

2173 4756 2237 4806 ὲκ
2275 4754 2572 4823 προσώπου
2617 4754 2815 4818 παντὸς
2842 4755 2934 4807 τοῦ
2968 4757 3356 4822 πιστεύσαντος
3393 4760 3469 4822 είς
3499 4759 3753 4829 Χριστὸν,

2173 4843 2267 4896 καὶ
2316 4844 2416 4915 ζῇν
2460 4844 2733 4909 ἐθέλοντος
2781 4847 3182 4915 εὐαγγελικῶςο
3242 4869 3258 4899 ι
3292 4848 3595 4919 Δοκίμασόν
3643 4866 3756 4920 με,

2174 4933 2370 5006 Κύριε,
2399 4936 2490 4988 καὶ
2518 4935 2784 5007 πείρασόν
2821 4954 2911 5007 με,
2940 4939 3193 5009 πύρωσον
3227 4942 3351 5005 τοὺς
3371 4938 3604 5012 νεφρούς
3652 4958 3754 5012 μου

2174 5026 2269 5083 καὶ
2301 5025 2397 5097 τὴν
2428 5027 2655 5096 καρδίαν
2689 5044 2810 5098 μου.
2844 5047 2862 5079 ι
2903 5028 3048 5101 Πλὴν
3086 5030 3166 5083 ὅτι
3213 5030 3271 5084 τὸ
3306 5034 3670 5103 χωνευτήριον
3698 5035 3756 5087 ἐν

2166 5118 2304 5188 οἴκῳ
2351 5119 2576 5191 Κυρίου,
2611 5122 2773 5190 φησὶν
2823 5122 2851 5174 ὀ
2902 5122 3209 5193 προφήτης.
3242 5124 3536 5194 Δοκιμάζει
3585 5124 3695 5197 γὰρ
3722 5127 3756 5197 ἡ

2184 5209 2481 5280 Ἐκκλησία
2508 5212 2745 5284 Χριστοῦ
2779 5212 2869 5267 τὸν
2894 5215 3126 5269 ἑκάστου
3160 5218 3383 5287 τρόπον,
3415 5219 3508 5270 καὶ
3546 5216 3646 5287 τῆς
3676 5220 3758 5280 είς

2171 5303 2405 5374 Χριστὸν
2448 5304 2668 5375 ἀγάπης
2715 5305 2776 5359 τὸ
2820 5306 3065 5376 γνήσιον,
3099 5308 3193 5363 καὶ
3221 5308 3523 5378 διακρίσεις
3558 5308 3756 5380 ἔχουσα

2174 5395 2521 5466 πνευμάτων,
2557 5392 2693 5449 οἶδεν
2740 5396 3003 5467 ἀκριὸῶς,
3032 5398 3117 5463 τίς
3151 5400 3249 5469 μὲν
3286 5401 3427 5471 ἁγίῳ
3476 5400 3754 5468 Πνεύειατι

2527 5598 2568 5628 ¹¹
2610 5597 2797 5654 Matth.
2850 5615 3000 5662 xxvt,
3071 5601 3155 5657 15.
3238 5604 3279 5635 η
3320 5601 3491 5656 Ιεοιπ.
3528 5618 3608 5668 ιιι,
3661 5602 3742 5655 15-
