4042 6196
347 273 451 332 I97

1165 267 1718 326 COMMENTARIUS
1757 270 1819 326 IN
1864 270 2270 328 ZACIIARIAII
2311 274 2758 337 PBOPIIETAM.

3501 291 3614 348 I98

344 385 511 452 λαλεῖ,
547 385 750 456 Κύριον
797 384 1076 456 ὀνομάζων
1122 385 1358 456 Ἰησοῦν·
1409 387 1494 450 τίς
1534 387 1590 441 δὲ
1630 388 1694 459 δὴ
1730 389 1826 442 καὶ
1859 391 1918 442 ιν

2020 389 2132 445 veri
2161 393 2480 451 adoratores
2507 395 2579 462 “,
2618 405 2671 450 et
2688 397 2778 468 qui
2813 412 3024 454 rursum
3049 398 3176 474 lupi|
3202 405 3250 460 iu
3277 403 3611 464 vestimentis

343 476 692 542 Βεελζεὼὺλ,
724 475 972 546 ἀνάθεμα
996 475 1172 544 λέγων
1204 477 1367 530 αὐτόν
1393 494 1406 506 ·
1439 479 1534 532 καὶ
1571 479 1717 542 τίνες
1751 481 1850 550 μὲν
1883 481 1932 534 οἱ

2034 485 2213 537 ovium
2246 487 2312 539 ad
2352 502 2449 542 nos
2471 489 2753 543 venientes
2788 489 2850 543 ".

341 568 584 640 ἀληθινοὶ
633 568 1030 639 προσκυνηταὶ,
1062 567 1206 628 τίνες
1239 567 1295 621 δὲ
1341 565 1410 622 αὖ
1467 571 1516 622 oi
1563 569 1637 634 ὡς
1670 570 1930 642 ἐνδύμασι

343 659 630 726 προϐάτων
662 659 797 728 πρὸς
824 658 973 728 ἡμᾶς
1006 657 1292 727 ἐρχόμενοι
1324 657 1497 713 λύκοι.
1905 691 1918 704 ι

414 749 522 803 Καὶ
563 749 867 817 ἀπέρῤιψα
917 748 1035 816 τὴν
1065 748 1296 816 ῥάϐδον
1344 749 1461 818 τὴν
1499 750 1808 820 δευτέραν,
1862 753 1927 806 τὸ

341 841 694 908 Σχοίνισμα,
739 839 847 892 τοῦ
881 837 1280 893 διασκεδάσαι
1313 839 1430 909 τὴν
1457 841 1754 910 διαθήκην
1783 845 1928 916 dra-

331 935 529 998 μέσον
559 930 668 984 τοῦ
705 929 922 993 Ἰούδα,
951 929 1051 983 καί
1081 930 1395 1001 ἀναμέσον
1423 932 1530 988 τοῦ
1566 935 1837 1002 Ἰσραήλ.

412 1023 537 1075 ΠΡ.
589 1020 844 1084 Ῥάὸδους
873 1019 978 1091 ἔφη
1008 1020 1100 1074 δύο
1126 1022 1392 1092 λήψεσθαι
1419 1024 1676 1095 Χριστὸν,
1704 1027 1844 1080 οὕτω
1866 1045 1924 1081 τε

338 1109 740 1179 κατανεμήσειν
766 1109 824 1161 ὲν
853 1110 1044 1172 αὑταῖς
1081 1111 1148 1164 τὰ
1177 1113 1350 1165 οἰκεῖα
1389 1113 1660 1184 πρόόατα,
1687 1116 1842 1185 δῆλον
1866 1116 1922 1168 δὲ

337 1203 418 1254 ὃτι
447 1200 553 1253 τῶν
580 1200 669 1254 διὰ
704 1199 942 1263 πίστεως
989 1201 1342 1271 κεκλημένων
1371 1205 1470 1274 τὴν
1497 1206 1659 1274 ἁγίαν
1688 1207 1918 1277 πληθύν.

337 1293 450 1346 Καὶ
481 1293 673 1362 ῥάϐδον
714 1292 816 1362 μὲν
849 1289 990 1346 εἶναι
1029 1293 1128 1364 τὴν
1172 1295 1344 1366 καλὴν
1377 1296 1637 1368 ἐλέγομεν
1662 1300 1762 1370 τὴν
1793 1317 1920 1354 παιο

333 1385 502 1448 δείαν,
552 1384 670 1454 ἦτοι
696 1383 758 1436 τὸ
795 1385 1055 1454 κήρυγμα
1085 1385 1149 1438 τὸ
1176 1387 1552 1456 εὐαγγελικὸν,
1583 1391 1685 1462 τήν
1714 1407 1775 1459 γε
1811 1392 1918 1462 μὴν

335 1475 530 1546 ἑτέραν
583 1475 681 1544 τήν
736 1475 978 1529 Παλαιὰν
1025 1477 1333 1554 Διαθήκηᾼν,
1380 1481 1660 1547 τουτέστι,
1695 1483 1796 1554 τὴν
1841 1483 1917 1553 τῷ

346 1563 566 1634 Ἰσραὴλ
601 1563 845 1624 δοθεῖσαν
869 1566 948 1628 είς
977 1565 1249 1637 βοήθειαν,
1265 1551 1424 1624 ⁸κατὰ
1451 1570 1549 1641 τὴν
1577 1572 1670 1624 τοῦ
1703 1551 1914 1646 προφήξ-

331 1672 426 1708 του
465 1656 671 1727 φωνήν.
709 1674 728 1707 ι
758 1656 941 1727 Νόμον
978 1657 1108 1727 1&9,
1147 1660 1330 1730 φησὶν,
1359 1663 1440 1724 είς
1475 1661 1727 1733 βοήθειαν
1752 1665 1914 1719 δέδωο

334 1763 453 1801 κεν.
486 1765 505 1799 ι
535 1747 660 1800 Ὀτι
705 1747 885 1802 τοίνυν
927 1750 1050 1819 οὐχὶ
1084 1751 1147 1820 δὴ
1183 1750 1364 1821 μόνοις
1399 1753 1511 1816 τοῖς
1546 1755 1920 1823 εὐαγγελικοῑς

332 1838 700 1908 παιδεύμασιν
740 1840 774 1910 ὴ
820 1839 926 1893 τῶν
978 1841 1146 1894 ἐθνῶν
1193 1841 1390 1914 ἔμελλε
1445 1846 1918 1915 παιδαγωγεῖσθαι

333 1930 564 2000 πληθὺς,
593 1929 732 1984 ἀλλὰ
758 1929 868 2000 1&9
903 1933 999 1985 καὶ
1043 1934 1235 1998 αὑταῖς
1271 1937 1391 1998 ταῖς
1423 1935 1591 1991 πάλαι
1621 1955 1679 1990 τε
1709 1938 1805 1991 καὶ
1832 1939 1920 1992 διά

333 2021 578 2085 Μωσέως
607 2019 874 2085 δοθείσαις
905 2023 1166 2087 ἐντολαῖς,
1203 2025 1717 2098 μεταπλαττομένης
1736 2027 1922 2097 δηλον-

331 2113 414 2166 ότι
463 2113 566 2184 τῆς
601 2115 658 2167 έν
688 2113 840 2184 νόμῳ
881 2115 1042 2178 σκιᾶς
1083 2116 1165 2179 είς
1215 2117 1495 2187 ἀλήθειαν,
1527 2118 1622 2170 καὶ
1673 2119 1762 2172 διὰ
1812 2119 1920 2173 τῶν
1985 2164 1988 2166 ν

332 2206 716 2276 προκειμένων
764 2208 898 2277 ἡμῖν
947 2207 1268 2277 καθίστησιν
1308 2210 1556 2281 ἐναργές.
1590 2211 1700 2265 Καὶ
1731 2211 1921 2284 ὥσπερ

330 2297 706 2368 ὰωρῤιφῆναι
753 2298 849 2351 καὶ
878 2297 1242 2368 σκεδασθῆναι
1268 2301 1369 2357 τὴν
1392 2301 1562 2370 καλὴν
1594 2300 1696 2370 ἔφη
1726 2301 1920 2372 ῥάϐδον

331 2389 623 2460 (διεσπάρη
653 2389 763 2460 1&9
797 2389 984 2461 ὥσπερ
1007 2391 1066 2446 ὲν
1087 2392 1206 2455 ταῖς
1235 2392 1344 2445 τῶν
1374 2392 1697 2446 Χαναναίων
1715 2392 1921 2464 χώραις

327 2483 362 2552 ἡ
401 2479 735 2551 εὐαγγελικὴ
769 2480 1074 2546 παίδευσις,
1119 2483 1530 2554 περιενεχθεῖσα
1562 2485 1803 2556 δηλονότι
1831 2485 1919 2539 διά

327 2566 439 2619 τῶν
472 2566 643 2634 ἁγίων
679 2568 1055 2639 ἀποστόλων),
1101 2570 1245 2625 οὕτω
1289 2573 1382 2625 καὶ
1426 2575 1650 2644 ήέτέρα
1700 2574 1915 2644 ῥάϐδος,

327 2669 450 2729 ητοι
480 2656 786 2721 παίδευσις,
807 2658 1072 2724 τουτέστι,
1089 2660 1148 2713 τὸ
1164 2661 1476 2731 Σχοίνισμα,
1498 2664 1664 2734 ἡγουν
1685 2667 1714 2717 ὁ
1734 2665 1915 2734 νόμος,

327 2747 358 2800 ό
383 2748 444 2801 ὲν
467 2747 618 2814 τάξει
642 2747 908 2820 διαθήκης
947 2749 1101 2822 παρὰ
1138 2750 1273 2804 Θεοῦ
1311 2751 1489 2814 τεθεὶς
1516 2754 1792 2822 άναμέσον
1821 2752 1916 2806 τοῦ

343 2838 535 2903 Ἰούδα,
564 2839 658 2892 καὶ
701 2841 971 2910 ἀναμέσον
1015 2840 1111 2894 τοῦ
1151 2841 1385 2912 Ἰσραὴλ,
1413 2843 1680 2905 τουτέστι,
1719 2844 1918 2908 παντὸς

329 2931 426 2986 τοῦ
457 2933 648 3000 γένους
673 2931 766 2986 τοῦ
792 2931 851 2998 ἐξ
879 2933 1097 3004 Ἰσραήλ
1116 2949 1129 2963 ·
1171 2932 1374 2987 Ἰούδαν
1404 2934 1499 3005 μὲν
1528 2935 1637 3006 1&9
1663 2935 1918 3007 ὀνομάζει

328 3023 430 3086 τὰς
501 3025 561 3076 ὲν
626 3025 741 3087 τοῖς
797 3023 1192 3094 Ἰεροσολύμοις
1246 3023 1338 3077 δύο
1381 3025 1591 3092 φυλάς,
1636 3027 1807 3096 αὐτὴν
1857 3044 1916 3082 τε

326 3116 425 3189 τὴν
450 3114 622 3169 Ἰούδα
650 3115 792 3184 φημὶ
837 3115 930 3167 καὶ
966 3113 1245 3184 Βενιαμὶν,
1263 3114 1476 3185 Ἰσραὴλ
1508 3115 1562 3167 δὲ
1599 3114 1697 3178 τὰς
1724 3115 1916 3185 ἐτέρας

325 3207 482 3272 δέκα,
511 3206 612 3270 τὰς
636 3208 693 3258 ὲν
717 3209 781 3277 τῇ
810 3205 1091 3276 Σαμαρείᾳ⁵
1113 3204 1462 3275 διακειμένας
1485 3205 1619 3276 ὁμοῦ
1647 3205 1726 3276 τῷ
1753 3206 1918 3275 Ἰερο-

329 3300 496 3370 σοάμ..
532 3298 748 3352 Δέδοται
786 3296 850 3369 δὴ
883 3293 976 3350 οὖν
1009 3299 1122 3360 τοῖς
1157 3299 1221 3350 ἐκ
1252 3298 1488 3368 Χανααμ
1523 3298 1617 3350 καὶ
1661 3299 1690 3350 ό
1731 3298 1912 3368 νόμος,

332 3383 859 3455 μυσταγωγούμενος
918 3385 1046 3454 γὰρ,
1099 3384 1175 3448 ὡς
1219 3383 1376 3456 ἔφην,
1425 3389 1670 3456 νομικοῖς
1723 3403 1784 3439 τε
1823 3387 1916 3439 καὶ

328 3475 707 3544 εὐαγγελικοῖς
761 3474 1111 3544 θεσπίσμασι.
1145 3475 1414 3548 Ταύτητοι
1465 3477 1559 3531 καὶ
1603 3476 1840 3546 ἔφασκεν
1886 3477 1916 3529 ό

329 3568 557 3639 Σωτήρ·
607 3585 625 3620 ι
659 3566 750 3638 Μὴ
805 3567 1086 3637 νομίσητε,
1122 3568 1204 3621 ὃτι
1260 3563 1423 3639 ἦλθον
1479 3569 1778 3622 καταλῦσαι
1825 3568 1915 3621 τὸν

330 3659 518 3729 νόμον.
549 3659 663 3713 Οὐκ
689 3654 853 3731 ἦλθον
891 3658 1211 3726 καταλῦσαι,
1244 3659 1380 3713 ἀλλὰ
1411 3659 1719 3731 πληρῶσαι.
1758 3662 1916 3730 Λέγω

331 3750 440 3823 1&9
470 3751 619 3820 ὑμῖν,
649 3751 754 3813 ἕως
782 3751 846 3804 ἂν
885 3750 1129 3822 παρέλθῃ
1151 3752 1178 3804 ό
1202 3750 1452 3822 οὐρανὸς,
1487 3751 1582 3804 καὶ
1608 3752 1640 3821 ἡ
1670 3754 1758 3821 γῆ.
1784 3752 1916 3805 ἰῶτα

331 3844 410 3911 ἓν,
440 3843 473 3915 ἦ
506 3843 602 3912 μία
636 3842 832 3912 κεραία
861 3843 920 3895 οὐ
964 3841 1039 3913 μὴ
1067 3832 1450 3912 παρέλθηάπὸ
1478 3841 1573 3895 τοῦ
1603 3843 1788 3912 νόμου,
1813 3841 1916 3906 ἕως

333 3937 399 3989 ἂν
438 3935 619 3988 πάντα
647 3934 892 4003 γένηται.
919 3952 936 3986 ι
972 3933 1084 4004 Πλη
1095 3937 1176 4003 poi
1212 3933 1322 4004 γὰρ
1347 3932 1438 3986 τὸν
1467 3934 1629 4002 νόμον
1651 3932 1916 3986 διδάσκων

331 4023 400 4076 τὰ
434 4023 577 4093 ὑπὲρ
607 4022 786 4092 νόμον,
822 4022 915 4075 καὶ
951 4022 1050 4074 οὐκ
1081 4021 1188 4088 ἔξω
1215 4021 1380 4092 νόμου
1414 4022 1583 4086 τιθεὶς
1621 4023 1711 4075 τὸν
1760 4021 1914 4076 παιδ-

332 4115 742 4186 αγωγούμενον,
763 4113 836 4178 ὡς,
869 4114 925 4167 ξν
954 4131 1018 4183 γε
1045 4113 1122 4185 τῷ
1153 4114 1317 4182 φάναι
1344 4115 1504 4184 τυχόν
1523 4130 1537 4144 '
1579 4134 1596 4165 ι
1621 4113 1916 4168 Ἠκούσατε

331 4205 416 4259 ὅτι
459 4204 660 4277 ἐρρέθη
711 4208 824 4270 τοῖς
877 4206 1158 4276 ἀρχαίοιςο
1208 4206 1282 4258 Οὐ
1319 4205 1621 4274 φονεύσεις·
1673 4205 1728 4268 ὃς
1777 4205 1823 4258 δ’
1851 4205 1919 4259 ἂν

331 4295 591 4367 φονεύσῃ,
621 4295 804 4366 ἔνοχος
833 4294 984 4350 ἔσται
1011 4299 1075 4366 τῇ
1105 4294 1303 4366 κρίσει.
1323 4293 1463 4363 Ἐγὼ
1494 4295 1550 4348 δὲ
1585 4295 1724 4364 λέγω
1750 4296 1876 4365 ὑμῖν
1899 4311 1913 4326 ⁸

2105 747 2172 802 Et
2196 749 2365 818 αθ]έεὶ
2396 749 2590 819 uirgam
2631 767 2798 806 meum
2845 751 3131 807 secundum
3164 770 3283 824 qua?
3315 755 3609 824 appellatur

2031 835 2349 903 Funicqus,
2382 849 2436 892 ut
2494 842 2805 910 dissiparem
2836 853 3198 898 testamentum
3233 846 3365 899 inter
3410 844 3608 901 ludant

2022 935 2075 980 et
2099 923 2293 982 Israel.

2095 1017 2381 1072 LXXXIII.
2438 1019 2583 1075 Duas
2641 1021 2817 1091 virgas
2862 1021 3140 1077 Christum
3201 1034 3606 1090 assmnpturum

2023 1109 2288 1174 narravit,
2318 1117 2479 1178 atque
2547 1109 2619 1162 ita
2685 1110 2734 1163 in
2788 1111 2904 1179 ipso
2963 1125 3093 1164 oves
3133 1125 3258 1164 suas
3307 1123 3608 1180 pasturum.

2023 1195 2166 1250 haud
2202 1196 2422 1251 dubium
2465 1199 2592 1265 quin
2641 1197 2736 1268 per
2783 1199 2944 1254 Iidem
2999 1211 3310 1254 vocatorum
3363 1211 3606 1254 sant-tam

2019 1287 2440 1342 multitudinem.
2473 1289 2536 1342 Et
2558 1291 2762 1359 virgam
2789 1291 3004 1357 quidem
3059 1292 3339 1359 pulchram
3390 1293 3609 1347 diceba-

2019 1390 2142 1434 mus
2172 1392 2292 1432 esse
2323 1379 2645 1444 doctrinam,
2676 1395 2768 1436 seu
2831 1381 3270 1450 pradicationem
3327 1383 3572 1452 eVangeli
3592 1413 3607 1426 ο

2019 1481 2177 1521 eam:
2221 1467 2446 1522 alteram
2511 1469 2676 1525 Vetus
2739 1469 3167 1536 Testamentum,
3217 1489 3414 1542 nempe
3463 1476 3610 1544 quod

2015 1554 2202 1612 lsraeli
2228 1560 2412 1614 datum
2439 1572 2522 1616 est
2551 1562 2601 1616 in
2631 1564 2888 1618 auxilium
2909 1563 3058 1632 juxta
3078 1564 3351 1634 propheta:
3397 1581 3610 1620 vocem-

2016 1645 2198 1716 Inquit
2224 1649 2369 1702 enim
2403 1666 2416 1702 :
2458 1669 2476 1702 ι
2499 1649 2697 1721 Legem
2730 1653 2782 1707 iu
2811 1654 3141 1723 adjutorium
3187 1655 3420 1708 dedit".
3448 1673 3467 1707 s
3504 1653 3611 1724 lgi-

1951 1728 2111 1790 Btur
2173 1739 2409 1805 gentium
2479 1741 2875 1796 multitudinem
2915 1759 3020 1797 non
3095 1751 3302 1797 tantum
3358 1743 3604 1798 doctrina

2014 1826 2350 1894 evangelica,
2380 1827 2472 1880 sed
2505 1829 2634 1896 ipsis
2658 1830 2823 1883 etiam
2852 1831 3090 1899 antiquis
3129 1840 3184 1886 et
3211 1847 3240 1884 a
3290 1831 3439 1887 Mosa
3489 1842 3601 1884 tra-

2015 1915 2150 1970 ditis
2187 1919 2470 1986 przeceptis
2495 1919 2758 1975 imbutum
2793 1909 2880 1985 iri,
2930 1921 3122 1976 umbra
3170 1922 3421 1976 videlicet
3467 1923 3601 1992 legis

2019 2008 2073 2062 in
2094 2010 2373 2062 veritatem
2409 2019 2791 2080 transmutata,
2849 2013 3028 2067 verbis
3079 2014 3374 2082 propositis
3449 2014 3604 2068 nobis

2015 2099 2279 2154 declarat.
2309 2101 2474 2170 768
2492 2101 2556 2154 Et
2591 2117 2697 2166 quo
2726 2103 2884 2158 modo
2906 2104 3172 2174 abiectam
3197 2115 3250 2159 et
3283 2104 3601 2174 dissipatam

2017 2190 2298 2259 pulchram
2333 2193 2537 2261 virgam
2569 2193 2703 2246 dixit
2734 2193 2910 2264 (quasi
2939 2197 3084 2251 enim
3139 2211 3237 2264 per
3269 2196 3608 2251 Chaunum-

2017 2296 2140 2336 rum
2175 2283 2422 2350 regiones
2479 2282 2722 2352 dispersa
2793 2293 2879 2339 est
2943 2286 3207 2342 institutio
3269 2285 3607 2356 euangelica,

2017 2373 2332 2427 circumlata
2369 2373 2624 2428 nimirum
2651 2390 2745 2444 per
2788 2386 3009 2432 sanctos
3053 2377 3370 2448 apostolos),
3429 2379 3500 2432 ita
3547 2389 3603 2431 et

2020 2462 2186 2516 altera
2220 2463 2392 2532 virga,
2427 2474 2555 2533 puta
2585 2464 2903 2530 Fuuieulus,
2956 2467 3070 2520 sive
3121 2467 3228 2533 les,
3282 2467 3400 2522 loco
3443 2475 3606 2522 testa-

2015 2554 2185 2606 menti
2205 2569 2235 2607 a
2261 2553 2369 2607 Deo
2396 2555 2690 2610 constituta
2716 2555 2856 2610 inter
2883 2557 3077 2611 Judam
3138 2567 3192 2612 et.
3223 2557 3407 2622 Israel,
3457 2561 3510 2614 id
3524 2571 3608 2614 ess

2025 2647 2337 2701 universum
2371 2663 2538 2715 genus
2569 2647 2776 2702 Israel:
2822 2647 3015 2703 ludam
3054 2651 3195 2705 enim
3233 2653 3368 2706 duas
3410 2652 3606 2708 IIiero-

2019 2737 2246 2809 Solymis
2284 2738 2476 2804 tribus,
2504 2739 2673 2809 ipsam
2697 2738 2856 2806 Juda,
2893 2740 3136 2809 inquam,
3197 2752 3252 2797 et
3297 2741 3604 2812 Berijamin,

2019 2831 2184 2886 Israel
2218 2841 2398 2886 autem
2433 2833 2669 2903 reliquas
2699 2834 2882 2889 decem
2919 2834 2973 2888 in
2995 2833 3242 2890 Samaria
3297 2852 3418 2890 cum
3442 2835 3602 2892 Jero-

2018 2923 2175 2976 boam
2217 2922 2423 2978 locatas
2451 2925 2707 2994 appellat.
2738 2923 2874 2978 Data
2922 2935 3006 2979 est
3055 2925 3220 2996 igitur
3269 2925 3598 2984 Chananazis

2016 3013 2183 3067 etiam
2209 3012 2292 3066 lex
2329 3013 2621 3084 :legalibus
2640 3016 2783 3070 enim
2810 3025 2866 3071 et
2916 3016 3247 3086 evangelicis
3269 3018 3502 3075 decretis
3523 3020 3606 3075 in-

2021 3104 2286 3161 formatus
2316 3115 2419 3161 est.
2440 3107 2802 3174 Quamobrem
2854 3119 2909 3162 et
2958 3109 3208 3164 Salvator
3233 3110 3412 3165 aiebat
3446 3125 3464 3166 :
3504 3111 3604 3166 No.

2020 3197 2112 3252 Iite
2133 3207 2344 3266 putare.
2371 3200 2626 3268 quoniam
2653 3202 2774 3255 veni
2824 3201 3036 3257 solvere
3085 3202 3278 3272 legem.
3322 3201 3440 3258 Non
3475 3208 3598 3260 veni

2016 3288 2252 3355 Solvere,
2313 3290 2408 3344 sed
2459 3289 2777 3360 adimplere.
2836 3290 2965 3346 Dico
3012 3293 3156 3348 enim
3211 3293 3385 3361 vobis,
3433 3297 3606 3352 donec

2021 3388 2260 3434 transeat
2285 3380 2482 3434 caelum
2513 3391 2568 3434 et
2597 3389 2739 3436 terra
2759 3421 2774 3447 ,
2803 3382 2907 3436 iota
2944 3399 3132 3449 unum,
3159 3395 3247 3438 aut
3284 3401 3422 3442 unus
3467 3402 3602 3457 apex

2019 3485 2124 3524 non
2150 3471 2445 3538 praeteribit
2471 3488 2499 3524 a
2525 3472 2662 3541 lege,
2697 3475 2867 3526 donec
2899 3474 3081 3526 omnia
3109 3473 3241 3528 [iant
3269 3476 3336 3528 “.
3367 3493 3386 3525 ι
3417 3475 3605 3529 Adim-

2017 3561 2130 3630 plet
2160 3561 2302 3615 enim
2333 3561 2528 3630 legem,
2561 3563 2758 3616 docens
2782 3576 2902 3632 qua:
2929 3571 3054 3614 sunt
3083 3577 3244 3631 supra
3277 3563 3473 3634 legem,
3501 3579 3600 3619 nec

2017 3652 2215 3721 excipit
2253 3667 2280 3704 a
2314 3653 2430 3719 lege
2449 3667 2572 3707 eum
2601 3653 2694 3723 qui
2721 3653 2962 3717 docetur,
2992 3662 3050 3708 ut
3081 3669 3203 3709 cum
3241 3655 3393 3719 dicit,
3413 3669 3599 3710 exem-

2019 3742 2088 3812 pli
2139 3758 2299 3798 causa
2329 3762 2343 3797 :
2379 3763 2398 3794 ι
2445 3742 2685 3798 Audistis
2743 3743 2866 3813 quia
2933 3745 3135 3798 dictum
3171 3753 3256 3800 est
3289 3745 3536 3815 antiquis
3571 3764 3586 3799 :

2017 3834 2132 3890 Non
2151 3835 2368 3889 occides
2398 3849 2414 3888 :
2443 3834 2534 3904 qui
2566 3843 2744 3889 autem
2775 3835 3055 3903 occiderit,
3085 3851 3207 3891 rcus
3239 3837 3344 3891 erit
3374 3835 3604 3906 judicio.

2019 3925 2132 3996 Ego
2154 3936 2332 3980 autem
2361 3928 2482 3980 dico
2517 3926 2671 3981 vobis
2706 3943 2720 3980 :
2756 3927 2948 3982 Omnis
2983 3927 3074 3997 qui
3137 3927 3392 3981 irascitur
3449 3928 3602 3982 fratri

2017 4031 2118 4073 suo
2146 4019 2262 4073 sine
2287 4032 2475 4081 causa,
2525 4033 2650 4074 reus
2701 4019 2806 4074 erit
2840 4017 3042 4086 judicio
3078 4019 3146 4072 “.
3187 4037 3208 4070 ι
3241 4019 3308 4073 Ει
3342 4020 3540 4073 iterum
3579 4035 3596 4071 :

2027 4127 2046 4160 ι
2088 4108 2334 4164 Audistis
2368 4109 2492 4177 quia
2523 4109 2727 4164 dictum
2757 4119 2841 4165 est
2873 4128 2887 4164 :
2932 4109 3048 4165 Non
3075 4111 3459 4166 mmehaheris.
3487 4110 3605 4182 Ego

2020 4212 2200 4256 autem
2225 4201 2347 4256 dico
2365 4200 2536 4266 vobis,
2573 4205 2700 4271 quia
2729 4205 2905 4258 omnis
2927 4203 3017 4272 qui
3041 4204 3185 4259 videt
3211 4204 3496 4259 mulierem
3531 4204 3602 4260 ad

2019 4292 2535 4361 concupiscendum,
2557 4293 2668 4362 jam
2707 4297 3008 4350 mmchatus
3039 4306 3124 4352 est
3160 4311 3278 4351 eam
3329 4298 3381 4351 in
3429 4297 3607 4352 corde

335 4385 461 4438 Ὀτι
494 4387 604 4447 πᾶς
649 4387 679 4438 ό
731 4385 1083 4456 ὀργιζόμενος
1109 4384 1184 4455 τῷ
1215 4383 1430 4454 ἀδελφῷ
1461 4383 1628 4436 αὑτοῦ
1661 4385 1804 4456 εἰκῆ,
1834 4386 1918 4438 ἔνο

2025 4401 2124 4441 stto
2149 4387 2217 4439 “.
2253 4403 2272 4437 ι
2299 4385 2554 4452 lmpletur
2576 4386 2720 4439 enim
2772 4386 2922 4451 illud,
2963 4404 2982 4438 ι
3037 4385 3152 4442 Non
3200 4389 3438 4452 occides,
3473 4405 3494 4440 ν
3550 4388 3605 4443 si

329 4494 456 4546 οχος
485 4476 642 4530 ἔσται
687 4479 754 4548 τῇ
790 4475 985 4546 κρίσει.
1019 4493 1036 4526 ι
1089 4476 1198 4528 Καὶ
1232 4475 1424 4530 πάλιν·
1459 4494 1477 4526 ι
1502 4475 1797 4528 Ἠκούσατε
1835 4476 1917 4529 ὅτι

2025 4476 2117 4531 ira:
2143 4477 2315 4530 locum
2350 4490 2454 4530 non
2479 4474 2770 4544 relinquas,
2815 4491 2938 4544 qua:
2974 4477 3136 4530 caedis
3165 4477 3316 4530 radix
3343 4488 3397 4530 et
3429 4487 3604 4529 mater

334 4567 570 4639 ὲρρέθη·
620 4567 695 4620 Ού
733 4567 1058 4637 μοιχεύσεις.
1078 4564 1218 4634 Ἐγὼ
1257 4565 1314 4619 δὲ
1353 4565 1498 4633 λέγω
1529 4565 1655 4634 ὑμῖν
1689 4566 1770 4618 ὃτι
1809 4567 1917 4630 πᾶς

2021 4575 2124 4622 est.
2155 4565 2497 4621 Excludeudo
2541 4577 2720 4620 autem
2751 4581 2941 4621 omnes
2995 4566 3340 4636 cupiditates.
3365 4582 3461 4620 seu
3503 4582 3605 4619 ca-

331 4660 362 4712 ό
393 4659 607 4729 βλέπων
635 4662 869 4727 γυναῖκα
901 4659 1036 4729 πρὸς
1067 4658 1129 4711 τὸ
1161 4657 1518 4727 ἐπιθυμῆσαι,
1540 4657 1638 4727 ἢδη
1667 4657 1916 4727 ἐμοίχευ-

2023 4659 2273 4726 stigaudo
2304 4658 2627 4726 voluptates,
2691 4671 2912 4726 prorsus
2960 4657 3124 4710 etiam
3182 4655 3428 4711 adulterii
3469 4670 3597 4727 per-

336 4767 429 4804 σεν
454 4750 626 4822 αὐτὴν
655 4752 714 4803 ιν
745 4752 810 4820 τῇ
841 4749 1040 4820 καρδίᾳ
1075 4747 1262 4804 αὐτοῦ.
1295 4768 1314 4800 t
1335 4750 1383 4802 Ἀ
1395 4748 1784 4819 ποπεραίνεται
1809 4747 1918 4818 1&9

2030 4750 2277 4818 petraudi
2307 4750 2473 4804 libido
2505 4749 2751 4804 tollitur:
2785 4749 2926 4804 sicut
2951 4749 3204 4805 videlicet
3249 4763 3371 4804 eum
3405 4749 3606 4806 radici-

329 4843 414 4904 τὸ,
461 4861 480 4893 ι
515 4841 590 4894 Οὐ
621 4841 922 4909 φονεύσεις,
950 4859 969 4892 s
1003 4840 1076 4903 ὡς
1107 4839 1164 4893 ἐν
1205 4857 1265 4909 γε
1295 4840 1374 4908 τῷ
1407 4839 1792 4910 παραιτεῖσθαι
1817 4840 1917 4910 τὴν

2031 4842 2130 4896 bus
2159 4842 2282 4896 inde
2306 4843 2621 4898 exsisteutia
2663 4841 2907 4915 germina
2952 4855 3195 4898 marcere
3247 4838 3603 4906 alirmamus,

331 4930 526 5001 ὀργὴν,
556 4933 590 5001 ἢ
616 4930 740 5002 ῥίζα
766 4931 827 4984 τέ
873 4933 991 4984 ἐστι
1032 4929 1125 4983 τοῦ
1161 4931 1322 4998 φόνου
1352 4931 1446 4983 καὶ
1489 4932 1724 4999 γένεσις.
1762 4931 1835 4984 Τὸ
1859 4931 1916 4984 δὲ

2023 4946 2144 5001 quae
2178 4934 2354 5002 potius
2393 4935 2536 4989 nulla
2565 4935 2787 4990 omnino
2819 4942 3170 4990 enascuntur.
3281 4929 3284 4932 ’

336 5025 459 5096 μηδ’
489 5025 627 5088 ὅλως
661 5023 997 5096 εἰσδέχεσθαι
1019 5025 1118 5088 τὰς
1157 5025 1474 5094 ἐπιθυμίας,
1501 5025 1667 5096 ἧγουν
1690 5025 1940 5088 κολάζειν
1977 5025 2074 5088 τὰς
2105 5025 2319 5096 ἡδονάς,
2356 5025 2759 5098 συναναιρεῖταί
2821 5042 2924 5079 που
2983 5027 3202 5100 πάντως
3233 5023 3331 5094 τῆς
3360 5020 3602 5092 μοιχείας

332 5124 362 5175 ὁ
413 5121 636 5193 τρόπος,
669 5120 926 5191 καθάπερ
965 5121 1156 5190 ἀμέλει
1207 5121 1302 5174 καὶ
1349 5119 1526 5191 ῥίζαις
1563 5120 2133 5192 συναπομαραίνεσθαι
2180 5137 2361 5191 φαμεν
2402 5120 2473 5174 τά
2509 5121 2572 5186 ἐξ
2641 5122 2823 5177 αὐτῶν
2889 5120 3264 5191 βλαστήματα,
3308 5116 3509 5188 μᾶλλον
3541 5115 3603 5169 δὲ

333 5215 457 5270 οὐδὲ
487 5214 774 5284 ἀνάσχοιεν
803 5214 876 5266 at
888 5233 958 5278 ›ς.
2069 5245 2074 5248 .

407 5312 515 5366 Καὶ
549 5308 680 5366 εἷπε
731 5313 948 5380 Κύριος
998 5315 1147 5379 πρός
1189 5327 1297 5382 με·
1336 5311 1457 5364 Ἔτι
1497 5311 1644 5364 λάϐε
1684 5307 1920 5374 σεαυτῷ

2100 5308 2265 5365 Vrsas.
2301 5310 2390 5375 I5,
2427 5310 2515 5367 l6.
2567 5309 2637 5366 Et
2669 5311 2805 5366 dixit
2852 5310 3110 5366 Dominus
3171 5311 3240 5363 od
3261 5325 3340 5362 me
3369 5323 3387 5361 :
3417 5307 3603 5380 ᾼιΙΙηιε

330 5405 530 5471 σκεύη
581 5404 896 5474 ποιμενικὰ
939 5404 1222 5474 ποιμένος
1266 5403 1538 5472 ἀπείρου,
1585 5401 1735 5457 διότι
1791 5400 1918 5454 ίδοὺ

2023 5417 2168 5454 sume
2193 5402 2286 5454 tibi
2347 5418 2472 5456 ossa
2535 5404 2848 5471 pastoralia,
2909 5402 3137 5470 pastoris
3178 5398 3430 5468 imperiti,
3475 5400 3601 5466 quia

329 5495 450 5566 ἐγὼ
495 5496 772 5566 effers/pm
799 5495 1054 5566 ποιμένα
1097 5496 1345 5566 ἄπειρον
1377 5495 1476 5550 ἐπὶ
1522 5493 1638 5562 τὴν
1670 5493 1806 5563 γῆν.
1847 5493 1916 5548 Τὸ

2022 5507 2137 5545 ecce
2151 5509 2243 5562 ego
2271 5499 2462 5560 suscita
2479 5505 2740 5562 pastorem
2770 5509 2927 5563 super
2954 5505 3172 5547 terram.
3201 5490 3466 5559 Deﬁciens
3497 5506 3600 5542 non

329 5585 710 5654 ἐκλιμπάνον
733 5587 806 5640 οὐ
826 5585 913 5656 μὴ
950 5585 1372 5654 tumuti-ritas,
1401 5583 1496 5638 καὶ
1527 5582 1592 5636 τὸ
1643 5582 1916 5649 διεσκορ·

2022 5581 2280 5656 οὸσίιοὺὶι,
2301 5593 2347 5638 ει
2376 5584 2673 5651 dispersum
2695 5599 2798 5638 non
2832 5583 3080 5653 requiret,
3117 5595 3162 5637 et
3191 5581 3472 5636 contritum
3494 5595 3601 5631 non

404 5675 446 5707 “
470 5673 717 5742 Joannv,
751 5675 843 5731 25.
924 5679 962 5709 "
999 5675 1190 5730 Matth.
1223 5677 1424 5742 vu,I5.
1505 5671 1947 5738 "Gulat.ttt,‘25.
2027 5671 2067 5702 "
2093 5671 2348 5739 Mutlhm,
2382 5676 2464 5738 I7,
2501 5675 2581 5730 I8.
2659 5675 2851 5731 "Ibid.
2879 5675 2969 5739 2i,
2995 5675 3087 5730 2‘2.
3161 5675 3204 5707 ¹¹
3241 5662 3595 5737 Μαλλοῦ.
