4042 6196
351 288 452 339 SOI

1169 282 1716 340 COMMENTARIUS
1758 282 1824 337 IN
1865 281 2263 339 ZACHARIAM
2305 280 2743 336 PROPIIETAM.

3485 281 3592 335 20?.

354 399 471 452 ἐστι
498 397 567 450 τὰ
602 396 771 467 σκεύη
814 395 880 449 τὰ
923 397 1210 467 ποιμενικὰ
1243 398 1334 450 τοῦ
1379 398 1608 469 ἀπείρου
1660 399 1933 468 ποιμένος.

2047 414 2142 454 non
2176 396 2456 464 subjectis,
2493 397 2693 450 idcirco
2719 394 2829 448 ait:
2871 412 2888 444 ι
2929 392 3064 448 Ecce
3099 409 3197 464 ego
3227 398 3474 454 excitabo
3507 415 3599 470 pa-

369 488 587 558 Ἐπειδὴ
616 488 671 540 δέ
698 487 837 540 κατά
869 489 1091 557 καιροὺς
1119 487 1338 557 ἔμελλεν
1365 489 1393 539 ὁ
1419 489 1516 557 τῆς
1559 490 1786 560 ἀνομίας
1815 491 1928 551 υἱὸς

354 582 453 650 τὴν
509 578 752 648 βασιλίδα
805 580 970 650 τιμὴν
1010 580 1407 650 περικείμενος,
1439 581 1614 634 δοκεῖν
1672 582 1729 634 ἐν
1777 580 1928 644 τάξει

357 672 616 741 ποιμένος
658 669 1138 740 ἀναδειχθὴσεσθαι
1167 675 1277 734 τοῖς
1307 672 1399 724 ἐπὶ
1430 673 1528 742 τῆς
1558 673 1682 742 γῆς,
1719 673 1930 741 φειδοῦς

357 782 422 833 γε
453 763 562 833 μὴν
589 761 846 830 οὐδεμιᾶς
877 760 1060 827 ἀξιοῦν
1093 763 1216 824 τοὺς
1246 761 1352 814 ὑπὸ
1383 765 1538 833 χεῖρα
1565 762 1800 832 λαοὺς,ἦ
1837 763 1930 814 καὶ

359 857 483 917 τοὺς
508 855 613 920 ἔξω
641 853 841 924 χειρὸς,
869 852 1038 924 ταύτῃ
1060 870 1141 904 τοι
1178 853 1368 922 φησίν-
1409 871 1426 903 ι
1452 853 1580 905 Ἰδοὺ
1617 852 1726 920 ἐγὼ
1758 851 1932 922 ἐγερῶ

361 940 592 1009 ποιμένα
625 940 718 991 ἐπὶ
744 939 840 1008 τὴν
866 940 982 1009 γῆν.
995 939 1067 991 Τὸ
1095 939 1428 1009 ἐκλιμπάνον
1455 941 1515 993 οὐ
1541 941 1614 1011 μὴ
1631 940 1929 1011 ἐπισκὲψη-

361 1047 468 1082 ται.
499 1031 754 1098 »Ὅμοιον
784 1028 859 1091 ὡς
893 1030 940 1080 εί
970 1029 1228 1098 λέγοιοΤὸ
1253 1030 1546 1100 ὀλισθῆσαν
1579 1032 1656 1094 είς
1690 1030 1931 1098 ὀλιγοπι-

363 1120 537 1181 στίαν,
578 1119 675 1170 οὐκ
717 1118 780 1172 ἂν
833 1119 1154 1190 ἐπιρρώσειε
1194 1123 1313 1183 ταῖς
1350 1121 1778 1191 μυσταγωγίαις.
1814 1140 1832 1172 ι
1861 1123 1934 1174 Τὸ

361 1212 416 1263 δὲ
445 1209 891 1280 ἐσκορπισμένον,
923 1211 984 1262 οὐ
1013 1209 1086 1281 μὴ
1115 1209 1344 1282 ζητήσῃ.
1368 1231 1386 1263 ι
1419 1211 1490 1264 Τὸ
1519 1211 1930 1281 ἐκπεφοιτηκδς,

364 1305 521 1372 φησι,
555 1304 654 1370 τῆς
684 1301 899 1363 εὐθείας
927 1301 1068 1365 ὀδοῦ,
1101 1303 1194 1354 καὶ
1225 1303 1323 1373 τὴς
1357 1303 1556 1372 ἀγέλης
1597 1303 1933 1371 ἀποσκιρτᾷν

361 1394 570 1456 εἰωθὸς,
607 1393 668 1444 οὺ
716 1392 788 1462 μὴ
833 1392 1058 1464 ζητήσῃ.
1087 1392 1362 1445 τουτέστιν
1418 1393 1517 1444 οὐκ
1564 1391 1630 1444 ἂν
1675 1391 1932 1461 μεταθείη

364 1487 500 1556 πρὸς
528 1485 588 1538 τὸ
623 1484 842 1553 ἄμεινόν
869 1501 927 1536 τε
959 1483 1053 1535 καὶ
1081 1483 1201 1553 ἕχον
1232 1482 1425 1552 ὀρθῶς.
1463 1500 1480 1532 ι
1510 1483 1582 1534 Τὸ
1611 1499 1934 1552 συντετριμ-

366 1581 528 1649 μένον
546 1579 605 1630 οὐ
778 1578 1042 1647 ἰάσηται.»
1064 1576 1413 1647 Συντρίϐεται
1434 1575 1490 1628 δέ
1521 1574 1674 1646 τις,ῆ
1697 1576 1936 1645 πονηρᾶς

363 1669 556 1741 ἡδονῆς
600 1667 932 1739 ἡττώμενος,
964 1667 1055 1720 καὶ
1088 1662 1198 1719 οἷον
1227 1668 1288 1720 οὐ
1315 1666 1494 1737 φέρων
1537 1665 1636 1734 τῆς
1679 1665 1935 1735 φιλοσαρ·

2033 500 2232 544 storem
2259 504 2419 559 super
2455 497 2674 544 terram.
2709 487 2858 553 Quod
2889 484 3083 540 defecit
3128 503 3230 542 non
3277 489 3534 547 visitabit.
3571 511 3592 543 s

2034 579 2262 634 Perinde
2287 593 2349 634 ac
2368 578 2412 633 si
2441 579 2603 639 dicat,
2641 577 2783 646 quod
2815 576 3120 646 prolapsum
3143 587 3226 631 est
3257 578 3309 632 in
3357 580 3599 636 imbecil-

2033 671 2234 724 litatem
2275 670 2417 734 ﬁdei,
2447 669 2690 724 doctrina
2716 681 2868 722 sacra
2932 683 3037 722 non
3079 669 3443 727 confirmabit.
3477 689 3497 722 ‹
3536 672 3602 726 Et

2033 759 2172 827 quod
2206 760 2503 827 dispersum
2537 767 2639 820 est,
2679 773 2784 812 non
2814 758 3073 826 requiret.
3106 777 3124 809 ι
3154 757 3307 824 Quod
3374 774 3405 813 a
3458 770 3601 816 recta

2035 848 2115 900 via
2150 848 2420 910 discessit,
2453 847 2646 915 inquit,
2704 855 2759 900 et
2815 862 2843 898 a
2881 861 3042 916 grege
3070 847 3278 901 resilire
3310 847 3466 915 solet,
3494 865 3600 904 non

2035 938 2292 1006 requiret,
2325 938 2425 992 hoc
2452 949 2556 1000 est,
2580 937 2644 988 ad
2675 944 2872 990 statum
2895 937 3173 991 meliorem
3215 947 3264 992 et
3313 939 3597 1008 probatum

2037 1043 2139 1083 non
2164 1028 2458 1082 revocabit.
2495 1048 2512 1079 ι
2549 1027 2698 1094 Quod
2727 1028 3016 1082 contritum
3039 1037 3124 1082 est
3157 1043 3260 1083 non
3309 1029 3542 1084 sanabit.
3578 1047 3598 1080 ι

2035 1120 2346 1174 Conteritur
2374 1130 2549 1174 autem
2569 1119 2710 1189 quis,
2730 1130 2817 1173 aut
2844 1119 3119 1188 voluptate
3145 1136 3306 1188 prava
3331 1136 3604 1191 expugna-
3699 1149 3718 1154 -

2038 1221 2124 1267 tus
2151 1221 2204 1266 et
2239 1211 2635 1281 quodammodo
2672 1213 2873 1267 amoris
2910 1227 3090 1266 rerum
3119 1212 3418 1266 carnalium
3467 1229 3601 1282 pon-

2036 1300 2136 1355 dus
2168 1319 2269 1355 non
2312 1302 2586 1355 sustinens
2614 1341 2631 1366 ,
2683 1313 2776 1356 aut
2805 1311 2953 1357 certe
2989 1302 3273 1370 impiorum
3322 1304 3604 1358 hazreticoo

2037 1408 2154 1446 rum
2181 1393 2593 1462 deceptionibus
2625 1409 2732 1447 una
2752 1394 3005 1462 abreptus
3034 1404 3087 1447 et
3115 1395 3181 1448 ad
3210 1402 3355 1449 recte
3381 1397 3606 1450 creden-

2037 1485 2160 1539 dum
2219 1499 2346 1536 sana
2391 1494 2570 1538 mente
2613 1485 2920 1540 destitutus.
2979 1483 3165 1540 Talem
3220 1501 3408 1540 rursus
3450 1495 3609 1541 sanat

2037 1586 2220 1645 pastor
2251 1576 2446 1629 bonus.
2506 1575 2788 1646 lmperitus
2819 1585 2997 1630 autem
3051 1594 3070 1626 ‹
3135 1576 3274 1646 quod
3336 1577 3603 1646 integrum

2039 1675 2120 1721 est
2147 1682 2250 1719 non
2276 1666 2490 1735 diriget,
2546 1677 2600 1720 et
2657 1681 2847 1721 carnes
2891 1665 3186 1722 electorum
3209 1667 3509 1732 devorabit,
3555 1677 3609 1721 et

365 1762 488 1822 κίας
539 1761 600 1813 τὸ
651 1759 843 1830 βάρος”
880 1760 1046 1828 ἤγουν
1083 1760 1201 1820 ταῖς
1232 1757 1340 1810 τῶν
1387 1757 1614 1812 ἀνοσίων
1647 1755 1937 1826 αἱρετικῶν

2047 1757 2178 1812 talos
2199 1771 2387 1812 eorum
2421 1767 2713 1826 pervertet.
2749 1777 2768 1810 ι
2797 1757 3139 1826 Oppugnabit
3196 1757 3341 1812 enim
3390 1768 3607 1812 sanctos

365 1853 599 1912 ἀπάταις
636 1849 1103 1919 συνηρπασμένος,
1133 1848 1226 1901 καὶ
1255 1848 1383 1914 ὑγιᾶ
1407 1847 1495 1899 τὸν
1523 1845 1646 1898 νοῦν
1677 1846 1776 1897 οὐκ
1799 1843 1934 1914 ἔχων

365 1943 444 2004 εῖς
493 1958 556 2008 γε
608 1941 668 1992 τὸ
718 1940 910 2011 χρῆναι
965 1939 1237 1991 πιστεύειν
1264 1938 1454 2008 ὀρθῶς.
1488 1937 1686 1989 Τοῦτον
1717 1935 1876 1988 πάλιν
1908 1937 1936 1987 ὁ

366 2029 568 2097 ἁγαθος
619 2030 756 2082 ἰᾶται
805 2028 1102 2098 ποιμήν.¹’0
1129 2045 1192 2097 γε
1235 2028 1342 2099 μὴν
1381 2027 1625 2097 ἄπειρος,
1659 2045 1677 2078 t
1706 2026 1779 2078 Τὸ
1822 2025 1936 2078 ὁλό-

367 2121 568 2190 κληρον
591 2120 652 2172 οὐ
682 2119 756 2190 μὴ
785 2118 1109 2192 κατευθῦνῃ,
1140 2121 1234 2172 κοιλ⁸
1268 2119 1335 2172 τά
1367 2119 1503 2190 κρέα
1533 2119 1638 2173 τῶν
1665 2119 1936 2172 ἐκλεκτῶν

367 2210 765 2279 καταφάγεται,
798 2210 891 2264 καὶ
927 2212 1051 2274 τοὺς
1088 2210 1460 2281 ἀστραγάλους
1503 2210 1681 2264 αὐτῶν
1721 2211 1938 2282 ἐκστρέ-

366 2303 477 2374 ψει.
514 2321 531 2354 ι
578 2301 877 2372 Πολεμήσει
907 2299 1015 2371 γάρ
1039 2303 1150 2364 τοῖς
1180 2301 1351 2368 ἁγίοις
1374 2302 1401 2353 ὁ
1425 2301 1523 2371 τῆς
1556 2301 1780 2369 ἀνομίας
1802 2301 1938 2366 υίὸς,

369 2393 462 2445 καὶ
514 2391 766 2461 ἀχάλινον
818 2392 996 2453 αὐτοῖς
1051 2391 1280 2458 ἐπαφεὶς
1312 2388 1410 2459 τὴν
1442 2388 1628 2460 ὀργὴν,
1659 2391 1942 2460 μονονουχὶ

371 2488 464 2539 καὶ
496 2484 890 2556 κρεωνομήσει,
922 2483 1014 2534 καὶ
1047 2481 1424 2550 καταφάγεται
1446 2480 1611 2551 θηρὸς
1641 2481 1832 2551 ἀγρίου
1860 2481 1941 2534 δί-

371 2593 492 2646 κην.
511 2573 826 2644 Ἑκστρέψει
858 2573 913 2626 δέ
947 2573 1041 2625 καλ⁵
1068 2573 1190 2635 τοὺς
1219 2573 1612 2642 ἀστραγάλους,
1642 2573 1728 2624 ἵνα
1757 2573 1830 2643 μή
1855 2589 1938 2636 τις

370 2664 482 2735 ἔχοι
537 2665 598 2718 τὸ
649 2665 958 2734 ὀρθοποδεῖν
1015 2659 1293 2716 δύνασθαι.
1358 2663 1765 2716 Καταϐιάσεται
1830 2662 1938 2733 γὰρ

371 2759 696 2827 προσκυνεῖν
763 2755 908 2824 αὐτῷ
944 2793 958 2816 ,
1020 2754 1413 2822 καταπλήττων
1463 2755 1575 2816 τοῖς
1621 2751 1892 2822 θαύμασιν
1920 2770 1934 2783 ο

378 2848 567 2916 σἘχει
590 2845 696 2914 γὰρ
724 2845 820 2915 τὴν
854 2843 1152 2914 παρουσίαν
1184 2844 1303 2895 κατ’
1331 2843 1607 2912 ἐνέργειαν
1643 2841 1736 2896 τοῦ
1765 2843 1940 2895 Σατα-

2042 1849 2186 1903 ﬁlius
2243 1849 2564 1917 iniquitatis,
2591 1857 2647 1904 et
2670 1851 2748 1902 ira
2777 1850 3038 1904 indomita
3077 1863 3170 1903 eos
3194 1849 3453 1904 invadens
3480 1863 3606 1919 pro-

2041 1942 2322 2008 pemodmn
2365 1941 2662 2005 dilaniabit,
2682 1951 2734 1995 et
2763 1941 2932 1996 instar
2952 1941 3269 1995 truculenta:
3308 1941 3491 1995 bestia:
3512 1941 3607 1995 de-

2042 2034 2274 2087 vorabit.
2306 2032 2586 2088 Pervertet
2613 2034 2773 2088 etiam
2806 2033 2962 2100 talos,
2979 2048 3046 2088 ne
3089 2033 3210 2103 quis
3267 2041 3416 2089 recto
3445 2047 3602 2102 passu

2044 2123 2253 2192 ingredi
2278 2132 2459 2192 queat.
2484 2124 2650 2195 Coget
2678 2124 2830 2180 enim
2859 2138 2917 2179 se
2943 2123 3172 2178 adorare
3225 2124 3380 2178 miris
3428 2125 3610 2193 operi-

2042 2215 2142 2268 bus
2162 2213 2580 2282 obstupefactos.
2607 2233 2628 2266 ‹
2662 2215 2823 2285 Cujus
2857 2216 3118 2270 adventus
3146 2214 3440 2270 secundum
3468 2230 3599 2285 ope-

2044 2305 2308 2360 rationem
2335 2303 2570 2370 Satanae,
2597 2314 2650 2360 et
2684 2305 2736 2359 in
2789 2305 3073 2361 Beelzebul
3102 2306 3222 2360 edet
3255 2312 3498 2374 portenta
3533 2307 3604 2373 ’⁸,

2045 2403 2104 2448 ιιι
2134 2395 2185 2448 in
2208 2409 2446 2449 errorem
2486 2395 2782 2460 induceret,
2830 2397 2876 2452 si
2924 2396 3038 2451 ﬁeri
3061 2410 3262 2467 posset,
3313 2402 3475 2457 etiam
3503 2402 3613 2456 ele-

2045 2492 2161 2538 ctos
2189 2484 2265 2545 ὀς
2299 2503 2315 2534 ι
2351 2492 2406 2538 et
2439 2493 2495 2536 ut
2518 2485 2593 2538 ait
2623 2483 2892 2550 Salvator,
2940 2504 2957 2536 ι
2983 2501 3089 2540 non
3126 2486 3279 2543 ﬁeret
3308 2490 3452 2544 salva
3494 2507 3612 2546 om.

2047 2571 2130 2625 nis
2157 2576 2289 2625 caro
2323 2572 2388 2636 '°,
2431 2591 2450 2623 ι
2486 2571 2630 2625 illius
2680 2573 2915 2642 potentia
2944 2582 3130 2627 contra
3168 2590 3354 2631 omnes
3380 2576 3608 2633 furente.

2050 2681 2068 2714 ι
2103 2662 2328 2732 Propter
2344 2663 2544 2718 electos
2571 2673 2750 2718 autem
2804 2665 3186 2720 breviabuntur
3215 2666 3331 2721 dies
3387 2668 3545 2722 illi".
3587 2689 3606 2719 ι

2045 2782 2116 2792 -
2156 2773 2173 2805 σ
2211 2753 2502 2808 lutcrﬁciet
2554 2755 2696 2808 enim
2753 2755 2901 2809 illum
2969 2755 3228 2812 Dominus
3265 2757 3458 2827 spiritu
3499 2760 3611 2813 oris

2048 2845 2153 2908 sui,
2191 2855 2243 2900 et
2274 2847 2519 2901 destruet
2545 2846 2899 2902 illustratione
2933 2847 3196 2904 adventus
3221 2849 3302 2903 sui
3344 2849 3410 2902 δ’.
3445 2867 3464 2899 ι

371 2941 460 3003 νᾶ,
494 2939 587 2992 καὶ
615 2939 672 2989 ἐν
702 2935 1026 2998 Βεελζεὸοὺλ
1067 2934 1278 3004 ποιήσει
1311 2934 1532 3004 τέρατα,
1601 2933 1742 2986 ὥστε
1809 2935 2099 3005 πλανῆσαι,
2134 2937 2182 2989 εί
2252 2938 2498 3000 δυνατὸν,
2526 2940 2618 2992 καὶ
2671 2939 2795 3002 τοὺς
2821 2937 3129 3005 ἐκλεκτοὺς,
3158 2960 3176 2991 ι
3215 2935 3367 3016 καὶῇ
3403 2959 3564 3013 φησιν
3587 2944 3616 2995 ὁ

371 3029 584 3100 Σωτὴρ,
626 3047 643 3079 ι
677 3028 789 3080 Οὐκ
832 3026 896 3080 ἂν
942 3023 1118 3095 ἐσώθη
1173 3027 1319 3078 πᾶσα
1366 3025 1520 3096 σὰρξ,
1555 3043 1571 3076 ι
1611 3025 1940 3096 μαινομένης
1977 3025 2114 3080 κατά
2181 3028 2396 3081 πάντων
2430 3029 2529 3098 τῆς
2598 3029 2804 3081 ἐκείνου
2848 3027 3174 3094 πλεονεξίας.
3229 3047 3248 3080 ι
3280 3030 3378 3082 Διὰ
3409 3030 3618 3093 δέδτοὺς

371 3123 661 3185 ἐκλεκτοὺς
705 3119 1163 3190 κολοϐωθήσονται
1214 3119 1269 3171 αἱ
1313 3119 1514 3189 ἡμέραι
1565 3120 1788 3172 ἐκεῖναι.
1818 3137 1836 3168 ι
1872 3147 1938 3158 -
1979 3121 2224 3175 (Ἄνελεί
2286 3121 2394 3191 γὰρ
2459 3121 2620 3174 αὑτὸν
2661 3123 2688 3174 ὁ
2728 3120 2930 3190 Κύριος
2959 3121 3034 3191 τῷ
3064 3122 3354 3193 πνεύματι,
3389 3123 3480 3176 καὶ
3520 3140 3618 3176 κα-

371 3217 635 3286 ταργήσει
667 3217 730 3284 τῇ
759 3211 1047 3282 ἐπιφανείᾳ
1075 3210 1172 3280 τῆς
1202 3211 1501 3280 παρουσίας
1532 3209 1718 3264 αὐτοῦ.
1749 3227 1766 3258 ι

443 3349 511 3405 Ὦ
549 3355 604 3405 oi
644 3348 1061 3418 ποιμαίνοντες
1109 3347 1180 3400 τὰ
1205 3347 1454 3417 μάταια,
1485 3347 1582 3400 καί
1609 3349 1662 3400 οἱ
1697 3348 1947 3399 καταλε-

2123 3346 2288 3400 νειιε.
2337 3347 2422 3398 17.
2459 3345 2502 3399 0
2537 3347 2623 3414 qui
2654 3345 2866 3412 pascitis
2911 3361 3064 3409 vana,
3097 3353 3145 3398 et
3217 3345 3307 3414 qui
3331 3346 3616 3416 reliquistis

373 3440 650 3504 λοιπότες
679 3438 750 3490 τὰ
779 3439 1058 3504 πρόϐατα,
1083 3437 1344 3506 μάχαιρα
1374 3436 1470 3488 ἐπὶ
1493 3435 1598 3488 τοῦ
1616 3435 1945 3504 ,βραχίονος

374 3531 583 3594 αὐτοῦ,
616 3530 713 3582 καὶ
735 3528 836 3582 ἐπὶ
868 3529 976 3581 τὸν
1012 3527 1328 3596 ὀφθαλμὸν
1363 3526 1470 3580 τὸν
1505 3526 1707 3590 δεξιὸν
1735 3526 1942 3581 αὐτοῦ.

387 3624 448 3676 Ὀ
465 3621 742 3689 βραχίων
772 3619 958 3674 αὑτοῦ
1002 3619 1428 3686 ξηραινόμενος
1467 3617 1904 3685 ξηρανθήσθεται
1927 3657 1941 3679 ,

377 3716 472 3769 καὶ
503 3718 534 3768 o'
559 3713 868 3782 ὀφθαλμὸς
929 3715 962 3766 ὀ
1012 3711 1209 3776 δεξιὸς
1253 3709 1438 3764 αὐτοῦ
1467 3709 1947 3777 ἐκτυφλοὺμενος

376 3805 928 3874 ἑκτυφλωθήσεται.

447 3938 574 3991 ﬂE’.
625 3937 909 4006 Γεγονότος
969 3937 1113 4002 ἅπαξ
1168 3937 1259 3989 τοῦ
1304 3936 1462 4004 λόγου
1515 3935 1643 4006 περὶ
1695 3935 1947 4005 ποιμένος

376 4031 625 4100 ἀπείρου,
670 4029 946 4100 μονονουχὶ
973 4029 1066 4081 καὶ
1092 4027 1474 4096 ἐπιστυγνάζει
1500 4027 1684 4078 λοιπὸν
1716 4028 1826 4088 τοῖς
1873 4025 1947 4095 μὴ

378 4125 600 4193 ἀγαθοῖς
627 4123 868 4194 ποιμέσι,
906 4123 999 4175 καὶ
1031 4122 1391 4192 γενικώτατόν
1431 4139 1552 4174 τινα
1597 4121 1794 4189 τρόπον
1815 4120 1948 4190 χρῆ-

380 4216 746 4286 ταιτῷλόγῳ,
802 4216 872 4268 τὰ
921 4218 1033 4279 τοῖς
1062 4209 1164 4269 ὧδε
1205 4214 1429 4284 γνώμης
1465 4213 1643 4282 ἔχουσι
1675 4209 1950 4281 συμϐησό-

382 4327 518 4379 μενα
539 4305 964 4378 προαναφωνῶν.
983 4306 1172 4376 Ἀθρει
1195 4304 1301 4374 γὰρ
1324 4305 1397 4365 ὡς
1421 4303 1519 4372 ήδη
1543 4303 1638 4364 τὰς
1665 4301 1763 4370 τῆς
1787 4299 1952 4369 ρᾳθυ-

384 4400 510 4470 μίας
533 4397 908 4452 ἀποτιννύουσι
950 4397 1103 4460 δίκας
1152 4396 1291 4465 τάχα
1339 4411 1443 4445 που
1479 4394 1571 4444 καὶ
1603 4391 1858 4456 συναλγεῖ
1885 4390 1949 4441 δι’

381 4491 619 4559 ἔμφυτον
648 4489 983 4558 ἡμερότητα,
1012 4486 1106 4539 καὶ
1144 4485 1483 4538 καταιτιᾶται
1518 4481 1635 4550 μὲν,
1659 4480 1739 4530 ὅτι
1761 4478 1950 4547 ποιμέο

383 4597 470 4642 νες
493 4579 748 4647 γεγόνασι
770 4577 878 4630 τῶν
906 4577 1170 4648 ματαίων,
1189 4574 1432 4628 τουτέστι
1465 4570 1574 4622 τῶν
1602 4568 1950 4640 προσκαίρων

2048 3455 2186 3501 oves,
2205 3439 2412 3508 gladius
2443 3451 2601 3504 super
2630 3437 2900 3489 brachium
2935 3434 3070 3503 ejus,
3121 3444 3170 3487 et
3226 3452 3382 3504 super
3408 3439 3616 3491 oculum

2047 3531 2317 3583 dexterum
2394 3527 2525 3596 ejus.
2594 3526 2878 3579 Bracltt'um
2944 3525 3058 3592 ejus
3131 3527 3385 3580 siccatum
3445 3529 3615 3582 sicca-

2048 3622 2206 3683 bitur,
2261 3630 2306 3672 et
2343 3619 2523 3672 oculus
2585 3617 2769 3670 dexter
2814 3617 2930 3685 ejus
2979 3625 3270 3671 exmeatus
3333 3619 3617 3675 exca’cabi-

2047 3721 2149 3763 ιιιτ.

2121 3925 2378 3980 LXXXV.
2410 3925 2671 3994 Suscepto
2695 3924 2857 3980 semel
2880 3938 3130 3978 sermone
3159 3925 3225 3979 de
3265 3933 3481 3992 pastore
3511 3925 3614 3977 im-

2050 4015 2244 4085 perito,
2269 4015 2622 4068 contristatur
2647 4011 2921 4082 quasijam
2956 4026 3115 4080 super
3149 4013 3456 4081 pastoribus
3504 4029 3610 4066 non

2053 4107 2224 4170 bonis,
2254 4115 2305 4158 ει
2339 4105 2624 4158 admodum
2670 4105 2967 4172 generatim
3019 4103 3274 4171 loquitur,
3315 4105 3387 4157 ita
3436 4104 3618 4158 animo

2050 4197 2256 4251 aﬂ'ectis
2281 4207 2538 4250 eventura
2563 4195 2950 4262 prurnttntians.
2984 4193 3115 4248 Vide
3158 4205 3333 4249 autem
3357 4198 3618 4266 quemad-

2054 4287 2265 4340 modum
2298 4301 2440 4339 nunc
2487 4300 2677 4354 pinnas
2740 4287 2948 4339 inertia:
3002 4287 3297 4352 pendentes
3374 4288 3619 4343 fortassis

2051 4373 2212 4426 etiam
2249 4371 2678 4432 commiseratur,
2707 4380 2925 4438 propter
2969 4371 3184 4425 insitam
3240 4375 3617 4426 mansuetudi-

2053 4482 2174 4524 nem
2213 4483 2226 4519 :
2291 4479 2600 4534 quanquam
2624 4471 2841 4518 accusat
2868 4463 3153 4531 cos,771
3190 4465 3330 4531 quod
3373 4473 3618 4532 pastores

2056 4577 2313 4616 vanorum
2341 4559 2467 4614 facti
2490 4559 2618 4622 sint,
2647 4558 2745 4610 hoc
2763 4566 2863 4619 est,
2893 4557 3265 4624 temporalium
3291 4566 3620 4625 satagentes,

381 4646 731 4740 ἐπιμεληταὶ,
759 4646 986 4738 ῥᾴθυμοι
1017 4646 1070 4719 δέ
1104 4665 1296 4728 οὕτως,
1323 4663 1397 4725 ὡς
1426 4657 1813 4728 ἐπιγάννυσθαι
1842 4659 1952 4718 τοῖς

2059 4653 2192 4704 adeo
2229 4661 2404 4704 autem
2435 4649 2708 4709 socordes,
2734 4646 2973 4699 utetiam
3005 4660 3167 4713 super
3207 4646 3400 4700 ovibus
3426 4646 3624 4701 misere

382 4760 674 4830 προϐάτοις
705 4758 901 4821 ἀθλίως
927 4757 1249 4810 διολωλόσιν.
1300 4756 1362 4806 Οἱ
1402 4753 1498 4823 μὲν
1525 4752 1631 4821 γὰρ
1654 4748 1952 4810 πωλοῦντες

382 4853 587 4918 ἔλεγον·
626 4870 644 4901 ι
681 4850 982 4919 Εὐλογητὸς
1015 4849 1236 4918 Κύριος,
1279 4847 1370 4898 καὶ
1413 4845 1890 4912 πεπλουτήκαμεν.
1930 4860 1948 4891 ι

381 4945 444 4997 Οἱ
473 4944 529 4996 δὲ
563 4943 904 5010 κατέσφαζον
943 4958 998 4994 τε
1033 4943 1124 4994 καὶ
1156 4941 1254 4992 οὐκ
1286 4939 1520 5007 ἔπασχον
1558 4936 1708 4988 οὐδὲν
1742 4937 1826 4986 ἐπ’
1861 4934 1956 4985 αὑ-

381 5037 511 5095 τοῖς·
563 5034 658 5086 τοῦ
704 5033 809 5104 γὰρ
849 5034 1048 5104 χρῆναι
1085 5032 1394 5101 ποιμαίνειν
1440 5027 1635 5100 ὀρθῶς,
1665 5027 1838 5086 οὐδεὶς
1888 5021 1956 5094 ἦν

384 5125 513 5194 παρ’
544 5126 720 5186 αὐτοῖς
742 5125 914 5191 λόγος.
947 5123 1189 5176 Τοιοῦτοι
1223 5123 1278 5175 δὲ
1305 5119 1442 5192 ἦσαν
1465 5123 1512 5174 οἱ
1539 5122 1645 5173 τῶν
1692 5119 1956 5172 Ἰουδαίων

383 5216 716 5286 καθηγηταὶ,
748 5215 1012 5278 κλείοντές
1043 5233 1101 5267 τε
1134 5215 1230 5285 τὴν
1256 5214 1535 5284 βασιλείαν
1560 5212 1667 5264 τῶν
1691 5208 1953 5278 οὐρανῶν,

383 5307 529 5360 καθά
557 5323 720 5376 φησιν
749 5309 776 5358 ὁ
806 5307 1058 5375 Χριστὸς,
1095 5326 1112 5356 ι
1158 5307 1266 5359 Καὶ
1304 5306 1440 5374 μήτε
1465 5303 1616 5356 αὐτοὶ
1645 5299 1957 5370 εἰσερχόμε-

382 5414 486 5459 νοι,
518 5399 655 5467 μήτε
687 5397 792 5467 μὴν
821 5399 1035 5466 ἐτέρους
1062 5397 1308 5464 ἀφιέντες
1337 5395 1613 5448 εἰσελθεῖν·
1638 5391 1774 5444 ἀλλὰ
1804 5407 1956 5461 περι-

384 5489 610 5557 άγοντες
645 5488 742 5558 μέν
765 5488 862 5558 τὴν
908 5488 1182 5541 θάλασσαν
1217 5488 1308 5540 καὶ
1335 5487 1432 5556 τὴν
1464 5482 1652 5554 ξηρὰν,
1683 5484 1768 5535 ἵνα
1802 5483 1956 5551 ποιή-

458 5599 506 5630 ”
545 5599 580 5653 ll
615 5599 805 5655 Thess.
848 5616 922 5662 tt,
954 5601 1108 5654 5-H.
1180 5601 1224 5631 ”
1264 5599 1448 5653 Matth.
1493 5612 1640 5659 xxn’,
1671 5595 1760 5649 ει.

384 5669 433 5703 ³⁸
468 5669 653 5725 Matth.
678 5685 836 5727 χχιιι.
869 5671 953 5723 15.

707 5762 976 5825 PATROL.
1028 5764 1142 5824 Gn.
1196 5761 1436 5823 LXXII.

1839 5594 1884 5625 ³ο
1913 5591 2043 5648 Ibid.
2075 5590 2164 5644 Ἡ.

2060 4743 2407 4813 pereuntibus
2432 4740 2764 4795 lmtarentur.
2797 4735 2898 4789 Alii
2924 4751 3154 4806 namque
3200 4737 3490 4793 vendentes
3531 4752 3626 4792 eas

2062 4834 2310 4890 dicebant
2344 4853 2358 4887 :
2425 4853 2442 4884 ‹
2480 4831 2800 4886 Benedictus
2821 4827 3100 4892 Dominus,
3127 4838 3176 4884 et
3207 4829 3399 4884 divites
3443 4829 3624 4885 evasi-

2065 4943 2182 4982 mus
2212 4927 2275 4980 ³³.
2308 4945 2326 4979 ι
2354 4925 2455 4982 Alii
2484 4940 2609 4981 vero
2642 4923 2978 4988 occidebant,
3003 4936 3101 4976 uec
3131 4921 3422 4990 quidquam
3474 4936 3623 4975 com-

2066 5019 2416 5074 movebantur
2446 5033 2460 5078 ;
2497 5031 2618 5068 nam
2645 5025 2703 5068 ut
2740 5024 2884 5068 recte
2917 5025 3220 5082 pascercnt,
3263 5013 3312 5065 id
3359 5025 3490 5066 sane
3521 5025 3624 5064 non

2063 5112 2342 5164 curabant.
2403 5108 2560 5162 Tales
2597 5121 2755 5174 porro
2791 5112 2946 5158 erant
2997 5103 3243 5158 doctores
3291 5102 3622 5163 Judazorum,

2072 5223 2088 5252 ι
2112 5203 2420 5257 claudentes
2443 5214 2665 5270 regnum
2691 5198 3004 5260 caelorum,»
3029 5197 3168 5251 sicut
3185 5196 3258 5248 ait
3275 5195 3521 5249 Christus
3546 5194 3590 5223 ³³
3610 5233 3626 5258 ,

2072 5313 2090 5345 ‹
2123 5305 2178 5350 ει
2209 5307 2382 5364 neque
2401 5292 2500 5360 ipsi
2529 5291 2924 5356 intrantes,nec
2959 5287 3316 5342 aliosintrare
3345 5285 3584 5340 sitientes
3612 5301 3625 5314 ·

2064 5387 2156 5439 sed
2186 5386 2581 5439 circumeuntes
2610 5394 2758 5436 mare
2783 5388 2838 5434 et
2867 5377 3096 5442 aridam,
3149 5385 3204 5428 ut
3238 5373 3436 5428 faciant
3463 5390 3626 5430 unum

2063 5475 2514 5546 prosclytum,qui
2539 5489 2656 5528 cum
2684 5473 2855 5526 factus
2884 5469 3064 5535 fuerit,
3089 5467 3292 5521 faciunt
3315 5482 3433 5521 cum
3463 5467 3626 5520 (ilium

2245 5591 2285 5621 ³¹
2322 5588 2454 5643 Ibid.
2533 5589 2574 5618 ³⁸
2608 5586 2650 5639 ll
2681 5585 2871 5639 Thess.
2907 5599 2968 5649 tt,
3000 5582 3054 5637 8.
3133 5583 3176 5614 ³³
3210 5582 3436 5641 Zacbar.
3464 5597 3544 5652 χι,
3570 5580 3622 5639 ὅ.

3209 5744 3241 5808 7
