4042 6196
412 329 515 381 ειιδ

1394 313 1455 372 S.
1501 313 1776 371 CYRILIJ
1816 307 2284 366 ALEXANDRINI
2326 304 2641 365 ARCIIIEP.

3564 303 3669 356 ‘20}

413 447 668 517 gehennm
693 441 907 513 duplum
944 454 1102 511 quam
1152 438 1251 507 ipsi
1293 446 1420 492 sunt
1443 437 1506 490 ".
1552 455 1568 488 ι
1632 434 1770 500 Quid
1826 435 1983 505 igitur

2102 450 2221 484 ιωσι
2261 432 2356 483 ἕνα
2394 430 2753 501 προσήλυτον,
2814 428 2861 479 εἰ
2908 425 2964 478 δὲ
2992 422 3057 494 δὴ
3122 421 3353 490 γένοιτο,
3386 419 3667 483 ποιοῦντες

413 541 546 594 adeo
579 538 836 606 improbis
892 531 1199 602 pastoribus
1254 529 1511 584 eveniet?
1563 548 1579 580 ι
1620 527 1869 587 Gladius.
1905 528 1985 580 in—

412 633 547 702 quit,
574 644 735 698 super
759 624 1037 682 brachium
1063 622 1253 694 ipsius,
1282 629 1336 676 et
1364 636 1527 691 super
1556 624 1769 675 oculum
1800 620 1986 673 dexte-

411 740 529 779 rum
556 723 688 791 ejus.
728 739 745 773 ι
780 718 1056 773 Brac/tt'um
1077 730 1171 786 pro
1190 714 1398 769 viribus
1450 723 1503 767 et
1539 722 1662 783 typo
1689 710 1987 766 elﬁcientia:

412 813 706 884 spiritualis
727 811 1008 880 accipitur.
1039 807 1221 877 Itaque
1256 807 1321 861 de
1352 804 1683 859 animalibus
1710 802 1905 856 occisis
1933 800 1983 853 in

413 920 569 960 sacro
616 899 959 957 tabernaculo
997 898 1193 954 selecta
1237 896 1392 951 altari
1447 903 1635 948 sancto
1679 908 1802 961 pars
1859 892 1986 944 bra-

415 996 616 1056 chium,
642 1008 735 1047 seu
769 1006 954 1046 armus
982 998 1118 1055 erat,
1170 997 1243 1043 et-
1269 1000 1485 1042 sacrum
1537 983 1821 1039 donarium
1858 981 1986 1043 Deo.

413 1086 729 1141 ostendente
753 1084 1051 1152 Scriptura,
1079 1090 1137 1135 ut
1167 1080 1437 1141 existimo,
1461 1077 1562 1131 sub
1593 1077 1820 1145 qtmdam
1848 1077 1986 1129 inte~

415 1182 692 1245 gumento,
748 1174 858 1227 Deo
913 1172 1158 1241 proprias
1206 1168 1449 1238 corporis
1511 1176 1564 1221 et
1587 1166 1809 1235 spiritus
1845 1165 1988 1220 vires

414 1265 722 1321 consecrari
769 1273 1038 1333 oportere.
1098 1260 1385 1315 Brachium
1452 1267 1632 1312 autem
1686 1256 1991 1326 signiﬁcare

418 1360 580 1423 vires,
614 1356 904 1411 testabitur
934 1354 1150 1424 quidam
1172 1359 1503 1413 sanctorum,
1549 1349 1715 1403 Deum
1771 1348 1990 1401 univer-

417 1466 598 1504 sormn
630 1450 947 1517 alloquens:
990 1463 1007 1497 ι
1058 1443 1425 1515 Magnitudine
1457 1439 1662 1494 brachii
1715 1438 1794 1493 tui
1858 1438 1991 1490 [iant

420 1551 475 1595 nt
514 1542 719 1609 lapides
748 1539 814 1595 ³⁸.
852 1557 868 1588 ι
924 1536 1121 1592 Oculus
1171 1543 1351 1587 autem
1418 1532 1615 1586 mentis
1669 1529 1845 1599 imago
1885 1536 1989 1582 est.

416 1630 664 1684 Patietur
717 1629 906 1698 itaque
961 1627 1049 1695 qui
1102 1639 1210 1679 non
1262 1630 1405 1676 recte
1464 1620 1640 1691 pascit
1672 1617 1882 1674 brachii
1937 1625 1991 1671 et

418 1722 557 1777 oculi
593 1720 1008 1781 mutilationem,
1035 1717 1136 1771 hoc
1154 1724 1258 1778 est,
1289 1723 1343 1769 et
1365 1727 1393 1766 a
1424 1725 1686 1781 corporeo
1730 1719 1784 1763 et
1824 1723 1854 1762 a
1886 1708 1994 1776 spi-

2094 524 2255 578 αὐτὸν
2289 524 2403 575 υἱὸν
2440 523 2665 591 γεέννης
2696 520 3025 590 διπλὼτερον
3066 513 3293 567 ἑαυτῶν.
3335 532 3354 565 ι
3398 514 3463 565 Τί
3486 513 3548 582 δὴ
3576 508 3668 565 οὖν

2091 618 2199 687 ἄρα
2230 620 2342 679 τοῖς
2369 616 2512 668 οὓτω
2544 615 2795 686 πονηροῖς
2820 611 3045 681 ποιμέσι
3090 607 3430 678 συμϐήσεται
3458 622 3473 670 ;
3507 623 3524 655 ι
3550 605 3669 658 Μά-

2089 727 2275 779 χαιρα,
2301 708 2488 778 φησιν,
2516 706 2609 759 ὲπὶ
2637 706 2729 759 τού
2788 703 3073 775 βραχίονος
3120 698 3306 765 αὑτοῦ,
3339 699 3433 751 καὶ
3458 697 3551 749 ἐπὶ
3578 696 3672 748 τὸν

2088 806 2363 876 ὀφθαλμὸν
2388 804 2478 857 τὸν
2500 801 2671 867 δεξιὸν
2704 798 2889 855 αὑτοῦ.
2930 818 2948 851 ι
2986 794 3331 867 Λαμϐἀνεται
3375 792 3430 845 δὲ
3464 793 3497 843 ό
3516 792 3670 858 βρα-

2090 899 2237 967 χίων
2279 898 2358 959 είς
2400 894 2631 965 δύναμίν
2686 910 2746 946 τε
2810 892 2905 945 καί
2934 891 3105 943 τύπον
3143 888 3242 956 τῆς
3293 883 3671 954 πνευματικῆς

2090 987 2391 1055 ἐνεργείας.
2426 983 2537 1037 Καὶ
2592 980 2724 1050 γοῦν
2774 979 2882 1032 τῶν
2936 974 3291 1045 σφαζομένων
3318 971 3472 1037 ζώων
3502 973 3559 1024 ὲν
3602 972 3670 1040 τῇ

2090 1079 2220 1148 ἁγίᾳ
2268 1078 2439 1147 σκηνῇ
2472 1074 2767 1129 ἀπόλεκτον
2796 1071 2872 1141 τῷ
2904 1068 3033 1139 θείῳ
3080 1063 3448 1134 θυσιαστηρίῳ
3486 1063 3672 1133 μέρος,

2088 1172 2117 1224 6
2150 1170 2388 1241 βραχίων
2414 1164 2502 1239 ἦν,
2531 1166 2624 1219 καὶ
2652 1165 2793 1234 ἱερὸν
2822 1160 3077 1231 ἀνάθημα
3119 1158 3198 1228 τῷ
3221 1156 3360 1228 Θεῷ,
3392 1154 3673 1225 ύπεμφαί-

2088 1278 2291 1321 νοντος,
2332 1258 2507 1330 οἶμαι,
2535 1256 2627 1309 τοῦ
2664 1256 2821 1323 λόγου
2852 1253 2918 1306 δι’
2955 1251 3295 1321 αἰνίγματος,
3339 1249 3421 1301 ὅτι
3446 1248 3523 1317 τῷ
3557 1244 3676 1314 Θεῷ

2090 1353 2187 1423 τὴν
2222 1352 2358 1404 ἰδίαν
2410 1349 2704 1404 ἀναθετέον
2767 1346 2918 1414 ἰσχὺν
2973 1341 3069 1412 τὴν
3111 1341 3429 1411 σωματικήν
3486 1354 3546 1389 τε
3583 1337 3678 1390 καὶ

2092 1443 2487 1513 πνευματικήν.
2532 1440 2653 1492 Ὀτι
2685 1437 2741 1489 δὲ
2792 1437 2819 1488 6
2874 1433 3110 1505 βραχίων
3150 1428 3550 1499 κατασημαίνει
3578 1427 3678 1495 τὴν

2090 1534 2339 1604 δύναμιν,
2374 1529 2705 1585 πιστώσεταί
2737 1545 2821 1591 τις
2873 1527 2980 1580 τῶν
3043 1526 3233 1593 ἁγίων,
3268 1523 3345 1592 τῷ
3396 1522 3503 1574 τῶν
3542 1509 3679 1572 ὂλῶν

2092 1627 2211 1696 Θεῷ
2256 1620 2760 1697 προσπεφωνηκὼςο
2798 1638 2815 1671 t
2840 1617 3075 1687 Μεγέθει
3111 1613 3392 1686 βραχίονός
3429 1629 3520 1665 σου
3550 1612 3683 1664 ἀπο·

2094 1719 2501 1789 λιθωθήτωσαν.
2541 1734 2558 1766 ι
2646 1714 2703 1767 Ὀ
2751 1712 2806 1766 δέ
2859 1728 2922 1779 γε
2973 1708 3249 1779 ὀφθαλμὸς
3291 1708 3353 1759 ὲκ
3382 1704 3473 1759 νοῦ
3506 1703 3680 1756 τύπον

421 1813 598 1868 rituali
622 1813 816 1867 robore
836 1809 1134 1863 deseretur.
1165 1804 1279 1861 Non
1346 1805 1489 1861 enim
1542 1800 1819 1874 quidpiam
1874 1799 1999 1856 boni

2104 1810 2456 1881 λαμϐάνεται.
2487 1807 2737 1860 Πείσεται
2765 1804 2827 1875 δὴ
2862 1800 2955 1856 οὖν
2981 1804 3009 1854 ό
3042 1800 3116 1871 μὴ
3172 1797 3473 1868 ποιμαίνων
3502 1794 3682 1866 ὀρθῶς

420 1914 678 1973 praestare
703 1897 920 1970 poterit,
962 1897 1067 1951 Deo
1110 1895 1256 1950 illum
1289 1909 1393 1949 non
1434 1892 1820 1949 corroborante
1863 1905 1875 1940 :
1942 1899 1995 1943 et

420 1997 601 2051 animo
616 1994 781 2049 obscu
792 1992 1014 2057 rabitur,
1033 1989 1123 2060 qui
1150 1986 1315 2043 divini
1338 1984 1556 2039 luminis
1571 1996 1766 2053 expers
1781 1988 1993 2045 autest,

420 2099 514 2143 aut
542 2097 819 2144 censetur.
847 2083 998 2138 Ilaud
1031 2083 1174 2136 enim
1205 2095 1324 2135 cum
1361 2076 1553 2132 ﬂdueia
1579 2075 1758 2129 dicet:
1800 2090 1820 2124 ι
1849 2071 1994 2138 Quo-

421 2180 566 2236 niam
601 2190 652 2234 ιιι
701 2174 1026 2231 illuminabis
1054 2174 1328 2228 lucernam
1362 2166 1827 2231 meam,Domine;
1858 2164 1998 2219 Deus

422 2285 597 2337 meus,
631 2267 958 2324 illuminabis
991 2263 1239 2318 tenebras
1277 2257 1503 2315 meas".
1529 2277 1546 2308 ›
1585 2257 1871 2309 Dexterum
1904 2268 1999 2305 an—

425 2376 531 2419 tem
564 2361 842 2417 brachium
869 2367 952 2413 est
974 2353 1113 2426 quod
1148 2353 1325 2425 gladio
1356 2349 1684 2420 praeciditur,
1717 2356 1773 2400 et
1801 2344 1995 2401 oculus

423 2463 612 2511 dexter
642 2455 733 2525 qui
783 2461 1113 2508 excmcatur.
1166 2446 1310 2501 Nihil
1371 2443 1513 2497 enim
1542 2442 1822 2495 dexterum
1854 2438 1997 2506 apud

424 2550 672 2620 populum
698 2546 1030 2609 Iudaeorum,
1054 2556 1158 2595 non
1188 2539 1329 2592 actio
1354 2539 1566 2590 bona...
1600 2572 1613 2586 .
1642 2530 1876 2595 Etenim,
1942 2536 1998 2580 ut

424 2652 505 2698 est
537 2640 676 2710 apud
731 2637 979 2701 Paulum,
1016 2651 1034 2684 ι
1098 2631 1279 2700 Usque
1325 2628 1486 2683 hodie
1540 2625 1756 2693 quando
1807 2621 2000 2690 legitur

424 2734 619 2798 Moses,
650 2729 894 2786 velamen
926 2738 1086 2795 super
1113 2738 1208 2778 cor
1240 2734 1425 2777 eorum
1488 2718 1721 2788 positum
1750 2722 1832 2769 est
1857 2713 1920 2764 ".
1978 2731 1993 2761 ι

424 2825 611 2881 Psallit
653 2832 707 2877 et
761 2819 957 2874 alicubi
1011 2815 1179 2870 David
1215 2813 1279 2868 de
1332 2812 1514 2882 ipsis:
1554 2829 1570 2860 ι
1631 2807 2002 2863 Obscurentnr

424 2917 565 2973 oculi
594 2929 781 2969 eorum
818 2926 885 2967 ne
903 2909 1117 2964 videant
1144 2907 1209 2959 ".
1251 2924 1267 2955 ι
1301 2902 1492 2959 Omnia
1548 2900 1711 2971 igitur
1785 2898 1999 2952 illorum

426 3007 667 3068 sinistra,
696 3002 808 3058 sive
837 3002 1093 3069 cogitata,
1121 2998 1235 3050 sive
1264 3008 1443 3049 mores
1473 2992 1641 3055 dicas,
1686 2989 1799 3042 sive
1857 2988 2000 3041 aliud

424 3112 613 3153 eorum
636 3109 753 3165 qum
782 3092 887 3146 illis
919 3090 1107 3144 adesse
1129 3085 1335 3142 credita
1357 3090 1505 3138 sunt.
1530 3082 1609 3135 Ac
1654 3080 1997 3134 sinistrorum

2101 1900 2383 1972 βραχίονός
2402 1916 2460 1951 τε
2484 1899 2575 1951 καὶ
2605 1893 2886 1965 ὀφθαλμοῦ
2916 1892 3013 1960 τὴν
3075 1894 3344 1962 πήρωσιν,
3377 1887 3681 1951 τουτέστιν,

2098 1993 2304 2063 ἔρημος
2358 1990 2511 2042 ἔσται
2546 1986 2865 2057 σωματικῆς
2930 1984 3023 2037 καὶ
3067 1979 3445 2051 πνευματικῆς
3476 1979 3678 2050 ἰσχύος.

2099 2082 2173 2134 Ού
2199 2082 2308 2151 γὰρ
2365 2076 2653 2149 δυνήσεταί
2704 2093 2757 2129 τι
2794 2073 3137 2145 κατορθῶσαι
3182 2071 3290 2125 τῶν
3350 2069 3574 2139 ἀγαθῶν
3606 2068 3683 2140 μὴ

2098 2172 2440 2244 ἐνισχύοντος
2489 2168 2653 2223 Θεοῦ·
2702 2164 3263 2235 κατασκοτισθήσεται
3328 2162 3385 2215 δὲ
3440 2161 3533 2214 καὶ
3591 2158 3683 2213 τὸν

2099 2264 2246 2326 νοῦν,
2293 2262 2559 2333 ἀμέτοχος
2591 2259 2684 2313 τοῦ
2745 2258 2890 2311 θείου
2956 2256 3132 2326 φωτὸς
3185 2253 3447 2325 ὑπάρχων
3500 2269 3557 2305 τε
3592 2251 3685 2304 καλ⁸

2099 2357 2409 2427 νοούμενος.
2448 2355 2522 2407 Οὐ
2550 2353 2658 2423 γὰρ
2685 2352 2973 2420 δυνήσεται
2999 2349 3180 2417 λέγειν
3214 2348 3279 2400 ὲκ
3332 2345 3647 2416 παρρησίας
3665 2360 3681 2375 ⁸

2108 2472 2124 2503 ι
2160 2452 2289 2503 ’Ὅτι
2328 2449 2390 2502 σὺ
2415 2448 2637 2515 φωτιεῖς
2691 2443 2884 2514 λύχνον
2913 2459 3038 2513 μου,
3070 2438 3264 2508 Κύριετ
3294 2440 3323 2492 6
3368 2437 3498 2500 Θεός
3556 2455 3683 2506 μου,

2101 2543 2323 2613 φωτιεῖς
2358 2540 2418 2592 τδ
2453 2538 2641 2600 σκότος
2702 2552 2824 2606 μου.
2853 2553 2871 2585 ι
2909 2532 3091 2597 Δεξιδς
3123 2532 3180 2584 δὲ
3206 2531 3235 2583 6
3275 2528 3514 2600 βραχίων
3556 2528 3583 2579 6
3615 2529 3682 2598 τῇ

2111 2632 2362 2702 μαχαίρᾳ
2408 2628 2772 2697 τεμνόμενος,
2821 2624 2915 2677 καὶ
2961 2621 3065 2693 μὴν
3092 2619 3188 2674 καὶ
3225 2616 3499 2689 ὀφθαλμὸς
3523 2616 3551 2669 ό
3586 2634 3685 2668 τυ-

2103 2723 2424 2793 φλούμενος.
2455 2717 2637 2782 Δεξιδν
2667 2716 2776 2788 γὰρ
2824 2714 2975 2768 οὐδὲν
3033 2712 3186 2782 παρά
3241 2713 3355 2774 τοῖς
3414 2707 3686 2762 Ἰουδαίων

2101 2816 2316 2885 δήμοις,
2377 2811 2438 2863 ού
2483 2804 2920 2879 πρᾶξιςάγαθή.
3002 2844 3016 2859 .
3098 2847 3112 2858 .
3192 2845 3206 2859 .
3286 2844 3299 2857 .
3381 2842 3394 2856 .
3477 2842 3489 2855 .
3571 2842 3584 2855 .
3666 2838 3680 2853 .

2091 2908 2178 2969 Ὠς
2201 2904 2310 2975 γὰρ
2340 2904 2367 2956 6
2396 2900 2608 2964 Παῦλός
2640 2916 2826 2969 φησιν,
2889 2915 2907 2948 ι
2943 2898 3103 2968 Ἀχρι
3137 2896 3376 2966 ἅὴμερον
3424 2893 3588 2963 ἡνίκα
3618 2893 3687 2945 ἂν

2104 2992 2542 3060 ἀναγινώσκηται
2602 2987 2825 3057 Μωσῆς,
2881 2985 3148 3055 κάλυμμα
3205 2983 3298 3036 ἐπὶ
3331 2982 3428 3054 τὴν
3456 2980 3685 3052 καρδίαν

2102 3083 2281 3139 αὐτῶν
2303 3084 2498 3136 κεῖται.
2522 3099 2539 3131 ι
2569 3079 2779 3133 Ψάλλει
2805 3077 2861 3131 δέ
2902 3095 3004 3129 που
3034 3077 3128 3129 καὶ
3160 3077 3187 3128 6
3216 3074 3383 3128 Aa6‘t6
3407 3074 3536 3145 περὶ
3588 3074 3686 3126 αύ-

426 3190 642 3260 quidem
677 3183 1002 3239 ablationcm
1032 3177 1336 3233 conducere
1360 3186 1537 3242 posse,
1570 3185 1689 3225 eam
1726 3169 1998 3224 sustineo.

2105 3176 2232 3229 τῶν’
2295 3194 2313 3225 ‹
2352 3170 2802 3241 Σκοτισθήτωσαν
2834 3168 2884 3221 οἱ
2933 3165 3202 3238 ὀφθαλμοὶ
3243 3165 3422 3220 αὐτῶν
3473 3165 3566 3220 τοῦ
3612 3166 3690 3235 μὴ

430 3258 592 3345 tibus,
627 3291 732 3330 non
778 3288 861 3327 me
892 3271 1043 3325 latet.
1095 3267 1226 3321 Nam
1280 3263 1509 3333 abjectio
1555 3261 1797 3317 stultitiae
1850 3258 1999 3313 omni

428 3369 582 3438 culpa
621 3375 675 3422 et
702 3363 897 3434 probro
921 3374 1014 3415 eos
1042 3356 1390 3419 liberaverit;
1445 3353 1607 3424 772
1649 3360 1837 3408 contra
1886 3362 1999 3411 {non

429 3457 773 3514 mediocriter
859 3451 1056 3507 laeserit
1112 3448 1423 3504 dextrorum
1480 3443 1701 3499 amissio
1739 3460 1753 3497 :
1785 3441 2003 3497 omnino

429 3551 571 3605 enim
600 3548 667 3603 ad
694 3546 980 3601 inhonesta
1029 3549 1085 3597 et
1124 3541 1358 3595 maxime
1379 3536 1735 3594 exsecrabilia
1766 3534 1999 3589 deducit.

431 3641 536 3697 Sed
564 3639 779 3697 Judazos
812 3638 1023 3700 deceat,
1054 3643 1109 3689 et
1140 3646 1399 3703 perquam
1424 3628 1829 3694 convenienter,
1879 3642 2007 3696 sp0«

431 3732 589 3786 liatos
626 3728 836 3784 dextris
894 3733 1267 3794 paupertatem
1330 3710 1617 3791 perferre:
1668 3733 1768 3775 nos
1826 3728 2005 3773 autem

432 3822 521 3891 qui
576 3832 762 3873 sumus
793 3816 844 3869 in
876 3814 1115 3876 Christo,
1151 3812 1371 3865 sinistra
1395 3812 1665 3875 amittere,
1684 3819 1737 3864 et
1805 3808 2008 3864 dextris

430 3910 672 3980 gloriari.

2111 3265 2349 3336 βλέπειν.
2377 3281 2395 3313 ι
2422 3261 2596 3314 Σκαιά
2615 3260 2679 3330 δὴ
2723 3253 2815 3312 οὖν
2854 3257 3067 3312 ἅπαντα
3093 3256 3160 3310 τὰ
3208 3257 3336 3327 παρ’
3361 3256 3565 3320 αὐτοῖς,
3586 3256 3691 3309 κᾶν

2109 3356 2303 3425 νόημα,
2330 3352 2431 3407 κᾶν
2468 3352 2666 3423 τρόπον
2691 3350 2851 3422 εἴπῃς
2870 3390 2884 3413 ,
2911 3349 3015 3403 κᾶν
3065 3348 3249 3419 ἕτερόν
3297 3366 3348 3401 τι
3377 3348 3487 3401 τῶν
3517 3363 3658 3418 προσ
3676 3379 3689 3386 -

2111 3449 2250 3500 εἶναι
2296 3441 2764 3511 πεπιστευμένων.
2821 3439 2943 3492 Τῶν
3013 3439 3113 3509 μὲν
3148 3439 3256 3509 γάρ
3296 3437 3605 3509 ἀριστερῶν
3652 3441 3686 3507 ἡ

2111 3536 2402 3607 ἀφαίρεσις
2449 3534 2690 3604 ὀνήσειεν
2724 3532 2790 3585 ἂν
2847 3527 2942 3584 οἶδ’
2983 3533 3064 3584 ὅτι
3094 3531 3221 3593 τοὺς
3294 3529 3687 3599 ὑπομένοντας.

2123 3624 2389 3695 ’Λποὸολὴ
2415 3624 2524 3694 γὰρ
2555 3621 2871 3691 σκαιότητος
2895 3620 3073 3682 αίτίας
3117 3637 3173 3671 τε
3204 3619 3297 3671 καὶ
3329 3619 3522 3689 μώμου
3552 3634 3690 3671 παν-

2110 3717 2199 3781 τὸς
2251 3716 2607 3780 ἀπαλλάξειεν
2672 3714 2737 3767 ἂν
2798 3712 3014 3773 αύτούς.
3070 3711 3371 3782 ’Δδικήσειε
3423 3711 3469 3763 δ’
3498 3709 3566 3764 ἂν
3625 3711 3690 3762 οὐ

2116 3810 2352 3881 μετρίως
2412 3810 2444 3878 ἡ
2498 3808 2605 3859 τῶν
2647 3805 2836 3870 δεξιῶν
2892 3804 3182 3869 ἀπόδειξις.
3248 3802 3537 3872 ’Λποφέρει
3579 3801 3691 3871 γὰρ

2113 3899 2333 3960 πάντως
2364 3898 2443 3959 εἰς
2472 3896 2538 3948 τά
2571 3894 2785 3963 αἰσχίω,
2818 3894 2909 3947 καὶ
2939 3892 3337 3964 βδελυρώτατοι.
3375 3892 3513 3945 Ἀλλ’
3561 3893 3692 3944 Ἰου-

430 4006 599 4068 δαίοις
628 4002 826 4073 πρέποι
860 3996 945 4062 ἂν,
986 3994 1079 4047 καὶ
1117 3992 1260 4064 μάλα
1301 3990 1547 4050 εἰκότως,
1577 3989 1638 4039 τὸ
1669 3989 1727 4039 ὲν
1789 3988 2041 4057 στερήσει
2080 3988 2338 4042 πένεσθαι
2394 3988 2501 4041 τῶν
2561 3985 2770 4051 δεξιῶνο
2802 3986 2931 4054 ἡμῖν
2999 3984 3055 4039 δὲ
3086 3988 3200 4049 τοῖς
3236 3988 3293 4040 ὲν
3327 3984 3546 4057 Χριστῷ
3592 3983 3694 4052 τὴν

433 4094 703 4164 ἀποϐολὴν
752 4088 1005 4159 γενέσθαι
1047 4082 1387 4153 σκαιότητος,
1421 4082 1516 4135 καὶ
1568 4082 1678 4143 τοῖς
1700 4076 1891 4143 δεξιοῖς
1921 4076 2331 4149 ἑναὸρύνεσθαι.

681 4239 1088 4333 TOMUS
1172 4233 1744 4339 QUINTUS.

1072 4386 1222 4444 CAP.
1255 4385 1373 4441 XII.

507 4513 673 4567 Vnus.
701 4510 752 4564 1.
802 4506 1097 4573 Assumptio
1145 4501 1289 4557 uerbi
1346 4498 1558 4554 Domini
1610 4511 1765 4565 super
1812 4492 2004 4547 Israel.

440 4606 587 4662 Dixit
614 4603 867 4658 Dominus
892 4598 1169 4651 extendens
1200 4593 1411 4657 calum,
1436 4601 1485 4644 et
1526 4589 1758 4658 [nudans
1788 4596 2006 4653 terram,

436 4707 485 4751 et
502 4698 698 4766 ﬁngens
733 4693 970 4762 spiritum
990 4687 1214 4742 hominis
1249 4686 1304 4738 in
1325 4701 1399 4740 eo.

508 4804 789 4860 LXXXVI.
818 4804 1103 4871 Postquam
1124 4798 1266 4868 quod
1306 4795 1535 4851 sufﬁciat
1572 4791 2009 4849 commodissime

439 4899 696 4953 disseruit
739 4896 805 4951 de
848 4908 976 4948 vero
1028 4899 1264 4961 pastore,
1317 4888 1418 4941 hoc
1457 4892 1539 4939 est
1588 4883 1822 4945 Christo,
1847 4890 2009 4949 atque

438 4989 603 5044 ctiam
646 4988 711 5040 de
752 4985 1024 5055 imperito,
1079 4990 1135 5035 et
1194 4975 1585 5040 crudelissimo,
1638 4981 1692 5028 et
1754 4971 2009 5026 carniﬁce

438 5077 643 5143 ovium,
668 5090 828 5144 quem
876 5070 1267 5129 Antichristqu
1329 5082 1448 5123 esse
1498 5064 1746 5129 dicimus,
1804 5060 2008 5116 utiliter

438 5169 601 5221 etiam
633 5166 935 5220 futurarum
975 5161 1263 5231 aliquando
1323 5158 1755 5227 persecutionum
1819 5161 2003 5208 contra

437 5256 1116 5323 lsraelem,etncutiquam
1157 5252 1369 5321 quidem
1435 5247 1645 5304 Israclis
1712 5244 2006 5301 secundum

438 5365 679 5415 carnem,
708 5348 803 5403 scd
831 5344 1187 5414 intelligibilis
1221 5343 1361 5396 illius
1398 5350 1452 5394 et
1517 5354 1643 5395 vere
1699 5344 1897 5392 sanctae
1918 5333 2007 5390 Je-

441 5440 694 5503 rusalem,
721 5455 839 5509 quze
867 5446 950 5493 est
981 5458 997 5488 ι
1036 5436 1277 5491 Ecclesia
1331 5432 1419 5486 Dei
1456 5431 1684 5485 viventis
1712 5430 1757 5460 ἰθ
1779 5448 1827 5494 ,ι
1857 5443 2006 5481 men-

443 5532 876 5587 tioncminducit.
906 5533 1055 5587 Sicut
1092 5532 1231 5586 enim
1261 5527 1554 5582 asscrimus
1603 5539 1724 5579 esse
1752 5522 2004 5589 intelligi—

513 5650 555 5679 ³⁵
589 5649 771 5708 Matth.
798 5666 947 5705 X\lll.
986 5651 1067 5703 l5.
1130 5649 1174 5678 ³⁸
1212 5643 1383 5701 Exod.
1420 5658 1507 5711 xv,
1536 5640 1617 5696 l6.
1674 5641 1713 5672 ³⁷
1741 5638 1883 5694 Psal.
1918 5650 2049 5700 xvn,
2085 5632 2176 5685 29.

444 5739 523 5783 ιιι,
560 5720 641 5773 lii.

2394 4220 2777 4306 ΤΟΜΟΣ
2840 4219 3419 4305 ΠΕΜΠΤΟΣ.

2703 4371 2952 4425 ΚΕΦΑΛ.
2992 4372 3088 4425 IB'.

2185 4484 2400 4555 Λῆμμα
2426 4485 2615 4554 λόγου
2653 4485 2874 4553 Κυρίου
2930 4484 3028 4537 ἐπὶ
3076 4484 3186 4537 τὸν
3230 4484 3483 4552 Ἰσραήλ.
3521 4488 3695 4554 Λέγει

2118 4580 2353 4646 Κύριος,
2380 4577 2660 4630 ἐκτείνων
2688 4576 2966 4643 οὐρανὸν,
2996 4576 3092 4629 καὶ
3120 4575 3406 4644 θεμελιῶν
3432 4576 3568 4646 γῆν,
3595 4580 3691 4630 καὶ

2118 4668 2417 4722 audacter
2448 4667 2682 4735 πνεῦμα
2710 4666 3025 4734 ἀνθρώπου
3045 4666 3114 4719 ἐν
3139 4667 3319 4732 αὐτῷ.

2190 4783 2330 4847 uq'.

2112 4873 2386 4941 ἀφήγησιν
2417 4870 2515 4941 τὴν
2565 4871 2656 4922 ἐπί
2705 4886 2765 4937 γε
2823 4869 2902 4939 τῷ
2933 4868 3121 4939 ἀγαθῷ
3158 4869 3374 4938 ποιμένι
3397 4908 3411 4932 ,
3449 4868 3692 4923 τουτέστι

2111 4962 2349 5035 Χριστῷ,
2407 4964 2501 5016 καὶ
2557 4962 2654 5031 μέν
2704 4979 2786 5014 τοι
2833 4961 2929 5032 τὴν
2992 4962 3085 5013 ἐπὶ
3139 4961 3214 5031 τῷ
3265 4960 3479 5032 ἀπείρῳ
3506 4977 3565 5013 τε
3598 4961 3697 5013 καὶ

2111 5055 2396 5127 ὠμοτάτῳ,
2427 5055 2519 5107 καὶ
2580 5053 2980 5125 κρεωνομοῦντι
3007 5053 3076 5106 τὰ
3109 5053 3377 5125 πρόϐατα,
3405 5052 3591 5105 τοῦτον
3637 5050 3696 5103 δὲ

2110 5141 2247 5198 εἶναί
2276 5162 2455 5215 φαμεν
2484 5144 2573 5197 τὸν
2608 5144 2992 5213 Ἀντίχριστον,
3026 5143 3387 5213 ὃιαμέμνηται
3409 5142 3697 5212 χρησίμως

2118 5237 2212 5289 καὶ
2241 5237 2345 5289 τῶν
2399 5235 2673 5305 ἐσομένων
2707 5234 2849 5289 κατὰ
2876 5237 3101 5306 καιροὺς
3139 5234 3415 5305 διωγμῶν,
3456 5233 3600 5287 κατά
3629 5249 3707 5301 γει

2116 5329 2209 5381 τοῦ
2254 5328 2485 5397 Ἰσραὴλ,
2530 5330 2620 5380 καὶ
2652 5328 2773 5397 οὐχὶ
2821 5328 2883 5399 δὴ
2918 5328 3133 5390 πάντως
3181 5327 3276 5379 τοῦ
3309 5326 3448 5379 κατά
3482 5324 3694 5393 σάρκα,

2121 5417 2395 5489 μᾶλλονδὲ
2427 5416 2519 5468 τοῦ
2569 5416 2782 5487 νοητοῦ,
2820 5418 2909 5468 καὶ
2942 5417 3041 5485 τῆς
3095 5414 3253 5481 ἀγίας
3284 5414 3451 5475 ὅντως
3493 5413 3694 5482 Ἰερου-

2119 5511 2320 5581 σαλὴμ,
2344 5510 2464 5578 ἣτις
2496 5511 2643 5562 ἐστὶν
2673 5528 2689 5560 ι
2724 5508 3017 5579 Ἐκκλησία
3042 5503 3175 5559 Θεοῦ
3209 5505 3461 5569 ζῶντος.»
3486 5503 3697 5571 Ὠσπερ

2257 5625 2301 5656 ⁸⁸
2332 5623 2374 5676 ll
2409 5624 2533 5679 Cor.
2562 5640 2649 5689 ιιι,
2681 5624 2768 5678 l5.
2825 5621 2867 5655 ’9
2896 5620 3035 5675 Psal.
3071 5633 3259 5684 vatn,
3294 5617 3382 5671 2i.
3430 5616 3515 5669 "I
3550 5614 3694 5672 Tim.

2412 4778 2762 4851 Ἀποχρῶσαν
2826 4772 2883 4832 εὖ
2950 4778 3094 4848 μάλα
3172 4779 3537 4849 ποιησάμενος
3595 4779 3694 4848 τὴν
