4042 6196
395 350 500 406 205

1209 355 1757 416 COMMENTARIUS
1796 361 1861 416 IN
1901 319 2301 420 ZAéIIARIAM
2336 363 2777 421 ΡιιοιηιΕτΑΜ.

3529 375 3633 430 9.06

395 462 503 534 γὰρ
534 458 674 517 εἷναί
709 479 890 534 φαμεν
925 465 1113 536 νοητὸν
1153 468 1421 536 Ἰουδαῖον,
1471 472 1564 526 τὸν
1589 473 1783 544 ἔχοντα
1816 492 1958 546 περι-

2071 475 2228 531 bilem
2248 474 2512 544 Judmum,
2538 478 2824 532 habentem
2861 478 3325 535 circumcisionem
3377 483 3428 537 in
3477 487 3638 540 corde

395 554 565 625 τομὴν
587 557 645 609 ὲν
675 555 894 626 καρδίᾳ,
918 557 1017 628 τὴν
1041 557 1130 612 διά
1153 560 1245 613 τοῦ
1273 561 1602 633 πνεύματος,
1632 564 1725 618 καὶ
1761 565 1877 635 οὐχ).
1899 567 1964 634 δὴ

394 643 609 707 πάντως
633 642 732 714 τὴν
761 645 818 698 ὲν
849 647 1016 715 σαρκὶ
1039 646 1128 700 διὰ
1183 649 1529 721 γράμματος·
1562 651 1702 706 οὕτω
1732 655 1826 707 καὶ
1860 655 1962 707 Ἰσ-

392 732 530 804 ραὴλ
556 733 794 786 νοεῖσθαι
826 734 954 804 φαίη
1008 752 1091 798 τις
1126 737 1214 802 ἂν,
1245 739 1366 808 οὐχὶ
1418 741 1634 805 πάντως
1661 742 1751 795 τὸν
1783 742 1843 807 ἐξ
1876 744 1960 796 αἴ·-

395 837 563 888 ματος
587 822 827 892 Ἰσραὴλ,
843 825 1052 878 ἐκεῖνον
1079 825 1136 877 δὲ
1163 825 1384 896 μᾶλλον,
1399 828 1456 891 ὃς
1480 828 1589 899 ἔχει
1612 830 1733 882 νοῦν
1753 833 1962 902 ὁρῶντα

389 908 540 965 Θεόν.
572 912 818 966 Τοιοῦτοι
847 913 903 966 δὲ
936 916 1152 979 πάντως
1170 917 1321 970 οίδιὰ
1347 919 1580 983 πίστεως
1603 921 1700 992 τῆς
1722 924 1799 986 είς
1828 923 1962 994 Χρι-

389 1003 511 1054 στὸν
547 1004 878 1075 κεκλημένοι
936 1007 1071 1077 πρὸς
1117 1009 1410 1079 ἀγιασμδν,
1463 1013 1764 1079 ἐγνωκότες
1807 1031 1866 1067 τε
1892 1015 1958 1068 δι’

386 1093 572 1160 αὑτοῦ,
608 1096 703 1148 καὶ
728 1097 785 1149 ὲν
832 1097 978 1168 αὑτῷ
999 1099 1089 1151 τὸν
1117 1099 1248 1152 Θεὸν
1307 1100 1402 1154 καὶ
1428 1103 1664 1173 Πατέρα.
1693 1103 1958 1170 Θεοπτίας

385 1183 496 1254 γὰρ
531 1186 717 1238 οὑτοσὶ
742 1187 943 1257 τρόπος
982 1189 1222 1260 ἀτρεκὴς
1249 1191 1343 1244 καὶ
1399 1191 1693 1263 ἐξαίρετος.
1730 1195 1959 1264 Λαμϐἀ-

383 1292 534 1328 νεται
562 1277 742 1329 τοίνυν
762 1279 790 1330 ὁ
818 1279 974 1346 λόγος
1001 1280 1094 1332 ἐπὶ
1131 1279 1221 1333 τὸν
1263 1281 1464 1351 ἀρτίως
1511 1284 1642 1354 ἡμῖν
1671 1285 1957 1356 εἰρημένον

393 1369 633 1440 Ἰσραήλ.
663 1370 786 1422 Ὀτι
825 1371 884 1423 δέ
941 1373 1055 1424 ἐστι
1081 1372 1361 1442 παναλκὴς
1387 1375 1415 1426 6
1441 1374 1548 1427 τῶν
1573 1376 1710 1431 ὅλων
1747 1377 1897 1442 Θεὸς,
1927 1381 1955 1433 6

375 1458 445 1509 τὰ
471 1457 564 1509 ἐπὶ
601 1457 812 1521 τούτοις
844 1459 975 1529 ἡμῖν
1001 1460 1324 1531 ποιούμενος
1354 1463 1794 1536 προανάρῤησιν,
1819 1467 1954 1520 ἀποο

375 1547 582 1616 φαίνει,
634 1548 825 1616 λέγων·
884 1568 903 1601 ι
938 1550 1221 1606 Ἐκτείνων
1249 1553 1495 1622 οὐρανὸν.
1549 1555 1643 1608 καὶ
1690 1555 1954 1626 θεμελιῶν

373 1639 501 1708 γῆν,
560 1639 654 1690 καὶ
699 1639 954 1694 πλάσσων
1008 1640 1224 1712 πνεῦμα
1267 1643 1554 1715 ἀνθρώπου
1603 1647 1660 1698 ἐν
1721 1648 1890 1719 αὐτῷ.
1927 1669 1946 1702 ι

371 1731 598 1800 Δέχεται
631 1729 760 1802 γὰρ,
786 1732 968 1803 φησὶν,
999 1732 1092 1786 ἐπὶ
1139 1733 1230 1787 τὸν
1268 1735 1481 1807 Ἰσραὴλ
1527 1736 1587 1790 τὸ
1633 1738 1826 1810 λῆμμα
1854 1741 1948 1794 τοῦ

371 1822 533 1890 λόγου
561 1822 693 1886 Θεὸς
744 1824 772 1875 6
828 1823 1004 1877 πάντα
1061 1825 1280 1895 ίσχύων,
1347 1846 1366 1878 ι
1398 1827 1507 1882 Καὶ
1554 1808 1808 1885 ἐκτείνων
1850 1833 1948 1904 μὲν
1984 1808 2024 1864 Β

369 1915 504 1965 ὡσεὶ
528 1913 712 1986 δέρριν
738 1914 832 1967 τὸν
859 1915 1107 1985 οὐρανὸν,
1151 1935 1169 1968 ι
1208 1917 1348 1970 κατά
1386 1917 1484 1988 τὴν
1523 1920 1615 1972 τοῦ
1655 1920 1946 1990 ψάλλοντος

371 2004 578 2076 φωνὴν,
614 2005 963 2076 έδραιοτάτην
1007 2007 1064 2059 δὲ
1097 2006 1268 2072 οὕτως
1317 2009 1603 2082 ἀποφήνας
1649 2011 1746 2083 τὴν
1799 2015 1943 2085 γῆν,

363 2097 445 2158 νὼς
471 2097 559 2149 ἀεί
601 2114 660 2150 τε
700 2098 792 2150 καὶ
843 2097 1134 2161 διαπαντὸς
1177 2099 1487 2172 ἀκλονήτως
1534 2101 1711 2173 ἔχειν,
1768 2106 1945 2160 καίτοι

369 2187 843 2258 τεθεμελιωμένην
869 2189 962 2241 ἐπὶ
993 2188 1297 2244 θαλασσῶν.
1341 2192 1487 2263 Ἔφη
1534 2195 1643 2265 γὰρ
1690 2195 1862 2262 οὓτως
1907 2200 1941 2269 ἡ

367 2275 726 2341 θεόπνευστος
779 2279 993 2350 Γραφήο
1049 2298 1067 2330 ι
1113 2279 1225 2334 Καὶ
1279 2281 1533 2336 πλάσσων
1589 2285 1804 2356 πνεῦμα
1853 2289 1946 2341 ἀν-

365 2367 588 2438 Θρώπού
615 2371 672 2421 ὲν
703 2368 868 2439 αὐτῷ.
896 2389 915 2422 ι
956 2371 1015 2424 '0
1043 2371 1098 2424 δὲ
1124 2371 1187 2443 δὴ
1217 2371 1357 2426 οὕτω
1383 2375 1632 2445 μεγάλων
1680 2377 1942 2452 δημιουρ-

366 2457 462 2528 γὸς
512 2459 604 2514 καὶ
636 2460 906 2532 τεχνίτης,
938 2463 1055 2526 πῶς
1107 2464 1206 2517 οὐκ
1242 2465 1514 2536 ἀνιδρωτὶ,
1558 2468 1653 2520 καὶ
1678 2469 1825 2538 μάλα
1853 2471 1942 2523 εύ-

368 2551 544 2616 κό).ως
571 2553 632 2605 τὸ
665 2553 813 2623 αὐτῷ
843 2554 1036 2609 δοκοῦν
1097 2555 1470 2626 ἀποπερανεῖ;
1528 2557 1834 2614 Πλάσσεται
1884 2562 1942 2616 δὲ

331 2667 333 2672 ε
367 2643 586 2712 πνεῦμα
618 2644 912 2716 τάνθρώπου
946 2648 1003 2700 ὲν
1029 2646 1199 2719 αὐτῷ,
1228 2649 1328 2701 οὐκ
1351 2649 1429 2712 είς
1458 2649 1633 2720 ἀρχὰς
1667 2652 1762 2704 τοῦ
1800 2649 1939 2708 εἶναι

367 2734 722 2803 καλούμενον,
746 2737 795 2788 εί
833 2736 928 2789 καὶ
954 2737 1146 2805 γέγονε
1185 2738 1252 2791 δι’
1282 2737 1467 2803 αὑτοῦ,
1494 2740 1609 2793 ἀλλ’
1631 2737 1741 2795 οἷον
1771 2761 1940 2813 μετα-

359 2826 765 2897 μορφούμενον,
796 2826 855 2892 ἐξ
875 2827 1153 2893 ἀσθενείας
1189 2829 1268 2892 είς
1293 2828 1542 2899 δύναμιν,
1568 2832 1627 2896 ἐξ
1656 2834 1940 2906 ἀνανδρίας

361 2917 446 2979 είς
476 2916 770 2986 ὑπομονὴν,
798 2919 893 2971 καὶ
923 2918 1279 2984 ἁπαξαπλῶς,
1317 2921 1383 2974 ὲκ
1408 2923 1513 2974 τῶν
1543 2925 1834 2994 αἰσχιόνων
1859 2928 1940 2992 είς

359 3007 429 3060 τὰ
451 3007 662 3076 ἀμείνω
725 3010 1296 3082 μεταστοιχειούμενον
1352 3014 1577 3084 νοητῶς.
1637 3016 1842 3071 Ψάλλει
1881 3019 1938 3072 δὲ

364 3099 461 3150 καὶ
505 3098 534 3149 6
599 3097 887 3162 θεσπέσιος
913 3100 1093 3154 Δαϐίδ·
1134 3102 1413 3172 «Καρδίαν
1447 3104 1694 3177 καθαρὰν
1753 3109 1937 3164 κτίσον

2069 582 2163 636 per
2194 567 2468 637 spiritum,
2507 576 2559 622 et
2582 568 2805 623 minime
2844 583 2962 624 eam
2989 584 3108 638 qua:
3139 578 3221 624 est
3255 570 3309 624 in
3334 587 3495 628 carne
3542 589 3633 630 se-

2068 659 2302 712 cundum
2336 659 2568 714 litteram
2602 675 2617 713 :
2655 660 2739 716 ita
2760 670 2815 716 et
2858 660 3109 716 Israelem
3165 662 3388 734 intelligi
3441 665 3636 720 dixerit

2066 748 2359 818 quispiam,
2382 765 2492 804 non
2511 751 2693 819 utique
2716 751 2808 822 qui
2842 760 2927 808 est
2945 757 3008 808 de
3039 753 3297 822 sanguine
3326 755 3514 822 Israel,
3541 760 3632 812 sed

2067 837 2214 891 illum
2249 841 2425 908 potius
2459 840 2548 909 qui
2615 841 2777 896 habet
2827 851 3058 898 mentem
3124 843 3392 898 videntem
3445 843 3632 900 Deum.

2065 928 2221 985 Tales
2252 931 2382 985 citra
2408 933 2832 986 controversiam
2867 942 2992 987 sunt
3020 947 3117 1003 per
3163 931 3322 988 ﬁdem
3382 933 3436 987 in
3478 933 3635 988 Chri~

2063 1029 2205 1074 stum
2233 1021 2406 1076 vocati
2431 1021 2498 1076 ad
2526 1023 3036 1092 sanetilieationem,
3069 1025 3273 1094 quique
3330 1039 3426 1095 per
3452 1027 3627 1096 ipsum

2061 1119 2116 1166 et
2172 1112 2224 1166 in
2259 1113 2375 1182 ipso
2426 1112 2641 1168 Patrem
2663 1125 3052 1184 cognoverunt.
3087 1115 3188 1170 Hic
3237 1117 3380 1171 enim
3439 1120 3631 1173 modus

2061 1203 2256 1257 divina:
2279 1204 2501 1260 visionis
2538 1220 2700 1260 verus
2754 1215 2808 1260 et
2834 1205 3064 1264 eximius
3084 1215 3185 1264 est.
3222 1205 3628 1279 lnterpretanda

2059 1293 2226 1362 igitur
2256 1303 2382 1350 sunt
2421 1297 2535 1351 haec
2561 1299 2721 1353 verba
2757 1299 2821 1354 de
2845 1299 3061 1366 Israele,
3093 1301 3160 1356 de
3206 1316 3312 1369 quo
3359 1303 3469 1371 jam
3493 1303 3628 1358 ditii-

2058 1398 2196 1438 mus.
2230 1384 2606 1442 Fortissimum
2631 1398 2810 1441 autem
2835 1401 2954 1442 esse
3005 1388 3170 1443 Deum
3228 1390 3623 1455 universorum,

2056 1476 2145 1545 qui
2181 1477 2334 1531 nobis
2358 1478 2640 1546 sequentia
2689 1479 2954 1548 prazdicit,
2997 1480 3358 1548 demonstrat,
3393 1482 3578 1538 dicens
3607 1501 3622 1538 :

2060 1586 2079 1619 ι
2110 1568 2416 1624 Exteudeus
2444 1570 2662 1635 caelum,
2706 1579 2762 1626 et
2787 1570 3016 1628 laudans
3058 1581 3281 1638 terram,
3318 1585 3371 1630 et
3387 1575 3627 1631 formans

2053 1660 2300 1729 spiritum
2334 1662 2568 1717 hominis
2597 1662 2650 1716 in
2694 1663 2827 1733 ipso.
2859 1681 2878 1714 ι
2937 1665 3148 1735 Accipit
3192 1665 3356 1734 enim,
3429 1667 3624 1738 inquit,

2055 1765 2216 1819 super
2236 1750 2402 1810 Israel
2443 1754 2864 1824 assumptionem
2922 1758 3070 1811 verbi
3127 1757 3265 1826 Deus
3321 1759 3413 1829 qui
3451 1769 3625 1829 potest

2051 1844 2257 1908 omnia,
2279 1863 2299 1896 ‹
2330 1855 2382 1900 et
2405 1848 2701 1901 extendens
2729 1847 2926 1902 coelum
2951 1848 3090 1903 sicut
3123 1849 3316 1916 pellem
3343 1849 3441 1915 “,i
3469 1850 3622 1920 juxta

2049 1949 2236 1990 vocem
2258 1935 2582 2003 Psalmistae,
2609 1936 2974 1992 ﬁrmissimam
3006 1949 3187 1994 autem
3246 1940 3476 1995 reddens
3516 1949 3624 1994 ter-

2051 2042 2164 2080 ram
2194 2036 2253 2081 ut
2289 2041 2504 2097 semper
2533 2039 2588 2083 et
2619 2030 2976 2099 undequaque
2992 2031 3062 2085 sit
3085 2030 3397 2098 immobilis,
3426 2047 3620 2102 quam-

2051 2117 2130 2174 vis
2158 2119 2378 2174 fundata
2421 2135 2585 2189 super
2601 2122 2796 2176 maria.
2839 2121 3120 2188 Quomodo
3145 2125 3220 2178 ait
3252 2123 3508 2179 divinitus
3535 2125 3619 2178 iu-

2047 2213 2251 2279 spirata
2283 2210 2561 2280 Scriptura
2597 2230 2609 2266 :
2639 2231 2660 2264 ι
2700 2211 2766 2266 Et
2817 2212 3026 2282 ﬁngens
3077 2215 3329 2281 spiritum
3382 2215 3621 2270 hominis

2046 2302 2100 2357 in
2127 2303 2264 2372 ipso.
2297 2321 2317 2356 ι
2359 2303 2508 2359 Adeo
2535 2303 2678 2359 enim
2707 2321 3020 2374 magnarum
3048 2322 3226 2362 rerum
3270 2308 3519 2364 conditor
3566 2321 3622 2363 et

2044 2395 2244 2465 opifex,
2263 2397 2532 2465 quomodo
2548 2411 2654 2451 nou
2681 2397 2819 2452 citra
2841 2398 3091 2454 sudorem
3120 2406 3174 2455 et
3205 2399 3454 2455 facillime
3476 2403 3616 2467 quod

2046 2487 2273 2542 voluerit
2302 2488 2592 2545 conﬁciet?
2630 2489 2876 2560 Fingitur
2911 2500 3092 2546 autem
3129 2492 3352 2562 spiritus
3382 2493 3619 2547 hominis

2045 2579 2097 2634 in
2145 2581 2278 2648 ipso,
2342 2585 2461 2635 non
2509 2583 2576 2635 ad
2638 2581 2852 2635 initium
2894 2584 3147 2637 essentia:
3201 2597 3313 2638 suae
3371 2593 3615 2650 vocatus,

2043 2671 2288 2739 quamvis
2315 2686 2410 2740 per
2457 2672 2630 2740 ipsum
2683 2671 2856 2727 laetus
2900 2674 2970 2728 sit
3021 2689 3035 2726 :
3102 2673 3262 2746 773
3309 2675 3404 2729 sed
3459 2677 3615 2744 quasi

2044 2761 2481 2826 transformatus,
2507 2779 2571 2818 ex
2602 2763 2968 2819 imbecillitate
2988 2764 3056 2820 ad
3079 2766 3354 2830 virtutem,
3373 2782 3438 2822 ex
3459 2768 3614 2839 igna-

2043 2854 2127 2908 via
2160 2855 2224 2909 ad
2260 2854 2601 2924 patientiam,
2625 2863 2680 2910 et
2737 2856 3003 2923 absolute,
3036 2873 3104 2912 ex
3157 2859 3492 2928 turpioribus
3543 2862 3612 2915 ad

2042 2944 2685 3011 honestiora,secundum
2719 2948 2863 3016 quod
2897 2946 3238 3018 intelligitur,
3267 2948 3606 3006 reformatus.

2040 3034 2227 3090 PsaIlit
2245 3044 2300 3090 et
2326 3034 2540 3091 divinus
2572 3035 2772 3090 David:
2805 3053 2826 3087 ι
2857 3035 2965 3090 Cor
2995 3037 3252 3093 mundum
3281 3053 3404 3094 crea
3420 3041 3475 3095 in
3502 3056 3610 3109 me,

1965 3145 2010 3205 ρ
2043 3125 2203 3191 Deus,
2272 3133 2328 3180 et
2380 3126 2627 3195 spiritum
2684 3134 2892 3182 rectum
2937 3126 3136 3182 innova
3187 3128 3241 3182 in
3313 3131 3612 3186 visceribus

361 3189 420 3242 ὲν
443 3189 597 3258 ἐμοὶ,
625 3191 654 3243 6
679 3189 833 3258 Θεὸς,
867 3191 960 3244 καὶ
990 3192 1204 3262 πνεῦμα
1225 3194 1378 3258 εύθὲς
1402 3196 1710 3264 ἐγκαίνισον
1743 3201 1800 3252 ὲν
1825 3204 1938 3265 τοῖς

2043 3189 2271 3271 meis“.
2306 3236 2325 3270 ι
2363 3189 2548 3287 Neque
2579 3217 2717 3272 dicet
2755 3218 3017 3288 quispiam
3045 3221 3242 3277 mentis
3273 3235 3496 3292 compos
3545 3222 3612 3276 ii-

361 3283 616 3350 ὲγκάτοις
651 3300 770 3354 μου.
804 3303 824 3335 ι
862 3284 973 3338 Kal.
1007 3285 1067 3338 ού
1121 3285 1185 3357 δή
1235 3303 1338 3339 που
1387 3287 1519 3359 φαίη
1551 3307 1636 3353 τις
1665 3290 1752 3356 ἂν,
1783 3293 1937 3364 εἴπερ

360 3370 486 3424 νοῦν
507 3371 643 3441 ἔχει,
670 3371 898 3443 καρδίαν
942 3372 975 3444 ἢ
1027 3373 1244 3444 πνεῦμα
1288 3375 1578 3446 βούλεσθαι
1613 3379 1830 3447 λαϐεῖν,
1862 3381 1938 3446 ὡς

353 3462 464 3516 οὐκ
484 3462 677 3531 ἔχοντα
701 3464 800 3534 τὴν
828 3465 1024 3535 ἀρχήν*
1056 3465 1268 3538 οἰηθείη
1297 3468 1343 3520 δ’
1367 3470 1433 3522 ἂν
1467 3471 1670 3540 μᾶλλον
1703 3474 1760 3526 ὲν
1789 3472 1938 3544 αὐτῷ

362 3553 644 3615 κτίζεσθαι
673 3555 1010 3624 παρακαλεῖν
1047 3557 1272 3628 καρδίαν
1297 3559 1564 3631 καθαρὰν,
1593 3563 1687 3615 καὶ
1722 3563 1939 3634 πνεῦμα

360 3643 539 3707 εὒθὲς.
605 3645 714 3698 Καὶ
747 3645 906 3698 τοῦτό
952 3649 1098 3701 ἐστιν
1150 3651 1177 3700 6
1227 3651 1634 3721 μεταπλασμός.
1688 3654 1847 3716 Ἔθος
1878 3654 1937 3707 δὲ

363 3737 474 3796 τοῖς
508 3735 685 3802 ἁγίοις
725 3739 1048 3807 προφήταις,
1081 3740 1129 3791 εί
1174 3739 1238 3810 δὴ
1293 3741 1536 3810 μέλλοιεν
1563 3744 1664 3796 οὐκ
1706 3745 1936 3798 εὐκατα-

365 3828 646 3899 gnavi,th
673 3831 1014 3899 πραγμάτων
1042 3832 1309 3886 ποιεῖσθαι
1365 3836 1770 3907 προαφήγησιν,
1801 3854 1936 3892 παν-

363 3920 529 3988 σθενῆ
563 3937 624 3973 τε
653 3923 746 3975 καὶ
771 3921 1149 3994 ἀλκιμώτατον
1185 3929 1608 3996 προαναφαίνειν
1639 3931 1934 4002 πειρᾶσθαι

359 4011 450 4064 τὸν
470 4011 610 4066 ὅλων
642 4011 794 4078 Θεὸν,
823 4013 908 4067 ἵνα
967 4016 1300 4087 πανταχόθεν
1335 4019 1364 4071 6
1417 4017 1572 4088 λόγος
1624 4021 1806 4086 αὐτοῖς
1835 4023 1932 4095 ἔχῃ

357 4102 419 4154 τὸ
447 4101 662 4170 βέϐαιον
686 4106 764 4167 είς
804 4105 1006 4171 πίστιν,
1066 4108 1168 4162 κᾶν
1219 4109 1268 4161 εί
1317 4107 1526 4177 λέγοιεν
1561 4112 1670 4166 τῶν
1704 4113 1933 4170 ἐλπίδων

358 4194 636 4258 ἐπέκεινα,
666 4198 760 4249 καὶ
785 4197 907 4249 ὅσον
957 4198 1078 4267 ἥκει
1133 4200 1306 4252 εἰπεῖν
1361 4201 1439 4263 εἰς
1493 4200 1698 4256 ἔννοιαν
1750 4204 1847 4275 τὴν
1875 4207 1932 4258 ὲν

361 4286 511 4354 ἡμῖν,
549 4285 654 4348 ἔξω
686 4285 779 4339 τοῦ
802 4287 958 4357 λόγου
987 4291 1078 4343 καὶ
1113 4289 1506 4358 ἀπιστούμενα.

441 4374 588 4428 Ἰδοὺ
614 4375 728 4445 ἐγὼ
753 4378 950 4447 τίθημι
976 4378 1089 4448 τὴν
1112 4380 1500 4448 Ἰερουσαλὴμ
1531 4381 1610 4447 ὡς
1641 4384 1925 4452 πρόθυρα,

2040 3308 2150 3363 lum
2187 3309 2321 3364 velle
2349 3324 2445 3365 cor
2489 3318 2544 3363 et
2579 3310 2824 3379 spiritum
2872 3310 3119 3379 adipisci,
3180 3314 3335 3382 quasi
3390 3329 3612 3382 prorsus

2042 3416 2144 3456 non
2166 3400 2400 3455 habeat:
2436 3402 2527 3456 sed
2548 3402 2760 3470 putabit
2783 3405 2966 3472 potius
3022 3419 3232 3474 rogare,
3275 3414 3335 3458 ut
3399 3407 3449 3460 iu
3495 3407 3612 3477 ipso

2037 3507 2134 3546 cor
2158 3492 2410 3546 mundum
2444 3502 2500 3547 et
2537 3493 2762 3561 spiritus
2799 3503 2980 3549 rectus
3002 3505 3235 3550 creetur.
3283 3497 3459 3566 Atque
3497 3501 3611 3553 hate

2038 3591 2121 3634 est
2149 3581 2576 3635 transformatio.
2602 3581 3011 3637 Consueverunt
3038 3593 3217 3638 autem
3246 3586 3419 3639 sancti
3479 3601 3606 3655 pro-

2037 3674 2212 3743 pheta:
2241 3688 2346 3727 non
2412 3673 2648 3741 vulgaria
2707 3673 3039 3743 prredicturi,
3094 3677 3243 3743 prius
3281 3681 3489 3743 conari,
3551 3691 3610 3734 ut

2038 3762 2205 3818 Deum
2240 3763 2620 3819 universorum
2654 3765 2858 3819 viribus
2901 3767 3330 3822 valentissimum
3359 3781 3418 3824 et
3447 3771 3609 3827 robu-

2038 3856 2333 3912 stissimum
2356 3859 2664 3922 ostendant,
2687 3873 2793 3927 quo
2807 3874 2991 3915 eorum
3007 3862 3180 3917 oratio
3199 3878 3264 3918 ex
3287 3865 3432 3919 omni
3455 3874 3608 3935 parte

2037 3953 2284 4008 stabilem
2317 3953 2473 4007 ﬁdem
2491 3963 2881 4024 consequatur,
2910 3955 3158 4022 quamvis
3175 3970 3272 4025 spe
3302 3957 3509 4026 majora
3525 3969 3600 4023 et,

2034 4045 2079 4100 si
2114 4059 2225 4099 rem
2253 4045 2582 4116 cogitatione
2619 4046 2850 4100 humana
2888 4046 3197 4114 metiamur,
3239 4057 3455 4118 captum
3509 4067 3605 4106 no—

2034 4145 2207 4191 st-rum
2233 4137 2548 4192 excedentia
2579 4148 2633 4191 et
2655 4136 2990 4192 incredibilia
3025 4137 3222 4192 dicant.

2105 4392 2265 4448 Vens.
2304 4393 2360 4462 2,
2397 4394 2449 4448 5.
2485 4393 2618 4448 Ecce
2641 4410 2735 4464 ego
2761 4411 2899 4464 pono
2935 4394 3234 4453 Jerusalem
3258 4400 3392 4453 sicut
3438 4404 3598 4456 autin

356 4467 737 4536 σαλευόμενα
763 4468 916 4522 πᾶσι
971 4470 1094 4537 τοῖς
1130 4471 1300 4538 λαοῖς
1342 4473 1566 4537 κύκλῳ,
1609 4475 1705 4528 καὶ
1747 4475 1815 4529 ἐν
1852 4475 1926 4544 τῇ

2043 4485 2173 4547 bula,
2202 4502 2317 4555 quae
2339 4494 2606 4540 moventur
2632 4487 2871 4540 omnibus
2917 4487 3121 4556 populi:
3155 4491 3210 4543 in
3247 4492 3471 4546 circuitu
3496 4510 3515 4548 :
3549 4503 3601 4547 et

372 4557 628 4622 Ἰουδαίᾳ
672 4558 843 4612 ἔσται
899 4561 1147 4631 περιοχὴ
1197 4561 1298 4615 ἐπὶ
1354 4563 1758 4631 Ἰερουσαλήμ.
1814 4565 1925 4621 Καὶ

355 4649 523 4702 ἔσται
552 4649 623 4702 ἐν
667 4647 742 4713 τῇ
783 4650 974 4720 ’ἡμέρᾳ
1007 4652 1230 4720 ἐκείνῃ,
1270 4652 1524 4723 θήσομαι
1561 4653 1674 4722 τὴν
1708 4653 1925 4722 Ἰερου-

353 4736 567 4804 σαλὴμ
601 4737 775 4791 λίθον
813 4743 1338 4811 καταπατούμενον
1363 4742 1511 4796 πᾶσι
1541 4742 1661 4808 τοῖς
1695 4743 1919 4802 ἔθνεσι.

352 4827 476 4892 Πᾶς
503 4830 536 4880 ό
582 4828 939 4883 καταπατῶν
992 4832 1187 4901 αὐτὴν
1212 4832 1506 4900 ἐμπαίζων
1539 4834 1886 4902 ἐμπαίξεται
1905 4876 1920 4899 ,

352 4917 447 4969 καὶ
486 4918 983 4986 συναχθήσονται
1033 4922 1124 4973 ἐπ’
1163 4921 1357 4989 αὐτὴν
1415 4921 1609 4974 πάντα
1663 4921 1732 4974 τὰ
1783 4923 1927 4992 ἔθνη

347 5006 455 5074 τῆς
479 5004 610 5076 γῆς·

416 5099 543 5154 IlZ'.
581 5100 670 5154 Ἐν
697 5103 808 5164 τοῖς
833 5103 931 5172 ἤδη
985 5105 1526 5175 προαπηγγελμένοις
1576 5107 1604 5157 6
1649 5106 1788 5161 κατά
1826 5107 1926 5176 γῆς

354 5191 616 5256 Ἰουδαίας
641 5194 879 5265 πόλεμος
897 5195 984 5249 διὰ
1008 5196 1107 5265 τῆς
1149 5196 1432 5267 Ῥωμαίων
1474 5199 1729 5268 ἐσόμενος
1759 5216 1922 5268 στρα-

342 5285 464 5347 τιᾶς
499 5286 684 5354 εἴρητο
722 5285 928 5356 σαφῶς.
964 5288 1074 5340 Καὶ
1100 5288 1228 5356 γοῦν
1288 5288 1512 5358 ἔφασκε·
1558 5311 1575 5341 ι
1610 5290 1763 5361 Φωνὴ
1790 5291 1918 5362 θρη-

342 5373 577 5427 νούντων
635 5377 926 5446 ποιμένων,
981 5379 1064 5431 ὅτι
1113 5377 1590 5449 τεταλαιπώρηκεν
1647 5383 1680 5448 ή
1744 5397 1915 5449 μεγα-

339 5467 538 5537 λοσύνη
568 5467 766 5523 αὐτῶν.
805 5489 823 5523 ι
859 5471 969 5525 Καὶ
1003 5471 1120 5542 μεθ’
1149 5471 1308 5542 ἕτερα
1351 5471 1531 5525 πάλιν·
1567 5493 1584 5523 ι
1619 5473 1716 5525 Διά
1760 5472 1916 5524 τοῦτο

339 5559 399 5611 οὐ
425 5559 680 5631 φείσομαι
706 5561 782 5615 ἔτι
815 5564 908 5616 ἐπὶ
927 5564 1053 5628 τοὺς
1075 5565 1454 5628 κατοικοῦντας
1490 5565 1590 5636 τὴν
1611 5566 1736 5635 γῆν,
1764 5565 1912 5634 λέγει

411 5739 452 5769 ⁸⁸
480 5738 623 5795 Psal.
649 5754 768 5805 ctn,
797 5740 850 5796 2.

929 5745 971 5776 "
1011 5741 1154 5800 Psal.
1185 5760 1237 5808 L,
1273 5743 1360 5798 I2.
1402 5745 1483 5777 ‘l'
1513 5743 1739 5799 Zachar.
1774 5758 1849 5808 χι,
1882 5741 1933 5796 5.

2032 4579 2084 4632 in
2110 4577 2301 4631 Juda’a
2324 4580 2422 4631 erit
2451 4579 2648 4632 obsidio
2673 4595 2829 4648 super
2855 4578 3169 4635 Jerusalem.
3200 4583 3265 4636 Et
3295 4583 3390 4637 erit
3436 4585 3489 4638 in
3515 4587 3600 4640 die

2032 4669 2351 4736 illa,ponam
2381 4670 2676 4723 Jerusalem
2735 4671 2958 4740 lapidem
2987 4672 3349 4727 conculcalum
3396 4679 3598 4731 cunctis

2027 4760 2280 4828 gentibus.
2319 4759 2500 4814 Omnis
2530 4763 2740 4815 calcans
2758 4778 2892 4826 eam,
2915 4763 3137 4818 illudens
3159 4765 3365 4832 illudel,
3391 4777 3438 4822 et
3472 4784 3600 4823 con-

2026 4853 2380 4920 gregabantur
2404 4871 2560 4921 super
2593 4871 2706 4908 eam
2729 4872 2902 4910 omnes
2929 4868 3103 4926 gentes
3136 4867 3313 4914 teme.

2093 5113 2402 5167 LXXXVII.
2430 5113 2489 5166 In
2536 5115 2971 5184 prtetlictionibus
3019 5122 3348 5186 antegressis
3397 5117 3592 5172 bellum

2021 5203 2217 5258 Judaeze
2243 5220 2271 5257 a
2306 5205 2547 5260 Romano
2569 5207 2808 5261 exercitu
2848 5207 3184 5261 inferendum
3219 5207 3448 5261 dilucide
3477 5222 3593 5261 me-

2029 5306 2292 5352 moratur.
2317 5295 2536 5352 Dicebat
2558 5298 2718 5368 igitur
2742 5314 2941 5367 supra:
2971 5317 2987 5350 ι
3031 5299 3141 5353 Vox
3179 5297 3590 5356 lamentantium

2025 5394 2322 5454 pastorum,
2348 5386 2601 5456 quoniam
2631 5387 2826 5442 misera
2875 5387 3012 5442 facta
3055 5397 3138 5441 est
3190 5385 3586 5456 magniﬁcentia

2023 5477 2258 5545 ipsorum
2285 5477 2348 5530 ⁸³.
2386 5496 2404 5528 ι
2439 5477 2503 5531 Et
2534 5478 2693 5547 paqu
2747 5488 2905 5547 post:
2950 5497 2968 5528 ι
3035 5479 3258 5546 Propter
3322 5478 3425 5534 hoc
3481 5493 3588 5534 non

2022 5581 2239 5634 parcam
2274 5582 2436 5637 super
2489 5567 2794 5624 habitantes
2859 5578 3081 5631 terram,
3131 5568 3262 5623 dicit
3310 5569 3596 5625 Dominus;
