4042 6196
471 360 573 415 ΞΟἹ

1491 356 1547 409 S.
1591 356 1858 412 CYRILLI
1900 351 2368 411 ALEXANDRIM
2410 356 2730 413 ARCIIIEP.

3613 362 3722 418 9.08

468 481 534 534 Et
555 490 680 531 ecce
707 490 803 544 ego
839 474 992 528 trado
1024 472 1291 535 homines.
1316 488 1751 543 unumquemque
1784 476 2029 530 inmanus

2148 475 2367 545 Κύριος.
2404 478 2510 529 Καὶ
2553 476 2657 529 ἰδοὺ
2704 474 2813 543 ἐγὼ
2846 472 3184 545 παραδίδωμι
3210 473 3333 535 τοὺς
3380 474 3717 547 ἀνθρώπους,

468 566 700 637 proximi
732 565 839 629 sui,
873 573 927 617 et
954 565 1006 617 in
1036 577 1227 642 manus
1258 563 1399 632 regis
1448 565 1585 632 ejus.
1640 566 1704 618 Et
1753 567 2037 621 concidenl

470 670 694 723 terram,
721 665 766 709 et
803 670 909 707 non
946 669 1129 707 eruam
1155 654 1222 708 de
1251 670 1408 707 manu
1439 670 1625 708 eorum
1655 656 1721 707 ιε.
1760 675 1777 705 ›
1807 657 1861 710 ln
1916 672 2039 710 ver-

467 753 551 806 bis
584 760 761 804 autem
796 748 953 802 modo
992 746 1157 800 illatis
1205 748 1479 801 institutas
1519 760 1706 803 contra
1741 748 2035 804 Ecelesiam

468 841 875 910 persecutiones
902 838 1106 906 liquido
1151 838 1499 891 vaticinatur.
1556 839 1828 894 Vexarunt
1895 842 2037 897 enim

467 932 755 985 credentes
788 931 838 982 in
860 929 1133 983 Christum
1167 945 1276 998 prae
1306 929 1426 983 aliis
1467 931 1718 986 omnibus
1764 932 2039 1000 principes

469 1021 766 1094 Synagnga:
790 1020 1124 1083 Judceorum,
1149 1020 1528 1075 denuntiantes
1553 1024 1756 1076 sanctis
1784 1024 2040 1092 apostolis

470 1129 533 1167 ne
577 1114 928 1180 loquerentur
980 1110 1031 1163 in
1092 1110 1306 1163 nomine
1354 1108 1555 1164 Christi
1578 1110 1655 1178 “’;
1708 1111 2039 1181 ﬂagellantes

467 1217 682 1273 quoque
724 1202 841 1255 illos
868 1200 919 1253 in
948 1200 1196 1255 conciliis
1218 1203 1287 1265 “,
1318 1211 1369 1255 et
1401 1210 1661 1269 praeterea
1690 1201 1916 1270 lapidari
1940 1217 2037 1256 cu-

468 1294 731 1357 rantes",
754 1302 807 1346 et
841 1292 967 1359 quid
995 1306 1097 1345 non
1130 1293 1341 1347 tandem
1366 1293 1841 1347 sceleratissimum
1866 1293 1919 1346 in
1947 1306 2039 1347 eos

465 1387 705 1439 dicentes
742 1398 804 1436 ac
834 1382 1134 1436 facientes?
1190 1381 1481 1451 Postquam
1546 1392 1721 1436 autem
1778 1396 1873 1452 per
1917 1397 2041 1451 gen-

466 1474 597 1525 titnn
636 1485 847 1540 quoque
879 1470 1126 1540 regiones
1156 1483 1337 1524 sermo
1363 1470 1427 1524 dc
1450 1469 1670 1525 Clnisto
1704 1471 2035 1540 percrebuit,

464 1566 513 1611 et
541 1557 803 1623 indigenae
833 1554 1162 1623 evangelicis
1182 1553 1656 1624 prmdicationibus
1706 1556 2041 1623 obtempera-

465 1646 792 1717 ι·ιιηι,77ἀΙ
827 1661 1035 1700 rursum
1066 1646 1183 1700 alia:
1216 1646 1622 1715 persecutiones
1642 1645 1891 1699 excitatae
1914 1654 2040 1699 sunt

465 1753 560 1805 per
594 1751 709 1797 eos,
741 1738 828 1804 qui
858 1736 1201 1790 successione
1264 1745 1651 1801 regnaverunt,
1687 1744 1742 1789 et
1772 1734 2040 1803 impuram

2145 569 2369 620 ἕκαστον
2398 570 2476 631 είς
2503 572 2685 641 χεῖρας
2717 567 2809 619 τοῦ
2836 567 3059 637 πλησίον
3081 565 3266 632 αὐτοῦ,
3300 567 3392 619 καὶ
3422 570 3502 630 είς
3531 571 3719 638 χεῖρας

2145 655 2405 725 βασιλέως
2437 656 2623 711 αὐτοῦ.
2659 658 2767 711 Καὶ⁴
2826 657 3190 726 κατακόψουσι
3239 657 3335 728 τὴν
3366 659 3489 727 γῆν,
3518 660 3611 711 καὶ¹
3656 662 3718 712 οὐ

2146 746 2218 816 μὴ
2254 746 2519 817 ἐξέλωμαι
2544 750 2606 801 ἐκ
2651 749 2832 819 χειρὸς
2861 748 3057 801 αὐτῶν.
3097 767 3113 799 ι
3161 748 3247 801 Ἐν
3266 749 3320 801 δέ
3352 767 3412 817 γε
3445 754 3556 813 τοῖς
3590 769 3723 823 προ-

2142 837 2447 907 κειμένοις,
2501 840 2626 902 τοὺς
2688 840 2829 893 κατὰ
2880 841 2978 911 τῆς
3047 842 3369 911 Ἐκκλησίας
3432 846 3722 912 γεγονότας

2141 928 2415 998 διωγμοὺς
2447 933 2839 1002 προαφηγεῖται
2882 932 3085 999 σαφῶς.
3135 932 3553 1005 Πεπολεμὴκασι
3614 938 3723 1008 γὰρ

2141 1023 2252 1083 τοῖς
2300 1020 2657 1074 πιστεύσασιν
2700 1025 2778 1085 είς
2831 1024 3079 1094 Χριστὸν,
3139 1024 3244 1094 πρὸ
3295 1026 3393 1093 μὲν
3414 1027 3521 1079 τῶν
3548 1028 3722 1081 ἄλλων

2142 1109 2473 1163 ἀπάντωνοί
2528 1112 2626 1181 τῆς
2684 1113 2949 1166 Ἰουδαίων
3008 1115 3335 1186 Συναγωγῆς
3390 1118 3719 1188 ἡγούμενοι,

2142 1202 2609 1271 παραγγέλλοντες
2635 1205 2731 1273 μὲν
2751 1208 2861 1268 τοῖς
2887 1206 3057 1273 ἁγίοις
3091 1206 3401 1269 ἀποστόλοις
3447 1208 3521 1278 μὴ
3542 1208 3722 1263 λαλεῖν

2141 1291 2232 1343 ἐπὶ
2258 1292 2335 1361 τῷ
2357 1292 2579 1362 ὀνόματι
2622 1294 2714 1346 τοῦ
2762 1295 3019 1364 Χριστοῦ,
3060 1294 3410 1364 μαστίζοντες
3460 1296 3514 1348 δὲ
3548 1298 3637 1350 καὶ
3666 1300 3722 1351 ἐν

2143 1383 2437 1453 συνεδρίοις
2462 1384 2676 1449 αὐτοὺς,
2712 1385 3098 1438 λιθοϐολεῖσθαι
3117 1386 3171 1438 δὲ
3204 1387 3295 1440 καὶ
3319 1387 3520 1457 ἑτέρως
3544 1406 3723 1460 παρα-

2144 1474 2532 1540 σκευάζοντες,
2585 1477 2682 1530 καὶ
2739 1477 2791 1529 τί
2840 1477 2947 1548 γὰρ
3007 1478 3126 1547 οὐχὶ
3182 1479 3287 1531 τῶν
3346 1481 3722 1535 ἀνοσιωτάτων

2140 1566 2374 1637 δρῶντες
2424 1567 2518 1621 κα)⁸
2552 1568 2839 1636 λέγοντες;
2894 1568 3107 1640 Ἐπειδὴ
3136 1569 3193 1622 δὲ
3247 1571 3339 1622 καὶ
3370 1566 3424 1623 ὲν
3467 1574 3584 1635 ταῖς
3613 1573 3723 1627 τῶν

2140 1656 2310 1709 ἐθνῶν
2336 1655 2541 1727 χώραις
2566 1659 2960 1727 ὲκπεφοίτηκεν
2989 1661 3016 1711 ό
3047 1659 3221 1727 λόγος,
3248 1662 3275 1713 ὁ
3306 1662 3434 1730 περὶ
3460 1662 3720 1731 Χριστοῦ,

2143 1750 2236 1804 καὶ
2264 1750 2371 1803 τῶν
2394 1750 2761 1819 εὐαγγελικῶν
2801 1751 3170 1821 κηρυγμάτων
3206 1753 3461 1822 κατήκοοι
3491 1754 3721 1822 γεγόνα-

474 1844 536 1880 ac
567 1827 939 1879 detestandam
1019 1824 1380 1879 idololatriam
1428 1826 1707 1879 vindicare
1755 1834 2029 1888 conantes,

2141 1860 2223 1896 σιν
2253 1842 2301 1894 οἱ
2334 1842 2391 1894 ὲν
2422 1816 2632 1905 αὐταῖς,
2661 1842 2822 1896 πάλιν
2855 1816 3141 1910 γεγόνασιν
3168 1816 3344 1913 ἕτεροί
3371 1816 3599 1915 διωγμοὶ
3632 1846 3721 1900 διὰ

463 1914 1160 1984 diabolicmqueimpietatis
1196 1913 1428 1968 ministri
1486 1913 1638 1978 lacti,
1683 1924 1901 1969 sanctos
1971 1914 2037 1968 ad

464 2008 755 2078 martyrica
789 2005 1089 2060 certamina
1133 2016 1393 2060 vocantes
1452 2006 1862 2059 interemerunt.
1910 2003 2033 2059 Visa

461 2109 543 2155 est
568 2110 743 2153 autem
778 2098 1019 2153 Ecclesia
1051 2106 1353 2168 opportuna
1396 2097 1627 2166 injuriis,
1693 2098 1908 2150 nemine
1942 2096 2037 2150 de-

462 2192 737 2255 tendente,
755 2201 805 2244 et
834 2188 1029 2244 similis
1052 2187 1334 2244 vestibulis
1358 2187 1575 2257 agitatis
1626 2197 1678 2240 et
1712 2187 2033 2253 labentibus,

460 2293 551 2335 aut
579 2284 741 2336 etiam
776 2281 937 2349 lapidi
978 2279 1312 2333 conculcato.
1347 2278 1558 2332 Etenim
1587 2276 1835 2331 Salvator
1882 2292 2032 2331 com~

460 2374 657 2437 munis,
683 2388 801 2425 cum
829 2370 984 2424 facile
1015 2378 1197 2441 posset
1230 2368 1425 2423 bellum
1473 2383 1634 2423 omne
1683 2369 1896 2431 sedare,
1924 2368 2033 2420 imo

460 2466 600 2518 etab
621 2464 792 2533 ipsum
828 2462 1220 2516 honorantibus
1247 2474 1549 2522 removere,
1575 2473 1775 2527 eosque
1798 2459 1863 2510 ah
1885 2458 2029 2512 omni

459 2556 755 2612 tentatione
789 2554 1058 2607 immunes
1108 2552 1452 2621 hostiumque
1474 2550 1679 2605 viribus
1719 2550 2031 2619 superiores

459 2656 721 2716 praestare
756 2684 771 2708 ,
836 2658 932 2698 sua
991 2642 1171 2696 divina
1226 2641 1560 2709 providentia
1608 2655 1703 2710 per
1769 2655 1927 2695 casus
1976 2650 2032 2695 et

455 2732 1003 2792 aerumnasillustrari
1035 2732 1299 2801 permisit,
1324 2740 1384 2785 ut
1413 2731 1513 2786 sibi
1547 2729 1853 2785 conformes
1916 2732 2031 2785 red-

454 2828 574 2891 diti,
606 2840 712 2878 nna
753 2824 1193 2893 glorilicarentur
1222 2830 1275 2874 et
1302 2828 1721 2888 conregnarent.
1764 2838 1781 2870 ι
1808 2820 1861 2873 Si
1882 2820 2025 2874 enim

454 2916 836 2984 compatimur,
854 2922 906 2968 et
927 2912 1375 2982 conregnabimus
1394 2911 1489 2979 illi,
1511 2920 1567 2965 ut
1585 2911 1843 2980 scriptum
1863 2910 2025 2975 est",

453 3007 591 3059 etsi
636 3004 766 3057 socii
829 3003 1143 3072 passionum
1200 3017 1411 3065 sumus,
1476 3002 1639 3056 etiam
1699 3002 1881 3071 gloria:
1920 3001 2027 3057 eri-

456 3112 575 3151 ntus
601 3096 667 3149 δ’.
707 3113 725 3146 ι
763 3095 851 3147 Ait
877 3107 1044 3162 ergo:
1082 3109 1102 3144 ι
1138 3091 1279 3146 Ecce
1306 3106 1406 3162 ego
1432 3106 1570 3161 pono
1598 3090 1900 3147 Jerusalem
1966 3103 2026 3148 ut

458 3186 718 3242 vestibula
750 3191 1074 3239 commota.»
1106 3180 1259 3248 Quod
1285 3181 1331 3236 si
1363 3181 1477 3250 ﬁat,
1508 3182 1894 3252 cingetur,hoc
1943 3193 2027 3237 est

452 3277 787 3334 ohsidehitur
818 3274 884 3328 ab
918 3271 1168 3327 omnibus
1201 3288 1214 3325 :
1266 3281 1319 3325 et
1353 3287 1474 3327 cum
1506 3271 1777 3327 videbitur
1805 3287 1923 3329 esse
1966 3282 2028 3331 ut

454 3372 593 3440 lapis
621 3365 998 3428 conculcatus,
1044 3373 1167 3418 tunc
1194 3363 1371 3419 omnis
1396 3362 1627 3418 illudens
1650 3362 1858 3418 illudet.
1884 3364 2028 3419 Con-

455 3463 575 3531 tigit
639 3460 761 3525 hoc,
810 3457 952 3512 sicut
1000 3457 1160 3527 paulo
1203 3464 1328 3510 ante
1373 3454 1644 3519 dicebam,
1690 3453 2022 3523 singulorum

452 3564 750 3621 temporum
784 3546 1268 3618 persecutionibus.
1289 3546 1474 3601 Adorti
1505 3546 1788 3599 suntenim
1809 3556 2027 3600 sanctos

454 3643 636 3698 multis
676 3642 850 3696 modis
875 3654 971 3695 eos
1000 3639 1330 3705 cruciantes,
1359 3646 1415 3691 et
1492 3637 1843 3692 morientibus
1892 3639 2028 3693 torte

450 3735 614 3788 etiam
648 3731 968 3786 insultantes
983 3731 1190 3785 miseri.
1221 3728 1547 3783 Nesciebant
1579 3728 1723 3783 enim
1786 3729 2028 3798 profecto

451 3833 651 3892 quanta
676 3837 741 3877 ex
765 3820 1145 3877 aﬂlictionibus
1173 3820 1483 3891 proveniret
1538 3819 1730 3888 gloria,
1766 3830 1821 3873 et
1883 3822 2031 3875 dolo-

450 3932 565 3971 rem
599 3916 705 3971 illis
738 3925 1052 3987 pcrpetuam
1086 3912 1252 3966 animi
1323 3910 1648 3966 hilaritatem
1704 3913 2025 3980 pariturutn.

457 4010 740 4078 Perpende
771 4023 952 4077 porro.
978 4004 1246 4075 quomodo
1277 4019 1380 4058 non
1409 4004 1571 4069 dicat,
1591 4018 1727 4073 Opus
1752 4018 1869 4058 esse
1901 4021 2030 4074 gen-

453 4104 583 4157 tium
612 4102 885 4171 potentiae,
932 4098 1187 4152 Ecclesia:
1246 4094 1738 4159 conculcationem,
1790 4096 1883 4150 sed
1918 4112 2028 4151 sure

447 4194 741 4265 voluntatis
800 4199 851 4241 et
879 4187 1111 4244 consilii.
1142 4186 1302 4255 Cupit
1333 4187 1499 4250 enim,
1537 4194 1593 4240 ut
1640 4187 1771 4252 dixi,
1839 4189 2029 4243 adora-

450 4296 594 4338 tores
644 4268 770 4335 suos
816 4279 974 4333 rebus
1031 4279 1269 4331 adversis
1302 4277 1482 4346 perlici
1543 4288 1596 4333 et
1646 4282 2028 4335 consummari.

447 4376 539 4428 Ait
575 4387 807 4440 namque
841 4392 851 4423 .-
891 4390 907 4421 ι
951 4371 1060 4441 Ego
1109 4385 1252 4437 pono
1295 4369 1602 4424 Jerusalem
1657 4380 1714 4423 ut
1760 4373 2027 4427 vestibula

2138 1930 2243 1983 τῶν
2268 1930 2410 1984 κατὰ
2442 1932 2665 2002 καιροὺς
2706 1931 3187 2000 βεϐασιλευκότων,
3224 1933 3274 1986 οἳ
3324 1938 3421 2005 τῆς
3490 1937 3718 2008 βεϐήλου

2138 2017 2521 2092 καὶ’βδελυρᾶς
2569 2023 3009 2093 εἰδωλολατρείας
3052 2026 3457 2094 μεταποιεῖσθαι
3487 2028 3720 2082 σπουδά-

2138 2111 2339 2177 ζοντες,
2382 2115 2476 2166 καὶ
2502 2113 2813 2185 διαϐολικῆς
2843 2115 3183 2185 ἀνοσιότητος
3215 2117 3477 2188 ὑπουργοὶ
3502 2121 3717 2188 γεγονό-

2135 2221 2245 2267 τες,
2279 2206 2605 2259 ἀπεκτόνασι
2636 2207 2761 2269 τοὺς
2791 2207 2978 2274 ἁγίους
3002 2209 3082 2269 είς
3114 2208 3238 2268 τοὺς
3269 2209 3358 2261 ἐπὶ
3410 2213 3521 2273 τοῖς
3573 2229 3715 2281 μαρ-

2133 2298 2339 2367 τυρίοις
2374 2297 2666 2360 καλοῦντες
2700 2298 2939 2365 ἀγῶνας.
2975 2284 3160 2363 Ἕῶξε
3184 2300 3239 2352 δέ
3270 2320 3381 2365 πως
3409 2304 3440 2373 ἡ
3484 2304 3713 2373 Ἐκκλη-

2136 2391 2246 2455 σία,
2303 2392 2395 2444 καὶ
2445 2392 2677 2461 πάσχειν
2726 2392 2992 2457 εὐκόλως,
3053 2393 3422 2463 ἐπαμύνοντος
3481 2396 3713 2464 οὐδενὸς,

2132 2482 2366 2535 ἑοικέναι
2402 2501 2459 2536 τε
2484 2481 2773 2555 προθύροις
2798 2483 3025 2536 σεσαλευ
3035 2483 3238 2553 μένοις,
3274 2486 3367 2538 κα)⁸
3391 2486 3677 2540 πίπτουσιν
3696 2529 3711 2552 ,

2132 2574 2291 2643 ἦκαὶ
2340 2574 2472 2644 λίθῳ
2519 2574 3003 2645 καταπατουμένῳ.
3056 2575 3248 2627 Καίτοι
3295 2575 3404 2645 γὰρ
3457 2576 3653 2646 ἰσχύων
3684 2580 3713 2629 ό

2128 2666 2239 2719 τῶν
2293 2667 2429 2719 ὅλων
2480 2665 2667 2737 Σωτὴρ
2719 2667 2811 2719 καὶ
2862 2666 3039 2719 πάντα
3094 2666 3329 2737 πόλεμον
3385 2672 3712 2723 κατευνάσαι

2133 2754 2348 2825 ῥᾳδίως,
2380 2754 2578 2824 μᾶλλον
2612 2755 2667 2808 δὲ
2696 2755 2789 2808 καὶ
2832 2755 3137 2825 ἀποστῆσαι
3181 2754 3459 2819 παντελῶς
3491 2756 3596 2809 τῶν
3628 2774 3713 2810 σε-

2130 2845 2373 2915 ϐομένων
2412 2844 2487 2915 (l)
2526 2845 2711 2908 αὐτὸν,
2769 2846 2865 2899 καὶ
2902 2845 3160 2915 ἀμείνους
3185 2846 3459 2916 ἀποφῆναι
3512 2848 3710 2910 παντὸς

2131 2934 2461 3007 πειρασμοῦ,
2517 2935 2612 2988 καὶ
2660 2935 2762 3005 τῆς
2800 2934 2908 2988 τῶν
2942 2934 3150 3005 ἐχθρῶν
3180 2937 3712 3006 κατευμεγεθοῦντας

2130 3027 2332 3097 χειρὸς,
2380 3028 2582 3097 ἐφῆκεν
2630 3026 2984 3097 οἰκονομικῶς
3026 3026 3581 3096 καταλαμπρύνεσθαι
3620 3030 3709 3083 διὰ

2130 3114 2487 3186 παθημάτων,
2518 3114 2603 3167 ἵνα
2635 3114 2945 3185 σύμμορφοι
2979 3112 3263 3181 γεγονότες
3311 3114 3480 3185 αὐτῷ,
3522 3116 3710 3168 συνδο-

2128 3202 2374 3271 ξασθεῖέν
2396 3220 2457 3256 τε
2502 3202 2596 3257 καὶ
2649 3200 3156 3272 συμϐασιλεύσειαν,
3190 3220 3209 3253 ι
3249 3201 3312 3253 Ei
3342 3202 3451 3272 γὰρ
3491 3204 3711 3273 cup-nd-

2126 3311 2351 3369 σχομεν,
2370 3295 2467 3351 καὶ
2490 3294 2992 3368 συμὸασιλεύσομεν
3021 3296 3189 3365 αὐτῷ,
3207 3296 3345 3349 κατὰ
3372 3296 3432 3348 τὸ
3463 3313 3710 3367 γεγραμ-

2131 3386 2309 3456 μένον,
2344 3386 2440 3440 καὶ
2476 3385 2526 3441 εί
2546 3385 2795 3442 κοινωνοὶ
2821 3386 2932 3440 τῶν
2963 3385 3303 3457 παθημάτων
3331 3386 3514 3455 ἐσμὲν,
3568 3386 3707 3439 ἀλλὰ

2128 3478 2221 3528 καὶ
2248 3476 2348 3544 τῆς
2375 3475 2530 3545 δόξης
2548 3476 2806 3546 ἐσόμεθα.
2824 3494 2947 3527 ›-‹
2970 3477 3098 3529 Ἰδοὺ
3117 3476 3312 3541 τοίνυν,
3338 3477 3489 3545 φησὶ,
3517 3477 3708 3547 τίθημι

2127 3567 2223 3638 τὴν
2261 3566 2635 3639 Ἰερουσαλὴμ,
2666 3566 2739 3630 ὠς
2762 3565 3011 3639 πρόθυρα
3033 3566 3383 3637 σαλευόμενα.
3416 3585 3432 3617 ι
3469 3568 3529 3619 El
3561 3567 3617 3619 δὲ
3640 3568 3706 3639 δὴ

2126 3658 2283 3712 τοῦτο
2343 3659 2571 3729 γένοιτο,
2628 3658 2925 3729 καταχθείη
2992 3658 3119 3729 περὶ
3174 3658 3401 3728 αὐτὴνή
3450 3659 3701 3728 περιοχὴ,

2128 3747 2427 3811 τουτέστιν,
2458 3749 2491 3817 ἡ
2536 3745 2687 3818 παρά
2712 3747 2926 3800 πάντων
2954 3746 3257 3818 πολιορκία’
3291 3748 3382 3800 καὶ
3407 3749 3533 3800 ὅταν
3561 3743 3702 3801 εἶναι

2127 3838 2328 3903 δόξειεν
2351 3839 2425 3901 ὡς
2443 3838 2587 3901 λίθος
2617 3837 3119 3909 καταπατούμενος,
3153 3840 3274 3892 τότε
3321 3842 3426 3902 πᾶς
3454 3841 3481 3891 ὁ
3504 3839 3705 3910 ἐμπαί-

2130 3926 2238 3990 ζων
2269 3926 2611 3997 ὲμπαίξεται,
2644 3928 2963 3998 Πέπρακται
2988 3927 3045 3981 δὲ
3082 3927 3261 3994 τοῦτο,
3296 3930 3540 4000 καθάπερ
3566 3928 3705 3997 ἔφην

2131 4018 2351 4088 ἀρτίως,
2388 4020 2445 4070 ὲν
2473 4021 2584 4081 τοῖς
2617 4020 2756 4073 κατὰ
2783 4020 3008 4091 καιροὺς
3052 4019 3328 4091 διωγμοῖς.
3375 4018 3706 4088 Ἐπεφύοντο

2129 4109 2239 4178 γὰρ
2260 4111 2370 4171 τοῖς
2400 4108 2592 4175 ἁγίοις,
2623 4109 2766 4162 κατά
2818 4109 3045 4172 πολλοὺς
3105 4110 3402 4173 αἱκίζοντες
3431 4110 3700 4179 τρόπους,

2131 4202 2223 4254 καὶ
2252 4202 2392 4271 τάχα
2428 4218 2530 4253 που
2581 4201 2676 4255 καὶ
2733 4202 3167 4273 ἀποθνήσκουσιν
3220 4201 3626 4271 ὲπιμειδιῶντες
3654 4204 3705 4255 οἱ

2130 4292 2374 4357 τάλανες.
2421 4293 2493 4346 Οὐ
2544 4293 2652 4365 γὰρ
2705 4295 2923 4367 ᾔδεσαν,
2978 4296 3117 4350 κατά
3148 4295 3208 4349 τὸ
3232 4294 3395 4359 εἰκὸς,
3422 4293 3482 4347 τὸ
3512 4296 3575 4347 ὲκ
3606 4295 3702 4347 τοῦ

2132 4385 2319 4439 παθεῖν
2340 4385 2577 4450 εὐκλεὲς,
2632 4388 2726 4441 καὶ
2773 4388 2855 4441 ὅτι
2908 4388 3041 4457 πρὸς
3088 4386 3350 4457 εὐθυμίας
3379 4385 3560 4447 αὐτοῖς
3606 4384 3703 4454 τῆς

444 4472 712 4519 commota
739 4463 987 4518 omnibus
1010 4462 1221 4532 populis
1245 4463 1296 4515 itt
1332 4463 1583 4517 circuitu.
1610 4480 1628 4513 ι
1655 4462 1806 4517 llaud
1830 4463 2012 4518 diver-

2132 4477 2399 4547 διηνεκοῦς
2424 4477 2574 4531 ἔσται
2623 4478 2686 4549 δὴ
2730 4478 2944 4540 πάντως
2974 4480 3001 4530 ό
3033 4478 3209 4540 πόνος.
3249 4475 3443 4546 Ἀθρει
3467 4475 3522 4530 δὲ
3555 4476 3705 4538 ὅπως

445 4572 562 4609 sum
586 4555 714 4608 illud
740 4564 838 4617 est,
867 4556 1083 4623 opinor,
1113 4555 1256 4622 quod
1281 4568 1312 4607 a
1359 4553 1642 4608 Salvatore
1675 4552 1740 4605 ad
1780 4552 2012 4607 Pilatum

443 4646 682 4699 dicitur:
722 4664 739 4695 ι
772 4645 887 4699 Νοιι
924 4645 1150 4699 haberes
1185 4652 1507 4712 potestatem
1595 4642 1882 4696 adversum
1933 4659 2015 4696 me

445 4737 628 4799 ullam,
650 4737 749 4789 nisi
777 4738 867 4788 tibi
902 4738 1083 4789 datum
1108 4742 1249 4787 esset
1279 4734 1508 4801 desuper
1535 4733 1602 4787 ⁸ο.
1652 4752 1670 4783 ι
1704 4732 1793 4786 Sic
1825 4737 2017 4789 merito

442 4828 959 4894 etiamdicatquam
1008 4825 1219 4877 animus
1300 4825 1538 4877 intuetur
1592 4821 1907 4889 Jerusalem,
1960 4826 2011 4879 id

440 4928 523 4975 est.
564 4918 824 4979 Ecclesia,
886 4916 1225 4984 persequenti
1279 4914 1520 4967 mundo:
1571 4934 1587 4964 ι
1628 4913 1744 4968 Non
1789 4916 2014 4971 haberes

440 5019 762 5081 potestatem
796 5020 986 5062 contra
1016 5023 1098 5061 me
1131 5006 1315 5070 ullam,
1364 5006 1466 5059 nisi
1503 5005 1686 5057 datum
1718 5015 1861 5061 esset
1918 5010 2010 5061 tibi

441 5104 687 5173 desuper.
722 5121 739 5155 ι

2120 4569 2178 4619 οὐ
2220 4569 2318 4638 τῆς
2349 4568 2457 4620 τῶν
2480 4568 2647 4622 ἐθνῶν
2683 4568 2867 4639 ἰσχύος
2892 4568 3050 4636 ἔργον
3085 4564 3221 4621 εἷναί
3247 4583 3398 4637 φησι,
3439 4567 3498 4619 τὸ
3532 4583 3704 4619 κατα-

2124 4660 2535 4730 πατηθήσεσθαι
2570 4662 2665 4728 τὴν
2708 4661 3057 4729 Ἐκκλησίαν,
3095 4660 3227 4712 ἁλλά
3249 4660 3345 4729 τῆς
3376 4658 3541 4711 αὐτοῦ
3578 4658 3701 4727 βου-

2120 4749 2235 4815 λῆς.
2277 4751 2516 4817 Ἐφίεται
2551 4752 2678 4820 γὰρ,
2708 4752 2783 4813 ὡς
2814 4752 2969 4821 ἔφην,
2994 4752 3079 4803 διὰ
3104 4752 3441 4821 παθημάτων
3474 4748 3705 4801 τελειοῦ-

2118 4839 2239 4892 σθαι
2278 4842 2404 4903 τοὺς
2439 4842 2601 4904 ἰδίους
2660 4844 3056 4912 προσκυνητάς.
3104 4862 3121 4893 ι
3167 4842 3297 4894 Ἰδοὺ
3340 4842 3469 4911 γὰρ,
3502 4839 3694 4909 φησὶν,

2118 4928 2229 4997 ἐγὼ
2260 4931 2450 5001 τίθημι
2474 4933 2571 5001 τὴν
2599 4933 2952 5003 Ἰερουσαλὴμ
2978 4934 3055 4997 ὡς
3087 4934 3335 5004 πρόθυρα
3363 4931 3693 4999 σαλευόμενα

2122 5021 2253 5072 πᾶσι
2284 5023 2392 5083 τοῖς
2422 5022 2568 5085 λαοῖς
2604 5024 2806 5093 κύκλῳ.
2837 5044 2854 5074 ι
2878 5022 3064 5093 Τούτῳ
3098 5023 3477 5094 παραπλήσιον
3500 5022 3695 5079 ἐκεῖνο,

2118 5106 2292 5179 οἶμαι,
2325 5111 2522 5165 ἔστιτὸ
2553 5113 2637 5167 διὰ
2668 5116 2761 5184 τῆς
2790 5112 2882 5165 τοῦ
2912 5113 3161 5183 Σωτῆρος
3191 5113 3375 5181 φωνῆς
3412 5108 3701 5180 εἰρημένον

440 5193 576 5263 πρὸς
621 5194 867 5246 Πιλάτον·
923 5210 940 5242 ι
996 5191 1108 5242 Οὐκ
1147 5184 1292 5259 εἶχες
1330 5192 1586 5260 οὐδεμίαν
1616 5192 1861 5258 ἐξουσίαν
1916 5202 2035 5251 κατ’
2075 5202 2229 5271 ἐμοῦ,
2273 5206 2320 5256 εἰ
2354 5205 2439 5275 μὴ
2487 5201 2553 5275 ἦν
2595 5207 2875 5274 δεδομένον
2917 5224 2997 5257 σοι
3051 5206 3271 5258 ἄνωθεν.
3306 5224 3323 5255 ι
3352 5203 3486 5272 Φαίη
3522 5202 3588 5255 ἂν
3622 5203 3701 5254 εἱ-

440 5285 613 5346 κότως
669 5286 702 5355 ἡ
762 5283 921 5354 νοητὴ
972 5283 1134 5335 ’πάλιν
1220 5281 1592 5353 Ἰερουσαλὴμ,
1652 5286 1927 5341 τουτέστιν
1976 5293 2007 5360 ἡ
2063 5293 2374 5363 Ἐκκλησία,
2433 5297 2509 5365 τῷ
2552 5297 2799 5349 διώκοντι
2854 5300 3061 5369 κόσμῳο
3112 5318 3129 5349 ι
3200 5296 3312 5348 υύκ
3386 5290 3530 5363 εἶχες
3580 5294 3699 5346 κατ’

439 5376 572 5445 ἐμοῦ
632 5377 876 5442 ἐξουσίαν
933 5374 1206 5438 οὐδεμίαν,
1273 5376 1319 5425 εἰ
1388 5375 1459 5443 μὴ
1492 5372 1559 5442 ἦν
1589 5377 1869 5447 δεδομένον
1931 5399 2009 5435 σοι
2049 5385 2274 5442 ἄνωθεν.
2308 5408 2325 5439 ι

511 5540 556 5571 ⁸⁵
585 5536 755 5589 Zaclt.
801 5552 879 5599 XI,
913 5536 965 5588 0.

442 5610 526 5663 12.
602 5610 644 5639 ⁸⁵³
676 5605 717 5659 ll
750 5606 875 5659 Cor.
911 5622 947 5667 t,
970 5605 1021 5657 7.

1045 5535 1087 5565 ‘5
1116 5537 1237 5588 Act.
1307 5551 1377 5599 tv,
1414 5535 1500 5593 l7,

1099 5604 1143 5633 ⁶⁰
1170 5604 1325 5659 Joan.
1358 5622 1468 5670 τις,
1498 5606 1583 5660 ll.

1580 5535 1622 5565 ’⁸ο
1660 5540 1778 5591 Act.
1814 5543 2041 5609 “1,99.
2118 5544 2160 5576 ‘7
2190 5546 2308 5598 Act.
2340 5563 2451 5609 ειν,
2487 5548 2570 5603 lS.

2669 5549 2713 5579 ‘3
2746 5548 2903 5603 Rom.
2966 5562 3084 5611 vnt,
3124 5544 3296 5611 17;]!
3330 5543 3470 5597 Tim.
3506 5558 3567 5608 It,
3608 5542 3699 5613 Η,

514 5738 583 5810 (ι)
619 5742 707 5797 Sic
755 5738 1134 5809 corrigendum
1168 5750 1351 5797 monet
1404 5739 1703 5797 Cotelerius
1736 5740 2017 5814 (Monum.
2061 5744 2203 5804 Eccl.
2252 5747 2345 5801 Gr.
2375 5746 2433 5811 Il,
2464 5748 2589 5815 605)
2628 5764 2723 5817 pro
2754 5749 2901 5817 vulg.
2938 5750 3263 5817 σευομένων.
3300 5749 3457 5804 Et)th
