4042 6196
209 260 223 271 ·
304 257 417 332 eo)

1141 261 1700 324 COMMENTARIUS
1740 266 1803 322 IN
1844 268 2241 354 ZA‘iJllARlAii
2283 271 2731 328 PROPHETAM.
2814 341 2823 349 _
3276 302 3283 309 ο
3483 279 3611 339 ZIG’

391 377 490 431 Ἐν
532 376 607 445 τῇ
632 376 823 447 ἡμέρᾳ
842 378 1068 451 ἐκείνη,
1100 384 1261 454 λέγει
1292 385 1506 453 Κύριος
1554 387 1888 457 παντοκρά-

2070 386 2233 445 Vens.
2260 387 2402 443 4.1::
2424 390 2511 443 die
2568 388 2686 453 illa,
2754 388 2881 443 dicit
2938 388 3196 444 Dominus
3241 392 3586 462 omnipotens,

304 486 444 539 τωρ,
468 467 714 534 πατάξω
752 468 950 525 πάντα
996 472 1185 527 ἵππον
1207 474 1278 528 ἐν
1312 474 1620 539 ἐκστάσει,
1654 477 1753 530 καὶ
1794 474 1891 530 τὸν

1999 482 2290 549 percutiam
2314 496 2516 535 omnem
2553 496 2742 548 equum
2781 482 2836 534 in
2884 490 3117 550 stupore,
3160 492 3207 535 et
3259 499 3586 537 ascensorem

305 559 615 627 ἀναϐάτην
663 560 852 615 αὐτοῦ
903 563 974 617 ἐν
1022 566 1501 635 παραφρονήσει·
1551 567 1654 621 ἐπὶ
1694 567 1763 621 δὲ
1792 567 1891 621 τὸν

2002 569 2121 640 ejus
2153 571 2208 624 in
2229 571 2457 624 amentia
2483 586 2500 624 :
2522 586 2678 640 super
2699 570 2913 626 domum
2946 581 3119 626 autem
3145 570 3290 625 Iuda
3349 573 3589 640 aperiam

302 647 478 706 οἶκον
526 651 713 705 Ἰούδα
741 652 1025 718 διανοίξω
1066 655 1210 721 τοὺς
1256 658 1607 726 ὀφθαλμούς
1629 676 1770 728 μου,
1798 658 1897 712 καὶ

304 739 543 808 πάντας
585 742 732 810 τοὺς
761 744 988 812 ἵππους
1038 746 1158 801 τῶν
1180 747 1349 803 λαῶν
1391 749 1637 816 πατάξω
1660 751 1730 805 ἐν
1750 751 1898 807 dato-

306 832 637 903 τυφλὼσει.

378 926 750 981 ΠΗ’.⁶Ὀτικαὶ
770 928 946 983 πάντα
967 931 1289 987 κατευνάσει
1308 935 1567 1006 πόλεμον,
1592 936 1687 990 καὶ
1715 938 1895 1007 ἀπράο

304 1034 470 1081 κτους
505 1019 774 1088 ἀποφανεῖ
803 1021 904 1086 τὰς
938 1022 1049 1077 τῶν
1082 1023 1388 1081 διωκόντων
1437 1028 1682 1097 ἐφόδους,
1714 1029 1896 1083 δίδωσι

301 1112 469 1174 νοεῖν,
499 1110 664 1165 ἵππον
686 1113 781 1166 καὶ
807 1113 1086 1185 ἀναϐάτην
1115 1117 1383 1183 πατάξειν
1412 1120 1582 1176 εἰπὼν
1607 1123 1664 1175 ὲν
1695 1124 1896 1177 ὲκστά-

303 1215 392 1251 σει
412 1215 473 1252 τε
505 1200 600 1253 καὶ
634 1205 1069 1275 παραφρονήσει,
1103 1209 1195 1262 καὶ
1230 1211 1338 1281 μὴν
1362 1211 1458 1264 καὶ
1490 1212 1891 1282 ἀοποτυφλώσει.

306 1288 466 1343 Ἔστι
488 1289 568 1354 δὲ,
596 1286 771 1362 οἴμαι,
788 1295 986 1349 ταυτὸν
1005 1297 1066 1350 τὸ
1089 1298 1282 1355 παθεῖν
1301 1299 1401 1372 τὴν
1423 1300 1703 1370 ἔκστασιν,
1727 1304 1895 1359 καὶτὸ

302 1380 597 1451 ὑπομεῖναι
621 1383 721 1453 τὴν
750 1386 1186 1459 παραφρόνησιν.
1222 1390 1295 1444 Τὸ
1348 1390 1457 1463 γὰρ
1487 1392 1594 1459 ἔξω
1636 1394 1892 1463 γενέσθαι

302 1471 524 1541 φρενὸς,
556 1471 815 1539 ἔκστασις
837 1475 904 1530 ἂν
928 1480 1121 1546 νοοῖτο,
1141 1481 1235 1534 καὶ
1269 1480 1414 1551 μάλα
1445 1483 1692 1548 εἰκότως.
1727 1479 1802 1539 Οῦ
1827 1486 1891 1558 δὴ

302 1561 609 1630 γεγονότος,
649 1564 742 1619 καὶ
769 1568 880 1630 τοῖς
916 1567 1120 1636 φονῶσι
1145 1570 1574 1642 συμϐεϐηκότος,
1606 1574 1909 1645 περιέσται.

301 1667 412 1703 που
445 1651 665 1717 πάντως
707 1656 818 1719 τοῖς
881 1656 1057 1725 ἁγίοις
1092 1660 1267 1714 εἰπεῖν
1306 1661 1566 1732 περὶτῶν
1599 1679 1750 1732 σφισι
1788 1682 1889 1733 μευ

2000 658 2176 713 oculos
2204 675 2364 725 meos,
2395 670 2441 745 et
2476 674 2651 714 omnes
2671 675 2831 729 equos
2861 659 3178 730 populorum
3202 663 3497 727 percutiam
3530 662 3585 715 in

1996 753 2251 809 cwcilate.

2071 926 2234 998 775
2260 924 3033 994 LXXXVlll.Compositurtttn
3051 939 3211 978 omne
3228 924 3446 991 bellum,
3487 928 3585 982 lto-

1994 1017 2256 1086 stilesque
2281 1016 2531 1070 incursus
2571 1023 2977 1083 persecutorum
2998 1010 3304 1068 ineﬂkaces
3327 1025 3380 1067 ct
3399 1014 3603 1082 itiones,

1996 1108 2331 1164 redditurum
2358 1115 2562 1173 monet,
2601 1106 2728 1160 dum
2754 1105 2906 1171 dicit,
2954 1119 3159 1174 equum
3213 1114 3269 1160 et
3323 1120 3584 1161 ascenso-

1999 1215 2111 1257 rem
2147 1214 2537 1271 percussurum
2572 1198 2624 1253 in
2655 1205 2880 1267 stupore
2906 1205 2960 1252 et
2986 1197 3224 1252 amentia
3261 1206 3315 1253 et
3342 1197 3586 1254 caecitate

1998 1293 2239 1363 insuper.
2287 1291 2381 1347 Est
2421 1298 2623 1356 autem,
2686 1297 2746 1343 ut
2805 1289 3064 1355 arbitror,
3095 1288 3258 1355 idem,
3306 1297 3583 1359 stuporem

1994 1383 2104 1453 pati
2135 1393 2191 1438 et
2221 1391 2495 1438 amentem
2536 1395 2680 1436 esse.
2723 1379 2859 1435 Nam
2894 1380 3159 1436 discessio
3190 1396 3219 1435 a
3252 1389 3436 1436 mente
3474 1398 3597 1439 non

1995 1474 2136 1531 male
2169 1484 2357 1544 stupor
2390 1472 2613 1543 intelligi
2660 1480 2844 1541 queat.
2875 1470 3030 1538 Quod
3071 1486 3195 1528 cum
3228 1472 3431 1527 factum
3463 1472 3582 1528 iue-

1993 1565 2094 1632 rit,
2120 1575 2174 1620 et
2206 1565 2261 1620 in
2287 1564 2436 1621 cardo
2473 1561 2852 1633 grassantibus
2885 1561 3199 1632 contigerit,
3238 1561 3424 1617 licebit
3459 1577 3576 1619 om-

1996 1656 2124 1712 nino
2139 1656 2347 1712 sanctis
2370 1656 2553 1710 dicere
2568 1654 2636 1709 de
2656 1653 3125 1725 oppugnatoribus
3147 1653 3263 1710 suis
3290 1672 3303 1709 :
3328 1671 3346 1705 ι
3371 1652 3596 1723 Inimici,

305 1742 664 1829 μχημένων·
706 1763 726 1797 ι
758 1746 822 1800 Οἱ
870 1748 1054 1819 ἐχθροὶ
1098 1751 1256 1821 ἡμῶν
1307 1752 1544 1824 ἀνόητοι.
1575 1773 1597 1808 s
1640 1755 1751 1811 Καὶ
1786 1756 1891 1829 μὴν

1997 1748 2168 1805 nostri
2219 1747 2543 1817 insipientes
2568 1746 2638 1799 ".
2692 1764 2712 1798 ι
2755 1746 2932 1814 Atque
2976 1745 3139 1799 etiam
3175 1744 3311 1800 illa:
3354 1764 3373 1797 ι
3416 1745 3481 1799 lli
3527 1745 3596 1815 in,

303 1833 432 1887 καί·
468 1854 487 1886 ι
519 1826 679 1890 Οὗτοι
711 1838 770 1892 ἐν
808 1838 1038 1910 ἅρμασι,
1092 1843 1186 1896 καὶ¹
1212 1836 1437 1897 οῦτοιὲν
1482 1844 1691 1910 ἵπποις,
1732 1826 1894 1917 ἡμεῖς

299 1924 438 1980 δὲέν
462 1927 689 1999 ὀνόματι
740 1931 952 2002 Κυρίου
979 1931 1114 1988 Θεοῦ
1142 1935 1300 2006 ἡμῶν
1324 1978 1325 1981 η
1349 1938 1888 2009 μεγαλυνθησόμεθα.

299 2018 468 2072 Αὐτοὶ
504 2021 989 2094 σννεποδίσθησαν,
1012 2027 1107 2079 καὶ
1145 2025 1362 2081 ἔπεσον
1386 2030 1550 2098 ἡμεῖς
1583 2028 1639 2083 δὲ
1664 2030 1893 2101 ἀνέστη.

279 2125 430 2177 μιν,
471 2108 569 2161 καὶ
603 2110 1030 2184 ἀνωρθώθημεν.
1065 2135 1084 2167 ι
1132 2118 1583 2189 Παραφρονήσειε
1623 2119 1666 2173 δ’
1699 2120 1765 2174 ἂν
1798 2124 1893 2176 καὶ

303 2200 523 2271 ἑτέρως.
559 2202 591 2254 6
618 2206 735 2268 ταῖς
758 2203 870 2259 τῶν
901 2207 1072 2275 ἁγίων
1103 2208 1477 2274 ἀνεξικακίαις
1510 2212 1740 2276 ἀνοσίως
1768 2215 1883 2267 ἐπι-

304 2292 510 2363 πηδῶν,
535 2294 630 2348 καὶ
655 2294 917 2367 ἀδόκητον
954 2298 1217 2367 ὑπομενεί
1281 2298 1380 2371 τὴν
1445 2300 1722 2365 ἔκστασιν,
1769 2303 1889 2374 ἦτοι

299 2383 358 2435 τὸ
380 2382 587 2453 θαῦμα,
610 2384 939 2457 τεθεαμένος
969 2390 1050 2443 ὅτι
1075 2390 1300 2445 νικῶσιν
1332 2393 1389 2445 ἐν
1427 2397 1755 2465 συμφοραῖς,
1795 2396 1892 2449 καὶ

300 2470 601 2539 φανοῦνται
619 2475 896 2540 πεσόντες,
926 2477 1021 2531 καὶ
1056 2479 1146 2532 ὅτε
1181 2480 1448 2552 ἡττῆσθαι
1487 2482 1714 2551 δοκεῖεν,
1767 2483 1891 2537 τότε

298 2561 364 2632 δὴ
392 2562 628 2631 μάλιστα
657 2564 922 2637 κρατοῦσι
965 2569 1251 2641 μειζόνως·
1294 2573 1455 2644 εῐπερ
1494 2575 1644 2629 ἐστὶν
1665 2576 1883 2647 ἀληθὲς,

300 2653 376 2716 ὡς
402 2653 463 2706 ἔν
491 2672 554 2724 γε
586 2656 650 2728 δὴ
683 2657 915 2728 μάλιστα
965 2661 1042 2731 τῷ
1082 2661 1276 2717 παθεῖν
1310 2664 1511 2728 αὐτοὺς
1537 2665 1775 2736 ὁρῶνται
1799 2669 1890 2721 εὐ-

299 2744 507 2812 κλεεῖς,
541 2746 634 2799 καὶ
665 2748 746 2818 τῷ
784 2750 1006 2820 μεγέθει
1032 2750 1140 2805 τῶν
1172 2752 1351 2807 πόνων
1387 2755 1888 2826 συμπαρομαρτοῦ-

302 2852 407 2889 σαν
428 2834 613 2907 ἔχουσι
642 2837 743 2910 τὴν
790 2841 997 2895 ἀνωθεν
1031 2843 1209 2914 χάριν.
1250 2840 1385 2897 Εἶτα
1406 2844 1523 2909 πῶς
1556 2845 1658 2899 οὐκ
1694 2845 1759 2901 ἂν
1789 2863 1889 2901 κα-

298 2925 635 2998 ταπλήξειαν
663 2931 791 2994 τοὺς
839 2934 1262 3004 μεμαχημένους
1294 2937 1343 2989 οἱ
1379 2937 1640 3009 μακάριοι
1678 2939 1888 3013 μάρτυ-

302 3031 417 3086 ρες,
448 3017 545 3070 καὶ
575 3018 740 3073 αὑτὸν
762 3020 1022 3101 νικῶντες
1064 3022 1158 3076 τὸν
1214 3024 1481 3091 Σατανᾶν,
1508 3028 1603 3081 καὶ
1628 3033 1885 3101 πονηροῖς

302 3107 424 3177 μὲν,
458 3108 553 3162 καὶ
583 3110 919 3181 ἀκαθάρτοις
949 3098 1312 3184 ἐπιτιμῶντες
1349 3088 1644 3189 πνεύμασι,
1915 3088 1957 3147 C

296 3200 360 3252 τὸ
383 3199 573 3270 θαῦμα
607 3204 708 3271 τῆς
732 3204 959 3276 ἐνούσης
1009 3207 1259 3273 εὐκλείας
1281 3210 1467 3275 αὐτοῖς
1511 3212 1746 3277 ἐνιέντες
1773 3213 1884 3268 ἐσθ’

294 3291 393 3345 ὅτε
416 3292 515 3345 καὶ
549 3292 735 3357 αὐτοῖς
764 3298 876 3359 τοῖς
896 3296 1269 3370 ἀνῃρηκόσιν;
1301 3302 1510 3356 Οὐκοῦν
1557 3304 1792 3377 ἱππότην
1827 3322 1891 3358 τε

296 3382 419 3454 ἅμα
451 3384 546 3437 καὶ
575 3384 743 3439 ἵππον
769 3387 1029 3453 πατάξειν
1079 3391 1500 3462 ὲπαγγέλλεταν
1540 3396 1630 3450 ἵνα
1674 3396 1887 3468 νοῶμεν

295 3473 401 3536 τάς
420 3473 530 3527 τῶν
550 3474 825 3545 πολεμίων
849 3478 1157 3548 φάλαγγας,
1189 3484 1311 3547 ταῖς
1358 3483 1469 3538 τῶν
1516 3485 1689 3554 ἁγίων
1716 3487 1889 3542 ἐπιει-

287 3564 479 3628 .κείαις
500 3566 983 3639 ἀντιτεταγμένας.
1016 3572 1138 3626 Ἐπὶ
1156 3573 1213 3627 δὲ
1241 3574 1332 3627 τὸν
1357 3572 1505 3630 οἷκον
1547 3576 1719 3631 Ἰούδα
1745 3579 1888 3634 ἀνοία

302 3655 414 3720 ξειν
437 3655 543 3728 ἔφη
572 3659 699 3721 τοὺς
717 3659 1053 3732 ὀφθαλμούς.
1079 3664 1191 3719 Καὶ
1230 3665 1432 3718 Ἰούδαν
1468 3668 1565 3736 μὲν
1598 3670 1658 3722 ὲν
1680 3668 1889 3735 τούτοις

299 3749 393 3804 τὸν
413 3750 482 3802 ὲκ
511 3750 670 3821 ῥίζης
707 3753 925 3821 Ἰεσσαὶ,
961 3755 1057 3809 καὶ
1083 3757 1182 3829 τῆς
1217 3757 1386 3813 Ἰούδα
1413 3760 1589 3833 φυλῆς
1612 3763 1891 3834 πεφηνότα

299 3841 547 3912 Χριστὸν
583 3843 861 3915 ὀνομάζει,
892 3846 1042 3901 οἷκον
1062 3848 1119 3903 δὲ
1152 3850 1318 3904 αὐτοῦ
1362 3851 1463 3924 τὴν
1527 3854 1887 3926 Ἐκκλησίαν,

300 3935 425 4004 ἦτοι
458 3933 572 3987 τῶν
599 3936 657 3989 ὲν
678 3936 860 3991 πίστει
880 3936 1318 4012 δεδικαιωμένων
1340 3943 1436 4016 τὴν
1467 3944 1629 4014 ἁγίαν
1655 3947 1886 4019 πληθύν.

301 4026 419 4097 Τὴν
452 4026 511 4080 δέ
543 4043 607 4097 γε
627 4028 735 4082 τῶν
767 4028 1065 4102 ὀφθαλμῶν
1110 4033 1369 4100 διάνοιξιν
1394 4038 1570 4093 ἐκεῖνο
1607 4034 1761 4111 οἴμαι
1794 4040 1891 4112 δη-

301 4116 453 4183 λοῦν,
488 4118 571 4171 ὅτι
610 4118 744 4174 πολὺ
796 4119 916 4176 λίαν
946 4122 1260 4195 ἀμφιλαφῆ,
1296 4125 1387 4179 καὶ
1421 4121 1534 4181 οἷον
1585 4129 1692 4200 ὅλῳ
1724 4130 1892 4202 βλέμ-

306 4228 443 4281 ματι
472 4213 892 4284 κατασκέψεται,
924 4218 1150 4287 σημεῖον
1179 4217 1224 4271 δ’
1255 4217 1321 4273 ἂν
1367 4220 1578 4289 γένοιτο
1602 4221 1762 4277 τοῦτο
1795 4240 1891 4278 σα-

305 4301 407 4370 φὲς
432 4303 532 4372 τῆς
561 4304 649 4356 ἐπ’
673 4305 845 4376 αὐτῆς
884 4306 1191 4377 εὐμενείας,
1240 4311 1334 4363 καὶ
1375 4311 1474 4381 μέν
1506 4329 1591 4365 τοι
1633 4314 1849 4382 φειδοῦς
1874 4360 1886 4378 ο

1994 1839 2265 1907 curribus,
2292 1847 2348 1895 et
2371 1837 2427 1893 bi
2470 1838 2523 1892 in
2555 1836 2735 1908 equis,
2779 1849 2879 1891 nos
2907 1844 3089 1890 autem
3132 1836 3187 1889 in
3218 1835 3440 1890 nomine
3485 1835 3583 1892 Dei

1994 1931 2162 1986 nostri
2214 1928 2706 2000 magniﬁcabimur.
2744 1928 2847 1999 Ipsi
2870 1928 3141 1984 inﬁrmati
3174 1936 3301 1983 sunt
3351 1935 3406 1982 et
3436 1930 3584 1989 ccci:

1993 2020 2225 2085 derunt;
2273 2033 2371 2074 nos
2408 2028 2588 2073 autem
2626 2017 2977 2087 surreximus
3004 2027 3059 2073 et
3079 2018 3246 2074 erecti
3267 2019 3585 2077 smnus".s,

1991 2109 2111 2166 Alio
2161 2111 2290 2165 item
2356 2108 2516 2165 modo
2580 2109 2881 2179 desipuerit
2956 2118 3270 2164 sanctorum
3340 2109 3580 2165 toleran-

1995 2201 2081 2257 tia:
2124 2200 2396 2257 insultans
2442 2200 2605 2270 impie
2651 2209 2709 2255 et
2755 2197 2811 2254 in
2857 2199 3212 2269 improvisum
3272 2212 3587 2279 stuporem,

1991 2292 2105 2348 sive
2128 2292 2551 2348 admirationem
2579 2291 2806 2359 incidet,
2843 2306 2966 2347 cum
3001 2291 3201 2359 viderit
3236 2306 3329 2349 eos
3355 2288 3581 2349 calauii-

1994 2386 2195 2442 talibus
2221 2385 2397 2441 nullis.
2419 2385 2616 2442 cedere
2647 2393 2702 2440 et
2744 2385 2997 2442 coronari
3038 2386 3318 2453 cadentes,
3358 2401 3423 2443 ac
3466 2396 3577 2443 tum

1991 2477 2228 2533 maxime
2249 2477 2486 2543 vincere,
2512 2485 2566 2535 et
2588 2477 2820 2547 majores
2849 2477 3429 2547 reportarevictorias,
3454 2495 3579 2537 euut

1991 2570 2118 2625 victi
2144 2570 2447 2640 potuissent
2474 2582 2742 2639 apparere
2776 2586 2790 2622 :
2824 2567 3093 2637 siquidem
3136 2577 3342 2624 eertum
3371 2577 3457 2624 est
3483 2584 3577 2624 eos

1990 2662 2329 2734 potissimum
2356 2660 2413 2717 in
2447 2660 2704 2731 patiendo
2731 2658 2962 2731 inclytos
2995 2659 3336 2729 conspici,et
3367 2662 3575 2730 magni-

1990 2754 2156 2813 tudini
2183 2753 2428 2811 laborum
2468 2751 2722 2809 cornitem
2749 2752 2953 2806 habere
2993 2752 3267 2807 scelestam
3314 2752 3569 2822 gratiam.

1992 2844 2215 2910 Deinde,
2268 2844 2494 2914 quinam
2527 2852 2930 2914 oppugnatores
2959 2855 3086 2897 suos
3126 2856 3232 2895 non
3259 2840 3571 2910 obstupefa-

1989 2937 2136 2993 eiant
2175 2937 2319 2991 beati
2356 2945 2649 3007 martyres,
2698 2935 2788 3005 qui
2821 2935 2996 3004 ipsum
3048 2946 3264 3004 quoque
3307 2931 3564 2987 Satanam

1991 3029 2369 3100 pessumdant,
2402 3028 2781 3099 malignosque
2799 3035 2854 3082 et
2877 3026 3189 3085 immundos
3219 3026 3443 3096 spiritus
3486 3025 3571 3079 in-

1992 3131 2240 3191 crepant,
2271 3129 2326 3176 et
2357 3135 2747 3191 nonnunquam
2785 3134 2979 3191 magna
3012 3118 3198 3190 gloria:
3243 3133 3357 3174 sum
3407 3121 3576 3190 admio

1993 3215 2203 3270 ratione
2250 3214 2397 3284 ipsos
2442 3214 2605 3269 etiam
2662 3212 3046 3268 interfectores
3108 3226 3237 3267 suos
3293 3209 3578 3266 alliciunt?

1990 3307 2173 3374 Quare
2190 3308 2427 3378 equitem
2455 3307 2616 3361 simul
2668 3315 2723 3362 et
2744 3322 2940 3374 equum
2968 3320 3352 3376 percussurum
3372 3319 3431 3359 se
3454 3320 3580 3377 pro-

1992 3400 2178 3467 mittit,
2208 3411 2267 3455 ut
2290 3402 2527 3457 hostium
2560 3400 2858 3471 phalangas
2882 3408 3199 3455 sanctorum
3245 3399 3432 3455 \irtuti
3475 3401 3571 3454 ad-

1991 3503 2274 3548 versantes
2315 3491 2701 3562 intelligamus.
2756 3489 2932 3560 Super
2960 3492 3177 3547 domum
3211 3499 3391 3543 autem
3432 3488 3574 3545 Juda

1993 3593 2307 3651 aperturum
2332 3595 2391 3637 se
2420 3580 2608 3637 oculos
2639 3582 2732 3637 ait.
2761 3580 2961 3636 Judam
3000 3580 3103 3635 hoc
3135 3579 3257 3635 loco
3291 3582 3358 3634 de
3394 3580 3578 3634 radice

1991 3671 2145 3729 Jesse
2195 3683 2245 3729 et
2282 3674 2424 3728 tribu
2453 3672 2591 3728 Jnda
2617 3673 2896 3729 Christum
2920 3674 3272 3730 exsistentem
3308 3672 3572 3738 nominat,

1994 3766 2211 3821 domum
2250 3774 2429 3821 autem
2452 3766 2570 3836 ejus
2595 3765 2914 3834 Ecclesiam,
2949 3767 3064 3822 sive
3107 3765 3159 3820 in
3221 3764 3443 3821 Christo
3482 3764 3575 3835 ju-

1994 3859 2355 3914 stiiicatorum
2380 3859 3073 3918 sanctam'multitudinem.
3131 3858 3346 3927 Aperiri
3392 3867 3573 3912 autem

1992 3950 2180 4007 oculos
2212 3949 2341 4006 illud
2391 3951 2498 4007 sibi
2545 3950 2683 4008 velle
2729 3952 3003 4019 existimo,
3044 3950 3187 4020 quod
3238 3950 3575 4020 amplissime

1993 4053 2046 4096 et
2070 4051 2183 4098 toto
2204 4042 2350 4099 velut
2379 4052 2599 4114 aspectu
2624 4043 2905 4114 respiciet,
2939 4042 3080 4112 quod
3114 4056 3228 4097 sua:
3256 4056 3387 4112 erga
3424 4040 3573 4096 illum

1992 4135 2406 4202 benevolentiae,
2434 4150 2497 4189 ac
2524 4145 2787 4206 praeterea
2817 4135 3164 4205 indulgentiae
3196 4145 3249 4192 et
3286 4134 3575 4189 cbaritatis

1996 4227 2354 4281 indubitatum
2383 4227 2488 4282 erit
2543 4228 2825 4283 indicium.
2887 4227 3160 4297 Scriptum
3217 4236 3302 4282 est
3353 4228 3499 4280 enim
3551 4239 3567 4278 :

2000 4334 2019 4366 ι
2066 4314 2216 4371 Oculi
2241 4313 2454 4369 Domini
2485 4329 2650 4386 super
2675 4315 2925 4384 iustos”.
2956 4336 2975 4369 ι
3004 4317 3068 4370 Ει
3092 4331 3229 4387 quos
3252 4315 3575 4385 respexerit,

304 4392 403 4446 καὶ
433 4394 676 4464 ἀγάπης.
700 4394 1014 4467 Γέγραπται
1044 4398 1154 4471 γάρ
1179 4401 1269 4469 ὅτι
1292 4420 1311 4453 ι
1359 4401 1658 4474 Ὀφθαλμοὶ
1681 4407 1888 4478 Κυρίου

1995 4424 2088 4464 eos
2134 4407 2289 4477 plane
2333 4406 2680 4463 beatissimos
2710 4407 2941 4475 femcit;
2974 4406 3412 4479 quandoquidem
3469 4422 3574 4458 non

304 4482 400 4535 ἐπὶ
422 4482 686 4548 δικαίους.
725 4504 744 4537 ι
785 4487 896 4539 Καὶ
926 4488 1020 4552 οὓς
1063 4490 1130 4545 ἂν
1160 4492 1495 4562 ἑπιϐλέψειε,
1554 4495 1780 4561 τούτους
1822 4499 1886 4568 δὴ

306 4574 526 4639 πάντως
578 4579 1015 4650 τρισμακαρίους
1059 4582 1476 4650 ἀποδείκνυσιν,
1535 4586 1695 4659 εἴπερ
1741 4588 1887 4643 ἐστιν

304 4665 484 4719 εἰπεῖν
513 4667 574 4720 οὐ
604 4667 1026 4741 διεψευσμένως,
1082 4675 1159 4737 ὠς
1199 4675 1415 4741 κολάζει
1451 4678 1552 4750 μὲν
1596 4682 1717 4745 ταῖς
1755 4682 1889 4735 ἀπο-

307 4761 574 4829 στροφαῖς
595 4760 686 4814 τὸν
707 4761 971 4835 ὑϐριστήν
991 4782 1053 4818 τε
1070 4767 1163 4820 καὶ
1190 4768 1489 4841 ἀλιτήριον,
1503 4774 1890 4845 κατευφραίνει

304 4865 369 4917 γε
402 4849 513 4921 μὴν
544 4854 665 4915 ταῖς
685 4853 1006 4926 ἐπισκέψεσι
1042 4858 1132 4912 τὸν
1178 4860 1398 4932 εὐσεϐῆ,
1434 4865 1527 4917 καὶ
1575 4865 1885 4937 φιλάρετον.

308 4941 416 4993 Καὶ
459 4941 593 5008 γοῦν
632 4944 662 4996 6
724 4943 1009 5012 θεσπέσιος
1059 4951 1243 5016 Δαϐὶδ,
1285 4954 1379 5007 καὶ
1405 4953 1504 5026 τὴν
1528 4957 1594 5010 ὲκ
1614 4958 1713 5029 τῆς
1751 4959 1879 5013 ἀπο·

306 5035 551 5102 στροφῆς
582 5034 807 5106 ζημίαν,
842 5040 935 5093 καὶ
968 5040 1029 5093 τὸ
1058 5042 1122 5094 ἐκ
1150 5043 1247 5113 τῆς
1285 5045 1663 5117 ἐπιστρέψεως
1701 5049 1889 5120 κέρδος

306 5122 552 5191 ἐμφανὲς
578 5125 865 5193 καθιστὰς,
913 5130 1045 5183 ποτὲ
1096 5131 1197 5201 μὲν
1246 5132 1486 5202 ἔφασκεο
1546 5156 1564 5188 ι
1600 5138 1692 5209 Μὴ
1752 5139 1888 5192 ἀπο-

238 5208 243 5211 ’
306 5213 552 5287 στρέψῃς
611 5217 673 5270 τὸ
720 5218 1012 5290 πρόσωπόν
1054 5240 1149 5276 σου
1188 5225 1283 5280 ἀπ’
1334 5227 1492 5297 ἐμοῦ,
1536 5230 1629 5282 καὶ¹
1684 5208 1764 5301 μὴ
1796 5234 1886 5284 ὲκ-

311 5303 500 5391 κλίνῃς
525 5307 583 5358 ἐν
612 5306 750 5378 ὀργῇ
803 5308 912 5362 ἀπὸ
959 5310 1051 5363 τοῦ
1080 5312 1268 5367 δούλου
1319 5331 1433 5368 σου·
1472 5336 1491 5368 ι
1556 5319 1687 5371 ποτὲ
1732 5319 1789 5372 δὲ
1821 5320 1886 5391 δὴ

1997 4500 2129 4554 false
2161 4498 2266 4554 dici
2306 4506 2519 4567 potest,
2549 4512 2674 4553 eum
2705 4498 3083 4554 eversionibus
3122 4498 3237 4554 suis
3281 4497 3575 4565 superbum
3635 4548 3646 4563 ,

1996 4601 2049 4648 et
2082 4600 2418 4663 peccatorem
2468 4590 2693 4663 punire,
2741 4591 3141 4645 visitationibus
3186 4598 3368 4645 autem
3427 4588 3575 4658 pium

1996 4696 2051 4740 et
2091 4684 2311 4739 virtutis
2368 4683 2669 4739 studiosum
2730 4682 3061 4738 exhilarare.
3119 4682 3301 4749 Quare
3356 4681 3575 4735 divinus

1996 4777 2124 4833 item
2157 4777 2349 4841 David,
2379 4785 2433 4832 et
2457 4791 2521 4832 ex
2555 4776 2839 4830 aversione
2861 4774 3142 4840 damnum,
3163 4784 3219 4830 et
3241 4790 3306 4829 ex
3348 4789 3576 4829 conver-
3605 4773 3610 4778 ’

1994 4870 2151 4923 sione
2212 4871 2552 4923 commodum
2606 4867 2772 4938 776
2825 4866 3219 4935 manifestans,
3281 4866 3575 4936 aliquando

1993 4960 2208 5017 dicebat
2238 4975 2253 5015 :
2293 4978 2315 5014 ι
2351 4959 2429 5016 Ne
2453 4969 2668 5015 avertas
2699 4960 2891 5016 faciem
2924 4969 3070 5016 tuam
3100 4976 3129 5015 a
3158 4974 3262 5028 me,
3303 4968 3358 5015 et
3383 4974 3450 5014 ne
3477 4959 3572 5012 de-

1993 5052 2165 5108 clines
2196 5053 2249 5108 in
2285 5053 2363 5109 ira
2392 5067 2602 5109 aservo
2649 5060 2741 5109 tuo
2765 5052 2858 5120 “;
2904 5071 2922 5104 ι
2972 5052 3264 5123 aliquando
3318 5060 3571 5105 rursum:

2000 5161 2019 5194 ι
2057 5141 2289 5212 Respice
2323 5143 2377 5197 in
2406 5158 2516 5210 me,
2559 5151 2614 5198 et
2639 5143 2902 5199 miserere
2932 5143 3036 5197 mei
3059 5143 3125 5196 ".
3164 5159 3184 5191 ι
3218 5139 3573 5192 Aversionem

1995 5246 2230 5300 namque
2258 5232 2359 5297 ira,
2389 5242 2444 5287 et
2472 5248 2589 5301 qua:
2621 5233 2689 5287 ab
2721 5234 2861 5288 irato
2896 5232 3208 5302 inﬂigunlttr
3238 5241 3414 5298 paenae
3442 5267 3456 5291 ,
3487 5239 3566 5281 re-

1992 5331 2237 5391 spectum
2262 5332 2441 5377 autem
2464 5325 2679 5393 atleptio
2702 5322 3092 5381 misericordia:
3125 5320 3442 5374 comitatur.

305 5390 402 5448 αὖ·
490 5396 811 5468 Ἑπίϐλεψον
840 5403 926 5455 ἐπ’
986 5402 1228 5470 Epheson
1251 5405 1473 5478 ἐλέησόν
1515 5426 1601 5480 με.
1649 5429 1666 5463 ι
1699 5390 1926 5481 Ἕψεται
1987 5414 2096 5486 γὰρ
2150 5418 2272 5479 ταῖς
2313 5390 2683 5488 ἀποστροᾷαῖς
2732 5418 2761 5469 6
2819 5413 3011 5484 θυμὸς,
3061 5411 3249 5467 καὶτὰ
3295 5411 3355 5478 ἐξ
3406 5411 3575 5471 αὑτοῦ

313 5487 701 5559 συμϐαίνοντα’
731 5490 809 5562 τῷ
835 5509 896 5561 γε
926 5494 1033 5563 μὴν
1062 5496 1352 5569 ἐπιϐλέψαι
1385 5498 1445 5553 τὸ
1470 5501 1667 5573 χρῆναι
1697 5502 1880 5556 λαϐεῖν
1919 5504 2008 5558 τὸν
2039 5505 2206 5559 ἔλεον.

385 5670 429 5701 ⁸⁸
458 5671 604 5729 Psal.
637 5690 784 5742 κει-ι,
818 5676 871 5730 2.
950 5679 994 5710 "
1022 5676 1167 5733 Psal.
1208 5693 1318 5744 xIx,
1345 5678 1396 5745 8,
1430 5679 1490 5756 9..
1560 5680 1605 5711 ⁵³
1633 5678 1776 5734 Psal.
1815 5695 1891 5733 xx:

1993 5722 2003 5747 ,
2045 5681 2125 5737 16.
2205 5682 2251 5715 ⁵³
2278 5681 2423 5740 Psal.
2456 5697 2604 5751 xxvi,
2633 5683 2686 5741 9.
2762 5683 2807 5715 ⁸³
2842 5681 2983 5740 I’sal.
3018 5698 3168 5751 sxw,
3203 5683 3285 5742 iii.
