4042 6196
421 260 519 316 ΞΗ

1440 277 1496 330 S.
1537 276 1806 335 CYRILLI
1847 280 2307 338 ALEXANDRINI
2347 284 2665 341 ARCHIEP.

3547 290 3653 345 912

502 373 667 429 Vens.
705 374 757 428 5.
802 376 867 430 Et
909 379 1083 433 dicent
1111 381 1305 437 tribuni
1346 384 1487 441 Judn
1518 406 1692 445 omnes
1721 394 1773 445 in
1812 394 1983 447 cordi-

2156 400 2265 451 Καὶ
2299 400 2542 467 ἐροῦσιν
2581 399 2878 468 χιλίαρχοι
2924 398 3120 454 Ἰούδα
3164 400 3385 467 πάντες
3414 400 3484 453 ἐν
3528 404 3656 470 ταῖς

422 476 515 522 bus
546 471 652 522 suis
680 486 699 523 :
733 469 1056 525 Inveniemus
1082 473 1229 526 nobis
1252 476 1545 531 habitantes
1582 481 1896 549 Jerusalem,
1927 486 1980 537 iu

424 562 648 615 Domino
676 566 1019 630 omnipotente
1053 564 1157 619 Deo
1179 583 1377 621 eorum.

1078 656 1109 695 χ

492 742 785 797 LXXXIX.
821 742 1187 810 Chiliarcltas,
1210 760 1301 800 seu
1331 747 1573 802 tribunos
1596 746 1730 802 Juda
1769 758 1985 804 sanctos

422 836 692 904 apostolos
723 835 1025 904 appellatos
1053 851 1453 902 asseveramus,
1474 838 1710 893 delectos
1730 848 1983 909 tanquam

422 929 587 983 duces
611 943 640 980 a
666 926 905 993 Christo,
938 928 1367 997 ctprincipatum
1394 928 1445 981 in
1496 927 1691 983 Iudam
1740 934 1983 1000 adeptos,

424 1020 526 1072 hoc
548 1026 649 1084 est,
683 1018 734 1071 in
766 1031 858 1071 eos
886 1018 975 1086 qui
1018 1018 1083 1073 ad
1108 1018 1471 1073 conﬁtendum
1544 1029 1600 1074 et
1658 1020 1986 1075 laudandum

423 1109 597 1164 vocati
660 1118 784 1163 sunt
816 1128 829 1164 :
860 1108 1025 1164 ludas
1075 1110 1217 1163 enim
1280 1110 1400 1166 laus
1462 1111 1746 1167 redditur:
1787 1112 1875 1182 qui
1923 1128 1989 1167 ex

425 1202 675 1272 gentibus
716 1202 903 1270 utique
958 1201 1180 1266 fuerint,
1224 1202 1419 1271 quibus
1449 1213 1506 1257 et
1534 1203 1748 1259 divinus
1803 1212 1991 1258 cantor

426 1295 666 1361 mandat,
698 1294 775 1348 uti
808 1293 1208 1349 Emmanuelem
1249 1295 1544 1360 celebrent,
1575 1294 1761 1351 dicens
1791 1295 1842 1349 in
1875 1295 1988 1365 spi-

426 1389 534 1443 ritu
569 1408 581 1443 :
624 1407 642 1441 ‹
681 1388 1008 1457 Benedicite,
1034 1396 1241 1458 gentes,
1266 1390 1430 1444 Deum
1452 1397 1717 1455 nostrum,
1763 1397 1817 1446 et
1842 1388 1993 1443 audi—

2088 490 2351 557 καρδίαις
2375 491 2591 545 αὐτῶνθ
2622 491 2981 560 Εὐρήσομεν
3016 491 3253 559 ἑαυτοῖς
3298 492 3439 559 τοὺς
3463 511 3657 549 κατοι-

2087 582 2346 645 κοῦντας
2371 583 2439 635 ἐν
2464 582 2874 652 Ἰερουσαλὴμ,
2910 584 2978 636 ἐν
3000 585 3193 652 Κιῃοίῳ
3225 585 3657 655 παντοκράτορι

2090 671 2209 737 Θεῷ
2236 672 2450 728 αὐτῶν.

2159 765 2282 817 ΠΘν.
2319 762 2643 835 Χιλιάρχους
2672 765 2772 836 μὲν
2816 764 2983 819 Ἰούδα
3034 766 3160 829 τοὺς
3207 766 3389 834 ἁγίους
3424 767 3660 820 ἀποστό-

2088 850 2209 914 λους
2238 853 2652 921 κατωνομάσθαι
2675 854 2872 923 φαμὲν,
2908 854 3029 916 τοὺς
3051 849 3161 907 οἷον
3192 856 3249 908 ἐν
3271 856 3419 921 τάξει
3448 860 3513 927 τῇ
3549 856 3659 909 τῶν

2092 946 2409 1016 στρατηγῶν
2458 946 3001 1016 κεχειροτονημένους
3048 949 3198 1018 παρὰ
3241 947 3516 1015 Χριστοῦ,
3565 948 3662 1000 καὶ

2091 1033 2449 1104 καθηγεῖσθαι
2504 1035 2769 1105 λαχόντας
2823 1037 2917 1090 τοῦ
2981 1037 3191 1104 Ἰούδα,
3241 1038 3488 1091 τουτέστι
3545 1038 3657 1089 τῶν

2091 1124 2438 1194 κεκλημένων
2464 1127 2544 1189 είς
2570 1126 2950 1198 ἐξομολόγησιν
2971 1146 3028 1181 τε
3058 1129 3152 1181 καὶ
3179 1123 3347 1181 α’ίνονο
3372 1124 3541 1191 αἶνος
3556 1130 3662 1199 γὰρ

2091 1218 2119 1268 ό
2153 1215 2352 1281 Ἰούδας
2380 1217 2763 1288 ἑρμηνεύεται.
2792 1214 2917 1271 Εἶεν
2956 1220 3001 1271 δ’
3030 1219 3095 1273 ἂν
3124 1214 3267 1273 οὗτοι
3300 1220 3502 1281 πάντες
3525 1220 3574 1271 οί
3605 1219 3663 1284 ἐξ

2093 1306 2281 1370 ἐθνῶν,
2312 1301 2394 1369 οἷς
2421 1308 2513 1361 καὶ
2544 1308 2603 1361 τὸ
2632 1308 2828 1379 χρῆναι
2856 1308 3154 1377 δοξολογεῖν
3182 1309 3271 1363 τὸν
3313 1309 3665 1379 Ἐμμανουὴλ

2093 1399 2121 1451 ὁ
2145 1398 2422 1462 Θεσπέσιος
2459 1398 2709 1470 Μελῳδὸς
2738 1400 3014 1453 ἐπιτάττει
3070 1400 3241 1469 λέγων
3281 1400 3339 1453 ἐν
3369 1401 3663 1471 πνεύματι·

429 1491 535 1533 tam
588 1480 751 1536 facile
784 1494 967 1536 vocem
1030 1479 1206 1535 laudis
1262 1481 1381 1550 ejus
1432 1481 1500 1534 “.
1540 1497 1559 1533 ι
1602 1479 1769 1537 ludas
1835 1480 1995 1549 igitur

2106 1506 2118 1539 ι
2156 1488 2461 1557 Εὐλογεῖτε,
2485 1488 2634 1559 ἔθνη,
2665 1489 2756 1543 τὸν
2782 1489 2913 1542 Θεὸν
2951 1490 3127 1559 ἡμῶν,
3168 1490 3263 1544 καὶ
3305 1490 3666 1543 ἀκουτίσασθε

428 1571 529 1624 hoc
558 1570 676 1625 loco
695 1581 817 1625 sunt
842 1570 1105 1640 perﬁdem
1130 1570 1568 1625 adlaudationem
1621 1578 1675 1626 et
1700 1568 1997 1625 confessio-

2106 1579 2193 1648 τὴν
2221 1580 2401 1651 φωνὴν
2452 1580 2551 1650 τῆς
2575 1579 2833 1643 αἰνέσεως
2877 1580 3063 1634 αὐτοῦ.
3104 1600 3122 1633 ι
3170 1580 3372 1643 Ἰούδας
3396 1581 3576 1633 τοίνυν
3608 1581 3667 1633 ἐν

429 1678 547 1717 nem
576 1664 749 1718 vocati
773 1680 786 1719 :
830 1661 1027 1716 tribuni
1051 1662 1323 1730 veroipsis
1344 1660 1997 1727 constituti,centuriones

2106 1673 2305 1738 τούτοις
2340 1676 2391 1728 oi
2421 1674 2509 1728 διὰ
2539 1674 2769 1736 πίστεως
2818 1672 3140 1743 κεκλημένοι
3183 1673 3319 1744 πρὸς
3359 1673 3563 1725 αῖνεσίν
3607 1689 3668 1725 τε

426 1767 480 1813 et
500 1761 682 1821 duces,
718 1757 1165 1822 divinidiscipuli.
1184 1756 1483 1813 Observare
1510 1763 1735 1827 estergo
1759 1770 1851 1811 eos
1878 1755 1998 1810 Sal-

428 1849 630 1902 vatoris
654 1847 1026 1901 adoratoribus
1045 1847 1187 1902 velut
1206 1846 1525 1916 quibusdam
1546 1846 1804 1901 militibus
1821 1844 2001 1899 accla-

431 1945 639 1992 mantes
657 1946 711 1991 et
738 1937 979 1992 dicentes
1014 1953 1027 1992 :
1065 1955 1083 1988 ι
1120 1936 1271 1991 State
1300 1937 1461 2006 igitur
1494 1936 1755 1991 succincti
1786 1935 1996 1989 lumbos

432 2037 637 2084 vestros
654 2029 705 2083 iu
720 2028 1213 2093 veritate,etinduti
1232 2027 1392 2081 lorica
1403 2026 1767 2096 mjuslitiee,et
1782 2025 2001 2080 calceati

432 2120 594 2190 pedes
622 2119 675 2172 iu
708 2120 1151 2189 praeparationem
1175 2118 1450 2187 Evangelii
1478 2118 1647 2187 pacis,
1676 2119 1729 2171 in
1754 2118 2003 2173 onmibus

431 2220 709 2266 sumentes
733 2220 945 2264 scutum
1012 2210 1162 2274 ﬁdei,
1194 2211 1245 2263 in
1278 2225 1384 2279 quo
1413 2208 1661 2279 poteritis
1691 2209 1871 2264 omnia
1901 2208 2001 2263 tela

436 2303 750 2373 nequissimi
780 2301 946 2371 ignita
978 2303 1327 2370 exstinguere
1357 2302 1424 2355 ⁵⁷.
1464 2320 1482 2352 ι
1519 2300 1656 2355 Sunt
1682 2313 1806 2370 ergo
1839 2297 2001 2354 divini

436 2393 683 2465 discipuli
713 2394 932 2460 tribuni,
961 2401 1015 2447 et
1050 2391 1581 2455 convenientissime,
1620 2410 1639 2443 ι
1678 2390 1779 2456 Qui
1822 2398 1878 2444 et
1924 2388 2004 2442 di-

436 2493 583 2548 cent,
612 2484 810 2554 inquit,
852 2482 907 2537 lu
960 2482 1214 2537 cordibus
1237 2481 1349 2537 suis
1389 2498 1403 2534 :
1459 2478 1802 2535 lnvenienms
1850 2478 2004 2533 nobis

439 2576 572 2647 ipsis
604 2576 912 2631 habitantes
936 2574 987 2626 in
1021 2571 1340 2627 Jerusalem.
1381 2589 1400 2623 ι
1429 2570 1818 2626 Desiderabant
1859 2569 2002 2622 enim

438 2666 613 2721 sancti
656 2664 905 2734 discipuli
937 2678 1066 2719 vere
1119 2670 1363 2717 sanctam
1415 2660 1736 2724 Jerusalem,
1789 2659 1842 2713 id
1899 2665 2001 2722 est,

438 2757 757 2821 Ecclesiam,
789 2756 1043 2826 repletam
1085 2754 1231 2810 cerni
1262 2752 1665 2816 adoratoribus,
1727 2761 1783 2804 et
1837 2748 2002 2804 veluti

440 2850 628 2902 urbem
689 2848 978 2917 quamdam
1030 2845 1330 2901 incolarum
1386 2843 1689 2913 frequentia
1739 2840 2002 2910 insignem

441 2937 787 2991 meritissime
818 2936 1055 3006 gloriari.
1091 2936 1351 3001 Quocirca
1384 2932 1797 3002 promulgabant
1821 2932 2003 2995 ﬁdem,

440 3027 877 3096 cvangelizantes
928 3025 1136 3090 Iesum,
1183 3026 1459 3095 signisque
1496 3022 1829 3093 etprodigiis
1862 3022 2002 3078 dicta

441 3134 536 3173 sua
572 3118 979 3172 contirmantcs.
1010 3115 1392 3173 Verumtamen
1427 3130 1531 3191 non
1582 3112 2000 3182 persuadebant.

441 3209 755 3264 Obdurabat
776 3207 918 3262 enim
952 3206 1180 3276 populus
1212 3205 1541 3268 inﬂexibilis,
1586 3214 1638 3260 et
1658 3204 1801 3259 velut
1836 3218 2008 3272 equus

442 3301 738 3356 indomitus
757 3297 908 3353 frena
936 3298 1240 3353 recusabat.
1265 3297 1470 3353 Idcirco
1500 3297 1753 3366 deinceps
1799 3304 2005 3351 sancta;

443 3394 680 3450 civitatis
710 3392 1046 3447 habitatores
1070 3392 1121 3445 in
1160 3409 1178 3441 ι
1223 3391 1448 3461 Domino
1482 3390 1849 3459 omnipotente
1901 3388 2011 3443 Deo

442 3489 710 3559 ipsorum,
758 3506 776 3537 ι
823 3486 923 3540 hoc
964 3496 1069 3551 est,
1125 3484 1177 3539 in
1234 3484 1471 3548 Christo,
1523 3482 1625 3537 sibi
1674 3480 2008 3549 quaerebant.

443 3584 582 3651 Quin
616 3592 670 3636 ct
702 3583 767 3637 ad
815 3592 1001 3652 gentes
1050 3581 1521 3645 convertebantur,
1565 3577 1869 3632 Judmorum
1923 3587 2013 3643 po-

444 3674 572 3741 pulo
611 3674 923 3728 occinentes
952 3692 965 3726 :
997 3673 1156 3740 777
1197 3691 1215 3722 ε
1242 3672 1405 3725 Vobis
1436 3671 1722 3739 oportebat
1775 3668 2009 3737 primum

447 3763 592 3831 loqui
622 3762 847 3815 verbum
881 3761 993 3814 Dci.
1028 3760 1287 3824 Quoniam
1338 3769 1516 3813 autem
1557 3758 1821 3827 repellitis
1859 3754 2009 3820 illud,

446 3864 499 3906 et
532 3853 782 3921 indignos
816 3865 912 3905 vos
939 3850 1195 3917 iudicatis
1232 3852 1340 3903 vita
1372 3860 1596 3913 aeterna,
1628 3864 1755 3903 ecce
1787 3862 2013 3901 conver-

450 3946 615 3995 timur
637 3941 703 3996 ad
730 3950 918 4012 gentes
947 3958 961 3995 :
994 3939 1074 3995 sic
1092 3940 1234 3994 enim
1262 3939 1417 3993 nobis
1439 3940 1709 3991 mandavit
1728 3938 1868 3991 Deus
1896 3938 1960 3991 ⁸⁸.
1989 3956 2006 3988 ι

450 4034 579 4087 lude
609 4032 756 4088 cives
789 4030 1045 4087 Ecclesia:
1072 4029 1499 4099 conquisieruut,
1528 4027 1680 4098 cujus
1709 4036 1765 4083 et
1801 4027 2015 4082 divinus

452 4124 621 4178 David
651 4122 915 4186 meminit,
945 4120 1192 4190 inquiens
1224 4139 1237 4174 :
1279 4139 1297 4171 ι
1343 4118 1588 4176 Gloriosa
1621 4118 1762 4174 dicta
1788 4127 1913 4174 sunt
1949 4119 2015 4173 de

452 4228 522 4281 te,
554 4213 744 4268 civitas
767 4211 859 4266 Dei
898 4211 964 4263 ”.
1000 4229 1018 4262 ›
1061 4208 1131 4265 Iis
1162 4210 1423 4279 quaesitis,
1460 4218 1680 4279 propter
1729 4224 2012 4264 numerum

453 4306 957 4375 multitudinemque
992 4302 1435 4358 innumerabilem
1478 4301 1631 4356 ditati
1680 4312 1822 4357 sunt.
1873 4301 2012 4367 Quin

2100 1767 2194 1819 καὶ
2255 1764 2655 1836 ἐξομολόγησινθ
2715 1764 2983 1836 χιλίαρχοί
3031 1779 3094 1832 γε
3137 1763 3244 1835 μὴν
3271 1765 3320 1817 οί
3374 1764 3459 1815 ἐπ’
3487 1764 3671 1826 αὐτοῖς

2100 1858 2441 1927 τεταγμένοι,
2474 1857 2753 1927 ταξίαρχοί
2776 1874 2835 1909 τε
2867 1858 2961 1909 καὶ
2990 1855 3275 1925 ἡγεμόνες,
3306 1854 3356 1907 οἱ
3392 1853 3669 1907 θεσπέσιοι

2106 1949 2359 2020 μαθηταί.
2392 1949 2545 2002 Ἔστι
2581 1950 2708 2016 γοῦν
2740 1950 2868 2002 ἰδεῖν
2888 1944 2976 2002 οἷά
3006 1963 3118 2001 τισι
3151 1946 3529 2017 στρατιώταις,
3555 1945 3670 2008 τοῖς

2102 2041 2194 2093 τοῦ
2221 2040 2471 2110 Σωτῆρος
2501 2041 2902 2111 προσκυνηταῖς
2930 2038 3356 2109 διακεκραγότας
3382 2054 3442 2090 τε
3469 2037 3560 2090 καὶ
3581 2036 3670 2089 λέ-

2102 2146 2315 2199 γοντας·
2353 2150 2371 2181 ι
2410 2130 2579 2199 Στῆτε
2606 2127 2698 2183 οὗν
2730 2129 3164 2201 περιζωσάμενοι
3196 2129 3296 2199 τὴν
3323 2128 3493 2197 ὀσφῦν
3516 2127 3671 2196 ὑμῶν

2102 2223 2160 2274 ἐν
2180 2220 2426 2290 ἀληθείᾳ,
2461 2221 2554 2274 καὶ
2602 2221 2951 2291 ἐνδυσάμενοι
3006 2222 3096 2275 τὸν
3151 2218 3375 2291 θώρακα
3434 2218 3535 2288 τῆς
3593 2219 3673 2271 δι-

2102 2311 2413 2381 καιοσύνης,
2442 2311 2535 2363 καὶ
2569 2310 2965 2381 ὑποδησάμενοι
2998 2311 3123 2374 τοὺς
3174 2311 3341 2373 πόδας
3363 2310 3419 2362 ἐν
3450 2311 3672 2378 ἑτοιμα-

2106 2398 2195 2469 σίᾳ
2223 2398 2316 2452 τοῦ
2341 2398 2666 2467 Εὐαγγελίου
2716 2400 2815 2469 τῆς
2863 2400 3108 2470 εἰρήνης,
3168 2400 3260 2452 ἐπὶ
3291 2400 3451 2451 πᾶσιν
3480 2399 3675 2451 ἀναλαο

2103 2488 2289 2551 δόντες
2332 2488 2422 2542 τὸν
2472 2489 2661 2560 θυρεὸν
2713 2490 2810 2559 τῆς
2845 2490 3110 2553 πίστεως,
3163 2489 3222 2542 ὲν
3283 2482 3326 2556 ᾧ
3376 2488 3672 2558 δυνήσεσθε

2104 2574 2281 2628 πάντα
2306 2574 2373 2628 τὰ
2394 2575 2520 2645 βέλη
2550 2575 2642 2629 τοῦ
2669 2577 2906 2646 πονηροῦ
2939 2577 3008 2630 τὰ
3032 2576 3401 2648 πεπυρωμένα
3429 2577 3665 2630 σϐέσαι.»

2104 2666 2381 2736 Χιλίαρχοι
2412 2667 2475 2737 δὴ
2526 2663 2637 2733 οὖν,
2697 2668 2789 2721 καὶ
2830 2669 2974 2739 μάλα
3030 2670 3274 2735 εἰκότως,
3316 2673 3364 2724 οἱ
3396 2670 3675 2723 θεσπέσιοι

2110 2758 2367 2829 μαθηταὶ,
2395 2778 2414 2811 ι
2444 2760 2506 2813 Οἳ
2538 2760 2631 2813 καὶ
2679 2759 2883 2830 ἐροῦσι,
2909 2763 3094 2832 φησὶν,
3150 2764 3207 2816 ἐν
3267 2764 3387 2827 ταῖς
3426 2764 3674 2832 καρδίαις

2105 2848 2301 2903 αὐτῶψ
2334 2850 2652 2921 Εὑρήσομεν
2678 2852 2886 2914 ἑαυτοῖς
2909 2853 3035 2916 τοῦς
3063 2854 3449 2918 κατοικοῦντας
3481 2856 3539 2907 ἐν
3575 2854 3674 2907 Ἰε-

2109 2939 2410 3010 ρουσαλήμ.
2454 2958 2474 2992 ι
2522 2940 2856 3010 Ἐπεθύμουν
2890 2941 2990 3011 μὲν
3017 2943 3124 3014 γὰρ
3148 2946 3196 2997 οί
3238 2944 3511 2997 θεσπέσιοι
3565 2961 3671 3014 μα-

2032 3058 2076 3116 C
2109 3027 2268 3098 θηταὶ
2293 3027 2389 3097 τὴν
2418 3028 2579 3096 ἁγίαν
2637 3028 2803 3093 ὅντως
2837 3031 3207 3103 Ἰερουσαλὴμ,
3267 3034 3530 3101 τουτέστι,
3576 3032 3675 3104 τὴν

2122 3117 2446 3188 Ἐκκλησίαν
2497 3122 2925 3192 μεμεστωμένην
2972 3124 3198 3193 ὁρᾶσθαι
3253 3125 3670 3195 προσκυνητῶν,

2110 3209 2203 3262 καὶ
2232 3204 2320 3263 οἷά
2342 3226 2463 3262 τινα
2494 3210 2644 3264 πόλιν
2670 3215 2939 3284 περιφανῆ
2972 3215 3173 3283 πληθύῖ
3196 3215 3304 3268 τῶν
3321 3216 3676 3270 ἐνοικούντων

2111 3297 2278 3367 αὐτὴν
2315 3292 2373 3351 εῦ
2410 3298 2553 3367 μάλα
2610 3302 3125 3371 κατασεμνύνεσθαι.
3155 3306 3263 3358 Καὶ
3317 3306 3675 3377 γοῦν.διεκή-

2115 3406 2300 3460 ρυττον
2324 3389 2421 3459 τὴν
2452 3389 2650 3457 πίστιν,
2678 3392 3147 3465 εὐαγγελιζόμενοι
3189 3394 3279 3449 τὸν
3320 3395 3547 3465 Ἰησοῦν,
3576 3414 3675 3467 ση-

2115 3480 2285 3551 μείοις
2317 3498 2374 3533 τε
2413 3481 2504 3533 καὶ
2525 3481 2746 3552 τέρασιν
2787 3484 3273 3556 ἐπισφραγίζοντες
3299 3487 3427 3549 τοὺς
3470 3488 3678 3540 ἑαυτῶν

2111 3570 2317 3639 λόγους.
2355 3570 2499 3641 Πλὴν
2523 3572 2621 3625 οῦκ
2649 3571 2879 3626 ἔπειθον·
2917 3574 3191 3643 μεμένηκε
3218 3574 3324 3645 γὰρ
3358 3575 3591 3644 σκληρός
3616 3593 3677 3628 τε

2114 3664 2206 3718 καὶ
2226 3664 2505 3735 ἀκαμπὴς,
2547 3666 2639 3718 καὶ
2659 3659 2767 3718 οἷον
2794 3665 2955 3729 ἵππος
2988 3665 3215 3735 ὲξήνιος.
3249 3667 3429 3737 Ταύτῃ
3460 3684 3540 3719 τοι
3562 3666 3676 3720 λοι-

2114 3756 2213 3810 πὸν
2270 3756 2492 3827 ἐζήτουν
2522 3758 2735 3820 ἑαυτοῖς
2778 3758 2901 3819 τοὺς
2954 3756 3340 3821 κατοικοῦντας
3375 3760 3473 3829 τὴν
3517 3759 3678 3826 ἁγίαν

2114 3846 2265 3899 πόλιν
2297 3866 2315 3898 ι
2352 3847 2409 3899 ἐν
2444 3847 2633 3917 Κυρίῳ
2662 3849 3059 3919 παντοκράτορι
3107 3849 3224 3916 Θεῷ
3253 3850 3450 3913 αὐτῶν,
3492 3870 3510 3901 ι
3550 3868 3677 3902 του-

2114 3938 2261 3990 τέστι
2306 3940 2364 3990 ἐν
2396 3936 2634 4007 Χριστῷ.
2691 3938 2799 3993 Καὶ
2845 3937 2908 4007 δὴ
2962 3939 3054 3990 καὶ
3101 3940 3397 4009 ἐτράποντο
3434 3940 3568 4007 πρὸς
3611 3942 3695 3993 τὰ.

2116 4026 2264 4095 ἔθνη,
2301 4030 2413 4089 τοῖς
2462 4027 2722 4079 Ἰουδαίων
2742 4028 2933 4097 δήμοις
2970 4029 3432 4100 ἐπιφωνήσαντες·
3466 4048 3483 4079 t
3521 4030 3697 4098 Ὑμῖν.

2115 4112 2181 4188 ἦν
2213 4118 2506 4184 ἀναγκαῖον
2533 4118 2745 4187 πρῶτον
2774 4118 3067 4189 λαληθῆναι
3105 4121 3194 4173 τὸν
3217 4121 3371 4189 λόγον
3391 4119 3486 4173 τοῦ
3521 4121 3677 4175 Θεοῦ.

2130 4207 2343 4279 Ἐπειδὴ
2372 4207 2427 4261 δὲ
2452 4208 2751 4262 ἀπωθεῖσθε
2792 4211 2974 4275 αὑτὸν,
3021 4211 3113 4265 καὶ
3145 4212 3244 4265 οὐκ
3267 4211 3448 4275 ἀξίους
3468 4212 3681 4282 κρίνετε

2119 4299 2343 4362 ἑαυτοὺς
2360 4299 2457 4368 τῆς
2485 4299 2702 4351 αἰωνίου
2734 4299 2877 4368 ζωῆς
2901 4340 2914 4365 ,
2961 4302 3069 4354 ἰδοὺ
3118 4302 3460 4373 στρεφόμεθα
3490 4305 3568 4365 είς
3613 4302 3683 4355 τὰ

452 4409 504 4453 et
528 4400 679 4452 aiunt
725 4406 927 4451 sanctae
971 4394 1223 4450 civitati:
1262 4412 1281 4445 t
1339 4394 1510 4449 Dilata
1563 4394 1737 4450 locum
1800 4392 1994 4448 tentori

2124 4392 2270 4464 ἔθνη·
2297 4392 2438 4446 οὕτω
2465 4392 2572 4463 γὰρ
2593 4394 2721 4461 ἡμῖν
2773 4392 3081 4446 ἐντέταλται
3118 4395 3145 4445 ό
3194 4394 3343 4456 Θεός.
3378 4414 3396 4445 ι
3443 4394 3683 4446 Ἐκεῖθεν

453 4490 549 4553 tui,
577 4497 633 4544 et
662 4486 1128 4543 tabernaculorum
1185 4496 1417 4541 tuorum.
1476 4487 1625 4557 Fige,
1693 4500 1761 4541 ne
1804 4500 2015 4553 parcas.

454 4576 721 4633 Proteude
768 4574 1036 4631 iuniculos
1074 4584 1193 4631 tuos
1265 4583 1318 4630 ct
1356 4576 1538 4630 clavos
1591 4584 1731 4637 tuos,
1773 4573 2017 4627 conforta

455 4672 631 4725 adhuc
660 4671 711 4723 in
737 4671 965 4735 dextris,
988 4679 1043 4724 et
1067 4669 1118 4721 iu
1142 4668 1357 4723 sinistra
1384 4668 1613 4722 extende
1637 4664 1703 4719 ‘°.
1735 4684 1753 4715 ι
1780 4664 1868 4718 llla
1892 4677 2019 4718 vero

455 4759 795 4813 multitudine
825 4758 1121 4812 incolarum
1148 4771 1365 4810 suorum
1417 4753 1672 4816 exsultat,
1760 4762 1814 4807 et
1863 4752 2018 4822 quasi

458 4848 733 4902 admirans
764 4864 984 4903 suorum
1027 4848 1258 4901 ﬁliorum
1302 4845 1685 4913 frequentiam,
1709 4844 1821 4898 ait:
1854 4863 1872 4895 ι
1904 4845 2016 4910 Ego

459 4947 636 4992 autem
681 4939 799 4991 sine
831 4938 973 5002 ﬁliis,
1007 4946 1062 4991 et
1094 4936 1296 5002 vidua;
1336 4937 1467 4990 istos
1488 4950 1617 4990 vero
1666 4936 1789 5003 quis
1835 4936 2019 5005 genuit

461 5030 627 5085 mihi?
659 5030 743 5084 isti
773 5039 951 5083 autem
976 5030 1063 5084 ubi
1102 5028 1230 5083 tuihi
1256 5037 1409 5083 erant
1434 5029 1474 5059 ⁶¹
1498 5029 1521 5080 ?
1549 5046 1566 5078 ι

2121 4486 2391 4555 ἐζήτησαν
2443 4484 2567 4546 τοὺς
2612 4484 2711 4553 τῆς
2771 4484 3093 4553 Ἐκκλησίας
3140 4484 3381 4549 πολίτας,
3414 4480 3480 4555 ἦς
3540 4485 3687 4536 καὶὸ

2121 4575 2407 4639 θεσπέσιος
2436 4576 2598 4629 Δαὸὶδ
2625 4575 3009 4645 διαμέμνηται,
3039 4576 3227 4644 λέγων·
3265 4594 3285 4627 ι
3312 4576 3688 4644 Δεδοξασμένα

2121 4666 2355 4736 ἐλαλήθη
2377 4666 2504 4739 περὶ
2531 4666 2643 4730 σοῦ,
2677 4669 2710 4737 ἡ
2763 4667 2916 4730 πόλις
2956 4668 3047 4720 τοῦ
3074 4669 3227 4724 Θεοῦ.
3264 4688 3282 4720 ι
3347 4670 3688 4739 Ζητήσαντες

2120 4758 2176 4811 δὲ
2206 4757 2633 4825 πεπλουτήκασι,
2653 4758 3007 4827 συνεκόμισαν
3024 4776 3080 4811 τε
3100 4760 3306 4829 πληθὺν
3334 4759 3431 4829 τὴν
3452 4760 3685 4829 ἀριθμοῦ
3706 4800 3711 4808 .

2123 4847 2423 4917 κρείττονα.
2457 4847 2567 4898 Καὶ
2620 4846 2683 4917 δὴ
2719 4847 2811 4901 καί
2842 4865 2971 4916 φασι
3020 4851 3086 4917 τῇ
3118 4850 3246 4918 ἁγία
3288 4850 3457 4902 πόλειο
3494 4870 3509 4899 ι
3550 4849 3689 4902 Πλά-

2124 4953 2278 4991 τυνον
2306 4936 2397 4989 τὸν
2446 4936 2607 4989 τόπον
2661 4939 2756 5006 τῆς
2810 4940 3011 5007 σκηνῆς
3054 4957 3169 5004 σου,
3210 4942 3430 4993 καὶτῶν
3453 4940 3689 4994 αῦλαιῶν

2129 5025 2476 5095 σου.11ἧξον,
2525 5027 2598 5098 μὴ
2645 5027 2822 5098 φείσῃ.
2872 5029 3159 5098 Μάκρυνον
3208 5031 3274 5082 τὰ
3336 5030 3691 5100 σχοινίσματά

460 5143 575 5191 σου,
610 5122 702 5177 καὶ
738 5123 861 5183 τοὺς
893 5120 1199 5183 πασσάλους
1229 5138 1343 5184 σου,
1375 5119 1692 5189 κατίσχυσον
1720 5120 1797 5170 ἔτι
1826 5119 1904 5180 εἰς
1928 5119 1993 5171 τὰ
2019 5118 2187 5184 δεξιὰ,
2220 5120 2311 5172 καὶ
2342 5122 2417 5183 εἰς
2442 5119 2507 5171 τὰ
2533 5118 2790 5189 ἀριστερὰ
2817 5119 3129 5173 ἐκπέτασον.
3148 5139 3165 5171 ι
3212 5120 3274 5172 Ἦ
3303 5119 3358 5172 δὲ
3384 5119 3460 5189 τῷ
3500 5120 3692 5191 πλήθει

459 5218 569 5269 τῶν
621 5213 1014 5269 κατοικούντων
1053 5212 1222 5283 αὐτὴν
1265 5211 1635 5280 ἐπιγάννυται,
1688 5211 1845 5281 μόνον
1884 5210 1939 5263 δὲ
1983 5212 2102 5281 οὐχὶ
2141 5210 2635 5281 κχταθαυμᾶζουςα
2676 5210 2784 5263 τῶν
2826 5211 2970 5264 ἰδίων
3021 5211 3224 5265 τέκνων
3264 5211 3359 5281 τὴν
3392 5213 3691 5284 ὁμήγυριν,

462 5309 620 5379 φησίν
646 5326 657 5339 ο
696 5329 714 5359 ι
754 5306 893 5376 Ἐγὼ
920 5308 975 5360 δὲ
998 5307 1243 5372 ἄτεκνος,
1297 5306 1388 5358 καὶ
1442 5307 1604 5375 χήρα·
1641 5304 1861 5369 τούτους
1904 5304 1959 5355 δὲ
1993 5305 2073 5369 τίς
2103 5304 2356 5375 ἐγέννησε
2388 5322 2498 5375 μοι;
2532 5296 2678 5356 οὗτοι
2708 5304 2763 5357 δέ
2804 5322 2892 5375 μοι
2919 5305 3019 5359 ποῦ
3052 5302 3222 5377 ἧσαν;
3266 5325 3283 5356 ι

535 5403 695 5457 Vens.
724 5406 775 5457 6.
812 5402 875 5457 lu
897 5404 980 5457 die
1029 5403 1121 5456 illa
1166 5417 1355 5471 ponam
1409 5400 1644 5455 tribunos
1686 5400 1831 5454 Juda
1878 5400 2013 5453 sicut

534 5596 577 5621 ³⁸⁸
608 5591 745 5646 Psal.
782 5610 900 5656 uv,
934 5599 986 5650 8.

1103 5601 1144 5631 ⁸7
1180 5599 1373 5668 Epltcs.
1401 5615 1469 5663 Vl,
1510 5598 1687 5651 lvi-18.

538 5660 999 5719 “lsa.x1.tx.‘2l.

1796 5598 1841 5629 ³⁸
1873 5598 1992 5651 Act.
2034 5611 2149 5659 Mli,
2195 5596 2269 5661 ίϋ,
2311 5596 2390 5649 l7.

2208 5400 2307 5453 Ἑν
2333 5398 2407 5466 τῇ
2442 5396 2627 5467 ἡμέρᾳ
2657 5398 3146 5469 ἐκείνῃγθήσομαι
3174 5399 3311 5464 τοὺς
3343 5400 3692 5468 χιλιάρχους

2530 5598 2574 5628 δι’
2605 5595 2746 5651 Psal.
2780 5611 2993 5660 Lxxxvr,
3030 5596 3079 5649 5.
3190 5597 3233 5628 ⁶⁰
3266 5597 3365 5651 lsa.
3404 5612 3508 5662 ων,
3541 5597 3595 5663 2,
3639 5600 3689 5649 5.
