4042 6196
337 259 444 317 213

1157 250 1709 309 COMMENTARIUS
1751 252 1816 309 ΙΝ
1857 246 2265 306 ZACliARlAM
2303 244 2749 302 PROPHETAM.

3496 249 3605 305 2M

350 374 545 433 Ἰούδα
573 373 656 440 ὡς
694 371 884 427 δαλὸν
919 371 1111 441 πυρὸς
1139 371 1210 426 ἐν
1249 372 1480 440 ξύλοις,
1516 374 1613 428 καὶ
1656 375 1735 443 ὠς
1769 376 1920 443 λαμ-

2035 378 2216 424 rorrem
2247 367 2381 439 ignis
2412 366 2469 419 in
2500 364 2680 435 lignis,
2734 372 2782 417 et
2826 364 2958 416 sicut
3006 361 3304 432 lampadem
3366 363 3500 435 ignis
3550 370 3605 421 in

340 465 500 523 πάδα
564 462 757 533 πυρὸς
818 462 917 537 ἐνι
966 460 1242 531 καλάμῃ,
1335 462 1782 534 καταφάγοιται
1855 464 1925 517 ἐκ

339 557 553 624 δεξιῶν
605 554 707 609 καί
754 552 824 621 ἐξ
876 554 1198 625 εὐωνύμων
1266 553 1498 620 πάντας
1550 554 1693 622 τοὺς
1734 554 1925 622 λαοὺς

341 648 657 705 κυκλόθεν.

412 744 483 807 ις.
523 738 856 809 Χιλιάρχους
878 736 979 810 μὲν
1011 736 1199 804 Ἰούδα,
1231 738 1485 810 καθάπερ
1505 738 1606 812 ἤδη
1641 740 1924 811 προεῖπον,

344 830 469 895 τοὺς
501 828 692 898 ἁγίους
730 829 1081 894 ἀποστόλους,
1118 829 1152 901 ἢ
1184 829 1277 885 καὶ
1304 829 1550 895 ἅπαντας
1581 830 1769 897 ἁπλῶς
1800 832 1926 897 τοὺς

342 922 450 977 τῶν
482 921 654 991 ἁγίων
702 921 1040 993 Ἐκκλησιῶν
1079 923 1419 995 ἡγουμένους
1473 924 1756 980 ἀποκαλεῖ.
1784 925 1929 980 Κατ-

218 1016 231 1023 ’
341 1013 734 1085 ευμεγεθήσειν
779 1031 838 1066 τε
886 1013 1029 1068 οὓτω
1063 1016 1162 1086 τῆς
1203 1015 1313 1071 τῶν
1360 1015 1531 1072 ἐθνῶν
1581 1016 1809 1089 καρδίας
1837 1016 1928 1073 τὸν

342 1106 474 1176 παρ’
501 1104 681 1160 αὐτῶν
710 1104 817 1176 ἔφη
845 1104 1024 1174 λόγον,
1055 1106 1225 1178 ἦγουν
1270 1107 1370 1180 τὴν
1413 1110 1823 1182 μυσταγωγίαν,
1852 1111 1928 1176 ὡς

336 1194 517 1250 δοκεῖν
546 1195 704 1249 δαλὸν
736 1196 836 1267 μὲν
870 1194 1049 1262 ξύλοις
1088 1197 1535 1269 ἐμπεπτωκέναι,
1560 1200 1824 1272 λαμπάδα
1863 1218 1927 1271 γε

343 1287 452 1357 μὴν
494 1288 576 1352 είς
619 1287 875 1359 καλάμην
919 1286 1019 1359 τὴν
1062 1286 1534 1361 εὐκατάπρηστον.
1594 1311 1612 1343 ι
1662 1292 1928 1362 Κάταφά-

337 1394 531 1448 γονται
557 1377 687 1449 γὰρ,
715 1378 872 1449 φησι,
904 1377 1122 1452 πάντας,
1144 1379 1272 1443 τοὺς
1302 1378 1465 1445 λαοὺς
1500 1383 1567 1436 ἐκ
1610 1381 1801 1449 δεξιῶν
1832 1383 1928 1438 καὶ

338 1468 402 1533 ἐξ
432 1467 730 1540 εὐωνύμων
778 1469 1063 1549 κυκλόθεν,
1098 1488 1118 1523 ι
1148 1470 1426 1527 τουτέστιν
1470 1464 1642 1545 οὗπερ
1671 1473 1737 1530 ἂν
1789 1473 1927 1530 ἰέναι

339 1558 661 1628 βούλωνται,
693 1558 873 1630 πάντη
915 1576 977 1613 τε
1027 1559 1124 1614 καὶ
1173 1560 1391 1626 πάντως
1442 1563 1559 1617 ἐκεῖ
1585 1561 1924 1633 δυνήσονται,

338 1649 633 1714 καλοῦντες
662 1650 744 1716 εἱς
774 1651 1052 1722 αἴσθησιν,
1084 1652 1200 1721 καὶ,
1230 1647 1342 1707 οἷον
1385 1654 1520 1726 πυρὶ
1550 1654 1628 1726 τῷ
1673 1654 1804 1727 θείῳ
1833 1656 1928 1710 καὶ

336 1740 540 1813 νοητῷ,
568 1736 1011 1807 καταθάλποντες
1055 1744 1183 1809 τοὺς
1211 1744 1654 1818 ἀπεψυγμένους.
1697 1747 1846 1818 Ἔφη
1874 1764 1928 1801 τι

338 1835 581 1890 τοιοῦτον
620 1836 649 1889 ὁ
696 1834 807 1893 τῶν
851 1836 990 1893 ὅλων
1016 1836 1168 1903 Θεὸς,
1202 1839 1298 1893 καὶ
1347 1838 1484 1910 πρὸς
1515 1838 1607 1897 τὸν
1655 1839 1929 1912 μακάρων

337 1928 631 1999 προφήτην
664 1927 931 2000 Ἱερεμίαν
952 1946 965 1960 ·
998 1947 1018 1984 ι
1061 1929 1191 1985 Ἰδοὺ
1215 1928 1425 1987 δέδωκα
1454 1931 1582 1993 τοὺς
1610 1928 1803 2001 λόγους
1825 1948 1928 2002 μου

337 2021 421 2084 είς
440 2019 504 2072 τὸ
536 2019 713 2091 στόμα
740 2036 837 2074 σου
866 2019 998 2093 πῦρ,
1032 2020 1126 2077 καὶ
1160 2021 1253 2076 τὸν
1278 2019 1404 2075 λαὸν
1429 2019 1620 2075 τοῦτον
1654 2020 1806 2089 ξύλα,
1836 2022 1931 2077 καὶ

339 2110 719 2181 καταφάγεται
765 2111 982 2175 αὐτοὺς,
1015 2129 1039 2166 ι
1076 2111 1197 2167 ἀντὶ
1232 2112 1352 2183 τοῦ,
1382 2111 1620 2169 Καλέσει
1661 2113 1797 2184 πρὸς
1844 2109 1930 2167 αῖ-

340 2201 562 2274 σθησιν,
615 2202 713 2259 καὶ
743 2204 1171 2277 ἀπεψυγμένους
1221 2206 1301 2271 είς
1347 2205 1648 2279 ἁμαρτίαν,
1690 2204 1929 2277 θερμοὺς

337 2293 407 2365 δὴ
451 2295 617 2351 πάλιν
655 2296 976 2352 ἀποτελέσει
1012 2297 1091 2371 τῷ
1121 2297 1417 2370 πνεύματι.
1465 2298 1801 2370 ’Λπέψυκται
1830 2298 1930 2368 μὲν

339 2388 451 2464 γάρ
493 2390 527 2460 ἡ
571 2388 682 2444 τῶν
727 2389 1098 2460 πλανωμένων
1130 2388 1349 2461 καρδία,
1399 2390 1494 2445 καὶ
1522 2389 1713 2460 νεκρὸν
1748 2387 1929 2459 έχουσι

340 2481 435 2535 τὸν
482 2480 627 2545 νοῦν,
682 2478 1119 2552 προσκυνοῦντες
1158 2484 1226 2555 τῇ
1276 2480 1450 2537 κτίσει
1504 2478 1657 2552 παρὰ
1692 2479 1786 2534 τὸν
1817 2479 1930 2534 κτί-

342 2588 513 2626 σαντα
556 2571 724 2638 Θεὸν,
774 2572 946 2636 λίθοις
998 2589 1057 2626 τε
1103 2573 1198 2627 καὶ
1250 2571 1430 2640 ξύλοις
1475 2570 1823 2636 ἀνατιθέντες
1868 2571 1931 2625 τὸ

339 2661 526 2727 σέϐας.
571 2662 711 2717 Ἀλλ’
738 2663 793 2716 οἵ
838 2680 903 2731 γε
933 2663 1130 2718 τοιοίδε
1156 2661 1393 2730 ζέοντες,
1434 2663 1510 2728 ὡς
1540 2662 1697 2733 ἔφην,
1733 2664 1923 2717 ἀποτεο

338 2753 562 2808 λοῦνται
588 2753 668 2826 τῷ
696 2755 991 2825 πνεύματι,
1039 2754 1233 2827 θερμοὶ
1269 2755 1404 2827 πρὸς
1438 2753 1806 2825 δικαιοσύνην,
1838 2754 1931 2808 καὶ

343 2845 490 2902 καθά
526 2862 693 2918 φησιν
720 2847 750 2899 ὁ
778 2845 1062 2912 θεσπέσιος
1099 2847 1376 2919 Ἰωάννης,
1407 2865 1427 2900 t
1455 2845 1735 2918 Πνεύματι
1767 2847 1927 2918 ἁγίῳ,

342 2938 439 2997 καὶ
474 2937 609 3009 πυρὶ
653 2936 733 3009 τῷ
781 2937 958 3009 νοητῷ
1005 2937 1380 3007 βαπτίζονται,
1437 2957 1458 2993 ι
1511 2937 1761 3010 καθάπερ
1809 2938 1932 2992 τινὰ

343 3026 611 3097 συρφετὸν
651 3027 897 3097 δαπανᾷν
941 3025 1177 3092 εἰωθότι,
1215 3026 1315 3097 τὴν
1346 3028 1467 3091 ταῖς
1504 3024 1799 3099 ἡμετέραις
1826 3025 1928 3098 ψυ-
1954 3057 2002 3121 c

339 3119 464 3187 χαίς
486 3116 637 3188 ὲνιζή
647 3134 818 3171 τασαν
856 3117 1154 3190 ἁμαρτίαν,
1182 3117 1425 3187 καὶτοὺς
1443 3118 1546 3190 τῆς
1576 3119 1931 3193 φιλοσαρκίας

341 3209 634 3279 ὲκτήκοντι
688 3208 918 3279 ῥύπους.
975 3208 1209 3282 Εἴρηται
1261 3208 1393 3280 γοῦν
1454 3211 1547 3269 καὶ
1597 3211 1685 3267 διὰ
1746 3213 1932 3284 φωνῆς

355 3300 610 3355 Ἧσαϊοιν
653 3303 870 3373 «Ἔχεις
892 3300 1175 3374 ἄνθρακας
1212 3301 1403 3374 πυρὸς,
1437 3303 1673 3375 κάθησαι
1702 3305 1789 3359 ἐπ’
1818 3305 1919 3358 αὐρ-

341 3394 508 3458 sobg,
566 3386 712 3447 οὗτοι
760 3391 976 3448 ἔσονταί
1037 3409 1121 3447 σοι
1177 3392 1388 3467 βοηθοί.
1446 3412 1468 3456 ι
1521 3395 1633 3451 Καὶ
1684 3396 1792 3468 μὴν
1838 3396 1933 3451 καὶ

345 3482 509 3546 αὐτὸς
523 3481 655 3553 περὶ
669 3482 864 3537 ἑαυτοῦ
904 3500 1037 3555 φησι
1056 3500 1070 3516 υ
1109 3503 1129 3537 ι
1169 3484 1280 3539 Καὶ
1307 3485 1589 3556 ἀπεστάλη
1614 3487 1751 3557 πρός
1777 3504 1845 3559 με
1875 3487 1933 3540 ἓν

346 3574 454 3627 τῶν
490 3576 764 3647 Σεραφὶμ,
805 3576 900 3631 καὶ
925 3578 984 3630 ὲν
1006 3578 1073 3649 τῇ
1108 3576 1250 3648 χειρὶ
1282 3571 1427 3648 εἶχεν
1454 3577 1704 3650 ἄνθρακα
1738 3580 1930 3653 πυρὸς,

345 3665 407 3720 ὃν
428 3668 495 3737 τῇ
523 3664 698 3720 λαὸίδι
726 3666 918 3722 ἐλαϐεν
944 3666 1052 3721 ἀπὸ
1075 3666 1172 3721 τοῦ
1205 3666 1617 3740 θυσιαστηρίου,
1642 3670 1736 3724 καὶ
1760 3670 1935 3740 ἥψατο

346 3756 444 3821 τοῦ
477 3757 742 3829 στόματός
768 3776 896 3830 μου,
928 3759 1026 3812 καὶ
1057 3754 1211 3813 εἶπεν
1230 3773 1243 3788 ·
1289 3758 1420 3815 Ἰδοὺ
1448 3759 1606 3814 τοῦτο
1628 3759 1807 3833 ἥψατο
1825 3761 1934 3817 τῶν

350 3848 577 3920 χειλέων
624 3865 741 3919 σου,
775 3851 873 3904 καὶ
918 3849 1111 3921 ἀφελεῖ
1142 3849 1242 3916 τὰς
1290 3850 1523 3923 ἀνομίας
1560 3868 1676 3915 σου,
1704 3853 1797 3906 καὶ
1833 3853 1935 3919 τὰς

348 3938 630 4010 ἁμαρτιας
665 3955 758 3993 σου
793 3940 926 4010 πυρὶ
954 3939 1228 4012 καθαριεῖ,
1301 3957 1324 3994 ι
1357 3941 1610 4013 ἄνθρακά
1642 3960 1767 4011 που,
1795 3944 1936 3998 κατά

349 4047 415 4099 γε
443 4029 508 4084 τὸ
536 4031 708 4095 εἰκὸς,
751 4030 844 4086 τὸν
877 4030 1020 4086 θεῖόν
1056 4047 1118 4085 τε
1152 4031 1248 4087 καὶ
1284 4031 1597 4103 ἱερώτατον,
1630 4032 1725 4089 καὶ
1756 4035 1936 4107 ἁμαρ-

346 4124 473 4187 τίας
499 4122 804 4194 ἐκτήκοντα
846 4122 1083 4197 Χριστὸν
1113 4119 1254 4177 εἶναι
1301 4124 1497 4193 λέγων.
1529 4123 1739 4180 Οὐκοῦν
1777 4126 1937 4196 γεγὰ-

349 4230 478 4267 νασι
518 4213 625 4284 μὲν
661 4213 741 4279 ὡς
762 4213 925 4279 δαλὸς
958 4214 1132 4287 πυρὸς
1164 4216 1247 4280 είς
1291 4217 1545 4288 καλάμην
1581 4219 1631 4272 oi
1659 4216 1937 4273 θεσπέσιοι

353 4305 616 4378 μαθηταὶ,
644 4307 740 4361 καὶ
762 4306 1074 4378 κατέφαγον
1097 4308 1198 4381 μὲν
1226 4308 1294 4363 τά
1323 4308 1452 4379 ἔθνη
1484 4309 1764 4365 κυκλόθεν.
1790 4310 1937 4383 Πλὴν

2027 455 2241 524 stipula,
2272 466 2319 510 et
2346 453 2670 509 decorabant
2697 467 2731 507 α
2768 451 2967 506 dextris
3019 462 3066 506 et
3095 469 3127 508 α
3147 454 3376 508 sinistris
3429 470 3605 510 omnes

2026 548 2245 619 populos
2277 563 2370 617 per
2400 545 2700 602 circuitum.

2099 719 2212 777 XC.
2248 718 2522 776 Tribunos
2549 717 2712 787 Juda,
2744 724 2804 772 ιιι
2833 725 2960 773 ante
2994 717 3176 783 docui,
3218 726 3436 774 sanctos
3479 737 3609 789 apo-

2026 813 2217 881 Stolos,
2252 823 2343 867 aut
2372 812 2541 868 etiam
2568 824 2760 866 omnes
2789 809 3116 880 simpliciter
3157 817 3468 865 sanctarum
3503 810 3635 866 Ec“

2031 905 2318 962 etesiarum
2355 903 2674 976 praepositos
2702 902 2966 958 nominat.
3005 901 3157 957 Adeo
3180 912 3363 958 autem
3395 917 3610 961 sermo-

2031 1011 2175 1063 nem,
2200 997 2313 1053 sive
2334 1011 2548 1053 sacram
2577 994 2880 1051 doctrinam
2916 993 3157 1065 ipsorum
3205 995 3479 1051 mentibus
3506 996 3612 1050 im-

2030 1095 2336 1157 peraturam
2356 1085 2608 1154 aiilrmat,
2638 1095 2698 1141 ut
2718 1085 2880 1141 torris
2895 1086 2947 1141 in
2968 1084 3134 1156 ligna.
3151 1096 3239 1140 aut
3264 1085 3352 1140 fa!
3369 1087 3421 1142 in
3442 1088 3613 1158 stipu-

2031 1178 2135 1233 lam
2171 1194 2293 1250 qua
2314 1178 2763 1251 faciliimelgnem
2780 1178 3039 1249 concipit,
3059 1178 3315 1236 incidisse
3338 1181 3608 1239 videatur.

2036 1291 2055 1323 ι
2098 1271 2626 1339 Devorabuntenim,
2648 1271 2843 1347 inquit,
2864 1286 3057 1327 omnes
3074 1272 3304 1343 pepulos
3327 1286 3356 1324 a
3380 1274 3609 1339 dextris,

2029 1372 2085 1418 et
2111 1377 2141 1420 a
2167 1363 2406 1421 sinistris
2439 1364 2491 1419 in
2521 1364 2778 1430 circuitu,
2816 1381 2836 1417 ι
2881 1364 2985 1420 hoc
3013 1370 3123 1428 est,
3166 1378 3489 1435 quocunque
3533 1365 3613 1421 ire

2030 1456 2322 1525 voluerint,
2372 1455 2480 1513 illic
2513 1457 2843 1513 omnimodis
2890 1457 3167 1524 valebunt,
3231 1465 3492 1512 vocantes
3545 1457 3611 1510 ad

2032 1548 2386 1619 agnitionem,
2415 1557 2470 1604 et
2495 1556 2754 1619 tanquam
2787 1547 2899 1617 igni
2932 1548 3116 1603 divino
3152 1558 3208 1604 et
3262 1536 3609 1607 intellectuali

2033 1639 2256 1713 frigidos
2289 1639 2692 1697 calefacientes.
2734 1640 2880 1695 Dixit
2912 1640 3168 1711 quiddam
3204 1640 3470 1711 ejusmodi
3525 1649 3607 1696 to-

1960 1726 2001 1781 B
2032 1730 2140 1786 tius
2174 1739 2380 1789 natura:
2416 1731 2557 1788 Deus
2590 1732 2760 1789 etiam
2800 1733 2959 1787 beato
2986 1734 3266 1803 prophetae
3310 1734 3564 1791 .leremize
3595 1752 3609 1790 :

2038 1839 2056 1873 ι
2096 1820 2238 1879 Ecce
2260 1812 2384 1879 dedi
2415 1822 2576 1878 verba
2625 1838 2741 1878 mea
2767 1823 2821 1877 in
2855 1839 2917 1879 os
2949 1833 3098 1880 tuum
3134 1826 3332 1897 ignem,
3364 1835 3417 1881 et
3444 1841 3615 1896 pupu-

2031 1910 2142 1969 lnm
2169 1913 2329 1969 istum
2352 1912 2522 1986 ligna,
2550 1923 2606 1971 et
2626 1915 2909 1972 devorahit
2934 1931 3028 1971 eos
3054 1917 3119 1983 θ’,
3167 1935 3185 1969 ι
3226 1934 3343 1988 pro,
3394 1920 3613 1975 vocabit

2031 2002 2096 2054 ad
2125 2002 2484 2073 agnitionem,
2527 2013 2581 2059 et
2603 2002 2917 2076 frigefactos
2967 2006 3019 2061 in
3074 2019 3356 2076 peccatum
3416 2010 3611 2065 iterum

2030 2092 2222 2163 spiritu
2253 2093 2553 2151 calefaciet.
2592 2095 2753 2167 Alget
2795 2098 2939 2152 enim
3006 2099 3311 2154 errantium
3382 2116 3499 2166 cor,
3559 2110 3613 2156 et

2033 2195 2301 2245 mortuam
2336 2184 2538 2243 habent
2570 2196 2827 2254 mentem,
2873 2198 3180 2244 creaturam
3235 2191 3415 2259 potius
3447 2206 3608 2262 quam

2031 2287 2340 2334 creatorem
2410 2279 2579 2335 Deum
2646 2282 2940 2336 adorantes
2971 2280 3056 2348 “,
3119 2281 3503 2354 lapidibusque
3558 2294 3615 2339 et

2032 2370 2196 2444 lignis
2224 2370 2466 2431 divinum
2504 2372 2704 2428 cultum
2739 2375 3058 2430 tribuentes.
3086 2372 3189 2431 Sed
3218 2376 3372 2442 tales,
3397 2386 3452 2431 ut
3479 2375 3615 2440 dixi,

2032 2465 2307 2522 ferventes
2333 2467 2526 2537 spiritu
2555 2467 2858 2525 eliicittntur
2879 2467 2947 2535 “,
2976 2468 3216 2527 calentes
3234 2470 3299 2523 ad
3323 2468 3611 2539 justitiam,

2031 2567 2109 2624 et,
2148 2568 2208 2612 ut
2232 2559 2409 2630 inquit
2436 2559 2651 2617 divinus
2680 2559 2939 2625 Joannes,
2994 2579 3014 2613 ι
3047 2562 3249 2632 Spiritu
3298 2573 3508 2628 sancto,
3561 2572 3617 2618 et

2032 2646 2157 2718 igne
2173 2648 2438 2719 spirituaii
2462 2649 2875 2720 baptizantur",
2906 2670 2923 2701 ι
2952 2651 3117 2720 778
3134 2651 3223 2722 qui
3245 2665 3341 2706 ceu
3363 2650 3612 2721 quisqui-

2035 2741 2136 2797 lias
2162 2744 2425 2815 quasdam
2458 2746 2744 2802 animabus
2797 2747 2996 2802 nostris
3050 2748 3292 2802 insidens
3328 2756 3613 2817 peccatum

2032 2850 2379 2903 consumere,
2439 2844 2494 2891 et
2540 2836 2730 2892 sordes
2778 2837 3118 2894 carnalitatis
3164 2854 3397 2895 exurere
3453 2839 3609 2895 Solet.

2036 2925 2250 2983 Dictum
2282 2938 2366 2983 est
2416 2929 2582 3019 igitur
2626 2939 2681 2984 et
2731 2931 2800 2986 ab
2830 2929 2969 2987 Isaia
3003 2945 3019 2986 :
3058 2947 3080 2984 ι
3113 2930 3289 2987 iiabes
3346 2934 3614 2990 carbones

2035 3018 2200 3091 ignis,
2233 3021 2364 3076 sede
2389 3018 2554 3092 super
2567 3035 2683 3088 eos,
2709 3021 2763 3077 hi
2782 3031 2944 3081 erunt
2965 3023 3059 3078 tibi
3083 3023 3134 3078 in
3160 3022 3493 3094 ,adjntorinm
3512 3026 3609 3079 ".i

2035 3111 2176 3181 Quin
2204 3113 2346 3169 idem
2374 3114 2440 3171 de
2468 3128 2528 3170 se
2558 3113 2677 3185 ipso
2704 3132 2717 3169 :
2757 3133 2775 3165 ι
2811 3113 2877 3171 Ει
2907 3115 3106 3172 missus
3136 3126 3219 3175 est
3245 3117 3312 3171 ad
3358 3133 3445 3177 me
3478 3133 3623 3173 unus

2034 3206 2101 3261 de
2131 3205 2445 3277 Seraphim,
2477 3214 2533 3263 et
2557 3206 2612 3262 in
2645 3221 2808 3261 manu
2841 3206 3079 3267 habebat
3111 3207 3402 3264 carbonem
3449 3209 3616 3282 ignis,

2034 3311 2198 3368 quem
2223 3295 2432 3369 forcipe
2462 3298 2584 3353 tulit
2618 3298 2687 3354 de
2713 3298 2894 3364 altari,
2929 3308 2984 3355 et
3016 3300 3193 3371 tetigit
3222 3314 3285 3355 os
3316 3315 3518 3367 meum,
3560 3312 3617 3356 et

2036 3388 2173 3444 dixit
2209 3407 2223 3443 :
2255 3384 2615 3460 Ecce'tetigit
2637 3389 2742 3446 hoe
2783 3390 2925 3446 labia
2957 3399 3069 3456 tua,
3101 3389 3387 3447 etauieret
3415 3391 3616 3462 iniqui—

2040 3491 2181 3539 tates
2210 3487 2353 3548 tuas,
2381 3490 2436 3537 et
2466 3492 2690 3552 peccata
2739 3487 2829 3537 tua
2858 3482 2967 3551 igni
3024 3481 3304 3538 mundabit
3334 3484 3401 3549 "’,
3442 3503 3460 3536 ι
3490 3499 3614 3538 car-

2036 3572 2252 3640 bonem,
2280 3583 2340 3629 ut
2362 3573 2657 3631 verisimile
2681 3581 2783 3637 est,
2802 3573 3067 3638 divinum,
3084 3582 3139 3628 et
3157 3574 3615 3641 sacratissimum,

2037 3672 2093 3720 et
2127 3674 2349 3736 peccata
2402 3673 2813 3722 consumentem
2855 3663 3034 3734 ignem
3068 3662 3348 3721 Christum
3385 3678 3507 3720 esse
3536 3663 3620 3719 di-

2036 3767 2188 3811 cens.
2221 3755 2588 3822 Quamobrem
2614 3755 2781 3811 divini
2812 3754 3067 3826 discipuli
3100 3764 3159 3812 ut
3194 3756 3357 3812 tortis
3392 3757 3532 3828 ignis
3564 3756 3619 3812 in

2036 3834 2236 3916 stipula
2264 3846 2506 3912 fuerunt,
2534 3857 2589 3903 et
2614 3855 2805 3920 gentes
2837 3848 3054 3917 quidem
3090 3848 3143 3903 in
3170 3848 3400 3904 circuitu
3438 3852 3605 3904 devo.

2041 3946 2260 4006 rarnnt;
2292 3948 2665 3996 verumtamen
2703 3955 2810 3996 non
2853 3943 3069 4010 penitus
3103 3940 3489 4010 perdiderunt,
3518 3940 3613 3996 sed

2039 4030 2221 4099 pOtius
2244 4030 2392 4088 falsae
2428 4032 2479 4087 in
2511 4032 2646 4103 ipsis
2689 4032 2935 4091 scientiae
2967 4033 3294 4088 detestanda
3324 4041 3377 4088 et
3407 4032 3619 4104 impura

2040 4126 2292 4194 dogmata
2347 4125 2725 4191 incenderunt,
2774 4125 3082 4196 veterisque
3132 4123 3363 4180 fallacia
3428 4124 3619 4179 sordes

2039 4216 2478 4287 absumpserunt,
2503 4227 2560 4272 et
2583 4218 2799 4272 animos
2831 4230 3024 4272 eorum
3075 4215 3168 4288 qui
3224 4214 3392 4272 semei
3445 4216 3622 4271 credi-

2041 4309 2254 4375 derant,
2274 4309 2341 4364 ad
2368 4309 2733 4378 insipientiam
2750 4317 2804 4363 et
2829 4308 3191 4381 temeritatem
3222 4307 3479 4379 frigeiieri
3505 4322 3624 4361 am-

351 4400 414 4453 ού
447 4398 798 4463 δαπανῶντες
840 4401 922 4464 είς
950 4398 1205 4472 ὄλεθρον,
1239 4399 1676 4471 καταφλέγοντες
1708 4402 1765 4457 δὲ
1799 4404 1937 4474 μᾶλ-

2043 4400 2183 4472 plius
2206 4399 2354 4470 passi
2383 4415 2488 4456 non
2541 4407 2687 4465 sunt,
2743 4408 2802 4454 ut
2858 4399 2915 4453 in
2952 4414 3012 4454 se
3058 4399 3192 4468 ipsis
3256 4399 3623 4465 exsultantes,

353 4492 445 4547 λον
465 4491 566 4563 τῆς
590 4491 651 4545 ὲν
683 4491 866 4556 αὐτοῖς
912 4490 1262 4565 ψευδωνύμου
1288 4491 1545 4564 γνώσεως
1575 4493 1643 4548 τὰ
1673 4494 1849 4564 μιαρά
1876 4512 1935 4549 τε

314 4598 334 4619 κ
357 4582 450 4635 καὶ
489 4582 694 4653 βέϐηλα
737 4581 1007 4654 δόγματα,
1051 4584 1272 4657 καὶτῆς
1313 4581 1545 4658 ἀρχαίας
1589 4584 1808 4657 ἀπάτης
1842 4586 1936 4642 τὸν

354 4674 528 4743 ῥύπον
578 4678 928 4748 ἑκτήκοντες,
960 4675 1338 4748 ἀποψύχεσθαί
1370 4694 1430 4738 τε
1461 4677 1563 4733 οὐκ
1610 4676 1807 4742 ἐῶντες
1850 4677 1934 4733 ἔτι

361 4766 464 4820 τῶν
492 4767 644 4834 ᾶπαξ
683 4770 1131 4825 πεπιστευκότων
1180 4770 1272 4824 τὸν
1316 4768 1441 4824 νοῦν
1489 4769 1625 4841 πρὸς
1672 4770 1935 4844 ἀνοήτους

350 4860 770 4925 είκαιοϐουλίας,
800 4861 983 4926 ῶςέπί
1022 4861 1086 4931 γέ
1133 4877 1315 4939 σφισιν
1345 4862 1531 4925 αὐτοῖς
1561 4861 1935 4935 ἀνασκιρτῶν-

362 4972 454 5019 τας
480 4955 659 5023 λέγειν
683 4955 824 5027 πρὸς
843 4954 937 5009 τὸν
957 4954 1066 5009 τῶν
1084 4954 1221 5008 ὅλων
1247 4953 1477 5026 Σωτῆρα
1503 4954 1768 5025 Χριστόν
1792 4974 1809 5008 t
1835 4956 1939 5013 Πε-

356 5047 682 5119 πυρωμένον
712 5046 773 5101 τὸ
814 5046 996 5116 λόγιόν
1033 5063 1127 5100 σου
1178 5045 1403 5117 σφόδρα,
1438 5045 1532 5100 καὶ
1563 5048 1593 5101 ὁ
1624 5045 1811 5111 δοῦλός
1843 5064 1937 5102 σου

361 5139 643 5212 ἠγάπησεν
673 5140 826 5195 αὐτὸ.
856 5159 888 5199 ,s
926 5138 1047 5193 Ὅτι
1087 5138 1198 5210 γάρ
1232 5140 1350 5193 ἔστι
1380 5137 1605 5211 θερμὸς,
1640 5139 1735 5193 καὶ
1754 5138 1938 5212 τομώ-

359 5250 519 5298 τατος
544 5235 574 5287 ὁ
602 5231 696 5286 τοῦ
722 5231 859 5287 Θεοῦ
887 5231 1065 5302 λόγος,
1105 5232 1273 5302 σαφὲς
1312 5230 1380 5287 ἂν
1406 5231 1637 5301 γένοιτο,
1669 5232 1807 5305 πρὸς
1845 5234 1940 5287 Ἱε-

362 5326 559 5397 ρεμίαν
589 5325 840 5394 λέγοντος
863 5324 1028 5381 αὑτοῦ
1046 5341 1059 5355 ο
1090 5316 1115 5377 ι
1154 5326 1218 5379 Oi
1246 5324 1395 5395 λόγοι
1433 5342 1535 5397 μου
1561 5325 1638 5391 ὡς
1670 5324 1781 5396 πῦρ
1810 5324 1940 5394 φλέ-

361 5434 479 5488 γον,
503 5420 649 5489 λέγει
678 5420 905 5489 Κύριος,
946 5420 1041 5475 καὶ
1075 5419 1151 5484 ὡς
1184 5418 1354 5485 πέλυξ
1380 5418 1599 5474 κόπτων
1633 5417 1859 5489 πέτραν.
1916 5434 1935 5469 ι

436 5621 480 5650 θ’
509 5618 712 5673 iurem.
740 5635 779 5681 ι,
810 5620 864 5674 9.
941 5620 987 5652 “
1020 5619 1181 5675 Rom.
1215 5636 1252 5687 t,
1281 5620 1374 5675 25.
1452 5620 1497 5652 ⁸⁵
1540 5619 1695 5673 lium.
1732 5632 1833 5679 ιιι,
1873 5619 1953 5675 ιι.

365 5688 419 5750 6.
459 5690 511 5742 7.
590 5689 634 5720 θ’
677 5690 813 5748 l’sal.
846 5706 1033 5753 (ιιι-ιιι,
1066 5691 1185 5747 HO.
1262 5692 1305 5724 ‘9
1339 5690 1543 5747 lcrcm.
1580 5703 1735 5749 χλιιι.
1769 5688 1860 5743 ‘21).

2043 4492 2419 4549 universorum
2448 4491 2715 4548 Saivatori
2747 4490 2967 4547 Christo
3011 4488 3294 4545 dicerent:
3334 4507 3353 4541 ι
3392 4488 3625 4560 ignitum

2041 4581 2315 4653 eloquium
2350 4590 2503 4639 tuum
2538 4582 2910 4648 vehementer,
2936 4587 2992 4637 et
3036 4593 3226 4635 servus
3274 4590 3398 4633 tuus
3429 4578 3621 4634 dilexit

2043 4674 2175 4731 illud
2215 4675 2283 4731 ⁸⁸.
2320 4694 2342 4730 ι
2381 4675 2514 4733 Esse
2556 4676 2700 4733 enim
2754 4675 3019 4732 fervidum
3092 4681 3145 4729 et
3197 4670 3265 4728 ad
3318 4671 3617 4727 secandum

2044 4766 2419 4825 acutissimum
2448 4767 2543 4826 Dei
2572 4767 2822 4836 verbum,
2864 4765 3084 4838 planum
3136 4763 3194 4819 lit
3234 4778 3304 4820 ex
3359 4778 3425 4820 eo
3476 4763 3622 4835 quod

2043 4859 2297 4917 Jeremiat
2326 4860 2459 4917 dicit
2492 4877 2507 4915 :
2543 4878 2562 4915 ι
2597 4858 2774 4916 Verba
2795 4872 2914 4914 mea
2945 4857 3087 4915 sicut
3108 4854 3248 4928 ignis
3275 4855 3621 4917 comburens,

2045 4963 2100 5010 et
2124 4951 2267 5009 sicut
2296 4953 2508 5010 securis
2529 4953 2777 5009 incidens
2799 4962 3008 5024 petram
3044 4952 3111 5007 ⁸ο.
3144 4969 3162 5003 ι
3196 4950 3291 5006 Est
3320 4949 3467 5004 enim
3499 4960 3623 5012 per.

2045 5061 2210 5117 quam
2248 5047 2475 5104 idoneus
2503 5046 2596 5103 Dei
2629 5061 2813 5103 sermo
2856 5054 2917 5102 ut
2962 5044 3137 5115 possit
3180 5051 3235 5098 et
3290 5040 3432 5110 quod
3460 5036 3631 5106 frige-

2048 5140 2250 5195 factum
2272 5148 2357 5195 est
2387 5138 2439 5193 in
2456 5147 2683 5208 peccato
2714 5137 3100 5203 reaccendere,
3131 5141 3187 5188 et
3223 5145 3341 5201 quae
3363 5127 3511 5183 velut
3537 5126 3625 5180 in-

2048 5225 2348 5282 duruerunt
2379 5234 2434 5283 et
2466 5233 2743 5281 coarctata
2780 5233 2908 5280 sunt
2947 5239 3051 5279 non
3078 5219 3292 5276 dimciie
3319 5215 3619 5286 explicare.

2050 5318 2144 5373 Est
2172 5334 2406 5389 namque
2434 5336 2453 5372 ι
2480 5319 2634 5375 vivus
2656 5326 2709 5374 et
2733 5317 2942 5383 eiiicax,
2974 5323 3028 5370 et
3061 5307 3447 5385 penetrabiiior
3473 5307 3622 5363 omni

2045 5412 2226 5483 gladio
2276 5400 2521 5483 ancipiti,
2574 5411 2895 5480 perveniens
2950 5418 3123 5475 usque
3176 5400 3242 5455 ad
3300 5399 3620 5456 divisionem

2069 5619 2112 5649 (υδ
2144 5614 2333 5672 Matth.
2365 5626 2452 5679 lii,
2479 5610 2562 5666 ii.
2656 5606 2699 5639 θ’
2732 5603 2863 5674 hno,
2892 5603 3091 5660 EZCt‘il.
3121 5618 3175 5671 κ,
3200 5601 3256 5657 2.
3334 5602 3378 5633 ⁸⁷
3408 5599 3512 5656 lsa.
3546 5612 3620 5662 vr,
