4042 6196
385 5711 397 5718 '
481 5701 570 5756 22.

427 311 536 364 2-15

1415 303 1470 357 S.
1513 301 1779 358 Ci’RlLLl
1818 303 2282 359 ALEXANDRINI
2328 300 2651 358 ARCHI'EP.

3554 294 3666 348 2'16

433 424 626 478 animm
656 431 710 476 et
737 423 985 490 spiritus,
1016 420 1370 475 medullarum
1402 435 1638 489 quoque,
1685 429 1739 474 et
1767 436 1986 489 compa-

2109 422 2245 491 Ἐχει
2291 421 2418 492 γὰρ,
2455 421 2549 474 καὶ
2596 418 2740 488 μάλα
2771 414 3109 485 ἐπιτηδείως,
3133 413 3161 463 ὁ
3204 410 3295 464 τοῦ
3331 409 3465 463 Θεοῦ
3508 409 3662 475 λόγος

433 531 578 583 gum,
603 524 658 568 et
691 515 957 567 discretor
989 512 1368 581 cogitationum
1399 520 1451 566 et
1483 512 1839 566 intentionem
1870 529 1988 567 cor-

434 605 517 659 dis
546 605 612 657 "°.
655 624 673 656 ›
715 604 921 657 Dictum
942 612 1023 657 est
1055 603 1180 656 item
1207 617 1338 657 voce
1366 603 1749 671 prephetarum
1806 604 1986 657 immi-

435 694 577 746 tibus
609 702 663 746 et
715 692 1123 746 contumacibus
1149 689 1352 744 Judtnis
1384 708 1396 742 :
1432 709 1474 769 ,ι
1524 689 1989 744 Circumeidimini

432 783 542 836 Deo
574 791 772 846 vestro,
804 783 903 835 viri
932 782 1068 834 Juda
1090 781 1156 836 “.
1191 798 1212 832 ι

2088 510 2168 574 είς
2209 527 2272 578 γε
2331 512 2391 564 τὸ
2446 509 2705 563 δύνασθαι
2729 506 2820 560 καὶ
2843 502 3226 574 ἀπεψυγμένον
3256 503 3313 554 ὲν
3347 499 3662 569 ἁμαρτίαις,

2092 599 2552 672 ἀναζωπυρῆσαι·
2602 600 2695 652 καὶ
2741 597 2902 651 οἱονεί
2945 611 3063 656 πως
3116 591 3520 661 ἀπεσκληκότα,
3573 589 3665 641 καὶ

2096 692 2462 762 πεπιλημένον
2490 690 2774 756 διαπτύξαι
2809 687 3028 759 ῥαδίως.
3066 685 3176 736 Καὶ
3199 683 3305 751 γάρ
3348 684 3463 734 ἐστι
3497 699 3514 730 ι
3557 679 3664 742 ζῶν

2098 797 2155 831 τε
2179 780 2273 832 καὶ
2297 781 2381 833 ὲνε
2391 780 2541 851 ργὴς,
2571 779 2664 832 καὶ
2690 775 3000 847 τομώτατος
3022 773 3161 842 ὑπὲρ
3184 773 3361 823 πᾶσαν
3389 769 3665 837 μάχαιραν

431 874 700 942 δίστομον,
728 870 1094 941 διικνούμενός
1122 886 1180 921 τε
1212 869 1372 938 μέχρι
1409 867 1675 939 μερισμοῦ
1736 867 1910 936 ψυχῆς
1967 865 2060 918 καὶ
2099 867 2367 937 σώματος,
2406 868 2599 938 ἁρμῶν
2627 884 2687 919 τε
2714 865 2810 919 καὶ
2839 862 3070 933 μυελῶν,
3107 861 3200 912 καὶ
3229 857 3469 932 κριτικὸς
3507 856 3666 909 ἐνθυ-

435 968 688 1038 μήσεων,
746 967 838 1019 καὶ
902 964 1118 1019 ἐννοιῶν
1182 963 1425 1032 καρδίας.
1473 981 1490 1012 ι
1548 961 1774 1032 Εἴρηται
1821 959 1877 1011 δέ
1926 975 2026 1010 που
2080 961 2172 1012 καὶ
2231 961 2316 1015 διὰ
2373 960 2556 1031 φωνῆς
2608 957 2902 1030 προφητῶν
2975 953 3111 1025 πρὸς
3169 952 3258 1005 τὸν
3315 951 3497 1020 ἀπηνῆ
3565 950 3663 1002 καὶ⁸

431 1063 690 1126 ἄτεγκτον
731 1056 1010 1110 Ἰουδαῖον·
1072 1075 1089 1106 ‹
1149 1053 1467 1124 Τετμήθητε
1518 1052 1594 1121 τῷ
1642 1050 1760 1120 Θεῷ
1816 1049 1987 1120 ὑμῶν,
2027 1048 2217 1120 ἄνδρες
2267 1051 2456 1106 Ἰούδα.
2499 1071 2516 1102 ι

505 1145 650 1200 Vsus
688 1147 742 1202 7.
781 1147 848 1199 Et
877 1147 1128 1198 habitabit
1171 1143 1463 1198 Jerusalem
1504 1142 1675 1196 adhuc
1715 1143 1770 1195 in
1813 1148 1993 1194 semet:

435 1243 621 1304 ipsam,
667 1249 712 1293 et
743 1237 966 1293 salvabit
989 1236 1243 1301 Dominus
1285 1233 1625 1287 tabernacula
1671 1233 1814 1287 Juda
1853 1233 1993 1286 sicut

434 1349 467 1384 α
495 1329 772 1398 principio,
797 1339 849 1382 ut
878 1346 978 1382 non
1017 1327 1384 1396 magniﬁcetur
1427 1325 1673 1396 gloriatio
1722 1322 1914 1387 David,
1948 1329 1994 1373 et

437 1421 685 1474 elationes
705 1420 1053 1473 habitantium
1087 1417 1384 1472 Jerusalem
1403 1431 1558 1485 super
1579 1415 1798 1472 Iudam.

497 1593 628 1648 XCI.
657 1593 773 1649 Non
793 1608 1005 1662 semper
1026 1591 1318 1646 Ecclesiam
1343 1587 1997 1653 tumultibusexagitatum

439 1689 631 1752 iri,nec
646 1688 762 1740 sine
792 1686 895 1739 line
908 1683 1306 1754 persecutiones
1329 1695 1607 1750 passuram
1623 1678 1949 1732 vaticinatur
1984 1695 1996 1730 :

2167 1143 2274 1198 Καὶ
2308 1142 2649 1209 κατοικήσει
2705 1135 3089 1208 Ἰερουσαλὴμ
3127 1134 3213 1187 ἐτι
3251 1133 3380 1186 καθ’
3420 1130 3662 1197 ἑαυτὴν,

2100 1235 2195 1288 καὶ
2230 1232 2414 1288 σώσει
2445 1233 2661 1301 Κύριος
2706 1230 2777 1285 τὰ
2821 1227 3180 1296 σκηνώματα
3225 1221 3440 1288 Ἰούδα,
3474 1221 3664 1285 καθὼς

2101 1323 2200 1380 ἀπ’
2229 1322 2436 1394 ἀρχῆς,
2469 1323 2626 1388 ὅπως
2645 1319 2731 1390 μὴ
2752 1319 3156 1389 μεγαλύνηται
3190 1314 3467 1382 καύχημα
3498 1311 3668 1364 οικου

2103 1417 2297 1483 Δαϐίδ,
2333 1417 2429 1470 καὶ
2458 1414 2737 1483 ἐπάρσεις
2766 1411 2882 1466 τῶν
2904 1409 3336 1479 κατοικούντων
3378 1406 3670 1472 Ἰερουσα-

2103 1510 2225 1579 λὴμ
2257 1508 2353 1564 ἐπὶ
2381 1507 2488 1561 τὸν
2526 1504 2738 1561 Ἰούδα.

2142 1603 2257 1667 ιιΛν.
2298 1600 2410 1654 Οὐκ
2443 1598 2528 1653 ἀεὶ
2546 1597 2643 1667 τὴν
2693 1593 3017 1663 Ἐκκλησίαν
3054 1591 3110 1643 ὲν
3139 1588 3389 1660 θορύϐοις
3413 1585 3677 1655 γενέσθαι·

2108 1691 2294 1760 φησὶν,
2322 1688 2445 1742 οὗτε
2473 1687 2579 1759 μὴν
2617 1685 3002 1754 ἀτελευτήτους
3049 1681 3337 1750 ὑπομεῖναι
3380 1676 3505 1738 τοὺς
3548 1676 3672 1728 διω-⁸

439 1781 532 1833 scd
564 1781 866 1846 quieturam
899 1774 1206 1843 aliquando,
1239 1783 1292 1827 et
1318 1772 1680 1826 babitaturam
1717 1771 1769 1823 in
1795 1778 2001 1822 semet-

2109 1747 2312 1852 γμούςλ
2347 1747 2788 1848 ἀλλἰηρεμήσειν
2819 1747 2878 1826 τε
2921 1771 3064 1825 κατὰ
3090 1747 3333 1839 καιροὺς,
3367 1767 3459 1820 κα“ι
3484 1782 3670 1819 κατοι-

439 1871 574 1939 ipsa,
617 1883 710 1924 seu
744 1872 794 1922 in
826 1869 940 1922 loco
973 1881 1091 1929 suo,
1123 1866 1227 1919 hoc
1253 1871 1353 1928 est,
1394 1862 1721 1927 seiunctam,
1752 1860 1917 1931 ’179
1947 1869 2002 1914 et

438 1958 906 2024 solam,turban,te
962 1955 1194 2022 nemine,
1245 1970 1350 2010 non
1405 1953 1803 2008 tribulationem
1855 1951 2002 2004 exci-e

439 2061 608 2116 tante,
656 2065 765 2104 non
803 2058 1063 2104 terrorem
1112 2046 1456 2109 immittente,
1497 2061 1599 2098 non
1644 2043 2001 2098 tentationum

441 2157 706 2199 mmrores
749 2140 1123 2196 accumulante
1149 2157 1162 2193 :
1191 2157 1210 2190 ι
1253 2136 1493 2193 Salvabit
1546 2135 1688 2191 enim
1745 2134 2003 2188 Dominus

445 2234 787 2290 tabernacula
837 2233 1001 2297 Juda,
1061 2232 1202 2286 sicut
1255 2245 1285 2284 a
1339 2229 1627 2300 principio.
1682 2246 1701 2278 ι
1732 2224 2005 2280 Eeclesias

442 2345 592 2393 suas,
621 2330 733 2383 sive
769 2325 1106 2382 tabernacula
1160 2337 1258 2379 sua
1301 2317 1392 2376 ita
1427 2327 1694 2392 proteget,
1749 2326 1808 2372 ut
1853 2331 2006 2386 aeque

444 2436 692 2490 magnam
717 2418 945 2490 gratiam
980 2417 1032 2470 in
1065 2430 1156 2471 eas
1188 2415 1446 2477 conferat,
1473 2426 1633 2482 quam
1671 2411 1722 2465 in
1751 2407 2003 2464 lsraelem

442 2509 690 2575 contulit,
719 2523 876 2578 quem
908 2523 972 2562 ex
1003 2505 1237 2576 Egypto
1281 2503 1554 2558 liberavit.
1604 2501 1804 2554 Eduxit
1861 2499 2004 2554 enim

443 2601 592 2654 illmn
629 2619 647 2651 ι
677 2600 880 2654 edomo
907 2595 1203 2659 servitutis,
1226 2604 1280 2649 et
1301 2609 1330 2651 e
1357 2593 1578 2648 fornace
1601 2591 1834 2656 ferrea,»
1868 2590 2009 2645 sicut

443 2696 701 2761 scriptum
731 2700 815 2745 est
851 2689 894 2721 τί
919 2689 953 2754 ⁸,
993 2698 1044 2741 et
1079 2702 1127 2741 e‘
1170 2687 1447 2741 dominatu
1499 2682 1825 2738 intolerabili
1884 2681 2007 2739 uni-

445 2797 722 2838 versorum
754 2782 913 2844 Deus,
958 2799 976 2831 ι
1000 2781 1050 2835 in
1079 2793 1238 2835 manu
1259 2777 1381 2832 forti
1407 2787 1460 2832 et
1499 2776 1552 2830 in
1588 2775 1808 2830 brachio
1831 2772 2011 2829 excel-

447 2893 509 2932 So
542 2877 609 2943 ",
646 2895 664 2927 ι
703 2874 918 2943 quando
971 2881 1348 2940 persecutores
1405 2869 1522 2939 ejus
1577 2887 1598 2920 ι
1654 2866 1913 2923 demersit
1959 2866 2011 2918 in

447 2967 582 3020 mari
611 2965 812 3030 Rubro,
829 2975 988 3034 ponto
1003 2963 1280 3032 cooperuit
1295 2977 1408 3027 eos,
1428 2970 1482 3016 et
1500 2959 1894 3016 descenderunt
1909 2958 2014 3012 sic-

2103 1871 2291 1940 κήσειν
2339 1867 2458 1921 καθ’
2505 1865 2720 1936 ἑαυτὴν,
2770 1861 3015 1916 τουτέστι
3069 1857 3399 1928 καταμόνας,
3449 1856 3548 1907 οὐκ
3588 1856 3675 1907 ὲν-

2103 1958 2378 2030 οχλοῦντός
2406 1972 2547 2018 τινος
2566 1993 2579 2018 ,
2606 1954 2664 2006 ού
2693 1951 2867 2022 θλίψιν
2920 1949 3231 2015 ἐπάγοντος,
3289 1945 3388 1998 οὐκ
3441 1942 3674 2005 ὲνιέγτος

2103 2053 2280 2122 δεῖμα,
2297 2049 2358 2102 οὒ
2391 2049 2489 2111 τὰς
2517 2047 2624 2099 τῶν
2643 2041 2962 2115 πειρασμῶν
2988 2038 3288 2109 δυσθυμίας
3315 2033 3677 2104 ὲπισωρεύον-

2105 2159 2223 2208 τος·
2264 2161 2282 2195 ι
2319 2141 2488 2195 Σώσει
2515 2139 2622 2208 γὰρ
2653 2136 2856 2204 Κύριος
2881 2133 2950 2186 τὰ
2981 2129 3315 2200 σκηνώματα
3353 2125 3541 2188 Ἰούδα,
3578 2141 3677 2177 κα-

2106 2235 2218 2302 θὼς
2263 2233 2355 2286 ἀπ’
2399 2230 2593 2301 ἀρχῆς.
2643 2246 2660 2278 ι
2718 2223 3170 2293 Ὑπερασπιεῖται
3215 2216 3356 2271 οὕτω
3387 2213 3495 2266 τῶν
3532 2213 3677 2266 ίδίων

2119 2323 2470 2395 Ἐκκλησιῶν,
2498 2321 2616 2391 ἦτοι
2649 2317 2753 2370 τῶν
2799 2313 2993 2368 ἑαυτοῦ
3021 2309 3415 2381 σκηνωμάτων,
3453 2305 3526 2368 ὡς
3555 2304 3678 2373 ἴσην

2107 2394 2621 2480 αὐτοῖςάπονέμειν
2670 2405 2924 2478 φροντίδα
2986 2405 3053 2476 τῇ
3110 2401 3276 2455 πάλαι
3327 2394 3676 2466 δεδωρημένῃ

2107 2505 2452 2577 λυτρουμένῳ
2487 2501 2546 2566 ἐξ
2575 2499 2850 2569 Αἰγύπτου
2880 2495 2958 2567 τῷ
2999 2493 3235 2566 Ἰσραήλ.
3279 2490 3544 2559 Ἐξήγαγε
3567 2487 3680 2555 γὰρ

2108 2597 2198 2652 τὸν
2236 2593 2452 2665 Ἰσραὴλ
2483 2612 2500 2644 ι
2537 2591 2593 2656 ἐξ
2624 2589 2772 2643 οἴκου
2804 2585 3065 2648 δουλείας,
3101 2583 3194 2636 καὶ
3225 2582 3288 2633 ὲκ
3316 2578 3545 2649 καμίνου
3593 2593 3678 2628 σι⁶

2111 2690 2302 2760 δηρᾶς.
2335 2684 2477 2738 καθά
2503 2684 2829 2752 γέγραπται,
2870 2698 2888 2730 ι
2931 2677 3024 2730 καλ¹
3074 2674 3132 2742 eg
3174 2667 3446 2741 ἀφορήτου
3492 2668 3679 2746 πλεον-

2113 2783 2258 2849 εξίας
2287 2783 2316 2834 ό
2349 2781 2456 2834 τῶν
2499 2778 2633 2830 ὅλων
2665 2774 2816 2838 Θεὸς,
2862 2791 2879 2824 ι
2918 2773 2974 2823 ὲν
3012 2768 3156 2839 χειρὶ
3187 2764 3440 2836 κραταιᾷ,
3490 2760 3585 2813 καὶ
3625 2761 3681 2810 ὲν

2116 2876 2358 2946 βραχίονι
2394 2868 2602 2938 ὑψηλῷ,
2644 2885 2662 2918 ι
2697 2867 2784 2919 ὅτε
2815 2863 2942 2925 τοὺς
2967 2858 3257 2920 διώκοντας
3297 2874 3315 2906 ι
3364 2853 3681 2907 κατεπόντι-

2117 2944 2299 3022 σενὲν
2341 2961 2574 3033 Ἐρυθρᾷ
2622 2957 2883 3028 θαλάσσῃ,
2931 2952 3137 3007 πόντων
3166 2946 3432 3015 ἐκάλυψεν
3465 2944 3681 3007 αὐτοὺς,

451 3067 509 3111 ut
537 3057 806 3126 plumbum
853 3057 903 3110 in
952 3073 1090 3125 aqua
1124 3054 1451 3119 vehementi,
1491 3062 1546 3107 et
1589 3049 1919 3107 transierunt
1949 3050 2012 3104 li-

2115 3060 2210 3113 καὶ
2243 3056 2434 3109 ἔδυσαν
2463 3051 2593 3104 ὡσεὶ
2624 3048 2868 3120 μόλιϐδος
2908 3045 2966 3098 ὲν
2996 3043 3146 3096 ὕδατι
3177 3038 3389 3110 σφοδρῷ
3411 3081 3425 3105 ,
3471 3037 3566 3089 καὶ
3603 3035 3683 3086 δι-

397 3144 402 3149 ’
447 3151 619 3226 berall
655 3151 721 3204 ⁷³.
765 3169 783 3202 ι
818 3149 1077 3205 Columna
1111 3163 1288 3202 autem
1321 3147 1457 3218 ignis
1487 3159 1578 3200 eos
1602 3152 1764 3199 noctu
1813 3157 2015 3212 praece-

451 3245 583 3297 dens
611 3242 749 3296 viam
775 3241 1045 3310 signabat,
1079 3247 1130 3294 et
1165 3254 1258 3308 per
1284 3239 1422 3292 diem
1453 3237 1622 3292 nubes
1654 3249 1814 3300 supra
1855 3243 2016 3302 caput

451 3338 556 3387 dux
607 3334 950 3402 impendebat
975 3331 1042 3382 τι.
1076 3351 1094 3383 ι
1130 3329 1332 3384 Deinde
1354 3342 1546 3398 panem
1578 3327 1645 3382 de
1671 3326 1809 3388 ccelo
1865 3341 2014 3380 com-

453 3430 681 3482 ederunt
722 3427 790 3489 ⁷⁵,
839 3435 892 3478 et
970 3425 1022 3478 in
1095 3422 1381 3480 solitudine
1442 3436 1653 3475 morsus
1705 3426 2016 3488 serpentum

453 3525 742 3572 evaserunt
773 3517 841 3570 ".
879 3515 1137 3570 Vicerunt
1169 3514 1442 3577 inimicos,
1475 3511 1807 3570 transierunt
1830 3507 2020 3564 Jorda-

452 3626 575 3664 nem
601 3609 667 3675 ",
698 3608 1001 3663 circumcisi
1031 3616 1176 3671 sunt,
1201 3613 1460 3658 venerunt
1490 3603 1542 3658 in
1565 3613 1762 3657 terram
1793 3599 2021 3670 promis-

453 3697 623 3753 sionis
652 3695 718 3750 ".
753 3695 877 3750 Haec
903 3695 1122 3749 donabit
1146 3694 1390 3748 Christus
1423 3692 1790 3762 quaerentibus
1835 3691 2018 3746 taber—

429 3786 670 3848 nacula,
700 3786 806 3838 hoc
851 3796 953 3847 est,
993 3783 1293 3838 Ecclesium
1333 3785 1456 3836 :sic
1502 3792 1557 3836 et
1611 3783 1740 3849 ipsis
1793 3781 2019 3835 salutem

461 3878 728 3940 restituet,
776 3875 1035 3930 diabolica
1064 3873 1323 3928 servitute
1359 3872 1642 3940 exemptis,
1695 3880 1747 3925 et
1828 3871 2025 3924 dmino-

460 3971 609 4024 niaca
665 3967 1029 4022 dominatione
1071 3965 1334 4032 liberatis,
1388 3973 1441 4017 et
1492 3978 1587 4031 per
1643 3961 2024 4017 distractiones

461 4059 618 4132 hujus
651 4059 771 4117 vita:
802 4067 856 4115 et
883 4057 1064 4136 turbas
1114 4055 1303 4109 inanes
1365 4053 1510 4108 velut
1561 4067 1656 4122 per
1711 4065 1859 4106 mare
1917 4059 2026 4105 tra-

462 4158 680 4219 ductis;
750 4154 1054 4209 columnam
1089 4162 1304 4218 quoque
1354 4156 1409 4200 et
1458 4146 1856 4201 [irritamentum
1909 4143 2029 4198 illu-

462 4261 576 4304 stre
614 4246 849 4315 seipsum
900 4244 1004 4296 illis
1042 4243 1093 4295 in
1124 4241 1231 4295 alto
1291 4249 1575 4309 proponet,
1630 4237 2027 4292 illuminantem

462 4345 736 4393 versantes
771 4335 822 4388 in
851 4332 1110 4398 tenebris,
1137 4339 1192 4386 et
1224 4331 1396 4384 instar
1436 4331 1595 4384 nubis
1633 4329 1849 4384 roribus
1891 4341 2026 4396 quos

2120 3143 2483 3212 εϐιϐόισθησαν
2521 3140 2616 3211 μὲν
2636 3141 2684 3191 oi
2711 3133 3124 3206 λελυτρωμένοι.
3148 3151 3166 3183 ι
3197 3129 3397 3191 Στύλος
3419 3127 3474 3180 δὲ
3508 3124 3686 3179 αὐτῶν

2117 3239 2303 3310 ἡγεῖτο
2360 3233 2529 3306 πυρὸς
2574 3230 2674 3301 τὴν
2721 3228 2912 3290 νύκτα,
2955 3221 3356 3279 καταδεικνύων
3407 3219 3506 3289 τὴν
3547 3218 3686 3282 ὁδὸν,

2118 3307 2462 3398 ἕπεκρέματο
2481 3321 2537 3376 δὲ
2565 3321 2658 3374 καὶ
2691 3321 2748 3372 ὲν
2775 3317 2954 3389 ἡμέρᾳ
2984 3315 3202 3383 νεφέλη.
3236 3308 3367 3365 Εἶτα
3398 3310 3490 3362 τὸν
3519 3307 3580 3371 ἐξ
3601 3307 3690 3359 ού-

2123 3417 2285 3492 ρανοῦ
2343 3413 2760 3483 κατεδηδόκασιν
2817 3409 3012 3477 ἄρτον,
3070 3405 3164 3459 καὶ⁹
3212 3404 3467 3472 διέφυγον
3515 3402 3573 3452 ἐν
3624 3400 3689 3468 τῇ

2120 3489 2312 3581 ἐρήμῳ
2341 3507 2409 3560 τὰ
2447 3504 2553 3558 τῶν
2597 3503 2772 3572 ὄφεων
2809 3500 3081 3570 δήγματα.
3115 3496 3410 3567 Κρείττους
3436 3489 3574 3564 ἦσαν
3603 3491 3693 3560 ὲχ-

2123 3603 2286 3676 θρῶν,
2326 3598 2739 3668 διεϐιϐάσθησαν
2768 3594 2858 3647 τὸν
2910 3590 3198 3661 Ἰορδάνην,
3247 3583 3692 3658 περιετμήθησαν

2127 3694 2422 3767 μαχαίραις
2455 3689 2749 3760 πετρίναις,
2786 3681 2945 3756 ἦλθον
2972 3685 3050 3746 είς
3077 3681 3174 3752 τὴν
3203 3680 3304 3750 γῆν
3334 3678 3430 3747 τῆς
3464 3679 3695 3742 ἐπαγγε-

2121 3788 2255 3850 λίας.
2290 3783 2477 3838 Ταῦτα
2505 3783 2775 3853 χαριεῖται
2803 3773 3035 3847 Χριστὸς
3063 3775 3174 3834 τοῖς
3205 3768 3428 3842 ζητοῦσι
3458 3767 3694 3836 τάσκη-

2125 3877 2351 3946 νώματα
2383 3870 2568 3936 αὑτοῦ,
2602 3867 2847 3922 τουτέστι
2881 3864 2978 3934 τὴν
3019 3860 3344 3930 Ἐκκλησίαν
3367 3877 3382 3891 ·
3415 3858 3557 3911 οὕτω
3602 3856 3697 3909 καὶ

2126 3969 2322 4030 αὐτοὺς
2340 3962 2630 4025 ἀνασώσει,
2649 3958 2892 4018 δουλείας
2929 3955 3026 4025 μὲν
3043 3950 3351 4016 ἀπαλλάξας
3362 3952 3459 4020 τῆς
3483 3948 3587 4001 ὑπὸ
3614 3946 3696 4017 τῷ

2127 4059 2357 4128 διαϐόλῳ
2386 4053 2661 4125 φημὶ,καὶ
2695 4046 3076 4119 δαιμονιώδους
3123 4044 3433 4109 πλεονεξίας
3477 4039 3694 4118 ἐξελὼν,

2127 4150 2442 4209 ἂαϐιϐάσας
2457 4144 2514 4198 δὲ
2534 4143 2721 4212 ὥσπερ
2745 4141 2832 4193 διὰ
2848 4139 3118 4208 θαλάσσης
3139 4136 3247 4189 τῶν
3269 4137 3325 4187 ὲν
3342 4133 3479 4204 τῷδε
3503 4131 3580 4200 τῷ
3600 4130 3698 4199 βίῳ

2129 4235 2547 4311 περισπασμῶν,
2590 4231 2682 4286 καὶ
2722 4229 2928 4301 τύρϐης
2968 4226 3202 4288 εἰκαίας,
3238 4223 3426 4276 στύλον
3480 4222 3556 4284 δὲ,
3607 4219 3701 4272 καὶ

2133 4331 2410 4403 ἑδραίωμα
2438 4324 2689 4396 λαμπρὸν
2717 4321 2903 4375 ἑαυτὸν
2925 4319 3104 4382 αὐτοῖς
3133 4315 3371 4378 ἀναθεὶς,
3398 4312 3703 4383 φωτίζοντα

465 4429 644 4485 animo
674 4427 966 4492 cernimus,
999 4425 1314 4494 irrigantem
1341 4439 1355 4487 ;
1385 4420 1558 4476 factus
1585 4421 1710 4476 item
1736 4420 1839 4475 illis
1873 4419 2015 4488 panis

2134 4423 2258 4484 τοὺς
2289 4421 2346 4473 ὲν
2374 4417 2572 4480 σκότει,
2594 4413 2686 4468 καὶ
2723 4406 2808 4464 οἷα
2829 4408 3056 4478 νεφέλην
3099 4407 3222 4468 ταῖς
3253 4404 3470 4473 νοηταῖς
3502 4399 3704 4467 κατάρ-

467 4525 584 4576 vita:
637 4518 1078 4588 serpentiumque
1133 4517 1231 4571 sub
1270 4514 1672 4583 intelligentiam
1719 4512 2025 4566 cadentium

467 4627 677 4667 morsus
723 4607 1016 4662 imbecilles
1046 4616 1100 4663 et
1129 4606 1311 4660 irritos
1337 4604 1561 4667 faciens,
1603 4600 1890 4655 traducens
1936 4614 2032 4668 per

465 4704 772 4765 Jordanem,
802 4708 855 4754 et
879 4699 1290 4754 circumcisione
1318 4695 1541 4764 spiritus
1570 4706 1733 4762 puros
1777 4691 2027 4754 reddens,

467 4798 519 4847 ‘et
566 4793 618 4846 in
671 4774 888 4860 regnum
916 4792 1173 4843 (telorum
1205 4786 1572 4840 introducens.
1608 4783 1730 4837 lla‘e
1781 4784 1893 4837 suis
1935 4782 2033 4835 ad-

468 4883 772 4940 oratoribus
800 4881 1073 4950 largietur,
1128 4878 1462 4945 salvabilque
1503 4891 1595 4928 eos
1619 4874 1818 4927 talibus
1841 4873 2034 4935 modis,

477 5001 491 5028 (
530 4987 588 5030 ut
612 4990 716 5029 non
751 4973 1124 5042 magnilieetur
1161 4969 1409 5038 gloriatio
1430 4968 1624 5022 donius
1649 4967 1834 5029 David,
1879 4983 1898 5014 ι
1938 4965 2038 5018 hoc

471 5064 896 5130 esl,.luda30rum
947 5060 1258 5129 principes:
1317 5073 1414 5112 nec
1445 5059 1706 5111 elationes
1769 5059 1899 5118 sint,
1944 5069 2033 5107 seu

472 5158 719 5213 elationis
744 5155 958 5211 occasio
994 5163 1178 5206 contra
1209 5149 1421 5217 Judam,
1476 5149 1845 5202 habitantibus
1877 5146 2035 5200 Jeru-

475 5253 660 5319 salem,
690 5267 849 5320 quatn
887 5261 1076 5303 sensus
1116 5243 1362 5312 percipit,
1424 5252 1477 5296 et
1520 5248 1856 5295 terrestrem.
1895 5238 2036 5292 Elle-

478 5344 666 5396 rebant
690 5343 886 5411 quippe
917 5355 999 5403 se,
1027 5348 1080 5393 et
1113 5336 1361 5405 superbia
1397 5335 1878 5387 tumebantContra
1924 5345 2040 5383 cre-

478 5431 663 5485 dentes
700 5434 750 5485 in
788 5433 1083 5496 Christum,
1129 5430 1416 5497 ipsumque
1466 5421 1890 5485 Emmanuelcm,
1947 5437 2042 5488 per

546 5630 592 5663 ⁷ο
622 5631 783 5686 llebr.
821 5650 891 5688 ιν.
925 5636 1004 5688 12.
1082 5635 1125 5663 ⁷·
1161 5635 1354 5701 lercm.
1386 5645 1456 5688 tv,
1492 5627 1539 5679 εί.

645 5702 690 5732 ⁷⁵
730 5702 895 5756 Exod.
933 5715 1051 5762 'M’t.
1251 5702 1293 5730 7“
1338 5703 1487 5754 Nutu.
1525 5714 1631 5755 xvi,
1665 5696 1695 5747 6
1733 5696 1782 5749 ἵ).

1622 5627 1687 5656 ⁷¹¹
1724 5625 1870 5678 Deut.
1905 5641 1976 5683 tv,
2010 5623 2096 5677 ‘20.
2174 5623 2220 5651 ⁷³
2253 5621 2403 5671 Delli.
2447 5633 2496 5682 ν,
2533 5615 2617 5667 15.
2695 5616 2739 5645 ⁷³
2771 5613 2936 5670 Εςωει.
2970 5600 3057 5674 xv,
3096 5609 3210 5661 9.4.

1863 5697 1902 5725 τ’
1933 5693 2091 5749 Josue
2121 5708 2199 5757 ill,
2237 5690 2416 5742 ll-l7.
2496 5687 2541 5720 ⁷⁸
2571 5684 2729 5738 Josuc
2761 5702 2806 5751 ν,
2850 5683 2968 5734 2-8.

2136 4517 2293 4570 δοντα
2310 4512 2534 4582 δρόσοις·
2555 4505 2789 4577 γεγονὼς
2805 4504 2859 4556 δὲ
2887 4502 3065 4563 αὐτοῖς
3083 4499 3171 4551 καὶ
3191 4497 3351 4566 ἄρτος
3368 4493 3511 4562 ζωῆς
3528 4493 3705 4560 ἄπρα-

2139 4608 2243 4662 κτά
2266 4623 2323 4657 τε
2353 4603 2446 4660 καὶ
2474 4597 2674 4670 ἀδρανῆ
2707 4595 2775 4647 τὰ
2817 4593 2926 4645 τῶν
2955 4589 3157 4659 νοητῶν
3201 4587 3376 4656 ὄφεων
3420 4583 3707 4647 ἀποδείξας

2139 4698 2411 4768 δήγματα,
2444 4669 2882 4764 καὶ-διαϐιϐάσας
2909 4681 2999 4732 τὸν
3041 4677 3329 4748 Ἰορδάνην,
3373 4674 3467 4727 καὶ
3513 4674 3579 4742 τῇ
3618 4669 3707 4724 διὰ

2137 4787 2444 4855 πνεύματος
2479 4779 2747 4850 περιτομῇ
2789 4775 3062 4844 καθαροὺς
3090 4768 3428 4837 ἀποφαίνων,
3458 4761 3705 4829 είσκομίυ

2138 4879 2244 4942 ζων
2277 4875 2331 4926 δὲ
2365 4872 2457 4924 καὶ
2494 4871 2572 4931 εἰς
2609 4865 2884 4936 βασιλείαν
2918 4860 3180 4932 οὐρανῶν.
3215 4857 3399 4910 Ταῦτα
3439 4855 3708 4924 χαριεῖται

2137 4971 2246 5028 τοῖς
2281 4965 2430 5026 ἰδίοις
2462 4960 2881 5033 προσκυνηταῖς,
2909 4952 3162 5008 διασώσει
3197 4967 3254 5003 τε
3306 4947 3503 5009 αὐτοὺς
3566 4943 3709 4999 κατά

2138 5057 2374 5111 τοιούσδε
2427 5052 2590 5114 τινὰς
2631 5048 2882 5119 τρόπους,
2933 5064 2950 5094 ι
3001 5046 3147 5103 ὅπως
3209 5039 3282 5109 μὴ
3341 5032 3710 5105 μεγαλύνηται

2144 5149 2402 5218 καύχημα
2431 5146 2576 5198 οἴκου
2613 5140 2794 5204 Δαϐὶδ,
2832 5158 2851 5191 ι
2888 5134 3182 5194 τουτέστιν,
3217 5131 3264 5183 οἱ
3300 5127 3406 5181 τῶν
3448 5123 3713 5177 Ἰουδαίων

2141 5241 2465 5312 ἡγούμενον.
2497 5236 2630 5305 μήτε
2685 5231 2789 5302 μὴν
2820 5230 3076 5299 ἐπὰρσεις
3105 5221 3212 5277 εἷεν
3239 5223 3402 5291 ἤγουν
3426 5217 3710 5286 ἐπάρσεως

2144 5329 2389 5398 ἀφορμαὶ
2431 5330 2539 5389 τοῖς
2586 5322 2932 5378 κατοικοῦσιν
2981 5313 3334 5388 Ἰερουσαλὴμ
3386 5311 3483 5380 τὴν
3522 5306 3714 5376 αἰσθη-

2143 5421 2262 5491 τὴν,
2312 5418 2405 5470 καὶ
2443 5416 2680 5484 ἐπίγειον
2712 5412 2852 5467 κατὰ
2897 5410 3011 5464 τοῦ,
3039 5406 3219 5460 Ἰούδα.
3271 5403 3562 5471 ’ἓφρόνουν
3613 5396 3713 5468 μὲν

3315 5607 3358 5636 τι
3384 5605 3548 5659 Exod.
3586 5617 3726 5676 xm,‘
