4042 6196
372 296 472 354 ii?

1187 298 1735 358 COMMENTARIUS
1773 301 1837 358 IN
1879 301 2277 361 ZACIIARIAH
2318 307 2762 365 PllOPHETAM.

3506 299 3617 357 2l8

370 413 481 483 γὰρ
525 410 761 483 μεγάλα,
802 410 895 466 καὶ
928 415 1311 485 κατωφρύοντο
1361 417 1479 470 λίαν
1507 418 1614 472 τῶν
1655 400 1942 473 πεπιστευ·

2058 420 2226 477 lloscn
2256 427 2527 482 veteribus
2553 425 2804 480 muniﬁce
2852 422 3050 478 collata
3106 411 3268 477 tollas
3321 418 3615 488 iactantes,

374 505 646 566 κὸτωνρείς
661 502 917 574 Χριστὸν,
943 505 1036 557 καὶ
1057 505 1221 559 αὐτοῦ
1247 507 1302 560 δέ
1325 507 1415 560 τοῦ
1441 510 1809 582 Ἐμμανουὴλ,
1830 512 1942 565 ἄνω

371 613 434 650 τε
470 597 564 650 καὶ
600 595 750 648 κάτω
788 594 857 648 τὰ
891 594 980 649 διὰ
1013 597 1258 660 Μωσέως
1299 601 1410 663 τοῖς
1437 601 1683 672 ἀρχαίοις
1708 601 1944 672 δεδωρη-

374 688 513 760 μένα
560 686 950 757 προτείνοντες,
1003 689 1096 740 καὶ
1141 690 1240 759 τὴν
1288 694 1400 754 τοῖς
1448 693 1716 763 πατράσιν
1766 693 1943 745 αὐτῶν

374 777 772 849 ἐκνεμηθεῖσαν
794 778 958 847 φειδὼ
980 780 1379 851 προϊσχόμενοι.
1403 782 1511 835 Καὶ
1527 781 1659 851 γοῦν
1684 782 1941 851 ἔφασκον,

374 869 505 922 ποτέ
539 871 674 939 μέν’
707 886 726 919 t
778 867 844 920 Τί
872 862 966 921 οὖν
1004 871 1178 931 ποιεῖς
1217 870 1281 922 σὺ
1310 874 1554 941 σημεῖον,
1602 872 1689 925 ἵνα
1722 872 1941 943 ἴδωμεν,

375 960 472 1014 καὶ.
508 957 924 1029 πιστεύσωμενς
962 958 1017 1011 τί
1050 960 1115 1012 σὺ
1144 960 1349 1032 ἐργάζῃ
1373 978 1388 1027 ;
1416 963 1479 1017 Οί
1514 963 1757 1032 Πατέρες
1785 964 1943 1034 ἡμῶν

338 1118 343 1121 _
374 1049 578 1119 ιφαγον
615 1048 674 1101 τὸ
703 1049 875 1119 μάννα
902 1049 960 1101 ἐν
991 1053 1056 1120 τῇ
1101 1050 1314 1121 ἐρήμῳ,
1344 1052 1527 1117 καθώς
1552 1054 1670 1106 ἐστι
1694 1070 1944 1125 γεγραμ-

379 1140 562 1211 μένον,
580 1142 778 1210 Ἀρτον
798 1142 861 1192 ἐκ
884 1137 977 1192 τοῦ
1006 1140 1236 1211 οὐρανοῦ
1264 1141 1462 1195 ἔδωκεν
1491 1142 1674 1206 αὐτοῖς
1696 1146 1941 1211 φαγεῖν-ι

374 1231 507 1285 ποτέ
542 1230 600 1283 δέ
629 1230 730 1300 δή·
764 1249 782 1280 ι
832 1229 1021 1300 Ἡμεῖς
1058 1229 1281 1301 οἴδαμεν
1308 1232 1389 1302 ὅτι
1424 1234 1614 1286 Μωσεῖ
1652 1232 1945 1302 λελάληκεν

372 1324 408 1379 6
436 1322 591 1385 Θεὸς,
635 1295 824 1375 τοῦτον
848 1295 1024 1375 δένούκ
1050 1295 1270 1393 οἴδαμεν
1311 1295 1473 1376 πόθεν
1510 1324 1647 1380 ἐστί.
1682 1343 1703 1374 ι
1740 1295 1947 1392 Τερατ-

373 1413 638 1483 ουργήσει
668 1410 733 1480 δὴ
758 1406 871 1475 οὖν,
926 1412 1110 1480 φησὶν,
1151 1412 1281 1481 ἡμῖν
1316 1414 1349 1465 6
1373 1413 1481 1464 τῶν
1518 1412 1652 1466 ὅλων
1689 1412 1842 1477 Θεὸς,
1898 1413 1947 1465 εί

373 1502 476 1555 καὶ
507 1500 581 1571 μὴ
609 1500 881 1569 ἐμφανῶς,
913 1499 1161 1570 καθάπερ
1192 1500 1386 1569 ἀμέλει
1411 1502 1504 1554 καὶ
1531 1500 1675 1566 τότε,
1718 1500 1833 1554 ἀλλ’
1855 1496 1947 1554 οὖν

375 1591 606 1663 νοητῶς,
647 1589 792 1643 οὕτω
818 1606 878 1642 τε
901 1592 1050 1660 ἡμᾶς
1074 1589 1346 1645 ἀνασώσει
1385 1591 1510 1655 τοὺς
1555 1592 1613 1644 ἐν
1654 1593 1768 1655 τοῖς
1799 1591 1950 1655 ίδίοις

377 1679 753 1751 σκηνώμασιν,
784 1679 871 1731 ἵνα
912 1678 986 1749 μὴ
1018 1679 1159 1749 μέγα
1199 1679 1437 1748 φρονῶσι
1468 1678 1589 1733 καθ’
1615 1679 1773 1750 ἡμῶν
1825 1680 1949 1733 Ἰου-

373 1773 534 1835 δαῖοι,
585 1771 753 1840 ἤγουν
796 1771 844 1823 oi
895 1769 1024 1839 παρ’
1057 1771 1243 1833 αὐτοῖς
1288 1770 1599 1841 ἡγούμενοι.
1633 1770 1813 1824 Ταυτδ
1843 1769 1950 1841 γὰρ
1982 1773 2026 1828 Β

375 1860 531 1933 οἶμαι
558 1860 751 1932 δηλοῦν
787 1879 807 1912 ι
838 1861 900 1914 τὸ
922 1861 1183 1932 καύχημα
1208 1860 1305 1913 τοῦ
1334 1862 1485 1914 οἷκου
1516 1861 1698 1914 Δαὸίδ.
1748 1879 1767 1914 t

449 1951 559 2004 Kal
589 1951 762 2005 Eatur
790 1952 862 2004 ἐν
894 1949 970 2019 τῇ
1000 1951 1191 2019 ἡμέρᾳ
1217 1951 1806 2020 ἐκείνῃ,ὐπερασπιεῖ
1833 1953 1942 2007 Κύ-

368 2060 503 2111 ριος
528 2041 680 2109 ὑπὲρ
720 2040 840 2095 τῶν
870 2042 1306 2095 κατοικούντων
1365 2042 1777 2111 Ἰερουσαλήμ.
1835 2043 1949 2096 Kal

375 2136 549 2188 ἔσται
572 2137 604 2187 ό
630 2132 906 2188 ἀσθενῶν
933 2133 1004 2185 ἐν
1030 2132 1235 2199 αὐτοῖς
1257 2134 1327 2187 ἐν
1349 2135 1550 2203 ἐκείνῃ
1573 2134 1647 2203 τῇ
1666 2136 1852 2204 ἡμέρᾳ
1872 2138 1950 2203 ὡς

377 2221 545 2289 οἶκος
580 2222 775 2289 Δαόὶδ,
801 2225 835 2277 δ
862 2222 931 2275 δὲ
950 2220 1117 2287 οἶκος
1139 2222 1335 2286 Δαϐιδ,
1373 2224 1454 2289 ὡς
1480 2219 1645 2289 οἷκος
1676 2222 1845 2289 Θεοῦ,
1870 2224 1953 2290 ὡς

376 2314 633 2384 ἄγγειος
661 2311 884 2381 Κυρίου
911 2312 1167 2366 ἐνώπιον
1199 2312 1416 2366 αὐτῶν.

449 2404 564 2471 ιβ’.
611 2423 630 2456 ι
683 2404 873 2474 Ὃπλῳ
905 2403 1002 2474 μὲν
1053 2404 1199 2474 ἡμᾶς
1253 2403 1499 2467 εὐδοκίας
1524 2405 1897 2473 ἐστεφάνωσεν
1923 2406 1952 2459 6

378 2496 514 2557 Θεὸς
542 2495 636 2547 καὶ
680 2495 886 2564 Πατήρ.
930 2512 950 2545 t
982 2494 1190 2548 Δέδωκε
1222 2493 1331 2562 γάρ
1360 2495 1493 2564 ἡμῖν
1518 2493 1609 2547 τὸν
1638 2494 1769 2548 ἴδιον
1801 2494 1949 2559 Υίὸν,

381 2584 779 2656 προασπιστὴν,
815 2584 908 2637 καὶ⁵
936 2584 1238 2654 πρόμαχον,
1273 2583 1341 2637 δι’
1389 2576 1450 2637 οὗ
1480 2584 1574 2638 καὶ
1604 2584 1947 2656 σεσώσμεθα,

381 2670 584 2732 παντὸς
618 2670 716 2739 μὲν
750 2670 985 2733 εὐκόλως
1008 2670 1371 2734 διεκδύνοντες
1418 2672 1747 2742 πειρασμοῦ,
1789 2672 1951 2727 πολέ-

383 2778 488 2831 μου
531 2760 588 2813 δὲ
634 2760 728 2814 τοῦ
776 2762 905 2831 παρ’
933 2761 1160 2832 ἐχθρῶν,
1208 2762 1305 2815 καὶ
1355 2763 1455 2833 τῆς
1492 2764 1598 2815 τῶν
1649 2764 1951 2817 διωκόντων

382 2854 702 2925 σκαιότητος
737 2852 1156 2922 κατευμεγεθείν
1177 2853 1445 2918 εἰωθότες.
1492 2854 1630 2907 Ἀλλ’
1663 2854 1722 2908 ἐν
1747 2872 1811 2923 γε
1840 2857 1953 2918 τοῖς

383 2943 762 3014 προκειμένοις
786 2943 1038 3014 δηλοῦται
1066 2946 1164 3016 μέν
1190 2963 1242 2999 τι
1264 2946 1523 3009 τοιοῦτον,
1548 2945 1689 3015 πλὴν
1715 2945 1952 3016 ἀσαφείᾳ

380 3034 548 3104 πολλῇ
592 3034 1051 3104 κατεσκιασμένον
1098 3034 1189 3087 τὸν
1218 3033 1374 3103 λόγον
1411 3034 1506 3088 ίδοι
1546 3052 1628 3098 τις
1668 3035 1752 3089 άν.
1805 3035 1949 3105 Ἔφη

381 3126 483 3195 μὲν
522 3124 632 3195 γάρ
682 3126 1041 3196 ὐπρασπιεῖν
1070 3128 1099 3178 6
1142 3126 1251 3178 τῶν
1284 3126 1421 3179 ὅλων
1458 3127 1591 3189 Θεὸς
1629 3128 1736 3179 τῶν
1778 3142 1953 3179 κατοι-

379 3218 702 3271 κούντωνΊε
712 3216 1012 3289 ρουσαλὴμ,
1043 3218 1139 3270 καὶ
1162 3217 1283 3287 οὐχὶ
1310 3217 1374 3288 δὴ
1413 3218 1610 3288 μᾶλλον
1636 3217 1746 3271 τῶν
1770 3234 1958 3283 παροι-

380 3307 622 3362 κούντων
646 3307 834 3380 αύτήν.
870 3307 978 3359 Καὶ
1008 3309 1209 3359 νοεῖται
1238 3307 1335 3376 μὲν
1371 3308 1815 3378 ὁμολογουμένως
1860 3308 1956 3360 Ἱε-

383 3398 668 3469 ρουσαλὴμ
693 3399 750 3450 ἐν
771 3397 979 3460 τούτοις
1007 3400 1040 3468 ἠ
1084 3397 1376 3469 Ἐκκλησία
1405 3399 1660 3469 Χριστοῦ.
1697 3399 1957 3469 Παροικεῖ

379 3489 440 3545 ἃ
467 3489 636 3560 αὐτὴν
659 3491 689 3541 6
719 3490 792 3558 μὴ
820 3488 939 3542 λίαν
965 3488 1234 3559 ἀσφαλὴς,
1265 3488 1655 3559 σεσαλευμένος
1684 3489 1740 3541 δὲ
1765 3488 1953 3559 ὥσπερ

384 3581 478 3632 καὶ
509 3579 865 3648 εὐπάροιστος
894 3577 1112 3649 κομιδῇ,
1146 3575 1282 3648 πρὸς
1308 3578 1369 3630 τὸ
1414 3577 1489 3649 μὴ
1537 3577 1661 3649 ἕχον
1681 3577 1879 3648 ὀρθῶς,
1918 3578 1953 3647 ἢ

383 3674 479 3723 καὶ
510 3670 686 3733 ἄλλως
713 3669 954 3741 ῥᾴθυμος
990 3667 1072 3732 ἑίς
1114 3668 1488 3739 φιλομάθειαν.
1517 3672 1779 3723 Κατοικεῖ
1803 3669 1862 3723 δὲ
1890 3664 1956 3723 αὖ

380 3763 411 3812 6
440 3758 706 3829 βεϐηκὼς,
757 3760 852 3812 καὶ
900 3759 1289 3830 ἐρηρεισμένος
1334 3760 1414 3822 εἰς
1454 3759 1676 3829 ἀγάπην
1714 3759 1814 3830 τὴν
1867 3759 1960 3811 ἐπὶ

382 3850 624 3921 Χριστῷ,
649 3851 744 3902 καὶ
764 3852 882 3913 ταῖς
907 3852 970 3902 ἐκ
990 3849 1097 3902 τῶν
1124 3849 1282 3903 θείων
1308 3849 1646 3919 μαθημάτων
1669 3848 1959 3917 ὠφελείαις

381 3942 472 3996 ἀεὶ
503 3940 915 4013 προσκείμενος,
950 3941 1088 3994 ὥστε
1117 3939 1376 3995 δύνασθαι
1424 3940 1603 4008 λέγειν
1639 3940 1727 3994 διὰ
1776 3940 1961 4010 φωνῆς

382 4032 478 4086 τοῦ
520 4032 715 4084 Δαϐίδ*
759 4051 779 4084 s
825 4034 912 4096 Ὣς
959 4032 1163 4100 γλυκὲα
1182 4031 1260 4102 τῷ
1287 4031 1524 4102 λάρυγγί
1567 4048 1670 4101 μου
1708 4030 1777 4085 τὰ
1808 4031 1961 4101 λόγιά

387 4130 518 4183 σουῑ
573 4129 715 4198 ὑπὲρ
765 4128 905 4197 μέλι,
950 4128 1045 4181 καὶ
1089 4127 1282 4197 κηρίον
1314 4127 1392 4196 τῷ
1436 4126 1664 4198 στόματί
1718 4144 1840 4197 μου.
1888 4156 1963 4168 -

398 4222 760 4291 ’Υπερασπιεί
805 4219 1005 4285 τοίνυν,
1055 4218 1210 4288 φησὶ,
1248 4217 1356 4271 τῶν
1400 4218 1820 4281 κατοικούντων,
1867 4217 1962 4271 καὶ

384 4316 540 4367 ἔσται
554 4316 583 4365 6
596 4310 836 4365 ἀσθενῶν
861 4312 918 4364 ἐν
931 4311 1113 4373 αὐτοῖς
1123 4310 1181 4362 ἐν
1196 4311 1263 4380 τῇ
1284 4310 1465 4381 ἡμέρᾳ
1492 4309 1696 4381 ἐκείνῃ,
1715 4308 1790 4371 ὡς
1814 4305 1961 4370 οἶκος

2047 524 2102 567 et
2134 516 2384 569 tributam
2416 520 2664 587 patribus
2714 517 2954 586 ipsorum
3005 511 3389 580 indulgentiam
3425 512 3618 566 obten-

2050 609 2257 662 dentes.
2288 609 2463 674 Quare
2492 608 2762 670 dicebant,
2800 620 2941 660 nunc
2972 603 3190 672 quidem
3216 619 3231 655 :
3268 622 3286 654 ι
3327 602 3479 667 Quod
3510 601 3614 670 igi-

2049 707 2138 751 tur
2166 698 2375 768 signum
2422 708 2475 752 tu
2522 696 2673 760 facis,
2726 707 2785 749 ut
2837 695 3134 758 videamus,
3186 700 3242 746 et
3287 691 3625 744 credamus?

2051 789 2182 857 quid
2200 789 2477 858 operaris?
2526 788 2713 843 Patres
2740 788 2906 842 nostri
2939 784 3289 839 comederunt
3324 796 3520 836 manna
3563 780 3619 834 in

2052 882 2286 947 deserto,
2310 882 2449 935 sicut
2485 881 2744 951 scriptum
2778 887 2884 942 est,
2935 877 3132 931 Panem
3165 875 3230 929 de
3257 873 3421 944 780
3480 872 3623 926 caelo

2053 972 2197 1027 dedit
2229 972 2307 1025 eis
2352 973 2674 1026 manducare
2706 972 2791 1037 ";
2838 988 2857 1021 ι
2900 984 3043 1023 nunc
3069 981 3197 1022 vero
3236 984 3251 1021 :
3286 984 3305 1017 ι
3342 964 3451 1019 Nos
3509 964 3619 1018 sci-

2054 1079 2172 1118 mus
2196 1064 2320 1132 quia
2356 1063 2488 1117 Mosi
2535 1064 2747 1117 locutus
2774 1070 2859 1117 est
2904 1060 3064 1125 Deus,
3096 1058 3241 1112 hunc
3291 1065 3471 1110 autem
3528 1068 3622 1109 ne-

2054 1155 2255 1209 scimus
2284 1154 2425 1210 unde
2446 1154 2514 1208 sit
2535 1154 2579 1185 ⁸ο
2594 1172 2639 1208 .t
2663 1152 2841 1221 inquit
2860 1152 3058 1222 igitur:
3080 1148 3265 1203 Faciet
3285 1147 3441 1202 vobis
3459 1144 3621 1200 mira-

2054 1248 2181 1302 bilia
2214 1248 2585 1303 universorum
2613 1248 2775 1313 Deus,
2804 1247 2904 1301 etsi
2975 1260 3083 1300 non
3129 1242 3438 1303 manifeste,
3488 1253 3622 1308 quo-

2055 1339 2213 1393 modo
2262 1338 2508 1392 videlicet
2545 1338 2696 1402 olim,
2748 1337 2840 1391 sed
2892 1345 3069 1391 tamen
3135 1349 3255 1405 qua:
3315 1330 3624 1387 intellectus

2056 1428 2255 1494 videat,
2281 1437 2335 1483 et
2357 1427 2436 1483 sic
2476 1442 2570 1481 vos
2605 1426 2837 1481 salvabit
2871 1426 2961 1495 qui
2989 1425 3123 1479 estis
3194 1424 3247 1475 itt
3291 1420 3408 1489 ejus
3442 1417 3625 1471 taber-

2057 1520 2284 1585 naculis,
2324 1534 2390 1574 ne
2422 1519 2718 1589 glorientur
2746 1528 2937 1574 contra
2980 1529 3077 1571 vos
3126 1513 3317 1575 Judaei,
3369 1511 3484 1565 sive
3530 1507 3623 1576 qui

2056 1630 2242 1671 eorum
2282 1611 2644 1684 gubernacula
2696 1618 2895 1665 tenent.
2931 1609 3075 1663 [dent
3134 1619 3370 1675 namque
3429 1601 3625 1672 opinor
3715 1658 3722 1664 ,

2058 1704 2361 1775 significare
2394 1721 2417 1754 ι
2444 1701 2818 1769 gloriationent
2844 1701 3036 1755 domus
3062 1696 3249 1752 David.
3292 1716 3313 1748 ι

2124 1964 2286 2019 Vens.
2308 1963 2361 2017 8.
2405 1961 2469 2015 Et
2493 1963 2592 2017 erit
2616 1962 2667 2014 in
2689 1960 2773 2014 die
2798 1959 2915 2024 illa,
2943 1965 3169 2026 proteget
3196 1953 3449 2008 Dominus
3472 1965 3627 2016 super

2054 2053 2331 2109 incolentes
2358 2051 2672 2106 Jerusalem.
2702 2048 2764 2102 Et
2784 2048 2882 2102 erit
2935 2046 3025 2117 qui
3090 2043 3392 2113 inﬁrmatur
3437 2040 3495 2093 in
3550 2039 3629 2090 eis

2052 2145 2143 2199 illa
2169 2145 2254 2198 die
2282 2154 2337 2197 ut
2365 2143 2552 2197 domus
2580 2140 2770 2203 David,
2794 2139 2980 2192 domus
3012 2143 3188 2189 autem
3220 2132 3408 2195 David,
3444 2137 3500 2182 ut
3531 2128 3628 2181 tto-

2051 2253 2167 2291 nms
2187 2235 2303 2300 Dei,
2330 2243 2384 2288 ut
2411 2232 2628 2304 angelus
2660 2229 2867 2285 Domini
2899 2228 2956 2281 in
2976 2235 3255 2295 conspectu
3288 2236 3489 2276 eorum.

2125 2406 2283 2463 XCII.
2321 2423 2341 2457 ι
2375 2403 2554 2459 Armis
2580 2402 2737 2458 bonae
2764 2400 3062 2456 voluntatis
3081 2412 3194 2455 sua:
3225 2402 3505 2452 coronavit
3528 2407 3629 2449 eos

2055 2502 2196 2556 Deus
2228 2508 2279 2555 et
2309 2499 2467 2553 Pater
2494 2495 2566 2552 ⁸⁸.
2597 2515 2616 2547 t
2654 2495 2810 2550 Dedit
2835 2494 2981 2549 enim
3014 2492 3170 2547 nobis
3216 2489 3413 2544 Filium
3465 2502 3628 2542 suum

2055 2591 2389 2647 defensorem
2433 2597 2487 2643 et
2529 2587 3079 2655 antesignanum,per
3126 2595 3284 2650 quem
3337 2589 3389 2634 et
3431 2578 3633 2632 salvati

2053 2695 2257 2746 sumus,
2313 2695 2376 2733 ex
2429 2678 2574 2732 omni
2617 2676 2913 2731 tentatioue
2965 2672 3121 2727 facile
3172 2677 3535 2738 emergentes,
3577 2676 3635 2721 et

2053 2789 2083 2827 a
2142 2771 2282 2827 bello
2332 2770 2524 2838 quovis
2580 2764 2806 2829 hostili,
2865 2772 2921 2817 et
2970 2777 2999 2816 a
3063 2759 3496 2832 persequentium
3545 2758 3630 2812 fu-

2056 2877 2176 2918 rore
2224 2874 2438 2930 semper
2493 2857 2696 2912 invicti.
2751 2855 2818 2911 Et
2870 2853 3051 2909 verbis
3097 2852 3310 2923 quidem
3381 2850 3630 2919 propasi-

2057 2954 2123 3008 tis
2176 2951 2279 3006 tale
2332 2948 2583 3019 quiddam
2637 2944 2923 3008 indicatur,
2957 2957 3077 3012 qua:
3124 2949 3304 2994 tamen
3334 2938 3498 2992 multa
3535 2938 3631 2992 oh.

2053 3043 2315 3098 scuritate
2368 3038 2606 3095 involuta
2660 3037 2865 3092 videas.
2917 3036 3007 3090 Ait
3048 3036 3217 3098 enim,
3250 3033 3630 3087 universorum

2055 3135 2224 3189 Deum
2275 3140 2648 3203 protecturum
2713 3126 3012 3184 incolentes
3048 3123 3376 3187 Jerusalem,
3423 3131 3477 3176 at
3526 3137 3630 3175 non

2057 3226 2234 3297 potius
2269 3224 2574 3279 accolentes
2610 3236 2750 3276 eam.
2806 3220 2871 3273 Et
2922 3218 3221 3274 Jerusalem
3275 3215 3489 3284 quidem
3532 3213 3634 3267 huc

2057 3319 2172 3373 loco
2217 3317 2335 3372 sine
2392 3315 2759 3369 controversia
2803 3311 3047 3367 Ecclesia
3109 3308 3321 3365 Christi
3378 3306 3632 3373 intelligi-

2060 3420 2165 3463 tur.
2194 3406 2401 3462 Accoh’t
2423 3414 2600 3459 autem
2633 3403 2778 3457 illaut
2837 3417 2942 3456 non
2995 3399 3153 3454 valde
3205 3406 3352 3452 tutus
3396 3407 3450 3451 et
3475 3410 3632 3450 secu-

2057 3515 2171 3563 rus,
2189 3498 2280 3553 scd
2300 3496 2453 3564 quasi
2482 3496 2714 3563 agitatus
2737 3491 3009 3554 ﬂuctibus,
3030 3499 3084 3543 et
3101 3489 3444 3543 vehementer
3464 3484 3632 3538 ιηυιιίς

2063 3592 2126 3647 lis
2150 3590 2214 3643 ad
2239 3587 2459 3650 malum,
2497 3595 2589 3639 aut
2619 3584 2821 3652 alioqui
2859 3582 3003 3635 iners
3053 3580 3120 3632 ad
3168 3576 3505 3632 discendum.
3546 3573 3631 3627 ln—

2059 3681 2188 3738 colit
2236 3679 2374 3734 ﬁxus
2412 3686 2465 3732 et
2502 3676 2748 3731 firmatus
2795 3674 2848 3728 in
2890 3671 3156 3727 charitate
3181 3682 3305 3738 erga
3333 3666 3631 3727 Christum,

2057 3781 2109 3827 et
2151 3768 2478 3825 utilitatibus
2535 3781 2603 3821 ex
2649 3765 2892 3819 doctrina
2954 3761 3134 3816 divina
3188 3755 3635 3828 promanantibus

2059 3877 2276 3931 semper
2319 3859 2565 3924 deditus,
2640 3865 2700 3909 ut
2766 3855 2951 3909 dicere
2995 3852 3161 3920 possit
3207 3865 3328 3904 cum
3386 3848 3585 3902 Davide
3613 3862 3632 3899 :

2066 3974 2086 4007 ι
2124 3954 2294 4022 Quam
2336 3951 2515 4004 dulcia
2579 3947 2827 4002 faucibus
2864 3943 3001 3998 meis
3028 3942 3238 4010 eloquia
3288 3941 3411 3994 tua!
3471 3953 3635 4007 super

2061 4047 2168 4102 mel
2192 4056 2244 4101 et
2282 4045 2463 4099 favum
2508 4041 2589 4096 ori
2639 4053 2759 4092 meo
2788 4038 2853 4090 ⁸⁸.
2893 4055 2911 4089 t
2941 4034 3119 4103 inquit
3149 4046 3281 4099 ergo
3315 4044 3329 4083 :
3368 4047 3387 4080 ι
3448 4029 3636 4082 Ρτοιο..

2063 4149 2152 4208 get
2183 4135 2502 4199 incolentes,
2523 4141 2578 4187 et
2609 4130 2716 4186 erit
2741 4130 3047 4183 inﬁrmatus
3088 4126 3228 4180 inter
3273 4124 3418 4192 ipsos
3467 4120 3521 4173 in
3547 4119 3637 4173 die

2064 4227 2153 4279 illa
2176 4227 2320 4280 sicut
2345 4224 2536 4278 domus
2577 4219 2765 4273 David.
2809 4237 2828 4270 ι
2873 4218 3099 4271 Domum
3151 4213 3317 4268 David
3362 4213 3449 4267 hic
3496 4209 3636 4279 apud

2062 4316 2276 4372 Iudaeos
2302 4311 2754 4369 honoratissimos
2784 4309 2964 4363 vocari
3004 4307 3317 4361 asserimns.
3372 4304 3447 4357 De
3496 4303 3636 4356 trihu

387 4403 567 4457 Δαϐίδ.
619 4421 637 4453 t
672 4403 783 4456 Καὶ
814 4398 962 4455 οἶκον
1006 4402 1103 4472 μὲν
1132 4400 1227 4454 τοῦ
1262 4392 1425 4453 Δαϐὶδ
1459 4402 1516 4453 ἐν
1567 4400 1799 4464 τούτοις,
1833 4400 1959 4462 τοὺς

2061 4409 2202 4464 enim
2228 4405 2364 4460 Juda
2387 4418 2453 4459 ex
2487 4402 2638 4456 Iesse
2694 4408 2748 4455 et
2805 4399 3002 4460 Davide
3025 4395 3313 4465 progeniti,
3342 4392 3637 4461 aliquando

388 4493 539 4562 παρὰ
568 4491 837 4555 Ἰουδαίοις
853 4492 1247 4561 ἐντιμωτάτους
1265 4491 1581 4562 ὠνομάσθαι
1603 4491 1796 4561 φαμέν.
1829 4490 1961 4544 Ἀπὸ

389 4585 497 4655 γάρ
533 4584 631 4654 τῆς
676 4583 844 4637 Ἰούδα
870 4583 1041 4655 φυλῆς
1070 4584 1132 4650 ἐξ
1177 4583 1394 4647 Ἰεσσαὶ,
1435 4583 1529 4637 καὶ
1570 4581 1735 4635 Δαϐιδ
1778 4581 1961 4635 ἐϐασί-

389 4679 544 4731 λευον
586 4677 726 4732 κατά
772 4676 995 4747 καιροὺς
1039 4677 1097 4728 ἐν
1146 4678 1259 4740 τοίς
1296 4675 1723 4746 ν’Ῐεροσολύμοις.
1777 4673 1963 4727 Ἀσθε-

391 4770 587 4823 νοῦντα
629 4770 687 4823 δέ
731 4786 898 4840 φησιν
953 4770 1015 4821 ἐκ
1063 4767 1169 4821 τῶν
1215 4767 1609 4821 κατοικούντων
1654 4766 1753 4836 τὴν
1800 4764 1962 4833 ἁγίαν

392 4861 566 4926 πόλιν,
596 4862 697 4931 τὴν
738 4861 934 4931 νοητὴν
972 4859 1347 4931 Ἰερουσαλὴμ,
1380 4859 1502 4930 ἥτις
1554 4858 1703 4910 ἐστὶν
1751 4859 1783 4927 ή
1841 4857 1962 4909 Ἐκ-

393 4952 611 5023 adnota,
652 4951 792 5021 τάχα
833 4967 935 5003 που
972 4943 1194 5003 τὸν’ἕτι
1240 4949 1665 5020 κατηχούμενον,
1715 4948 1770 5010 ὃς
1812 4946 1963 5000 οὔπω

396 5045 774 5111 βεϐάπτισται,
807 5044 954 5097 νοσεῖ
990 5043 1045 5096 δὲ
1077 5042 1265 5113 ὥσπερ
1318 5042 1396 5094 ἔτι
1440 5041 1517 5111 τῷ
1560 5042 1660 5111 τῆς
1694 5040 1964 5110 ἁμαρτίας

394 5136 599 5207 φορτίῳ
629 5136 1087 5205 κατηχθεσμένος,
1136 5134 1231 5187 καὶ
1258 5133 1367 5185 τῶν
1402 5132 1642 5203 ἀρχαίων
1685 5134 1965 5207 ἀρῤωστης

398 5202 602 5296 μάτων,
652 5202 817 5297 ἦγουν
868 5202 1054 5279 παθῶν
1098 5225 1198 5278 οὐκ
1234 5224 1594 5294 ἀπήλλακται.
1657 5202 1816 5276 Ἀλλά
1873 5202 1967 5276 καίι

394 5320 567 5382 οὕτως
607 5319 765 5388 ἔχων,
792 5319 873 5372 ὃτι
897 5317 959 5388 δὴ
996 5318 1154 5388 μόνον
1181 5316 1533 5381 πεπίστευκε,
1558 5315 1651 5369 καὶ
1679 5316 1777 5385 τῆς
1813 5332 1967 5384 νομι-

396 5412 500 5479 κῆς
531 5412 743 5485 ἀπέστη
775 5412 954 5474 σκιᾶς,
984 5410 1078 5463 καὶ
1112 5408 1448 5473 διανένευκεν
1474 5408 1606 5471 ὅλως
1645 5407 1737 5460 ἐπὶ
1764 5407 1825 5459 τὸ
1850 5406 1967 5459 ἐλέ-

399 5502 521 5557 σθαι
568 5500 807 5572 πληροῦν
849 5501 946 5573 τὴν
990 5503 1049 5554 ἐν
1080 5499 1349 5570 πνεύματι
1416 5497 1709 5563 πολιτείαν,
1748 5497 1967 5568 καὶτῆς

2067 4495 2455 4566 Hierosolymis
2487 4500 2805 4563 regnarunt.
2846 4490 3180 4544 lutlrtnatnm
3212 4495 3389 4538 autem
3432 4500 3495 4535 ex
3552 4482 3635 4534 in-

2066 4587 2366 4644 colentibus
2392 4591 2634 4639 sanctam
2662 4579 2956 4643 civitatem,
3005 4574 3419 4633 intellectualem
3472 4570 3634 4625 Jeru-

2066 4679 2254 4744 salem,
2284 4692 2404 4747 qua:
2450 4683 2536 4730 est
2580 4670 2843 4735 Ecclesia,
2883 4667 3131 4723 fortassis
3155 4666 3334 4720 adhuc
3368 4664 3633 4719 catechu—

2068 4787 2284 4828 menntn
2316 4769 2469 4834 dicit,
2511 4766 2602 4837 qui
2637 4779 2796 4821 sacro
2834 4762 2980 4817 fonte
3005 4761 3239 4816 nondum
3291 4757 3530 4822 ablutus,
3581 4764 3638 4810 et

2070 4862 2468 4932 quodammodo
2496 4859 2670 4913 adhuc
2698 4856 2903 4926 peccati
2945 4868 3110 4908 onere
3154 4860 3408 4921 gravatus
3462 4863 3637 4916 :egro-

2073 4964 2170 5018 tat,
2200 4953 2581 5021 veteribusque
2606 4949 2808 5004 morbis
2850 4947 2963 5002 sive
3000 4944 3228 4999 turbidis
3254 4941 3419 4995 animi
3446 4939 3638 4995 motio:-
3742 4983 3749 4988 .

2070 5047 2231 5101 nibus
2288 5044 2518 5099 necdum
2601 5050 2778 5096 vacat.
2822 5040 2928 5095 Sed
2974 5037 3223 5108 quamvis
3277 5036 3330 5089 in
3372 5036 3471 5087 hoc
3524 5040 3637 5084 sta-

2065 5147 2119 5190 ttt
2170 5151 2435 5199 versans,
2491 5133 2745 5202 queuiam
2805 5139 2986 5184 tamen
3051 5129 3277 5183 credidit
3330 5125 3635 5178 duntaxat.

2064 5229 2223 5298 781
2259 5235 2309 5282 et
2351 5222 2420 5278 ab
2446 5223 2635 5278 umbra
2664 5222 2798 5292 legis
2828 5221 3073 5284 recessit,
3107 5227 3160 5273 et
3183 5217 3391 5286 penitus
3418 5213 3483 5264 ad
3517 5210 3640 5264 vita:

2063 5317 2358 5388 Spiritualis
2392 5316 2698 5371 institutum
2726 5313 3104 5375 excolendum,
3136 5317 3190 5362 ct
3224 5308 3341 5358 vita:
3382 5304 3435 5357 in
3478 5301 3636 5356 Chri-

2063 5420 2148 5464 sto
2205 5409 2368 5463 decus
2420 5404 2755 5466 declinavit,
2814 5421 2833 5453 ι
2870 5402 3021 5464 Erit,
3070 5397 3280 5467 inquit,
3344 5402 3402 5447 ut
3448 5393 3641 5446 domus

2064 5497 2253 5563 David,
2290 5520 2307 5549 ι
2360 5497 2462 5551 hoc
2507 5505 2611 5558 est,
2659 5490 2787 5547 nulli
2836 5490 2975 5559 apud
3025 5486 3243 5543 Judaeos
3288 5482 3515 5554 sapienti
3586 5489 3643 5537 ct

465 5673 515 5709 ”
541 5676 699 5745 .loan.
723 5692 800 5744 vi,
833 5679 924 5734 '50.
996 5678 1043 5713 ‘°
1073 5678 1229 5735 Joan.
1259 5692 1332 5744 Ix,
1363 5676 1452 5735 29.
1531 5678 1573 5710 ⁸¹
1609 5676 1746 5733 l’sal.
1779 5691 1830 5743 v,
1858 5670 1943 5728 l3.
2015 5675 2060 5706 ⁸¹
2087 5672 2227 5729 Psal.
2257 5684 2447 5738 cxvm,
2479 5667 2599 5725 103.
