4042 6196
425 263 532 318 219
1415 261 1474 316 S.
1517 262 1792 317 CYlllLlJ
1839 262 2298 317 ALEXANDRINI
2338 262 2656 319 ARCHIEP.
3575 271 3680 327 220

3627 205 3662 241 ο

427 376 822 446 spectatissimo
850 376 1201 446 intelligentia
1235 377 1410 434 cedet.
1437 379 1710 446 Ejusmodi
1741 381 1994 450 quiddam

2103 383 2162 434 ὲν
2191 381 2410 451 Χριστῷ
2441 382 2586 452 ζωῆς
2611 381 2681 434 τὰ
2714 380 3026 452 αὐχήματα,
3069 399 3088 433 ι
3125 380 3338 449 Ἔσται,
3379 384 3564 453 φησὶν,
3605 387 3677 451 ὡς

426 480 480 524 et
509 469 938 538 sapientissimus
979 469 1192 534 Paulus,
1243 472 1467 540 populos
1495 471 1802 526 Iudaeorum
1860 472 1997 526 allo-

426 574 620 629 quens,
655 560 913 614 insinuat.
957 561 1048 614 Sic
1083 563 1224 616 enim
1257 563 1373 617 ait:
1413 582 1430 614 ι
1465 563 1597 618 Cum
1627 564 1769 618 enim
1812 573 1998 633 gentes

427 665 546 718 quze
591 649 758 720 legem
815 665 919 702 non
960 650 1179 716 habent,
1231 652 1551 706 naturaliter
1591 667 1654 706 ea
1701 669 1820 722 quae
1865 653 1997 721 legis

424 751 550 794 sunt
574 737 799 804 faciunt,
833 739 1002 808 legem
1033 755 1136 792 non
1172 741 1451 801 habentes.
1486 741 1588 810 ipsi
1613 741 1714 796 sibi
1744 751 1869 796 sunt
1891 741 1993 805 lex,

425 829 513 897 qui
577 829 866 882 ostendunt
915 843 1050 895 Opus
1098 829 1231 898 legis
1293 832 1557 899 scriptum
1627 831 1682 883 in
1743 832 1997 885 cordibus

425 920 536 972 suis
559 919 624 970 ⁸³.
658 937 674 968 ι
705 917 767 970 Et
801 919 993 972 iterum
1023 935 1037 972 :
1073 936 1092 969 ί
1132 918 1486 973 Circumcisio
1516 918 1730 986 quidem
1758 921 1993 988 prodest,

426 1011 470 1064 si
502 1009 668 1078 legem
697 1009 956 1064 observes
989 1027 1001 1062 :
1036 1009 1081 1063 si
1112 1019 1288 1064 autem
1319 1011 1708 1080 praevaricator
1732 1010 1865 1080 legis
1897 1012 1994 1076 sis,

426 1099 767 1154 circumcisio
793 1109 880 1153 tua
911 1101 1234 1170 praeputium
1273 1099 1415 1154 facta
1452 1108 1554 1156 est.
1585 1100 1639 1153 Si
1669 1099 1832 1170 igitur
1860 1115 1997 1169 prae—

429 1192 631 1259 putium
671 1192 912 1259 justitias
957 1192 1091 1262 legis
1140 1193 1430 1256 custodiat,
1470 1207 1647 1246 nonne
1677 1191 2023 1266 pra‘putium.

428 1281 568 1335 illius
601 1281 652 1335 in
699 1281 1165 1336 circumcisionem
1220 1281 1595 1350 reputabitur?
1629 1290 1683 1336 et
1712 1281 1992 1352 iudicabit,

425 1370 478 1422 id
504 1370 646 1438 quod
676 1386 742 1424 ex
783 1381 972 1423 natura
1023 1380 1105 1422 est
1135 1371 1481 1439 prwputium,
1527 1372 1696 1441 legem
1742 1386 1996 1426 consum-

427 1476 601 1528 mans,
653 1475 774 1514 eum
828 1461 917 1530 qui
977 1476 1070 1528 per
1113 1454 1349 1514 litteram
1431 1471 1486 1515 et
1531 1460 1992 1533 circumcisioncm

427 1552 810 1618 praevaricator
847 1551 980 1620 legis
1015 1550 1134 1605 est?
1163 1549 1276 1605 Non
1306 1551 1449 1605 enim
1477 1551 1566 1620 qui
1595 1552 1646 1604 in
1686 1551 1972 1605 manifesto

423 1638 639 1696 Judqu
691 1651 790 1707 est,
833 1656 1007 1711 neque
1066 1656 1188 1711 qua:
1236 1642 1289 1694 in
1337 1641 1643 1705 manifesto,
1706 1643 1756 1694 in
1808 1657 1994 1705 carne,

2099 474 2127 524 ὁ
2174 467 2319 534 οἶκος
2365 473 2548 535 Δαϐὶδ,
2593 491 2610 524 ι
2652 472 2901 526 τουτέστι.
2946 474 3065 527 κατ’
3119 473 3272 526 οὐδὲν
3322 473 3562 530 ἐλάττων
3601 481 3679 542 εἰς

2102 564 2315 616 σύνεσιν
2342 563 2436 616 τοῦ
2467 564 2630 632 σοφοῦ
2661 581 2721 617 τε
2757 565 2854 618 καὶ
2907 564 3258 635 ὲντιμοτάτου
3296 567 3448 636 παρά
3477 585 3539 635 γε
3569 572 3681 632 τοῖς

2110 654 2399 717 Ἰουδαίοις.
2430 654 2831 708 ’Υπαινίττεταί
2850 674 2900 708 τι
2929 657 3166 710 τοιοῦτον
3194 657 3287 710 καὶ
3316 659 3344 710 ὁ
3365 658 3679 727 σοφώτατος

2099 743 2330 808 Παῦλος,
2351 745 2461 808 τοῖς
2504 745 2770 797 Ἰουδαίων
2795 745 2985 814 δήμοις
3019 746 3354 815 προσλαλῶν.
3390 749 3532 819 Ἔφη
3567 750 3676 819 γὰρ

2098 832 2271 897 οὕτως
2291 849 2305 864 ·
2338 853 2354 885 ι
2399 835 2567 887 Ὅταν
2609 834 2716 905 γὰρ
2741 834 2865 904 ἔθνη
2899 834 2965 888 τὰ
2993 837 3067 906 μὴ
3106 837 3268 905 νόμον
3298 837 3486 907 ἔχοντα
3511 839 3675 906 φύσει

2097 924 2164 976 τὰ
2202 923 2296 978 τοῦ
2331 926 2495 995 νόμου
2540 929 2688 996 ποιῇ,
2729 920 2872 980 οὗτοι
2905 925 3066 994 νόμον
3100 927 3174 997 μὴ
3209 927 3422 997 ἔχοντες
3461 931 3674 993 ἑαυτοῖς

2098 1015 2202 1068 είσι
2221 1015 2401 1085 νόμος,
2431 1017 2625 1079 οἵτινες
2683 1017 3053 1070 ὲκδείκνυνται
3088 1018 3148 1071 τὸ
3181 1019 3341 1089 ἔργον
3370 1020 3465 1074 τοῦ
3507 1025 3673 1091 νόμου

2097 1100 2340 1172 γραπτὸν
2363 1103 2420 1156 ὲν
2450 1106 2568 1167 ταῖς
2597 1103 2842 1174 καρδίαις
2873 1104 3071 1158 αὐτῶν.
3103 1125 3122 1157 ι
3160 1108 3267 1161 Καὶ
3293 1109 3452 1164 πάλιν
3473 1126 3486 1139 ·
3521 1130 3540 1162 ι
3575 1114 3674 1164 Ile-

2099 1188 2291 1258 ριτομὴ
2333 1190 2431 1260 μὲν
2469 1190 2575 1261 γὰρ
2603 1191 2818 1260 ὠφελεῖ,
2852 1193 2950 1245 ἐὰν
2978 1194 3142 1263 νόμον
3174 1203 3455 1270 πράσσῃςο
3488 1200 3581 1252 ἐὰν
3615 1202 3672 1254 δὲ

2097 1279 2417 1350 παραϐάτης
2455 1281 2618 1349 νόμου
2653 1276 2740 1353 ᾗς,
2789 1284 2823 1352 ἡ
2872 1286 3137 1354 περιτομή
3200 1303 3293 1339 σου
3338 1288 3671 1357 ἀκροϐυστία

2095 1369 2335 1437 γέγονεν.
2380 1370 2502 1422 Ἐὰν
2531 1365 2678 1440 οὖνὴ
2717 1372 3054 1442 ἀκροϐυστία
3081 1374 3150 1426 τὰ
3189 1375 3531 1445 δικαιώματα
3575 1380 3671 1433 τοῦ

2096 1457 2259 1526 νόμου
2297 1457 2563 1530 φυλάσσῃ,
2596 1460 2691 1529 οὐχ
2717 1462 2750 1530 ή
2787 1461 3118 1530 ἀκροϐυστία
3159 1464 3322 1517 αὐτοῦ
3352 1467 3432 1527 είς
3463 1484 3675 1538 περιτο-

2098 1547 2203 1617 μὴν
2247 1548 2658 1619 λογισθήσεταις
2704 1550 2798 1604 καὶ
2840 1555 3012 1622 κρινεῖ
3053 1555 3087 1622 ἡ
3131 1554 3194 1606 ἐκ
3246 1554 3462 1622 φύσεως
3502 1559 3670 1628 ἀκρο-
3735 1591 3752 1604 ς.

2097 1638 2288 1691 ϐυστία
2316 1639 2407 1695 τὸν
2448 1641 2616 1710 νόμον
2648 1641 2896 1708 τελοῦσα,
2945 1645 3036 1698 τὸν
3065 1645 3150 1698 διὰ
3195 1645 3539 1716 γράμματος,
3574 1652 3671 1704 καὶ

425 1731 766 1786 circumcisio
809 1741 890 1786 est
923 1755 933 1785 ;
961 1732 1053 1785 sed
1091 1732 1179 1798 qui
1207 1732 1258 1783 in
1304 1731 1621 1784 abscondito
1649 1731 1862 1786 .ludaeus
1889 1743 1994 1794 est,

2100 1730 2397 1800 περιτομῆς
2440 1733 2763 1804 παραϐάτην
2799 1735 2995 1804 νόμςυ;
3042 1737 3116 1789 Οὐ
3154 1736 3262 1807 γὰρ
3455 1740 3531 1810 τῷ
3565 1758 3662 1808 φα-

424 1830 478 1874 ct
517 1821 858 1876 circumcisio
893 1822 1071 1875 cordis
1119 1823 1170 1874 in
1216 1821 1429 1889 spiritu,
1462 1836 1566 1873 non
1610 1820 1808 1883 littera,
1841 1822 1996 1888 cujus

426 1914 540 1967 laus
569 1928 673 1967 non
703 1928 770 1967 ex
803 1911 1132 1976 hominibus,
1163 1912 1255 1966 sed
1282 1925 1348 1964 ex
1379 1911 1484 1967 Deo
1505 1911 1573 1966 ⁸⁵.
1616 1931 1634 1963 ι
1672 1910 1797 1982 [Qui
1834 1912 1996 1981 igitur

423 2002 894 2056 circumeisioncm
940 2001 991 2056 in
1031 2017 1198 2056 carne
1251 2011 1310 2056 ut
1345 2000 1643 2056 obsoletam
1717 2009 1996 2055 aversatus

422 2093 751 2160 spiritualem
781 2093 958 2162 potius
976 2091 1200 2158 amabit,
1227 2101 1279 2147 et
1303 2090 1542 2146 Judazum
1567 2092 1656 2160 qui
1696 2093 1747 2145 in
1784 2093 1997 2146 occulto

420 2180 895 2244 est,eircumferet,
935 2198 953 2231 ι
984 2180 1140 2249 cujus
1179 2181 1294 2234 laus
1320 2188 1403 2233 est
1435 2195 1538 2233 non
1563 2195 1627 2234 ex
1664 2180 1992 2242 hominibus,

422 2271 514 2326 sed
544 2285 607 2324 cx
640 2272 768 2334 Deo,
801 2270 931 2341 »(Ι)]
957 2271 1222 2338 quomodo
1255 2285 1357 2323 non
1385 2279 1623 2338 prmstal,
1657 2287 1777 2323 cum
1803 2271 1996 2324 virtute

421 2363 552 2430 legis
594 2361 802 2426 doctos,
843 2372 898 2417 et
948 2362 1039 2432 qui
1095 2363 1239 2416 inter
1279 2361 1496 2416 Judaeos
1544 2363 1826 2432 praecipua:
1871 2375 1997 2417 sunt

419 2454 858 2516 existimationis,
906 2453 1267 2523 superaverit,
1298 2454 1547 2523 quamvis
1582 2453 1815 2508 fortasse
1847 2455 1995 2506 inlir-

421 2546 623 2600 mitatis
665 2546 940 2614 reliquias,
989 2555 1047 2600 ut
1103 2546 1338 2599 nondum
1389 2545 1720 2614 baptizatus,
1766 2545 1994 2598 habeat?

421 2635 577 2690 Parte
616 2637 761 2690 enim
807 2637 988 2690 cordis
1017 2637 1098 2690 sui
1135 2651 1288 2700 sana,
1340 2637 1440 2690 hoc
1477 2646 1562 2689 est
1607 2636 1732 2703 (ide,
1783 2635 1996 2690 differet

423 2727 607 2795 utique
637 2727 705 2781 ab
740 2743 825 2791 eo,
855 2728 946 2796 qui
978 2727 1135 2782 ﬁdem
1169 2726 1436 2796 repudiat.
1469 2727 1620 2792 Quod
1652 2727 1694 2780 si
1727 2727 1992 2795 quispiam

424 2818 490 2871 de
518 2818 677 2872 domo
707 2819 892 2884 David,
945 2819 1047 2872 hoc
1077 2829 1182 2882 εει,
1233 2818 1298 2872 de
1327 2817 1627 2872 illustribus
1678 2826 1732 2872 et
1769 2819 1998 2874 honora-

425 2909 646 2963 tissimis
675 2911 814 2976 apud
853 2909 1000 2978 ipsos
1045 2909 1200 2964 [idem
1243 2909 1564 2978 susceperit,
1596 2917 1650 2963 et
1681 2909 1991 2980 mysterium

2095 1819 2235 1888 νερῷ
2272 1819 2541 1885 Ἰουδαῖος,
2571 1823 2690 1876 οὐδὲ
2724 1826 2755 1894 ἡ
2785 1826 2841 1876 ἐν
2879 1825 2954 1893 τῷ
2985 1827 3202 1895 φανερῷ
3238 1829 3295 1880 ὲν
3325 1830 3488 1899 σαρκὶ
3517 1847 3670 1900 περι.

2095 1908 2252 1978 τομὴ,
2267 1910 2419 1963 ἁλλ’ὁ
2437 1912 2494 1967 ὲν
2511 1911 2589 1982 τῷ
2607 1913 2833 1984 κρυπτῷ
2861 1915 3126 1978 Ἰουδαῖος,
3143 1919 3236 1969 καὶ
3253 1920 3517 1988 περιτομὴ
3536 1937 3669 1991 καρ-

2095 1999 2210 2062 δίας
2242 2001 2298 2053 ἐν
2333 2001 2624 2072 πνεύματι,
2651 2005 2711 2056 οὐ
2745 2006 3051 2074 γράμματι,
3083 2000 3144 2058 οὗ
3174 2010 3201 2060 ὁ
3233 2007 3452 2071 ἔπαινος
3481 2010 3578 2062 οὐκ
3611 2011 3671 2077 ἐξ

2095 2087 2417 2158 ἀνθρώπων,
2450 2090 2562 2142 ἀλλ’
2594 2092 2656 2142 ἐκ
2695 2092 2848 2145 Θεοῦ.
2889 2113 2906 2142 ι
2950 2094 3069 2155 Πῶς
3106 2094 3203 2146 οὑκ
3247 2097 3504 2164 ἀμείνων,
3549 2101 3667 2151 κατ’

2096 2179 2294 2249 ἀρετὴν
2330 2181 2638 2250 ἡττώμενος
2670 2184 2776 2235 τῶν
2803 2186 3145 2253 νομομαθῶν,
3180 2189 3271 2240 καὶ
3305 2191 3668 2258 ἐντιμοτάτων

2098 2267 2247 2337 παρὰ
2298 2269 2587 2332 Ἰουδαίοις,
2623 2270 2722 2322 κᾶν
2756 2274 2803 2324 εἰ
2835 2272 2946 2341 ἔχοι
2975 2274 3134 2343 τυχὸν
3167 2277 3448 2341 ἀσθενείας
3480 2279 3668 2349 λείψα-

2095 2375 2204 2420 νον,
2255 2357 2330 2418 ὼς
2380 2357 2532 2412 οῦπω
2583 2361 3050 2433 βεϐαπτισμένος;
3102 2367 3191 2436 Τῷ
3225 2368 3332 2437 γὰρ
3373 2370 3668 2438 ὑγιαίνοντι

2099 2448 2256 2519 μέρει
2299 2450 2400 2520 τῆς
2479 2451 2670 2504 ἑαυτοῦ
2724 2455 2947 2524 καρδίας
2967 2495 2984 2526 ,ι
3035 2459 3280 2511 τουτέστι
3339 2463 3406 2530 τῇ
3465 2462 3667 2527 πίστει,

2095 2538 2281 2591 διοίσει
2312 2541 2525 2604 πάντως
2556 2542 2648 2594 τοῦ
2682 2544 2778 2614 τὴν
2812 2545 2994 2599 πίστιν
3016 2548 3075 2598 ού
3102 2551 3481 2618 προσιεμένου.
3519 2553 3580 2605 Et
3608 2551 3669 2605 δὲ

2095 2626 2158 2695 δὴ
2193 2626 2298 2678 τῶν
2342 2629 2406 2680 ὲκ
2433 2629 2528 2682 τοῦ
2569 2631 2720 2684 οἴκου
2754 2633 2940 2700 Δαϐὶδ,
2970 2638 3216 2690 τουτέστι
3268 2640 3378 2691 τῶν
3409 2642 3536 2710 παρ’
3570 2643 3668 2695 αὑ·-

2095 2722 2208 2780 τοῖς
2254 2720 2544 2790 λαμπρῶν,
2600 2723 2694 2776 καὶ
2743 2727 3110 2796 ἐντιμοτάτων
3168 2732 3530 2800 παραδέξαιτό
3581 2749 3666 2797 τις

2094 2811 2193 2882 τὴν
2226 2813 2421 2876 πίστιν,
2451 2814 2543 2867 καὶ
2586 2817 2663 2878 είς
2693 2815 2906 2871 σύνεσιν
2945 2813 3004 2870 εὖ
3038 2819 3182 2887 μάλα
3213 2821 3274 2872 τὸ
3301 2823 3534 2893 Χριστοῦ
3567 2841 3668 2892 μυ‹

2097 2905 2316 2974 στήριον
2373 2905 2520 2976 αὐτῷ
2573 2907 2812 2974 γένοιτο,
2867 2910 3236 2981 προσκυνητδς
3295 2905 3448 2975 οὗτος
3493 2913 3664 2975 ἔσται,

422 2998 623 3053 Christi
660 2999 962 3053 rectissime
995 2999 1339 3061 intellexerit,
1380 3000 1466 3053 hic
1492 3001 1595 3053 erit
1629 3000 1988 3062 venerandus,

2101 3013 2118 3044 ι
2167 2997 2260 3047 καὶ
2285 2990 2430 3059 οἶκος
2471 2997 2624 3060 Θεοῦ,
2673 2999 2766 3051 καὶ
2806 2998 2880 3061 ὡς
2915 3000 3142 3068 ἄγγελος
3190 3003 3395 3073 Κυρίου
3437 3005 3670 3058 ἐνώπιον

426 3109 445 3142 ι
476 3100 530 3145 et
564 3091 752 3145 domus
779 3091 894 3155 Dei,
927 3100 982 3145 et
1018 3100 1074 3143 ut
1114 3091 1336 3161 angelus
1377 3091 1586 3145 Domini
1617 3090 1672 3144 in
1696 3100 1990 3160 conspectu

421 3197 682 3236 COI‘tllll.l
740 3182 928 3236 Simile
969 3183 1222 3252 quiddam
1281 3192 1336 3237 et
1397 3181 1734 3236 Salvatorem
1787 3183 1990 3238 dixisse

425 3281 607 3326 notum
651 3281 730 3327 est
780 3273 896 3338 ;ait
944 3273 1087 3326 enim
1123 3291 1136 3326 :
1180 3291 1198 3322 ι
1229 3271 1419 3327 Omnis
1459 3273 1637 3327 scriba
1691 3273 1881 3327 doetus
1941 3273 1992 3327 in

425 3379 589 3434 regno
619 3363 879 3418 caalorum
917 3364 1108 3418 similis
1156 3373 1239 3418 est
1269 3363 1472 3418 homini
1507 3363 1880 3432 patrifamilias
1902 3365 1991 3433 qui

426 3455 632 3524 profert
674 3454 740 3510 de
772 3456 1023 3510 thesauro
1063 3470 1161 3509 suo
1211 3470 1346 3509 nova
1420 3464 1480 3510 et
1528 3455 1790 3510 vetera”.
1821 3473 1840 3507 ι
1890 3455 1990 3522 Qui

425 3551 570 3604 enim
618 3550 981 3619 cognitionem
1040 3547 1170 3617 legis
1230 3548 1281 3600 in
1339 3547 1518 3618 seipso
1571 3555 1627 3600 ut
1680 3547 1990 3603 thesaurum

424 3640 707 3693 collectum
748 3639 931 3702 habet,
981 3638 1026 3690 si
1069 3636 1438 3705 evangelicam
1473 3635 1799 3705 adjunxerit,
1843 3639 1994 3694 dives

425 3732 641 3798 quidam
693 3729 1050 3796 intelligentia
1086 3730 1212 3795 erit,
1265 3745 1403 3801 nova
1451 3738 1728 3785 etvetera
1782 3731 1995 3784 theore-

427 3829 594 3885 mata,
629 3833 723 3873 seu
768 3833 854 3873 res
896 3817 1326 3872 consideratione
1365 3818 1556 3886 dignas
1601 3820 1837 3874 discendi
1877 3830 1992 3874 stu-

425 3911 594 3966 diosis
631 3921 884 3980 tanquam
922 3926 990 3965 ex
1023 3911 1324 3980 apothecis,
1355 3923 1449 3964 seu
1496 3910 1830 3977 repositoriis
1872 3925 1994 3979 pro-

427 4014 629 4069 ponens
665 4017 678 4053 :
717 3999 894 4068 qualis
935 4010 1053 4055 erat
1082 4000 1292 4053 divinus
1318 3997 1535 4062 Paulus,
1581 3999 1739 4052 modo
1767 4014 1830 4052 ex
1878 3999 1994 4067 lege

425 4090 606 4160 petitis
641 4090 1045 4160 probationibus
1085 4105 1388 4145 sermonem
1436 4090 1502 4144 de
1539 4088 1754 4143 Christo
1797 4090 1996 4144 contir-

427 4194 575 4233 marc
617 4179 860 4242 enitens,
897 4178 1056 4232 modo
1087 4179 1250 4232 etiam
1301 4178 1545 4234 doctrina
1591 4191 1788 4232 arcana
1830 4193 1991 4248 supra

428 4271 596 4338 legem
620 4269 896 4324 audientes
919 4270 983 4323 ad
1013 4269 1349 4324 voluntatem
1380 4270 1431 4323 in
1465 4269 1580 4338 ejus
1603 4269 1705 4324 lidc
1729 4269 1989 4339 gloriandi

2094 3086 2291 3141 αὐτῶν.
2331 3106 2349 3136 ι
2388 3087 2634 3141 Τοιοῦτόν
2675 3107 2728 3143 τι
2758 3091 2851 3143 καὶ
2880 3091 3038 3154 αὐτὸς
3067 3092 3094 3142 ὁ
3135 3092 3321 3162 Σωτὴρ
3353 3093 3666 3162 εὑρίσκεται

2093 3176 2263 3244 λέγων
2282 3195 2294 3207 ·
2322 3178 2425 3248 ἔφη
2453 3179 2580 3249 γὰρ,
2603 3181 2684 3233 ὅτι
2715 3198 2732 3232 ι
2771 3183 2884 3244 Πᾶς
2910 3182 3272 3251 Γραμματεὺς
3306 3182 3668 3252 μαθητευθεὶς

2093 3270 2150 3322 ἐν
2179 3272 2243 3339 τῇ
2275 3268 2518 3340 βασιλείᾳ
2546 3271 2653 3322 τῶν
2693 3272 2954 3342 οὐρανῶν,
2991 3274 3174 3342 ὅμοιός
3210 3275 3357 3325 ἐστιν
3397 3274 3669 3344 ἀνθρώπῳ

2093 3360 2460 3432 οἰκοδεσπότῃ,
2522 3363 2674 3424 ὅστις
2695 3362 2950 3417 ἐκϐάλλει
2979 3365 3044 3417 ὲκ
3073 3363 3166 3418 τοῦ
3198 3364 3473 3434 θησαυροῦ
3503 3367 3670 3422 αὐτοῦ

2093 3450 2254 3502 καινά
2281 3452 2374 3502 καὶ
2400 3451 2622 3504 παλαιά.
2655 3470 2672 3503 ι
2723 3452 2780 3505 Ὀ
2815 3453 2924 3524 γὰρ
2950 3454 3088 3524 ἔχων
3118 3456 3217 3526 ἢδη
3246 3457 3680 3526 τεθησαυρισμέ-.

2092 3558 2188 3610 νην
2233 3544 2289 3594 ἐν
2329 3542 2505 3610 ἐαυτῷ
2537 3543 2634 3612 τὴν
2663 3543 2755 3595 τοῦ
2801 3543 2965 3613 νόμου
3011 3545 3230 3613 γνῶσιν,
3276 3547 3326 3598 εἰ
3371 3547 3668 3617 προσλάϐοι

2093 3632 2190 3701 τὴν
2238 3631 2621 3703 εύαγγελικὴν,
2659 3633 2911 3697 πλούσιος
2966 3634 3118 3688 ἔσται
3169 3653 3252 3698 τις
3300 3637 3378 3699 είς
3432 3636 3665 3702 σύνεσιν,

2096 3724 2258 3776 καινά
2286 3741 2342 3775 τε
2367 3724 2461 3777 καὶ
2517 3724 2723 3778 παλαιά
2766 3723 3115 3795 θεωρήματα,
3164 3726 3412 3796 καθάπερ
3440 3728 3497 3792 ἐξ
3527 3727 3665 3779 ἀπο-

2094 3807 2412 3882 θηκῶν,τοίς
2442 3812 2762 3883 φιλομαθέσι
2825 3815 3180 3885 παρατιθείς·
3242 3817 3430 3880 ὁποῖός
3473 3833 3556 3878 τις
3599 3813 3668 3886 ἦν

2092 3901 2120 3952 ὁ
2150 3901 2435 3964 θεσπέσιος
2478 3901 2710 3966 Παῦλος,
2760 3904 2888 3956 ποτὲ
2934 3903 3032 3972 μὲν
3075 3907 3326 3974 νομικαῖς
3357 3905 3676 3968 ἀποδείξεσι-

2092 3992 2182 4045 τὸν
2215 3994 2342 4063 περὶ
2383 3993 2618 4062 Χριστοῦ
2653 3994 2809 4062 λόγον
2855 3995 3120 4065 ἐμπεδοῦν
3165 3996 3488 4066 ἐπιχειρῶν·
3535 3997 3668 4050 ποτὲ

2093 4083 2146 4135 δὲ
2191 4084 2282 4136 καὶ
2328 4087 2448 4146 ταῖς
2496 4084 2635 4155 ὑπὲρ
2681 4086 2844 4156 νόμον
2885 4090 3291 4157 μυσταγωγίαις
3331 4088 3669 4141 συνελαύνων

2091 4175 2289 4246 τρόπον
2323 4176 2446 4230 τινὰ
2487 4179 2612 4240 τοὺς
2643 4178 3022 4249 ἀκροωμένους
3054 4180 3133 4243 εἰς
3161 4196 3225 4248 γε
3258 4180 3316 4232 τὸ
3349 4179 3565 4233 ἑλέσθαι
3599 4183 3666 4250 τῇ

2093 4267 2171 4329 εἰς
2219 4266 2381 4320 αὐτὸν
2428 4266 2606 4320 πίστει
2635 4267 3154 4338 κατασεμνύνεσθαι.
3208 4269 3344 4322 Ποτὲ
3399 4269 3497 4339 μὲν
3558 4270 3668 4338 γὰρ

426 4359 770 4427 compellens.
816 4359 1119 4428 Aliquando
1163 4359 1428 4429 siquidem
1475 4359 1689 4414 dicebat
1722 4377 1734 4413 :
1770 4377 1788 4410 t
1825 4359 1992 4413 Dicite

2096 4358 2299 4426 ἔφασκε
2322 4375 2333 4387 ·
2374 4377 2391 4410 ι
2428 4357 2627 4432 Λέγετέ
2661 4375 2771 4428 μοι,
2801 4358 2850 4409 oi.
2880 4357 2983 4410 ὑπὸ
3012 4358 3174 4424 νόμον
3215 4357 3460 4420 θέλοντες
3500 4352 3662 4423 εἶναι,

432 4451 584 4515 tuihi,
619 4451 705 4518 qui
731 4451 830 4506 sub
858 4452 973 4522 lege
1015 4465 1136 4506 esse
1163 4451 1356 4506 vultis:
1391 4450 1588 4521 Legem
1622 4467 1726 4504 non
1756 4451 1995 4504 auditis?

432 4541 592 4610 782
623 4540 891 4610 Scriptum
934 4549 1019 4596 est
1053 4544 1216 4606 enim,
1259 4540 1511 4609 quoniam
1555 4539 1826 4592 Abraham
1863 4540 1996 4593 duos

430 4633 566 4686 lilios
598 4634 802 4698 habuit,
830 4650 993 4687 unum
1022 4634 1087 4686 de
1114 4633 1329 4696 ancilla,
1359 4641 1411 4686 et
1435 4646 1596 4684 unum
1621 4629 1685 4682 de
1708 4629 1873 4682 libera
1901 4646 1996 4700 per

432 4726 936 4788 repromissiouem,
989 4740 1104 4793 qum
1148 4736 1274 4779 sunt
1325 4740 1419 4793 per
1465 4720 1774 4791 allegoriam
1827 4719 1991 4776 dicta.

431 4811 555 4866 llazc
591 4814 734 4866 enim
782 4825 909 4868 sunt
953 4814 1058 4867 duo
1093 4821 1433 4875 testamenta,
1491 4826 1651 4864 unum
1698 4809 1911 4877 quidem
1964 4826 1993 4862 a

432 4908 613 4957 monte
639 4901 791 4967 Sina,
825 4901 876 4954 in
908 4901 1221 4956 servitutem
1251 4914 1531 4970 generatis,
1559 4915 1678 4970 qua:
1699 4910 1780 4953 est
1817 4900 1995 4968 Agar;

2098 4450 2189 4501 τὸν
2214 4450 2378 4519 νόμον
2402 4448 2624 4502 ἀκούετε
2647 4465 2661 4514 ;
2691 4447 3001 4517 Γέγραπται
3026 4447 3152 4518 γὰρ,
3177 4448 3254 4500 ὅτι
3301 4447 3548 4516 Ἀϐραὰμ
3572 4447 3665 4499 δύο

2099 4538 2248 4600 υἱοὺς
2295 4537 2470 4608 ἔσχεν,
2506 4537 2600 4590 ἕνα
2632 4539 2694 4588 ἐκ
2721 4539 2818 4606 τῆς
2863 4535 3170 4604 παιδίσκης,
3202 4535 3294 4587 καὶ
3325 4535 3419 4587 ἕνα
3463 4536 3526 4586 ἐκ
3568 4535 3668 4604 τῆς

2101 4630 2388 4700 ἐλευθέρας
2428 4629 2493 4681 δι’
2556 4627 2905 4696 ἐπαγγελίας,
2955 4629 3114 4682 arma
3159 4629 3303 4680 ἐστιν
3342 4626 3672 4696 ἀλληγορού-

2104 4736 2259 4789 μενα,
2306 4713 2475 4770 Αῦται
2527 4717 2630 4787 γάρ
2675 4716 2780 4769 εἰσι
2811 4715 2902 4769 δύο
2949 4715 3222 4786 διαθῆκαι,
3277 4715 3375 4785 μία
3425 4715 3522 4783 μὲν
3574 4714 3670 4765 ἀπ’

2100 4809 2259 4879 ὅρους
2285 4809 2433 4870 Σινᾶ,
2465 4808 2544 4869 είς
2573 4805 2818 4860 δουλείαν
2847 4807 3110 4876 γεννῶσα,
3143 4807 3262 4877 ἥτις
3294 4804 3438 4857 ἐστὶν
3468 4804 3668 4871 Ἀγαρ·

2101 4899 2160 4952 τὸ
2186 4899 2294 4966 γὰρ
2329 4897 2528 4968 Ἀγαρ,
2562 4898 2684 4968 ὅρος
2716 4897 2863 4950 ἐστὶν
2909 4898 2976 4951 ὲν
3009 4900 3074 4968 τῇ
3119 4897 3363 4967 Ἀραϐἷᾳ,
3402 4896 3675 4963 συστοιχεί

431 4992 574 5060 Agar
612 4991 755 5045 enim
783 5006 939 5044 mons
981 4992 1145 5045 estin
1191 4991 1413 5056 Arabia,
1449 4992 1537 5059 qui
1573 4989 1888 5058 conjunctus
1916 4999 1996 5043 est

2096 4991 2150 5044 δὲ
2189 4991 2254 5059 τῇ
2289 4987 2381 5040 νῦν
2421 4988 2791 5059 Ἰερουσαλήμ’
2827 4988 3067 5042 δουλεύει
3100 4987 3209 5058 γὰρ
3256 4987 3392 5058 μετὰ
3437 4988 3543 5039 τῶν
3583 4985 3673 5038 τέ-

431 5086 479 5138 ci
513 5099 629 5153 qum
661 5097 800 5136 nunc
829 5091 911 5138 est
933 5081 1256 5145 Jerusalem,
1289 5091 1342 5137 et
1371 5083 1533 5138 servit
1557 5097 1678 5136 eum
1711 5081 1834 5135 (iliis
1862 5080 1994 5135 suis.

2097 5097 2238 5134 κνων
2259 5079 2447 5148 αὐτῆς.
2490 5078 2556 5132 ’Π
2587 5079 2644 5132 δὲ
2669 5080 2779 5134 ἀνω
2810 5079 3164 5152 Ἰερουσαλὴμ
3207 5079 3465 5149 ἐλευθέρα
3496 5079 3669 5138 ἐστὶν,

433 5174 560 5238 Quae
588 5182 762 5227 autent
803 5187 1014 5227 sursum
1056 5181 1136 5228 est
1179 5171 1500 5238 Jerusalem,
1532 5171 1699 5228 libera
1746 5179 1847 5235 est,
1880 5186 1996 5239 quae

2096 5177 2216 5246 ἥτις
2263 5172 2378 5224 ἐστὶ
2427 5173 2608 5243 μήτηρ
2658 5171 2833 5242 ἡμῶν.
2888 5190 2907 5222 ι
2973 5172 3109 5224 Ποτὲ
3159 5172 3215 5224 δὲ
3255 5171 3348 5224 καὶ
3405 5171 3536 5241 περὶ
3579 5168 3674 5222 τοῦ

433 5273 515 5317 est
539 5274 711 5320 mater
741 5271 922 5319 nostra
945 5263 1013 5318 “.
1044 5282 1065 5318 ι
1095 5264 1399 5334 Aliquando
1437 5275 1616 5320 autem
1661 5273 1715 5318 et
1747 5263 1811 5316 de
1841 5261 1997 5328 Filio,

2099 5264 2250 5330 Υίοῦ,
2280 5284 2298 5319 t
2340 5268 2435 5328 Ὃς
2464 5263 2538 5317 ὢν
2568 5263 2904 5332 ἀπαύγασμα
2923 5265 3021 5334 τῆς
3047 5263 3226 5333 δόξης,
3261 5263 3356 5315 καὶ
3388 5259 3676 5331 χαρακτὴρ

502 5437 547 5468 ⁸³
573 5437 727 5494 Rom.
757 5458 816 5506 tt,
850 5443 937 5510 Η,
972 5443 1056 5498 15.
1134 5442 1178 5474 ⁸⁵
1205 5440 1335 5497 lbid.
1364 5439 1551 5497 23-29.
1627 5440 1672 5472 ⁸⁵
1702 5439 1892 5495 Matth.
1933 5456 1996 5495 x1:

2096 5439 2174 5494 3‘3.
2246 5440 2290 5470 δε
2319 5439 2494 5494 (;.ι1;ιι.
2527 5454 2597 5503 tv,
2622 5437 2813 5493 ‘2l-26.

507 5613 580 5682 (ί)
610 5613 735 5680 Qum
765 5617 974 5674 uncinis
1003 5618 1204 5676 inclusa
1231 5628 1372 5687 sunt,
1414 5619 1604 5676 desunt
1641 5618 1692 5674 in
1718 5615 1925 5674 Graeco.
1969 5617 2127 5672 Eutr.
