4042 6196
327 289 426 347 221

1157 297 1706 362 COMMENTARIUS
1747 305 1816 362 IN
1858 307 2260 367 ZACilARIAM
2298 310 2741 366 PROPHETAM.

3471 318 3582 374 2‘22

325 403 424 476 τῆς
455 404 807 499 ὑποστάσεως
840 405 1027 473 αὑτοῦ,
1061 411 1240 482 φέρων
1291 433 1352 468 τε
1383 417 1452 472 τά
1481 419 1660 474 πάντα
1694 423 1772 492 τῷ
1811 425 1904 495 ῥή-

2016 444 2034 478 ‹
2072 428 2173 494 Qui
2205 442 2326 482 cum
2351 429 2422 484 sit
2448 427 2706 496 splendor
2738 427 2944 498 gloria,
2970 439 3023 483 et
3056 429 3220 499 ﬁgura
3259 431 3578 488 substantia:

328 503 457 566 ματι
480 495 580 565 τῆς
606 495 887 566 δυνάμεως
915 500 1101 566 αὐτοῦ,
1129 503 1197 556 δι’
1214 506 1405 560 ἑαυτοῦ
1432 510 1771 582 καθαρισμὸν
1791 516 1896 569 τῶν

324 587 613 678 ἀμαρτιῶν
650 589 808 658 ἡμῶν
837 593 1223 664 ποιησάμενος,
1249 598 1503 654 ἐκάθισεν
1533 605 1591 656 ἐν
1617 604 1765 678 δεξιᾷ
1804 608 1897 662 τοῦ

323 677 512 746 θρόνου
549 680 649 748 τῆς
684 682 1053 755 μεγαλοσύνης
1081 689 1137 740 ἐν
1159 687 1410 758 ὑψηλοῖς.
1450 711 1468 743 ι
1501 694 1705 759 Συνιεϊς
1735 694 1896 756 οὖν...

325 768 572 831 παλαιοῖς
599 787 657 822 τε
698 770 815 839 ἅμα
846 775 940 827 καὶ
964 775 1104 840 νέοις
1144 781 1478 851 παιδεύμασι
1515 785 1613 848 τὰς
1636 786 1746 840 τῶν
1771 807 1899 842 παι-

322 857 750 952 δαγωγουμένων
777 863 983 935 ὀνίνησι
1012 867 1207 938 ψυχάς.
1247 891 1266 924 ‹
1324 875 1516 929 Ἔσται
1545 879 1744 943 τοίνυν,
1791 899 1897 952 φη.

325 952 505 1056 uim-6
548 947 695 1017 οἶκος
751 956 936 1056 Δαδὶδ,
991 959 1068 1024 ὡς
1121 961 1351 1032 ἅγγελος
1402 967 1608 1039 Κυρίου
1669 947 1898 1028 ἐνώπιον

323 1057 523 1096 αυτων.
573 1062 594 1095 ι
819 1076 826 1087 ·
1047 1063 1051 1066 λ

391 1176 504 1232 Καὶ
541 1179 735 1248 ἔσται,
773 1183 939 1255 ἐνῖῇ
987 1187 1178 1258 ἡμέρᾳ
1249 1192 1452 1265 ἐκείνῃ
1507 1196 1738 1266 ζητήσω
1791 1203 1896 1256 τοῦ

313 1266 524 1334 ἐξᾶραι
571 1270 766 1328 πάντα
806 1276 878 1329 τὰ
919 1277 1086 1346 ἔθνη,
1129 1281 1200 1334 τὰ
1239 1283 1608 1354 ἐπερχόμενα
1639 1291 1737 1343 ἐπὶ
1797 1294 1899 1346 Ἰε-

309 1361 656 1430 ρουσαλὴμ,
707 1355 805 1418 καὶ
849 1366 1006 1436 ἐκχῶ
1041 1369 1139 1422 ἐπὶ
1183 1372 1290 1426 τὸν
1334 1371 1503 1430 οἷκον
1546 1380 1739 1445 Δαϐὶδ,
1796 1383 1896 1436 καί

311 1448 415 1540 ἐπὶ
487 1451 630 1518 τοὺς
694 1457 1121 1526 κατοικοῦντας
1200 1458 1590 1538 Ἰερουσαλὴμ
1659 1472 1898 1540 πνεῦμα

275 1584 282 1588 .
312 1538 575 1608 χάριτος,
604 1544 1037 1618 καίοὶκτιρμοῦ,
1059 1552 1156 1605 καὶ
1177 1552 1600 1625 ἐπιϐλέψονται
1621 1565 1772 1629 πρός
1793 1538 1890 1632 με.

387 1673 502 1738 ιιΓ⁹.
540 1675 747 1767 Σκοπός
777 1678 892 1732 ἐστί
929 1698 1040 1750 μοι,
1091 1684 1274 1753 φησὶν,
1308 1688 1498 1758 ἐξᾶραι
1539 1691 1638 1760 μὲν
1667 1693 1733 1746 τὰ
1767 1694 1892 1767 ἔθνη

2000 518 2140 588 ejus,
2176 528 2503 588 portansque
2545 519 2725 573 omnia
2773 519 2935 574 verbo
2973 520 3187 574 virtutis
3220 537 3348 586 sum,
3389 539 3486 591 per
3516 539 3576 578 se

1999 611 2174 681 ipsum
2202 615 2572 683 purgationem
2607 621 2948 681 peccatorum
2994 622 3298 667 nostrorum
3348 616 3573 681 iaciens,

1999 704 2138 758 sedit
2173 705 2224 758 in
2268 705 2488 759 dextera
2535 707 2714 760 throni
2755 705 3052 772 maiestatis
3106 705 3158 758 in
3200 706 3428 759 excelsis
3449 708 3514 762 ⁸⁷.
3551 728 3568 759 ι

1998 791 2253 861 lutelligis
2302 807 2432 862 ergo
2462 831 2475 844 .
2514 834 2527 847 .
2565 831 2580 844 .
2614 831 2628 845 .
2666 832 2680 845 .
2712 831 2726 844 .
2789 791 3060 845 veteribus
3107 790 3264 844 simul
3332 802 3386 845 et
3425 793 3576 844 novis

1999 883 2258 938 doctrinis
2308 883 2675 938 institutorum
2737 882 2934 936 animis
2995 883 3321 934 cornmodet.
3395 899 3414 930 ι
3460 882 3586 934 Erit‘

1999 973 2180 1043 igitur,
2217 975 2410 1042 inquit,
2456 975 2643 1029 domus
2688 974 2875 1040 David,
2925 982 2982 1027 ut
3016 973 3240 1040 angelus
3277 973 3483 1025 Dotnini
3519 973 3586 1024 in.

1997 1076 2290 1133 conspectu
2321 1080 2530 1121 eorum.
2562 1083 2582 1116 ι

2070 1199 2232 1253 Vens.
2269 1200 2322 1262 9,
2364 1200 2450 1253 lO.
2495 1199 2562 1251 EI
2603 1201 2696 1253 erit
2722 1199 2774 1252 in
2825 1199 2908 1252 die
2941 1199 3056 1262 illa,
3091 1213 3325 1264 qna'ram
3363 1201 3572 1268 auferre

1999 1305 2174 1343 omnes
2227 1297 2423 1359 gentes,
2481 1305 2594 1359 qua:
2651 1291 2862 1342 veniunt
2916 1300 3096 1342 contra
3145 1287 3467 1354 Jerusalem,
3521 1301 3569 1344 et

1997 1379 2262 1447 effundant
2307 1395 2466 1447 super
2511 1379 2721 1432 domum
2760 1379 2946 1445 David,
2994 1389 3040 1432 et
3087 1396 3242 1447 super
3281 1379 3569 1432 Itabilanles

1996 1466 2291 1521 Jerusalem
2332 1467 2570 1534 spiritum
2611 1467 2799 1536 gratia:
2834 1477 2880 1520 et
2918 1468 3317 1534 inisericordiw,
3353 1477 3400 1522 et
3428 1472 3570 1538 aspi-

1995 1562 2130 1614 cient
2165 1561 2236 1614 ad
2267 1577 2368 1616 me.

2068 1692 2248 1747 XClll.
2289 1692 2584 1746 Consilium
2611 1708 2789 1746 meum
2817 1702 2927 1758 est,
2967 1693 3164 1761 inquit,
3198 1693 3438 1757 auferre,
3471 1696 3565 1749 de-

311 1759 384 1856 τά
413 1765 776 1856 μεμαχημένα
804 1771 868 1839 τῇ
898 1771 1030 1841 ἁγίᾳ
1077 1774 1250 1838 πόλει,
1279 1757 1623 1852 τουτέστι-τῇ
1669 1757 1895 1856 Ἐκκληἐ

1995 1783 2106 1838 lere
2136 1793 2340 1852 gentes,
2363 1799 2482 1852 quze
2503 1785 2774 1838 civitatem
2798 1794 3066 1849 sanctam,
3090 1795 3212 1852 puta
3247 1784 3566 1847 Ecclesium,

312 1851 442 1942 σία·
491 1854 674 1924 χάριτί
703 1873 766 1925 γε
805 1860 911 1930 μὴν
953 1863 1048 1917 xui.
1096 1867 1401 1938 οίκτιρμοῖς
1451 1851 1766 1942 περιϐαλεῖν
1804 1851 1894 1930 τδν

309 1935 463 1994 οἶκον
528 1944 714 2012 Ἰούδα,
762 1949 858 2001 xui.
901 1953 1026 2015 τοὺς
1074 1957 1463 2022 κατοικοῦντας
1516 1962 1890 2037 Ἰερουσαλὴμ,

307 2035 559 2089 τουτέστι
594 2039 722 2102 τοὺς
768 2042 868 2112 τῆς
921 2044 1246 2116 Ἐκκλησίας
1275 2051 1519 2117 πολίτας,
1569 2057 1662 2109 καὶ
1691 2058 1750 2109 ἐν
1783 2035 1893 2123 τοῖς

308 2127 482 2180 αἰνεῖν
525 2130 799 2198 ὀφείλουσι
849 2141 1359 2210 κατατεταγμένους
1384 2161 1397 2174 ·
1429 2141 1538 2199 εἷεν
1567 2148 1612 2200 δ’
1644 2149 1709 2202 ἂν
1749 2146 1891 2205 οὗτοι

307 2215 476 2270 πάλιν
507 2220 555 2270 οἱ
585 2223 1020 2290 προσκυνοῦντες
1051 2227 1293 2300 Χριστῷ,
1327 2232 1422 2284 καὶ
1449 2235 1563 2297 τοῖς
1607 2235 1891 2305 εὐαγγελι-

309 2307 430 2368 κοίς
455 2306 820 2378 θεσπίσμασιν
849 2311 1075 2368 ἕπεσθαι
1099 2318 1386 2388 ᾑρημένοι,
1435 2323 1535 2393 τὴν
1588 2326 1786 2380 εὐκλεᾶ
1832 2345 1889 2380 τε

310 2396 409 2447 καὶ
462 2397 866 2469 ἀνεπίπληκτον
918 2405 1308 2473 κατορθοῦντες
1368 2409 1536 2481 ζωήν.
1604 2414 1728 2466 Ὅτι
1781 2416 1889 2487 γὰρ

310 2484 537 2554 ἔμελλον
566 2490 919 2559 ἀρρωστῆσαι
942 2494 1002 2546 τὸ
1030 2495 1218 2549 ἄναλκι
1260 2499 1432 2570 πάντη
1462 2519 1522 2554 τε
1553 2505 1646 2557 xui
1674 2484 1890 2571 πάντως

308 2578 362 2629 οἱ
390 2577 491 2647 τῆς
517 2579 774 2650 ἀληθείας
798 2583 1000 2652 ἐχθροὶ,
1035 2592 1290 2656 σαφηνιεῖ
1334 2590 1508 2658 λέγων
1546 2597 1638 2647 καὶ
1669 2597 1830 2660 αὐτὸς
1861 2601 1888 2651 6

313 2669 538 2740 Σωτήρ·
593 2688 612 2721 ‹
671 2672 742 2725 Σὺ
787 2669 838 2725 εἴ
871 2675 1093 2747 Πέτρος,
1135 2680 1228 2731 καὶ
1274 2681 1366 2734 ἐπὶ
1397 2683 1564 2754 ταύτῃ
1601 2688 1665 2756 τῇ
1716 2689 1890 2759 πέτρᾳ

310 2759 650 2829 οἰκοδομήσω
681 2777 781 2831 μου
810 2761 907 2832 τὴν
947 2765 1292 2835 Ἐκκλησίαν,
1329 2769 1423 2821 καὶ
1458 2770 1619 2826 πύλαι
1653 2772 1778 2842 ᾅδου
1825 2777 1886 2828 οὐ

309 2851 737 2919 κατισχύσουσιν
759 2854 946 2925 αὐτῆς.
980 2873 997 2907 ι
1035 2857 1164 2911 Ἰδοὺ
1194 2851 1294 2910 ὦδε
1321 2860 1494 2922 πύλας
1525 2864 1649 2927 τοὺς
1674 2864 1886 2921 διώκειν

307 2939 484 3010 αὐτὴν
531 2941 829 3008 ἐθέλοντας,
876 2946 1061 3016 φησὶν,
1112 2943 1223 3001 οἷον
1268 2949 1522 3021 ὀλέθρους
1569 2953 1748 3020 ὄντας,
1794 2959 1886 3011 καὶ

307 3031 566 3103 φθόρους,
598 3035 689 3087 xui.
713 3037 793 3099 είς
831 3036 1100 3109 πέταυρον
1127 3039 1253 3110 ᾅδου
1289 3045 1678 3114 κατακομίζειν
1710 3049 1888 3104 εἰωθό-

304 3140 407 3186 τας
431 3126 559 3188 τοὺς
595 3127 1022 3196 προσκειμένους
1051 3131 1253 3196 αὐτοῖς.
1296 3134 1643 3208 Ἀτονήσουσι
1670 3139 1734 3211 δὴ
1766 3137 1880 3210 οὖν,

307 3214 516 3284 μᾶλλον
541 3216 598 3269 δὲ
632 3217 728 3270 xui.
751 3218 1144 3290 ἐξαρθήσονται
1172 3224 1220 3276 oi
1250 3226 1692 3298 πεπολεμηκότες
1723 3233 1884 3304 αὐτῇ,

305 3307 403 3360 καὶ
442 3309 753 3378 οἰχήσονται
799 3311 935 3381 πρὸς
978 3313 1275 3370 ἀπώλειαν.
1310 3335 1330 3370 ι
1385 3319 1584 3396 Πολλαὶ
1637 3323 1734 3393 μέν
1778 3326 1887 3396 γὰρ

302 3398 752 3470 ὁμολογουμένως
773 3403 880 3456 τῶν
899 3403 1118 3460 δικαίων
1142 3407 1198 3459 αι
1215 3407 1421 3478 θλίψεις
1439 3427 1452 3442 -
1475 3392 1588 3466 ἀλλ’
1611 3392 1674 3467 ἐκ
1699 3392 1888 3473 πασῶν

303 3487 489 3542 αὐτῶν
521 3489 742 3560 ῥύσεται
768 3492 963 3554 αὐτοὺς
981 3494 1009 3545 6
1040 3494 1260 3564 Κύριος.
1303 3515 1320 3547 ι
1359 3498 1468 3551 Καὶ
1497 3500 1644 3555 ἔστιν
1666 3503 1884 3572 ἀληθὲς,

304 3582 391 3633 ὅτι
436 3599 454 3632 ι
509 3581 713 3646 πάντες
751 3585 797 3635 οἱ
832 3583 1078 3648 θέλοντες
1120 3585 1220 3657 ζῇν
1261 3589 1500 3655 εὐσεϐῶς
1541 3594 1600 3647 ἐν
1642 3596 1880 3667 Χριστῷ,

302 3671 717 3741 διωχθήσονται.
754 3691 772 3725 ι
803 3675 950 3745 Πλὴν
982 3677 1220 3747 ἀνόνητα
1248 3681 1344 3732 xui.
1382 3682 1585 3753 ἀδρανῆ
1621 3686 1729 3738 τῶν
1767 3688 1887 3742 ἐπιδ

303 3762 673 3818 ϐουλευόντων
701 3765 771 3818 τὰ
801 3768 1112 3837 σκέμματα,
1149 3771 1245 3822 xui
1281 3771 1422 3824 αὐτὰ
1444 3773 1502 3825 δὲ
1529 3774 1598 3825 τὰ
1631 3776 1886 3849 ἐγχειρή-

305 3869 458 3922 ματα
485 3852 698 3924 τίθησιν
724 3857 752 3907 6
779 3856 1030 3926 Χριστὸς,
1068 3857 1125 3920 ὃς
1151 3858 1380 3913 δέδωκεν
1421 3879 1440 3912 ι
1475 3863 1608 3931 ἡμῖν
1635 3864 1886 3930 ἐξουσίαν

302 3949 500 3999 πατεῖν
539 3945 725 3998 ἐπάνω
753 3946 947 4016 ὄφεων,
978 3950 1073 4002 xui.
1113 3950 1412 4021 σκορπίων,
1457 3954 1550 4007 καὶ
1583 3955 1676 4007 ἐπὶ
1706 3958 1887 4012 πᾶσαν

300 4038 404 4107 τὴν
433 4037 665 4107 δύναμιν
693 4037 785 4089 τοῦ
815 4039 1033 4110 ἐχθροῦ.
1070 4059 1090 4092 ι
1122 4041 1537 4116 Παραθαῤῥύνει
1576 4063 1636 4099 τε
1673 4047 1846 4116 λέγων
1868 4067 1883 4080 ο

306 4146 330 4180 ι
376 4128 570 4198 Θλίψιν
620 4128 772 4198 ἔχετε
815 4132 873 4184 ἐν
906 4129 983 4202 τῷ
1026 4133 1237 4204 κόσμῳ,
1289 4136 1424 4191 ἀλλὰ
1467 4139 1738 4212 Θαρσεῖτε,
1775 4143 1886 4212 ἐγὼ

300 4218 568 4288 νενίκηκα
615 4219 707 4271 τὸν
739 4220 962 4290 κόσμον.
1016 4240 1035 4272 ι
1087 4224 1296 4278 Οὐκοῦν
1333 4225 1638 4299 ἐξαίρονται
1688 4235 1787 4302 μὲν
1835 4234 1885 4287 oi

299 4309 404 4376 τῆς
447 4306 771 4377 Ἐκκλησίας
800 4307 1312 4382 κατεξανιστάμενοι
1343 4316 1485 4368 κατὰ
1513 4322 1755 4389 καιροὺς,
1793 4323 1886 4376 ἐπὶ

1993 1883 2438 1944 oppugnaverunt
2479 1892 2493 1928 :
2544 1875 2715 1943 gratia
2767 1883 2944 1928 autem
3007 1883 3061 1928 et
3118 1874 3557 1929 miserationibus

1993 1962 2451 2032 comprehendere
2476 1963 2692 2016 domum
2723 1961 2880 2027 Iuda,
2923 1971 2978 2017 et
3011 1963 3315 2017 habitantes
3338 1962 3562 2017 Jerusa-

1993 2053 2118 2118 lem,
2149 2052 2249 2106 hoc
2275 2063 2379 2114 est,
2408 2052 2662 2106 Ecclesia:
2685 2052 2850 2117 cives,
2885 2061 2940 2106 et
2963 2066 3076 2118 eos,
3119 2052 3210 2120 qui
3237 2053 3302 2104 ad
3340 2051 3566 2106 laudan-

1993 2147 2117 2198 dum
2176 2143 2455 2198 constituti
2508 2152 2676 2197 sunt:
2711 2143 2802 2212 qui
2856 2159 3072 2197 rursum
3126 2144 3298 2211 accipi
3344 2153 3568 2212 possunt

1993 2237 2279 2291 adorantes
2330 2235 2643 2298 Christum,
2693 2244 2747 2289 et
2806 2235 3066 2290 submissi
3117 2235 3352 2291 oraculis
3392 2251 3564 2291 evan-

1990 2326 2218 2394 gelicis,
2260 2325 2579 2378 laudabilem
2628 2325 2868 2393 nullique
2918 2327 3089 2396 culpa:
3135 2326 3344 2381 atliuem
3398 2328 3565 2382 vitam

1991 2417 2312 2470 esculentos.
2361 2413 2657 2469 lmbecilles
2708 2415 2850 2468 enim
2896 2415 3011 2470 fore
3052 2417 3273 2471 omnino
3321 2418 3566 2472 veritatis

1993 2506 2257 2569 inimicos,
2286 2507 2619 2560 demonstrat
2651 2505 2766 2573 ipse
2791 2504 3042 2560 Salvator
3066 2522 3186 2560 cum
3218 2509 3346 2562 dicit
3380 2527 3393 2561 :
3432 2527 3451 2559 ι
3483 2508 3563 2562 Tu

1989 2611 2048 2650 es
2080 2596 2290 2659 Petrus,
2318 2605 2374 2649 et
2422 2611 2584 2662 super
2628 2596 2766 2649 hanc
2800 2606 3006 2664 petram
3056 2598 3334 2654 arditieabo
3377 2600 3566 2655 Eccle-

1989 2687 2124 2741 sium
2155 2701 2350 2750 meam,
2374 2695 2430 2741 et
2459 2695 2626 2755 porta:
2655 2687 2812 2742 inferi
2841 2702 2944 2742 non
2969 2689 3344 2757 prmvalebuut
3373 2692 3563 2744 adver-

1989 2792 2084 2832 sus
2130 2793 2249 2832 eam
2272 2778 2336 2830 ⁸⁸.
2375 2797 2396 2829 ι
2463 2779 2603 2832 Ecce
2666 2778 2758 2832 hic
2827 2787 3084 2834 conantes
3135 2794 3255 2833 eam
3311 2785 3559 2849 persequi

1989 2877 2173 2937 portas
2223 2879 2410 2932 vocat,
2476 2869 2638 2924 veluti
2701 2879 2914 2938 peStes,
2965 2879 3016 2924 et
3063 2871 3263 2935 exitia,
3320 2881 3374 2924 et
3433 2873 3562 2939 ipsis

1988 2961 2323 3015 adhaerentes
2356 2963 2421 3014 ad
2463 2960 2681 3029 pedicas
2726 2959 3020 3014 inferorum
3062 2961 3326 3016 deducere
3353 2963 3556 3018 solitos.

1989 3050 2302 3119 Torpehunt
2337 3051 2521 3120 igitur,
2559 3051 2666 3106 imo
2705 3050 2960 3105 tollentur
2998 3052 3088 3120 qui
3125 3052 3323 3106 bellum
3364 3054 3412 3106 ei
3447 3070 3562 3106 mu-

1987 3141 2186 3203 verint,
2217 3148 2272 3194 et
2317 3141 2370 3194 in
2408 3140 2703 3210 perniciem
2747 3141 2920 3194 ibunt.
2953 3140 3180 3196 «Multae
3213 3143 3378 3204 enim,
3419 3143 3561 3210 quod

1989 3247 2150 3286 nemo
2193 3231 2387 3296 nescit,
2420 3242 2546 3287 sunt
2598 3231 2978 3287 tribulationes
3011 3231 3279 3299 iustorum
3312 3251 3326 3287 :
3359 3236 3453 3287 sed
3494 3235 3561 3287 de

1988 3325 2073 3380 his
2115 3325 2369 3381 omnibus
2408 3323 2660 3378 liberabit
2701 3339 2796 3379 eos
2837 3324 3091 3379 Dominus
3114 3323 3183 3379 ".
3217 3343 3235 3375 ι
3274 3326 3340 3378 Et
3372 3341 3558 3380 verum

1988 3427 2090 3482 est,
2126 3435 2146 3468 ι
2175 3431 2365 3472 omnes
2409 3416 2500 3485 qui
2531 3414 2619 3485 pie
2653 3415 2831 3470 volent
2864 3415 3042 3470 vivere
3075 3417 3126 3470 in
3157 3415 3393 3481 Christo,
3434 3432 3560 3486 per-

1988 3510 2292 3564 secutiones
2315 3523 2570 3577 passuros
2587 3507 2654 3560 ⁹⁰.
2687 3529 2705 3557 ι
2743 3506 3007 3560 Caeterum
3052 3505 3268 3560 inutiles
3319 3515 3372 3560 et
3404 3508 3559 3560 inva-

1988 3603 2126 3657 lidas
2199 3599 2574 3653 insidiantium
2641 3597 2994 3667 cegitatioues
3063 3603 3119 3649 ct
3195 3611 3355 3650 ausus
3415 3598 3560 3665 ipsos

1987 3693 2240 3748 Christus
2268 3690 2415 3755 facit,
2439 3689 2528 3757 qui
2553 3687 2702 3743 dedit
2735 3705 2754 3738 ι
2785 3687 2941 3742 nobis
2965 3694 3287 3754 potestatem
3313 3687 3558 3743 calcandi

1989 3783 2150 3853 783
2191 3796 2351 3850 supra
2407 3787 2726 3849 serpentes,
2776 3787 2834 3833 et
2879 3781 3229 3847 scorpiones,
3293 3787 3348 3832 et
3397 3793 3562 3848 supra

1987 3891 2201 3932 omnem
2231 3877 2480 3931 virtutem
2510 3873 2714 3928 inimici
2737 3872 2806 3927 ".
2837 3890 2855 3923 ι
2894 3871 2962 3926 Ει
2997 3872 3284 3926 confirmat
3312 3887 3413 3926 nos
3435 3888 3558 3927 cum

1987 3971 2062 4024 ait
2091 3987 2105 4023 :
2138 3987 2156 4022 ι
2189 3968 2244 4023 lu
2275 3969 2475 4024 mundo
2509 3980 2816 4037 pressuram
2847 3963 3133 4027 habebitis,
3164 3964 3256 4018 sed
3285 3965 3558 4028 conﬁdite,

1987 4064 2111 4132 quia
2142 4077 2241 4132 ego
2266 4062 2369 4116 vici
2406 4061 2662 4115 mundum
2686 4063 2755 4116 ⁹¹.
2789 4078 2806 4111 ι
2844 4058 3124 4113 Tollentur
3169 4058 3348 4125 itaque
3377 4072 3408 4111 e
3447 4072 3561 4110 me-

1988 4154 2078 4208 dio
2120 4155 2210 4222 qui
2257 4153 2552 4222 aliquando
2582 4152 2636 4205 in
2690 4151 2985 4206 Ecclesium
3024 4149 3358 4217 insurgunt:
3395 4160 3561 4213 super
3641 4205 3644 4208 ,

1989 4244 2134 4314 ipsos
2180 4253 2381 4307 autem,
2436 4244 2536 4298 hoc
2599 4251 2703 4306 est,
2760 4257 2922 4310 super
2974 4241 3276 4300 credentes,
3327 4238 3580 4291 ubertim.

1993 4351 2013 4386 ι
2046 4333 2267 4403 spiritus
2296 4333 2480 4398 gratia:
2501 4341 2555 4385 et
2594 4333 2954 4386 miserationis
2983 4351 3002 4383 ι
3055 4330 3367 4384 cﬁ'unditur.
3388 4327 3560 4381 Ornat

301 4399 360 4451 δέ.
389 4416 452 4467 γε
485 4400 610 4462 τοὺς
641 4400 830 4465 αὐτοῦ,
873 4403 1114 4458 τουτέστι
1167 4407 1294 4470 τοὺς
1337 4409 1756 4476 πιστεύσαντας,
1785 4416 1878 4468 ἐκ·

1991 4399 2128 4479 enim
2158 4437 2258 4477 nos
2293 4422 2451 4476 bonis
2481 4421 2792 4477 ccclestibus
2839 4423 2978 4476 Deus
3005 4428 3064 4476 et
3096 4421 3280 4483 Pater,
3309 4427 3363 4470 et
3393 4418 3558 4482 spiri~

301 4493 481 4560 χεῖται
516 4492 785 4556 πλουσίως
829 4512 848 4545 ι
875 4495 1097 4566 Πνεῦμα
1144 4498 1364 4568 χάριτος
1390 4500 1485 4554 καὶ
1511 4502 1817 4574 οἰκτιρμοῦ.
1855 4525 1873 4559 ι

304 4583 570 4651 Στεφανοί
602 4585 710 4655 γὰρ
747 4587 894 4656 ἡμᾶς
915 4589 1026 4651 τοῖς
1055 4589 1258 4645 ἄνωθεν
1297 4592 1522 4660 ἀγαθοῖς
1567 4595 1596 4646 6
1626 4594 1756 4660 Θεὸς
1787 4598 1880 4652 καὶ

307 4675 522 4744 Πατὴρ,
579 4676 675 4728 καὶ
718 4679 1102 4748 πνευματικῶν
1153 4681 1455 4753 ἐμπίπλησι
1501 4689 1876 4759 χαρισμάτων,

303 4766 394 4819 ἵνα
422 4767 516 4820 τὸν
553 4767 654 4836 τῆς
680 4768 930 4834 διανοίας
963 4772 1240 4843 ὀφθαλμὸν
1281 4777 1418 4843 πρὸς
1456 4779 1619 4833 αὐτὸν
1663 4783 1879 4836 ἀνατεί-

300 4874 515 4946 ναντες,
549 4860 634 4913 ἐπ’
665 4861 814 4932 αὐτῷ
841 4865 1020 4916 πᾶσαν
1045 4864 1261 4934 ἔχοιμεν
1294 4867 1503 4922 ἐλπίδα.
1543 4871 1712 4926 Τοῦτο
1747 4874 1876 4946 γὰρ,

298 4941 480 5016 οἶμαι,
522 4950 638 5003 ἔστι
677 4951 758 5019 τὸ,
803 4969 822 5003 ι
866 4953 1278 5024 Ἐπιὸλέψονται
1316 4960 1452 5030 πρός
1490 4979 1580 5031 με.
1617 4983 1636 5015 ι
1671 4941 1880 5018 Διακεί-

306 5057 462 5111 μενοι
492 5043 548 5096 δὲ
579 5045 738 5109 οὕτω,
771 5047 1084 5118 γαννύμεθα
1116 5049 1214 5120 μὲν
1241 5051 1326 5120 ἐφ’
1354 5055 1587 5118 ἑαυτοῖς,
1621 5057 1799 5126 φαμὲν
1822 5057 1877 5110 δὲ

302 5131 371 5198 δὴ
410 5131 815 5201 δοξολογοῦντες
841 5137 1002 5192 Θεόν·
1042 5159 1060 5192 ι
1097 5141 1343 5210 Εύλόγει,
1384 5144 1416 5212 ἠ
1449 5143 1592 5215 ψυχή
1631 5162 1754 5215 μου,
1784 5144 1876 5198 τὸν

302 5225 531 5296 Κύριον,
567 5229 657 5281 τὸν
703 5231 1080 5286 εὐῖλατεύοντα
1126 5235 1307 5299 πάσας
1341 5235 1438 5298 τὰς
1483 5237 1710 5306 ἀνομίας
1757 5255 1872 5303 σου,

299 5315 398 5370 τὸν
435 5318 661 5388 ἰώμενον
702 5322 883 5386 πάσας
913 5323 1012 5387 τὰς
1034 5325 1224 5388 νόσους
1253 5343 1367 5392 σου,
1395 5325 1486 5378 τὸν
1515 5326 1876 5402 λυτρούμενον

1991 4514 2224 4570 tualibus
2251 4512 2406 4568 donis
2435 4511 2693 4578 cumulat,
2720 4524 2780 4566 ut
2821 4511 3017 4566 mentis
3039 4510 3253 4565 oculum
3282 4508 3348 4559 ad
3381 4508 3554 4574 ipsum

1989 4607 2260 4672 tollentes,
2311 4619 2527 4661 omnem
2579 4605 2633 4659 in
2685 4619 2749 4660 eo
2803 4603 3052 4658 ﬁduciam
3094 4599 3440 4655 collocemus.
3503 4595 3569 4649 Id

1987 4699 2133 4752 enim
2172 4707 2275 4763 est,
2305 4698 2516 4767 opinor,
2551 4696 2693 4766 quod
2735 4695 2890 4760 dicit,
2929 4713 2947 4746 ι
2973 4692 3246 4762 Aspicient
3275 4691 3342 4744 ad
3390 4704 3494 4743 me.
3531 4709 3560 4739 »-

1988 4789 2104 4856 Quu
2131 4791 2348 4858 quidem
2381 4789 2540 4843 modo
2580 4787 2779 4850 aﬁ‘ecti,
2820 4785 3064 4841 hetamur
3091 4785 3143 4838 in
3181 4785 3323 4846 sinu,
3363 4791 3415 4836 et
3443 4781 3561 4834 lau-

1987 4880 2183 4935 dantes
2212 4881 2494 4936 Dominum
2528 4880 2758 4935 dicimus
2791 4898 2805 4934 :
2842 4896 2860 4930 ι
2890 4877 3138 4941 Benedic,
3185 4875 3363 4928 anima
3415 4887 3557 4939 mea,

1989 4971 2312 5034 Dominum,
2368 4970 2456 5039 qui
2512 4969 2834 5038 propitiatur
2875 4967 3126 5021 omnibus
3184 4963 3567 5032 iniquitatibus

1991 5062 2119 5124 tuis,
2153 5061 2241 5128 qui
2275 5069 2434 5114 sanat
2465 5074 2655 5115 omnes
2680 5060 3028 5114 inﬁrmitates
3058 5067 3195 5122 tuas,
3223 5057 3313 5125 qui
3340 5052 3557 5108 redimit

1989 5153 2052 5205 de
2095 5151 2315 5205 interitu
2350 5151 2512 5204 vitam
2555 5159 2722 5212 tuam,
2753 5150 2846 5219 qui
2889 5157 3112 5203 coronat
3159 5156 3209 5198 te
3258 5146 3308 5196 in
3342 5140 3556 5194 miseri-

1987 5243 2169 5296 cordia
2203 5251 2257 5296 et
2299 5241 2758 5309 miserationibus,
2790 5239 2879 5309 qui
2923 5239 3088 5308 replet
3123 5237 3176 5290 in
3220 5232 3374 5288 bonis
3412 5230 3554 5285 dcsio

1985 5333 2192 5387 derium
2223 5342 2368 5387 tuum
2394 5333 2459 5386 ³³.
2493 5351 2511 5384 ι

299 5407 370 5460 ἐκ
399 5409 604 5480 φθορᾶς
647 5412 744 5483 τὴν
792 5414 937 5485 ζωήν
976 5433 1094 5494 σου,
1124 5417 1227 5488 ,τὸν
1293 5418 1659 5488 στεφανοῦντά
1706 5439 1767 5474 σε
1813 5425 1871 5475 ἐν
1911 5425 2050 5479 ἐλέει
2095 5427 2188 5479 καὶ
2246 5427 2567 5497 οἰκτιρμοῖς,
2592 5424 2686 5476 τὸν
2749 5421 3101 5492 ἐμπιπλῶντα
3124 5419 3180 5471 ἐν
3207 5415 3427 5486 ἀγαθοῖς
3452 5412 3567 5486 ﬂii“

301 5501 601 5573 ἐπιθυμίαν
628 5521 743 5558 σου.
781 5525 798 5556 ι

375 5617 418 5648 ⁸⁷
453 5616 618 5693 l_|_el3r.
651 5633 690 5693 t_,
733 5618 783 5671 5.
861 5619 1114 5693 ‘f'ﬁiatth.
1143 5641 1252 5692 xw,
1285 5626 1364 5681 18.
1438 5627 1481 5658 ⁸³
1508 5624 1647 5680 l’sal.
1681 5629 1904 5692 suum

2065 5627 2108 5658 9°
2139 5625 2180 5680 ll
2211 5626 2346 5682 'l‘im.
2383 5642 2463 5693 tu,
2526 5623 2607 5680 12.
2684 5623 2722 5652 θ’
2761 5620 2886 5677 Luc.
2925 5637 2973 5688 ν,
3013 5624 3091 5679 l9.
3170 5624 3214 5655 9"
3242 5620 3394 5678 Joan.
3430 5637 3559 5692 xm,

302 5685 398 5740 33.
471 5686 518 5719 ’³
551 5685 694 5744 Psal.
731 5703 824 5752 cu,
861 5689 971 5744 {-5.
