4042 6196
441 279 552 336 εεδ

1459 275 1515 332 s.
1559 271 1824 328 CYnILu
1865 231 2329 325 ALEXANDttINI
2369 266 2687 321 Αιιοιιιερ.

3595 268 3703 322 ΞΞΜ

510 391 576 446 In
611 408 759 462 quem
795 391 1194 458 insultaverunl,
1233 400 1281 446 et
1311 392 1558 461 plangent
1600 407 1755 460 super
1785 406 1837 443 se
1861 389 1999 458 plau-

2191 385 2294 449 Εἰς
2340 382 2412 435 ὃν
2448 376 2945 449 κατωρχήσαντο,
2973 379 3068 432 καὶ
3115 381 3407 447 κόψυὶῖαι
3440 377 3532 451 ἐφ’
3569 379 3704 434 ἑαυ-

441 494 580 538 ctum
631 486 784 554 quasi
841 501 998 552 super
1054 486 1332 552 dilectum,
1381 492 1428 538 et
1490 484 1726 538 delebunt
1780 481 2011 535 dolorem

438 580 591 646 quasi
617 594 772 642 super
801 578 1227 646 primogenitum.

510 665 690 721 XCIV.
733 667 1080 720 Hebraeorum
1123 667 1290 720 editio
1323 667 1532 720 initium
1565 665 1848 732 prmsentis
1878 677 2009 718 cou-

443 768 618 813 textus
641 757 770 812 facit
801 759 868 811 ab
907 758 1012 812 illis
1041 756 1241 820 verbis,
1282 776 1299 808 ι
1333 758 1398 811 Et
1426 757 1689 825 aspicient
1721 758 1786 810 ad
1826 770 1947 808 uie:
1985 774 2003 807 ι

439 865 602 917 porro
642 866 763 905 cum
799 848 940 904 LXX
979 849 1270 903 traditione
1318 857 1371 902 et
1415 847 1860 916 interpretatione
1897 861 2002 900 non

439 943 726 996 consentit.
775 941 908 994 Nam
937 955 1040 1009 pro
1087 940 1407 993 insultarunt
1450 939 1609 992 habet
1647 938 1770 1001 illa,
1813 957 1830 988 ι
1873 938 2013 991 vide-

441 1033 563 1084 bunt
596 1032 649 1085 in
687 1046 847 1100 quem
881 1031 1287 1086 transﬁxeruut.
1324 1050 1340 1082 ›
1377 1030 1785 1084 Translixernut
1813 1029 2008 1097 quippe

442 1121 638 1176 milites
667 1120 823 1175 Pilati
863 1122 1001 1176 latus
1040 1122 1174 1191 ejus,
1219 1123 1357 1176 sicut
1389 1121 1614 1190 legimus
1639 1121 1706 1174 “.
1739 1119 2009 1200 Quocirca

441 1213 556 1265 haec
597 1213 753 1266 verba
803 1213 870 1266 de
918 1228 1146 1280 persona
1189 1212 1387 1267 Christi
1433 1223 1556 1280 apte
1595 1212 2004 1281 explicabimus.

438 1302 615 1369 Atque
663 1299 825 1354 etiam
876 1301 960 1355 illa
996 1303 1061 1355 ad
1090 1317 1210 1355 eum
1262 1302 1540 1355 referenda
1589 1301 1857 1364 ducimus,
1897 1319 1914 1352 ι
1946 1299 2010 1353 Et

439 1388 690 1456 plangent
730 1404 892 1458 super
937 1405 994 1444 se
1032 1391 1327 1458 planctum,
1361 1391 1500 1443 sicut
1529 1403 1690 1458 super
1729 1389 2005 1452 dilectum,

437 1487 492 1531 et
535 1478 791 1532 dolebant
839 1479 1080 1534 dolorem
1123 1479 1262 1533 sicut
1302 1494 1463 1545 super
1516 1479 2001 1549 primogenitum.»

439 1569 646 1623 Etenim
700 1585 821 1624 cum
880 1570 1119 1624 divinum
1179 1569 1432 1639 templum
1497 1570 1638 1639 ligno
1689 1568 2006 1636 allixissent,

436 1659 910 1714 circumsteterunt
935 1661 1306 1724 crucilixores,
1330 1661 1591 1715 scelerate
1617 1661 2002 1714 conviciantes.

435 1752 542 1804 Alii
577 1752 774 1820 quippe
803 1753 1053 1806 dicebant
1083 1769 1096 1805 :
1135 1771 1153 1803 ι
1186 1753 1284 1817 Qui
1331 1752 1567 1806 destruis
1600 1753 1854 1819 templum
1890 1752 2003 1816 Dei,

435 1844 490 1888 et
521 1835 573 1888 iu
625 1837 796 1892 tribus
835 1837 1024 1893 diebus
1075 1839 1372 1892 retudilieas
1427 1839 1576 1916 illud,
1627 1841 1774 1894 salva
1813 1850 2005 1895 temet-

437 1925 609 1992 ipsum
632 1926 696 1978 ".
735 1945 754 1977 ι
801 1925 1035 1982 Rursum
1086 1927 1329 1981 nonnulli
1361 1946 1373 1981 :
1409 1946 1428 1978 ‹
1457 1928 1606 1982 Alios
1652 1929 1828 1984 salvos
1859 1930 2004 1994 fecit,

434 2019 670 2086 seipsum
726 2035 832 2072 non
886 2028 1062 2088 potest
1117 2020 1324 2074 salvum
1382 2021 1648 2077 facere".
1683 2043 1701 2074 ι
1757 2024 1854 2077 Ast
1919 2025 2004 2078 uhi

434 2109 668 2162 animam
698 2125 850 2164 suam
883 2125 980 2178 pro
1007 2111 1163 2166 nobis
1187 2113 1360 2180 posuit
1384 2115 1451 2178 9’,
1479 2123 1532 2168 et
1558 2115 1840 2183 spiritibus
1867 2116 2004 2184 apud

435 2197 636 2254 inferos
656 2201 969 2270 prwdicavit
991 2199 1060 2268 ",
1081 2213 1135 2257 et
1156 2204 1373 2269 revixit,
1393 2215 1550 2260 terrm
1575 2217 1719 2261 motu
1743 2223 2006 2262 concusso

435 2299 806 2356 monumento,
868 2293 961 2362 qui
1006 2293 1322 2348 assidebam
1379 2297 1682 2352 mirabundi
1729 2300 2002 2363 dixerunt,

441 2397 459 2429 ι
489 2379 630 2435 Vere
659 2381 827 2436 Filius
856 2380 952 2440 Dei,
968 2394 1088 2438 erat
1119 2384 1219 2437 iste
1243 2385 1325 2452 '9;
1357 2404 1377 2436 ι
1419 2401 1520 2442 nec
1545 2388 1796 2443 mediocri
1832 2392 2006 2455 poeni-

433 2471 619 2526 tudine
687 2474 838 2528 multi
914 2475 1292 2544 capiebantur.
1355 2477 1648 2548 Postquam
1709 2491 1889 2537 autem
1951 2493 2004 2536 et

434 2561 661 2617 lionrani
697 2579 789 2619 eos
817 2566 954 2620 bello
983 2577 1318 2635 presserunt,
1355 2571 1574 2639 regione
1613 2573 1908 2639 devastata,
1949 2585 2004 2630 et

377 2669 384 2676 κ
433 2652 657 2707 urbibus
698 2655 954 2721 incensis,
1013 2667 1068 2712 et
1116 2658 1365 2715 domibus
1404 2661 1752 2730 vaeuel‘actis,
1782 2665 2003 2735 jamque

433 2745 548 2813 ipsa
598 2745 969 2818 Hierosolyma
1001 2752 1222 2805 obsessa
1252 2762 1305 2806 ct
1333 2752 1475 2808 fame
1505 2755 1803 2824 oppidanos
1834 2757 2003 2812 conli-

430 2837 627 2900 ciente,
671 2840 756 2892 vix
811 2841 1030 2909 quidam
1081 2857 1206 2898 suos
1232 2845 1470 2914 735i"
1516 2845 1792 2904 Christum
1840 2866 2002 2907 ausus

432 2928 667 2984 nefarios
707 2945 1065 2998 agnoverunt,
1107 2939 1431 3006 tandemque
1475 2940 1996 3006 animadverterunt,

2116 474 2238 540 τοῖς
2276 473 2531 527 κοπετὸν
2563 473 2643 537 ὡς
2685 472 2778 524 ἐπ’
2808 469 3113 540 ἀγαπητῷ,
3161 472 3257 524 καί
3295 472 3702 539 όδυνηθιξσον-

2113 581 2208 617 ται
2242 563 2468 629 ὀδύνην
2495 563 2574 626 ὠς
2607 560 2704 612 ἐπὶ
2737 563 3106 628 πρωτοτόκῳ.

2186 658 2296 722 ιθΔκ
2338 655 2400 706 'll
2439 653 2705 724 Ἐϐραίων
2736 653 2944 715 ἕκδοσις
2971 653 3142 723 ἀρχὴν
3175 655 3410 706 ποιεῖται
3434 653 3528 706 τοῦ
3562 670 3702 727 παρ·-

2113 745 2266 809 όντος
2304 745 2595 813 κεφαλαίου
2632 743 2712 808 τὸ,
2751 762 2769 794 ι
2799 745 2908 797 Καὶ
2943 743 3324 813 ἐπιϐλέψονται
3367 746 3502 813 πρός
3545 763 3643 814 με·
3673 765 3691 796 ι

2117 838 2256 908 πλὴν
2291 838 2350 890 ού
2392 834 2678 906 συμϐαίνει
2704 835 2770 903 τῇ
2802 833 2912 886 τῶν
2953 833 3355 903 Ἑϐδομήκοντα
3400 836 3696 903 παραδόσει

2111 947 2172 982 τε
2206 929 2298 982 καὶ
2339 927 2630 998 ἑρμηνείᾳ.
2665 925 2902 996 Ἑϐραῖοι
2940 923 3038 993 μὲν
3081 923 3189 992 γάρ
3235 924 3487 992 ὄψονται
3524 944 3692 994 φασι,

2112 1020 2234 1072 ἀντὶ
2271 1017 2384 1082 τοῦ,
2423 1037 2442 1069 ‹
2478 1015 2976 1084 κατωρχήσαντο,
3021 1016 3103 1079 είς
3149 1015 3207 1068 ὃν
3256 1016 3632 1084 ἐξεκέντησαν.
3669 1037 3688 1068 ι

2111 1107 2367 1173 Διὲνυξαν
2411 1105 2522 1176 γάρ
2563 1107 2612 1159 οί
2651 1105 2881 1158 Πιλάτου
2945 1103 3274 1174 στρατιῶται
3322 1105 3420 1174 τὴν
3455 1106 3693 1177 πλευρὰν

2111 1198 2299 1260 αὐτοῦ,
2327 1198 2471 1252 καθά
2502 1197 2830 1267 γέγραπται.
2876 1195 3083 1248 Οὐκοῦν
3123 1195 3513 1266 παραθήσομεν
3552 1199 3694 1250 εἰκό-

2109 1307 2218 1352 τως
2251 1289 2329 1359 τῷ
2362 1287 2636 1359 προσώπῳ
2665 1285 2901 1356 Χριστοῦ
2928 1286 3016 1338 τὸν
3057 1287 3148 1338 ἐπὶ
3179 1285 3313 1356 τῷδε
3341 1285 3515 1355 λόγον.
3547 1288 3692 1358 Πλὴν

2111 1381 2287 1434 ἐκεῖνό
2322 1396 2498 1450 φαμεν
2537 1377 2822 1449 βούλεσθαι
2869 1376 3082 1446 δηλοῦν,
3119 1395 3137 1428 ι
3167 1377 3273 1430 Καὶ
3306 1378 3561 1446 κόψονται
3605 1379 3692 1446 ἐφ’

2111 1474 2320 1535 ἑαυτοῖς
2358 1472 2611 1536 κοπετὸν,
2652 1470 2785 1523 ὡσεὶ
2830 1470 2917 1522 ἐπ’
2961 1468 3250 1538 ἀγαπητῷ,
3296 1469 3392 1523 καὶ
3430 1470 3691 1540 ὀδυνηθήο

2111 1582 2293 1618 σονται
2325 1564 2536 1634 ὀδύνην,
2566 1563 2641 1626 ὼς
2675 1564 2765 1615 ἑπὶ
2795 1561 3140 1632 πρωτοτὸκῳ.
3170 1580 3187 1612 ι
3232 1562 3690 1632 Προσηλώσαντες

2113 1656 2213 1725 μὲν
2249 1656 2358 1727 γὰρ
2399 1655 2476 1724 τῷ
2511 1655 2650 1724 ξύλῳ
2680 1653 2770 1706 τὸν
2808 1652 2948 1705 θεῖον
2982 1653 3130 1717 ναὸν,
3181 1653 3606 1724 περιεστήκασιν
3639 1657 3690 1707 οί

2108 1747 2551 1818 σταυρώσαντες,
2599 1745 2828 1809 ἀνοσίως
2864 1744 3311 1808 ἑπιτωθάζοντες.
3351 1747 3413 1797 Οἱ
3452 1747 3548 1816 μὲν
3584 1747 3690 1818 γὰρ

2109 1835 2379 1904 ἔφασκον·
2433 1853 2450 1886 ι
2489 1835 2548 1887 ’0
2596 1833 2878 1888 καταλύων
2929 1833 3020 1886 τὸν
3064 1833 3211 1896 ναδν,
3265 1834 3358 1886 καὶ
3406 1836 3463 1887 ἑν
3511 1837 3690 1907 τρισὶν

2109 1927 2340 1997 ἡμέραις
2368 1925 2686 1995 οἰκοδομῶν,
2716 1925 2887 1976 σῶσον
2921 1925 3166 1977 σεαυτὸν.
3195 1944 3212 1976 ι
3251 1926 3465 1996 Ἐτεροι
3496 1927 3552 1978 δὲ
3587 1924 3653 1981 αὖ
3673 1946 3685 1957 ·

2114 2036 2131 2068 ι
2161 2017 2384 2080 ’Ἄλλους
2407 2017 2628 2080 ἔσωσεν,
2655 2016 2848 2070 ἑαυτὸν
2866 2017 2925 2069 οὐ
2951 2016 3173 2070 δύναται
3205 2015 3433 2072 σῶσαι.»
3469 2018 3690 2089 Ἐπειδὴ

2106 2107 2163 2160 δὲ
2187 2107 2301 2171 θεὶς
2332 2108 2470 2177 ὑπὲρ
2497 2107 2655 2176 ἡμῶν
2679 2108 2778 2177 τὴν
2807 2107 2943 2161 ἰδίαν
2970 2106 3169 2177 ψυχὴν,
3195 2107 3426 2178 ἐκήρυξε
3455 2109 3550 2162 καὶ
3578 2113 3689 2173 τοῖς

2107 2198 2164 2250 ἑν
2193 2197 2320 2268 ᾅδου
2351 2197 2672 2268 πνεύμασιν,
2697 2197 2898 2252 ἀνεϐίω
2922 2215 2980 2250 τε
3009 2193 3098 2263 αὖ,
3123 2198 3347 2267 σεισμοῦ
3373 2197 3689 2271 γενομένου,

2107 2288 2259 2359 παρά
2288 2289 2348 2342 τὸ
2385 2291 2646 2358 μνημεῖον
2676 2289 2724 2340 οί
2753 2288 3208 2359 προσεδρεύοντες
3238 2289 3568 2360 ἐθαύμαζον,
3602 2291 3689 2342 λέ-

2106 2397 2293 2448 γοντες
2308 2398 2320 2413 ο
2349 2400 2366 2432 ‹
2391 2379 2629 2449 Ἀληθῶς
2648 2380 2774 2441 Υἱὸς
2791 2379 2925 2433 Θεοῦ
2943 2375 3010 2450 ἦν
3030 2375 3183 2443 οὗτος
3201 2397 3214 2411 ο
3242 2400 3259 2432 ι
3282 2381 3520 2460 πολλὴ,δὲ
3538 2381 3697 2452 παρὰ·

2106 2471 2319 2535 πολλοῖς
2349 2473 2381 2542 ἡ
2413 2471 2747 2541 μετάγνωσις
2777 2466 2865 2541 ἦν.
2900 2472 3118 2544 Ἐπειδὴ
3142 2471 3198 2525 δὲ
3224 2473 3316 2525 καὶ
3345 2475 3372 2525 ὁ
3401 2473 3687 2542 Ῥωμαίων

2104 2564 2284 2627 αὐτοῖς
2313 2562 2588 2632 ἐπέσκηψε
2620 2562 2871 2632 πόλεμος,
2903 2563 3332 2635 καταδῃωμένης
3375 2565 3555 2627 αὐτοῖς
3587 2566 3686 2634 τῆς

2103 2651 2304 2722 χώρας,
2335 2652 2428 2705 καὶ
2460 2651 2664 2705 πόλεων
2699 2653 3201 2723 ἐμπιμπραμένων,
3239 2654 3333 2706 καὶ
3365 2653 3525 2706 οἴκων
3556 2657 3688 2725 ἑρη-

2107 2743 2411 2814 μουμὲνων,
2439 2742 2901 2814 πολιορκουμένης
2925 2761 2985 2796 τε
3016 2745 3115 2814 ἤδη
3145 2745 3239 2798 καὶ
3265 2745 3434 2815 αὐτῆς
3466 2747 3564 2816 τῆς
3589 2747 3688 2799 ἰε-

2104 2852 2198 2906 ρου
2208 2834 2336 2904 σαλὴ
2345 2853 2402 2904 μ,
2421 2834 2514 2888 καὶ
2535 2833 2692 2902 λιμοῦ
2719 2835 3118 2903 κατατήκοντος
3139 2833 3370 2912 ἔνδοθεν,
3396 2836 3687 2890 ἐκαλοῦντο

2101 2944 2244 2988 τινες
2261 2927 2338 2989 είς
2355 2926 2700 2996 συναίσθησιν
2727 2925 2880 2995 μόλις
2900 2924 3008 2978 τῶν
3030 2926 3120 2978 ἐπὶ
3151 2926 3371 2996 Χριστῷ
3402 2927 3687 2997 τολμημά-

430 3020 777 3086 quamobrem
823 3024 939 3078 dira
995 3037 1325 3094 paterentur,
1372 3038 1426 3082 et
1477 3041 1697 3097 propter
1738 3032 1900 3101 impie
1943 3034 1995 3086 in

2105 3037 2226 3084 των,
2249 3019 2443 3090 ᾔδεσαν
2471 3036 2528 3071 τε
2557 3018 2760 3082 λοιπὸν,
2789 3017 2882 3070 τοῦ
2907 3017 3210 3072 κακοῦσθαι
3240 3021 3340 3082 τάς
3371 3020 3570 3082 αἰτίας,
3592 3023 3688 3074 καὶ

429 3124 552 3164 eum
602 3112 887 3166 commissa
939 3128 1057 3168 sese
1100 3116 1189 3168 illa
1231 3119 1456 3186 perpeti.
1518 3118 1702 3188 Itaque
1742 3123 1996 3190 quoniam

436 3217 454 3250 ι
488 3199 901 3268 insultat'eruut,
940 3202 1195 3273 plangent
1237 3221 1398 3274 super
1441 3224 1500 3261 sc
1538 3209 1808 3279 planctum
1845 3214 1999 3280 quasi

428 3304 592 3359 super
621 3293 895 3361 dilectum,
930 3305 983 3348 et
1023 3296 1280 3351 dolehunt
1327 3299 1591 3364 dolorem,
1633 3303 1786 3370 quasi
1837 3319 2002 3371 super

430 3382 866 3453 primogenitum.
905 3405 925 3438 ι
995 3385 1390 3446 Prolusissimis
1451 3408 1682 3462 namque
1746 3393 1999 3465 lacrymis

418 3485 679 3542 parentes
708 3478 1048 3548 primogeniti
1076 3489 1128 3534 et
1157 3482 1336 3536 dilecti
1367 3495 1595 3540 mortem
1633 3501 1848 3556 semper
1871 3503 1996 3555 pro-

427 3572 744 3631 sequuntur,
786 3581 885 3622 nec
930 3568 1210 3639 plangendi
1287 3583 1340 3627 et
1381 3574 1707 3631 lamentandi
1757 3578 2000 3634 invenire

429 3657 645 3711 modum
685 3660 975 3719 sustinent.
1026 3674 1215 3732 es;que
1255 3667 1408 3721 dolor
1438 3667 1766 3740 longinquus
1816 3671 1996 3739 plane,

426 3752 480 3798 et
517 3743 671 3812 quasi
712 3748 985 3813 perennis,
1035 3751 1234 3804 acriter
1302 3762 1355 3805 et
1398 3754 1808 3810 intolerabiliter
1847 3757 1997 3812 velli-

424 3834 597 3886 cando
633 3834 844 3890 animos
877 3851 1176 3892 maceratis.
1215 3839 1416 3896 Judaeis
1447 3854 1626 3896 autem
1665 3845 1998 3900 calan'iitatcs

423 3922 724 3980 istiusmodi
765 3936 1083 3996 experturos
1125 3929 1372 3986 Christus
1427 3934 1697 4000 pra‘dixit,
1748 3938 1997 3994 mulieres

422 4027 584 4083 super
610 4014 727 4085 ipso
756 4015 944 4075 ﬂentes
976 4020 1047 4074 ita
1089 4022 1362 4090 castigans
1392 4042 1406 4078 :
1445 4043 1462 4074 ι
1494 4023 1642 4079 Filia:
1672 4025 1994 4095 Jerusalem,

345 4163 352 4168 ,
424 4104 586 4159 nolite
614 4105 741 4162 llere
781 4125 947 4180 super
977 4125 1083 4176 me,
1115 4114 1210 4168 sed
1251 4129 1412 4185 super
1447 4133 1542 4173 vos
1569 4117 1736 4187 ipsas,
1767 4131 1822 4175 et
1857 4121 1995 4179 ﬁlius

421 4205 630 4250 vestros
655 4196 779 4252 ﬂete
805 4200 843 4252 ¹.
875 4219 895 4251 ι

495 4368 654 4424 Vens.
687 4372 875 4428 ll-M.
919 4374 984 4429 In
1028 4379 1111 4432 die
1145 4381 1239 4434 illa
1284 4400 1498 4453 magnus
1531 4389 1628 4441 erit
1669 4389 1905 4456 planctus
1938 4392 1990 4445 in

416 4459 733 4531 Jerusalem,
762 4467 893 4521 sicut
918 4469 1159 4536 planctus
1190 4474 1316 4528 muli
1344 4479 1552 4544 punica:
1581 4480 1633 4532 iu
1661 4498 1840 4549 campo
1868 4500 1990 4536 suc--

415 4551 560 4606 σίδαι.
616 4551 681 4607 Ει
735 4557 943 4626 pluuget
991 4571 1130 4616 terra
1178 4581 1271 4630 per
1336 4568 1500 4620 tribus
1550 4570 1736 4623 tribus.
1799 4570 1987 4626 Tribus

415 4655 670 4706 seorsum,
699 4654 745 4697 et
781 4649 1020 4704 mulieres
1065 4668 1242 4705 eorum
1281 4671 1535 4711 seorsum.
1581 4656 1765 4711 Tribus
1800 4660 1985 4713 domus

419 4727 586 4784 David
624 4751 875 4803 seorsum,
908 4751 958 4793 et
998 4744 1240 4797 mulieres
1276 4763 1455 4799 eorum
1499 4765 1750 4803 seorsum.
1795 4751 1988 4807 Tribus

416 4819 600 4876 domus
635 4823 849 4880 Nat/um
881 4845 1133 4894 seorsum,
1158 4844 1202 4884 et
1240 4835 1480 4887 mulieres
1511 4853 1691 4890 eorum
1721 4856 1982 4894 seorsum.

421 4908 608 4966 Tribus
651 4915 834 4970 domus
892 4917 1013 4971 Levi
1075 4937 1345 4986 seorsum,
1399 4934 1444 4976 et
1502 4928 1743 4981 mulieres
1805 4946 1985 4984 eorum

412 5016 668 5057 seorsum.
702 5003 886 5061 Tribus
919 5007 1133 5065 Simeou
1171 5029 1423 5075 seorsum,
1459 5026 1507 5069 et
1537 5017 1776 5073 mulieres
1807 5037 1984 5074 eorum

414 5109 665 5149 seorsum.
703 5094 892 5152 Omnes
934 5101 1097 5154 tribus
1144 5104 1378 5178 reliquie,
1415 5109 1584 5162 tribus
1633 5129 1886 5176 scortum,
1936 5124 1985 5168 ct

416 5184 655 5240 mulieres
683 5204 859 5242 eorum
891 5205 1144 5244 seorsum.

413 5633 504 5688 55.
584 5635 599 5666 ⁸
631 5635 763 5692 Luc.
797 5657 955 5707 mut,
982 5649 1071 5699 ‘28.

2105 3113 2186 3164 ὅτι
2222 3111 2493 3181 πρόφασις
2529 3111 2711 3173 αὐτοῖς
2743 3109 2835 3163 τοῦ
2879 3110 3070 3162 παθεῖν
3101 3111 3168 3164 τὰ
3199 3113 3282 3164 ἐπ’
3315 3111 3462 3181 αύτῷ
3492 3113 3680 3180 γέγονε

2105 3202 2336 3271 δυσσεϐῆ
2347 3219 2506 3272 ματα.
2537 3201 2744 3254 Οὐκοῦν
2775 3201 2960 3272 ἐπειδὴ
2993 3222 3009 3252 ι
3037 3203 3479 3273 κατωρχήσαντο,
3503 3204 3689 3273 κόψον-

2105 3311 2194 3347 ται
2214 3295 2298 3362 ὲφ¹
2325 3295 2535 3357 ἑαυτοῖς
2553 3294 2800 3360 κοπετὸν,
2820 3294 2952 3346 ὠσεί
2970 3295 3054 3348 ἐπ’
3079 3295 3366 3365 ἀγαπητῷ,
3389 3297 3484 3348 καὶ
3507 3297 3688 3364 ὀδυνη-

2107 3385 2358 3456 θήσονται
2393 3384 2584 3456 ὀδύνην
2622 3385 2698 3448 ὡς
2731 3387 2821 3438 ἐπὶ
2857 3387 3206 3456 πρωτοτόκῳ.
3261 3405 3279 3437 ι
3323 3387 3432 3440 Καὶ
3461 3387 3570 3460 γὰρ
3600 3388 3686 3442 ἀεί

2106 3493 2222 3538 πως
2257 3476 2480 3546 ἄσχετον
2514 3476 2611 3545 μὲν
2637 3479 2951 3546 καταχεῖται
2976 3477 3209 3546 δάκρυον
3228 3481 3339 3541 τοῖς
3368 3481 3687 3550 γεγεννηκό-

2106 3585 2208 3630 σιν,
2235 3567 2316 3635 ἐφ’
2340 3567 2440 3637 υἱῷ
2472 3569 2798 3638 πρωτοτὸκῳ
2821 3568 3078 3639 κειμένῳ,
3110 3569 3206 3622 καὶ
3234 3570 3524 3640 ἀγαπητῷ,
3555 3589 3685 3642 κομ-

2107 3661 2194 3730 μοὶ
2224 3659 2281 3711 δὲ
2307 3659 2400 3711 καὶ
2426 3658 2616 3728 θρῆνοι
2643 3657 2923 3728 καταίρειν
2952 3660 3030 3721 εἰς
3056 3658 3204 3721 τέλος
3225 3659 3323 3712 οὐκ
3344 3662 3680 3731 ἀνεχόμενοι,

2104 3752 2289 3823 μακρά
2328 3751 2384 3804 δὲ
2422 3751 2485 3820 δὴ
2518 3751 2756 3814 πάντως,
2789 3751 2882 3804 καὶ
2913 3745 3023 3804 οἷον
3055 3750 3307 3821 διηνεκὴς
3337 3754 3523 3823 ὀδύνη,
3564 3753 3682 3823 δρι-

2103 3844 2284 3913 μείαις
2313 3843 2425 3895 τισὶ
2475 3843 2567 3896 καὶ
2597 3845 2889 3914 ἀφορήτοις
2932 3843 3260 3912 προσϐολαῖς
3303 3845 3481 3913 ψυχὰς
3513 3863 3678 3898 κατα-

2098 3935 2358 4003 τήκουσα.
2387 3935 2508 3986 Ὅτι
2536 3933 2590 3985 δὲ
2632 3933 2854 4002 ἔμελλον
2889 3935 2968 3995 είς
3001 3936 3196 4004 πεῖραν
3233 3935 3405 3987 ἐλθεῖν
3445 3935 3682 3990 Ἰουδαῖοι

2096 4025 2206 4078 τῶν
2245 4024 2464 4077 τοιῶνδε
2497 4024 2704 4081 κακῶν,
2751 4027 3180 4096 προμεμήνυκεν
3207 4028 3235 4077 ὁ
3273 4027 3526 4097 Χριστὸς,
3563 4031 3682 4090 ταῖς

2098 4115 2409 4177 κλαιούσαις
2454 4116 2540 4167 ἐπ’
2586 4113 2732 4184 αὑτῴ
2767 4115 3011 4182 γυναιξὶν
3061 4116 3330 4184 ἐπιτιμῶν
3363 4135 3421 4169 τε
3472 4120 3564 4170 καὶ
3593 4119 3681 4171 λέ-

2096 4223 2236 4274 γων·
2274 4226 2291 4257 ι
2325 4205 2634 4274 Θυγατέρες
2683 4206 3055 4278 Ἰερουσαλὴμ,
3096 4207 3168 4278 μὴ
3191 4209 3402 4261 κλαίετε
3441 4209 3524 4262 ἐπ’
3558 4210 3678 4280 ἐμὲ,

2099 4298 2313 4352 κλαίετε
2343 4299 2400 4351 δὲ
2433 4298 2519 4366 ἐφ’
2545 4299 2709 4368 ὑμᾶς,
2741 4299 2833 4351 καὶ
2867 4300 2960 4351 ἑπὶ
2989 4301 3054 4351 τὰ
3083 4300 3245 4354 τέκνα
3277 4301 3448 4370 ὑμῶν.
3479 4321 3497 4353 ι

2180 4391 2275 4443 Ἐν
2321 4390 2394 4457 τῇ
2441 4389 2628 4458 ἡμέρᾳ
2679 4390 2880 4459 ἐκείνῃ
2930 4391 3455 4460 μεγα..ῑι,·νθὴσεται
3505 4395 3537 4445 δ
3579 4410 3672 4446 κο·

2095 4482 2274 4547 πετὸς
2317 4483 2385 4535 ἐν
2423 4483 2852 4550 Ἰερουσαλὴμ,
2897 4482 2973 4546 ὡς
3029 4482 3281 4546 κοςτετὸς
3331 4483 3561 4550 ῥοῶνος
3610 4485 3680 4536 ἐν

2095 4575 2277 4637 πεδίῳ
2299 4572 2762 4642 ἑκκοπτομένου.
2796 4573 2906 4625 Καὶ
2939 4576 3186 4641 redibam
3216 4574 3252 4639 ἡ
3288 4574 3362 4644 γῆ
3394 4578 3542 4628 κατὰ
3569 4595 3678 4644 φυ-

2093 4666 2206 4730 λὰς
2252 4664 2469 4732 φυλάς.
2511 4663 2680 4730 Φυλή
2716 4665 2842 4717 καθ’
2872 4664 3118 4731 ἑαυτὴν,
3158 4664 3255 4717 καὶ
3296 4669 3353 4718 al
3402 4667 3678 4734 γυναῖκες

2094 4756 2291 4811 αὐτῶν
2327 4758 2456 4810 καθ’
2483 4754 2720 4820 ἑαυτάς.
2753 4738 2921 4823 Φύλὴ
2957 4757 3129 4810 οἴκου
3164 4755 3340 4810 Auri-’18
3375 4759 3504 4810 καθ’
3537 4757 3676 4810 ἑαυ-

2094 4850 2226 4916 τὴν,
2277 4848 2372 4900 καὶ
2415 4851 2473 4900 αἱ
2514 4846 2793 4915 γυναῖκες
2824 4845 3022 4900 αὐτῶν
3071 4849 3196 4900 καθ’
3228 4846 3461 4912 ἑαυτάς.
3505 4848 3674 4915 (Pthii;

2093 4941 2262 4994 οἷκον
2286 4937 2489 4992 Νάθαν
2517 4939 2644 4991 καθ’
2671 4937 2919 5004 ἑαυτὴν,
2947 4937 3042 4990 καί
3077 4938 3134 4989 αὶ
3169 4934 3446 5004 γυναῖκες
3477 4933 3677 4988 αὐτῶν

2095 5030 2220 5082 καθ’
2249 5027 2484 5093 ἑαυτάς.
2531 5026 2700 5094 Φυλῇ
2736 5027 2906 5079 οἴκου
2947 5026 3087 5080 Λευὶ
3123 5027 3253 5080 καθ’
3294 5025 3537 5092 ἑαυτὴν,
3576 5026 3672 5080 καί

2092 5125 2151 5176 αἱ
2186 5120 2468 5190 γυναῖκες
2521 5118 2718 5174 αὐτῶν
2769 5121 2896 5173 καθ’
2943 5117 3178 5184 ἑαυτάς.
3221 5118 3389 5185 (ptuli;
3433 5117 3676 5186 Συμεών

2093 5210 2217 5262 καθ’
2271 5209 2514 5276 ἑαυτὴν,
2569 5209 2664 5261 καὶ
2705 5212 2764 5262 al
2805 5208 3082 5278 γυναῖκες
3126 5208 3323 5261 αὐτῶν
3361 5211 3488 5260 καθ’
3532 5208 3674 5261 ἑαυ-

2093 5301 2216 5366 τάς.
2262 5300 2454 5354 Πᾶσαι
2494 5303 2553 5352 αἱ
2585 5302 2771 5368 φυλαὶ
2817 5303 2874 5353 al
2919 5302 3449 5368 ὑπολελειμμένοι,
3505 5298 3672 5366 φυλὴ

2092 5395 2215 5444 καθ’
2243 5391 2486 5459 ἑαυτὴν,
2521 5392 2614 5444 καὶ
2651 5395 2707 5444 αἱ
2741 5390 3021 5461 γυναῖκες
3051 5391 3246 5442 αὐτῶν
3273 5393 3401 5441 κιιΤ
3432 5389 3672 5455 ἑαυτάς.

493 5564 536 5593 ³³
563 5563 820 5656 {orntum
855 5576 943 5628 54.
983 5576 1250 5656 :{Mattln
1288 5595 1454 5647 xxvn,
1488 5581 1573 5636 40.
1648 5583 1836 5640 9“Ibid.
1872 5587 1951 5640 l2.

2105 5587 2288 5644 llouu.
2331 5604 2408 5652 ιιι,
2455 5588 2532 5641 l6.
2611 5591 2655 5618 9"
2696 5589 2886 5643 ll’elr.
2927 5600 3010 5649 ιιι,
3041 5585 3118 5637 ltl.
3198 5587 3241 5618 9"
3279 5586 3462 5640 Matth.
3499 5603 3668 5656 XXVII,
