4042 6196
406 314 517 369 2'25

1226 306 1785 367 COMMENTARIUS
1829 308 1893 364 ΙΝ
1932 304 2335 364 ZAClIARIAM
2378 304 2822 365 PROPHETAM.

3573 313 3680 371 226

482 428 597 494 ιιεο.
644 422 1106 495 Καταδῃουμένης
1152 423 1369 494 ἀπάσης
1415 424 1516 494 τῆς
1552 424 1812 488 Ἰουδαίας
1863 424 2003 478 κατά

2181 421 2338 479 XCV.
2388 400 2555 478 Ferro
2583 423 2798 493 ignique
2826 421 3126 478 deformata
3147 422 3274 478 olim
3306 424 3556 481 universa
3577 425 3679 482 Ju-

410 517 636 588 καιροὺς
681 513 788 566 ὑπὸ
832 512 933 582 τῆς
966 512 1253 581 Ῥωμαίων
1285 514 1577 583 στρατιᾶς,
1614 513 1708 565 καὶ
1742 513 1910 582 αὐτῆς
1942 512 2000 565 δὲ

412 606 879 679 πολιορκουμένης
914 604 1013 673 τῆς
1050 603 1406 675 Ἰερουσαλὴμ
1427 644 1441 665 ,
1493 603 1732 657 τοιοῦτον
1784 602 2002 657 ἔσεσθαί

410 717 545 769 φησι
597 695 747 767 παρᾶ
796 694 905 746 τῶν
952 695 1011 747 ὲν
1054 694 1190 765 αὐτῇ
1242 695 1335 749 τὸν
1390 695 1644 758 κοπετὸν,
1695 696 1881 749 ὁποῖον
1934 693 2002 747 ἂν

411 792 698 861 ποιήσαιτο
758 785 996 858 γηπόνος
1045 786 1242 855 ροὧνος
1288 788 1711 858 ὲκκοπτομένου.
1765 787 2004 852 Εύανοὲς

414 884 513 955 μὲν
541 881 651 951 γάρ
683 878 746 932 τὸ
778 877 964 946 φυτὸν,
995 876 1091 930 καὶ
1118 878 1346 947 συχνοὺς
1371 878 1436 930 ἐκ
1465 878 1623 951 ῥίζης
1649 878 1834 949 ἀνίησι
1860 877 2003 932 κλῶ-

412 993 509 1039 νας
540 971 756 1043 ὀρθοὺς,
788 968 882 1022 καλ⁵
911 968 1377 1039 εὐμηκεστάτους,
1411 971 1458 1023 εί
1490 970 1546 1023 δὲ
1574 971 1638 1041 δὴ
1684 971 1777 1023 καὶ
1821 971 2004 1034 αὐτοῖς

412 1063 763 1136 ὲξωραῖξοιτο
792 1063 905 1124 τοῖς
953 1062 1186 1131 καρποῖς
1208 1100 1222 1125 ,
1275 1064 1397 1113 τότε
1442 1060 1507 1132 δὴ
1540 1061 1777 1132 μάλιστα
1819 1062 1915 1116 καὶ
1946 1064 2004 1115 ὲν

415 1156 598 1226 πολλῷ
637 1155 815 1209 κεῖται
866 1151 1127 1223 θαύματι.
1174 1151 1383 1223 Χρῆμα
1421 1151 1531 1221 γὰρ
1576 1153 1915 1224 ἀξιέραστον,
1966 1155 1999 1224 ή

415 1249 571 1321 ροιά,
623 1244 839 1317 φυσικῷ
891 1244 1268 1316 διαπρέπουσα
1335 1244 1523 1298 κάλλει
1579 1247 1690 1301 τῶν
1740 1246 2003 1318 ὁρπήκων

414 1336 804 1409 ἀπηρτημένη,
832 1334 929 1389 καλ⁵
953 1337 1065 1399 τοῖς
1095 1333 1202 1387 ἔσω
1222 1336 1443 1400 κόκκοις
1471 1338 2003 1408 συμπεφοινιγμένον

412 1432 621 1502 ἔχουσα
666 1428 774 1482 τῶν
819 1427 1095 1499 ὲλύστρων
1136 1426 1197 1480 τὸ
1246 1421 1405 1490 εἶδος.
1462 1427 1752 1483 Πάνδεινον
1801 1428 1882 1495 δὲ,
1930 1427 2006 1492 ὡς

412 1522 575 1593 ἔφην,
605 1520 701 1575 καὶ
737 1519 980 1590 ἀνιαρὸν,
1012 1517 1148 1590 όμοῦ
1191 1520 1305 1583 τοῖς
1344 1521 1580 1591 καρποῖς
1618 1518 2005 1593 ἀποκείρεσθαι

412 1612 477 1668 τὸ
526 1612 713 1682 φυτόν.
757 1610 900 1665 Ἀλλ’
945 1607 1016 1683 ἦν
1053 1628 1105 1665 τι
1153 1610 1391 1666 τοιοῦτον
1425 1611 1555 1665 ίδεῖν
1587 1613 1699 1674 τοῖς
1732 1610 2006 1673 Ἰουδαίοις

418 1706 739 1777 συμϐαῖνον.
771 1703 936 1757 Ὅσον
968 1703 1069 1774 μὲν
1097 1701 1207 1772 γάρ
1235 1702 1359 1773 ἥκει
1397 1702 1478 1765 είς
1504 1702 1604 1765 τὰς
1630 1703 1694 1756 ὲκ
1727 1701 1891 1772 νόμου
1923 1718 2003 1754 τι·

419 1798 563 1871 μὰς,
607 1798 783 1868 ῥοιαῖς
835 1794 1133 1867 ὲγκάρποις
1177 1793 1599 1865 παρεικάζοιντο
1635 1792 1703 1847 ἃν
1747 1794 2006 1858 εἰκότως,
2038 1783 2083 1839 Β

416 1893 467 1945 oi
506 1887 838 1961 προῦχοντες
882 1887 941 1941 ὲν
978 1887 1184 1950 αὐτοῖς’
1214 1886 1265 1940 οἱ
1306 1885 1407 1957 μὲν
1445 1884 1555 1957 γάρ
1599 1887 1664 1938 ὲκ
1704 1884 1803 1956 τῆς
1840 1884 2010 1937 Ἰούδα

418 1983 627 2053 φυλῆς,
675 1981 801 2045 τοὺς
847 1979 948 2050 τῆς
999 1978 1278 2050 βασιλείας
1325 1978 1601 2042 διέποντες
1654 1977 1878 2049 θρόνους
1930 1977 2010 2040 είς

417 2075 574 2144 λῆξιν
610 2071 860 2136 εὐκλείας
896 2070 1135 2125 τέθειντο
1162 2071 1291 2141 παρ’
1314 2070 1519 2133 αὐτοῖς.
1562 2069 1627 2122 Ol
1654 2068 1713 2121 δὲ
1744 2068 1808 2121 ὲκ
1839 2066 2011 2137 φυλῆς

418 2168 555 2222 Astii
594 2168 707 2230 τοῖς
745 2166 847 2237 τῆς
876 2162 1175 2234 ἱερωσύνης
1218 2162 1529 2234 αὐχήμασιν
1570 2156 1630 2214 εὖ
1686 2158 1830 2231 μάλα
1877 2175 2011 2212 κατ-

420 2255 777 2328 εστεμμένοι,
840 2253 1084 2324 λαμπροί
1132 2240 1201 2306 τέ
1219 2247 1362 2322 ἦσαν
1406 2251 1501 2305 καὶ
1534 2250 1830 2322 διαϐόητοι.
1858 2248 1924 2302 Τί
1964 2247 2009 2301 δ’

420 2347 489 2402 ἂν
530 2346 743 2414 λέγοιμι
786 2343 983 2415 κριτάς
1018 2359 1075 2395 τε
1130 2341 1225 2394 καὶ
1259 2342 1548 2412 νομικοὺς,
1599 2342 1691 2394 καὶ
1727 2340 1853 2403 τοὺς
1890 2340 2010 2402 ταῖς

420 2433 643 2505 ἑτέραις
690 2433 882 2500 τιμαῖς
937 2428 1480 2500 κατηγλαῖσμένους;
1539 2428 1757 2498 Ἐπειδὴ
1801 2428 1857 2482 δὲ
1909 2445 2011 2481 πε-

426 2526 819 2595 παρῳνήκασιν
844 2522 926 2585 είς
959 2520 1216 2589 Χριστὸν,
1242 2518 1479 2572 δέδονται
1508 2522 1619 2581 τοῖς
1650 2518 1884 2590 ἐχθροῖς,
1916 2520 2011 2572 καὶ

427 2614 839 2689 καταδῃούντων
884 2612 1071 2676 αὐτοῖς
1120 2611 1221 2682 τὴν
1261 2609 1445 2681 χώραν
1498 2609 1907 2663 Οὐεσπασιανοῦ
1949 2626 2010 2662 τε

382 2707 525 2760 κκαὶ
557 2704 737 2765 Τίτου,
777 2699 1242 2773 πολιορκουμένης
1268 2715 1328 2752 τε
1369 2700 1469 2770 τῆς
1506 2696 1885 2769 Ἰερουσαλὴμ,
1918 2696 2012 2751 καὶ

428 2796 633 2858 πάντας
659 2793 785 2856 τοὺς
814 2793 872 2845 ὲν
899 2790 1034 2861 αὐτῇ
1064 2787 1224 2860 λιμοῦ
1255 2788 1695 2858 καταφθίνοντος,
1723 2787 1923 2859 θρήνου
1952 2803 2011 2841 τε

428 2888 524 2941 καὶ
556 2883 783 2938 κοπετοῦ
808 2882 878 2936 τά
909 2881 1088 2935 πάντα
1119 2879 1497 2951 πεπλήρωται.
1525 2880 1812 2949 Μαρτυρεῖ
1837 2879 1895 2932 δὲ
1919 2878 2012 2932 καὶ

440 2976 723 3047 Ἰώσηπος.
751 2973 834 3027 Τὰ
862 2973 970 3044 γὰρ
1008 2972 1110 3042 τῆς
1148 2970 1444 3039 Ἀλώσεως
1493 2970 1670 3041 βιϐλία
1706 2969 2010 3037 συντιθεὶς,

426 3066 531 3136 ἔφη
570 3083 671 3119 που
706 3064 835 3135 περὶ
860 3063 969 3117 τῶν
1003 3063 1392 3135 Ἰεροσολύμων
1431 3064 1619 3127 αὐταῖς
1649 3062 1860 3130 λέξεσιν
1885 3057 2009 3118 ὧδε·

428 3122 650 3229 Κιομμοὶ
673 3155 729 3209 δὲ
758 3122 899 3226 ἦσαν
940 3154 1042 3208 ἀνά
1212 3122 1365 3209 πόλιν
1398 3122 1671 3226 πανταίῆ,
1711 3122 1924 3227 οἰμωγὴ
1955 3155 2012 3209 δὲ
2040 3122 2081 3180 c

426 3247 765 3317 διαπρύσιος,
804 3246 896 3298 καὶ
940 3245 1138 3317 θρῆνος
1182 3245 1556 3315 ἐγκέλευστος.
1587 3248 1794 3321 Ὠσπερ
1828 3246 1886 3300 δὲ
1917 3245 2013 3299 Λί-

428 3341 616 3405 ϐανον,
650 3339 743 3393 καὶ
772 3337 977 3409 δρυμὸν
1008 3339 1176 3410 αὐτὴν
1204 3338 1474 3410 ὠνόμαζε,
1507 3338 1680 3407 λέγων
1702 3357 1715 3370 ·
1754 3358 1772 3389 ι
1804 3339 2014 3393 Διάνοι-

429 3433 545 3500 ξον,
570 3436 599 3485 6
626 3430 875 3496 Λίϐανος,
901 3429 1000 3494 τάς
1025 3429 1195 3500 θύρας
1225 3447 1340 3497 σου,
1368 3431 1464 3485 καὶ
1507 3432 1872 3500 καταφαγέτω
1902 3430 2014 3502 πῦρ

427 3517 529 3581 τὰς
572 3517 795 3590 κέδρους
853 3533 971 3570 σου.
1022 3516 1357 3584 Ὀλολυξάτω
1402 3519 1594 3584 πίτυς,
1639 3520 1724 3572 ὅτι
1757 3520 2013 3573 πέπτωκε

429 3610 658 3680 κέδρος,
706 3608 790 3660 ὅτι
852 3607 1106 3677 μεγάλως
1157 3609 1482 3680 μεγιστᾶνες
1537 3610 2013 3681 ἐταλαιπώρησαν.

441 3701 784 3767 Ὀλολύξατε,
818 3699 977 3772 δρύες
1009 3701 1108 3771 τῆς
1129 3700 1509 3766 Βασανίτιδος,
1545 3703 1626 3756 ὅτι
1660 3701 2016 3774 κατεσπάσθη

428 3795 461 3847 6
482 3792 684 3864 δρυμὸς
707 3792 737 3844 6
770 3791 1078 3862 σύμφυτος’
1109 3808 1129 3841 ι
1165 3788 1309 3843 οὕτω
1345 3789 1441 3844 καὶ
1479 3790 1655 3861 ροῶνα
1686 3790 2017 3861 κοπτόμενον

429 3883 708 3954 ὀνομάζει.
753 3882 1090 3935 Πιστώσεται
1118 3880 1176 3934 δὲ
1202 3880 1295 3934 τὸν
1336 3880 1493 3949 λόγον
1534 3882 1630 3934 καὶ
1670 3883 1698 3930 ὁ
1735 3881 2017 3945 θεσπέσιος

431 3976 711 4040 Ματθαῖος
726 4017 741 4040 ,
786 3978 900 4038 τοῖς
936 3973 1202 4028 Ἰουδαίων
1256 3972 1449 4043 δήμοις
1493 3973 1977 4045 προσπεφωνηκώς
1998 3989 2013 4004 ·

434 4089 458 4122 ι
489 4071 630 4139 Ἤδη
657 4070 715 4123 δὲ
750 4069 845 4123 καὶ
874 4070 909 4140 ἠ
944 4067 1103 4138 ἀξίνη
1134 4066 1273 4138 πρὸς
1299 4069 1397 4138 τὴν
1433 4069 1587 4140 ῥίζαν
1631 4068 1743 4123 τῶν
1784 4070 2017 4141 δένδρων

430 4165 629 4216 κεῖται.
660 4161 777 4214 Πᾶν
824 4154 917 4213 οῦν
957 4158 1172 4229 δένδρον
1208 4158 1284 4230 μὴ
1336 4159 1527 4212 ποιοῦν
1563 4161 1775 4230 καρπὸν
1829 4160 2013 4223 καλὸν,

431 4251 792 4314 ἐκκόπτεται,
836 4249 929 4303 κει)⁸
965 4249 1047 4313 είς
1085 4247 1198 4320 πῦρ
1246 4247 1528 4318 βάλλεται,
1582 4251 1676 4303 καὶ
1720 4249 1953 4304 καίεται.
1992 4269 2010 4302 ι

435 4344 632 4397 Ἔσται
662 4343 840 4396 τοίνυν
869 4340 1031 4409 οὕτω,
1063 4342 1220 4412 φησὶ,
1253 4340 1426 4412 μέγας
1454 4342 1483 4393 6
1509 4340 1569 4395 ἑν
1592 4341 1730 4412 αὐτῇ
1765 4341 2014 4409 κοπετὸς,

2103 514 2215 567 utea
2286 528 2315 568 a
2369 512 2617 569 Romano
2674 514 2954 581 exemita,
3011 513 3238 583 ipsaque
3306 512 3680 588 Hierosolyma

2103 604 2385 660 obsidione
2413 605 2612 670 cincta,
2644 604 2801 659 talem
2831 605 2900 660 ab
2937 604 3130 660 incolis
3163 604 3438 675 planctum
3473 608 3680 663 editum

2103 696 2170 751 iri
2203 697 2299 764 ait,
2330 696 2545 767 qualem
2578 698 2765 752 ederet
2787 696 3027 767 agricola
3060 697 3245 752 excisa
3283 697 3426 751 malo
3459 698 3680 767 punica.

2105 788 2199 844 Est
2241 788 2387 843 enim
2419 790 2538 860 hoc
2579 804 2748 860 genus
2778 790 2991 845 arboris
3028 788 3411 853 bellissimum,
3461 799 3623 859 atque
3650 804 3682 844 ι

2105 881 2285 936 radice
2325 881 2376 935 in
2423 882 2666 947 crebros,
2729 890 2927 937 teretes
2978 895 3042 936 ac
3076 881 3288 951 patulos
3322 879 3573 937 diﬂ‘usum
3604 895 3686 936 ra-

2106 986 2223 1027 mos
2275 973 2544 1042 exsurgit,
2572 972 2705 1041 ipsis
2754 986 2970 1041 quoque
3007 972 3288 1040 .l‘ructibns
3335 973 3682 1041 decoratum,

2106 1064 2357 1136 inprimis
2389 1074 2473 1121 est
2511 1064 2851 1120 admirabile.
2895 1064 3219 1121 Gratissima
3253 1065 3401 1120 enim
3449 1080 3537 1121 res
3571 1080 3686 1121 ma-

2106 1157 2215 1211 lum
2270 1157 2547 1226 punicum,
2599 1156 2834 1211 naturali
2878 1156 3279 1225 pulchritudine
3318 1156 3601 1223 eximium,
3653 1171 3684 1211 ι

2100 1256 2260 1302 ramo
2312 1248 2642 1317 dependens,
2696 1256 2754 1302 et
2800 1261 2924 1302 cum
2978 1247 3162 1316 granis
3212 1247 3356 1302 intus
3399 1247 3683 1303 rubentem
3727 1256 3731 1267 ‘

2107 1341 2312 1396 habens
2351 1340 2631 1396 corticem.
2659 1338 3050 1395 Gravissimum
3099 1348 3278 1395 autem
3331 1348 3387 1394 et
3414 1339 3687 1396 molestis-

2107 1432 2329 1498 simum,
2358 1440 2417 1485 ut
2447 1431 2713 1496 dicebam,
2750 1429 2913 1485 simul
2954 1444 3077 1485 cum
3126 1429 3391 1484 fructibus
3434 1428 3684 1484 arborem

2108 1512 2402 1592 amputari.
2468 1521 2744 1592 Ejusmodi
2807 1519 3061 1590 quiddam
3121 1518 3325 1573 Judmis
3396 1518 3690 1587 contigisse

2107 1614 2297 1669 videre
2340 1614 2486 1668 licet.
2537 1612 2673 1667 Nam
2707 1613 2850 1682 quod
2895 1612 2963 1667 ad
3004 1612 3237 1666 honores
3266 1618 3489 1680 propter
3517 1608 3688 1679 legem

2109 1714 2393 1774 perceptas
2420 1704 2634 1770 attinet,
2674 1719 2780 1759 non
2814 1702 3087 1758 immerito
3114 1702 3271 1757 malis
3300 1701 3512 1772 punicis
3540 1716 3690 1756 com.
3742 1770 3743 1773 η

2112 1805 2390 1866 parentur,
2429 1796 2520 1866 qui
2559 1796 2700 1851 inter
2743 1809 2835 1849 eos
2883 1794 3182 1865 principem
3220 1793 3396 1848 locum
3438 1793 3689 1847 obtinue-

2112 1896 2259 1941 runt.
2299 1886 2575 1954 Siquidem
2605 1887 2672 1941 de
2695 1885 2837 1941 tribu
2884 1896 2939 1939 et
2969 1883 3173 1938 fatiiilia
3202 1883 3339 1938 Juda
3367 1883 3608 1948 oriundi,
3635 1892 3691 1937 et

2113 1994 2277 2049 regno
2314 1978 2588 2049 praepositi
2617 1977 2668 2032 in
2705 1991 2915 2032 summa
2952 1978 3091 2045 apud
3131 1990 3225 2032 eos
3247 1975 3418 2045 gloria
3450 1975 3687 2030 luerunt.

2112 2071 2361 2127 Tribules
2404 2081 2580 2125 autem
2631 2069 2780 2134 Levi,
2818 2068 2983 2140 785
3012 2068 3304 2123 sacerdotii
3349 2068 3691 2122 ornamentis

2112 2162 2602 2235 congruentissime
2650 2161 3013 2226 cohonestati,
3061 2161 3113 2214 in
3155 2161 3411 2215 claritate
3453 2169 3509 2213 et
3543 2159 3690 2214 cele-

2111 2255 2314 2311 britate
2360 2255 2632 2309 vixerunt.
2664 2252 2803 2320 Quid
2858 2266 2957 2322 ego
2987 2252 3053 2306 de
3081 2251 3382 2321 iudicibus,
3431 2260 3486 2305 et
3513 2250 3688 2321 legunt

2111 2344 2321 2414 peritis,
2350 2351 2403 2397 et
2431 2340 2552 2396 aliis
2579 2340 2875 2396 honoribus
2905 2338 3188 2393 illustratis
3218 2336 3433 2392 dicam?
3455 2337 3526 2391 At
3545 2344 3693 2405 post-

2112 2450 2273 2505 quam
2302 2435 2355 2489 in
2383 2434 2659 2488 Christum
2692 2431 3005 2487 deba‘cehali
3039 2441 3186 2496 sunt,
3214 2430 3464 2486 hostibus
3502 2430 3688 2484 traditi

2113 2534 2282 2593 sunt,
2335 2523 2776 2594 Vespasianoque
2836 2537 2901 2576 ae
2955 2520 3077 2575 Tito
3119 2535 3305 2576 eorum
3357 2520 3691 2589 provinciam

2114 2615 2585 2686 depopulantibns,
2621 2623 2676 2669 et
2722 2611 3147 2683 Hierosolymam
3190 2610 3588 2672 obsidentibus,
3638 2618 3694 2663 ct

2115 2708 2255 2762 fame
2299 2706 2503 2760 incolas
2550 2719 2740 2759 omnes
2767 2711 3051 2765 enecante,
3098 2701 3335 2757 lamento
3384 2710 3439 2757 et
3469 2700 3688 2770 planctu

2114 2799 2292 2854 omnia
2331 2797 2716 2852 redundarunt.
2757 2793 3012 2850 Testatur
3037 2802 3093 2848 et
3121 2792 3411 2863 Iosephus.
3444 2791 3579 2845 Nam
3633 2791 3689 2846 in

2116 2890 2271 2944 libris
2294 2888 2369 2942 De
2391 2887 2522 2942 bello
2544 2886 2773 2940 Iudaico
2799 2886 2994 2940 alicubi
3019 2885 3088 2940 de
3111 2883 3478 2954 Hierosolyma
3503 2883 3688 2937 scribit

2117 2984 2169 3038 in
2200 2985 2315 3038 haec
2348 2982 2509 3036 verba
2546 2998 2557 3032 :
2592 2980 2740 3036 Urbe
2777 2990 2885 3034 tota
2926 2979 3237 3049 plangores,
3274 2985 3328 3032 et
3351 2976 3604 3047 gemitus,
3639 2984 3694 3030 et

2116 3074 2354 3145 lamenta
2409 3072 2596 3126 dolore
2639 3085 2895 3138 expressa
2942 3068 3049 3123 late
3097 3067 3475 3123 audiebantur.
3518 3065 3587 3121 Et
3633 3074 3695 3119 ut

2115 3181 2236 3221 eam
2289 3165 2550 3219 Libanum
2606 3173 2662 3217 et
2718 3162 2915 3216 saltum
2970 3161 3219 3224 vocavit,
3266 3175 3389 3215 cum
3420 3158 3691 3214 adiceret:

2123 3275 2142 3309 ι
2173 3255 2364 3326 Aperi,
2398 3254 2832 3323 Libane,portas
2872 3261 3012 3314 tuas,
3042 3260 3095 3304 et
3137 3251 3276 3319 ignis
3321 3248 3571 3305 comedat
3604 3261 3696 3303 ce-

2116 3348 2245 3402 dros
2285 3355 2426 3400 tuas.
2467 3343 2645 3400 Ulnlet
2687 3343 2863 3413 pinus,
2903 3342 3027 3409 quia
3072 3340 3268 3395 cecidit
3304 3339 3523 3403 cedrus,
3554 3351 3695 3406 quo-

2118 3440 2260 3493 niam
2307 3445 2586 3506 tnagnates
2614 3434 2960 3488 vehementer
2989 3431 3112 3484 facti
3160 3438 3288 3485 sunt
3312 3429 3520 3484 miseri.
3562 3427 3694 3483 Ulu-

2119 3530 2246 3595 late,
2280 3540 2514 3597 querens
2564 3522 2934 3585 Basanitidis,
2992 3522 3247 3589 quoniam
3315 3520 3555 3575 succisus
3613 3527 3696 3573 cst

2117 3620 2284 3674 saltus
2312 3617 2553 3673 consitus
2575 3618 2595 3647 '
2628 3632 2642 3668 :
2684 3632 2701 3665 ι
2740 3614 2820 3667 sic
2866 3626 3013 3666 nunc
3049 3612 3177 3664 item
3213 3608 3408 3663 malum
3441 3608 3693 3677 punicum

2118 3711 2355 3766 excisam
2408 3706 2658 3778 appellat.
2702 3703 2879 3759 Testis
2923 3702 3133 3756 accedit
3186 3709 3242 3754 et
3290 3699 3506 3755 divinus
3556 3698 3695 3752 Mat-

2119 3801 2317 3864 thaeus,
2379 3800 2470 3853 ubi
2533 3795 2731 3868 popqu
2769 3793 3082 3849 Judaornm
3131 3790 3204 3845 ita
3261 3789 3690 3860 prmnnntiatur:

2126 3892 2295 3947 «Jam
2353 3889 2561 3944 securis
2615 3888 2681 3942 ad
2742 3886 2979 3941 radicem
3047 3883 3302 3938 arborum
3363 3881 3533 3951 posita
3590 3890 3692 3935 est.

2119 3984 2311 4043 Omnis
2368 3982 2530 4053 igitur
2586 3979 2748 4034 arbor
2792 3990 2900 4031 non
2959 3976 3140 4031 ferens
3189 3973 3421 4028 fructum
3469 3972 3692 4033 bonum,

2120 4072 2480 4140 exscinditur,
2520 4079 2574 4124 et
2607 4069 2659 4122 in
2693 4068 2869 4136 ignem
2912 4063 3166 4129 mittitur,
3198 4070 3253 4115 et
3291 4060 3444 4115 ardet
3466 4060 3507 4113 ³.
3546 4078 3565 4110 ι
3609 4060 3696 4112 ln-

2119 4166 2238 4235 qnit
2267 4179 2419 4231 ergo,
2449 4168 2632 4215 tantus
2677 4157 2904 4213 exsistet
2956 4155 3009 4208 in
3066 4168 3137 4208 ea
3185 4152 3452 4223 planctus,
3521 4162 3695 4218 quan-

2100 4264 2208 4310 ‘tus
2271 4259 2621 4308 exaresceule
2685 4249 2804 4318 eius
2872 4245 3048 4300 fructu
3096 4243 3412 4314 improviso,
3460 4251 3514 4295 et
3579 4240 3692 4309 ipsa

2119 4345 2321 4401 excisa.
2354 4361 2374 4394 ι
2403 4341 2627 4410 Planget
2671 4349 2851 4394 autem
2882 4347 3026 4392 terra
3060 4348 3158 4404 per
3199 4334 3370 4388 tribus
3396 4342 3450 4387 et
3491 4332 3689 4393 tribus,

428 4428 544 4496 οἶος
581 4432 651 4487 ἂν
682 4431 894 4502 γένοιτο
938 4429 1164 4502 ῥοῶνος,
1210 4427 1561 4498 ὲκτεθηλότος
1594 4428 1743 4497 αὐτῷ
1778 4427 2018 4499 δηλονότι

2128 4446 2182 4490 et
2224 4433 2476 4489 mulieres
2513 4445 2700 4484 eorum
2744 4442 3008 4483 seorsum.
3046 4445 3063 4476 ι
3115 4422 3232 4478 Non
3283 4431 3530 4492 putamus
3560 4434 3693 4474 sane

432 4523 528 4577 τοῦ
560 4521 796 4595 καρποῦ,
826 4521 919 4574 καὶ
946 4520 1224 4592 ἀδοκήτως
1261 4516 1688 4588 ἐκκοπτομένου.
1724 4534 1745 4568 t
1774 4517 2017 4588 Κόψεται

434 4616 491 4670 δὲ
519 4618 553 4688 ή
584 4616 661 4686 γῆ
698 4614 840 4668 κατὰ
873 4614 1045 4684 φυλὰς
1076 4612 1268 4682 φυλὰς,
1315 4612 1411 4665 καὶ
1452 4610 1508 4663 αί
1553 4611 1807 4679 γυναῖκες
1838 4611 2017 4666 αὐτῶν

435 4708 556 4761 καθ’
594 4705 814 4770 ἑαυτάς.
841 4723 861 4756 ι
894 4705 1007 4758 Καὶ
1032 4702 1154 4757 οῦτε
1184 4701 1286 4755 πού
1321 4718 1500 4772 φαμεν
1526 4701 1701 4754 ἐκεῖνο
1733 4700 2017 4772 βούλεσθαι

434 4797 630 4867 δηλοῦν
665 4797 758 4850 τὸν
790 4795 1058 4867 μακάριον
1088 4794 1391 4866 προφήτην,
1417 4792 1493 4855 ὡς
1519 4793 1738 4863 ἑστηκοι
1786 4794 1882 4864 μὲν
1915 4795 2018 4848 ἀνὰ

438 4891 603 4962 μέρος
632 4890 696 4943 τὸ
723 4889 888 4961 ἄρσεν
913 4890 972 4941 ὲν
1004 4888 1208 4959 ἑκάστῃ
1242 4884 1406 4957 φυλῇ,
1432 4885 1534 4940 ἀνὰ
1571 4886 1736 4958 μέρος
1763 4886 1820 4941 δὲ
1859 4885 1926 4941 αὖ
1959 4890 2017 4943 τὸ

436 4981 595 5053 θῆλυ,
643 4982 738 5035 καὶ
793 4981 1109 5051 ποιήσονται
1159 4977 1251 5033 τὸν
1285 4978 1547 5032 κοπετόν·
1583 4980 1838 5050 περιττὸν
1883 4982 2016 5051 γὰρ,

434 5073 511 5138 ὡς
557 5073 736 5137 ἔοικε,
775 5073 836 5125 τὸ
890 5071 1115 5143 χρῆμα,
1171 5069 1267 5124 καὶ
1322 5067 1708 5128 εἰκαιόδουλον.
1764 5069 2015 5122 Διδάσκει

434 5166 491 5220 δὲ
541 5164 743 5236 μᾶλλον
774 5164 850 5228 ὡς
880 5164 1084 5232 ἑκάστη
1116 5160 1256 5232 φυλὴ
1303 5160 1447 5215 κατά
1495 5160 1603 5213 τῶν
1648 5161 1705 5214 ὲν
1738 5161 1875 5232 αὐτῇ
1924 5178 2020 5230 γυ-

434 5258 641 5313 ναικῶν
688 5258 825 5311 ίδίαν
869 5256 982 5323 ἕξει
1027 5256 1148 5309 τινὰ
1197 5254 1295 5309 τοῦ
1346 5255 1545 5325 θρήνου
1592 5254 1691 5326 τὴν
1740 5256 2016 5328 ἀφορμήν.

438 5351 625 5423 Ταύτῃ
647 5368 729 5404 τοι
759 5351 924 5422 φησὶν
952 5349 1033 5403 ὅτι
1052 5367 1069 5401 ι
1092 5348 1235 5419 Φυλή
1268 5348 1416 5400 οίκου
1452 5347 1614 5400 Δαϐὶδ
1647 5348 1768 5401 καθ’
1802 5350 2019 5418 ἑαυτὴν,

436 5444 530 5497 καὶ
562 5445 623 5496 αί
661 5445 914 5512 γυναῖκες
956 5440 1134 5494 αὐτῶν
1164 5438 1287 5493 καθ’
1328 5439 1544 5502 ἑαυτάς.
1577 5458 1595 5490 ι
1631 5440 1741 5492 Καὶ
1786 5440 1850 5512 δὴ
1888 5441 2019 5511 φέρε

434 5534 702 5605 λέγωμεν,
730 5533 803 5598 ὡς
831 5533 930 5599 ἔνι,
961 5532 1055 5588 τὸν
1083 5531 1319 5602 ἑκάστης
1368 5529 1548 5585 πόνον.
1576 5532 1638 5584 Ui
1673 5530 1772 5603 μὲν
1816 5529 1924 5603 γὰρ
1957 5534 2022 5585 ὲκ

503 5710 781 5767 ’Zacbar.
811 5725 887 5778 ιι,
926 5708 1054 5777 1,2.
1132 5707 1365 5765 'Matth.
1407 5722 1490 5773 Ill,
1523 5706 1612 5763 10.
1704 5708 1711 5709 “

2121 4528 2338 4582 beatum
2390 4523 2705 4594 prophetam
2753 4519 2885 4573 illud
2928 4517 3105 4580 velle,
3154 4515 3209 4569 in
3263 4514 3501 4585 qualibet
3551 4511 3691 4565 tribu

2123 4631 2372 4674 seorsum
2419 4628 2598 4670 mares
2655 4627 2685 4666 a
2742 4609 2957 4665 feminis
3001 4615 3272 4673 staturos,
3316 4613 3371 4659 et
3415 4603 3692 4674 planctum

2124 4711 2380 4773 daturos;
2408 4711 2509 4762 hoc
2541 4705 2686 4760 enim
2723 4712 3183 4771 supervacaneum
3219 4712 3274 4753 et
3318 4695 3696 4751 inconsidera-

2126 4814 2237 4857 tum
2286 4800 2443 4855 foret.
2479 4798 2610 4852 lllud
2658 4796 2836 4864 potius
2874 4794 3054 4859 docet,
3105 4803 3544 4860 unamquamque
3595 4788 3694 4842 tri—

2125 4893 2251 4947 bum
2291 4906 2411 4944 cum
2459 4887 2677 4942 feminis
2705 4884 2819 4939 suis
2843 4882 3170 4953 peculiarem
3198 4879 3528 4936 Iamentandi
3562 4891 3697 4932 eau-

2122 4999 2238 5038 sam
2292 4981 2620 5035 habituram.
2679 4976 2884 5032 ldcirco
2938 4976 3112 5045 inquit
3163 4990 3177 5026 :
3234 4971 3479 5026 «Tribus
3533 4966 3697 5021 David

2123 5088 2390 5137 seorsum,
2427 5084 2476 5125 et
2518 5070 2773 5123 mulieres
2820 5083 3010 5123 eorum
3057 5078 3326 5121 seorsum.
3356 5082 3375 5113 ι
3407 5061 3527 5115 Jam
3567 5071 3697 5111 vero

2116 5173 2377 5236 quantum
2427 5175 2716 5232 possumus
2745 5158 3033 5226 cujuslibet
3064 5154 3411 5210 alilictionem
3439 5148 3695 5217 explane-

2119 5270 2256 5309 tnus.
2307 5252 2560 5307 Trihules
2605 5253 2750 5305 enim
2794 5263 2823 5302 e
2882 5249 3023 5302 tribu
3068 5244 3259 5308 David,
3305 5243 3420 5296 sive
3463 5236 3623 5297 Juda,
3665 5250 3698 5291 e

2121 5363 2286 5416 regno
2317 5345 2508 5408 excisi,
2541 5344 2868 5411 impotenter
2892 5338 3115 5406 ejulant,
3146 5343 3203 5387 ut
3240 5342 3388 5385 tanto
3411 5326 3697 5399 splendore

2092 5456 2095 5459 ‘
2119 5438 2354 5507 spoliati.
2382 5435 2581 5489 Levitzc
2610 5447 2759 5499 vero,
2782 5426 3076 5484 sacerdotii
3110 5427 3314 5479 honore
3336 5420 3566 5491 depulsi,
3588 5433 3697 5474 una

2122 5543 2245 5585 cum
2289 5527 2607 5583 mulieribus
2633 5519 2875 5592 planetui
2908 5532 2968 5573 se
3007 5517 3232 5571 dabunt.
3267 5512 3341 5569 De
3372 5512 3575 5570 familia
3600 5524 3696 5567 att-
