4042 6196
369 312 473 371 2‘27

1363 302 1420 356 S.
1463 294 2257 357 CYRFLLI'ALEXANDRINI
2296 293 2620 350 ARCHIEP.

3537 288 3646 345 228

373 443 481 484 tem
515 424 734 480 Nathan
765 422 876 491 (hic
903 430 1017 475 erat
1048 420 1336 491 propheta,
1373 433 1482 474 'itec
1512 420 1733 474 omnino
1763 417 1951 486 verax)

2075 415 2231 487 ρυλῆς
2273 414 2456 480 Δαόὶδ,
2485 413 2603 483 ἦτοι
2645 408 2741 462 τοῦ
2780 405 2979 468 Ἰούδα,
3025 404 3123 473 τῆς
3157 404 3436 473 βασιλείας
3488 406 3647 459 ἐκκο-

369 519 627 575 similiter
666 516 921 585 plangeut
955 532 967 568 :
1004 529 1107 566 non
1147 512 1290 567 enim
1345 511 1529 565 licebit
1574 511 1681 565 illis
1726 508 1959 580 amplius

375 609 664 666 vaticinari
700 608 906 677 iniqua,
930 615 985 660 et
1014 605 1156 675 loqui
1185 604 1254 659 de
1280 604 1444 657 corde
1472 618 1571 658 suo
1594 603 1636 668 ⁸,
1667 612 1721 657 et
1752 615 1959 658 sermo-

378 717 477 759 nes
536 716 665 755 suos
729 714 827 768 pro
896 697 1092 752 divinis
1152 695 1432 751 venditare
1488 693 1955 763 imprudentibus,

379 796 611 860 indeque
641 802 799 860 turpe
842 790 1052 843 luerunt
1085 787 1365 855 Colligere.
1401 784 1573 841 Habet
1601 800 1761 853 porro
1795 783 1960 838 tradi-

380 886 476 949 tio,
511 884 729 939 Judaeos
756 882 967 951 judiccs
999 896 1093 950 per
1118 888 1363 949 tempora
1395 892 1491 932 sua
1517 877 1864 940 conStitutos,
1893 874 1961 929 de

382 977 520 1030 tribu
555 973 836 1045 Symeonis
890 972 1105 1041 legisse,
1141 969 1309 1040 786
1348 977 1531 1037 utpote
1581 981 1700 1036 qua:
1745 964 1963 1020 ﬂoreret

378 1068 512 1123 viris
542 1065 1008 1137 prudentissimis,
1059 1071 1114 1116 et
1160 1062 1338 1131 legum
1381 1058 1779 1124 scientissimis,
1819 1065 1874 1111 et
1908 1056 1959 1109 in

380 1163 489 1213 vita
523 1160 588 1212 ad
632 1158 778 1227 leges
810 1155 1217 1211 accommodata
1254 1152 1468 1208 cmteris
1502 1150 1668 1204 multo
1696 1158 1962 1218 prtestan-

382 1250 633 1305 tioribus.
684 1247 1152 1303 Lamentabtmtur
1203 1253 1386 1299 autem
1440 1242 1758 1312 biduoque.
1813 1240 1963 1294 lianc

380 1344 449 1398 ob
510 1356 730 1395 causam
783 1339 937 1403 dicit,
1000 1339 1201 1392 tribum
1245 1337 1477 1408 Sytneon
1539 1335 1961 1388 lamentaturatn

381 1446 647 1487 seorsum.
686 1429 803 1484 Non
851 1430 995 1483 enim
1030 1429 1251 1483 sincere
1277 1424 1463 1495 judicii
1512 1439 1707 1478 munus
1737 1435 1965 1477 exerce-

382 1526 532 1589 haut,
576 1536 751 1590 neque
788 1521 989 1575 divinis
1024 1519 1233 1589 legibus
1272 1518 1657 1584 obsequentes,
1686 1528 1805 1583 qua:
1855 1513 1965 1567 Deo

383 1614 677 1682 placerent,
729 1620 987 1682 praestare
1031 1610 1392 1672 conabantur,
1431 1608 1525 1661 sed
1572 1606 1741 1660 lucris
1788 1604 1965 1673 potius

384 1704 686 1767 inhiabant,
715 1703 990 1757 levissimo
1026 1702 1200 1770 pretio
1231 1700 1391 1754 ﬁdem
1428 1713 1581 1752 suam
1630 1697 1962 1759 addicentes,

2059 507 2275 571 πέντες,
2316 502 2749 574 κατοιμώζουσιν
2780 499 3044 569 ἀσχέτως,
3075 497 3150 560 ὡς
3182 497 3281 567 τῆς
3314 495 3458 548 οὕτω
3494 513 3647 566 περι-

2060 598 2262 668 φανοῦς
2289 595 2538 658 εὐκλείας
2578 590 3059 662 ἀποστερούμενοι.
3101 589 3167 639 Ui
3202 605 3265 656 γε
3305 587 3410 659 μὴν
3449 589 3513 640 ὲκ
3550 590 3649 659 τῆς

2058 688 2154 744 τοῦ
2185 688 2339 754 Λευὶ,
2360 687 2467 740 τῶν
2497 688 2560 739 ὲκ
2594 685 2692 755 τῆς
2724 682 3023 755 ἱερωσύνης
3052 679 3412 749 ἐξωθούμενοι
3448 679 3647 751 γερῶν,

2058 779 2196 851 ὁμοῦ
2228 778 2443 848 γυναιξὶ
2472 776 2785 845 ποιήσονται
2825 774 2914 827 τὸν
2941 772 3173 843 κομμόν.
3204 773 3265 824 Οί
3294 771 3349 824 δὲ
3384 773 3448 823 ὲκ
3478 771 3653 842 φυλῆς

2061 872 2155 925 τοῦ
2190 871 2400 936 Νάθαν,
2442 870 2728 941 προφήτης
2754 866 2811 918 δὲ
2840 859 2994 927 οὗτος
3019 860 3108 934 ἦν,
3152 863 3246 916 καὶ
3286 864 3404 933 οὐχὶ
3431 863 3654 925 πάντως

2061 959 2285 1031 ἀληθὴς,
2321 958 2577 1027 κόψονται
2618 955 2805 1009 πάλιν·
2838 952 3040 1023 οὺ,γὰρ
3078 946 3145 1023 ἦν
3177 951 3360 1014 αὐτοῖς
3400 950 3480 1003 ἔτι
3513 967 3654 1021 προ-

2064 1052 2318 1122 φητεύειν
2340 1049 2521 1114 ἄδικα,
2548 1046 2643 1101 καὶ
2679 1046 2860 1098 λαλεῖν
2894 1044 2964 1097 τὰ
2996 1043 3104 1096 ἀπὸ
3136 1042 3383 1114 καρδίας,
3416 1042 3510 1095 καὶ
3538 1045 3655 1106 τοῖς

2063 1144 2342 1206 ἅσυνέτοις
2379 1139 2718 1196 καταπωλεῖν
2742 1139 2819 1203 ὡς
2853 1137 3004 1209 παρὰ
3030 1134 3166 1188 Θεοῦ
3203 1136 3330 1197 τοὺς
3368 1134 3531 1198 ἰδίους
3569 1134 3659 1187 λό-

2064 1254 2228 1305 γους,
2272 1235 2363 1287 καὶ
2406 1233 2505 1295 τὰς
2556 1230 2804 1285 ἐντεῦθεν
2860 1228 3137 1297 συλλέγειν
3187 1225 3651 1295 αἰσχροκερδείας.

2068 1330 2222 1400 Ἔχει
2248 1327 2305 1379 δὲ
2333 1328 2367 1397 ἡ
2397 1324 2713 1396 παράδοσις,
2745 1323 2827 1375 ὃτι
2864 1322 2988 1383 τοὺς
3022 1318 3215 1391 κριτὰς
3253 1318 3499 1371 Ἰουδαῖοι
3529 1317 3656 1380 τοὺς

2065 1418 2496 1488 καθισταμένους
2530 1415 2671 1469 κατὰ
2697 1414 2921 1486 καιροὺς
2942 1414 3005 1465 ὲκ
3029 1411 3128 1482 τῆς
3161 1410 3384 1479 Συμεὼν
3416 1409 3659 1478 ἐδέχοντο

2067 1512 2260 1582 φυλῆς,
2288 1510 2383 1564 ἅτε
2410 1509 2477 1581 δὴ
2516 1506 2915 1567 συνετωτάτους
2973 1505 3069 1556 καὶ
3098 1501 3426 1573 νομομαθεῖς
3459 1501 3660 1571 ἄνδρας

2065 1602 2321 1673 ἐχούσης,
2351 1601 2446 1655 καὶ
2475 1598 2610 1653 πολὺ
2645 1598 2759 1651 τῶν
2776 1596 2950 1650 ἄλλων
2990 1592 3458 1665 προφερεστέρους
3481 1592 3563 1655 εἷς
3596 1607 3661 1658 γε

2067 1696 2127 1749 τὸ
2156 1694 2254 1766 ζῇν
2303 1691 2815 1759 έλέσθαιὲννόμως.
2857 1687 2957 1740 Διὰ
2992 1686 3149 1739 τοῦτό
3190 1701 3354 1754 φησιν
3398 1684 3478 1736 ὅτι
3512 1681 3658 1753 Φυλὴ

380 1806 435 1849 et
496 1805 557 1848 ut
611 1795 687 1847 ait
738 1794 1052 1862 propheta:
1102 1790 1373 1845 «Judices
1426 1802 1613 1841 eorum
1671 1787 1815 1840 sicut
1860 1784 1969 1854 lupi

2075 1787 2297 1858 Συμεὼν
2339 1783 2564 1853 διόψεται
2600 1780 2719 1837 καθ’
2755 1780 2980 1848 ἑαυτὴν.
3009 1778 3168 1840 Ἴδῑος
3196 1777 3254 1829 δέ
3291 1794 3374 1840 τις
3406 1775 3501 1829 καὶ
3536 1776 3664 1827 τού-

380 1885 601 1939 Arabize
649 1885 692 1936 ⁵.
724 1902 743 1934 ι
786 1882 1098 1937 Lamentari
1135 1891 1314 1935 autem
1357 1894 1463 1932 una
1494 1878 1659 1932 etiam
1692 1876 1825 1930 alias
1871 1875 1964 1929 tri-

381 1976 486 2030 bus
513 1975 818 2043 oportebat,
849 1969 1343 2043 ut-jucundissiniis
1376 1969 1477 2024 sibi
1516 1968 1711 2022 ritibus
1754 1977 1806 2021 et
1836 1965 1973 2019 locis

382 2064 612 2133 ejectas,
654 2064 761 2118 imo
797 2072 850 2117 et
876 2064 992 2132 ipsa
1037 2072 1212 2117 morte
1253 2074 1441 2116 earum
1481 2059 1747 2129 capitibus
1788 2056 1969 2111 immi-

384 2165 572 2219 nente,
618 2154 845 2224 ipsaque
875 2152 1023 2210 fame
1063 2153 1237 2208 instar
1279 2150 1494 2207 hostilis
1536 2148 1701 2221 gladii
1737 2162 1830 2204 eas
1874 2146 1967 2201 ab-

382 2254 648 2300 sumente.

2072 1893 2187 1938 τοις
2212 1876 2240 1927 ὁ
2271 1872 2487 1945 θρῆνος.
2516 1872 2589 1924 Οὐ
2629 1869 2737 1941 γὰρ
2768 1868 2979 1940 ἔκρινον
3019 1865 3215 1937 ὀρθῶς,
3244 1863 3367 1917 οὔτε
3407 1863 3512 1934 μὴν
3548 1866 3663 1927 τοῖς

2072 1964 2238 2027 θείοις
2279 1963 2518 2025 εἴκοντες
2549 1960 2755 2034 νόμοις,
2787 1959 2849 2012 τὸ
2878 1958 2957 2028 τῷ
2983 1954 3102 2026 Θεῷ
3129 1954 3318 2010 δοκοῦν
3360 1952 3663 2024 ἀποπεραί-

2070 2074 2181 2110 νειν
2230 2056 2582 2119 ἐσπούδαζον,
2630 2049 2770 2124 ἦσαν
2819 2050 2877 2104 δὲ
2928 2049 3126 2121 μᾶλλον
3163 2046 3529 2118 φιλοκερδεῖς,
3568 2046 3664 2098 καὶ

2068 2149 2422 2210 εὐωνότατοι,
2468 2146 2562 2199 καὶ
2689 2160 2854 2215 φησιν
2893 2144 2920 2195 ὁ
2967 2141 3290 2212 προφήτης,
3328 2157 3344 2189 ι
3375 2139 3437 2191 Oi.
3478 2138 3664 2207 κριταὶ

2067 2241 2236 2311 αὐτῆς
2265 2239 2340 2303 ὡς
2364 2238 2519 2291 λύκοι
2550 2238 2650 2308 τῆς
2678 2235 2990 2308 ’Λραϐίαςη
3019 2231 3413 2303 Συνοδύρεσθαι
3444 2230 3500 2283 δὲ
3530 2228 3665 2281 ταύ-

382 2354 501 2399 ταις
542 2339 837 2407 ἀναγκαῖόν
872 2355 986 2401 πως
1024 2333 1091 2408 ἦν
1164 2336 1261 2390 καὶ
1330 2333 1431 2397 τὰς
1470 2333 1664 2404 ἑτέρας
1700 2333 1901 2401 φυλὰς,
1938 2332 2035 2386 ἆτε
2074 2332 2136 2403 δὴ
2179 2333 2284 2386 τῶν
2323 2332 2552 2401 ἡδίστων
2591 2331 2782 2391 αὑταῖς
2821 2328 2958 2381 ἐθῶν
2995 2344 3055 2379 τε
3099 2325 3195 2379 καὶ
3237 2322 3415 2375 τόπων
3453 2323 3665 2389 ἐκπεμ-

385 2431 649 2499 πομένας,
687 2432 888 2502 μᾶλλον
918 2432 973 2483 δὲ
1005 2432 1099 2483 καὶ
1130 2427 1293 2481 αὑτοῦ
1326 2427 1557 2481 θανάτου
1587 2426 1969 2497 ἐπηρτημένου
2009 2430 2127 2491 ταῖς
2195 2427 2345 2496 σφῶν
2383 2426 2646 2496 κεφαλαῖς
2680 2423 2995 2492 ,φθάνοντος
3026 2421 3084 2475 δὲ
3147 2420 3333 2489 ὥσπερ
3363 2416 3469 2470 τῶν
3500 2414 3664 2467 πολε-

386 2526 526 2591 μίων
554 2523 616 2575 τὸ
645 2523 796 2592 ξίφος
830 2524 925 2577 καὶ
951 2519 1117 2575 αὐτοῦ
1148 2518 1243 2572 τοῦ
1277 2520 1459 2588 λιμοῦ.

1010 2651 1164 2707 CAP.
1208 2651 1346 2707 Xlll.

462 2791 621 2845 Vnus.
680 2789 729 2841 1.
775 2785 839 2840 In
876 2786 958 2839 die
991 2784 1088 2840 illa
1131 2786 1228 2838 erit
1260 2783 1428 2838 omnis
1473 2774 1618 2836 locus
1664 2791 1873 2851 apertas
1914 2782 1969 2835 in

388 2885 543 2936 domo
593 2880 783 2944 David,
814 2888 860 2932 et
902 2872 1264 2930 habitantibus
1293 2874 1613 2939 Jerusalem,
1644 2884 1691 2929 et
1718 2875 1771 2928 in
1797 2884 1971 2927 trans-

388 2974 739 3027 mutationem
789 2981 835 3025 et
865 2970 1241 3038 aspersionem.

462 3148 645 3204 XCVI.
684 3148 822 3217 ⁸Ροει
868 3148 972 3201 hoc
1023 3146 1313 3215 adventum
1368 3145 1567 3200 Christi
1624 3145 1972 3214 diligentibus

391 3253 657 3298 eventura
695 3240 991 3309 percurrit.
1022 3238 1125 3305 Qui
1157 3239 1305 3294 enim
1350 3238 1404 3291 in
1452 3252 1548 3291 sua
1598 3236 1974 3292 incredulitate

395 3333 719 3389 insolentius
766 3347 825 3387 se
869 3338 1181 3402 gesserunt,
1221 3328 1642 3393 obsidebantur,
1677 3328 1874 3397 inquit,
1918 3337 1977 3385 et

393 3427 447 3481 in
481 3425 717 3480 miseriis
748 3424 860 3479 suis
899 3422 1202 3492 ejulabunl.
1241 3421 1340 3475 Ast
1376 3421 1430 3474 in
1475 3434 1558 3484 ea,
1588 3434 1748 3488 quam
1795 3428 1977 3473 mente

392 3527 727 3589 spectamus,
789 3525 847 3571 et
895 3530 1025 3571 vere
1086 3522 1274 3568 sancta
1322 3510 1695 3581 Hierosolyma
1719 3511 1764 3576 °,
1816 3520 1870 3565 et
1918 3509 1973 3564 in

393 3609 555 3662 domo
594 3604 783 3669 David,
820 3604 922 3660 hoc
948 3612 1051 3668 est,
1088 3602 1349 3668 Ecclesia,
1395 3602 1487 3655 ubi
1519 3615 1582 3655 ex
1620 3600 1830 3655 semine
1874 3601 1976 3655 Da-

393 3699 485 3753 vid
517 3698 816 3753 secundum
842 3709 1062 3752 carnem
1092 3693 1341 3749 Christus
1370 3693 1705 3764 apparuerit,
1737 3710 1755 3744 ι
1789 3690 1975 3747 Omnis

394 3790 546 3843 locus
597 3787 824 3856 patebit,
855 3804 877 3838 ι
932 3785 1036 3839 hoc
1073 3792 1180 3850 est,
1238 3784 1403 3837 multa
1454 3785 1559 3837 erit
1612 3784 1865 3849 latitudo,
1920 3790 1977 3837 et

393 3877 549 3948 quasi
576 3876 862 3931 remissum
884 3884 939 3933 et
968 3875 1175 3941 laxum,
1206 3873 1720 3942 Optatissimumque
1750 3883 1804 3927 et
1826 3873 1972 3928 onmi

395 3968 641 4024 molestia
685 3966 1077 4022 solutissimum
1116 3964 1326 4018 vivendi
1371 3977 1559 4032 genus.
1610 3962 1762 4016 Scias
1812 3978 1974 4031 porro

394 4060 580 4124 velint,
631 4060 685 4113 in
723 4060 947 4115 Hebraea
991 4058 1228 4114 editione
1268 4056 1592 4111 sententiam
1635 4056 1777 4110 hanc
1820 4056 1975 4112 aliter

395 4161 633 4203 exstare.
666 4148 800 4203 Nam
827 4164 945 4219 pro,
980 4166 1000 4199 ι
1030 4145 1525 4202 Eritomnislocus
1552 4156 1793 4214 apertus,
1827 4165 1845 4198 ›
1876 4148 1971 4214 ait,

394 4241 516 4296 fore
553 4252 611 4294 ut
649 4242 829 4296 omnis
883 4240 1007 4295 fons
1042 4239 1323 4296 scaturiat.
1358 4238 1426 4294 Et
1455 4238 1734 4308 probabile
1764 4249 1846 4295 est
1882 4230 1974 4295 ad-

398 4333 650 4397 modum,
696 4332 862 4387 etiam
896 4331 1036 4387 LXX
1066 4332 1567 4402 interpretationem
1612 4333 1805 4388 eodem
1859 4343 1974 4389 ten-

393 4424 547 4489 dere,
598 4423 850 4493 quamvis
895 4424 1061 4479 verba
1111 4438 1270 4479 secus
1312 4424 1570 4489 habeant,
1625 4434 1683 4479 ut
1718 4426 1970 4495 quiddam

393 4514 663 4584 ejusmodi
705 4514 1064 4586 signiﬁcetur.
1100 4514 1376 4570 incredula
1424 4530 1615 4586 nempe
1670 4526 1724 4569 et
1751 4516 1973 4572 recalci-

396 4616 570 4670 trans,
622 4622 879 4676 perversa
957 4617 1011 4661 et
1068 4608 1364 4676 apostatrix
1415 4605 1740 4670 Jerusalem,
1803 4626 1822 4659 ι
1853 4623 1973 4677 quae

395 4700 600 4753 occidit
628 4701 942 4768 prophetas,
979 4708 1035 4755 et
1068 4699 1271 4768 lapidat
1299 4714 1394 4755 eos
1433 4699 1525 4769 qui
1565 4700 1631 4752 ad
1661 4713 1780 4753 eam
1824 4701 1972 4755 missi

396 4796 524 4841 sunt
544 4790 589 4851 ⁷,
625 4807 644 4840 ι
677 4778 977 4858 condignas
1027 4788 1253 4845 audacia
1302 4805 1399 4845 sua
1451 4805 1641 4856 pinnas
1681 4792 1972 4859 persolvet.

396 4879 765 4933 Exscindetur
797 4880 967 4943 enim,
1000 4894 1100 4935 ceu
1135 4880 1310 4935 malus
1347 4882 1563 4950 punica.
1594 4881 1975 4937 Habitantibus

398 4979 577 5024 autem
612 4967 908 5024 Jerusalem
938 4985 1060 5040 qua:
1088 4969 1441 5040 intelligentia
1478 4972 1831 5041 conspicitur,
1860 4972 1975 5027 sive

396 5065 618 5118 domum
665 5060 824 5127 Juda,
877 5063 931 5117 id
983 5070 1089 5128 est,
1144 5061 1370 5127 Christi,
1419 5082 1437 5115 ι
1466 5064 1570 5120 erit
1605 5064 1782 5120 omnis
1826 5064 1975 5119 locus

398 5162 640 5222 apertus,
673 5169 691 5203 ι
729 5153 841 5205 sive
870 5151 925 5206 in
960 5153 1110 5208 omni
1143 5153 1264 5207 loco
1292 5152 1434 5220 fons,
1468 5156 1802 5225 purgationis
1834 5172 1971 5225 aqua

400 5261 648 5310 manans,
698 5244 884 5314 utique
934 5246 1075 5299 sacri
1135 5244 1519 5315 baptismatis,
1566 5248 1632 5301 ad
1685 5246 1971 5302 utilitatem

398 5339 758 5405 credentium,
807 5355 825 5388 ι
858 5345 911 5392 et
962 5337 1015 5390 in
1071 5337 1576 5392 transmutationem
1621 5338 1783 5409 787
1813 5347 1866 5392 et
1920 5339 1973 5392 in

399 5431 787 5494 aspersionem.
820 5450 840 5483 ι
869 5430 1126 5499 ρυωηοιιι
1169 5432 1274 5486 ista
1314 5432 1729 5486 transmutatio?
1763 5430 1976 5485 Judzno-

401 5532 520 5570 rum
567 5533 631 5573 ex
681 5522 1019 5579 institutione
1066 5520 1221 5594 legali
1266 5522 1341 5579 ad
1383 5521 1551 5577 vitam
1610 5521 1663 5576 in
1720 5521 1971 5589 Christo,

473 5694 493 5724 ⁵
519 5690 719 5748 Jerem.
746 5711 905 5758 unt.
932 5698 1017 5752 16.
1096 5701 1115 5730 ⁵
1149 5701 1388 5764 Sophon.
1419 5714 1502 5767 ut,
1531 5700 1583 5754 5.

1665 5700 1684 5730 ⁸
1712 5697 1874 5754 llebr.
1912 5713 2007 5767 xtl,
2036 5699 2125 5753 22.

2690 2644 2942 2697 ΚΕΦΛΛ.
2977 2642 3077 2697 II".

2158 2780 2255 2834 Ἐν
2282 2778 2355 2848 τῇ
2394 2778 2585 2848 ἡμέρᾳ
2620 2778 2821 2846 ἐκείνῃ
2864 2775 3036 2830 ἔσται
3067 2774 3186 2842 πᾶς
3224 2776 3407 2840 τόπος
3440 2774 3659 2829 διανοι-

2075 2870 2329 2939 γόμενυς
2368 2868 2438 2922 ἐν
2465 2868 2548 2935 τῷ
2577 2867 2721 2935 οΖκῳ
2746 2865 2944 2931 Δαϐὶδ,
2974 2865 3073 2920 καὶ
3119 2864 3243 2931 τοῖς
3275 2863 3662 2918 κατοικοῦσιν

2086 2960 2497 3030 Ἰερουσαλὴμ,
2540 2961 2638 3014 καὶ
2678 2961 2766 3026 εἰς
2812 2957 2928 3028 τὴν
2976 2958 3395 3028 μετακίνησιν,
3436 2956 3535 3011 καὶ
3575 2959 3663 3022 εἰς

1998 3029 2038 3086 C
2072 3029 2181 3106 rei
2198 3052 2556 3121 ραντισμόν.

2147 3146 2279 3211 aqu
2335 3142 2645 3214 Ἐπιτρέχει
2680 3142 2757 3212 τῷ
2807 3142 2949 3212 λόγῳ
2981 3141 3049 3194 τὰ
3099 3140 3239 3211 μετὰ
3288 3137 3447 3195 τοῦτο
3501 3139 3663 3193 πάλιν

2076 3235 2314 3306 ἐσόμενα
2353 3237 2466 3298 τοῖς
2512 3233 2825 3304 ἠγαπηκόσι
2871 3234 2969 3305 τὴν
3016 3234 3338 3302 ἐπιφάνειαν
3383 3232 3477 3284 τοῦ
3524 3233 3663 3302 Χριε

2079 3324 2227 3379 στοῦ.
2269 3325 2333 3378 Οἱ
2375 3324 2472 3395 μὲν
2505 3323 2614 3393 γὰρ
2659 3326 2782 3386 ταῖς
2834 3323 3143 3387 ἁπειθείαις
3191 3322 3560 3393 ὲξυϐρικότες,
3605 3325 3663 3375 ὲν

2076 3416 2413 3488 πολιορκίαις
2444 3416 2677 3484 ἔσονται,
2715 3418 2869 3487 φησὶ,
2902 3417 2995 3469 καὶ
3027 3416 3119 3469 ἐπί
3158 3432 3220 3484 γε
3249 3418 3361 3479 τοῖς
3394 3416 3543 3486 σφῶν
3569 3418 3664 3469 αὖ·

2075 3510 2184 3563 τῶν
2217 3509 2613 3580 κατοιμώξουσι
2658 3512 2870 3573 κακοῖς.
2930 3511 3017 3562 Ἐν
3059 3509 3116 3561 δέ
3160 3525 3221 3577 γε
3256 3511 3321 3580 τῇ
3354 3512 3517 3580 νοητῇ
3570 3509 3663 3563 καὶ

2078 3604 2209 3673 ἁγίᾳ
2242 3602 2383 3658 κατὰ
2420 3604 2482 3656 τὸ
2528 3602 2729 3673 ἀληθὲς
2764 3601 3155 3672 Ἰερουσαλὴμ,
3193 3601 3286 3654 καὶ
3321 3603 3378 3655 ὲν
3416 3602 3494 3671 τῷ
3527 3600 3663 3671 οἴκῳ

2077 3694 2275 3759 Δαδίδ,
2324 3693 2570 3747 τουτέστι
2626 3696 2692 3763 τῇ
2749 3691 3066 3762 Ἐκκλησία,
3106 3692 3201 3745 τοῦ
3253 3691 3552 3760 πεφηνότος
3600 3693 3663 3743 ὲκ

2079 3785 2389 3855 σπέρματος
2414 3785 2580 3837 Δαϐἱδ
2612 3784 2755 3838 κατὰ
2787 3782 2965 3853 σάρκα
3000 3782 3262 3853 Χριστοῦ,
3300 3801 3318 3834 ι
3354 3784 3468 3847 Πᾶς
3493 3782 3660 3845 τόπος

2076 3875 2228 3930 ἔσται
2288 3875 2770 3946 διανοιγόμενος,ι
2823 3875 3095 3939 τουτέστι,
3147 3875 3317 3946 πολλή
3366 3893 3451 3938 τις
3501 3876 3662 3947 εὐρυ-

2076 3967 2273 4036 χωρία,
2304 3967 2401 4019 καὶ
2427 3965 2537 4020 οἷον
2570 3968 2825 4038 ἀνειμένη
2855 3966 3034 4022 δίαιτα
3060 3968 3384 4039 τριπόθητος
3410 3968 3501 4021 καὶ
3528 3969 3663 4021 ἀπο-

2075 4058 2310 4127 νωτάτη.
2350 4057 2546 4111 ’ἰστέον
2577 4059 2634 4112 δὲ
2673 4060 2755 4111 ὅτι
2786 4060 2847 4112 τὸ
2882 4059 3046 4130 ῥητὸν
3078 4059 3318 4131 Ἑϐραῖοι
3352 4061 3513 4114 πάλιν
3544 4061 3661 4114 ἑτέ-

2079 4167 2185 4219 ρως
2211 4148 2590 4206 ὲκδεδὼκασιν.
2628 4152 2775 4205 Ἀντὶ
2805 4151 2911 4223 γὰρ
2936 4153 3056 4218 τοῦ,
3090 4172 3109 4204 ι
3144 4154 3334 4206 Ἔσται
3365 4154 3473 4217 πᾶς
3498 4152 3661 4214 τόπος

2073 4240 2500 4313 διανοιγόμενος,
2531 4262 2550 4294 ι
2588 4244 2771 4297 πᾶσαν
2817 4243 3035 4298 ἔσεσθαι
3066 4243 3247 4315 πηγὴν
3287 4243 3660 4314 ἀναϐρύουσαν

2075 4333 2283 4404 ἔφησαν
2309 4333 2480 4388 αὐτοί.
2512 4335 2623 4389 Καὶ
2662 4335 2809 4399 εἰκός
2849 4352 2914 4403 γε
2959 4337 3183 4407 σφόδρα,
3224 4336 3317 4389 καὶ
3345 4338 3444 4405 τῆς
3486 4338 3660 4407 ἑρμη-

2078 4424 2224 4488 νείας
2259 4425 2369 4479 τῶν
2412 4425 2819 4497 Ἑϐδομήκοντα
2847 4426 2939 4480 τὸν
2979 4426 3178 4479 σκοπὸν
3215 4427 3296 4489 εἰς
3333 4426 3490 4478 τοῦτο
3530 4425 3662 4478 αὐτὸ

2081 4515 2471 4580 συντείνεσθαι,
2518 4518 2621 4572 κᾶν
2651 4519 2699 4570 εί
2746 4518 2946 4589 ἑτέρως
2981 4518 3093 4587 ἔχοι
3125 4519 3223 4588 τῆς
3256 4511 3365 4570 τῶν
3401 4517 3662 4588 ῥημάτων

2087 4609 2361 4680 προφορᾶς
2385 4609 2413 4660 ὁ
2448 4609 2669 4679 τρόπος,
2700 4610 2786 4662 ἵνα
2813 4628 2865 4663 τι
2896 4607 3188 4684 τοιοῦτονῇ
3218 4611 3279 4663 τὸ
3310 4610 3657 4680 δηλούμενον.

2091 4699 2156 4751 Ἠ
2205 4699 2303 4768 μὲν
2347 4698 2454 4768 γὰρ
2494 4699 2754 4768 ἀπειθὴς,
2803 4700 2897 4754 καὶ
2935 4699 3147 4769 ὲξήνιος
3197 4700 3582 4771 Ἰερουσαλὴμ,
3624 4701 3659 4769 ἡ

2082 4791 2293 4859 πονηρά
2321 4806 2381 4843 τε
2429 4790 2525 4842 καὶ
2556 4791 2886 4859 ἀποστάτις,
2938 4810 2957 4843 ι
2996 4792 3061 4846 Ἠ
3092 4793 3488 4847 ἀποκτείνουσα
3535 4797 3661 4856 τοὺς

2083 4882 2384 4950 προφήτας,
2417 4881 2513 4933 καὶ
2538 4880 2882 4935 λιθοϐολοῦσα
2907 4885 3032 4947 τοὺς
3055 4884 3498 4955 ἀπεσταλμένους
3525 4884 3661 4955 πρὸς

2081 4971 2270 5040 αὐτὴν,
2296 4991 2314 5023 ι
2352 4973 2452 5035 τὰς
2482 4976 2594 5037 τοῖς
2628 4973 2777 5038 ἰδίοις
2807 4974 3152 5046 τολμήμασιν
3194 4976 3471 5045 ἀναλόγως
3508 4976 3663 5046 ἐχού-

2082 5078 2180 5125 σας
2222 5064 2434 5117 ἀποτιεῖ
2470 5065 2647 5129 δίκας.
2684 5068 3077 5137 Ἐκκοπήσεται
3108 5068 3216 5140 γὰρ
3253 5069 3451 5139 ροῶνος
3481 5067 3657 5132 δίκην.

2081 5154 2204 5217 Τοῖς
2249 5170 2311 5222 γε
2348 5153 2453 5225 μὴν
2502 5157 2710 5211 οἰκοῦσι
2757 5158 2856 5229 τὴν
2889 5158 3083 5231 νοητὴν
3122 5159 3508 5231 Ἰερουσαλὴμ,
3540 5160 3657 5228 ἦτοι

2079 5241 2169 5294 τὸν
2199 5240 2345 5296 οἷκον
2378 5244 2565 5311 Ἰούδα,
2598 5247 2844 5301 τουτέστι
2897 5248 3156 5322 Χριστοῦ,
3196 5269 3213 5300 ι
3241 5249 3393 5303 ἕσται
3430 5250 3538 5312 πᾶς
3572 5248 3661 5301 τόο

2082 5354 2181 5399 πος
2219 5337 2638 5410 διανοιγόμενος,
2668 5359 2687 5391 ι
2734 5341 2898 5411 ἤγουν
2927 5343 2985 5395 ὲν
3022 5342 3183 5397 παντὶ
3222 5342 3372 5412 τόπῳ
3400 5342 3570 5411 πηγὴ,
3599 5341 3661 5393 τὸ

2082 5430 2182 5499 τῆς
2222 5431 2539 5500 καθάρσεως
2583 5433 2727 5505 ὕδωρ
2759 5435 3126 5507 ἀναϐρύουσα,
3160 5435 3319 5504 δῆλον
3366 5433 3423 5487 δὲ
3450 5435 3531 5486 ὅτι
3563 5431 3658 5486 τοῦ
3744 5424 3757 5433 “

2086 5522 2241 5591 ἁγίου
2287 5523 2687 5596 βαπτίσματος,
2731 5526 2806 5592 ὡς
2839 5522 2978 5582 εἶναι
3020 5529 3287 5597 χρήσιιιον
3334 5530 3447 5590 τοῖς
3495 5541 3656 5578 πεπι-

2227 5702 2245 5732 ⁷
2281 5701 2470 5758 Matth.
2505 5718 2659 5767 XXIII,
2693 5710 2777 5764 37.
