4042 6196
371 303 478 358 23.9

1180 298 1729 356 COMMLNTAHIUS
1767 297 1835 353 ιω
1877 293 2277 354 ZACIIARIAM
2320 296 2763 358 PROPHETAM.

3529 303 3636 360 '230

377 412 664 473 στευκόσι,
725 430 741 462 ι
773 411 865 464 καὶ
914 411 991 473 εἰς
1044 412 1146 482 τὴν
1196 417 1571 485 μετακίνησιν,
1621 415 1715 468 καὶ
1749 416 1828 478 είς
1869 413 1961 468 τὸν

2069 417 2139 470 ab
2177 415 2366 470 tnnbra
2407 417 2470 470 ad
2499 417 2802 481 veritatem,
2839 431 2868 470 a
2893 425 3016 487 typo
3035 425 3090 471 et
3132 413 3310 471 littera
3338 417 3405 472 ad
3431 415 3636 473 cultum

375 502 694 577 ῥαντισμὸν.
723 519 742 552 ι
775 502 885 553 Καὶ
913 501 994 564 τίς
1040 503 1074 571 ὴ
1112 505 1495 573 μετακίνησις;
1539 506 1810 558 Ἰουδαίων
1860 505 1958 576 μὲν

370 598 436 649 ἐκ
468 593 700 664 νομικῆς
729 594 955 663 ἀγωγῆς
1000 595 1081 657 είς
1122 595 1395 650 πολιτείαν
1430 597 1530 668 τὴν
1572 597 1666 650 ἐπὶ
1703 595 1956 668 Χριστῷο

371 687 482 741 ἀπὸ
519 687 679 749 σκιᾶς
720 686 799 749 εἰς
840 684 1118 756 ἀλήθειαν,
1161 687 1224 740 ἐκ
1260 686 1431 741 τύπου
1466 689 1560 742 καὶ
1601 690 1956 760 γράμματος,

372 784 453 843 είς
491 779 747 847 λατρείαν
794 779 1191 848 πνευματικήν.
1223 779 1454 851 Ἕλλησι
1501 781 1556 834 δὲ
1607 781 1960 852 μετακίνησις

374 871 456 932 τίς
487 869 673 934 Eant;
713 868 802 931 Ἐξ
851 868 1109 931 ἀπιστίας
1158 869 1384 938 ἥκουσιν
1428 871 1521 923 ἐπὶ
1566 871 1625 923 τὸ
1670 871 1958 924 πιστεῦσαι

351 953 630 1029 ’Χριστῷο
672 956 731 1023 ἐξ
775 956 1045 1026 ἀμαθείας
1094 955 1191 1025 τῆς
1244 957 1498 1028 πρώτης,
1542 961 1620 1022 είς
1661 959 1959 1028 ἐπίγνωσιν

373 1047 656 1118 ἀκραιφνῆ
695 1046 789 1100 τοῦ
821 1047 964 1100 κατὰ
1008 1047 1263 1118 ἀλήθειαν
1297 1049 1449 1114 ὅντος
1479 1049 1648 1102 Θεοῦ·
1681 1051 1788 1103 ἀπὸ
1835 1051 1960 1104 σκό-

371 1157 496 1201 τους
555 1140 635 1201 είς
682 1138 978 1208 φωτισμόν.
1040 1138 1412 1209 Μετακίνησις
1457 1139 1514 1193 δέ
1565 1141 1748 1212 κοινὴ,
1796 1143 1958 1194 παντὶ

374 1231 663 1296 πρέπουσα
688 1228 766 1296 τῷ
796 1228 1116 1298 κεκλημένῳ
1143 1228 1232 1282 διὰ
1267 1230 1368 1300 τῆς
1405 1230 1642 1295 πίστεως
1664 1272 1678 1294 ,
1725 1231 1958 1301 Ἰουδαίῳ

375 1336 435 1372 τε
468 1320 563 1372 καὶ
585 1319 830 1387 Ἕλληνι,
858 1318 966 1371 ἀπὸ
994 1317 1086 1372 τοῦ
1128 1323 1344 1390 φρονεῖν
1385 1320 1455 1374 τὰ
1503 1319 1726 1392 σαρκὸς,
1769 1321 1860 1374 ἐπὶ
1898 1321 1960 1374 τὸ

373 1411 590 1463 ἐλέσθαι
622 1409 720 1480 ζῇν
752 1411 934 1475 ὁσίως,
974 1411 1068 1464 καὶ
1111 1411 1389 1481 καθαρῶς,
1421 1412 1516 1466 καὶ
1550 1415 1870 1484 περιπατεῖν
1899 1414 1958 1465 ἐν

373 1501 684 1570 πνεύματι,
726 1501 867 1554 κατά
896 1503 994 1570 τὴν
1023 1504 1118 1555 τοῦ
1155 1502 1429 1574 μακαρίου
1474 1503 1689 1556 Παύλου
1735 1504 1955 1572 φωνήνο

372 1596 438 1646 ἐκ
466 1593 559 1645 τοῦ
581 1595 745 1663 τιμᾷν
770 1592 836 1645 τὰ
867 1595 924 1644 ἐν
963 1596 1153 1663 κόσμῳ
1180 1595 1260 1656 είς
1291 1593 1352 1646 τὸ
1377 1595 1658 1664 ἀγαπῆσαι
1688 1596 1757 1648 τὰ
1787 1595 1959 1665 ύπερο

373 1685 596 1753 κόσμια.
625 1685 746 1736 Ὅτι
775 1683 833 1736 δὲ
866 1683 924 1736 τὸ
965 1683 1106 1737 θεῖον
1144 1685 1238 1737 καὶ
1278 1685 1418 1756 ἱερὸν
1451 1685 1729 1755 δεχόμενοι
1760 1685 1957 1756 βάπτι-

2061 507 2418 577 spiritualem.
2456 509 2712 576 Qnmnam
2755 520 2934 563 autem
2976 507 3285 563 Gmeorum
3315 510 3420 563 erit
3461 520 3640 563 trans-

2062 602 2333 658 mutatio?
2387 604 2459 657 Ex
2510 601 2890 658 incredulitate
2939 599 3004 654 ad
3053 597 3272 653 Christo
3311 599 3640 655 credendum

2060 693 2319 758 veniunt,
2351 705 2405 749 et
2450 709 2517 749 ex
2558 694 2866 766 ignorantia
2910 690 3147 744 maxima
3198 689 3264 744 ad
3304 690 3639 759 agnitionem

2060 799 2249 853 puram
2303 787 2420 841 veri
2478 787 2606 853 Dei;
2653 801 2683 840 a
2714 784 2985 840 -tenehris
3034 783 3100 836 ad
3156 782 3639 836 illuminatlonem.

2063 870 2468 929 Transmutatio
2498 884 2678 930 autem
2727 873 3054 938 communis,
3087 873 3310 927 cuilibet
3350 885 3447 942 per
3482 872 3640 925 iidem

2059 973 2252 1016 vocato
2281 965 2636 1030 conveniens,
2671 963 2854 1019 .Indaeo
2881 974 2934 1017 et
2961 964 3171 1029 Graeco,
3213 981 3241 1018 a
3290 965 3548 1032 sapiendo
3575 979 3640 1019 ea

2059 1070 2180 1122 qua:
2223 1056 2404 1110 carnis
2457 1066 2582 1111 sunt
2625 1059 2690 1110 ad
2733 1065 2920 1110 sancte
2953 1069 3015 1109 ac
3068 1071 3201 1125 pure
3248 1055 3461 1110 vivendi
3495 1065 3549 1110 et
3585 1055 3640 1110 in

2063 1150 2256 1216 spiritu
2288 1150 2598 1205 ambulandi
2625 1149 2934 1213 consilium,
2967 1149 3042 1202 uti
3075 1150 3268 1202 beatus
3298 1146 3496 1201 Paulus
3523 1148 3644 1201 hor-

2059 1241 2284 1306 tatur';
2322 1257 2387 1294 ex
2422 1242 2780 1294 admiratione
2808 1255 2996 1295 eorum
3031 1253 3148 1308 qua:
3184 1238 3235 1292 in
3281 1239 3486 1292 mundo
3514 1245 3644 1291 sunt

2059 1332 2126 1384 ad
2183 1331 2450 1401 diligenda
2499 1346 2619 1400 quas
2666 1345 2828 1400 supra
2886 1330 3147 1383 mundum
3198 1335 3344 1380 sunt.
3390 1326 3640 1380 Divinum

2067 1435 2232 1488 porro
2259 1431 2315 1476 et
2363 1437 2577 1476 sacrum
2614 1422 2884 1492 baptisma
2915 1419 3272 1489 suscipientes
3300 1432 3398 1472 nos
3428 1418 3640 1487 aspergi

2059 1512 2324 1581 sanguine
2374 1513 2576 1567 Christi
2638 1512 2704 1566 ad
2757 1511 3205 1582 expurgationem
3251 1509 3480 1578 peccati,
3518 1510 3642 1578 (piis

2060 1603 2308 1658 dubitet?
2349 1603 2489 1675 Ergo
2523 1603 2609 1657 via
2661 1604 2726 1658 ad
2768 1602 3275 1658 transmutationem
3356 1610 3411 1655 et
3457 1613 3640 1668 asper-

2061 1692 2266 1748 sionem
2299 1695 2518 1749 domum
2549 1694 2687 1748 inda
2719 1694 3090 1748 habitantibus
3113 1693 3348 1746 salutare
3373 1690 3640 1760 baptisma

373 1792 487 1844 σμα
536 1773 899 1843 ραντιζόμεθα
942 1775 1019 1845 τῷ
1053 1775 1245 1845 αἵματι
1277 1775 1514 1847 Χριστοῦ
1555 1776 1698 1849 ’πρὸς
1743 1777 1954 1831 ἀποκά-

2064 1791 2160 1847 est,
2194 1782 2310 1837 sive
2348 1783 2528 1838 omnis
2563 1783 2713 1838 locus
2755 1791 2997 1851 apertus,
3031 1782 3146 1836 sive
3177 1781 3354 1835 omnis
3394 1779 3516 1833 l'ons
3550 1779 3642 1832 di-

372 1865 566 1935 θαρσιν
610 1865 905 1936 ἁμαρτίας,
939 1866 1056 1930 πῶς
1094 1867 1159 1919 ἂν
1201 1867 1493 1921 ἐνδοιάσειέ
1523 1884 1638 1932 τις;
1670 1868 1879 1922 Οὐκοῦν
1921 1870 1954 1937 ἠ

367 1957 489 2020 ὁδὸς
525 1958 558 2026 ἡ
586 1958 666 2019 είς
699 1957 1051 2028 μετακίνησιν
1089 1957 1184 2009 καὶ
1213 1959 1292 2020 εἰς
1327 1958 1619 2028 ῥαντισμὸν
1647 1962 1760 2022 τοῖς
1793 1961 1851 2013 ἐν
1878 1960 1956 2030 τῷ

2066 1874 2286 1939 Iatatus,
2345 1883 2399 1929 et
2422 1873 2762 1946 purgationis
2801 1885 2896 1926 seu
2928 1869 3258 1940 expiationis
3287 1885 3426 1939 aqua
3457 1877 3642 1924 scatu-

2066 1980 2230 2020 rtens.

369 2046 506 2116 οἴκῳ
540 2046 730 2110 Ἰούδα,
758 2047 820 2099 τὸ
849 2047 1114 2116 σωτήριον
1147 2047 1450 2118 βάπτισμα,
1517 2048 1636 2117 ἦτοι
1677 2051 1784 2113 πᾶς
1828 2050 1989 2116 τόπος
2025 2055 2448 2128 διανοιγόμενος,
2513 2051 2682 2125 ἤγουν
2720 2055 2872 2108 πᾶσα
2913 2053 3064 2126 πηγὴ
3108 2050 3552 2123 κατευρυνομένη
3577 2064 3637 2104 τε

371 2138 466 2191 καὶ
495 2135 840 2208 ἀναῦρύουσα
865 2136 926 2189 τὺ
955 2137 1055 2208 τῆς
1086 2138 1406 2209 καθάρσεως
1436 2137 1598 2210 ὕδωρ.

445 2229 554 2281 Kal
595 2229 766 2282 ἔσται
799 2228 868 2280 ἐν
899 2226 974 2295 τῇ
1030 2227 1220 2296 ἡμέρῃ
1268 2227 1501 2295 ἐκείνῃ,
1544 2228 1706 2298 λέγει
1739 2231 1958 2298 Κύριος

373 2319 637 2383 Σαϐαὼθ,
667 2318 1078 2385 ἐξολοθρεύσω
1111 2317 1181 2370 τὰ
1214 2318 1477 2385 ὀνόματα
1525 2316 1647 2371 τῶν
1697 2319 1958 2373 εἰδώλων

371 2413 489 2464 ἀπὸ
531 2410 639 2478 τῆς
682 2409 826 2479 γῆς,
867 2410 963 2463 καὶ
1023 2408 1221 2462 οὐκέτι
1295 2409 1467 2462 ἔσται
1517 2411 1716 2464 αὐτῶν
1754 2413 1953 2480 μνεία.

375 2505 480 2558 Kal
527 2503 671 2567 τοὺς
725 2500 1262 2570 ψευδοπροφήτας,
1316 2501 1434 2558 καὶ
1469 2500 1537 2554 τὸ
1593 2503 1828 2573 πνεῦμα
1884 2503 1953 2558 τὸ

372 2595 709 2662 ἀκάθαρτον
736 2592 926 2661 ἐξίιρῶ
951 2593 1067 2646 ἀπὸ
1099 2591 1209 2660 τῆς
1240 2590 1372 2660 τῆς.

445 2689 558 2753 ιιῑο.
600 2685 783 2738 Πάντα
829 2684 963 2754 πρδς
1006 2683 1066 2735 τὸ
1117 2684 1337 2752 ἄμεινον
1395 2683 1852 2756 μετακεχώρηκεν
1900 2685 1958 2736 ἐν

374 2777 614 2849 Χριστῷ,
643 2777 737 2830 καὶ
762 2776 922 2846 καινὴ
949 2778 1124 2836 κτίσις
1152 2774 1220 2827 τὰ
1249 2775 1307 2826 ἐν
1334 2773 1572 2845 Χριστῷ,
1604 2775 1703 2844 τῆς
1727 2775 1959 2844 ἀρχαίας

377 2869 711 2940 σαθρότητος
739 2867 1076 2920 ἀποϐαλόντα
1109 2865 1201 2920 τδν
1241 2865 1451 2936 μῶμον.
1484 2865 1714 2937 Ἀτρεκῆ
1743 2866 1800 2920 δὲ
1835 2867 1962 2920 ὄντα

372 2959 468 3012 τὸν
489 2960 580 3012 ἐπὶ
597 2958 732 3028 τῷδε
754 2957 911 3025 λόγον
929 2957 1130 3010 κατίδοι
1151 2974 1234 3020 τις
1255 2956 1322 3009 ἂν
1344 2956 1402 3022 ἐξ
1425 2955 1677 3023 αὑτῶν,εί
1696 2957 1956 3026 βούλοιτο,

2136 2231 2299 2286 Vens.
2331 2229 2386 2282 2.
2430 2227 2496 2281 Et
2547 2229 2645 2282 erit
2668 2228 2720 2281 in
2757 2227 2843 2280 die
2882 2225 2998 2291 illa,
3046 2226 3172 2279 dicit
3223 2225 3484 2281 Dominus
3537 2226 3641 2283 Sa-

2065 2324 2241 2386 baotlt,
2278 2321 2577 2391 disperdat»
2608 2320 2822 2372 nomina
2860 2318 3124 2372 idolorum
3148 2319 3212 2372 de
3235 2327 3400 2384 terra,
3435 2331 3482 2373 et
3528 2337 3636 2375 non

2062 2415 2159 2468 erit
2194 2414 2337 2467 ultra
2369 2428 2552 2468 eorum
2600 2411 2877 2467 memoria.
2933 2409 3000 2464 Et
3039 2411 3547 2482 pseudoprophetas,
3585 2423 3634 2468 et

2063 2506 2308 2575 spiritum
2334 2505 2662 2558 immundum
2690 2503 2931 2572 auferam
2959 2502 3024 2557 de
3051 2512 3214 2556 terra.

2136 2679 2345 2736 XCVII.
2379 2679 2575 2734 Omnia
2609 2680 2662 2733 in
2689 2686 2888 2734 statum
2931 2678 3209 2732 meliorem
3245 2677 3549 2746 migrarunt
3582 2679 3634 2734 in

2065 2773 2303 2839 Christo,
2335 2781 2391 2828 et
2420 2787 2538 2842 qua:
2572 2773 2625 2826 in
2650 2785 2717 2825 eo
2741 2779 2868 2826 sunt
2900 2783 3040 2824 nova
3064 2778 3313 2823 creatura
3343 2771 3388 2836 ⁹,
3417 2784 3637 2826 marco-

2073 2863 2147 2918 ris
2181 2864 2386 2932 antiqui
2423 2861 2635 2930 ahjecto
2665 2861 2950 2916 dedecore.
2984 2859 3062 2913 Ac
3094 2858 3383 2913 verborum
3413 2858 3633 2928 quidem

2071 2955 2296 3010 istorum
2324 2955 2610 3009 veritatem
2637 2967 2704 3008 ex
2747 2952 2881 3022 ipsis
2914 2965 3130 3022 quoque
3154 2951 3319 3006 rebus
3365 2951 3633 3020 quispiam

374 3050 482 3103 τῶν
530 3050 890 3119 πραγμάτιον.
945 3047 1056 3120 Πρὸ
1113 3048 1212 3119 μὲν
1249 3048 1360 3117 γὰρ
1390 3049 1498 3100 τῶν
1536 3049 1636 3118 τῆς
1671 3048 1963 3120 ἐπιδημίας

2069 3045 2424 3116 perspexerit.
2458 3045 2599 3098 Ante
2631 3052 2872 3112 tempora
2920 3041 3063 3096 enim
3105 3041 3386 3106 adventus,
3417 3040 3639 3110 quando

373 3141 609 3210 καιρῶν,
635 3140 788 3193 οὔπω
815 3140 940 3192 καθ’
972 3142 1119 3210 ἡμᾶς
1156 3139 1441 3207 γεγονότος
1469 3139 1561 3192 τοῦ
1595 3141 1952 3208 Μονογενοῢς,

370 3233 499 3284 οὔτε
539 3233 645 3303 μὴν
671 3231 748 3302 τῷ
773 3231 903 3302 θείῳ
933 3232 1072 3300 φωτὶ
1096 3231 1163 3284 τά
1191 3231 1368 3284 πάντα
1398 3233 1952 3303 περιαστράπτοντος,

372 3322 543 3392 ἀχλὺς
573 3319 642 3393 ἦν
686 3322 800 3386 ἔτι,
846 3325 938 3374 καὶ
977 3322 1167 3384 σκότος
1215 3322 1273 3374 ἐν
1317 3325 1438 3386 ταῖς
1475 3323 1583 3375 τῶν
1615 3322 1786 3377 ἐθνῶν
1820 3340 1957 3395 καρ-

373 3412 533 3474 δίαις.
575 3412 892 3481 Ἐλάτρευον
921 3411 1031 3480 γὰρ
1079 3409 1351 3473 εἰδώλοις,
1395 3411 1490 3464 καὶ
1521 3411 1838 3475 δυσϐουλίας
1877 3413 1957 3475 εἰς

374 3503 538 3556 τοῦτο
583 3501 936 3566 κατώλισθον,
967 3501 1042 3563 ὡς
1077 3500 1282 3566 ξύλοις,
1323 3501 1420 3553 καὶ
1459 3501 1626 3564 λίθοις
1677 3501 1955 3555 ἀναθεῖναι

377 3595 440 3646 τὸ
468 3593 653 3655 σέϐας,
678 3593 771 3645 καὶ
799 3595 907 3654 τοῖς
937 3591 1264 3662 ἀκαθάρτοις
1293 3591 1510 3661 δαίμοσι
1539 3591 1640 3655 τὰς
1677 3592 1796 3660 Θεῷ
1827 3608 1956 3661 πρε-

379 3685 587 3746 πούσας
615 3683 875 3736 ἀνάπτειν
907 3683 1088 3752 τιμάς.
1116 3683 1224 3736 Καὶ
1251 3683 1412 3735 ταυτὶ
1440 3684 1536 3752 μὲν
1562 3683 1662 3752 τῆς
1686 3683 1794 3736 τῶν
1823 3682 1958 3735 πλα-

378 3774 637 3843 νωμένων
663 3773 989 3844 ἀϐελτηρίας
1023 3772 1091 3825 τά
1130 3772 1472 3842 ἐγκλήματα.
1507 3772 1665 3842 Παρά
1693 3772 1750 3824 δέ
1789 3789 1853 3840 γε
1880 3772 1958 3842 τῷ

391 3863 628 3935 Ἰσραὴλ,
660 3864 718 3927 ὃς
755 3864 850 3917 καὶ
876 3863 1189 3926 ἀπόδεκτος,
1226 3863 1320 3914 καὶ
1363 3862 1520 3932 μερὶς
1553 3861 1780 3933 Κυρίου,
1815 3862 1958 3916 κατά

377 3956 442 4009 τὸ
486 3957 895 4027 γεγραμμένον,
929 3953 1216 4024 σχοίνισμά
1256 3970 1318 4006 τε
1365 3953 1726 4023 κληρονομίας
1767 3953 1954 4017 αὑτοῦ,

378 4051 617 4119 τοσαύτη
650 4067 734 4112 τις
775 4045 844 4120 ἦν
883 4048 1030 4119 ὴθῶν
1062 4065 1123 4102 τε
1165 4049 1258 4102 καὶ
1299 4049 1517 4119 τρόπων
1565 4048 1838 4119 ἐξιτηλία,
1882 4049 1958 4111 ὡς

378 4141 564 4210 ὀλίγου
601 4141 699 4209 μὲν
726 4138 1005 4205 ἀξιοῦσθαι
1033 4139 1214 4207 λόγου,
1246 4138 1421 4192 καίτοι
1466 4139 1603 4208 πρὸς
1638 4139 1957 4209 ἐπικουρίαν

381 4235 569 4295 αὐτοῖς
601 4233 820 4286 δοθέντα
848 4232 940 4285 τὸν
969 4231 1152 4303 νόμον,
1195 4231 1290 4283 καὶ
1331 4230 1432 4283 οὐκ
1471 4230 1739 4294 ἀνικάνως
1767 4230 1957 4299 ἔχοντα

382 4325 521 4395 πρὸς
563 4324 935 4392 παιδαγωγίαν
971 4323 1072 4393 τὴν
1117 4322 1208 4374 ἐπί
1237 4337 1302 4390 γε
1329 4321 1409 4391 τῷ
1453 4321 1652 4390 χρῆναι
1687 4319 1833 4390 βιοῦν
1872 4321 1960 4390 ὀρ·

2066 3140 2300 3196 nondum
2330 3152 2527 3206 corpus
2561 3135 2729 3190 ullum
2767 3135 3018 3189 induerat
3070 3131 3414 3203 Uulgenitus,
3461 3146 3638 3201 neque

2063 3231 2251 3286 divino
2291 3230 2496 3284 lumine
2521 3229 2705 3284 omnia
2725 3227 3206 3293 collustrabantur,
3260 3228 3438 3282 adhuc
3463 3226 3640 3295 caligo

2063 3333 2117 3380 et
2139 3325 2372 3378 tenelme
2398 3323 2448 3376 in
2481 3321 2730 3376 cordibus
2755 3320 2992 3389 gentium
3017 3327 3190 3373 erant.
3212 3318 3474 3373 Colebant
3494 3318 3636 3372 enim

2063 3415 2373 3476 simulacra,
2405 3427 2578 3482 eoque
2607 3411 2851 3466 stultitia:
2877 3411 3272 3464 descenderant
3306 3417 3366 3462 ut
3406 3409 3551 3478 ligna
3581 3415 3638 3462 et

2065 3507 2270 3576 lapides
2300 3505 2497 3560 divinis
2526 3502 2864 3558 caeremoniis
2911 3499 3208 3564 allieerent,
3241 3508 3297 3553 et
3339 3498 3637 3553 immundis

2065 3598 2398 3654 datmonibus
2438 3597 2546 3652 Deo
2578 3603 2942 3662 congruentes
2963 3592 3196 3644 honores
3241 3590 3634 3659 impenderent.

2065 3689 2130 3744 Et
2161 3690 2273 3744 haec
2301 3688 2517 3757 (pridem
2540 3685 2839 3741 errantium
2861 3683 3096 3738 vesania;
3128 3682 3358 3736 crimina
3389 3679 3632 3738 fuerunt.

2064 3781 2217 3852 Apud
2275 3779 2530 3835 lsraelem
2591 3791 2718 3832 vero
2766 3782 3044 3844 acceptum
3095 3773 3242 3828 illum
3273 3814 3288 3838 ,
3331 3783 3386 3827 et
3425 3781 3633 3842 partem

2067 3871 2301 3936 Domini,
2339 3870 2476 3922 sicut
2501 3870 2762 3936 scriptum
2799 3874 2882 3918 est
2914 3864 2978 3929 ¹⁰,
3021 3872 3076 3916 et
3124 3862 3420 3916 funiculum
3466 3861 3638 3916 haere-

2065 3963 2253 4018 ditatis
2299 3962 2436 4031 ejus,
2469 3969 2616 4014 tanta
2665 3966 2782 4011 erat
2814 3955 3270 4010 consuetudinum
3307 3964 3472 4022 atque
3515 3968 3636 4010 mo-

2066 4067 2184 4106 rum
2232 4051 2478 4114 fatuitas,
2519 4057 2577 4101 ut
2609 4047 2802 4117 legem,
2835 4045 3079 4114 quamvis
3110 4045 3176 4097 ad
3228 4043 3488 4097 auxilium
3529 4044 3634 4098 sibi

2065 4143 2269 4207 datam,
2300 4155 2399 4194 nec
2422 4140 2488 4194 ad
2511 4137 2906 4192 institutionem
2933 4135 3054 4188 vitae
3077 4134 3129 4188 in
3151 4133 3366 4188 Christo
3394 4133 3636 4203 probata:

2066 4229 2471 4286 insuliicientem
2527 4227 3012 4295 parvipenderent,
3060 4225 3348 4293 potiusque
3403 4223 3468 4277 ad
3506 4237 3634 4293 gen-

2069 4321 2200 4374 tium
2232 4331 2446 4373 errores
2475 4316 2778 4385 sequendos
2817 4315 3011 4370 stolide
3059 4313 3428 4379 declinarent,
3466 4313 3634 4367 [initi-

383 4415 514 4478 θῶς,
544 4415 837 4468 ἀπονεῦσαι
863 4414 919 4466 δέ
955 4413 1154 4484 μᾶλλον
1183 4412 1320 4484 πρὸς
1347 4411 1408 4464 τὸ
1434 4410 1544 4464 δεῖν
1569 4409 1812 4472 ἀϐούλως
1837 4411 1955 4470 ταῖς

2067 4422 2382 4477 marumqne
2451 4405 2874 4474 superstitiones
2927 4404 3097 4474 788
3157 4402 3630 4471 amplecterentur.

380 4506 493 4558 τῶν
540 4505 708 4558 ἐθνῶν
756 4503 1186 4574 ἀποκομίζεσθαι
1237 4503 1495 4568 πλάναις,
1545 4503 1639 4555 καὶ
1684 4503 1802 4560 ταῖς
1851 4499 1958 4553 τῶν

2065 4499 2345 4554 Falsorum
2383 4496 2526 4549 enim
2556 4496 2943 4564 prephetarum
2973 4490 3246 4545 vaticiniis
3295 4489 3626 4543 absurdissi-

381 4598 598 4669 ὁμόρων
641 4573 1086 4665 δεισιδαιμονίαις
1139 4597 1392 4664 στοιχεῖν.
1447 4593 1808 4665 Προσέκειντο
1861 4591 1958 4661 μὲν

2067 4603 2154 4642 me
2217 4584 2570 4641 inhazrebant.
2635 4582 2872 4647 Quorum
2931 4578 3020 4632 alii
3080 4577 3343 4631 idolorum
3392 4573 3630 4627 ministri

381 4691 514 4761 γὰρ,
546 4691 641 4742 καὶ
678 4689 796 4741 λίαν
832 4688 1096 4750 ἐκτόπως,
1136 4689 1248 4750 τοῖς
1276 4685 1386 4740 τῶν
1415 4683 1780 4755 ψευδωνύμων
1826 4699 1962 4753 προ-

381 4779 571 4850 φητῶν
615 4779 1003 4849 μαντεύμασιν.
1031 4781 1092 4832 Οἱ
1122 4778 1220 4848 μὲν
1248 4778 1357 4848 γὰρ
1391 4778 1500 4830 τῶν
1531 4776 1759 4829 εἰδώλων
1794 4775 1957 4845 θερα-

383 4872 602 4933 πευταὶ,
629 4873 741 4932 τοῖς
765 4869 1008 4940 βεϐήλοις
1053 4868 1302 4938 τεμένεσι
1335 4867 1786 4939 προσιζήσαντες,
1828 4881 1961 4934 χρη-

384 4961 641 5031 σμολόγοι
662 4977 723 5012 τε
749 4955 911 5029 ἦσαν,
943 4959 1039 5013 καὶ
1062 4959 1377 5028 ψευδοεπεῖς
1396 4975 1409 4988 ·
1437 4958 1486 5009 οἱ
1511 4955 1569 5009 δὲ
1598 4957 1688 5009 καὶ
1717 4956 1794 5021 τὸ,
1832 4974 1851 5006 σ
1884 4955 1960 5024 Ζῇ

383 5053 609 5123 Κύριος,
638 5070 657 5103 ι
691 5052 783 5104 ἐπὶ
825 5051 1073 5120 γλώττης
1123 5049 1370 5120 ἔχοντες,
1415 5049 1510 5102 καὶ
1557 5047 1798 5100 εὐσεϐεῖν
1832 5046 1964 5098 ὑπο-

385 5144 766 5214 πλαττόμενοι,
797 5145 889 5196 καὶ
923 5140 1034 5196 οἷον
1065 5141 1337 5214 προϐάτου
1368 5141 1498 5212 δορᾷ
1533 5139 1626 5193 τὸν
1653 5139 1814 5192 λύκον
1844 5139 1963 5191 ἐπιο

385 5235 730 5298 σκιάζοντες,
767 5235 828 5287 τὸ
857 5234 955 5303 τῆς
986 5233 1321 5306 προφητείας
1359 5231 1530 5300 ὄνομα
1573 5247 1752 5299 σφισιν
1783 5228 1964 5290 αὐτοῖς

385 5327 756 5398 περιτιθέντες
787 5329 836 5381 οἱ
868 5327 1131 5392 τάλανες,
1179 5327 1273 5380 καὶ
1309 5325 1410 5394 τὴν
1459 5323 1550 5375 ἐπὶ
1592 5322 1766 5391 τούτῳ
1808 5320 1962 5386 δόξαν

385 5420 620 5481 ἀνοσίως
661 5419 1039 5489 ἁρπάζοντες,
1088 5417 1464 5487 ἀπηρεύγοντο
1507 5413 1566 5465 τὸ
1611 5411 1820 5473 δοκοῦν,
1869 5410 1964 5462 καὶ

386 5513 514 5574 τοὺς
554 5510 654 5579 τῆς
695 5510 872 5563 αὐτῶν
921 5510 1145 5580 καρδίας
1180 5506 1492 5577 λογισμοὺς,
1538 5504 1689 5558 θείαν
1728 5501 1964 5570 ἔφασκον

463 5685 486 5716 ⁸
511 5682 666 5738 Rom.
698 5699 814 5751 vm,
835 5685 866 5740 4
893 5697 1045 5754 seqq.

2067 4677 2309 4749 profanis
2347 4674 2560 4744 templis
2584 4674 2908 4736 assidentes,
2937 4680 2991 4726 et
3024 4668 3244 4726 oracula
3272 4677 3327 4723 et
3351 4665 3634 4721 mendacia

2064 4769 2467 4837 loquebantur:
2502 4765 2613 4829 alii,
2653 4782 2672 4816 ι
2709 4761 2852 4816 Vivit
2880 4761 3144 4817 Dominus
3179 4779 3197 4813 ι
3235 4760 3288 4814 in
3322 4759 3501 4831 lingua
3535 4759 3632 4815 lia-

2067 4861 2275 4923 bentes,
2317 4869 2372 4913 et
2415 4856 2669 4926 pietatem
2715 4854 3032 4910 simulantes
3075 4863 3131 4908 et
3171 4862 3422 4923 tanquam
3472 4853 3634 4908 ovilla

2067 4953 2204 5022 pelle
2235 4951 2416 5018 lupum
2456 4954 2832 5015 eontegentes,
2860 4945 3350 5014 prophetarumque
3395 4943 3633 5012 appella-

2073 5047 2271 5096 tionem
2302 5040 2401 5095 sibi
2428 5040 2559 5108 ipsis
2587 5047 2920 5106 arrogantes,
2946 5035 3151 5098 miseri,
3177 5043 3228 5089 et
3262 5033 3487 5104 gloriam
3512 5034 3632 5102 ejus

2070 5125 2278 5189 nefarie
2307 5131 2598 5200 rapientes,
2624 5131 2762 5198 quod
2793 5127 2992 5181 libebat
3015 5125 3357 5189 eructabant,
3383 5130 3437 5177 et
3471 5135 3632 5176 sensa

2069 5225 2249 5281 cordis
2278 5224 2357 5277 sui
2393 5222 2630 5276 divinum
2662 5233 2781 5274 esse
2804 5217 3087 5272 consilium
3127 5214 3500 5268 autumabant.
3527 5211 3633 5264 Stt-

2070 5333 2167 5387 pcr
2207 5313 2512 5383 huiusmodi
2547 5322 2652 5365 tam
2698 5309 2934 5380 projecte
2965 5306 3258 5361 audacibus
3288 5303 3448 5357 etiam
3493 5315 3634 5368 pro-

2073 5410 2232 5476 pheta
2274 5403 2538 5458 Jeremias
2587 5401 2962 5455 universorum
3022 5394 3307 5450 Dominum
3355 5391 3516 5445 Deum
3558 5391 3633 5444 ita

2071 5495 2355 5565 compellat
2387 5511 2399 5546 :
2439 5512 2458 5543 ι
2488 5491 2587 5556 Qui
2632 5504 2713 5555 es,
2747 5485 3003 5551 Domine;
3034 5496 3160 5539 ecce
3209 5481 3480 5550 propheta:
3503 5493 3634 5548 pro-

1122 5684 1141 5713 ⁹
1169 5684 1207 5734 ll
1239 5681 1364 5736 Cor.
1399 5696 1451 5746 v,
1484 5679 1572 5734 l7.
1653 5679 1696 5710 '°
1731 5677 1883 5732 Deut.
1911 5690 2082 5736 xxxn,
2109 5676 2160 5727 9.
