4042 6196
427 280 526 334 251

1406 277 1465 331 s.
1505 274 1779 336 cvntLLI
1823 253 2287 332 ALEXANDle
2330 276 2644 332 ARCIIIEP.

3562 279 3665 333 252

422 397 671 465 phetant,
700 405 753 450 ct
783 397 967 451 dicunt
1004 415 1016 448 :
1058 395 1174 450 Non
1233 396 1479 451 videbitis
1518 397 1780 467 gladium,
1817 407 1871 453 et
1910 399 1989 451 fa-

2095 397 2231 452 εἷναι
2265 400 2479 470 βουλήν.
2528 401 2661 470 Περὶ
2691 398 2798 451 τῶν
2838 397 2904 450 τὰ
2933 395 3110 450 τοιάδε
3151 395 3354 466 τολμᾷν
3399 391 3662 446 εἰωθότων

424 502 540 542 rues
578 503 682 541 non
735 490 838 542 erit
891 489 942 542 in
986 487 1155 550 vobis,
1189 487 1314 555 quia
1374 488 1652 542 veritatem
1703 498 1756 543 et
1801 504 1988 558 pacem

421 577 560 630 dabo
583 577 634 630 in
672 585 836 640 terra,
869 587 923 630 et
960 577 1010 629 in
1043 576 1158 630 loco
1189 578 1292 629 isto
1326 576 1392 629 ιι.
1423 595 1442 628 ι
1479 576 1542 629 Ει
1570 578 1636 631 ad
1665 577 1778 631 haec
1807 577 1945 632 Deus
1973 596 1987 632 :

425 683 446 717 ι
475 665 631 720 Falsa
663 667 938 734 propheta:
969 668 1292 735 prophetant
1327 667 1380 721 in
1431 669 1653 723 nomine
1693 682 1832 724 meo.
1871 669 1988 724 Non

423 758 544 810 misi
573 773 686 821 eos,
723 768 777 812 et
810 773 915 812 non
959 759 1206 812 mandavi
1238 758 1340 824 eis,
1379 769 1434 814 et
1467 773 1570 814 non
1613 775 1731 814 sum
1780 760 1990 816 loculus

422 848 487 900 ad
535 863 648 912 eos,
682 859 735 901 et
779 849 1012 904 visiones
1048 851 1356 913 mendaces,
1403 859 1458 904 et
1507 851 1888 917 divinationes,
1936 862 1991 907 et

421 939 670 1007 auguria,
701 947 756 991 et
793 939 1089 993 electiones
1119 941 1302 994 cordis
1331 939 1415 992 sui
1452 939 1551 1005 ipsi
1578 939 1741 993 locuti
1773 949 1898 997 sunt
1923 940 1990 993 ad

420 1043 534 1092 eos,
563 1037 611 1082 et
642 1029 742 1096 ipsi
770 1029 932 1083 locuti
961 1039 1086 1084 sunt
1109 1031 1209 1095 eis,
1239 1041 1294 1084 et
1322 1032 1418 1100 ipsi
1449 1032 1843 1101 prophetabant
1866 1033 1928 1086 ".
1965 1050 1981 1083 ι

422 1115 812 1184 Mendaciloqui
846 1118 990 1171 enim
1046 1129 1224 1183 erant,
1267 1127 1326 1170 ut
1367 1119 1500 1185 dixi,
1532 1127 1588 1172 et
1637 1119 1880 1186 turpibus
1910 1118 1989 1171 vi-

421 1209 491 1260 cti
532 1208 885 1276 qnmsticulis,
919 1210 983 1261 de
1012 1209 1172 1262 corde
1194 1223 1290 1264 suo
1313 1208 1658 1264 audientibus
1689 1209 1987 1277 loqueban-

425 1308 531 1361 tur,
566 1308 620 1349 nt
653 1299 913 1366 scriptum
951 1308 1057 1362 est,
1097 1317 1113 1348 ι
1165 1287 1219 1351 cl
1255 1313 1360 1351 non
1405 1299 1469 1352 de
1499 1315 1591 1352 ore
1623 1298 1829 1352 Domini
1863 1298 1924 1352 ¹³.
1963 1318 1981 1350 ι

421 1389 623 1442 Deinde
652 1404 771 1442 cum
809 1388 1027 1444 Judmos
1053 1390 1193 1443 istud
1225 1389 1409 1458 iniquo
1435 1389 1616 1442 animo
1649 1389 1790 1444 ferre
1827 1405 1990 1458 opor-

423 1488 580 1553 teret,
631 1479 705 1532 illi
761 1490 951 1534 contra
1005 1495 1099 1534 eos
1143 1481 1560 1545 venerabantur,
1609 1488 1664 1535 et
1721 1481 1989 1550 supremis

425 1571 714 1624 honoribus
780 1585 1045 1624 exornare
1108 1572 1415 1626 studebant.
1468 1572 1757 1641 Postquam
1809 1583 1988 1630 autem

419 1663 714 1728 aliquando
751 1663 1086 1728 unigenitum
1124 1663 1214 1716 Dei
1258 1663 1491 1717 Verbum
1525 1666 1679 1720 nobis
1713 1666 1984 1735 apparuit,

2091 489 2186 542 καὶ
2229 489 2257 540 6
2291 490 2575 560 προφήτης
2620 488 2856 557 ἔφασκεν
2892 485 3186 555 Ἱερεμίας,
3241 482 3376 552 πρὸς
3421 481 3512 540 τὸν
3559 481 3665 534 τῶν

2089 580 2224 633 ὅλων
2251 579 2736 646 κατεξουσιάξοντα
2768 578 2898 632 Θεὸν
2918 594 2930 606 ·
2972 595 2990 627 ι
3031 577 3088 630 '0
3121 574 3216 637 ὢν,
3248 572 3443 642 Κύριε,
3480 572 3588 625 ἰδοὺ
3615 575 3664 626 οἱ

2092 667 2368 736 προφῆται
2423 668 2600 721 αὐτῶν
2640 665 3063 738 προφητεύουσι,
3113 664 3207 716 καὶ⁵
3241 661 3521 730 λέγουσιν·
3554 661 3664 713 Οὐκ

2090 756 2284 825 ὄψεσθε
2325 757 2620 827 μάχαιραν,
2657 757 2754 810 καὶ
2785 756 2941 826 λιμὸς
2983 755 3082 807 ούκ
3124 753 3274 806 ἔσται
3304 754 3360 804 ἐν
3386 752 3538 822 ὑμῖν,
3583 751 3666 803 ὅτι

2089 846 2343 916 ἀλήθειαν
2378 847 2470 900 καὶ
2504 848 2724 918 εἰρήνην
2763 846 2919 899 δώσω
2955 845 3048 898 ἐπὶ
3079 845 3176 914 τῆς
3217 844 3338 912 γῆς,
3375 844 3466 895 καὶ
3498 843 3556 896 ἐν
3586 840 3665 910 τῷ

2088 939 2239 1008 τόπῳ
2256 937 2453 1009 ’τούτῳ.
2480 959 2500 992 ι
2538 939 2647 992 Καὶ
2676 938 2811 1008 πρός
2843 955 2905 1007 γε
2943 937 3114 991 ταῦτα
3137 936 3270 998 Θεός
3291 951 3303 964 ·
3345 953 3365 985 ι
3393 932 3578 1001 Ψευδῆ
3612 933 3663 984 οἰ

2091 1033 2365 1102 προφῆται
2400 1029 2830 1102 προφητεύουσιν
2880 1031 2937 1082 ἐν
2979 1028 3057 1099 τῷ
3099 1024 3325 1097 ὀνόματί
3381 1042 3503 1095 μου.
3551 1024 3666 1076 Ούκ

2089 1119 2382 1173 ἀπέστειλα
2417 1119 2643 1186 αὐτοὺς,
2676 1120 2770 1172 καὶ
2800 1118 2899 1172 οὐκ
2947 1117 3298 1186 ἐνετειλάμην
3333 1116 3539 1176 αὐτοῖς,
3573 1113 3665 1166 καὶ

2089 1211 2190 1263 ούκ
2221 1210 2457 1280 ἐλάλησα
2489 1211 2624 1282 πρὸς
2653 1212 2868 1277 αὐτοὺς,
2907 1211 3002 1263 καὶ
3045 1209 3262 1279 ὁράσεις
3304 1206 3541 1278 ψευδεῖς,
3571 1205 3666 1258 καὶ

2092 1303 2372 1371 μαντείας,
2416 1303 2511 1355 καὶ
2537 1302 2896 1372 οἰωνίσματα,
2929 1301 3024 1355 καὶ
3057 1299 3406 1372 προαιρέσεις
3439 1293 3665 1367 καρδίας

2090 1393 2289 1458 αὐτῶν,
2320 1395 2471 1448 αὐτοὶ
2500 1394 2767 1465 ἐλάλησαν
2808 1391 2944 1464 πρὸς
2971 1391 3186 1454 αὐτοὺς,
3218 1391 3309 1442 καὶ
3346 1387 3499 1440 αὐτοὶ
3532 1403 3662 1456 προ-

2088 1485 2369 1553 εφήτευον.
2396 1503 2414 1534 ι
2443 1484 2772 1546 Ψευδοεπεῖς
2806 1483 2912 1554 γάρ
2937 1481 3097 1552 ἦσαν,
3121 1481 3196 1540 ὡς
3222 1481 3377 1549 ἔφην,
3405 1479 3498 1530 καὶ
3521 1477 3659 1546 λημ-

2094 1576 2298 1644 ματίων
2325 1575 2565 1646 αἰσχρῶν
2585 1573 2903 1646 ἡττώμενοι,
2923 1573 3287 1645 προσελάλουν
3305 1573 3417 1633 τοῖς
3446 1571 3657 1639 ἀκροω-

2095 1667 2272 1735 μένοις
2306 1667 2373 1719 τά
2407 1667 2514 1720 ἀπὸ
2544 1667 2769 1737 καρδίας
2799 1665 2998 1729 αὐτῶν,
3045 1664 3186 1717 καθά
3212 1663 3541 1732 γέγραπται,
3569 1660 3662 1712 καὶ

419 1753 596 1819 inepta
648 1763 699 1806 et
760 1753 984 1821 puerilia
1041 1753 1354 1807 idololatria:
1387 1754 1584 1809 ludicra
1615 1771 1837 1824 prorsus
1864 1772 1989 1814 eva-

2091 1761 2189 1812 ούκ
2225 1760 2333 1812 ἀπὸ
2376 1759 2642 1828 στόματος
2691 1761 2916 1829 Κυρίου.
2962 1752 3097 1809 Εἶτα
3141 1755 3257 1808 δέον
3319 1754 3412 1807 ἐπὶ
3456 1751 3662 1813 τούτοις

420 1853 657 1897 nuerunt
689 1853 739 1897 et
769 1845 1032 1897 exstincta
1067 1853 1212 1908 sunt,
1247 1853 1300 1899 et
1331 1845 1598 1900 sublatum
1631 1861 1752 1901 cum
1777 1862 1838 1901 ea
1879 1863 1989 1902 ne-

421 1935 613 1988 farium
640 1950 855 2003 quoque
886 1944 938 1986 et
981 1934 1200 2003 impium
1238 1935 1825 2005 pseudoprophetarum
1860 1949 1991 1992 stu-

420 2028 564 2080 dium
593 2026 684 2094 qui
719 2025 953 2094 maligno
997 2035 1050 2078 ct
1083 2025 1358 2079 immundo
1385 2027 1577 2096 spiritu
1616 2027 1760 2096 pleni
1807 2038 1985 2096 erant,

419 2125 474 2171 et
496 2132 614 2170 cum
644 2116 908 2171 idolorum
933 2116 1229 2172 cultoribus
1250 2132 1505 2187 germano
1529 2134 1592 2173 ac
1625 2120 1785 2174 simili
1805 2135 1990 2176 errore

421 2207 604 2260 infecti
653 2206 936 2262 verissime
987 2207 1204 2276 coargui
1239 2208 1560 2277 potuissent.
1604 2208 1756 2265 Unus
1793 2211 1992 2280 quippe

420 2297 684 2352 ambobus
733 2297 1028 2365 impietatis
1072 2313 1291 2368 prmses,
1337 2299 1589 2355 nitnirttm
1625 2300 1874 2356 Satanas.
1901 2301 1992 2355 Ait

422 2389 584 2457 igitur
612 2405 626 2445 :
656 2404 674 2438 ι
710 2387 918 2442 ’1“οΗ;ιιιι
957 2388 1021 2441 ιΙο
1054 2397 1194 2442 terra
1229 2390 1443 2442 nomina
1492 2390 1778 2455 idolorum,
1799 2402 1854 2445 et
1885 2407 1989 2446 non

419 2480 525 2532 erit
559 2479 816 2532 memoria
868 2478 1079 2533 illormu
1129 2481 1180 2534 in
1210 2480 1299 2534 die
1334 2481 1419 2533 illa
1452 2481 1512 2544 ³⁸,
1554 2500 1573 2534 ι
1615 2483 1715 2536 ἰιοο
1747 2491 1852 2543 est,
1903 2483 1994 2536 illo

424 2584 689 2640 tempore,
713 2587 820 2639 qun
848 2570 1085 2624 divinum
1110 2581 1163 2624 et
1195 2571 1414 2625 cmleste
1438 2571 1616 2626 lumen
1640 2572 1990 2641 splenduerit,

423 2672 480 2716 et
506 2663 556 2715 in
585 2663 885 2716 errantium
923 2660 1177 2715 cordibus
1209 2660 1448 2724 Lucifer,
1481 2676 1640 2731 quem
1689 2662 1994 2734 intelligen—

423 2754 510 2807 tiae
537 2753 696 2807 oculo
728 2753 993 2812 videmus,
1037 2762 1259 2808 exortus
1283 2752 1461 2817 fuerit,
1502 2763 1561 2806 ut
1592 2754 1851 2823 scriptum
1887 2765 1991 2818 est,

423 2856 480 2898 et
507 2844 762 2898 diluxerit
794 2843 929 2908 dies,
967 2844 1187 2913 antiqua
1213 2852 1369 2898 nocte
1399 2851 1454 2896 et
1477 2859 1596 2912 qua:
1625 2843 1675 2897 in
1705 2860 1765 2898 ea
1798 2845 1994 2899 ﬁebant

425 2933 679 3002 repulsis,
711 2941 789 3000 ut,
818 2933 989 2986 veteri
1020 2933 1358 2987 immunditia
1411 2933 1646 2999 sublata,
1679 2935 1896 2989 athletae
1941 2943 1995 2988 ct

426 3025 598 3079 sancti
634 3025 947 3078 adoratores
982 3025 1046 3078 de
1090 3034 1286 3078 caatero
1336 3027 1766 3081 conversationis
1794 3037 1993 3081 sancta:

2093 1846 2420 1912 ἀγανακτεῖν
2456 1846 2770 1908 Ἰουδαίους,
2815 1847 2880 1898 ἐκ
2927 1845 3034 1897 τῶν
3080 1842 3337 1897 ἐναντίων
3385 1841 3664 1894 ἐποιοῦντο

2093 1937 2343 1999 σεπτοὺς,
2376 1938 2470 1989 καί
2495 1939 2682 2005 τιμαῖς
2707 1937 2827 1998 ταῖς
2856 1934 3115 1990 ἀνωτάτω
3144 1931 3442 2001 στεφανοῦν
3470 1929 3665 1984 ἐσπού-

2090 2024 2267 2089 δαζον.
2287 2025 2435 2077 Ἐπεὶ
2466 2026 2521 2079 δὲ
2553 2026 2735 2078 λοιπὸν
2762 2026 3029 2095 ἐπέφανεν
3053 2026 3183 2094 ἡμῖν
3206 2024 3234 2074 6
3257 2021 3546 2093 μονογενὴς
3568 2019 3664 2072 τοῦ

2092 2115 2225 2168 Θεοῦ
2257 2115 2450 2183 Λόγος,
2469 2116 2640 2187 ᾤχετο
2661 2117 2756 2187 μὲν
2785 2118 2863 2179 εἰς
2887 2117 3053 2180 ἅπαν,
3080 2117 3170 2168 καὶ
3195 2113 3498 2184 ώλόθρευτο
3528 2129 3663 2165 παν-

2098 2208 2268 2270 τελῶς
2300 2209 2368 2262 τὰ
2399 2208 2581 2279 ψυχρά
2607 2209 2700 2261 καὶ
2733 2207 3064 2278 μειρακιώδη
3089 2209 3187 2277 τῆς
3222 2195 3665 2273 εἰδωλολατρείας

2093 2298 2404 2368 ἀθύρματα,
2451 2299 2810 2368 συνεξῄρηται
2841 2298 2896 2350 δὲ
2928 2298 3062 2368 αύτῇ
3103 2299 3196 2350 καὶ
3231 2297 3290 2349 τὸ
3336 2296 3564 2350 ἔκτοπόν
3603 2311 3666 2346 τε

2093 2391 2188 2442 καὶ
2236 2389 2489 2453 δυσσεϐὲς
2540 2389 2877 2459 ἐπιτήδευμα
2927 2388 3035 2441 τῶν
3083 2385 3566 2458 ψευδοπροφητῶν,
3614 2385 3664 2438 οῖ

2095 2480 2330 2549 πονηροῦ
2359 2481 2452 2534 καὶ
2474 2481 2781 2553 ἀκαθάρτου
2808 2479 3117 2550 πνεύματος
3140 2479 3358 2549 ἔμπλεῳ
3383 2473 3544 2547 ἦσαν,
3571 2476 3668 2529 κα*⁴

2093 2572 2205 2632 τοῖς
2243 2570 2349 2623 τῶν
2391 2570 2625 2624 εἰδώλων
2669 2571 3031 2642 θεραπευταῖς
3062 2569 3293 2640 ἀδελφὴν
3325 2569 3417 2622 καὶ
3453 2568 3667 2637 γείτονα

2094 2659 2373 2725 νοσοῦντες
2400 2661 2497 2732 τὴν
2527 2662 2788 2732 πλάνησιν
2817 2661 3259 2732 καταφωραθεῖεν
3286 2659 3373 2726 ἂν,
3400 2658 3494 2712 κα)⁸
3524 2658 3668 2729 μάλα

2095 2750 2287 2822 ὀρθῶς.
2314 2747 2406 2816 Εἷς
2445 2752 2552 2821 γάρ
2587 2753 2788 2823 ἀμφοῖν
2812 2753 2909 2823 τῆς
2937 2751 3255 2814 δυσσεῦείας
3288 2753 3316 2803 6
3347 2749 3664 2819 ἐπιστάτης,

2095 2843 2374 2896 τουτέστιν
2401 2846 2429 2896 6
2457 2845 2720 2907 Σατανᾶς.
2757 2863 2775 2895 ι
2818 2841 3025 2914 Ἑξαρῶ
3077 2843 3276 2906 τοίνυν,
3325 2842 3512 2914 φησὶν,
3560 2841 3666 2894 ἀπὸ

2096 2933 2194 3003 τῆς
2225 2935 2328 3004 γῆς
2374 2934 2443 2987 τὰ
2487 2935 2725 3005 ὀνόματα
2777 2935 2882 2988 τῶν
2937 2935 3190 3000 εἰδώλων,
3239 2936 3334 2988 καὶ
3378 2935 3482 2988 οὐκ
3513 2934 3664 2986 ἔσται

2097 3027 2275 3098 αὐτῶν
2315 3028 2471 3096 μνεία
2527 3029 2582 3079 ἐν
2627 3030 2692 3098 τῇ
2724 3027 2904 3098 ἡμέρᾳ
2943 3027 3188 3100 ἐκείνῃ,ι
3233 3027 3500 3092 τουτέστι,
3547 3025 3665 3078 κατ’

425 3115 764 3171 ornamentis
808 3113 1082 3176 instructi,
1133 3113 1296 3166 vitam
1356 3114 1408 3166 in
1450 3113 1666 3169 Christo
1711 3117 1987 3185 suspicere

2096 3095 2300 3171 ἐκεῖνον
2315 3088 2418 3171 ’τὸν
2457 3088 2804 3189 καιρὸν
2925 3119 2992 3172 ἂν
3022 3119 3082 3172 τὸ
3097 3088 3262 3172 ..θεῖον
3295 3120 3392 3172 καὶ
3431 3088 3668 3187 ἐπουρά-

424 3206 722 3260 videantur.

2099 3226 2208 3263 νιον
2235 3210 2423 3281 λάμψη
2455 3211 2589 3278 φῶς,
2629 3211 2721 3263 καὶ
2749 3211 2806 3263 ἐν
2835 3213 2954 3274 ταῖς
2992 3211 3100 3264 τῶν
3131 3210 3498 3281 πλανωμένων
3529 3225 3668 3280 acup-

423 3294 562 3356 δίαις
618 3293 646 3343 6
686 3293 873 3362 νοητὸς
906 3291 1181 3362 ἑωσφόρος
1220 3291 1494 3363 ἀνατείλῃ,
1528 3292 1668 3345 κατά
1705 3295 1768 3347 τὸ
1799 3298 2204 3367 γεγραμμένον,
2235 3301 2502 3373 διαυγάσῃ
2530 3300 2588 3353 δὲ
2628 3299 2830 3372 ἡμέρα,
2875 3301 2971 3369 τῆς
3009 3300 3175 3355 πάλαι
3214 3299 3406 3365 νυκτὸς
3460 3299 3666 3369 ἀπελη-

423 3386 784 3457 λαμένηςριαῖ
807 3383 916 3437 τῶν
940 3385 996 3436 ὲν
1015 3384 1150 3455 αὐτῇ
1172 3383 1493 3454 δρωμένων·
1522 3384 1628 3452 ἵνα,
1656 3385 1752 3455 τῆς
1779 3388 2009 3457 ἀρχαίας
2046 3389 2380 3461 ἀκαθαρσίας
2445 3391 2808 3465 ἐξῃρημένης,
2845 3392 2894 3443 οἱ
2935 3390 3165 3462 ἀθληταὶ
3197 3395 3292 3446 καὶ
3324 3393 3468 3462 ἅγιοι
3495 3409 3666 3463 προσ-

424 3484 657 3552 κυνηταὶ
711 3481 985 3552 φαίνοιντο
1039 3477 1223 3532 λοιπὸν
1288 3478 1388 3548 τῆς
1443 3479 1675 3548 εὐαγοῦς
1731 3482 2001 3548 πολιτείας
2042 3487 2344 3556 ἀνημμένοι
2365 3488 2430 3541 τὰ
2453 3490 2885 3559 αὐχήματα,καὶ
2949 3488 3045 3557 τὴν
3068 3491 3123 3543 ἐν
3156 3489 3377 3560 Χριστῷ
3397 3489 3664 3560 τιμῶντες

423 3579 592 3648 ζωήν.

495 3669 662 3738 789
686 3668 844 3723 Vens.
883 3669 937 3722 5.
975 3667 1040 3720 Et
1075 3671 1192 3735 erit,
1235 3671 1281 3724 si
1308 3673 1686 3739 prophetarerit
1715 3673 1866 3726 homo
1906 3673 1989 3726 ul-

428 3773 532 3826 tra,
580 3773 626 3815 et
651 3763 784 3814 dicet
808 3761 874 3813 ad
896 3777 1009 3812 euut
1035 3772 1180 3829 pater
1211 3773 1257 3815 et
1275 3775 1442 3816 mater
1460 3766 1572 3832 ejus
1594 3766 1682 3833 qui
1704 3778 1989 3834 genuerunt

425 3869 543 3906 eum
568 3867 586 3904 :
614 3850 737 3902 Non
776 3851 933 3915 vives,
977 3853 1225 3919 quoniam
1251 3856 1579 3906 "tepidarium
1611 3856 1818 3909 locutus
1847 3875 1898 3911 es
1939 3860 1991 3910 in

428 3943 634 3998 nomine
681 3942 926 4007 Domini,
971 3955 1016 3997 et
1063 3946 1384 4012 compedient
1437 3962 1555 3999 eum
1597 3958 1745 4015 pater
1781 3950 1896 4016 ejus
1945 3959 1993 4003 et

426 4046 592 4088 muter
629 4037 742 4103 ejus
798 4035 887 4103 qui
938 4045 1228 4104 genuerunt
1282 4051 1432 4100 cunt,
1481 4052 1596 4090 cum
1663 4039 1993 4108 prop/tetaret

423 4133 552 4195 ipse.

498 4218 726 4274 XCVIII.
769 4218 942 4272 Tanta
991 4221 1294 4276 reverentia
1333 4221 1476 4279 illius
1511 4223 1692 4278 saeculi
1737 4225 1994 4282 mortales

2167 3674 2277 3728 Καὶ
2310 3673 2501 3737 ἔσται,
2531 3676 2639 3728 ἐὰν
2663 3676 3050 3743 προφητεύσῃ
3080 3677 3387 3742 ἄνθρωπος
3428 3675 3534 3739 ἐτι,
3562 3675 3661 3729 καὶ

2096 3767 2219 3833 ἐρεῖ
2257 3767 2402 3833 πρὸς
2446 3766 2631 3820 αὐτὸν
2663 3769 2695 3820 ὁ
2737 3766 2932 3834 πατὴρ
2965 3767 3062 3819 καὶ
3100 3769 3137 3835 ἠ
3160 3766 3356 3834 μήτηρ
3393 3765 3578 3819 αὐτοῦ
3609 3768 3663 3820 οι

2099 3861 2502 3927 γεννήσαντες
2531 3861 2745 3912 αὐτόν·
2783 3861 2864 3911 Οὺ
2897 3856 3070 3926 (rion,
3103 3858 3190 3910 ὅτι
3222 3855 3419 3926 ψευδῆ
3454 3855 3664 3923 ἐλάλη-

2093 3965 2208 4015 σας
2239 3952 2307 4002 ἐν
2344 3949 2586 4016 ὀνόματι
2611 3949 2850 4015 Κυρίου,
2885 3948 2981 4001 καὶ
3012 3948 3455 4016 συμποδιοῦσιν
3481 3948 3665 4000 αὐτὸν

2094 4044 2124 4093 ό
2154 4039 2349 4106 πατὴρ
2394 4038 2580 4091 αὑτοῦ
2611 4038 2706 4090 καὶ
2735 4039 2772 4105 ἠ
2792 4037 2989 4106 μήτηρ
3021 4036 3206 4091 αὐτοῦ
3243 4039 3297 4090 οἱ
3336 4037 3666 4106 γεννήσαν-

2094 4149 2191 4194 τες
2228 4130 2416 4184 αὐτὸν
2442 4130 2511 4182 ἐν
2541 4127 2621 4193 τῷ
2651 4130 3047 4197 προφητεύειν
3071 4129 3276 4184 αὐτόν.

2165 4225 2288 4288 ιιΗι.
2329 4220 2576 4290 Τοσαύτη
2629 4238 2712 4284 τις
2747 4221 2897 4273 ἔσται
2946 4220 3074 4290 περὶ
3099 4219 3160 4272 τὸ
3189 4219 3330 4272 θεῖον
3359 4217 3522 4280 αἰδὼς
3557 4218 3664 4272 τῶν

426 4324 620 4364 numen
672 4322 1092 4379 prosequentur,
1139 4313 1335 4382 inquit,
1375 4314 1617 4384 adeoque
1661 4317 1725 4372 de
1760 4318 1989 4386 perfecta

2097 4313 2370 4385 τηνικάδε,
2397 4314 2549 4384 φησὶ,
2580 4313 2887 4382 φροντιοῦσι
2937 4311 2990 4364 δὲ
3037 4309 3182 4363 οὕτω
3229 4311 3326 4379 τῆς
3371 4312 3451 4372 εἰς
3497 4310 3664 4379 ἀκρον

427 4401 692 4471 probitate
720 4410 772 4456 et
805 4403 911 4456 vita
960 4402 1214 4458 laudabili
1249 4415 1408 4460 erunt
1452 4407 1690 4476 solliciti,
1729 4419 1787 4464 ut
1830 4411 1989 4466 etiam

2091 4405 2390 4467 ἐπιεικείας
2433 4405 2527 4458 καὶ
2572 4405 2897 4472 ἀξιαγάστου
2948 4401 3110 4472 ζωῆς,
3141 4400 3280 4454 ὥστε
3327 4400 3422 4452 καὶ
3472 4399 3665 4467 γονέας

428 4501 678 4561 parentes
709 4493 812 4561 ipsi
861 4494 925 4546 ad
971 4494 1141 4548 zelum
1186 4505 1240 4550 et
1290 4497 1424 4551 iram
1455 4501 1740 4554 adversum
1795 4502 1989 4556 liberos

2091 4495 2286 4558 αὐτοὺς
2339 4493 2488 4556 ἰδίοις
2536 4490 2892 4561 ἐπιθήγεσθαι
2940 4490 3148 4552 τέκνοις
3195 4488 3408 4559 ζηλοῦν,
3443 4489 3503 4540 τὸ
3538 4488 3661 4550 τοὺς

424 4596 779 4648 cxacuantur,
815 4585 955 4654 quod
1001 4600 1123 4640 cum
1162 4586 1294 4641 falsa
1344 4590 1548 4654 dicant,
1581 4604 1640 4644 se
1673 4593 1989 4660 prophetare

2091 4583 2401 4652 ψευδοεπεῖς
2435 4581 2796 4654 προφητεύειν
2839 4579 3374 4649 ἀποπλαττομένους,
3406 4579 3499 4631 καὶ
3526 4578 3662 4631 ἀπο-

426 4673 654 4742 ﬁngant,
683 4685 736 4728 et
766 4677 832 4729 de
866 4678 1029 4730 corde
1071 4691 1168 4731 suo
1218 4677 1528 4745 loquantur,
1557 4681 1711 4746 quasi
1746 4679 1886 4733 Deus
1924 4681 1989 4735 ad

2091 4675 2400 4742 φθέγξοιντο
2425 4673 2492 4726 τά
2516 4673 2624 4725 τῶν
2655 4673 2761 4724 ἀπὸ
2796 4672 3040 4742 καρδίας,
3081 4671 3155 4733 ὡς
3189 4669 3321 4722 Θεοῦ
3369 4669 3660 4738 λελαληκόι

426 4763 572 4830 ipsos
612 4763 773 4816 verba
817 4763 1054 4818 fecisset.
1090 4784 1108 4816 ι
1143 4766 1527 4835 Compedibus,
1576 4767 1772 4835 inquit,
1811 4769 1982 4837 impli-

423 4853 624 4906 cabunt
665 4868 812 4919 eum,
847 4872 864 4905 ι
899 4856 999 4908 hoc
1050 4865 1153 4918 est,
1203 4865 1261 4907 ut
1315 4867 1585 4911 amentem
1639 4867 1694 4911 ct
1749 4860 1990 4912 insanqu

426 4944 681 5003 vincient,
735 4959 1021 5012 morasque
1075 4945 1343 5006 tollentes.
1393 4949 1548 5000 morti
1589 4964 1709 5001 cum
1763 4949 1992 5004 dc5tina-

424 5035 578 5096 bunt,
607 5035 648 5088 si
680 5035 730 5086 in
761 5034 862 5086 hoc
894 5034 1078 5088 morbo
1107 5037 1210 5088 Iixe
1237 5037 1676 5106 impudenterque
1715 5039 1992 5093 manserit.

425 5127 571 5180 Satis
591 5124 732 5180 enim
769 5133 852 5178 est
881 5123 988 5178 illis
1023 5127 1089 5179 ad
1129 5127 1356 5194 quodvis
1397 5129 1713 5197 supplicium
1739 5131 1790 5182 in
1819 5129 1984 5183 lilium

423 5217 840 5281 decernendum,
867 5217 1009 5284 quod
1045 5216 1179 5270 falsa
1208 5217 1261 5270 in
1290 5220 1507 5273 nomine
1534 5221 1742 5274 Domini
1781 5222 1987 5274 locutus

423 5309 511 5361 sit.
535 5309 662 5363 Vide
693 5319 868 5362 autem
903 5324 1064 5376 quam
1103 5323 1230 5362 vere
1265 5309 1364 5362 hoc
1400 5310 1598 5362 dictum
1626 5312 1716 5375 sit,
1746 5323 1798 5364 et
1826 5327 1984 5378 quam

423 5395 668 5448 Stabilem
705 5409 976 5452 mereatur
1011 5397 1166 5452 {idem
1196 5397 1490 5465 prwdictio.
1527 5397 1658 5461 Quis
1705 5399 1845 5452 enim
1896 5414 1988 5451 ιιο-

421 5494 592 5538 strum
646 5487 957 5544 toleraverit
997 5490 1156 5545 hodie
1213 5489 1293 5543 sic
1347 5489 1754 5558 prephclantem
1799 5504 1985 5558 quem-

2091 4781 2205 4826 τος.
2265 4783 2282 4814 ι
2313 4763 2667 4830 Συμποδιοῦσι
2715 4766 2823 4834 γὰρ
2875 4763 3058 4825 αὑτὸν,
3088 4782 3104 4811 ι
3162 4764 3327 4832 φησὶ,
3375 4762 3660 4824 τουτέστι,

2094 4851 2620 4922 καταδεσμεύσουσιν
2667 4854 2742 4915 ώς
2789 4853 3025 4922 ἓκφρονά
3081 4869 3135 4905 τε
3197 4853 3288 4905 καὶ
3346 4851 3658 4922 μεμηνότα.

2095 4944 2457 5014 μελλήσαντες
2507 4943 2562 4995 δὲ
2615 4943 2786 5005 οὐδὲν,
2818 4943 3156 5015 καθοριοῦσιν
3189 4942 3350 4996 αὑτοῦ
3381 4944 3469 4995 τὸν
3499 4943 3662 4996 θάνα-

2090 5053 2200 5099 τον,
2232 5037 2279 5086 εἰ
2321 5034 2553 5104 ἔμμονον
2585 5051 2642 5086 τε
2673 5035 2765 5086 καὶ
2794 5035 2983 5104 ἀναιδῆ
3015 5034 3110 5102 τὴν
3148 5034 3240 5085 ἐπὶ
3277 5034 3411 5103 τῷδε
3459 5035 3663 5086 ποιοῖτο

2089 5125 2514 5196 νόσον.Ἀπόχρη
2560 5126 2667 5196 γάρ
2712 5127 2896 5190 αὐτοῖς
2942 5128 3021 5188 είς
3063 5125 3123 5177 τὸ
3168 5125 3277 5178 δεῖν
3307 5124 3527 5178 ἃπασαν
3567 5122 3660 5176 τοῦ

2081 5213 2271 5274 παιδὸς
2296 5213 2582 5283 καθορίσαι
2629 5214 2784 5284 δίκην
2811 5213 2950 5276 τόδε,
2978 5215 3058 5268 ὄτι
3081 5214 3250 5284 ψευδῆ
3279 5212 3570 5282 λελάληκεν
3603 5213 3662 5266 ἐν

2082 5307 2306 5375 ὀνόματι
2337 5305 2847 5378 ΚυρίουῖΑορειδὲ
2889 5307 3076 5378 ὥσπερ
3108 5307 3256 5361 ἐστὶν
3283 5306 3488 5378 ἀληθὴς
3517 5309 3545 5359 6
3570 5305 3661 5359 λό-

2082 5413 2196 5464 γος,
2233 5396 2326 5448 καὶ
2377 5397 2438 5448 τὸ
2492 5396 2705 5466 βέϐαιον
2761 5399 2840 5461 εἰς
2890 5398 3072 5452 πίστιν
3117 5401 3150 5468 ἡ
3203 5396 3660 5468 προαναφώνησις

2085 5487 2219 5556 ἔχει.
2252 5487 2348 5549 Τίς
2395 5487 2502 5557 γὰρ
2530 5488 2636 5540 τῶν
2665 5488 2786 5542 καθ’
2820 5490 2963 5559 ἡμᾶς
2987 5489 3465 5560 διακαρτερήσειεν
3500 5487 3568 5542 ἂν
3599 5486 3661 5541 ἐν

493 5667 546 5730 υ,
571 5665 766 5720 Ezech.
795 5681 904 5732 XIV,
940 5669 1026 5720 I5.
1108 5670 1150 5699 η
1184 5667 1314 5721 lhid.
1354 5668 1436 5722 Ii.
1513 5667 1552 5697 ¹³
1582 5667 1781 5721 .lcrcm.
1817 5683 1972 5736 χχιιι,

2166 5667 2210 5699 ίδ
2236 5666 2278 5721 II
2304 5665 2447 5721 Petr.
2477 5681 2511 5728 ι,
2547 5635 2637 5721 19)
