4042 6196
400 350 505 403 239

1465 341 1520 394 S.
1563 339 1838 394 CYRILLI
1880 337 2340 394 ALEXANDRINI
2382 333 2691 391 ARCHIEP-

3551 333 3654 386 ilo

401 469 602 530 tistaut,
625 477 748 516 cum
779 459 976 512 Pilatus
1011 455 1211 510 Joda-is
1251 454 1523 508 Christum
1577 465 1631 508 et
1684 453 1983 508 Barahbam

2099 451 2430 522 ἐπιθυμητὴν
2469 452 2547 512 εἰς
2597 449 2800 516 ἔρημον
2834 445 3332 516 ἄϐατον.Ἑγένήθη
3361 446 3440 504 ei;
3471 445 3662 514 ἀφανι-

402 553 805 627 proposuissct,
836 559 890 604 et
927 559 1104 601 utrum
1140 547 1238 601 sibi
1272 560 1336 598 ex
1368 545 1576 598 duobus
1612 545 1805 598 dimitti
1868 545 1978 598 vcl-

404 651 532 711 lent,
585 643 944 714 quaesivisset,
978 637 1248 707 principes
1277 636 1621 688 sacerdotum
1657 642 1706 687 et
1741 633 1984 688 seniores

407 761 425 790 ι
449 739 833 808 persuaserunt
861 729 1070 798 populis
1093 737 1148 782 ut
1177 725 1473 778 Barahbatn
1497 732 1762 791 peterent,
1801 721 1981 775 Jesum

401 845 528 884 vero
546 826 882 896 perderent.»
905 818 1228 888 Impuleruut
1245 831 1334 871 eos
1352 815 1693 866 nihilominus
1710 822 1765 865 ιιι
1787 816 1988 864 clama-

406 929 523 974 rent
545 938 588 974 ιι
613 916 898 984 Crneitige,
931 911 1185 978 erueiﬁge
1218 921 1341 960 eum
1366 905 1466 958 ³ο.)
1500 903 1635 957 Vera
1675 911 1758 955 est
1821 904 1986 972 igitur

404 1013 676 1082 prephetze
699 1022 795 1060 vox
820 1021 834 1056 :
860 1023 877 1054 ι
900 1003 1147 1056 Pastores
1177 999 1336 1052 stulte
1368 1004 1611 1065 egerunt,
1629 1005 1682 1048 et
1705 993 1986 1047 Dominum

407 1127 436 1160 ιι
459 1126 510 1160 ιιι
552 1101 939 1170 exquisiernut.
975 1095 1204 1162 Propter.
1226 1094 1326 1146 hoc
1353 1107 1455 1144 non
1510 1090 1773 1142 intellexit
1817 1087 1992 1139 oumis

405 1203 637 1264 premet
665 1189 892 1258 dispersi
928 1194 1052 1239 sunt
1082 1185 1181 1237 ⁸¹.›
1217 1182 1371 1236 Sicut
1392 1180 1547 1233 enim
1579 1177 1851 1247 vigilantia
1897 1180 1991 1228 ho-

407 1302 597 1342 norum
625 1293 895 1354 pastorum
920 1277 1220 1332 commodat
1251 1273 1400 1344 gregi
1433 1290 1447 1323 :
1487 1273 1564 1326 sic
1601 1272 1799 1325 inertia
1829 1286 1987 1323 eum-

407 1394 525 1435 ueut
562 1379 758 1449 perdit,
803 1382 858 1428 et
919 1388 1014 1442 per
1047 1381 1320 1442 pastorum
1353 1366 1576 1436 vestigia
1623 1363 1823 1420 subditi
1868 1379 1987 1417 om-

408 1481 534 1527 nino
564 1473 898 1542 gradiuntur.

2091 543 2224 614 σμὸν
2259 542 2550 602 ἀπωλείας.
2576 559 2594 591 ι
2617 539 2843 605 Ἐπάγει
2870 554 2934 605 γε
2965 535 3070 606 μὴν
3095 536 3193 606 τὴν
3215 537 3373 605 χεῖρα
3405 533 3534 596 Θεὸς
3554 539 3664 594 τοῖς

2087 634 2358 703 ποιμέσιν,
2387 631 2548 683 οἱονεὶ
2581 628 3001 682 καταπαύουσαν
3033 625 3128 696 τὴν
3162 623 3430 697 ῥομφαίαν
3455 624 3666 684 καὶτὰς

2087 726 2187 796 τῆς
2210 724 2552 792 ἀνοσιότητος
2574 719 2888 786 ὲξαιτοῦσαν
2911 717 3084 780 δίκας,
3103 719 3201 786 οὐχ
3225 718 3304 769 ὅτι
3333 716 3492 786 μόνον
3514 713 3668 768 αὐτοὶ

2091 815 2548 884 πεπαρῳνήκασιν
2600 812 2679 872 εἰς
2713 807 2967 878 Χριστὸν,
2995 806 3107 858 ἀλλ’
3139 807 3218 857 ὅτι
3276 803 3407 872 πρὸς
3453 803 3670 863 τούτοις

2092 908 2183 960 καὶ
2222 909 2333 967 τοῖς
2362 903 2541 965 ἄλλοις
2571 902 2857 968 γεγόνασιν
2889 898 3028 968 ἀρχὴ
3055 898 3147 949 καὶ
3168 896 3283 957 ὁδὸς
3303 898 3398 963 τῆς
3427 897 3505 958 εἰς
3531 895 3670 961 Χρι-

2089 999 2212 1051 στὸν
2247 996 2473 1066 ἀσχέτου
2503 994 2716 1063 μανίας.
2736 992 2822 1053 Ὠς
2849 991 2958 1058 γάρ
2984 1006 3144 1058 φησιν
3167 990 3194 1040 6
3227 987 3489 1056 μακάριος
3510 986 3666 1036 Ματ-

2089 1091 2236 1151 θαῖος
2261 1091 2288 1140 6
2319 1085 2729 1154 εύαγγελιστὴς,
2763 1082 2995 1134 Πιλάτου
3025 1083 3135 1143 τοῖς
3164 1079 3436 1139 Ἰουδαίοις
3472 1092 3671 1145 προτε-

2089 1178 2328 1240 θεικότος
2383 1177 2616 1246 Χριστόν
2667 1192 2726 1227 τε
2786 1175 2878 1227 καὶ
2921 1172 3234 1243 Βαραϐϐᾶν,
3273 1171 3366 1223 καὶ
3423 1169 3503 1231 τὸ,
3536 1168 3672 1219 Τίνα

2087 1269 2268 1322 θέλετε
2305 1270 2367 1319 ἐκ
2396 1268 2502 1318 τῶν
2528 1267 2620 1318 δύο
2645 1266 2900 1318 ἀπολύσω
2930 1265 2958 1315 ὑ
2969 1267 3079 1332 μίν,
3117 1259 3670 1332 προσπεφωνηκότος,

2085 1363 2133 1413 οἷ
2164 1361 2436 1430 ἀρχιερεῖς
2469 1360 2559 1410 καὶ
2579 1360 2628 1409 οί
2652 1355 3009 1427 πρεσϐύτεροι
3046 1375 3062 1404 ι
3087 1354 3309 1406 ἔπεισαν
3334 1353 3460 1412 τοὺς
3482 1348 3672 1417 ὄχλους

2087 1453 2172 1505 ἵνα
2203 1454 2532 1521 αἰτήσωνται
2567 1451 2654 1502 τὸν
2683 1448 2996 1520 Βαραϐϐᾶν,
3028 1448 3121 1499 τὴν
3150 1446 3205 1498 δὲ
3245 1438 3449 1511 Ἰησοῦν
3472 1439 3671 1494 ἀπολέ-

410 1585 588 1620 σωσιν.
623 1585 642 1617 ι
664 1559 970 1617 Ἀνέπειθον
1007 1559 1064 1612 δὲ
1097 1557 1231 1628 πρὸς
1299 1553 1506 1617 τούτοις
1543 1551 1702 1623 βοᾷνο
1748 1570 1767 1602 ι
1794 1549 2136 1620 Σταύρωσον,
2203 1547 2515 1617 σταύρωσον
2585 1546 2765 1598 αὐτόν.
2801 1564 2818 1595 ι
2863 1543 3070 1598 Οὐκοῦν
3114 1541 3312 1612 ἀληθὲς
3347 1539 3408 1592 τὸ
3451 1539 3541 1590 διὰ
3573 1536 3673 1606 τῆς

407 1661 499 1716 τοῦ
553 1661 830 1731 προφήτου
878 1654 1061 1726 φωνῆς
1108 1651 1415 1720 εἰρημένον,
1481 1649 1560 1700 ὃτι
1610 1666 1628 1697 ι
1657 1647 1718 1698 Οί
1765 1644 2018 1713 ποιμένες
2093 1641 2515 1713 ἡφρονεύσαντο,
2545 1639 2638 1692 καὶ
2685 1639 2773 1691 τὸν
2823 1637 3024 1708 Κύριον
3063 1636 3162 1688 οὐκ
3193 1634 3543 1702 ἐξεζήτησαν.
3571 1626 3674 1680 Διά

409 1754 566 1808 τοῦτο
588 1752 685 1804 οὐκ
712 1750 898 1818 ἐνόησε
927 1750 1077 1798 πᾶσα
1110 1747 1143 1814 ἡ
1181 1743 1340 1814 νομὴ,
1381 1743 1476 1794 καὶ
1503 1738 2011 1811 διεσκορπίσθησαν.
2038 1756 2056 1788 ι
2101 1737 2313 1806 ’Ὠσπερ
2357 1734 2464 1803 γὰρ
2494 1735 2527 1806 ἡ
2561 1733 2720 1802 νῆψις
2755 1731 2861 1783 τῶν
2896 1729 3115 1798 ἀγαθῶν
3151 1729 3421 1796 ποιμένων
3465 1724 3673 1792 ὀνίνησι

409 1849 508 1918 τὴν
539 1845 740 1913 ἀγέλην
763 1858 778 1872 ο
815 1831 956 1894 οὕτω
983 1837 1334 1908 καταφθείρει
1365 1836 1426 1889 τὸ
1456 1836 1717 1906 ῥᾴθυμον,
1747 1835 1843 1888 καὶ
1908 1836 2019 1896 τοῖς
2056 1831 2163 1886 τῶν
2212 1830 2486 1900 ποιμένων
2553 1829 2723 1898 ἴχνεσι
2753 1825 2814 1878 τὸ
2843 1825 2945 1878 ὑπὸ
2987 1827 3144 1897 χεῖρα
3192 1823 3408 1883 πάντως
3442 1818 3671 1872 ἀκολου-

411 1943 517 1993 θεῖ.
1453 1923 1457 1926 ’

487 2029 648 2084 Vens.
678 2029 731 2092 8,
761 2027 813 2083 9.
852 2026 916 2080 Et
939 2029 1037 2080 erit
1071 2027 1124 2080 in
1157 2027 1242 2081 die
1266 2027 1359 2080 illa
1386 2028 1436 2080 in
1468 2027 1610 2080 omni
1642 2037 1802 2088 terra,
1855 2025 1983 2077 dicit

2159 2014 2266 2067 Kal
2295 2013 2466 2066 ἔσται
2500 2011 2570 2063 ἐν
2598 2009 2672 2076 τῇ
2705 2007 2890 2076 ἡμέρᾳ
2917 2005 3115 2074 ἐκείνῃ
3142 2007 3212 2058 ἐν
3251 2005 3421 2072 πάσῃ
3458 2005 3530 2072 τῇ
3571 2006 3669 2076 γῇ.

417 2125 694 2186 Dominus,
732 2123 852 2174 dum
909 2129 1082 2188 partes
1155 2120 1268 2186 eius
1327 2119 1586 2187 peribunt,
1625 2129 1670 2172 et
1726 2117 1988 2185 deﬁcient,

416 2227 470 2270 at
503 2217 654 2268 tertia
684 2213 1074 2282 relinqueturin
1103 2227 1184 2264 ea.
1217 2209 1283 2262 Et
1326 2214 1602 2262 traducunt
1641 2209 1846 2261 tertiam
1870 2224 1993 2275 par-

417 2321 518 2361 tem
541 2323 630 2374 per
657 2308 846 2375 ignem,
883 2313 929 2356 et
967 2319 1114 2354 uram
1133 2318 1219 2354 eos
1269 2304 1400 2354 sicut
1429 2303 1602 2353 uritur
1623 2310 1918 2366 argentum,
1946 2306 1991 2349 et

417 2398 644 2465 probabo
690 2411 775 2448 eos
830 2395 959 2446 sicut
1012 2393 1264 2460 probatur
1303 2407 1514 2442 aurum.
1565 2387 1685 2456 Ipse
1738 2388 1991 2440 invocabit

420 2505 602 2542 nomen
672 2501 862 2548 meum,
915 2494 961 2536 et
1007 2498 1100 2550 ego
1149 2482 1428 2533 exaudiam
1469 2496 1606 2541 eum,
1685 2490 1729 2530 et
1778 2479 1993 2530 dicam:

425 2580 658 2649 Populus
679 2593 820 2631 meus
857 2577 954 2628 istc
987 2584 1058 2627 est
1085 2589 1102 2626 :
1142 2583 1188 2625 et
1222 2572 1330 2640 ipse
1373 2571 1503 2624 dicet
1533 2586 1551 2624 :
1580 2569 1832 2622 Dominus
1857 2567 1993 2621 Deus

419 2685 588 2725 ιιιειιε.

491 2845 577 2903 Cl.
609 2843 828 2898 Inducta
845 2855 1007 2896 manu
1044 2837 1221 2894 divina
1249 2835 1747 2906 pastoribusimpiis
1774 2845 1828 2890 et
1851 2852 1998 2889 meu-

429 2937 673 2995 dacibus,
711 2933 1032 3001 quivineam
1094 2929 1298 2994 regiam
1357 2938 1734 2995 corruperunt,
1792 2939 1889 2978 nec
1918 2923 1998 2976 ul-

427 3026 590 3080 tiOnis
625 3035 1015 3092 pennarumque
1033 3031 1284 3086 expertes
1317 3017 1526 3070 futuros
1554 3018 1705 3080 dicit,
1755 3015 1842 3083 qui
1880 3014 2001 3067 illo-

427 3133 546 3172 rum
569 3115 824 3169 meditata
849 3108 1308 3164 inconsultissime
1361 3107 1702 3174 adjuvemut,
1747 3104 2000 3173 populum

424 3206 729 3265 Judaaorutn
760 3203 944 3270 utique
969 3210 1022 3254 et
1054 3199 1244 3266 vulgus
1277 3197 1575 3250 subditmn.
1641 3196 1785 3249 Bello
1853 3197 1995 3247 enim

427 3299 810 3368 disperierunt,
830 3305 879 3346 et
913 3291 1134 3344 urbibus
1165 3305 1267 3341 una
1302 3304 1422 3341 eum
1451 3287 1609 3340 idolis
1637 3287 1872 3338 lumlitus
1903 3285 1998 3338 de-

2091 2108 2251 2176 λέγει
2287 2106 2522 2171 Κύριος,
2557 2102 2629 2155 τὰ
2666 2100 2774 2154 δύο
2816 2101 2966 2169 μέρη
3017 2097 3206 2166 αὐτῆς
3249 2099 3675 2165 ἐξολοθρευθή-

2093 2217 2282 2261 σεται,
2318 2197 2413 2250 καὶ
2442 2197 2729 2261 ἐκλείψει,
2759 2193 2820 2246 τὸ
2856 2193 2921 2244 δὲ
2941 2192 3138 2258 τρίτον
3162 2191 3672 2258 ὑπολειφθήσέται

2094 2290 2163 2342 ἐν
2204 2287 2378 2355 αὐτῇ.
2411 2286 2518 2340 Καὶ
2566 2284 2750 2348 διάξω
2793 2283 2862 2336 τὸ
2918 2283 3118 2349 τρίτον
3173 2281 3269 2333 διὰ
3319 2279 3526 2348 πυρὸς,
3572 2280 3672 2332 καί

2095 2379 2348 2450 πυρώσω
2385 2378 2625 2440 αὐτοὺς,
2669 2376 2749 2440 ὡς
2793 2374 3082 2441 πυροῦται
3125 2372 3192 2425 τὸ
3237 2373 3533 2440 ἀργύριον,
3576 2375 3675 2427 καὶ

2096 2470 2314 2538 δοκιμῶ
2346 2469 2586 2534 αὐτοὺς,
2611 2469 2691 2532 ὡς
2709 2464 3072 2534 δοκιμάζεται
3094 2465 3160 2517 τὸ
3191 2466 3462 2532 χρυσίον.
3485 2465 3675 2530 Αὐτὸς

2095 2561 2517 2616 ἐπικαλέσεται
2561 2560 2624 2612 τὸ
2669 2557 2856 2625 ὄνομά
2891 2575 3030 2625 μου,
3064 2555 3222 2622 κάγὼ
3268 2556 3677 2624 ἐπακούσομαι

2097 2653 2276 2719 αὐτῷ,
2308 2654 2405 2705 καὶ
2435 2640 2546 2718 ἐρῶ
2569 2668 2582 2680 ο
2635 2651 2792 2714 Amic
2815 2667 2933 2716 μου
2967 2644 3144 2713 οὗτός
3169 2648 3318 2713 ἐστι,
3346 2648 3446 2701 καὶ
3494 2652 3678 2714 αὐτὸς

2100 2746 2257 2813 ἐρεῖ·
2294 2746 2509 2810 Κύριος
2537 2746 2569 2794 ό
2600 2744 2738 2806 Θεό(
2763 2759 2887 2810 μου

2169 2838 2292 2890 PA'.
2346 2835 2758 2903 Ἐπενεχθείσης
2788 2834 2887 2902 τῆς
2918 2833 3064 2896 Θείας
3103 2833 3280 2904 χειρὸς
3310 2835 3421 2897 τοῖς
3441 2834 3677 2900 ἀνοσίοις

2099 2925 2540 2996 ψευδοποιμέσιν,
2572 2923 2620 2975 οἳ
2665 2922 2756 2974 τὸν
2797 2923 3096 2992 ἀμπελῶνα
3135 2923 3550 2994 κατεφθάρκασι
3587 2927 3682 2979 τὸν

2104 3017 2399 3088 βασιλικὸν,
2433 3017 2550 3068 οῦδὲ
2577 3016 2771 3079 αὐτοὺς
2797 3015 3013 3070 ἔσεσθαί
3045 3033 3204 3086 φησιν
3238 3016 3340 3081 ἔξω
3374 3021 3560 3088 ποινῆς
3583 3023 3679 3073 καὶ

2101 3109 2255 3178 δίκης
2314 3109 2438 3169 τοὺς
2485 3110 2597 3170 τοῖς
2635 3107 2866 3170 ἀνοσίοις
2899 3108 3077 3158 αὐτῶν
3116 3108 3425 3177 σκέμμασιν
3459 3110 3674 3166 ἀϐουλό-

2103 3217 2241 3254 τατα
2275 3199 2805 3270 συνδεδραμηκότας.
2840 3199 2995 3269 δῆλον
3029 3199 3083 3252 δὲ
3121 3202 3200 3253 ὅτι
3235 3202 3360 3262 τοῦς
3406 3201 3514 3254 τῶν
3551 3203 3684 3254 Ἰου-

2103 3292 2265 3346 δαίων
2285 3292 2488 3360 δήμους
2510 3291 2600 3342 καὶ
2621 3291 2716 3360 τὴν
2738 3290 2995 3358 ἀγελαίαν
3018 3289 3123 3342 τῶν
3148 3292 3251 3344 ὑπὸ
3270 3296 3428 3362 χεῖρα
3448 3292 3678 3364 πληθύν.

427 3389 569 3454 lctis,
606 3388 696 3440 vix
730 3385 972 3451 reliquia:
1009 3385 1226 3434 salvam:
1272 3389 1397 3433 sunt
1421 3379 1488 3438 ³³,
1534 3393 1652 3444 qua:
1681 3378 1835 3430 tertia
1875 3392 1995 3445 pars

2101 3383 2506 3450 Δεδαπάνηνται
2545 3382 2653 3451 γὰρ
2691 3382 2765 3452 τῷ
2795 3383 3033 3452 πολέμῳ,
3063 3383 3156 3436 καὶ
3197 3383 3504 3437 διολώλασιν
3542 3384 3679 3454 ὁμοῦ

427 3481 495 3534 de
523 3488 633 3533 tota
681 3474 1022 3530 multitudine
1072 3471 1412 3539 intelligitur.
1490 3467 1654 3539 794,
1700 3467 1810 3522 Non
1857 3469 1998 3521 enim

431 3584 677 3642 prorsus,
737 3583 830 3620 seu
887 3567 1138 3618 universe
1196 3562 1609 3625 lsraelinteriit,
1645 3561 1752 3615 Deo
1785 3571 2002 3629 propter

431 3677 612 3732 patres
642 3661 954 3712 miserante.
985 3656 1137 3722 Quod
1179 3666 1231 3708 et
1271 3657 1460 3708 heatus
1493 3654 1654 3706 Isaias
1683 3656 1998 3706 continuat:

435 3772 456 3807 ι
493 3756 556 3808 Et
587 3753 688 3806 nisi
717 3751 978 3804 Dominus
1005 3747 1245 3801 Sabaoth
1277 3748 1585 3814 reliquisset
1615 3747 1770 3798 nobis
1792 3760 1999 3809 semen,

431 3846 572 3899 sicut
629 3841 864 3894 Sodoma
895 3841 1206 3902 fuissemus,
1241 3847 1292 3889 et
1317 3839 1455 3889 sicut
1503 3836 1804 3890 Gomorrlta
1844 3835 1998 3888 simi-

434 3938 511 3992 les
549 3947 793 3988 essemus
822 3930 889 3983 ³³.
924 3947 941 3980 ι
975 3928 1378 3990 Verumtamen,
1411 3927 1620 3979 tertiam
1653 3937 1876 3993 partem,
1908 3942 2000 3980 Seu

439 4023 712 4092 reliquias,
750 4021 849 4075 hoc
874 4029 976 4084 εει,
1017 4020 1297 4071 credentes
1324 4017 1377 4068 in
1406 4019 1668 4084 sanguine
1690 4027 1742 4069 et
1777 4017 2002 4086 posteri-

436 4125 546 4170 tate
577 4113 762 4175 lsrael,
800 4111 1172 4165 traducturum
1205 4125 1300 4179 per
1341 4111 1540 4179 ignem,
1575 4119 1627 4162 et
1662 4111 1780 4177 igne
1806 4120 2002 4179 ut_ar-

436 4216 653 4274 gentnm
679 4214 738 4258 et
767 4219 958 4256 aurum
990 4217 1114 4256 sese
1138 4203 1542 4270 exploraturum
1563 4169 2001 4255 contirmatFNon

439 4298 582 4350 ettittt
621 4303 767 4347 caret
800 4292 1063 4346 molestiis
1093 4306 1156 4346 ac
1187 4291 1460 4345 laboribus
1517 4304 1827 4347 sanctorum
1871 4294 1999 4358 vita,

435 4402 488 4443 et
530 4403 713 4442 verum
742 4396 848 4450 est,
885 4399 904 4434 ‹
935 4383 1176 4438 volentes
1203 4385 1286 4454 pie
1310 4385 1487 4438 vivere
1531 4387 1582 4438 in
1609 4383 1845 4450 Christo,
1879 4400 2001 4453 per-

434 4481 766 4540 secutionem
807 4491 1065 4548 passuros
1092 4495 1110 4530 ι
1139 4476 1232 4560 “ﬂ
1251 4476 1619 4531 Probatissitni
1667 4493 1826 4546 porro
1896 4476 2004 4530 fue-

437 4581 562 4628 runt
598 4571 764 4626 divini
790 4569 1058 4636 discipuli,
1090 4577 1139 4621 et
1177 4577 1440 4636 quotquot
1470 4567 1560 4619 illo
1599 4577 1837 4634 tempore
1870 4580 2002 4634 ope-

2098 3479 2210 3538 τοῖς
2233 3475 2503 3534 κατοίκοις
2525 3476 2580 3526 αἱ
2604 3475 2806 3539 πόλεις,
2824 3475 3151 3546 πανολεθρία
3176 3477 3677 3546 καταπολλύμεναι,

2103 3567 2254 3636 μόλις
2283 3566 2338 3618 δὲ
2367 3566 2630 3618 σέσωσται
2658 3566 2718 3618 τὸ
2744 3567 3116 3636 κατάλειμμα,
3138 3567 3212 3629 ὡς
3232 3569 3290 3620 ἐν
3320 3569 3479 3639 τρίτῃ
3509 3570 3678 3639 μοίρᾳ

2098 3657 2192 3711 τοῦ
2226 3659 2426 3721 παντὸς
2459 3658 2744 3726 νοούμενον
2788 3658 3047 3728 πλήθους.
3067 3659 3406 3729 Ὠλόθρευται
3437 3660 3545 3729 γὰρ
3575 3660 3677 3713 οὐκ

2101 3753 2181 3814 εἰς
2211 3751 2354 3804 ἀπαν
2397 3751 2425 3802 6
2458 3749 2696 3819 Ἰσραὴλ,
2729 3749 2864 3801 Θεοῦ
2910 3751 3375 3820 κατοικτείραντος
3418 3751 3504 3804 διὰ
3552 3752 3680 3814 τοὺς

2107 3842 2368 3911 πατέρας.
2401 3840 2569 3892 Τοῦτο
2595 3841 2687 3892 καὶ
2716 3841 2877 3902 αὐτὸς
2904 3843 2932 3893 6
2964 3842 3228 3910 μακάριος
3263 3843 3485 3906 Ἡσαΐας
3509 3843 3642 3912 φησί
3661 3858 3676 3872 ·

2109 3949 2127 3980 ε
2159 3932 2270 3983 Καὶ
2304 3934 2351 3983 εί
2381 3933 2454 4000 μὴ
2486 3931 2687 4002 Κύριος
2718 3932 2944 3984 Σαϐαὼθ
2971 3934 3326 4000 ἐγκατέλιπεν
3353 3936 3483 4004 ἡμῖν
3516 3934 3680 4005 σπέρο

2107 4041 2202 4095 μα,
2235 4023 2309 4085 ῶς
2339 4023 2544 4090 Σόδομα
2595 4021 2658 4074 ἂν
2705 4023 3067 4093 ἐγενήθημεν,
3099 4025 3191 4076 καὶ
3221 4025 3293 4086 ῶς
3322 4025 3570 4096 Γόμορρα
3613 4027 3682 4080 ἂν

2101 4112 2483 4184 ὡμοιώθημεν.
2509 4131 2526 4163 ι
2549 4113 2693 4182 Πλὴν
2715 4114 2774 4164 τὸ
2802 4114 3002 4180 τρίτον,
3036 4116 3202 4185 ἤγουν
3223 4115 3282 4168 τὸ
3307 4117 3678 4187 κατάλειμμα.

2102 4204 2374 4268 τουτέστι,
2420 4205 2547 4266 τοὺς
2602 4201 2661 4266 ἐξ
2719 4202 2950 4271 αἵματος
2997 4203 3211 4274 Ἰσραὴλ
3262 4205 3679 4270 πιστεύσαντας,

2103 4294 2306 4358 διάξειν
2347 4296 2478 4364 φησὶ
2525 4294 2611 4346 διὰ
2661 4293 2847 4364 πυρὸς,
2885 4295 2977 4347 καὶ
3019 4295 3225 4365 πυροῦν
3263 4297 3460 4360 αὐτοὺς
3487 4297 3562 4361 ὡς
3589 4299 3688 4370 ἀρἑ

2105 4387 2294 4458 γύριον
2347 4387 2446 4470 καί
2489 4371 2832 4456 χρυσίονῶὺ
2863 4385 2970 4456 γὰρ
2997 4385 3098 4451 ἔξω
3128 4387 3285 4439 πόνου
3307 4387 3413 4440 τῶν
3444 4389 3615 4456 ἁγίων
3649 4394 3680 4460 ἠ

2105 4476 2218 4548 ζωή
2245 4492 2257 4504 ·
2316 4477 2512 4544 ἀληθὲς
2542 4475 2598 4528 δὲ
2627 4478 2708 4528 ὅτι
2749 4493 2766 4526 ι
2792 4476 2841 4528 οί
2902 4474 3147 4537 θέλοντες
3191 4476 3289 4545 ζῇν
3335 4477 3574 4540 εὐσεϐῶς
3625 4479 3683 4529 ἐν

2111 4569 2350 4636 Χριστῷ,
2399 4567 2805 4636 διωχθήσονται.
2830 4564 3271 4652 υΔοκιμὼτατοι
3298 4565 3352 4618 δὲ
3397 4567 3686 4634 γεγόνασιν

439 4680 555 4718 rum
582 4661 1000 4717 etalilietiouum
1019 4660 1150 4713 socii
1188 4659 1372 4713 iisdem
1404 4658 1637 4721 luerunt,
1662 4657 1995 4727 Evangelium

2109 4662 2158 4713 oi
2187 4659 2458 4712 θεσπέσιοι
2487 4657 2745 4728 μαθηταὶ,
2779 4659 2870 4710 καὶ
2899 4659 3012 4710 ὅσοι
3039 4658 3326 4726 γεγόνασιν
3359 4659 3542 4722 αὐτοῖς
3564 4676 3686 4712 συν-

435 4751 638 4806 Christi
671 4767 764 4818 per
796 4757 982 4816 gentes
1011 4761 1165 4800 sacro
1195 4744 1492 4798 ministerio
1519 4743 2001 4810 promulgantibus.

437 4843 518 4895 Ad
545 4839 741 4893 multas
769 4841 912 4892 enim
938 4838 1254 4892 vexationes
1297 4846 1349 4889 et
1402 4835 1802 4902 persecutiones
1841 4848 2001 4901 expe-

441 4931 655 4987 iiettdas
703 4929 878 4983 vocati
926 4937 1150 4991 sunt,et
1203 4934 1413 4979 tantum
1461 4940 1564 4978 non
1621 4925 1834 4993 ignitius
1878 4926 2002 4989 usti,

437 5027 563 5078 dum
615 5034 709 5090 per
751 5019 1076 5072 tentationes
1130 5018 1505 5087 probarentur,
1541 5026 1596 5070 ut
1642 5032 1762 5070 eum
1814 5017 2004 5070 ﬁducia

441 5121 654 5183 possent
685 5111 992 5166 ese-laniare
1023 5127 1036 5164 :
1069 5128 1086 5159 ι
1113 5110 1374 5176 Quoniam
1413 5110 1650 5178 probasti
1685 5124 1801 5174 nos,
1831 5108 2001 5172 Dens;

440 5211 558 5276 igne
580 5221 677 5260 nos
703 5202 1044 5268 exuttiittasli,
1067 5203 1204 5255 sicut
1230 5201 1570 5255 examinator
1600 5209 1878 5269 argentum
1899 5199 1958 5248 ³⁸.
1977 5217 1996 5250 ι

437 5298 566 5364 Quae
593 5299 754 5368 igitur
779 5297 901 5351 hinc
924 5293 1161 5348 utilitas?
1207 5303 1298 5346 aut
1354 5294 1492 5361 quod
1540 5294 1816 5360 praemium
1866 5289 2005 5344 refe-

439 5399 576 5451 rcut,
602 5391 690 5458 qui
723 5390 801 5443 sic
824 5386 1002 5442 amicti
1051 5395 1104 5442 et
1133 5383 1341 5454 probati
1368 5383 1526 5437 sunt?
1555 5383 1867 5448 Domestici,
1893 5380 2004 5435 noti

438 5491 490 5533 et
526 5478 706 5534 dilecti
738 5481 848 5536 Deo
886 5488 1185 5536 evaserunt.
1219 5477 1492 5534 Nutnerati
1523 5485 1646 5531 sunt
1677 5476 1818 5531 enim
1853 5493 1873 5527 ι
1908 5489 2004 5543 po-

508 5679 552 5707 ς.
593 5676 777 5730 “wh.
817 5695 981 5742 nm,
1015 5681 1196 5735 ἓοο25.

465 5750 507 5780 ³⁸
545 5748 677 5800 ⁸³531.
710 5761 831 5813 L‘v’,
873 5749 957 5800 ’ίυο

2111 4751 2340 4821 εργάται
2386 4750 2505 4800 κατ’
2539 4751 2714 4800 ἐκεῖνο
2768 4747 3001 4819 καιροῦ,
3051 4750 3145 4801 καί
3195 4751 3686 4820 συμπεπονήκασιν

2111 4839 2483 4910 ἱερουργοῦσιν
2513 4841 2592 4902 είς
2618 4839 2686 4892 τά
2713 4839 2839 4909 ἔθνη
2871 4841 2932 4892 τὸ
2951 4840 3277 4907 Εὑαγγέλιον
3306 4840 3401 4893 τοῦ
3423 4841 3678 4910 Χριστοῦ.

2109 4932 2416 5000 Κέκληνται
2465 4929 2572 5002 γάρ
2621 4931 2701 4993 είς
2745 4933 2941 5002 πεῖραν
2989 4931 3199 4984 πολλῶν
3249 4930 3478 5001 Θλίψεών
3505 4948 3563 4984 τε
3589 4933 3684 4985 καὶ

2107 5022 2385 5092 διωγμῶν,
2415 5023 2508 5075 καὶ
2545 5024 2825 5093 μονονουχὶ
2860 5024 3233 5093 πεπύρωνται,
3263 5012 3682 5093 δοκιμαζόμενοι

2108 5112 2194 5164 διὰ
2233 5112 2574 5182 πειρασμῶν,
2608 5113 2681 5176 ὡς
2702 5113 2963 5168 δύνασθαι
2993 5115 3171 5182 λέγειν
3214 5115 3278 5167 ἐκ
3325 5115 3638 5184 παρρησίας
3668 5129 3682 5143 ·

2117 5207 2270 5256 ι”υτι
2313 5204 2638 5274 ἐδοκίμασας
2669 5207 2838 5275 ἡμᾶς,
2874 5208 2902 5259 ὁ
2929 5205 3080 5271 Θεὸς,
3114 5205 3404 5276 ὲπύρωσας
3437 5206 3580 5274 ἡμᾶς
3609 5205 3687 5269 ὡς

2110 5294 2376 5364 πυροῦται
2401 5298 2461 5347 τὸ
2487 5295 2766 5368 ἀργύριον.
2798 5315 2814 5348 ι
2857 5297 2951 5359 Τίς
2985 5293 3076 5350 οὖν
3115 5298 3148 5367 ὴ
3176 5296 3422 5350 ἐντεῦθεν
3455 5297 3640 5365 δυησις
3669 5312 3682 5356 ;

2110 5387 2145 5456 ἢ
2173 5389 2320 5449 ποῖος
2363 5386 2515 5439 ἔσται
2553 5388 2742 5458 μισθὸς
2775 5390 2887 5450 τοῖς
2911 5381 3012 5441 ὦδε
3046 5389 3377 5459 πεπονηχόσι
3417 5389 3510 5441 καὶ
3543 5389 3687 5441 δεδο-

2113 5477 2466 5548 κιμασμένοις
2487 5497 2498 5508 '
2528 5480 2726 5532 Οίκεῖοι
2759 5479 3009 5547 γεγόνασι
3038 5479 3131 5532 τοῦ
3154 5479 3311 5546 Θεοῦ,
3338 5477 3604 5551 γνώριμοι
3622 5495 3684 5534 τι

1278 5681 1316 5711 ³¹
1359 5678 1555 5733 Jercm.
1601 5680 1762 5743 x,2l.
1839 5677 1884 5710 ⁸¹
1924 5676 1995 5732 lsa

2099 5677 2234 5745 p23;
2273 5677 2427 5733 RO'N-
2464 5678 2648 5744 “.27.
2729 5679 2768 5710 ³³
2811 5679 2906 5733 lsa.
2947 5695 2983 5745 ι,
3027 5679 3080 5734 9.
3159 5680 3200 5710 ³⁵
3237 5679 3276 5734 ll
3314 5679 3450 5733 Tim.
3479 5694 3563 5743 ιιι,
3592 5675 3681 5732 ια.
