  <div class='ocr_page' id='page_1' title='image "/cluster/home/n/w/nwhite01/storage/ocr_20150623/72/hvd.32044073502015/126.png"; bbox 0 0 4042 6196; ppageno 0'>
   <div class='ocr_carea' id='block_1_1' title="bbox 356 289 455 343">
    <p class='ocr_par' dir='ltr' id='par_1_1' title="bbox 356 289 455 343">
     <span class='ocr_line' id='line_1_1' title="bbox 356 289 455 343; baseline -0.01 0"><span class='ocrx_word' id='word_1_1' title='bbox 356 289 455 343; x_wconf 63' lang='grc' dir='ltr'><strong>ἳΗ</strong></span> 
     </span>
    </p>
   </div>
   <div class='ocr_carea' id='block_1_2' title="bbox 1171 287 2751 357">
    <p class='ocr_par' dir='ltr' id='par_1_2' title="bbox 1171 287 2751 357">
     <span class='ocr_line' id='line_1_2' title="bbox 1171 287 2751 357; baseline 0.01 -16"><span class='ocrx_word' id='word_1_2' title='bbox 1171 287 1721 346; x_wconf 65' lang='grc' dir='ltr'>εοΜΜεΜΑιιιυδ</span> <span class='ocrx_word' id='word_1_3' title='bbox 1761 290 1825 345; x_wconf 79' lang='lat' dir='ltr'><strong>IN</strong></span> <span class='ocrx_word' id='word_1_4' title='bbox 1868 291 2268 351; x_wconf 70' lang='lat' dir='ltr'><strong>ZACHARIAM</strong></span> <span class='ocrx_word' id='word_1_5' title='bbox 2308 298 2751 357; x_wconf 71' lang='lat' dir='ltr'><strong>PROPHETAM.</strong></span> 
     </span>
    </p>
   </div>
   <div class='ocr_carea' id='block_1_3' title="bbox 3514 320 3625 373">
    <p class='ocr_par' dir='ltr' id='par_1_3' title="bbox 3514 320 3625 373">
     <span class='ocr_line' id='line_1_3' title="bbox 3514 320 3625 373; baseline 0 0"><span class='ocrx_word' id='word_1_6' title='bbox 3514 320 3625 373; x_wconf 68' lang='grc' dir='ltr'><strong>εει</strong></span> 
     </span>
    </p>
   </div>
   <div class='ocr_carea' id='block_1_4' title="bbox 358 397 1961 498">
    <p class='ocr_par' dir='ltr' id='par_1_4' title="bbox 358 397 1942 473">
     <span class='ocr_line' id='line_1_4' title="bbox 358 397 1942 473; baseline 0.003 -20"><span class='ocrx_word' id='word_1_7' title='bbox 358 400 455 457; x_wconf 67' lang='grc' dir='ltr'>καὶ</span> <span class='ocrx_word' id='word_1_8' title='bbox 509 397 883 468; x_wconf 71' lang='grc' dir='ltr'>ἠγαπημένοι.</span> <span class='ocrx_word' id='word_1_9' title='bbox 933 397 1412 470; x_wconf 77' lang='grc' dir='ltr'>Κατελογτσθησαν</span> <span class='ocrx_word' id='word_1_10' title='bbox 1460 401 1570 473; x_wconf 82' lang='grc' dir='ltr'>γὰρ</span> <span class='ocrx_word' id='word_1_11' title='bbox 1620 422 1640 456; x_wconf 78' lang='grc' dir='ltr'><strong>ι</strong></span> <span class='ocrx_word' id='word_1_12' title='bbox 1669 406 1748 468; x_wconf 78' lang='grc' dir='ltr'><strong>εἰς</strong></span> <span class='ocrx_word' id='word_1_13' title='bbox 1794 405 1942 469; x_wconf 80' lang='grc' dir='ltr'>ἐθνος</span> 
     </span>
    </p>
   </div>
   <div class='ocr_carea' id='block_1_5' title="bbox 2051 397 3620 498">
    <p class='ocr_par' dir='ltr' id='par_1_5' title="bbox 2051 408 3620 498">
     <span class='ocr_line' id='line_1_5' title="bbox 2051 408 3620 498; baseline 0.015 -38"><span class='ocrx_word' id='word_1_14' title='bbox 2051 408 2206 476; x_wconf 89' lang='lat' dir='ltr'><strong>pulus</strong></span> <span class='ocrx_word' id='word_1_15' title='bbox 2234 423 2474 476; x_wconf 85' lang='lat' dir='ltr'><strong>sanctus,</strong></span> <span class='ocrx_word' id='word_1_16' title='bbox 2504 415 2682 483; x_wconf 77' lang='lat' dir='ltr'><strong>regale</strong></span> <span class='ocrx_word' id='word_1_17' title='bbox 2709 416 3097 485; x_wconf 74' lang='lat' dir='ltr'><strong>sacerdotium,</strong></span> <span class='ocrx_word' id='word_1_18' title='bbox 3136 424 3361 492; x_wconf 78' lang='lat' dir='ltr'><strong>populus</strong></span> <span class='ocrx_word' id='word_1_19' title='bbox 3384 432 3620 498; x_wconf 86' lang='lat' dir='ltr'><strong>acquisi-</strong></span> 
     </span>
    </p>
   </div>
   <div class='ocr_carea' id='block_1_6' title="bbox 358 488 1946 561">
    <p class='ocr_par' dir='ltr' id='par_1_6' title="bbox 358 488 1946 561">
     <span class='ocr_line' id='line_1_6' title="bbox 358 488 1946 561; baseline 0.003 -17"><span class='ocrx_word' id='word_1_20' title='bbox 358 492 536 559; x_wconf 66' lang='grc' dir='ltr'>ἅγιον,</span> <span class='ocrx_word' id='word_1_21' title='bbox 569 489 651 552; x_wconf 78' lang='grc' dir='ltr'><strong>είς</strong></span> <span class='ocrx_word' id='word_1_22' title='bbox 680 488 952 557; x_wconf 82' lang='grc' dir='ltr'>βασίλειον</span> <span class='ocrx_word' id='word_1_23' title='bbox 992 490 1310 561; x_wconf 73' lang='grc' dir='ltr'><strong>ἱεράτευμα,</strong></span> <span class='ocrx_word' id='word_1_24' title='bbox 1336 494 1432 546; x_wconf 81' lang='grc' dir='ltr'>καὶ</span> <span class='ocrx_word' id='word_1_25' title='bbox 1465 495 1545 557; x_wconf 86' lang='grc' dir='ltr'>εἰς</span> <span class='ocrx_word' id='word_1_26' title='bbox 1583 492 1711 547; x_wconf 80' lang='grc' dir='ltr'>λαὸν</span> <span class='ocrx_word' id='word_1_27' title='bbox 1743 495 1836 549; x_wconf 78' lang='grc' dir='ltr'><strong>τὸν</strong></span> <span class='ocrx_word' id='word_1_28' title='bbox 1865 498 1946 560; x_wconf 87' lang='grc' dir='ltr'><strong>είς</strong></span> 
     </span>
    </p>
   </div>
   <div class='ocr_carea' id='block_1_7' title="bbox 357 578 1945 651">
    <p class='ocr_par' dir='ltr' id='par_1_7' title="bbox 357 578 1945 651">
     <span class='ocr_line' id='line_1_7' title="bbox 357 578 1945 651; baseline 0.006 -21"><span class='ocrx_word' id='word_1_29' title='bbox 357 578 727 651; x_wconf 67' lang='grc' dir='ltr'><strong>περιποίησιν,</strong></span> <span class='ocrx_word' id='word_1_30' title='bbox 753 579 843 632; x_wconf 77' lang='grc' dir='ltr'>ἵνα</span> <span class='ocrx_word' id='word_1_31' title='bbox 862 579 963 639; x_wconf 80' lang='grc' dir='ltr'>τὰς</span> <span class='ocrx_word' id='word_1_32' title='bbox 989 579 1188 651; x_wconf 73' lang='grc' dir='ltr'>ἀρετὰς</span> <span class='ocrx_word' id='word_1_33' title='bbox 1215 581 1573 651; x_wconf 79' lang='grc' dir='ltr'>ἐξαγγείλωσι</span> <span class='ocrx_word' id='word_1_34' title='bbox 1603 584 1698 636; x_wconf 82' lang='grc' dir='ltr'>τοῦ</span> <span class='ocrx_word' id='word_1_35' title='bbox 1727 585 1792 637; x_wconf 90' lang='grc' dir='ltr'><strong>ἐκ</strong></span> <span class='ocrx_word' id='word_1_36' title='bbox 1819 586 1945 639; x_wconf 69' lang='grc' dir='ltr'>σκό-</span> 
     </span>
    </p>
   </div>
   <div class='ocr_carea' id='block_1_8' title="bbox 357 666 1944 743">
    <p class='ocr_par' dir='ltr' id='par_1_8' title="bbox 357 666 1944 743">
     <span class='ocr_line' id='line_1_8' title="bbox 357 666 1944 743; baseline 0.005 -22"><span class='ocrx_word' id='word_1_37' title='bbox 357 684 485 730; x_wconf 69' lang='grc' dir='ltr'>τους</span> <span class='ocrx_word' id='word_1_38' title='bbox 529 666 728 730; x_wconf 74' lang='grc' dir='ltr'>αὐτοὺς</span> <span class='ocrx_word' id='word_1_39' title='bbox 779 666 1109 739; x_wconf 83' lang='grc' dir='ltr'>καλέσαντος</span> <span class='ocrx_word' id='word_1_40' title='bbox 1153 672 1244 724; x_wconf 78' lang='grc' dir='ltr'><strong>ἐπὶ</strong></span> <span class='ocrx_word' id='word_1_41' title='bbox 1294 670 1357 723; x_wconf 81' lang='grc' dir='ltr'><strong>τὸ</strong></span> <span class='ocrx_word' id='word_1_42' title='bbox 1413 672 1723 743; x_wconf 78' lang='grc' dir='ltr'>θαυμαστὸν</span> <span class='ocrx_word' id='word_1_43' title='bbox 1776 676 1944 729; x_wconf 83' lang='grc' dir='ltr'>αὐτοῦ</span> 
     </span>
    </p>
   </div>
   <div class='ocr_carea' id='block_1_9' title="bbox 361 757 1945 831">
    <p class='ocr_par' dir='ltr' id='par_1_9' title="bbox 361 757 1945 831">
     <span class='ocr_line' id='line_1_9' title="bbox 361 757 1945 831; baseline 0.009 -23"><span class='ocrx_word' id='word_1_44' title='bbox 361 758 495 825; x_wconf 74' lang='grc' dir='ltr'>φῶς,</span> <span class='ocrx_word' id='word_1_45' title='bbox 532 776 551 809; x_wconf 78' lang='grc' dir='ltr'><strong>ι</strong></span> <span class='ocrx_word' id='word_1_46' title='bbox 600 758 731 811; x_wconf 86' lang='grc' dir='ltr'><strong>ποτέ</strong></span> <span class='ocrx_word' id='word_1_47' title='bbox 779 757 837 811; x_wconf 85' lang='grc' dir='ltr'><strong>δέ</strong></span> <span class='ocrx_word' id='word_1_48' title='bbox 885 758 1038 821; x_wconf 75' lang='grc' dir='ltr'>ὄντες</span> <span class='ocrx_word' id='word_1_49' title='bbox 1074 761 1136 813; x_wconf 85' lang='grc' dir='ltr'><strong>οὐ</strong></span> <span class='ocrx_word' id='word_1_50' title='bbox 1169 760 1315 825; x_wconf 81' lang='grc' dir='ltr'>λαὸς,</span> <span class='ocrx_word' id='word_1_51' title='bbox 1349 764 1604 831; x_wconf 89' lang='grc' dir='ltr'>γεγόνασι</span> <span class='ocrx_word' id='word_1_52' title='bbox 1633 765 1780 830; x_wconf 88' lang='grc' dir='ltr'>λαός.</span> <span class='ocrx_word' id='word_1_53' title='bbox 1835 768 1945 821; x_wconf 82' lang='grc' dir='ltr'>Καί</span> 
     </span>
    </p>
   </div>
   <div class='ocr_carea' id='block_1_10' title="bbox 360 844 1945 925">
    <p class='ocr_par' dir='ltr' id='par_1_10' title="bbox 360 844 1945 925">
     <span class='ocr_line' id='line_1_10' title="bbox 360 844 1945 925; baseline 0.006 -26"><span class='ocrx_word' id='word_1_54' title='bbox 360 862 491 900; x_wconf 85' lang='grc' dir='ltr'>ποτε</span> <span class='ocrx_word' id='word_1_55' title='bbox 528 844 630 915; x_wconf 89' lang='grc' dir='ltr'><strong>μὲν</strong></span> <span class='ocrx_word' id='word_1_56' title='bbox 667 846 866 916; x_wconf 74' lang='grc' dir='ltr'>ἤκουον</span> <span class='ocrx_word' id='word_1_57' title='bbox 887 862 902 878; x_wconf 73' lang='grc'><strong><em>⁸</em></strong></span> <span class='ocrx_word' id='word_1_58' title='bbox 949 848 1147 901; x_wconf 71' lang='grc' dir='ltr'>σὍταν</span> <span class='ocrx_word' id='word_1_59' title='bbox 1179 853 1279 913; x_wconf 80' lang='grc' dir='ltr'>τὰς</span> <span class='ocrx_word' id='word_1_60' title='bbox 1302 854 1489 922; x_wconf 81' lang='grc' dir='ltr'>χεῖρας</span> <span class='ocrx_word' id='word_1_61' title='bbox 1512 854 1789 925; x_wconf 83' lang='grc' dir='ltr'>ἐκτείνητε</span> <span class='ocrx_word' id='word_1_62' title='bbox 1810 856 1945 924; x_wconf 89' lang='grc' dir='ltr'>πρός</span> 
     </span>
    </p>
   </div>
   <div class='ocr_carea' id='block_1_11' title="bbox 364 936 1945 1014">
    <p class='ocr_par' dir='ltr' id='par_1_11' title="bbox 364 936 1945 1014">
     <span class='ocr_line' id='line_1_11' title="bbox 364 936 1945 1014; baseline 0.008 -26"><span class='ocrx_word' id='word_1_63' title='bbox 364 952 453 1007; x_wconf 70' lang='grc' dir='ltr'><strong>με,</strong></span> <span class='ocrx_word' id='word_1_64' title='bbox 488 936 820 1007; x_wconf 61' lang='grc' dir='ltr'>ἁποστρέψω</span> <span class='ocrx_word' id='word_1_65' title='bbox 851 939 978 1002; x_wconf 83' lang='grc' dir='ltr'>τοὺς</span> <span class='ocrx_word' id='word_1_66' title='bbox 1006 939 1315 1010; x_wconf 75' lang='grc' dir='ltr'>ὀφθαλμούς</span> <span class='ocrx_word' id='word_1_67' title='bbox 1355 960 1455 1011; x_wconf 90' lang='grc' dir='ltr'><strong>μου</strong></span> <span class='ocrx_word' id='word_1_68' title='bbox 1485 944 1580 1012; x_wconf 78' lang='grc' dir='ltr'><strong>ἀφ’</strong></span> <span class='ocrx_word' id='word_1_69' title='bbox 1618 945 1772 1014; x_wconf 83' lang='grc' dir='ltr'>ὑμῶν</span> <span class='ocrx_word' id='word_1_70' title='bbox 1796 963 1810 977; x_wconf 87' lang='grc'><strong>·</strong></span> <span class='ocrx_word' id='word_1_71' title='bbox 1853 947 1945 1001; x_wconf 82' lang='grc' dir='ltr'><strong>καὶ</strong></span> 
     </span>
    </p>
   </div>
   <div class='ocr_carea' id='block_1_12' title="bbox 360 1028 1938 1110">
    <p class='ocr_par' dir='ltr' id='par_1_12' title="bbox 360 1028 1938 1110">
     <span class='ocr_line' id='line_1_12' title="bbox 360 1028 1938 1110; baseline 0.008 -28"><span class='ocrx_word' id='word_1_72' title='bbox 360 1030 461 1082; x_wconf 77' lang='grc' dir='ltr'>ἐὰν</span> <span class='ocrx_word' id='word_1_73' title='bbox 484 1028 794 1098; x_wconf 82' lang='grc' dir='ltr'>πληθύνητε</span> <span class='ocrx_word' id='word_1_74' title='bbox 819 1031 919 1100; x_wconf 87' lang='grc' dir='ltr'><strong>τὴν</strong></span> <span class='ocrx_word' id='word_1_75' title='bbox 950 1031 1154 1102; x_wconf 83' lang='grc' dir='ltr'>δέησιν,</span> <span class='ocrx_word' id='word_1_76' title='bbox 1186 1035 1286 1087; x_wconf 80' lang='grc' dir='ltr'>οὑκ</span> <span class='ocrx_word' id='word_1_77' title='bbox 1313 1036 1705 1107; x_wconf 79' lang='grc' dir='ltr'>εἰσακούσομαι</span> <span class='ocrx_word' id='word_1_78' title='bbox 1732 1040 1938 1110; x_wconf 78' lang='grc' dir='ltr'>ὑμῶν.»</span> 
     </span>
    </p>
   </div>
   <div class='ocr_carea' id='block_1_13' title="bbox 358 1120 1946 1202">
    <p class='ocr_par' dir='ltr' id='par_1_13' title="bbox 358 1120 1946 1202">
     <span class='ocr_line' id='line_1_13' title="bbox 358 1120 1946 1202; baseline 0.009 -29"><span class='ocrx_word' id='word_1_79' title='bbox 358 1120 494 1173; x_wconf 77' lang='grc' dir='ltr'>Νυνὶ</span> <span class='ocrx_word' id='word_1_80' title='bbox 544 1120 600 1172; x_wconf 84' lang='grc' dir='ltr'><strong>δέ</strong></span> <span class='ocrx_word' id='word_1_81' title='bbox 653 1137 839 1190; x_wconf 82' lang='grc' dir='ltr'>φησιν,</span> <span class='ocrx_word' id='word_1_82' title='bbox 880 1122 962 1175; x_wconf 85' lang='grc' dir='ltr'>ὅτι</span> <span class='ocrx_word' id='word_1_83' title='bbox 1008 1141 1027 1174; x_wconf 78' lang='grc' dir='ltr'><strong>ι</strong></span> <span class='ocrx_word' id='word_1_84' title='bbox 1060 1124 1229 1187; x_wconf 76' lang='grc' dir='ltr'>Αὐτὸς</span> <span class='ocrx_word' id='word_1_85' title='bbox 1261 1127 1645 1182; x_wconf 85' lang='grc' dir='ltr'>ἐπικαλέσεται</span> <span class='ocrx_word' id='word_1_86' title='bbox 1681 1130 1743 1182; x_wconf 80' lang='grc' dir='ltr'>τὸ</span> <span class='ocrx_word' id='word_1_87' title='bbox 1775 1131 1946 1202; x_wconf 70' lang='grc' dir='ltr'>ὄνομά</span> 
     </span>
    </p>
   </div>
   <div class='ocr_carea' id='block_1_14' title="bbox 362 1210 1945 1289">
    <p class='ocr_par' dir='ltr' id='par_1_14' title="bbox 362 1210 1945 1289">
     <span class='ocr_line' id='line_1_14' title="bbox 362 1210 1945 1289; baseline 0.009 -24"><span class='ocrx_word' id='word_1_88' title='bbox 362 1231 488 1283; x_wconf 81' lang='grc' dir='ltr'>μου,</span> <span class='ocrx_word' id='word_1_89' title='bbox 520 1213 615 1266; x_wconf 75' lang='grc' dir='ltr'><strong>καὶ</strong></span> <span class='ocrx_word' id='word_1_90' title='bbox 644 1213 784 1284; x_wconf 73' lang='grc' dir='ltr'>ἐρῶο</span> <span class='ocrx_word' id='word_1_91' title='bbox 816 1214 958 1277; x_wconf 86' lang='grc' dir='ltr'>Λαός</span> <span class='ocrx_word' id='word_1_92' title='bbox 993 1232 1095 1284; x_wconf 87' lang='grc' dir='ltr'><strong>μου</strong></span> <span class='ocrx_word' id='word_1_93' title='bbox 1131 1210 1287 1280; x_wconf 73' lang='grc' dir='ltr'>οὗτός</span> <span class='ocrx_word' id='word_1_94' title='bbox 1321 1221 1487 1274; x_wconf 81' lang='grc' dir='ltr'>ἐστιν.</span> <span class='ocrx_word' id='word_1_95' title='bbox 1520 1239 1539 1273; x_wconf 72' lang='grc' dir='ltr'><strong>ι</strong></span> <span class='ocrx_word' id='word_1_96' title='bbox 1577 1222 1789 1277; x_wconf 81' lang='grc' dir='ltr'>Οὐκοῦν</span> <span class='ocrx_word' id='word_1_97' title='bbox 1818 1225 1945 1289; x_wconf 76' lang='grc' dir='ltr'>ἴδιος</span> 
     </span>
    </p>
   </div>
   <div class='ocr_carea' id='block_1_15' title="bbox 357 1304 1945 1388">
    <p class='ocr_par' dir='ltr' id='par_1_15' title="bbox 357 1304 1945 1388">
     <span class='ocr_line' id='line_1_15' title="bbox 357 1304 1945 1388; baseline 0.009 -32"><span class='ocrx_word' id='word_1_98' title='bbox 357 1304 623 1371; x_wconf 85' lang='grc' dir='ltr'>γεγόνασι</span> <span class='ocrx_word' id='word_1_99' title='bbox 646 1304 844 1376; x_wconf 81' lang='grc' dir='ltr'>κλῆρος</span> <span class='ocrx_word' id='word_1_100' title='bbox 865 1304 957 1358; x_wconf 80' lang='grc' dir='ltr'><strong>τοῦ</strong></span> <span class='ocrx_word' id='word_1_101' title='bbox 990 1306 1124 1360; x_wconf 76' lang='grc' dir='ltr'>Θεοῦ</span> <span class='ocrx_word' id='word_1_102' title='bbox 1157 1308 1249 1360; x_wconf 82' lang='grc' dir='ltr'><strong>καὶ</strong></span> <span class='ocrx_word' id='word_1_103' title='bbox 1275 1309 1508 1380; x_wconf 81' lang='grc' dir='ltr'>Πατρδς.</span> <span class='ocrx_word' id='word_1_104' title='bbox 1526 1311 1765 1368; x_wconf 76' lang='grc' dir='ltr'><strong>δέδονται</strong></span> <span class='ocrx_word' id='word_1_105' title='bbox 1791 1315 1945 1388; x_wconf 86' lang='grc' dir='ltr'>δέτῷ</span> 
     </span>
    </p>
   </div>
   <div class='ocr_carea' id='block_1_16' title="bbox 358 1394 1945 1479">
    <p class='ocr_par' dir='ltr' id='par_1_16' title="bbox 358 1394 1945 1479">
     <span class='ocr_line' id='line_1_16' title="bbox 358 1394 1945 1479; baseline 0.009 -31"><span class='ocrx_word' id='word_1_106' title='bbox 358 1394 497 1467; x_wconf 80' lang='grc' dir='ltr'>Υίῷ,</span> <span class='ocrx_word' id='word_1_107' title='bbox 530 1397 896 1467; x_wconf 74' lang='grc' dir='ltr'>συγκαταρχει</span> <span class='ocrx_word' id='word_1_108' title='bbox 926 1397 1033 1467; x_wconf 78' lang='grc' dir='ltr'><strong>γὰρ</strong></span> <span class='ocrx_word' id='word_1_109' title='bbox 1064 1399 1172 1452; x_wconf 81' lang='grc' dir='ltr'>τῶν</span> <span class='ocrx_word' id='word_1_110' title='bbox 1197 1400 1334 1454; x_wconf 81' lang='grc' dir='ltr'>ὅλων</span> <span class='ocrx_word' id='word_1_111' title='bbox 1360 1403 1497 1472; x_wconf 80' lang='grc' dir='ltr'>ὁμοῦ</span> <span class='ocrx_word' id='word_1_112' title='bbox 1518 1404 1595 1473; x_wconf 85' lang='grc' dir='ltr'>τῷ</span> <span class='ocrx_word' id='word_1_113' title='bbox 1619 1409 1945 1479; x_wconf 80' lang='grc' dir='ltr'>γεγεννηκό-</span> 
     </span>
    </p>
   </div>
   <div class='ocr_carea' id='block_1_17' title="bbox 353 1488 1945 1571">
    <p class='ocr_par' dir='ltr' id='par_1_17' title="bbox 353 1488 1945 1571">
     <span class='ocr_line' id='line_1_17' title="bbox 353 1488 1945 1571; baseline 0.009 -32"><span class='ocrx_word' id='word_1_114' title='bbox 353 1503 435 1553; x_wconf 86' lang='grc' dir='ltr'><strong>τι,</strong></span> <span class='ocrx_word' id='word_1_115' title='bbox 465 1488 670 1559; x_wconf 76' lang='grc' dir='ltr'>εὐμενῆ</span> <span class='ocrx_word' id='word_1_116' title='bbox 698 1505 759 1541; x_wconf 86' lang='grc' dir='ltr'><strong>τε</strong></span> <span class='ocrx_word' id='word_1_117' title='bbox 790 1492 882 1542; x_wconf 78' lang='grc' dir='ltr'>καὶ</span> <span class='ocrx_word' id='word_1_118' title='bbox 913 1490 1040 1545; x_wconf 76' lang='grc' dir='ltr'>ἵλεω</span> <span class='ocrx_word' id='word_1_119' title='bbox 1066 1492 1158 1546; x_wconf 80' lang='grc' dir='ltr'><strong>τὸν</strong></span> <span class='ocrx_word' id='word_1_120' title='bbox 1189 1493 1296 1547; x_wconf 83' lang='grc' dir='ltr'>τῶν</span> <span class='ocrx_word' id='word_1_121' title='bbox 1324 1495 1462 1549; x_wconf 82' lang='grc' dir='ltr'>ὅλων</span> <span class='ocrx_word' id='word_1_122' title='bbox 1484 1495 1665 1567; x_wconf 77' lang='grc' dir='ltr'>ἔχουσι</span> <span class='ocrx_word' id='word_1_123' title='bbox 1683 1497 1945 1571; x_wconf 83' lang='grc' dir='ltr'>δημιουρ·</span> 
     </span>
    </p>
   </div>
   <div class='ocr_carea' id='block_1_18' title="bbox 355 1582 910 1653">
    <p class='ocr_par' dir='ltr' id='par_1_18' title="bbox 355 1582 910 1653">
     <span class='ocr_line' id='line_1_18' title="bbox 355 1582 910 1653; baseline 0.005 -18"><span class='ocrx_word' id='word_1_124' title='bbox 355 1582 457 1649; x_wconf 69' lang='grc' dir='ltr'><strong>τὸν</strong></span> <span class='ocrx_word' id='word_1_125' title='bbox 491 1582 592 1637; x_wconf 64' lang='grc' dir='ltr'>καὶ</span> <span class='ocrx_word' id='word_1_126' title='bbox 613 1583 910 1653; x_wconf 80' lang='grc' dir='ltr'>Δεσπότην.</span> 
     </span>
    </p>
   </div>
   <div class='ocr_carea' id='block_1_19' title="bbox 711 1704 1585 1796">
    <p class='ocr_par' dir='ltr' id='par_1_19' title="bbox 711 1704 1585 1796">
     <span class='ocr_line' id='line_1_19' title="bbox 711 1704 1585 1796; baseline -0.001 -7"><span class='ocrx_word' id='word_1_127' title='bbox 711 1706 783 1789; x_wconf 93' lang='grc' dir='ltr'>Τ</span> <span class='ocrx_word' id='word_1_128' title='bbox 787 1704 1094 1792; x_wconf 90' lang='grc' dir='ltr'><strong>ΟΜΟΣ</strong></span> <span class='ocrx_word' id='word_1_129' title='bbox 1185 1710 1585 1796; x_wconf 85' lang='grc' dir='ltr'><strong>ΕΚΤΟΣ.</strong></span> 
     </span>
    </p>
   </div>
   <div class='ocr_carea' id='block_1_20' title="bbox 956 1860 1337 1917">
    <p class='ocr_par' dir='ltr' id='par_1_20' title="bbox 956 1860 1337 1917">
     <span class='ocr_line' id='line_1_20' title="bbox 956 1860 1337 1917; baseline 0.01 -4"><span class='ocrx_word' id='word_1_130' title='bbox 956 1860 1208 1917; x_wconf 77' lang='grc' dir='ltr'><strong>ΚΕΦΑΛ.</strong></span> <span class='ocrx_word' id='word_1_131' title='bbox 1239 1863 1337 1917; x_wconf 77' lang='lat' dir='ltr'><strong>IA&#39;.</strong></span> 
     </span>
    </p>
   </div>
   <div class='ocr_carea' id='block_1_21' title="bbox 2049 500 3625 582">
    <p class='ocr_par' dir='ltr' id='par_1_21' title="bbox 2049 500 3625 582">
     <span class='ocr_line' id='line_1_21' title="bbox 2049 500 3625 582; baseline 0.016 -30"><span class='ocrx_word' id='word_1_132' title='bbox 2049 500 2235 572; x_wconf 54' lang='lat' dir='ltr'><strong>tionis,</strong></span> <span class='ocrx_word' id='word_1_133' title='bbox 2279 503 2578 559; x_wconf 84' lang='lat' dir='ltr'><strong>utvirtutes</strong></span> <span class='ocrx_word' id='word_1_134' title='bbox 2601 507 2987 562; x_wconf 89' lang='lat' dir='ltr'><strong>annuntiarent</strong></span> <span class='ocrx_word' id='word_1_135' title='bbox 3012 509 3150 578; x_wconf 83' lang='lat' dir='ltr'><strong>ejus,</strong></span> <span class='ocrx_word' id='word_1_136' title='bbox 3188 517 3277 582; x_wconf 79' lang='lat' dir='ltr'><strong>qui</strong></span> <span class='ocrx_word' id='word_1_137' title='bbox 3303 516 3369 569; x_wconf 87' lang='lat' dir='ltr'><strong>de</strong></span> <span class='ocrx_word' id='word_1_138' title='bbox 3393 521 3625 580; x_wconf 73' lang='lat' dir='ltr'><strong>tenebris</strong></span> 
     </span>
    </p>
   </div>
   <div class='ocr_carea' id='block_1_22' title="bbox 2048 590 3624 672">
    <p class='ocr_par' dir='ltr' id='par_1_22' title="bbox 2048 590 3624 672">
     <span class='ocr_line' id='line_1_22' title="bbox 2048 590 3624 672; baseline 0.012 -30"><span class='ocrx_word' id='word_1_139' title='bbox 2048 590 2194 659; x_wconf 86' lang='lat' dir='ltr'><strong>ipsos</strong></span> <span class='ocrx_word' id='word_1_140' title='bbox 2216 594 2501 649; x_wconf 87' lang='lat' dir='ltr'><strong>vocavitin</strong></span> <span class='ocrx_word' id='word_1_141' title='bbox 2527 596 2853 653; x_wconf 73' lang='lat' dir='ltr'><strong>admirabile</strong></span> <span class='ocrx_word' id='word_1_142' title='bbox 2882 598 3062 653; x_wconf 83' lang='lat' dir='ltr'><strong>lumen</strong></span> <span class='ocrx_word' id='word_1_143' title='bbox 3087 616 3243 657; x_wconf 90' lang='lat' dir='ltr'><strong>suum</strong></span> <span class='ocrx_word' id='word_1_144' title='bbox 3275 605 3343 672; x_wconf 84' lang='grc'><strong>⁸⁸,</strong></span> <span class='ocrx_word' id='word_1_145' title='bbox 3380 627 3399 659; x_wconf 78' lang='grc' dir='ltr'><strong>ι</strong></span> <span class='ocrx_word' id='word_1_146' title='bbox 3428 619 3624 669; x_wconf 79' lang='lat' dir='ltr'><strong>etcum</strong></span> 
     </span>
    </p>
   </div>
   <div class='ocr_carea' id='block_1_23' title="bbox 2047 680 3624 765">
    <p class='ocr_par' dir='ltr' id='par_1_23' title="bbox 2047 680 3624 765">
     <span class='ocr_line' id='line_1_23' title="bbox 2047 680 3624 765; baseline 0.015 -32"><span class='ocrx_word' id='word_1_147' title='bbox 2047 680 2336 748; x_wconf 77' lang='lat' dir='ltr'><strong>aliquando</strong></span> <span class='ocrx_word' id='word_1_148' title='bbox 2366 699 2471 738; x_wconf 89' lang='lat' dir='ltr'><strong>non</strong></span> <span class='ocrx_word' id='word_1_149' title='bbox 2507 697 2690 741; x_wconf 89' lang='lat' dir='ltr'><strong>essent</strong></span> <span class='ocrx_word' id='word_1_150' title='bbox 2722 688 2970 757; x_wconf 88' lang='lat' dir='ltr'><strong>populus,</strong></span> <span class='ocrx_word' id='word_1_151' title='bbox 3010 689 3135 745; x_wconf 79' lang='lat' dir='ltr'><strong>facti</strong></span> <span class='ocrx_word' id='word_1_152' title='bbox 3162 703 3287 760; x_wconf 83' lang='lat' dir='ltr'><strong>sunt</strong></span> <span class='ocrx_word' id='word_1_153' title='bbox 3314 700 3539 765; x_wconf 84' lang='lat' dir='ltr'><strong>populus</strong></span> <span class='ocrx_word' id='word_1_154' title='bbox 3555 703 3624 765; x_wconf 80' lang='grc'><strong>³⁷,</strong></span> 
     </span>
    </p>
   </div>
   <div class='ocr_carea' id='block_1_24' title="bbox 2046 770 3628 848">
    <p class='ocr_par' dir='ltr' id='par_1_24' title="bbox 2046 770 3628 848">
     <span class='ocr_line' id='line_1_24' title="bbox 2046 770 3628 848; baseline 0.015 -23"><span class='ocrx_word' id='word_1_155' title='bbox 2046 770 2113 825; x_wconf 87' lang='grc' dir='ltr'>Ει</span> <span class='ocrx_word' id='word_1_156' title='bbox 2155 774 2448 843; x_wconf 75' lang='lat' dir='ltr'><strong>aliquando</strong></span> <span class='ocrx_word' id='word_1_157' title='bbox 2493 778 2784 833; x_wconf 87' lang='lat' dir='ltr'><strong>audiebant</strong></span> <span class='ocrx_word' id='word_1_158' title='bbox 2823 798 2838 836; x_wconf 93' lang='lat'><strong>:</strong></span> <span class='ocrx_word' id='word_1_159' title='bbox 2878 798 2897 833; x_wconf 87' lang='grc' dir='ltr'><strong>ι</strong></span> <span class='ocrx_word' id='word_1_160' title='bbox 2930 780 3064 836; x_wconf 87' lang='lat' dir='ltr'><strong>Cum</strong></span> <span class='ocrx_word' id='word_1_161' title='bbox 3100 788 3456 844; x_wconf 71' lang='lat' dir='ltr'><strong>extenderitis</strong></span> <span class='ocrx_word' id='word_1_162' title='bbox 3512 808 3628 848; x_wconf 86' lang='lat' dir='ltr'><strong>ma-</strong></span> 
     </span>
    </p>
   </div>
   <div class='ocr_carea' id='block_1_25' title="bbox 2049 868 3623 938">
    <p class='ocr_par' dir='ltr' id='par_1_25' title="bbox 2049 868 3623 938">
     <span class='ocr_line' id='line_1_25' title="bbox 2049 868 3623 938; baseline 0.015 -25"><span class='ocrx_word' id='word_1_163' title='bbox 2049 878 2148 916; x_wconf 89' lang='lat' dir='ltr'><strong>nus</strong></span> <span class='ocrx_word' id='word_1_164' title='bbox 2179 875 2386 921; x_wconf 77' lang='lat' dir='ltr'><strong>vestras</strong></span> <span class='ocrx_word' id='word_1_165' title='bbox 2417 868 2481 919; x_wconf 89' lang='lat' dir='ltr'><strong>ad</strong></span> <span class='ocrx_word' id='word_1_166' title='bbox 2518 884 2622 935; x_wconf 81' lang='lat' dir='ltr'><strong>me,</strong></span> <span class='ocrx_word' id='word_1_167' title='bbox 2650 880 2891 925; x_wconf 88' lang='lat' dir='ltr'><strong>avertam</strong></span> <span class='ocrx_word' id='word_1_168' title='bbox 2942 873 3133 930; x_wconf 86' lang='lat' dir='ltr'><strong>oculos</strong></span> <span class='ocrx_word' id='word_1_169' title='bbox 3177 892 3326 931; x_wconf 89' lang='lat' dir='ltr'><strong>meos</strong></span> <span class='ocrx_word' id='word_1_170' title='bbox 3353 893 3383 932; x_wconf 84' lang='lat' dir='ltr'><strong>a</strong></span> <span class='ocrx_word' id='word_1_171' title='bbox 3425 882 3577 938; x_wconf 91' lang='lat' dir='ltr'><strong>vobis</strong></span> <span class='ocrx_word' id='word_1_172' title='bbox 3608 899 3623 936; x_wconf 91' lang='lat'><strong>:</strong></span> 
     </span>
    </p>
   </div>
   <div class='ocr_carea' id='block_1_26' title="bbox 2045 959 3623 1031">
    <p class='ocr_par' dir='ltr' id='par_1_26' title="bbox 2045 959 3623 1031">
     <span class='ocr_line' id='line_1_26' title="bbox 2045 959 3623 1031; baseline 0.012 -22"><span class='ocrx_word' id='word_1_173' title='bbox 2045 965 2100 1009; x_wconf 88' lang='lat' dir='ltr'><strong>et</strong></span> <span class='ocrx_word' id='word_1_174' title='bbox 2159 971 2279 1010; x_wconf 91' lang='lat' dir='ltr'><strong>cum</strong></span> <span class='ocrx_word' id='word_1_175' title='bbox 2308 959 2805 1029; x_wconf 82' lang='lat' dir='ltr'><strong>multiplicaveritis</strong></span> <span class='ocrx_word' id='word_1_176' title='bbox 2827 966 3155 1031; x_wconf 85' lang='lat' dir='ltr'><strong>orationem,</strong></span> <span class='ocrx_word' id='word_1_177' title='bbox 3193 983 3297 1021; x_wconf 86' lang='lat' dir='ltr'><strong>nun</strong></span> <span class='ocrx_word' id='word_1_178' title='bbox 3339 974 3623 1028; x_wconf 81' lang='lat' dir='ltr'><strong>exaudiam</strong></span> 
     </span>
    </p>
   </div>
   <div class='ocr_carea' id='block_1_27' title="bbox 2045 1044 3622 1120">
    <p class='ocr_par' dir='ltr' id='par_1_27' title="bbox 2045 1044 3622 1120">
     <span class='ocr_line' id='line_1_27' title="bbox 2045 1044 3622 1120; baseline 0.01 -24"><span class='ocrx_word' id='word_1_179' title='bbox 2045 1044 2227 1099; x_wconf 73' lang='lat' dir='ltr'><strong>vos”.</strong></span> <span class='ocrx_word' id='word_1_180' title='bbox 2268 1064 2288 1097; x_wconf 75' lang='grc' dir='ltr'><strong>ι</strong></span> <span class='ocrx_word' id='word_1_181' title='bbox 2328 1046 2396 1099; x_wconf 87' lang='lat' dir='ltr'><strong>At</strong></span> <span class='ocrx_word' id='word_1_182' title='bbox 2441 1064 2585 1103; x_wconf 90' lang='lat' dir='ltr'><strong>nunc</strong></span> <span class='ocrx_word' id='word_1_183' title='bbox 2643 1051 2825 1104; x_wconf 89' lang='lat' dir='ltr'><strong>dicit:</strong></span> <span class='ocrx_word' id='word_1_184' title='bbox 2869 1068 2888 1102; x_wconf 87' lang='grc' dir='ltr'><strong>ι</strong></span> <span class='ocrx_word' id='word_1_185' title='bbox 2951 1053 3067 1120; x_wconf 84' lang='lat' dir='ltr'><strong>Ipse</strong></span> <span class='ocrx_word' id='word_1_186' title='bbox 3108 1054 3376 1108; x_wconf 75' lang='lat' dir='ltr'><strong>invocabit</strong></span> <span class='ocrx_word' id='word_1_187' title='bbox 3431 1073 3622 1111; x_wconf 86' lang='lat' dir='ltr'><strong>nomen</strong></span> 
     </span>
    </p>
   </div>
   <div class='ocr_carea' id='block_1_28' title="bbox 2048 1135 3622 1211">
    <p class='ocr_par' dir='ltr' id='par_1_28' title="bbox 2048 1135 3622 1211">
     <span class='ocr_line' id='line_1_28' title="bbox 2048 1135 3622 1211; baseline 0.01 -25"><span class='ocrx_word' id='word_1_188' title='bbox 2048 1148 2247 1195; x_wconf 80' lang='lat' dir='ltr'><strong>meum,</strong></span> <span class='ocrx_word' id='word_1_189' title='bbox 2268 1144 2325 1188; x_wconf 92' lang='lat' dir='ltr'><strong>et</strong></span> <span class='ocrx_word' id='word_1_190' title='bbox 2352 1135 2527 1189; x_wconf 85' lang='lat' dir='ltr'><strong>dicam</strong></span> <span class='ocrx_word' id='word_1_191' title='bbox 2555 1155 2569 1191; x_wconf 88' lang='lat'><strong>:</strong></span> <span class='ocrx_word' id='word_1_192' title='bbox 2607 1138 2840 1207; x_wconf 85' lang='lat' dir='ltr'><strong>Populus</strong></span> <span class='ocrx_word' id='word_1_193' title='bbox 2876 1156 3027 1195; x_wconf 81' lang='lat' dir='ltr'><strong>meus</strong></span> <span class='ocrx_word' id='word_1_194' title='bbox 3058 1142 3143 1196; x_wconf 83' lang='lat' dir='ltr'><strong>hic</strong></span> <span class='ocrx_word' id='word_1_195' title='bbox 3163 1153 3267 1199; x_wconf 85' lang='lat' dir='ltr'><strong>est.</strong></span> <span class='ocrx_word' id='word_1_196' title='bbox 3311 1164 3328 1195; x_wconf 75' lang='grc' dir='ltr'><strong>ι</strong></span> <span class='ocrx_word' id='word_1_197' title='bbox 3360 1144 3622 1211; x_wconf 76' lang='lat' dir='ltr'><strong>Quocirca</strong></span> 
     </span>
    </p>
   </div>
   <div class='ocr_carea' id='block_1_29' title="bbox 2047 1221 3622 1298">
    <p class='ocr_par' dir='ltr' id='par_1_29' title="bbox 2047 1221 3622 1298">
     <span class='ocr_line' id='line_1_29' title="bbox 2047 1221 3622 1298; baseline 0.01 -23"><span class='ocrx_word' id='word_1_198' title='bbox 2047 1221 2333 1278; x_wconf 67' lang='lat' dir='ltr'><strong>bacreditas</strong></span> <span class='ocrx_word' id='word_1_199' title='bbox 2359 1228 2646 1293; x_wconf 85' lang='lat' dir='ltr'><strong>peculiaris</strong></span> <span class='ocrx_word' id='word_1_200' title='bbox 2680 1229 2769 1284; x_wconf 84' lang='lat' dir='ltr'><strong>Dei</strong></span> <span class='ocrx_word' id='word_1_201' title='bbox 2804 1241 2857 1285; x_wconf 93' lang='lat' dir='ltr'><strong>et</strong></span> <span class='ocrx_word' id='word_1_202' title='bbox 2890 1230 3066 1287; x_wconf 85' lang='lat' dir='ltr'><strong>Patris</strong></span> <span class='ocrx_word' id='word_1_203' title='bbox 3108 1235 3235 1288; x_wconf 78' lang='lat' dir='ltr'><strong>facti</strong></span> <span class='ocrx_word' id='word_1_204' title='bbox 3265 1246 3487 1298; x_wconf 87' lang='lat' dir='ltr'><strong>sunt,et</strong></span> <span class='ocrx_word' id='word_1_205' title='bbox 3512 1239 3622 1291; x_wconf 80' lang='lat' dir='ltr'><strong>dati</strong></span> 
     </span>
    </p>
   </div>
   <div class='ocr_carea' id='block_1_30' title="bbox 2045 1315 3626 1394">
    <p class='ocr_par' dir='ltr' id='par_1_30' title="bbox 2045 1315 3626 1394">
     <span class='ocr_line' id='line_1_30' title="bbox 2045 1315 3626 1394; baseline 0.008 -25"><span class='ocrx_word' id='word_1_206' title='bbox 2045 1324 2173 1369; x_wconf 84' lang='lat' dir='ltr'><strong>sunt</strong></span> <span class='ocrx_word' id='word_1_207' title='bbox 2202 1315 2359 1381; x_wconf 86' lang='lat' dir='ltr'><strong>Filio,</strong></span> <span class='ocrx_word' id='word_1_208' title='bbox 2386 1318 2614 1387; x_wconf 88' lang='lat' dir='ltr'><strong>imperat</strong></span> <span class='ocrx_word' id='word_1_209' title='bbox 2644 1323 2789 1376; x_wconf 91' lang='lat' dir='ltr'><strong>enim</strong></span> <span class='ocrx_word' id='word_1_210' title='bbox 2814 1324 3065 1380; x_wconf 90' lang='lat' dir='ltr'><strong>omnibus</strong></span> <span class='ocrx_word' id='word_1_211' title='bbox 3097 1342 3201 1379; x_wconf 85' lang='lat' dir='ltr'><strong>una</strong></span> <span class='ocrx_word' id='word_1_212' title='bbox 3222 1342 3344 1382; x_wconf 81' lang='lat' dir='ltr'><strong>cum</strong></span> <span class='ocrx_word' id='word_1_213' title='bbox 3375 1326 3626 1394; x_wconf 80' lang='lat' dir='ltr'><strong>Patre,ct</strong></span> 
     </span>
    </p>
   </div>
   <div class='ocr_carea' id='block_1_31' title="bbox 2044 1406 3624 1490">
    <p class='ocr_par' dir='ltr' id='par_1_31' title="bbox 2044 1406 3624 1490">
     <span class='ocr_line' id='line_1_31' title="bbox 2044 1406 3624 1490; baseline 0.011 -29"><span class='ocrx_word' id='word_1_214' title='bbox 2044 1407 2362 1464; x_wconf 73' lang='lat' dir='ltr'><strong>benevolum</strong></span> <span class='ocrx_word' id='word_1_215' title='bbox 2402 1422 2456 1465; x_wconf 88' lang='lat' dir='ltr'><strong>et</strong></span> <span class='ocrx_word' id='word_1_216' title='bbox 2499 1414 2789 1480; x_wconf 76' lang='lat' dir='ltr'><strong>propitium</strong></span> <span class='ocrx_word' id='word_1_217' title='bbox 2832 1406 3209 1475; x_wconf 81' lang='lat' dir='ltr'><strong>universorum</strong></span> <span class='ocrx_word' id='word_1_218' title='bbox 3256 1420 3507 1490; x_wconf 78' lang='lat' dir='ltr'><strong>opiﬁcem</strong></span> <span class='ocrx_word' id='word_1_219' title='bbox 3559 1441 3624 1478; x_wconf 82' lang='lat' dir='ltr'><strong>ac</strong></span> 
     </span>
    </p>
   </div>
   <div class='ocr_carea' id='block_1_32' title="bbox 2044 1498 2705 1563">
    <p class='ocr_par' dir='ltr' id='par_1_32' title="bbox 2044 1498 2705 1563">
     <span class='ocr_line' id='line_1_32' title="bbox 2044 1498 2705 1563; baseline 0.015 -10"><span class='ocrx_word' id='word_1_220' title='bbox 2044 1498 2328 1557; x_wconf 87' lang='lat' dir='ltr'><strong>Dominum</strong></span> <span class='ocrx_word' id='word_1_221' title='bbox 2362 1504 2705 1563; x_wconf 79' lang='lat' dir='ltr'><strong>habentibus.</strong></span> 
     </span>
    </p>
   </div>
   <div class='ocr_carea' id='block_1_33' title="bbox 2322 1718 3339 1820">
    <p class='ocr_par' dir='ltr' id='par_1_33' title="bbox 2322 1718 3339 1820">
     <span class='ocr_line' id='line_1_33' title="bbox 2322 1718 3339 1820; baseline 0.014 -13"><span class='ocrx_word' id='word_1_222' title='bbox 2322 1718 2732 1812; x_wconf 87' lang='lat' dir='ltr'><strong>TOMUS</strong></span> <span class='ocrx_word' id='word_1_223' title='bbox 2834 1726 3339 1820; x_wconf 80' lang='lat' dir='ltr'><strong>SEXTUS.</strong></span> 
     </span>
    </p>
   </div>
   <div class='ocr_carea' id='block_1_34' title="bbox 2674 1868 3031 1927">
    <p class='ocr_par' dir='ltr' id='par_1_34' title="bbox 2674 1868 3031 1927">
     <span class='ocr_line' id='line_1_34' title="bbox 2674 1868 3031 1927; baseline -0.006 -5"><span class='ocrx_word' id='word_1_224' title='bbox 2674 1868 2829 1923; x_wconf 76' lang='lat' dir='ltr'><strong>CAP.</strong></span> <span class='ocrx_word' id='word_1_225' title='bbox 2862 1869 3031 1927; x_wconf 54' lang='lat' dir='ltr'><strong>XI“-</strong></span> 
     </span>
    </p>
   </div>
   <div class='ocr_carea' id='block_1_35' title="bbox 446 1968 1961 2052">
    <p class='ocr_par' dir='ltr' id='par_1_35' title="bbox 446 1968 1938 2050">
     <span class='ocr_line' id='line_1_35' title="bbox 446 1968 1938 2050; baseline 0.007 -26"><span class='ocrx_word' id='word_1_226' title='bbox 446 1968 601 2024; x_wconf 80' lang='grc' dir='ltr'>Ἰδοὺ</span> <span class='ocrx_word' id='word_1_227' title='bbox 630 1970 840 2039; x_wconf 77' lang='grc' dir='ltr'>ἡμέραι</span> <span class='ocrx_word' id='word_1_228' title='bbox 868 1972 1146 2042; x_wconf 83' lang='grc' dir='ltr'>ἔρχονται</span> <span class='ocrx_word' id='word_1_229' title='bbox 1187 1974 1294 2029; x_wconf 81' lang='grc' dir='ltr'>τοῦ</span> <span class='ocrx_word' id='word_1_230' title='bbox 1324 1977 1568 2045; x_wconf 83' lang='grc' dir='ltr'><strong>Κυρίου,</strong></span> <span class='ocrx_word' id='word_1_231' title='bbox 1596 1978 1695 2032; x_wconf 78' lang='grc' dir='ltr'>καὶ</span> <span class='ocrx_word' id='word_1_232' title='bbox 1735 1978 1938 2050; x_wconf 81' lang='grc' dir='ltr'>διαμε-</span> 
     </span>
    </p>
   </div>
   <div class='ocr_carea' id='block_1_36' title="bbox 2051 1968 3621 2052">
    <p class='ocr_par' dir='ltr' id='par_1_36' title="bbox 2113 1978 3621 2052">
     <span class='ocr_line' id='line_1_36' title="bbox 2113 1978 3621 2052; baseline 0.006 -19"><span class='ocrx_word' id='word_1_233' title='bbox 2113 1979 2275 2033; x_wconf 72' lang='lat' dir='ltr'><strong>Vens.</strong></span> <span class='ocrx_word' id='word_1_234' title='bbox 2302 1978 2423 2044; x_wconf 75' lang='grc'><strong>1,2.</strong></span> <span class='ocrx_word' id='word_1_235' title='bbox 2462 1978 2595 2032; x_wconf 83' lang='lat' dir='ltr'><strong>Ecce</strong></span> <span class='ocrx_word' id='word_1_236' title='bbox 2631 1981 2739 2035; x_wconf 73' lang='lat' dir='ltr'><strong>dies</strong></span> <span class='ocrx_word' id='word_1_237' title='bbox 2767 1980 2977 2036; x_wconf 86' lang='lat' dir='ltr'><strong>Domini</strong></span> <span class='ocrx_word' id='word_1_238' title='bbox 3002 1985 3232 2052; x_wconf 74' lang='lat' dir='ltr'><strong>veniunt,</strong></span> <span class='ocrx_word' id='word_1_239' title='bbox 3282 1994 3333 2040; x_wconf 86' lang='lat' dir='ltr'><strong>et</strong></span> <span class='ocrx_word' id='word_1_240' title='bbox 3391 1988 3621 2042; x_wconf 68' lang='lat' dir='ltr'><strong>dividant</strong></span> 
     </span>
    </p>
   </div>
   <div class='ocr_carea' id='block_1_37' title="bbox 348 2062 1942 2137">
    <p class='ocr_par' dir='ltr' id='par_1_37' title="bbox 348 2062 1942 2137">
     <span class='ocr_line' id='line_1_37' title="bbox 348 2062 1942 2137; baseline 0.006 -21"><span class='ocrx_word' id='word_1_241' title='bbox 348 2062 628 2132; x_wconf 78' lang='grc' dir='ltr'>ριοῦνται</span> <span class='ocrx_word' id='word_1_242' title='bbox 666 2064 739 2117; x_wconf 81' lang='grc' dir='ltr'>τὰ</span> <span class='ocrx_word' id='word_1_243' title='bbox 781 2063 984 2118; x_wconf 71' lang='grc' dir='ltr'>σκῦλά</span> <span class='ocrx_word' id='word_1_244' title='bbox 1015 2080 1131 2119; x_wconf 81' lang='grc' dir='ltr'>σου</span> <span class='ocrx_word' id='word_1_245' title='bbox 1165 2066 1235 2119; x_wconf 81' lang='grc' dir='ltr'>ἐν</span> <span class='ocrx_word' id='word_1_246' title='bbox 1271 2067 1391 2121; x_wconf 80' lang='grc' dir='ltr'><strong>σοι.</strong></span> <span class='ocrx_word' id='word_1_247' title='bbox 1445 2070 1554 2122; x_wconf 85' lang='lat' dir='ltr'><strong>Kal</strong></span> <span class='ocrx_word' id='word_1_248' title='bbox 1593 2070 1942 2137; x_wconf 78' lang='grc' dir='ltr'>ἐπισυνάξω</span> 
     </span>
    </p>
   </div>
   <div class='ocr_carea' id='block_1_38' title="bbox 357 2152 1943 2230">
    <p class='ocr_par' dir='ltr' id='par_1_38' title="bbox 357 2152 1943 2230">
     <span class='ocr_line' id='line_1_38' title="bbox 357 2152 1943 2230; baseline 0.007 -24"><span class='ocrx_word' id='word_1_249' title='bbox 357 2152 560 2207; x_wconf 74' lang='grc' dir='ltr'>πάντα</span> <span class='ocrx_word' id='word_1_250' title='bbox 587 2153 660 2207; x_wconf 78' lang='grc' dir='ltr'>τὰ</span> <span class='ocrx_word' id='word_1_251' title='bbox 688 2153 833 2221; x_wconf 75' lang='grc' dir='ltr'><strong>ἔθνη</strong></span> <span class='ocrx_word' id='word_1_252' title='bbox 861 2157 948 2220; x_wconf 83' lang='grc' dir='ltr'>εἰς</span> <span class='ocrx_word' id='word_1_253' title='bbox 973 2156 1238 2223; x_wconf 75' lang='grc' dir='ltr'>πόλεμον</span> <span class='ocrx_word' id='word_1_254' title='bbox 1262 2157 1358 2210; x_wconf 72' lang='grc' dir='ltr'>ἐπὶ</span> <span class='ocrx_word' id='word_1_255' title='bbox 1389 2158 1804 2230; x_wconf 77' lang='grc' dir='ltr'>Ἰερουσαλὴμ,</span> <span class='ocrx_word' id='word_1_256' title='bbox 1842 2162 1943 2217; x_wconf 75' lang='grc' dir='ltr'>καὶ</span> 
     </span>
    </p>
   </div>
   <div class='ocr_carea' id='block_1_39' title="bbox 359 2241 1939 2319">
    <p class='ocr_par' dir='ltr' id='par_1_39' title="bbox 359 2241 1939 2319">
     <span class='ocr_line' id='line_1_39' title="bbox 359 2241 1939 2319; baseline 0.006 -23"><span class='ocrx_word' id='word_1_257' title='bbox 359 2241 658 2298; x_wconf 77' lang='grc' dir='ltr'>ἁλώσεται</span> <span class='ocrx_word' id='word_1_258' title='bbox 681 2242 720 2309; x_wconf 82' lang='grc' dir='ltr'><strong><em>ἠ</em></strong></span> <span class='ocrx_word' id='word_1_259' title='bbox 749 2245 948 2309; x_wconf 75' lang='grc' dir='ltr'>πόλις,</span> <span class='ocrx_word' id='word_1_260' title='bbox 977 2245 1074 2297; x_wconf 79' lang='grc' dir='ltr'>καὶ</span> <span class='ocrx_word' id='word_1_261' title='bbox 1101 2245 1612 2316; x_wconf 76' lang='grc' dir='ltr'>διαρπαγήσονται</span> <span class='ocrx_word' id='word_1_262' title='bbox 1650 2254 1710 2304; x_wconf 85' lang='grc' dir='ltr'>αἱ</span> <span class='ocrx_word' id='word_1_263' title='bbox 1738 2251 1939 2319; x_wconf 76' lang='grc' dir='ltr'>οἰκίαι,</span> 
     </span>
    </p>
   </div>
   <div class='ocr_carea' id='block_1_40' title="bbox 361 2333 1944 2405">
    <p class='ocr_par' dir='ltr' id='par_1_40' title="bbox 361 2333 1944 2405">
     <span class='ocr_line' id='line_1_40' title="bbox 361 2333 1944 2405; baseline 0.008 -18"><span class='ocrx_word' id='word_1_264' title='bbox 361 2333 459 2387; x_wconf 68' lang='grc' dir='ltr'><strong>καί</strong></span> <span class='ocrx_word' id='word_1_265' title='bbox 489 2336 552 2387; x_wconf 80' lang='lat' dir='ltr'><strong>ai</strong></span> <span class='ocrx_word' id='word_1_266' title='bbox 579 2333 861 2402; x_wconf 73' lang='grc' dir='ltr'>γυναῖκες</span> <span class='ocrx_word' id='word_1_267' title='bbox 881 2335 1392 2405; x_wconf 77' lang='grc' dir='ltr'>μολυνθήσονται,</span> <span class='ocrx_word' id='word_1_268' title='bbox 1424 2339 1522 2393; x_wconf 79' lang='grc' dir='ltr'><strong>καί</strong></span> <span class='ocrx_word' id='word_1_269' title='bbox 1559 2339 1944 2405; x_wconf 71' lang='grc' dir='ltr'>ἐξελεύσεται</span> 
     </span>
    </p>
   </div>
   <div class='ocr_carea' id='block_1_41' title="bbox 361 2423 1553 2499">
    <p class='ocr_par' dir='ltr' id='par_1_41' title="bbox 361 2423 1553 2499">
     <span class='ocr_line' id='line_1_41' title="bbox 361 2423 1553 2499; baseline 0.008 -23"><span class='ocrx_word' id='word_1_270' title='bbox 361 2423 427 2477; x_wconf 80' lang='grc' dir='ltr'>τὸ</span> <span class='ocrx_word' id='word_1_271' title='bbox 464 2423 652 2493; x_wconf 79' lang='grc' dir='ltr'>ἣμισυ</span> <span class='ocrx_word' id='word_1_272' title='bbox 678 2424 787 2492; x_wconf 86' lang='grc' dir='ltr'>τῆς</span> <span class='ocrx_word' id='word_1_273' title='bbox 809 2428 1042 2493; x_wconf 82' lang='grc' dir='ltr'>πόλεως</span> <span class='ocrx_word' id='word_1_274' title='bbox 1066 2428 1135 2482; x_wconf 73' lang='grc' dir='ltr'>ἐν</span> <span class='ocrx_word' id='word_1_275' title='bbox 1156 2431 1553 2499; x_wconf 75' lang='grc' dir='ltr'>αἰχμαλωσίᾳ.</span> 
     </span>
    </p>
   </div>
   <div class='ocr_carea' id='block_1_42' title="bbox 434 2516 1945 2599">
    <p class='ocr_par' dir='ltr' id='par_1_42' title="bbox 434 2516 1945 2599">
     <span class='ocr_line' id='line_1_42' title="bbox 434 2516 1945 2599; baseline 0.008 -31"><span class='ocrx_word' id='word_1_276' title='bbox 434 2516 555 2568; x_wconf 85' lang='lat' dir='ltr'><strong>PB’.</strong></span> <span class='ocrx_word' id='word_1_277' title='bbox 596 2516 670 2569; x_wconf 84' lang='grc' dir='ltr'>Τὸ</span> <span class='ocrx_word' id='word_1_278' title='bbox 700 2517 792 2569; x_wconf 80' lang='grc' dir='ltr'><strong>ἐπὶ</strong></span> <span class='ocrx_word' id='word_1_279' title='bbox 826 2516 902 2588; x_wconf 81' lang='grc' dir='ltr'>τῷ</span> <span class='ocrx_word' id='word_1_280' title='bbox 936 2520 1156 2590; x_wconf 80' lang='grc' dir='ltr'>σταυρῷ</span> <span class='ocrx_word' id='word_1_281' title='bbox 1193 2523 1457 2592; x_wconf 77' lang='grc' dir='ltr'>σωτήριον</span> <span class='ocrx_word' id='word_1_282' title='bbox 1492 2522 1663 2589; x_wconf 75' lang='grc' dir='ltr'>πάθος</span> <span class='ocrx_word' id='word_1_283' title='bbox 1695 2543 1945 2599; x_wconf 84' lang='grc' dir='ltr'>καταμη-</span> 
     </span>
    </p>
   </div>
   <div class='ocr_carea' id='block_1_43' title="bbox 362 2606 1947 2687">
    <p class='ocr_par' dir='ltr' id='par_1_43' title="bbox 362 2606 1947 2687">
     <span class='ocr_line' id='line_1_43' title="bbox 362 2606 1947 2687; baseline 0.008 -29"><span class='ocrx_word' id='word_1_284' title='bbox 362 2606 525 2671; x_wconf 77' lang='grc' dir='ltr'>νῦων,</span> <span class='ocrx_word' id='word_1_285' title='bbox 557 2606 794 2676; x_wconf 75' lang='grc' dir='ltr'>ἔφασκεν</span> <span class='ocrx_word' id='word_1_286' title='bbox 823 2611 882 2663; x_wconf 84' lang='grc' dir='ltr'><strong>ἐν</strong></span> <span class='ocrx_word' id='word_1_287' title='bbox 905 2614 1017 2674; x_wconf 82' lang='grc' dir='ltr'>τοῖς</span> <span class='ocrx_word' id='word_1_288' title='bbox 1050 2612 1225 2665; x_wconf 83' lang='grc' dir='ltr'>ὀπίσω</span> <span class='ocrx_word' id='word_1_289' title='bbox 1253 2612 1446 2685; x_wconf 81' lang='grc' dir='ltr'>βραχὺ,</span> <span class='ocrx_word' id='word_1_290' title='bbox 1485 2633 1502 2666; x_wconf 76' lang='grc' dir='ltr'><strong>ι</strong></span> <span class='ocrx_word' id='word_1_291' title='bbox 1526 2615 1817 2687; x_wconf 79' lang='grc' dir='ltr'>Ῥομφαία,</span> <span class='ocrx_word' id='word_1_292' title='bbox 1858 2619 1947 2687; x_wconf 76' lang='grc' dir='ltr'><strong>ἐξ·</strong></span> 
     </span>
    </p>
   </div>
   <div class='ocr_carea' id='block_1_44' title="bbox 362 2698 1945 2781">
    <p class='ocr_par' dir='ltr' id='par_1_44' title="bbox 362 2698 1945 2781">
     <span class='ocr_line' id='line_1_44' title="bbox 362 2698 1945 2781; baseline 0.009 -32"><span class='ocrx_word' id='word_1_293' title='bbox 362 2698 621 2769; x_wconf 79' lang='grc' dir='ltr'>εγέρθητι</span> <span class='ocrx_word' id='word_1_294' title='bbox 652 2699 743 2752; x_wconf 79' lang='grc' dir='ltr'>ἐπὶ</span> <span class='ocrx_word' id='word_1_295' title='bbox 771 2700 860 2753; x_wconf 83' lang='grc' dir='ltr'><strong>τὸν</strong></span> <span class='ocrx_word' id='word_1_296' title='bbox 884 2701 1118 2771; x_wconf 83' lang='grc' dir='ltr'>ποιμένα</span> <span class='ocrx_word' id='word_1_297' title='bbox 1148 2719 1269 2773; x_wconf 86' lang='grc' dir='ltr'>μου,</span> <span class='ocrx_word' id='word_1_298' title='bbox 1298 2706 1391 2757; x_wconf 68' lang='grc' dir='ltr'><strong>καὶ</strong></span> <span class='ocrx_word' id='word_1_299' title='bbox 1413 2705 1499 2756; x_wconf 83' lang='grc' dir='ltr'>ἐπ’</span> <span class='ocrx_word' id='word_1_300' title='bbox 1528 2706 1697 2777; x_wconf 80' lang='grc' dir='ltr'>ἄνδρα</span> <span class='ocrx_word' id='word_1_301' title='bbox 1720 2709 1945 2781; x_wconf 84' lang='grc' dir='ltr'>πολίτην</span> 
     </span>
    </p>
   </div>
   <div class='ocr_carea' id='block_1_45' title="bbox 362 2787 1946 2869">
    <p class='ocr_par' dir='ltr' id='par_1_45' title="bbox 362 2787 1946 2869">
     <span class='ocr_line' id='line_1_45' title="bbox 362 2787 1946 2869; baseline 0.009 -28"><span class='ocrx_word' id='word_1_302' title='bbox 362 2787 529 2842; x_wconf 74' lang='grc' dir='ltr'>αὐτοῦ</span> <span class='ocrx_word' id='word_1_303' title='bbox 556 2829 571 2851; x_wconf 84' lang='grc'><strong>,</strong></span> <span class='ocrx_word' id='word_1_304' title='bbox 632 2789 779 2859; x_wconf 85' lang='grc' dir='ltr'>λέγει</span> <span class='ocrx_word' id='word_1_305' title='bbox 834 2791 1037 2863; x_wconf 82' lang='grc' dir='ltr'>Κύριος</span> <span class='ocrx_word' id='word_1_306' title='bbox 1086 2795 1504 2869; x_wconf 81' lang='grc' dir='ltr'><strong>παντοκράτωρ.</strong></span> <span class='ocrx_word' id='word_1_307' title='bbox 1553 2799 1801 2867; x_wconf 81' lang='grc' dir='ltr'>Πάταξον</span> <span class='ocrx_word' id='word_1_308' title='bbox 1854 2802 1946 2857; x_wconf 80' lang='grc' dir='ltr'><strong>τὸν</strong></span> 
     </span>
    </p>
   </div>
   <div class='ocr_carea' id='block_1_46' title="bbox 364 2881 1945 2961">
    <p class='ocr_par' dir='ltr' id='par_1_46' title="bbox 364 2881 1945 2961">
     <span class='ocr_line' id='line_1_46' title="bbox 364 2881 1945 2961; baseline 0.009 -30"><span class='ocrx_word' id='word_1_309' title='bbox 364 2881 599 2950; x_wconf 82' lang='grc' dir='ltr'>ποιμένα</span> <span class='ocrx_word' id='word_1_310' title='bbox 628 2883 721 2935; x_wconf 80' lang='grc' dir='ltr'><strong>καὶ</strong></span> <span class='ocrx_word' id='word_1_311' title='bbox 757 2882 1345 2956; x_wconf 77' lang='grc' dir='ltr'><strong>διασκορπισθήσονται</strong></span> <span class='ocrx_word' id='word_1_312' title='bbox 1376 2889 1446 2941; x_wconf 84' lang='grc' dir='ltr'>τὰ</span> <span class='ocrx_word' id='word_1_313' title='bbox 1478 2889 1746 2961; x_wconf 80' lang='grc' dir='ltr'>πρόϐατα.</span> <span class='ocrx_word' id='word_1_314' title='bbox 1775 2910 1794 2943; x_wconf 72' lang='grc' dir='ltr'><strong>ι</strong></span> <span class='ocrx_word' id='word_1_315' title='bbox 1823 2892 1945 2947; x_wconf 81' lang='grc' dir='ltr'>Ὀτι</span> 
     </span>
    </p>
   </div>
   <div class='ocr_carea' id='block_1_47' title="bbox 361 2972 1947 3055">
    <p class='ocr_par' dir='ltr' id='par_1_47' title="bbox 361 2972 1947 3055">
     <span class='ocr_line' id='line_1_47' title="bbox 361 2972 1947 3055; baseline 0.008 -31"><span class='ocrx_word' id='word_1_316' title='bbox 361 2972 419 3024; x_wconf 77' lang='grc' dir='ltr'>δὲ</span> <span class='ocrx_word' id='word_1_317' title='bbox 469 2977 677 3037; x_wconf 79' lang='grc' dir='ltr'>ποιναῖς</span> <span class='ocrx_word' id='word_1_318' title='bbox 720 2978 838 3038; x_wconf 84' lang='grc' dir='ltr'>ταῖς</span> <span class='ocrx_word' id='word_1_319' title='bbox 880 2976 1133 3045; x_wconf 78' lang='grc' dir='ltr'>ἐσχάταις</span> <span class='ocrx_word' id='word_1_320' title='bbox 1186 2981 1219 3050; x_wconf 76' lang='grc' dir='ltr'><strong>ἡ</strong></span> <span class='ocrx_word' id='word_1_321' title='bbox 1272 2980 1379 3033; x_wconf 81' lang='grc' dir='ltr'>τῶν</span> <span class='ocrx_word' id='word_1_322' title='bbox 1426 2980 1689 3035; x_wconf 77' lang='grc' dir='ltr'>Ἰουδαίων</span> <span class='ocrx_word' id='word_1_323' title='bbox 1739 2983 1947 3055; x_wconf 79' lang='grc' dir='ltr'>πληθὺς</span> 
     </span>
    </p>
   </div>
   <div class='ocr_carea' id='block_1_48' title="bbox 363 3061 1944 3146">
    <p class='ocr_par' dir='ltr' id='par_1_48' title="bbox 363 3061 1944 3146">
     <span class='ocr_line' id='line_1_48' title="bbox 363 3061 1944 3146; baseline 0.01 -34"><span class='ocrx_word' id='word_1_324' title='bbox 363 3061 810 3133; x_wconf 60' lang='grc' dir='ltr'>ὕπνεχθήσεται,</span> <span class='ocrx_word' id='word_1_325' title='bbox 853 3066 947 3118; x_wconf 75' lang='grc' dir='ltr'><strong>καὶ</strong></span> <span class='ocrx_word' id='word_1_326' title='bbox 1000 3068 1144 3137; x_wconf 82' lang='grc' dir='ltr'>μάλα</span> <span class='ocrx_word' id='word_1_327' title='bbox 1193 3070 1451 3135; x_wconf 81' lang='grc' dir='ltr'><strong>εἰκότως,</strong></span> <span class='ocrx_word' id='word_1_328' title='bbox 1487 3075 1944 3146; x_wconf 75' lang='grc' dir='ltr'>κεκυριοκτόνηκε</span> 
     </span>
    </p>
   </div>
   <div class='ocr_carea' id='block_1_49' title="bbox 362 3153 1944 3233">
    <p class='ocr_par' dir='ltr' id='par_1_49' title="bbox 362 3153 1944 3233">
     <span class='ocr_line' id='line_1_49' title="bbox 362 3153 1944 3233; baseline 0.011 -29"><span class='ocrx_word' id='word_1_329' title='bbox 362 3153 473 3224; x_wconf 74' lang='grc' dir='ltr'>γὰρ</span> <span class='ocrx_word' id='word_1_330' title='bbox 494 3156 527 3224; x_wconf 78' lang='grc' dir='ltr'>ὴ</span> <span class='ocrx_word' id='word_1_331' title='bbox 559 3154 881 3225; x_wconf 80' lang='grc' dir='ltr'><strong>πάντολμος,</strong></span> <span class='ocrx_word' id='word_1_332' title='bbox 915 3157 1160 3213; x_wconf 81' lang='grc' dir='ltr'>ἐδίδασκε</span> <span class='ocrx_word' id='word_1_333' title='bbox 1190 3162 1500 3233; x_wconf 85' lang='grc' dir='ltr'>προστιθείς</span> <span class='ocrx_word' id='word_1_334' title='bbox 1522 3181 1535 3195; x_wconf 91' lang='grc'><strong>·</strong></span> <span class='ocrx_word' id='word_1_335' title='bbox 1568 3185 1587 3216; x_wconf 77' lang='grc' dir='ltr'><strong>ι</strong></span> <span class='ocrx_word' id='word_1_336' title='bbox 1613 3166 1724 3219; x_wconf 76' lang='grc' dir='ltr'>Καὶ</span> <span class='ocrx_word' id='word_1_337' title='bbox 1756 3166 1944 3231; x_wconf 78' lang='grc' dir='ltr'>ἐπάξω</span> 
     </span>
    </p>
   </div>
   <div class='ocr_carea' id='block_1_50' title="bbox 360 3246 1941 3330">
    <p class='ocr_par' dir='ltr' id='par_1_50' title="bbox 360 3246 1941 3330">
     <span class='ocr_line' id='line_1_50' title="bbox 360 3246 1941 3330; baseline 0.01 -35"><span class='ocrx_word' id='word_1_338' title='bbox 360 3246 461 3315; x_wconf 75' lang='grc' dir='ltr'>τὴν</span> <span class='ocrx_word' id='word_1_339' title='bbox 499 3248 657 3316; x_wconf 78' lang='grc' dir='ltr'>χεῖρά</span> <span class='ocrx_word' id='word_1_340' title='bbox 706 3264 807 3318; x_wconf 90' lang='grc' dir='ltr'><strong>μου</strong></span> <span class='ocrx_word' id='word_1_341' title='bbox 846 3249 939 3302; x_wconf 81' lang='grc' dir='ltr'><strong>ἐπὶ</strong></span> <span class='ocrx_word' id='word_1_342' title='bbox 976 3252 1103 3314; x_wconf 82' lang='grc' dir='ltr'>τοὺς</span> <span class='ocrx_word' id='word_1_343' title='bbox 1142 3253 1428 3324; x_wconf 78' lang='grc' dir='ltr'>ποιμένας,</span> <span class='ocrx_word' id='word_1_344' title='bbox 1464 3255 1559 3308; x_wconf 76' lang='grc' dir='ltr'>καὶ</span> <span class='ocrx_word' id='word_1_345' title='bbox 1601 3254 1752 3309; x_wconf 84' lang='grc' dir='ltr'>ἐσται</span> <span class='ocrx_word' id='word_1_346' title='bbox 1786 3258 1843 3310; x_wconf 91' lang='grc' dir='ltr'><strong>ἐν</strong></span> <span class='ocrx_word' id='word_1_347' title='bbox 1877 3260 1941 3330; x_wconf 81' lang='grc' dir='ltr'>τῇ</span> 
     </span>
    </p>
   </div>
   <div class='ocr_carea' id='block_1_51' title="bbox 362 3338 1943 3421">
    <p class='ocr_par' dir='ltr' id='par_1_51' title="bbox 362 3338 1943 3421">
     <span class='ocr_line' id='line_1_51' title="bbox 362 3338 1943 3421; baseline 0.009 -33"><span class='ocrx_word' id='word_1_348' title='bbox 362 3338 550 3409; x_wconf 74' lang='grc' dir='ltr'>ἡμέρᾳ</span> <span class='ocrx_word' id='word_1_349' title='bbox 575 3338 777 3413; x_wconf 83' lang='grc' dir='ltr'>ἐκείνῃ,</span> <span class='ocrx_word' id='word_1_350' title='bbox 806 3339 956 3411; x_wconf 81' lang='grc' dir='ltr'><strong>λέγει</strong></span> <span class='ocrx_word' id='word_1_351' title='bbox 986 3343 1208 3416; x_wconf 77' lang='grc' dir='ltr'>Κύριος,</span> <span class='ocrx_word' id='word_1_352' title='bbox 1236 3345 1304 3399; x_wconf 80' lang='grc' dir='ltr'>τὰ</span> <span class='ocrx_word' id='word_1_353' title='bbox 1329 3345 1423 3399; x_wconf 84' lang='grc' dir='ltr'><strong>δύο</strong></span> <span class='ocrx_word' id='word_1_354' title='bbox 1460 3347 1600 3419; x_wconf 86' lang='grc' dir='ltr'>μέρη</span> <span class='ocrx_word' id='word_1_355' title='bbox 1633 3347 1943 3421; x_wconf 75' lang='grc' dir='ltr'>ἐξολοθρευ-</span> 
     </span>
    </p>
   </div>
   <div class='ocr_carea' id='block_1_52' title="bbox 362 3430 1939 3512">
    <p class='ocr_par' dir='ltr' id='par_1_52' title="bbox 362 3430 1939 3512">
     <span class='ocr_line' id='line_1_52' title="bbox 362 3430 1939 3512; baseline 0.008 -31"><span class='ocrx_word' id='word_1_356' title='bbox 362 3431 592 3500; x_wconf 71' lang='grc' dir='ltr'>θήσεται</span> <span class='ocrx_word' id='word_1_357' title='bbox 614 3430 707 3483; x_wconf 68' lang='grc' dir='ltr'>καὶ</span> <span class='ocrx_word' id='word_1_358' title='bbox 737 3432 997 3505; x_wconf 79' lang='grc' dir='ltr'>ἐκλείψει,</span> <span class='ocrx_word' id='word_1_359' title='bbox 1036 3435 1098 3489; x_wconf 82' lang='grc' dir='ltr'>τὸ</span> <span class='ocrx_word' id='word_1_360' title='bbox 1144 3435 1201 3488; x_wconf 87' lang='grc' dir='ltr'><strong>δέ</strong></span> <span class='ocrx_word' id='word_1_361' title='bbox 1232 3437 1415 3508; x_wconf 80' lang='grc' dir='ltr'>τρίτον</span> <span class='ocrx_word' id='word_1_362' title='bbox 1437 3437 1603 3505; x_wconf 77' lang='grc' dir='ltr'>διάξω</span> <span class='ocrx_word' id='word_1_363' title='bbox 1632 3438 1721 3493; x_wconf 83' lang='grc' dir='ltr'>διὰ</span> <span class='ocrx_word' id='word_1_364' title='bbox 1748 3441 1939 3512; x_wconf 82' lang='grc' dir='ltr'>πυρὸς,</span> 
     </span>
    </p>
   </div>
   <div class='ocr_carea' id='block_1_53' title="bbox 361 3519 1943 3603">
    <p class='ocr_par' dir='ltr' id='par_1_53' title="bbox 361 3519 1943 3603">
     <span class='ocr_line' id='line_1_53' title="bbox 361 3519 1943 3603; baseline 0.008 -30"><span class='ocrx_word' id='word_1_365' title='bbox 361 3519 461 3573; x_wconf 71' lang='grc' dir='ltr'><strong>καὶ</strong></span> <span class='ocrx_word' id='word_1_366' title='bbox 491 3521 728 3591; x_wconf 79' lang='grc' dir='ltr'>πυρώσω</span> <span class='ocrx_word' id='word_1_367' title='bbox 769 3525 985 3589; x_wconf 77' lang='grc' dir='ltr'>αὐτοὺς,</span> <span class='ocrx_word' id='word_1_368' title='bbox 1032 3525 1109 3590; x_wconf 84' lang='grc' dir='ltr'>ὡς</span> <span class='ocrx_word' id='word_1_369' title='bbox 1150 3526 1418 3599; x_wconf 86' lang='grc' dir='ltr'>πυροῦται</span> <span class='ocrx_word' id='word_1_370' title='bbox 1448 3528 1508 3582; x_wconf 73' lang='grc' dir='ltr'><strong>τὸ</strong></span> <span class='ocrx_word' id='word_1_371' title='bbox 1538 3530 1819 3603; x_wconf 77' lang='grc' dir='ltr'>ἀργύριον,</span> <span class='ocrx_word' id='word_1_372' title='bbox 1850 3534 1943 3586; x_wconf 77' lang='grc' dir='ltr'>καὶ</span> 
     </span>
    </p>
   </div>
   <div class='ocr_carea' id='block_1_54' title="bbox 360 3610 1943 3691">
    <p class='ocr_par' dir='ltr' id='par_1_54' title="bbox 360 3610 1943 3691">
     <span class='ocr_line' id='line_1_54' title="bbox 360 3610 1943 3691; baseline 0.009 -28"><span class='ocrx_word' id='word_1_373' title='bbox 360 3610 575 3681; x_wconf 87' lang='grc' dir='ltr'>δοκιμῶ</span> <span class='ocrx_word' id='word_1_374' title='bbox 622 3613 838 3679; x_wconf 75' lang='grc' dir='ltr'>αὐτοὺς,</span> <span class='ocrx_word' id='word_1_375' title='bbox 879 3615 958 3673; x_wconf 77' lang='grc' dir='ltr'>ὡς</span> <span class='ocrx_word' id='word_1_376' title='bbox 988 3616 1341 3688; x_wconf 79' lang='grc' dir='ltr'>δοκιμάζεται</span> <span class='ocrx_word' id='word_1_377' title='bbox 1370 3618 1430 3671; x_wconf 88' lang='grc' dir='ltr'><strong>τὸ</strong></span> <span class='ocrx_word' id='word_1_378' title='bbox 1459 3622 1699 3691; x_wconf 88' lang='grc' dir='ltr'>χρυσίον.</span> <span class='ocrx_word' id='word_1_379' title='bbox 1738 3642 1756 3674; x_wconf 74' lang='grc' dir='ltr'><strong>ι</strong></span> <span class='ocrx_word' id='word_1_380' title='bbox 1809 3624 1943 3677; x_wconf 88' lang='grc' dir='ltr'>Τίνα</span> 
     </span>
    </p>
   </div>
   <div class='ocr_carea' id='block_1_55' title="bbox 360 3702 1940 3784">
    <p class='ocr_par' dir='ltr' id='par_1_55' title="bbox 360 3702 1940 3784">
     <span class='ocr_line' id='line_1_55' title="bbox 360 3702 1940 3784; baseline 0.007 -26"><span class='ocrx_word' id='word_1_381' title='bbox 360 3702 419 3758; x_wconf 73' lang='grc' dir='ltr'>δὲ</span> <span class='ocrx_word' id='word_1_382' title='bbox 441 3704 642 3774; x_wconf 83' lang='grc' dir='ltr'>τρόπον</span> <span class='ocrx_word' id='word_1_383' title='bbox 665 3704 731 3760; x_wconf 71' lang='grc' dir='ltr'>τὰ</span> <span class='ocrx_word' id='word_1_384' title='bbox 760 3706 939 3761; x_wconf 73' lang='grc' dir='ltr'>τοιάδε</span> <span class='ocrx_word' id='word_1_385' title='bbox 970 3711 1190 3775; x_wconf 82' lang='grc' dir='ltr'>νοοϊντο,</span> <span class='ocrx_word' id='word_1_386' title='bbox 1226 3710 1319 3765; x_wconf 83' lang='grc' dir='ltr'>καὶ</span> <span class='ocrx_word' id='word_1_387' title='bbox 1346 3711 1444 3765; x_wconf 86' lang='grc' dir='ltr'>οὐκ</span> <span class='ocrx_word' id='word_1_388' title='bbox 1467 3712 1571 3777; x_wconf 73' lang='grc' dir='ltr'><strong>ἔξω</strong></span> <span class='ocrx_word' id='word_1_389' title='bbox 1596 3715 1690 3769; x_wconf 80' lang='grc' dir='ltr'>τοῦ</span> <span class='ocrx_word' id='word_1_390' title='bbox 1711 3716 1940 3784; x_wconf 74' lang='grc' dir='ltr'>εἰκότος,</span> 
     </span>
    </p>
   </div>
   <div class='ocr_carea' id='block_1_56' title="bbox 362 3797 1943 3877">
    <p class='ocr_par' dir='ltr' id='par_1_56' title="bbox 362 3797 1943 3877">
     <span class='ocr_line' id='line_1_56' title="bbox 362 3797 1943 3877; baseline 0.009 -28"><span class='ocrx_word' id='word_1_391' title='bbox 362 3797 507 3850; x_wconf 81' lang='grc' dir='ltr'>κατά</span> <span class='ocrx_word' id='word_1_392' title='bbox 552 3813 617 3866; x_wconf 83' lang='grc' dir='ltr'><strong>γε</strong></span> <span class='ocrx_word' id='word_1_393' title='bbox 657 3797 718 3851; x_wconf 78' lang='grc' dir='ltr'>τὸ</span> <span class='ocrx_word' id='word_1_394' title='bbox 748 3798 967 3869; x_wconf 76' lang='grc' dir='ltr'>ἐφικτὸν</span> <span class='ocrx_word' id='word_1_395' title='bbox 1013 3803 1145 3873; x_wconf 79' lang='grc' dir='ltr'>ἡμῖν</span> <span class='ocrx_word' id='word_1_396' title='bbox 1194 3803 1513 3875; x_wconf 73' lang='grc' dir='ltr'>εἰρήκαμεν.</span> <span class='ocrx_word' id='word_1_397' title='bbox 1540 3804 1943 3877; x_wconf 85' lang='grc' dir='ltr'>Γέγραπταιδέ</span> 
     </span>
    </p>
   </div>
   <div class='ocr_carea' id='block_1_57' title="bbox 362 3886 1944 3972">
    <p class='ocr_par' dir='ltr' id='par_1_57' title="bbox 362 3886 1944 3972">
     <span class='ocr_line' id='line_1_57' title="bbox 362 3886 1944 3972; baseline 0.009 -32"><span class='ocrx_word' id='word_1_398' title='bbox 362 3887 459 3941; x_wconf 80' lang='grc' dir='ltr'>καὶ</span> <span class='ocrx_word' id='word_1_399' title='bbox 487 3886 585 3940; x_wconf 82' lang='grc' dir='ltr'>νῦν</span> <span class='ocrx_word' id='word_1_400' title='bbox 611 3890 640 3942; x_wconf 84' lang='grc' dir='ltr'>ὁ</span> <span class='ocrx_word' id='word_1_401' title='bbox 669 3889 779 3943; x_wconf 84' lang='grc' dir='ltr'><strong>τῶν</strong></span> <span class='ocrx_word' id='word_1_402' title='bbox 805 3891 1180 3961; x_wconf 84' lang='grc' dir='ltr'>προκειμένων</span> <span class='ocrx_word' id='word_1_403' title='bbox 1209 3893 1429 3960; x_wconf 82' lang='grc' dir='ltr'>σκοπὸς,</span> <span class='ocrx_word' id='word_1_404' title='bbox 1461 3895 1538 3959; x_wconf 83' lang='grc' dir='ltr'>ὡς</span> <span class='ocrx_word' id='word_1_405' title='bbox 1581 3898 1719 3969; x_wconf 87' lang='grc' dir='ltr'>πρός</span> <span class='ocrx_word' id='word_1_406' title='bbox 1747 3917 1813 3969; x_wconf 88' lang='grc' dir='ltr'><strong>γε</strong></span> <span class='ocrx_word' id='word_1_407' title='bbox 1844 3902 1944 3972; x_wconf 82' lang='grc' dir='ltr'><strong>τὴν</strong></span> 
     </span>
    </p>
   </div>
   <div class='ocr_carea' id='block_1_58' title="bbox 372 3979 1946 4063">
    <p class='ocr_par' dir='ltr' id='par_1_58' title="bbox 372 3979 1946 4063">
     <span class='ocr_line' id='line_1_58' title="bbox 372 3979 1946 4063; baseline 0.01 -32"><span class='ocrx_word' id='word_1_408' title='bbox 372 3979 728 4050; x_wconf 81' lang='grc' dir='ltr'>Ἰερουσαλὴμ</span> <span class='ocrx_word' id='word_1_409' title='bbox 763 3982 1261 4053; x_wconf 81' lang='grc' dir='ltr'>ἀνοσιουργήσασαν</span> <span class='ocrx_word' id='word_1_410' title='bbox 1288 3985 1575 4056; x_wconf 84' lang='grc' dir='ltr'>ἀχαλίνως,</span> <span class='ocrx_word' id='word_1_411' title='bbox 1602 3989 1700 4042; x_wconf 70' lang='grc' dir='ltr'><strong>καὶ</strong></span> <span class='ocrx_word' id='word_1_412' title='bbox 1726 3990 1819 4045; x_wconf 81' lang='grc' dir='ltr'><strong>τὸν</strong></span> <span class='ocrx_word' id='word_1_413' title='bbox 1845 3992 1946 4063; x_wconf 87' lang='grc' dir='ltr'>τῆς</span> 
     </span>
    </p>
   </div>
   <div class='ocr_carea' id='block_1_59' title="bbox 361 4069 1943 4156">
    <p class='ocr_par' dir='ltr' id='par_1_59' title="bbox 361 4069 1943 4156">
     <span class='ocr_line' id='line_1_59' title="bbox 361 4069 1943 4156; baseline 0.011 -36"><span class='ocrx_word' id='word_1_414' title='bbox 361 4069 621 4134; x_wconf 73' lang='grc' dir='ltr'>ἁλώσεως</span> <span class='ocrx_word' id='word_1_415' title='bbox 671 4073 804 4141; x_wconf 73' lang='grc' dir='ltr'>ἡμῖν</span> <span class='ocrx_word' id='word_1_416' title='bbox 854 4076 1252 4144; x_wconf 83' lang='grc' dir='ltr'>κατασημαίνει</span> <span class='ocrx_word' id='word_1_417' title='bbox 1296 4078 1515 4150; x_wconf 65' lang='grc' dir='ltr'>τρόπον.</span> <span class='ocrx_word' id='word_1_418' title='bbox 1574 4099 1593 4132; x_wconf 79' lang='grc' dir='ltr'><strong>ι</strong></span> <span class='ocrx_word' id='word_1_419' title='bbox 1632 4082 1762 4137; x_wconf 82' lang='grc' dir='ltr'>Ἰδοὺ</span> <span class='ocrx_word' id='word_1_420' title='bbox 1812 4083 1943 4156; x_wconf 85' lang='grc' dir='ltr'>γὰρ,</span> 
     </span>
    </p>
   </div>
   <div class='ocr_carea' id='block_1_60' title="bbox 360 4161 1945 4241">
    <p class='ocr_par' dir='ltr' id='par_1_60' title="bbox 360 4161 1945 4241">
     <span class='ocr_line' id='line_1_60' title="bbox 360 4161 1945 4241; baseline 0.012 -30"><span class='ocrx_word' id='word_1_421' title='bbox 360 4161 553 4231; x_wconf 65' lang='grc' dir='ltr'>φησιν,</span> <span class='ocrx_word' id='word_1_422' title='bbox 602 4162 810 4234; x_wconf 79' lang='grc' dir='ltr'>ἡμέραι</span> <span class='ocrx_word' id='word_1_423' title='bbox 864 4164 955 4217; x_wconf 80' lang='grc' dir='ltr'>τοῦ</span> <span class='ocrx_word' id='word_1_424' title='bbox 1007 4166 1234 4237; x_wconf 77' lang='grc' dir='ltr'>Κυρίου,</span> <span class='ocrx_word' id='word_1_425' title='bbox 1267 4186 1286 4219; x_wconf 75' lang='grc' dir='ltr'><strong>ι</strong></span> <span class='ocrx_word' id='word_1_426' title='bbox 1331 4170 1632 4237; x_wconf 81' lang='grc' dir='ltr'>τουτέστιν,</span> <span class='ocrx_word' id='word_1_427' title='bbox 1675 4172 1742 4237; x_wconf 79' lang='grc' dir='ltr'>ἃς</span> <span class='ocrx_word' id='word_1_428' title='bbox 1783 4175 1945 4241; x_wconf 81' lang='grc' dir='ltr'>αὐτὸς</span> 
     </span>
    </p>
   </div>
   <div class='ocr_carea' id='block_1_61' title="bbox 360 4253 1946 4335">
    <p class='ocr_par' dir='ltr' id='par_1_61' title="bbox 360 4253 1946 4335">
     <span class='ocr_line' id='line_1_61' title="bbox 360 4253 1946 4335; baseline 0.009 -30"><span class='ocrx_word' id='word_1_429' title='bbox 360 4254 562 4321; x_wconf 57' lang='grc' dir='ltr'>ἐπάγει</span> <span class='ocrx_word' id='word_1_430' title='bbox 610 4253 777 4326; x_wconf 75' lang='grc' dir='ltr'>ψήφῳ</span> <span class='ocrx_word' id='word_1_431' title='bbox 824 4255 1027 4328; x_wconf 78' lang='grc' dir='ltr'>δικαίᾳ,</span> <span class='ocrx_word' id='word_1_432' title='bbox 1067 4257 1161 4310; x_wconf 72' lang='grc' dir='ltr'><strong>καὶ</strong></span> <span class='ocrx_word' id='word_1_433' title='bbox 1211 4259 1341 4330; x_wconf 84' lang='grc' dir='ltr'>ὁσίῳ</span> <span class='ocrx_word' id='word_1_434' title='bbox 1383 4261 1630 4332; x_wconf 85' lang='grc' dir='ltr'>κρίματι.</span> <span class='ocrx_word' id='word_1_435' title='bbox 1679 4263 1792 4318; x_wconf 77' lang='grc' dir='ltr'><strong>Καὶ</strong></span> <span class='ocrx_word' id='word_1_436' title='bbox 1836 4266 1946 4335; x_wconf 80' lang='grc' dir='ltr'>γὰρ</span> 
     </span>
    </p>
   </div>
   <div class='ocr_carea' id='block_1_62' title="bbox 361 4344 1946 4423">
    <p class='ocr_par' dir='ltr' id='par_1_62' title="bbox 361 4344 1946 4423">
     <span class='ocr_line' id='line_1_62' title="bbox 361 4344 1946 4423; baseline 0.008 -26"><span class='ocrx_word' id='word_1_437' title='bbox 361 4348 511 4399; x_wconf 77' lang='grc' dir='ltr'>ἐστιν</span> <span class='ocrx_word' id='word_1_438' title='bbox 537 4344 752 4415; x_wconf 80' lang='grc' dir='ltr'>ἀληθὲς,</span> <span class='ocrx_word' id='word_1_439' title='bbox 774 4346 803 4400; x_wconf 81' lang='grc' dir='ltr'><strong>δ</strong></span> <span class='ocrx_word' id='word_1_440' title='bbox 831 4347 923 4400; x_wconf 78' lang='grc' dir='ltr'>καὶ</span> <span class='ocrx_word' id='word_1_441' title='bbox 945 4348 1011 4401; x_wconf 82' lang='grc' dir='ltr'>δι’</span> <span class='ocrx_word' id='word_1_442' title='bbox 1037 4349 1223 4420; x_wconf 83' lang='grc' dir='ltr'>ἐτέρου</span> <span class='ocrx_word' id='word_1_443' title='bbox 1250 4353 1531 4422; x_wconf 75' lang='grc' dir='ltr'>προφήτου</span> <span class='ocrx_word' id='word_1_444' title='bbox 1561 4353 1755 4423; x_wconf 83' lang='grc' dir='ltr'>φησίν·</span> <span class='ocrx_word' id='word_1_445' title='bbox 1784 4374 1802 4407; x_wconf 85' lang='grc' dir='ltr'><strong>ι</strong></span> <span class='ocrx_word' id='word_1_446' title='bbox 1832 4357 1946 4410; x_wconf 80' lang='grc' dir='ltr'>Οὐκ</span> 
     </span>
    </p>
   </div>
   <div class='ocr_carea' id='block_1_63' title="bbox 362 4435 1947 4518">
    <p class='ocr_par' dir='ltr' id='par_1_63' title="bbox 362 4435 1947 4518">
     <span class='ocr_line' id='line_1_63' title="bbox 362 4435 1947 4518; baseline 0.008 -30"><span class='ocrx_word' id='word_1_447' title='bbox 362 4435 480 4489; x_wconf 69' lang='grc' dir='ltr'>ἔστι</span> <span class='ocrx_word' id='word_1_448' title='bbox 507 4436 678 4490; x_wconf 86' lang='grc' dir='ltr'>κακία</span> <span class='ocrx_word' id='word_1_449' title='bbox 703 4438 762 4490; x_wconf 86' lang='grc' dir='ltr'><strong>ἐν</strong></span> <span class='ocrx_word' id='word_1_450' title='bbox 791 4438 966 4501; x_wconf 83' lang='grc' dir='ltr'>πόλει,</span> <span class='ocrx_word' id='word_1_451' title='bbox 987 4440 1054 4510; x_wconf 81' lang='grc' dir='ltr'>ἣν</span> <span class='ocrx_word' id='word_1_452' title='bbox 1081 4438 1285 4511; x_wconf 82' lang='grc' dir='ltr'>Κύριος</span> <span class='ocrx_word' id='word_1_453' title='bbox 1315 4443 1415 4495; x_wconf 79' lang='grc' dir='ltr'><strong>οὐκ</strong></span> <span class='ocrx_word' id='word_1_454' title='bbox 1441 4443 1718 4515; x_wconf 74' lang='grc' dir='ltr'>ἐποίησε.»</span> <span class='ocrx_word' id='word_1_455' title='bbox 1742 4446 1817 4500; x_wconf 83' lang='grc' dir='ltr'><strong>Οὐ</strong></span> <span class='ocrx_word' id='word_1_456' title='bbox 1837 4446 1947 4518; x_wconf 74' lang='grc' dir='ltr'><strong>γὰρ</strong></span> 
     </span>
    </p>
   </div>
   <div class='ocr_carea' id='block_1_64' title="bbox 361 4526 1948 4603">
    <p class='ocr_par' dir='ltr' id='par_1_64' title="bbox 361 4526 1948 4603">
     <span class='ocr_line' id='line_1_64' title="bbox 361 4526 1948 4603; baseline 0.006 -23"><span class='ocrx_word' id='word_1_457' title='bbox 361 4527 431 4581; x_wconf 78' lang='grc' dir='ltr'>ἂν</span> <span class='ocrx_word' id='word_1_458' title='bbox 463 4526 674 4594; x_wconf 74' lang='grc' dir='ltr'>γένοιτό</span> <span class='ocrx_word' id='word_1_459' title='bbox 706 4544 759 4580; x_wconf 89' lang='grc' dir='ltr'><strong>τι</strong></span> <span class='ocrx_word' id='word_1_460' title='bbox 804 4527 915 4582; x_wconf 85' lang='grc' dir='ltr'><strong>τῶν</strong></span> <span class='ocrx_word' id='word_1_461' title='bbox 963 4528 1092 4599; x_wconf 82' lang='grc' dir='ltr'><strong>ὃλην</strong></span> <span class='ocrx_word' id='word_1_462' title='bbox 1138 4530 1343 4584; x_wconf 77' lang='grc' dir='ltr'>κακοῦν</span> <span class='ocrx_word' id='word_1_463' title='bbox 1388 4532 1680 4603; x_wconf 73' lang='grc' dir='ltr'>ἰσχυόντων</span> <span class='ocrx_word' id='word_1_464' title='bbox 1714 4535 1888 4602; x_wconf 87' lang='grc' dir='ltr'>πόλιν,</span> <span class='ocrx_word' id='word_1_465' title='bbox 1919 4535 1948 4590; x_wconf 88' lang='grc' dir='ltr'><strong>ὃ</strong></span> 
     </span>
    </p>
   </div>
   <div class='ocr_carea' id='block_1_65' title="bbox 2045 2068 3619 2148">
    <p class='ocr_par' dir='ltr' id='par_1_65' title="bbox 2045 2068 3619 2148">
     <span class='ocr_line' id='line_1_65' title="bbox 2045 2068 3619 2148; baseline 0.008 -26"><span class='ocrx_word' id='word_1_466' title='bbox 2045 2069 2211 2137; x_wconf 73' lang='lat' dir='ltr'><strong>spolia</strong></span> <span class='ocrx_word' id='word_1_467' title='bbox 2251 2080 2340 2121; x_wconf 82' lang='lat' dir='ltr'><strong>tua</strong></span> <span class='ocrx_word' id='word_1_468' title='bbox 2368 2071 2422 2121; x_wconf 81' lang='lat' dir='ltr'><strong>in</strong></span> <span class='ocrx_word' id='word_1_469' title='bbox 2450 2078 2518 2121; x_wconf 81' lang='lat' dir='ltr'><strong>le.</strong></span> <span class='ocrx_word' id='word_1_470' title='bbox 2546 2068 2607 2121; x_wconf 80' lang='lat' dir='ltr'><strong>Et</strong></span> <span class='ocrx_word' id='word_1_471' title='bbox 2650 2075 2973 2141; x_wconf 82' lang='lat' dir='ltr'><strong>congregabo</strong></span> <span class='ocrx_word' id='word_1_472' title='bbox 3019 2090 3194 2128; x_wconf 80' lang='lat' dir='ltr'><strong>omnes</strong></span> <span class='ocrx_word' id='word_1_473' title='bbox 3214 2091 3383 2145; x_wconf 80' lang='lat' dir='ltr'><strong>gentes</strong></span> <span class='ocrx_word' id='word_1_474' title='bbox 3405 2082 3458 2133; x_wconf 74' lang='lat' dir='ltr'><strong>in</strong></span> <span class='ocrx_word' id='word_1_475' title='bbox 3481 2099 3619 2148; x_wconf 78' lang='lat' dir='ltr'><strong>prir-</strong></span> 
     </span>
    </p>
   </div>
   <div class='ocr_carea' id='block_1_66' title="bbox 2045 2160 3620 2239">
    <p class='ocr_par' dir='ltr' id='par_1_66' title="bbox 2045 2160 3620 2239">
     <span class='ocr_line' id='line_1_66' title="bbox 2045 2160 3620 2239; baseline 0.009 -29"><span class='ocrx_word' id='word_1_476' title='bbox 2045 2160 2172 2212; x_wconf 80' lang='lat' dir='ltr'><strong>lium</strong></span> <span class='ocrx_word' id='word_1_477' title='bbox 2190 2176 2344 2223; x_wconf 82' lang='lat' dir='ltr'><strong>super</strong></span> <span class='ocrx_word' id='word_1_478' title='bbox 2372 2160 2691 2227; x_wconf 74' lang='lat' dir='ltr'><strong>Jerusalem,</strong></span> <span class='ocrx_word' id='word_1_479' title='bbox 2719 2172 2766 2214; x_wconf 82' lang='lat' dir='ltr'><strong>et</strong></span> <span class='ocrx_word' id='word_1_480' title='bbox 2790 2164 3027 2231; x_wconf 77' lang='lat' dir='ltr'><strong>capietur</strong></span> <span class='ocrx_word' id='word_1_481' title='bbox 3053 2167 3254 2229; x_wconf 68' lang='lat' dir='ltr'><strong>civitas,</strong></span> <span class='ocrx_word' id='word_1_482' title='bbox 3274 2180 3321 2222; x_wconf 88' lang='lat' dir='ltr'><strong>et</strong></span> <span class='ocrx_word' id='word_1_483' title='bbox 3369 2172 3620 2239; x_wconf 78' lang='lat' dir='ltr'><strong>diripim-</strong></span> 
     </span>
    </p>
   </div>
   <div class='ocr_carea' id='block_1_67' title="bbox 2047 2248 3616 2328">
    <p class='ocr_par' dir='ltr' id='par_1_67' title="bbox 2047 2248 3616 2328">
     <span class='ocr_line' id='line_1_67' title="bbox 2047 2248 3616 2328; baseline 0.01 -29"><span class='ocrx_word' id='word_1_484' title='bbox 2047 2254 2131 2299; x_wconf 83' lang='lat' dir='ltr'><strong>tur</strong></span> <span class='ocrx_word' id='word_1_485' title='bbox 2150 2248 2361 2307; x_wconf 80' lang='lat' dir='ltr'><strong>domus.</strong></span> <span class='ocrx_word' id='word_1_486' title='bbox 2387 2258 2431 2300; x_wconf 88' lang='lat' dir='ltr'><strong>et</strong></span> <span class='ocrx_word' id='word_1_487' title='bbox 2457 2249 2696 2303; x_wconf 76' lang='lat' dir='ltr'><strong>mulieres</strong></span> <span class='ocrx_word' id='word_1_488' title='bbox 2720 2249 3041 2320; x_wconf 67' lang='lat' dir='ltr'><strong>potiuentur,</strong></span> <span class='ocrx_word' id='word_1_489' title='bbox 3066 2266 3115 2311; x_wconf 86' lang='lat' dir='ltr'><strong>et</strong></span> <span class='ocrx_word' id='word_1_490' title='bbox 3142 2258 3435 2328; x_wconf 76' lang='lat' dir='ltr'><strong>egredietur</strong></span> <span class='ocrx_word' id='word_1_491' title='bbox 3447 2262 3616 2316; x_wconf 72' lang='lat' dir='ltr'><strong>media</strong></span> 
     </span>
    </p>
   </div>
   <div class='ocr_carea' id='block_1_68' title="bbox 2044 2341 2886 2411">
    <p class='ocr_par' dir='ltr' id='par_1_68' title="bbox 2044 2341 2886 2411">
     <span class='ocr_line' id='line_1_68' title="bbox 2044 2341 2886 2411; baseline 0.01 -20"><span class='ocrx_word' id='word_1_492' title='bbox 2044 2354 2167 2407; x_wconf 79' lang='lat' dir='ltr'><strong>pars</strong></span> <span class='ocrx_word' id='word_1_493' title='bbox 2183 2341 2406 2396; x_wconf 74' lang='lat' dir='ltr'><strong>civitatis</strong></span> <span class='ocrx_word' id='word_1_494' title='bbox 2430 2342 2483 2396; x_wconf 85' lang='lat' dir='ltr'><strong>in</strong></span> <span class='ocrx_word' id='word_1_495' title='bbox 2511 2343 2886 2411; x_wconf 80' lang='lat' dir='ltr'><strong>captivitatem.</strong></span> 
     </span>
    </p>
   </div>
   <div class='ocr_carea' id='block_1_69' title="bbox 2117 2515 3698 2593">
    <p class='ocr_par' dir='ltr' id='par_1_69' title="bbox 2117 2515 3698 2593">
     <span class='ocr_line' id='line_1_69' title="bbox 2117 2515 3698 2593; baseline 0.008 -23"><span class='ocrx_word' id='word_1_496' title='bbox 2117 2516 2225 2571; x_wconf 89' lang='lat' dir='ltr'><strong>Cll.</strong></span> <span class='ocrx_word' id='word_1_497' title='bbox 2273 2515 2618 2570; x_wconf 80' lang='lat' dir='ltr'><strong>Salutiferam</strong></span> <span class='ocrx_word' id='word_1_498' title='bbox 2652 2516 2704 2570; x_wconf 88' lang='lat' dir='ltr'><strong>in</strong></span> <span class='ocrx_word' id='word_1_499' title='bbox 2728 2532 2892 2573; x_wconf 85' lang='lat' dir='ltr'><strong>cruce</strong></span> <span class='ocrx_word' id='word_1_500' title='bbox 2936 2530 3163 2576; x_wconf 89' lang='lat' dir='ltr'><strong>mortem</strong></span> <span class='ocrx_word' id='word_1_501' title='bbox 3195 2523 3440 2579; x_wconf 85' lang='lat' dir='ltr'><strong>indicans</strong></span> <span class='ocrx_word' id='word_1_502' title='bbox 3462 2527 3622 2593; x_wconf 79' lang='lat' dir='ltr'><strong>paulo</strong></span> <span class='ocrx_word' id='word_1_503' title='bbox 3696 2564 3698 2567; x_wconf 59' lang='grc' dir='ltr'><strong>τ</strong></span> 
     </span>
    </p>
   </div>
   <div class='ocr_carea' id='block_1_70' title="bbox 2047 2607 3620 2685">
    <p class='ocr_par' dir='ltr' id='par_1_70' title="bbox 2047 2607 3620 2685">
     <span class='ocr_line' id='line_1_70' title="bbox 2047 2607 3620 2685; baseline 0.005 -24"><span class='ocrx_word' id='word_1_504' title='bbox 2047 2618 2171 2661; x_wconf 84' lang='lat' dir='ltr'><strong>ante</strong></span> <span class='ocrx_word' id='word_1_505' title='bbox 2212 2608 2443 2669; x_wconf 86' lang='lat' dir='ltr'><strong>dicebat,</strong></span> <span class='ocrx_word' id='word_1_506' title='bbox 2484 2625 2503 2656; x_wconf 78' lang='grc' dir='ltr'><strong>ι</strong></span> <span class='ocrx_word' id='word_1_507' title='bbox 2544 2607 2898 2677; x_wconf 67' lang='grc' dir='ltr'>Ιὶιιοηιρίκειι,</span> <span class='ocrx_word' id='word_1_508' title='bbox 2945 2625 3219 2678; x_wconf 72' lang='lat' dir='ltr'><strong>consurge</strong></span> <span class='ocrx_word' id='word_1_509' title='bbox 3250 2628 3415 2682; x_wconf 82' lang='lat' dir='ltr'><strong>super</strong></span> <span class='ocrx_word' id='word_1_510' title='bbox 3439 2626 3620 2685; x_wconf 59' lang='lat' dir='ltr'><strong>pastu.</strong></span> 
     </span>
    </p>
   </div>
   <div class='ocr_carea' id='block_1_71' title="bbox 2049 2697 3622 2772">
    <p class='ocr_par' dir='ltr' id='par_1_71' title="bbox 2049 2697 3622 2772">
     <span class='ocr_line' id='line_1_71' title="bbox 2049 2697 3622 2772; baseline 0.004 -20"><span class='ocrx_word' id='word_1_511' title='bbox 2049 2713 2163 2752; x_wconf 86' lang='lat' dir='ltr'><strong>rem</strong></span> <span class='ocrx_word' id='word_1_512' title='bbox 2195 2712 2391 2761; x_wconf 85' lang='lat' dir='ltr'><strong>meum,</strong></span> <span class='ocrx_word' id='word_1_513' title='bbox 2416 2697 2579 2768; x_wconf 80' lang='lat'><strong>795</strong></span> <span class='ocrx_word' id='word_1_514' title='bbox 2616 2707 2670 2753; x_wconf 92' lang='lat' dir='ltr'><strong>et</strong></span> <span class='ocrx_word' id='word_1_515' title='bbox 2699 2714 2860 2766; x_wconf 80' lang='lat' dir='ltr'><strong>super</strong></span> <span class='ocrx_word' id='word_1_516' title='bbox 2888 2700 3062 2754; x_wconf 87' lang='lat' dir='ltr'><strong>virum</strong></span> <span class='ocrx_word' id='word_1_517' title='bbox 3099 2704 3272 2756; x_wconf 81' lang='lat' dir='ltr'><strong>civem</strong></span> <span class='ocrx_word' id='word_1_518' title='bbox 3300 2702 3438 2772; x_wconf 86' lang='lat' dir='ltr'><strong>ejus,</strong></span> <span class='ocrx_word' id='word_1_519' title='bbox 3492 2705 3622 2759; x_wconf 90' lang='lat' dir='ltr'><strong>dicit</strong></span> 
     </span>
    </p>
   </div>
   <div class='ocr_carea' id='block_1_72' title="bbox 2050 2787 3621 2861">
    <p class='ocr_par' dir='ltr' id='par_1_72' title="bbox 2050 2787 3621 2861">
     <span class='ocr_line' id='line_1_72' title="bbox 2050 2787 3621 2861; baseline 0.007 -22"><span class='ocrx_word' id='word_1_520' title='bbox 2050 2787 2307 2843; x_wconf 81' lang='lat' dir='ltr'><strong>Dmninus</strong></span> <span class='ocrx_word' id='word_1_521' title='bbox 2331 2788 2692 2855; x_wconf 85' lang='lat' dir='ltr'><strong>omnipotens.</strong></span> <span class='ocrx_word' id='word_1_522' title='bbox 2727 2787 2956 2844; x_wconf 79' lang='lat' dir='ltr'><strong>Percute</strong></span> <span class='ocrx_word' id='word_1_523' title='bbox 2998 2801 3270 2860; x_wconf 80' lang='lat' dir='ltr'><strong>pastorem</strong></span> <span class='ocrx_word' id='word_1_524' title='bbox 3300 2802 3354 2847; x_wconf 90' lang='lat' dir='ltr'><strong>et</strong></span> <span class='ocrx_word' id='word_1_525' title='bbox 3416 2794 3621 2861; x_wconf 79' lang='lat' dir='ltr'><strong>disper-</strong></span> 
     </span>
    </p>
   </div>
   <div class='ocr_carea' id='block_1_73' title="bbox 2049 2875 3621 2950">
    <p class='ocr_par' dir='ltr' id='par_1_73' title="bbox 2049 2875 3621 2950">
     <span class='ocr_line' id='line_1_73' title="bbox 2049 2875 3621 2950; baseline 0.004 -21"><span class='ocrx_word' id='word_1_526' title='bbox 2049 2890 2242 2947; x_wconf 72' lang='lat' dir='ltr'><strong>gentur</strong></span> <span class='ocrx_word' id='word_1_527' title='bbox 2262 2891 2389 2928; x_wconf 77' lang='lat' dir='ltr'><strong>oves</strong></span> <span class='ocrx_word' id='word_1_528' title='bbox 2413 2875 2479 2929; x_wconf 81' lang='lat'><strong>&quot;.</strong></span> <span class='ocrx_word' id='word_1_529' title='bbox 2520 2893 2539 2927; x_wconf 72' lang='grc' dir='ltr'><strong>ι</strong></span> <span class='ocrx_word' id='word_1_530' title='bbox 2570 2875 2845 2932; x_wconf 79' lang='lat' dir='ltr'><strong>Extretnis</strong></span> <span class='ocrx_word' id='word_1_531' title='bbox 2870 2889 3049 2933; x_wconf 88' lang='lat' dir='ltr'><strong>autem</strong></span> <span class='ocrx_word' id='word_1_532' title='bbox 3113 2881 3396 2950; x_wconf 84' lang='lat' dir='ltr'><strong>suppliciis</strong></span> <span class='ocrx_word' id='word_1_533' title='bbox 3442 2882 3621 2950; x_wconf 85' lang='lat' dir='ltr'><strong>subje-</strong></span> 
     </span>
    </p>
   </div>
   <div class='ocr_carea' id='block_1_74' title="bbox 2049 2966 3623 3043">
    <p class='ocr_par' dir='ltr' id='par_1_74' title="bbox 2049 2966 3623 3043">
     <span class='ocr_line' id='line_1_74' title="bbox 2049 2966 3623 3043; baseline 0.004 -20"><span class='ocrx_word' id='word_1_534' title='bbox 2049 2980 2195 3023; x_wconf 83' lang='lat' dir='ltr'><strong>ctum</strong></span> <span class='ocrx_word' id='word_1_535' title='bbox 2234 2968 2298 3023; x_wconf 83' lang='lat' dir='ltr'><strong>iri</strong></span> <span class='ocrx_word' id='word_1_536' title='bbox 2326 2966 2562 3035; x_wconf 72' lang='lat' dir='ltr'><strong>Judreos,</strong></span> <span class='ocrx_word' id='word_1_537' title='bbox 2620 2969 2779 3035; x_wconf 82' lang='lat' dir='ltr'><strong>idque</strong></span> <span class='ocrx_word' id='word_1_538' title='bbox 2842 2970 3167 3037; x_wconf 67' lang='lat' dir='ltr'><strong>iustissime,</strong></span> <span class='ocrx_word' id='word_1_539' title='bbox 3218 2975 3473 3041; x_wconf 86' lang='lat' dir='ltr'><strong>quoniam</strong></span> <span class='ocrx_word' id='word_1_540' title='bbox 3530 2988 3623 3043; x_wconf 88' lang='lat' dir='ltr'><strong>per</strong></span> 
     </span>
    </p>
   </div>
   <div class='ocr_carea' id='block_1_75' title="bbox 2051 3059 3617 3129">
    <p class='ocr_par' dir='ltr' id='par_1_75' title="bbox 2051 3059 3617 3129">
     <span class='ocr_line' id='line_1_75' title="bbox 2051 3059 3617 3129; baseline 0.003 -14"><span class='ocrx_word' id='word_1_541' title='bbox 2051 3075 2316 3115; x_wconf 80' lang='lat' dir='ltr'><strong>summam</strong></span> <span class='ocrx_word' id='word_1_542' title='bbox 2340 3060 2620 3114; x_wconf 76' lang='lat' dir='ltr'><strong>audaciam</strong></span> <span class='ocrx_word' id='word_1_543' title='bbox 2652 3059 2934 3116; x_wconf 90' lang='lat' dir='ltr'><strong>Dominum</strong></span> <span class='ocrx_word' id='word_1_544' title='bbox 2994 3065 3338 3128; x_wconf 89' lang='lat' dir='ltr'><strong>occiderunt,</strong></span> <span class='ocrx_word' id='word_1_545' title='bbox 3364 3065 3617 3129; x_wconf 85' lang='lat' dir='ltr'><strong>docebat,</strong></span> 
     </span>
    </p>
   </div>
   <div class='ocr_carea' id='block_1_76' title="bbox 2049 3152 3626 3227">
    <p class='ocr_par' dir='ltr' id='par_1_76' title="bbox 2049 3152 3626 3227">
     <span class='ocr_line' id='line_1_76' title="bbox 2049 3152 3626 3227; baseline 0.004 -20"><span class='ocrx_word' id='word_1_546' title='bbox 2049 3166 2171 3207; x_wconf 89' lang='lat' dir='ltr'><strong>cum</strong></span> <span class='ocrx_word' id='word_1_547' title='bbox 2193 3152 2465 3207; x_wconf 86' lang='lat' dir='ltr'><strong>adderet:</strong></span> <span class='ocrx_word' id='word_1_548' title='bbox 2509 3170 2528 3204; x_wconf 81' lang='grc' dir='ltr'><strong>ι</strong></span> <span class='ocrx_word' id='word_1_549' title='bbox 2566 3152 2632 3207; x_wconf 85' lang='grc' dir='ltr'><strong>Ει</strong></span> <span class='ocrx_word' id='word_1_550' title='bbox 2664 3153 2915 3209; x_wconf 86' lang='lat' dir='ltr'><strong>inducam</strong></span> <span class='ocrx_word' id='word_1_551' title='bbox 2964 3171 3177 3211; x_wconf 87' lang='lat' dir='ltr'><strong>manum</strong></span> <span class='ocrx_word' id='word_1_552' title='bbox 3234 3172 3407 3213; x_wconf 85' lang='lat' dir='ltr'><strong>meam</strong></span> <span class='ocrx_word' id='word_1_553' title='bbox 3464 3173 3626 3227; x_wconf 85' lang='lat' dir='ltr'><strong>super</strong></span> 
     </span>
    </p>
   </div>
   <div class='ocr_carea' id='block_1_77' title="bbox 2052 3245 3625 3321">
    <p class='ocr_par' dir='ltr' id='par_1_77' title="bbox 2052 3245 3625 3321">
     <span class='ocr_line' id='line_1_77' title="bbox 2052 3245 3625 3321; baseline 0.007 -25"><span class='ocrx_word' id='word_1_554' title='bbox 2052 3253 2322 3312; x_wconf 86' lang='lat' dir='ltr'><strong>pastores,</strong></span> <span class='ocrx_word' id='word_1_555' title='bbox 2343 3253 2397 3300; x_wconf 93' lang='lat' dir='ltr'><strong>et</strong></span> <span class='ocrx_word' id='word_1_556' title='bbox 2417 3246 2522 3300; x_wconf 88' lang='lat' dir='ltr'><strong>erit</strong></span> <span class='ocrx_word' id='word_1_557' title='bbox 2543 3245 2598 3300; x_wconf 88' lang='lat' dir='ltr'><strong>in</strong></span> <span class='ocrx_word' id='word_1_558' title='bbox 2629 3246 2717 3301; x_wconf 89' lang='lat' dir='ltr'><strong>die</strong></span> <span class='ocrx_word' id='word_1_559' title='bbox 2739 3247 2850 3312; x_wconf 87' lang='lat' dir='ltr'><strong>illa,</strong></span> <span class='ocrx_word' id='word_1_560' title='bbox 2883 3248 3017 3303; x_wconf 87' lang='lat' dir='ltr'><strong>dicit</strong></span> <span class='ocrx_word' id='word_1_561' title='bbox 3047 3248 3325 3318; x_wconf 87' lang='lat' dir='ltr'><strong>Dominus,</strong></span> <span class='ocrx_word' id='word_1_562' title='bbox 3358 3253 3475 3307; x_wconf 74' lang='lat' dir='ltr'><strong>dna:</strong></span> <span class='ocrx_word' id='word_1_563' title='bbox 3500 3266 3625 3321; x_wconf 83' lang='lat' dir='ltr'><strong>par-</strong></span> 
     </span>
    </p>
   </div>
   <div class='ocr_carea' id='block_1_78' title="bbox 2056 3337 3623 3405">
    <p class='ocr_par' dir='ltr' id='par_1_78' title="bbox 2056 3337 3623 3405">
     <span class='ocr_line' id='line_1_78' title="bbox 2056 3337 3623 3405; baseline 0.004 -15"><span class='ocrx_word' id='word_1_564' title='bbox 2056 3344 2135 3391; x_wconf 92' lang='lat' dir='ltr'><strong>tes</strong></span> <span class='ocrx_word' id='word_1_565' title='bbox 2161 3337 2430 3405; x_wconf 87' lang='lat' dir='ltr'><strong>peribunt,</strong></span> <span class='ocrx_word' id='word_1_566' title='bbox 2455 3346 2512 3393; x_wconf 84' lang='lat' dir='ltr'><strong>et</strong></span> <span class='ocrx_word' id='word_1_567' title='bbox 2532 3338 2804 3405; x_wconf 79' lang='lat' dir='ltr'><strong>deﬁcient,</strong></span> <span class='ocrx_word' id='word_1_568' title='bbox 2854 3340 3070 3394; x_wconf 83' lang='lat' dir='ltr'><strong>tertiam</strong></span> <span class='ocrx_word' id='word_1_569' title='bbox 3116 3350 3295 3397; x_wconf 90' lang='lat' dir='ltr'><strong>autem</strong></span> <span class='ocrx_word' id='word_1_570' title='bbox 3346 3344 3623 3397; x_wconf 84' lang='lat' dir='ltr'><strong>traducant</strong></span> 
     </span>
    </p>
   </div>
   <div class='ocr_carea' id='block_1_79' title="bbox 2048 3426 3627 3503">
    <p class='ocr_par' dir='ltr' id='par_1_79' title="bbox 2048 3426 3627 3503">
     <span class='ocr_line' id='line_1_79' title="bbox 2048 3426 3627 3503; baseline 0.004 -22"><span class='ocrx_word' id='word_1_571' title='bbox 2048 3441 2146 3497; x_wconf 91' lang='lat' dir='ltr'><strong>per</strong></span> <span class='ocrx_word' id='word_1_572' title='bbox 2179 3426 2380 3497; x_wconf 79' lang='lat' dir='ltr'><strong>ignem,</strong></span> <span class='ocrx_word' id='word_1_573' title='bbox 2413 3436 2465 3482; x_wconf 90' lang='lat' dir='ltr'><strong>et</strong></span> <span class='ocrx_word' id='word_1_574' title='bbox 2491 3442 2640 3482; x_wconf 87' lang='lat' dir='ltr'><strong>uram</strong></span> <span class='ocrx_word' id='word_1_575' title='bbox 2658 3443 2753 3485; x_wconf 91' lang='lat' dir='ltr'><strong>eos</strong></span> <span class='ocrx_word' id='word_1_576' title='bbox 2808 3431 2947 3484; x_wconf 85' lang='lat' dir='ltr'><strong>sicut</strong></span> <span class='ocrx_word' id='word_1_577' title='bbox 3000 3432 3177 3486; x_wconf 86' lang='lat' dir='ltr'><strong>uritur</strong></span> <span class='ocrx_word' id='word_1_578' title='bbox 3220 3445 3525 3503; x_wconf 75' lang='lat' dir='ltr'><strong>argentum,</strong></span> <span class='ocrx_word' id='word_1_579' title='bbox 3572 3446 3627 3490; x_wconf 83' lang='lat' dir='ltr'><strong>et</strong></span> 
     </span>
    </p>
   </div>
   <div class='ocr_carea' id='block_1_80' title="bbox 2048 3519 3626 3592">
    <p class='ocr_par' dir='ltr' id='par_1_80' title="bbox 2048 3519 3626 3592">
     <span class='ocr_line' id='line_1_80' title="bbox 2048 3519 3626 3592; baseline 0.004 -21"><span class='ocrx_word' id='word_1_580' title='bbox 2048 3519 2291 3589; x_wconf 84' lang='lat' dir='ltr'><strong>probabo</strong></span> <span class='ocrx_word' id='word_1_581' title='bbox 2316 3534 2431 3583; x_wconf 88' lang='lat' dir='ltr'><strong>eos,</strong></span> <span class='ocrx_word' id='word_1_582' title='bbox 2460 3530 2517 3574; x_wconf 90' lang='lat' dir='ltr'><strong>ut</strong></span> <span class='ocrx_word' id='word_1_583' title='bbox 2546 3520 2806 3589; x_wconf 87' lang='lat' dir='ltr'><strong>probatur</strong></span> <span class='ocrx_word' id='word_1_584' title='bbox 2837 3535 3030 3575; x_wconf 88' lang='lat' dir='ltr'><strong>aurum</strong></span> <span class='ocrx_word' id='word_1_585' title='bbox 3059 3521 3130 3577; x_wconf 76' lang='lat'><strong>“.</strong></span> <span class='ocrx_word' id='word_1_586' title='bbox 3164 3540 3183 3574; x_wconf 75' lang='grc' dir='ltr'><strong>ι</strong></span> <span class='ocrx_word' id='word_1_587' title='bbox 3214 3522 3366 3590; x_wconf 70' lang='lat' dir='ltr'><strong>Quae,</strong></span> <span class='ocrx_word' id='word_1_588' title='bbox 3396 3538 3626 3592; x_wconf 85' lang='lat' dir='ltr'><strong>quomo-</strong></span> 
     </span>
    </p>
   </div>
   <div class='ocr_carea' id='block_1_81' title="bbox 2052 3610 3625 3682">
    <p class='ocr_par' dir='ltr' id='par_1_81' title="bbox 2052 3610 3625 3682">
     <span class='ocr_line' id='line_1_81' title="bbox 2052 3610 3625 3682; baseline 0.003 -18"><span class='ocrx_word' id='word_1_589' title='bbox 2052 3611 2120 3666; x_wconf 90' lang='lat' dir='ltr'><strong>do</strong></span> <span class='ocrx_word' id='word_1_590' title='bbox 2150 3610 2509 3680; x_wconf 83' lang='lat' dir='ltr'><strong>probabiliter</strong></span> <span class='ocrx_word' id='word_1_591' title='bbox 2532 3610 2876 3681; x_wconf 80' lang='lat' dir='ltr'><strong>intelligenda</strong></span> <span class='ocrx_word' id='word_1_592' title='bbox 2904 3621 3109 3678; x_wconf 84' lang='lat' dir='ltr'><strong>essent,</strong></span> <span class='ocrx_word' id='word_1_593' title='bbox 3133 3628 3231 3682; x_wconf 84' lang='lat' dir='ltr'><strong>pro</strong></span> <span class='ocrx_word' id='word_1_594' title='bbox 3257 3613 3396 3667; x_wconf 79' lang='lat' dir='ltr'><strong>virili</strong></span> <span class='ocrx_word' id='word_1_595' title='bbox 3441 3623 3625 3670; x_wconf 76' lang='lat' dir='ltr'><strong>nostra</strong></span> 
     </span>
    </p>
   </div>
   <div class='ocr_carea' id='block_1_82' title="bbox 2049 3702 3622 3776">
    <p class='ocr_par' dir='ltr' id='par_1_82' title="bbox 2049 3702 3622 3776">
     <span class='ocr_line' id='line_1_82' title="bbox 2049 3702 3622 3776; baseline -0.001 -14"><span class='ocrx_word' id='word_1_596' title='bbox 2049 3706 2415 3775; x_wconf 68' lang='lat' dir='ltr'><strong>exposuimus.</strong></span> <span class='ocrx_word' id='word_1_597' title='bbox 2447 3702 2609 3761; x_wconf 87' lang='lat' dir='ltr'><strong>Nunc</strong></span> <span class='ocrx_word' id='word_1_598' title='bbox 2627 3720 2843 3776; x_wconf 89' lang='lat' dir='ltr'><strong>quoque</strong></span> <span class='ocrx_word' id='word_1_599' title='bbox 2873 3705 3034 3760; x_wconf 84' lang='lat' dir='ltr'><strong>verba</strong></span> <span class='ocrx_word' id='word_1_600' title='bbox 3078 3705 3179 3759; x_wconf 81' lang='lat' dir='ltr'><strong>ista</strong></span> <span class='ocrx_word' id='word_1_601' title='bbox 3216 3706 3283 3759; x_wconf 85' lang='lat' dir='ltr'><strong>ad</strong></span> <span class='ocrx_word' id='word_1_602' title='bbox 3324 3702 3622 3760; x_wconf 81' lang='lat' dir='ltr'><strong>Jerusalem</strong></span> 
     </span>
    </p>
   </div>
   <div class='ocr_carea' id='block_1_83' title="bbox 2050 3797 3627 3869">
    <p class='ocr_par' dir='ltr' id='par_1_83' title="bbox 2050 3797 3627 3869">
     <span class='ocr_line' id='line_1_83' title="bbox 2050 3797 3627 3869; baseline -0.001 -17"><span class='ocrx_word' id='word_1_603' title='bbox 2050 3808 2315 3868; x_wconf 84' lang='lat' dir='ltr'><strong>spectant,</strong></span> <span class='ocrx_word' id='word_1_604' title='bbox 2338 3813 2458 3869; x_wconf 72' lang='lat' dir='ltr'><strong>qua:</strong></span> <span class='ocrx_word' id='word_1_605' title='bbox 2491 3797 2899 3867; x_wconf 88' lang='lat' dir='ltr'><strong>insanoimpetu</strong></span> <span class='ocrx_word' id='word_1_606' title='bbox 2918 3799 2972 3852; x_wconf 91' lang='lat' dir='ltr'><strong>in</strong></span> <span class='ocrx_word' id='word_1_607' title='bbox 3003 3797 3182 3853; x_wconf 86' lang='lat' dir='ltr'><strong>scelus</strong></span> <span class='ocrx_word' id='word_1_608' title='bbox 3206 3797 3401 3863; x_wconf 83' lang='lat' dir='ltr'><strong>ruerit,</strong></span> <span class='ocrx_word' id='word_1_609' title='bbox 3417 3806 3471 3852; x_wconf 90' lang='lat' dir='ltr'><strong>et</strong></span> <span class='ocrx_word' id='word_1_610' title='bbox 3499 3811 3627 3868; x_wconf 79' lang='lat' dir='ltr'><strong>cap-</strong></span> 
     </span>
    </p>
   </div>
   <div class='ocr_carea' id='block_1_84' title="bbox 2052 3888 3626 3946">
    <p class='ocr_par' dir='ltr' id='par_1_84' title="bbox 2052 3888 3626 3946">
     <span class='ocr_line' id='line_1_84' title="bbox 2052 3888 3626 3946; baseline -0.001 -1"><span class='ocrx_word' id='word_1_611' title='bbox 2052 3891 2280 3946; x_wconf 86' lang='lat' dir='ltr'><strong>tivitatis</strong></span> <span class='ocrx_word' id='word_1_612' title='bbox 2314 3889 2532 3946; x_wconf 90' lang='lat' dir='ltr'><strong>modum</strong></span> <span class='ocrx_word' id='word_1_613' title='bbox 2557 3889 2712 3945; x_wconf 88' lang='lat' dir='ltr'><strong>nobis</strong></span> <span class='ocrx_word' id='word_1_614' title='bbox 2773 3888 3069 3945; x_wconf 82' lang='lat' dir='ltr'><strong>declarant.</strong></span> <span class='ocrx_word' id='word_1_615' title='bbox 3101 3890 3188 3942; x_wconf 77' lang='lat' dir='ltr'><strong>Ait</strong></span> <span class='ocrx_word' id='word_1_616' title='bbox 3230 3890 3373 3943; x_wconf 89' lang='lat' dir='ltr'><strong>enim</strong></span> <span class='ocrx_word' id='word_1_617' title='bbox 3399 3905 3415 3944; x_wconf 92' lang='lat'><strong>:</strong></span> <span class='ocrx_word' id='word_1_618' title='bbox 3445 3906 3465 3941; x_wconf 85' lang='grc' dir='ltr'><strong>ι</strong></span> <span class='ocrx_word' id='word_1_619' title='bbox 3490 3888 3626 3944; x_wconf 80' lang='lat' dir='ltr'><strong>Ecce</strong></span> 
     </span>
    </p>
   </div>
   <div class='ocr_carea' id='block_1_85' title="bbox 2051 3980 3626 4053">
    <p class='ocr_par' dir='ltr' id='par_1_85' title="bbox 2051 3980 3626 4053">
     <span class='ocr_line' id='line_1_85' title="bbox 2051 3980 3626 4053; baseline -0.003 -15"><span class='ocrx_word' id='word_1_620' title='bbox 2051 3982 2168 4038; x_wconf 86' lang='lat' dir='ltr'><strong>dies</strong></span> <span class='ocrx_word' id='word_1_621' title='bbox 2192 3983 2426 4047; x_wconf 86' lang='lat' dir='ltr'><strong>Domini,</strong></span> <span class='ocrx_word' id='word_1_622' title='bbox 2457 4002 2476 4035; x_wconf 75' lang='grc' dir='ltr'><strong>ι</strong></span> <span class='ocrx_word' id='word_1_623' title='bbox 2516 3985 2618 4038; x_wconf 86' lang='lat' dir='ltr'><strong>hoc</strong></span> <span class='ocrx_word' id='word_1_624' title='bbox 2643 3990 2748 4045; x_wconf 87' lang='lat' dir='ltr'><strong>est,</strong></span> <span class='ocrx_word' id='word_1_625' title='bbox 2778 3998 2916 4053; x_wconf 87' lang='lat' dir='ltr'><strong>quos</strong></span> <span class='ocrx_word' id='word_1_626' title='bbox 2945 3982 3032 4036; x_wconf 88' lang='lat' dir='ltr'><strong>ille</strong></span> <span class='ocrx_word' id='word_1_627' title='bbox 3054 3995 3205 4050; x_wconf 74' lang='lat' dir='ltr'><strong>aequa</strong></span> <span class='ocrx_word' id='word_1_628' title='bbox 3257 3980 3526 4037; x_wconf 83' lang='lat' dir='ltr'><strong>sententia</strong></span> <span class='ocrx_word' id='word_1_629' title='bbox 3569 3994 3626 4036; x_wconf 86' lang='lat' dir='ltr'><strong>et</strong></span> 
     </span>
    </p>
   </div>
   <div class='ocr_carea' id='block_1_86' title="bbox 2044 4071 3628 4144">
    <p class='ocr_par' dir='ltr' id='par_1_86' title="bbox 2044 4071 3628 4144">
     <span class='ocr_line' id='line_1_86' title="bbox 2044 4071 3628 4144; baseline -0.003 -15"><span class='ocrx_word' id='word_1_630' title='bbox 2044 4075 2193 4144; x_wconf 84' lang='lat' dir='ltr'><strong>justo</strong></span> <span class='ocrx_word' id='word_1_631' title='bbox 2222 4075 2428 4142; x_wconf 88' lang='lat' dir='ltr'><strong>judicio</strong></span> <span class='ocrx_word' id='word_1_632' title='bbox 2462 4074 2686 4130; x_wconf 85' lang='lat' dir='ltr'><strong>inducit.</strong></span> <span class='ocrx_word' id='word_1_633' title='bbox 2725 4074 2920 4128; x_wconf 77' lang='lat' dir='ltr'><strong>Verum</strong></span> <span class='ocrx_word' id='word_1_634' title='bbox 2969 4080 3052 4128; x_wconf 85' lang='lat' dir='ltr'><strong>est</strong></span> <span class='ocrx_word' id='word_1_635' title='bbox 3105 4086 3338 4141; x_wconf 82' lang='lat' dir='ltr'><strong>namque</strong></span> <span class='ocrx_word' id='word_1_636' title='bbox 3395 4071 3537 4140; x_wconf 89' lang='lat' dir='ltr'><strong>quod</strong></span> <span class='ocrx_word' id='word_1_637' title='bbox 3570 4084 3628 4125; x_wconf 86' lang='lat' dir='ltr'><strong>et</strong></span> 
     </span>
    </p>
   </div>
   <div class='ocr_carea' id='block_1_87' title="bbox 2052 4163 3623 4239">
    <p class='ocr_par' dir='ltr' id='par_1_87' title="bbox 2052 4163 3623 4239">
     <span class='ocr_line' id='line_1_87' title="bbox 2052 4163 3623 4239; baseline -0.002 -18"><span class='ocrx_word' id='word_1_638' title='bbox 2052 4183 2148 4239; x_wconf 85' lang='lat' dir='ltr'><strong>per</strong></span> <span class='ocrx_word' id='word_1_639' title='bbox 2185 4167 2348 4221; x_wconf 89' lang='lat' dir='ltr'><strong>alium</strong></span> <span class='ocrx_word' id='word_1_640' title='bbox 2402 4168 2723 4235; x_wconf 83' lang='lat' dir='ltr'><strong>prophetam</strong></span> <span class='ocrx_word' id='word_1_641' title='bbox 2746 4166 2925 4220; x_wconf 84' lang='lat' dir='ltr'><strong>dicit:</strong></span> <span class='ocrx_word' id='word_1_642' title='bbox 2983 4181 3002 4215; x_wconf 86' lang='grc' dir='ltr'><strong>ι</strong></span> <span class='ocrx_word' id='word_1_643' title='bbox 3036 4163 3151 4219; x_wconf 78' lang='lat' dir='ltr'><strong>Non</strong></span> <span class='ocrx_word' id='word_1_644' title='bbox 3192 4173 3278 4219; x_wconf 88' lang='lat' dir='ltr'><strong>est</strong></span> <span class='ocrx_word' id='word_1_645' title='bbox 3320 4163 3519 4218; x_wconf 85' lang='lat' dir='ltr'><strong>malum</strong></span> <span class='ocrx_word' id='word_1_646' title='bbox 3569 4165 3623 4219; x_wconf 92' lang='lat' dir='ltr'><strong>in</strong></span> 
     </span>
    </p>
   </div>
   <div class='ocr_carea' id='block_1_88' title="bbox 2053 4253 3622 4326">
    <p class='ocr_par' dir='ltr' id='par_1_88' title="bbox 2053 4253 3622 4326">
     <span class='ocr_line' id='line_1_88' title="bbox 2053 4253 3622 4326; baseline -0.003 -14"><span class='ocrx_word' id='word_1_647' title='bbox 2053 4258 2293 4324; x_wconf 80' lang='lat' dir='ltr'><strong>civitate,</strong></span> <span class='ocrx_word' id='word_1_648' title='bbox 2327 4259 2470 4326; x_wconf 88' lang='lat' dir='ltr'><strong>quod</strong></span> <span class='ocrx_word' id='word_1_649' title='bbox 2498 4258 2757 4313; x_wconf 79' lang='lat' dir='ltr'><strong>Duutinus</strong></span> <span class='ocrx_word' id='word_1_650' title='bbox 2781 4272 2885 4312; x_wconf 91' lang='lat' dir='ltr'><strong>non</strong></span> <span class='ocrx_word' id='word_1_651' title='bbox 2920 4254 3147 4311; x_wconf 75' lang='lat' dir='ltr'><strong>fecit“.</strong></span> <span class='ocrx_word' id='word_1_652' title='bbox 3203 4275 3224 4310; x_wconf 76' lang='grc' dir='ltr'><strong>ι</strong></span> <span class='ocrx_word' id='word_1_653' title='bbox 3277 4253 3423 4311; x_wconf 80' lang='lat' dir='ltr'><strong>Nihil</strong></span> <span class='ocrx_word' id='word_1_654' title='bbox 3475 4254 3622 4310; x_wconf 90' lang='lat' dir='ltr'><strong>enim</strong></span> 
     </span>
    </p>
   </div>
   <div class='ocr_carea' id='block_1_89' title="bbox 2052 4348 3625 4419">
    <p class='ocr_par' dir='ltr' id='par_1_89' title="bbox 2052 4348 3625 4419">
     <span class='ocr_line' id='line_1_89' title="bbox 2052 4348 3625 4419; baseline -0.002 -15"><span class='ocrx_word' id='word_1_655' title='bbox 2052 4358 2246 4404; x_wconf 80' lang='lat' dir='ltr'><strong>estex</strong></span> <span class='ocrx_word' id='word_1_656' title='bbox 2296 4349 2387 4414; x_wconf 87' lang='lat' dir='ltr'><strong>iis,</strong></span> <span class='ocrx_word' id='word_1_657' title='bbox 2433 4364 2554 4418; x_wconf 70' lang='lat' dir='ltr'><strong>qua:</strong></span> <span class='ocrx_word' id='word_1_658' title='bbox 2607 4350 2917 4403; x_wconf 83' lang='lat' dir='ltr'><strong>universam</strong></span> <span class='ocrx_word' id='word_1_659' title='bbox 3000 4349 3272 4403; x_wconf 87' lang='lat' dir='ltr'><strong>civitatem</strong></span> <span class='ocrx_word' id='word_1_660' title='bbox 3347 4348 3625 4419; x_wconf 74' lang='lat' dir='ltr'><strong>exagitare</strong></span> 
     </span>
    </p>
   </div>
   <div class='ocr_carea' id='block_1_90' title="bbox 2055 4439 3625 4511">
    <p class='ocr_par' dir='ltr' id='par_1_90' title="bbox 2055 4439 3625 4511">
     <span class='ocr_line' id='line_1_90' title="bbox 2055 4439 3625 4511; baseline 0 -17"><span class='ocrx_word' id='word_1_661' title='bbox 2055 4452 2276 4511; x_wconf 88' lang='lat' dir='ltr'><strong>queam,</strong></span> <span class='ocrx_word' id='word_1_662' title='bbox 2305 4441 2448 4509; x_wconf 88' lang='lat' dir='ltr'><strong>quod</strong></span> <span class='ocrx_word' id='word_1_663' title='bbox 2476 4455 2580 4493; x_wconf 90' lang='lat' dir='ltr'><strong>non</strong></span> <span class='ocrx_word' id='word_1_664' title='bbox 2612 4440 2769 4493; x_wconf 84' lang='lat' dir='ltr'><strong>liceat</strong></span> <span class='ocrx_word' id='word_1_665' title='bbox 2799 4439 2999 4503; x_wconf 88' lang='lat' dir='ltr'><strong>dicere,</strong></span> <span class='ocrx_word' id='word_1_666' title='bbox 3057 4439 3147 4493; x_wconf 90' lang='lat' dir='ltr'><strong>illo</strong></span> <span class='ocrx_word' id='word_1_667' title='bbox 3169 4440 3510 4505; x_wconf 87' lang='lat' dir='ltr'><strong>immittente,</strong></span> <span class='ocrx_word' id='word_1_668' title='bbox 3569 4452 3625 4494; x_wconf 86' lang='lat' dir='ltr'><strong>et</strong></span> 
     </span>
    </p>
   </div>
   <div class='ocr_carea' id='block_1_91' title="bbox 2053 4529 3622 4600">
    <p class='ocr_par' dir='ltr' id='par_1_91' title="bbox 2053 4529 3622 4600">
     <span class='ocr_line' id='line_1_91' title="bbox 2053 4529 3622 4600; baseline -0.002 -13"><span class='ocrx_word' id='word_1_669' title='bbox 2053 4533 2377 4600; x_wconf 88' lang='lat' dir='ltr'><strong>impotenter</strong></span> <span class='ocrx_word' id='word_1_670' title='bbox 2410 4532 2461 4585; x_wconf 93' lang='lat' dir='ltr'><strong>in</strong></span> <span class='ocrx_word' id='word_1_671' title='bbox 2490 4530 2697 4586; x_wconf 86' lang='lat' dir='ltr'><strong>scelera</strong></span> <span class='ocrx_word' id='word_1_672' title='bbox 2731 4530 3135 4599; x_wconf 65' lang='lat' dir='ltr'><strong>praecipitantes</strong></span> <span class='ocrx_word' id='word_1_673' title='bbox 3162 4531 3335 4598; x_wconf 64' lang='lat' dir='ltr'><strong>poenis</strong></span> <span class='ocrx_word' id='word_1_674' title='bbox 3389 4529 3622 4584; x_wconf 80' lang='lat' dir='ltr'><strong>multare</strong></span> 
     </span>
    </p>
   </div>
   <div class='ocr_carea' id='block_1_92' title="bbox 363 4616 1961 4720">
    <p class='ocr_par' dir='ltr' id='par_1_92' title="bbox 363 4616 1949 4698">
     <span class='ocr_line' id='line_1_92' title="bbox 363 4616 1949 4698; baseline 0.006 -28"><span class='ocrx_word' id='word_1_675' title='bbox 363 4616 444 4688; x_wconf 77' lang='grc' dir='ltr'>μὴ</span> <span class='ocrx_word' id='word_1_676' title='bbox 471 4618 807 4690; x_wconf 77' lang='grc' dir='ltr'>πράττεσθαί</span> <span class='ocrx_word' id='word_1_677' title='bbox 830 4637 1010 4689; x_wconf 81' lang='grc' dir='ltr'>φαμεν</span> <span class='ocrx_word' id='word_1_678' title='bbox 1032 4621 1273 4690; x_wconf 73' lang='grc' dir='ltr'>ἐφιέντος</span> <span class='ocrx_word' id='word_1_679' title='bbox 1294 4622 1484 4690; x_wconf 80' lang='grc' dir='ltr'>αὑτοῦ,</span> <span class='ocrx_word' id='word_1_680' title='bbox 1507 4624 1602 4678; x_wconf 71' lang='grc' dir='ltr'><strong>καὶ</strong></span> <span class='ocrx_word' id='word_1_681' title='bbox 1629 4624 1949 4698; x_wconf 84' lang='grc' dir='ltr'>πλημμελη-</span> 
     </span>
    </p>
   </div>
   <div class='ocr_carea' id='block_1_93' title="bbox 2051 4616 3626 4720">
    <p class='ocr_par' dir='ltr' id='par_1_93' title="bbox 2054 4620 3626 4690">
     <span class='ocr_line' id='line_1_93' title="bbox 2054 4620 3626 4690; baseline -0.001 -12"><span class='ocrx_word' id='word_1_682' title='bbox 2054 4624 2288 4687; x_wconf 82' lang='lat' dir='ltr'><strong>volente,</strong></span> <span class='ocrx_word' id='word_1_683' title='bbox 2316 4622 2431 4676; x_wconf 80' lang='lat' dir='ltr'><strong>ﬁeri</strong></span> <span class='ocrx_word' id='word_1_684' title='bbox 2482 4635 2547 4675; x_wconf 88' lang='lat' dir='ltr'><strong>ac</strong></span> <span class='ocrx_word' id='word_1_685' title='bbox 2592 4623 2914 4690; x_wconf 85' lang='lat' dir='ltr'><strong>perpetrari.</strong></span> <span class='ocrx_word' id='word_1_686' title='bbox 2949 4620 3311 4688; x_wconf 86' lang='lat' dir='ltr'><strong>Quamobrem</strong></span> <span class='ocrx_word' id='word_1_687' title='bbox 3364 4621 3507 4677; x_wconf 87' lang='lat' dir='ltr'><strong>illius</strong></span> <span class='ocrx_word' id='word_1_688' title='bbox 3549 4624 3626 4677; x_wconf 84' lang='lat' dir='ltr'><strong>ait</strong></span> 
     </span>
    </p>
   </div>
   <div class='ocr_carea' id='block_1_94' title="bbox 364 4712 1947 4791">
    <p class='ocr_par' dir='ltr' id='par_1_94' title="bbox 364 4712 1947 4791">
     <span class='ocr_line' id='line_1_94' title="bbox 364 4712 1947 4791; baseline 0.006 -28"><span class='ocrx_word' id='word_1_689' title='bbox 364 4712 554 4783; x_wconf 82' lang='grc' dir='ltr'>μάτων</span> <span class='ocrx_word' id='word_1_690' title='bbox 585 4712 740 4777; x_wconf 85' lang='grc' dir='ltr'>δίκας</span> <span class='ocrx_word' id='word_1_691' title='bbox 766 4712 1001 4778; x_wconf 73' lang='grc' dir='ltr'>ἐξαιτεῖν</span> <span class='ocrx_word' id='word_1_692' title='bbox 1020 4712 1299 4780; x_wconf 84' lang='grc' dir='ltr'>ἐθέλοντος</span> <span class='ocrx_word' id='word_1_693' title='bbox 1320 4717 1449 4780; x_wconf 83' lang='grc' dir='ltr'>τοὺς</span> <span class='ocrx_word' id='word_1_694' title='bbox 1478 4718 1729 4789; x_wconf 83' lang='grc' dir='ltr'>ἀσχέτοις</span> <span class='ocrx_word' id='word_1_695' title='bbox 1747 4719 1947 4791; x_wconf 72' lang='grc' dir='ltr'>ὁρμαῖς</span> 
     </span>
    </p>
   </div>
   <div class='ocr_carea' id='block_1_95' title="bbox 362 4802 1946 4880">
    <p class='ocr_par' dir='ltr' id='par_1_95' title="bbox 362 4802 1946 4880">
     <span class='ocr_line' id='line_1_95' title="bbox 362 4802 1946 4880; baseline 0.005 -25"><span class='ocrx_word' id='word_1_696' title='bbox 362 4803 459 4856; x_wconf 77' lang='grc' dir='ltr'>ἐπὶ</span> <span class='ocrx_word' id='word_1_697' title='bbox 492 4802 563 4856; x_wconf 74' lang='grc' dir='ltr'>τὰ</span> <span class='ocrx_word' id='word_1_698' title='bbox 588 4802 765 4871; x_wconf 81' lang='grc' dir='ltr'>φαῦλα</span> <span class='ocrx_word' id='word_1_699' title='bbox 796 4804 1132 4878; x_wconf 81' lang='grc' dir='ltr'>διᾴττοντας.</span> <span class='ocrx_word' id='word_1_700' title='bbox 1163 4807 1375 4861; x_wconf 81' lang='grc' dir='ltr'>Οὐκοῦν</span> <span class='ocrx_word' id='word_1_701' title='bbox 1407 4807 1575 4862; x_wconf 79' lang='grc' dir='ltr'>αὐτοῦ</span> <span class='ocrx_word' id='word_1_702' title='bbox 1615 4826 1781 4880; x_wconf 81' lang='grc' dir='ltr'>φησιν</span> <span class='ocrx_word' id='word_1_703' title='bbox 1808 4805 1946 4863; x_wconf 81' lang='grc' dir='ltr'>εἶναι</span> 
     </span>
    </p>
   </div>
   <div class='ocr_carea' id='block_1_96' title="bbox 360 4893 1944 4972">
    <p class='ocr_par' dir='ltr' id='par_1_96' title="bbox 360 4893 1944 4972">
     <span class='ocr_line' id='line_1_96' title="bbox 360 4893 1944 4972; baseline 0.006 -27"><span class='ocrx_word' id='word_1_704' title='bbox 360 4893 464 4956; x_wconf 73' lang='grc' dir='ltr'>τὰς</span> <span class='ocrx_word' id='word_1_705' title='bbox 491 4894 727 4965; x_wconf 76' lang='grc' dir='ltr'>ἡμέρας,</span> <span class='ocrx_word' id='word_1_706' title='bbox 760 4894 847 4950; x_wconf 81' lang='grc' dir='ltr'>διὰ</span> <span class='ocrx_word' id='word_1_707' title='bbox 873 4896 936 4950; x_wconf 83' lang='grc' dir='ltr'>τὸ</span> <span class='ocrx_word' id='word_1_708' title='bbox 966 4898 1391 4968; x_wconf 73' lang='grc' dir='ltr'>ἐπαγγέλλεσθαι</span> <span class='ocrx_word' id='word_1_709' title='bbox 1417 4900 1537 4954; x_wconf 76' lang='grc' dir='ltr'>κατ’</span> <span class='ocrx_word' id='word_1_710' title='bbox 1561 4901 1729 4972; x_wconf 80' lang='grc' dir='ltr'>ὀργὴν</span> <span class='ocrx_word' id='word_1_711' title='bbox 1759 4901 1944 4955; x_wconf 81' lang='grc' dir='ltr'>αὐτοῦ.</span> 
     </span>
    </p>
   </div>
   <div class='ocr_carea' id='block_1_97' title="bbox 363 4989 1944 5062">
    <p class='ocr_par' dir='ltr' id='par_1_97' title="bbox 363 4989 1944 5062">
     <span class='ocr_line' id='line_1_97' title="bbox 363 4989 1944 5062; baseline 0.003 -21"><span class='ocrx_word' id='word_1_712' title='bbox 363 4989 809 5058; x_wconf 79' lang='grc' dir='ltr'>Πεπαρῳνήκασι</span> <span class='ocrx_word' id='word_1_713' title='bbox 853 4989 963 5061; x_wconf 79' lang='grc' dir='ltr'>γὰρ</span> <span class='ocrx_word' id='word_1_714' title='bbox 1015 4991 1268 5062; x_wconf 80' lang='grc' dir='ltr'>φορητῶς</span> <span class='ocrx_word' id='word_1_715' title='bbox 1316 4993 1535 5055; x_wconf 76' lang='grc' dir='ltr'>οὐκέτι,</span> <span class='ocrx_word' id='word_1_716' title='bbox 1584 4994 1944 5058; x_wconf 80' lang='grc' dir='ltr'>ἀπεκτονότες</span> 
     </span>
    </p>
   </div>
   <div class='ocr_carea' id='block_1_98' title="bbox 366 5077 1948 5152">
    <p class='ocr_par' dir='ltr' id='par_1_98' title="bbox 366 5077 1948 5152">
     <span class='ocr_line' id='line_1_98' title="bbox 366 5077 1948 5152; baseline 0.004 -23"><span class='ocrx_word' id='word_1_717' title='bbox 366 5078 469 5146; x_wconf 81' lang='grc' dir='ltr'><strong>μὲν</strong></span> <span class='ocrx_word' id='word_1_718' title='bbox 499 5077 628 5141; x_wconf 84' lang='grc' dir='ltr'>τοὺς</span> <span class='ocrx_word' id='word_1_719' title='bbox 671 5080 975 5150; x_wconf 73' lang='grc' dir='ltr'>προφήτας,</span> <span class='ocrx_word' id='word_1_720' title='bbox 1017 5081 1346 5152; x_wconf 84' lang='grc' dir='ltr'>προσθέντες</span> <span class='ocrx_word' id='word_1_721' title='bbox 1374 5081 1431 5135; x_wconf 80' lang='grc' dir='ltr'><strong>δέ</strong></span> <span class='ocrx_word' id='word_1_722' title='bbox 1463 5080 1672 5145; x_wconf 78' lang='grc' dir='ltr'>τούτοις</span> <span class='ocrx_word' id='word_1_723' title='bbox 1719 5082 1815 5135; x_wconf 72' lang='grc' dir='ltr'>καὶ</span> <span class='ocrx_word' id='word_1_724' title='bbox 1858 5081 1948 5136; x_wconf 77' lang='grc' dir='ltr'><strong>τὸν</strong></span> 
     </span>
    </p>
   </div>
   <div class='ocr_carea' id='block_1_99' title="bbox 368 5168 1945 5243">
    <p class='ocr_par' dir='ltr' id='par_1_99' title="bbox 368 5168 1945 5243">
     <span class='ocr_line' id='line_1_99' title="bbox 368 5168 1945 5243; baseline 0.004 -23"><span class='ocrx_word' id='word_1_725' title='bbox 368 5168 518 5221; x_wconf 81' lang='grc' dir='ltr'>Υἱόν.</span> <span class='ocrx_word' id='word_1_726' title='bbox 550 5168 696 5222; x_wconf 87' lang='grc' dir='ltr'><strong>Τίδέ</strong></span> <span class='ocrx_word' id='word_1_727' title='bbox 741 5172 804 5222; x_wconf 78' lang='grc' dir='ltr'><strong>τὸ</strong></span> <span class='ocrx_word' id='word_1_728' title='bbox 834 5170 1089 5242; x_wconf 85' lang='grc' dir='ltr'>ἐσόμενον</span> <span class='ocrx_word' id='word_1_729' title='bbox 1130 5174 1188 5225; x_wconf 86' lang='grc' dir='ltr'><strong>ἐν</strong></span> <span class='ocrx_word' id='word_1_730' title='bbox 1240 5175 1360 5236; x_wconf 87' lang='grc' dir='ltr'>ταῖς</span> <span class='ocrx_word' id='word_1_731' title='bbox 1411 5174 1644 5243; x_wconf 77' lang='grc' dir='ltr'>ἡμέραις</span> <span class='ocrx_word' id='word_1_732' title='bbox 1687 5174 1945 5239; x_wconf 82' lang='grc' dir='ltr'>ἐκείναις,</span> 
     </span>
    </p>
   </div>
   <div class='ocr_carea' id='block_1_100' title="bbox 366 5259 1947 5333">
    <p class='ocr_par' dir='ltr' id='par_1_100' title="bbox 366 5259 1947 5333">
     <span class='ocr_line' id='line_1_100' title="bbox 366 5259 1947 5333; baseline 0.004 -21"><span class='ocrx_word' id='word_1_733' title='bbox 366 5259 654 5329; x_wconf 76' lang='grc' dir='ltr'>σαφηνίζει</span> <span class='ocrx_word' id='word_1_734' title='bbox 683 5261 859 5329; x_wconf 84' lang='grc' dir='ltr'>λέγων</span> <span class='ocrx_word' id='word_1_735' title='bbox 877 5278 891 5291; x_wconf 78' lang='grc'><em>“</em></span> <span class='ocrx_word' id='word_1_736' title='bbox 924 5280 944 5314; x_wconf 85' lang='grc' dir='ltr'><strong>ι</strong></span> <span class='ocrx_word' id='word_1_737' title='bbox 973 5263 1085 5317; x_wconf 75' lang='grc' dir='ltr'><strong>Καὶ</strong></span> <span class='ocrx_word' id='word_1_738' title='bbox 1111 5263 1521 5333; x_wconf 79' lang='grc' dir='ltr'>διαμεριοῦνται</span> <span class='ocrx_word' id='word_1_739' title='bbox 1548 5265 1616 5317; x_wconf 79' lang='grc' dir='ltr'>τὰ</span> <span class='ocrx_word' id='word_1_740' title='bbox 1650 5264 1825 5318; x_wconf 67' lang='grc' dir='ltr'>σκῦλα</span> <span class='ocrx_word' id='word_1_741' title='bbox 1853 5281 1947 5318; x_wconf 89' lang='grc' dir='ltr'><strong>σου</strong></span> 
     </span>
    </p>
   </div>
   <div class='ocr_carea' id='block_1_101' title="bbox 364 5352 1953 5427">
    <p class='ocr_par' dir='ltr' id='par_1_101' title="bbox 364 5352 1953 5427">
     <span class='ocr_line' id='line_1_101' title="bbox 364 5352 1953 5427; baseline 0.001 -21"><span class='ocrx_word' id='word_1_742' title='bbox 364 5355 425 5406; x_wconf 80' lang='grc' dir='ltr'>ὲν</span> <span class='ocrx_word' id='word_1_743' title='bbox 457 5352 537 5404; x_wconf 75' lang='grc' dir='ltr'>σοὶ</span> <span class='ocrx_word' id='word_1_744' title='bbox 570 5354 587 5419; x_wconf 96' lang='grc'><strong>(</strong></span> <span class='ocrx_word' id='word_1_745' title='bbox 610 5353 1062 5425; x_wconf 81' lang='grc' dir='ltr'>συναγηγερμένα</span> <span class='ocrx_word' id='word_1_746' title='bbox 1090 5354 1330 5426; x_wconf 75' lang='grc' dir='ltr'>δηλονότι</span> <span class='ocrx_word' id='word_1_747' title='bbox 1359 5356 1532 5408; x_wconf 82' lang='grc' dir='ltr'>πάντα</span> <span class='ocrx_word' id='word_1_748' title='bbox 1562 5357 1628 5409; x_wconf 78' lang='grc' dir='ltr'>τὰ</span> <span class='ocrx_word' id='word_1_749' title='bbox 1662 5356 1786 5427; x_wconf 76' lang='grc' dir='ltr'>ἔθνη</span> <span class='ocrx_word' id='word_1_750' title='bbox 1811 5361 1826 5422; x_wconf 82' lang='grc'>)</span> <span class='ocrx_word' id='word_1_751' title='bbox 1856 5356 1953 5410; x_wconf 74' lang='grc' dir='ltr'>καὶ</span> 
     </span>
    </p>
   </div>
   <div class='ocr_carea' id='block_1_102' title="bbox 364 5442 1949 5518">
    <p class='ocr_par' dir='ltr' id='par_1_102' title="bbox 364 5442 1949 5518">
     <span class='ocr_line' id='line_1_102' title="bbox 364 5442 1949 5518; baseline 0.003 -22"><span class='ocrx_word' id='word_1_752' title='bbox 364 5442 758 5513; x_wconf 74' lang='grc' dir='ltr'>διαρπάξονται</span> <span class='ocrx_word' id='word_1_753' title='bbox 810 5445 908 5514; x_wconf 87' lang='grc' dir='ltr'><strong>μὲν</strong></span> <span class='ocrx_word' id='word_1_754' title='bbox 953 5446 1164 5511; x_wconf 82' lang='grc' dir='ltr'>οἰκίας,</span> <span class='ocrx_word' id='word_1_755' title='bbox 1214 5445 1410 5516; x_wconf 78' lang='grc' dir='ltr'>γύναια</span> <span class='ocrx_word' id='word_1_756' title='bbox 1465 5447 1521 5501; x_wconf 81' lang='grc' dir='ltr'>δὲ</span> <span class='ocrx_word' id='word_1_757' title='bbox 1573 5448 1949 5518; x_wconf 78' lang='grc' dir='ltr'>περιέλκοντες</span> 
     </span>
    </p>
   </div>
   <div class='ocr_carea' id='block_1_103' title="bbox 364 5532 1952 5610">
    <p class='ocr_par' dir='ltr' id='par_1_103' title="bbox 364 5532 1952 5610">
     <span class='ocr_line' id='line_1_103' title="bbox 364 5532 1952 5610; baseline 0.002 -23"><span class='ocrx_word' id='word_1_758' title='bbox 364 5532 586 5599; x_wconf 68' lang='grc' dir='ltr'>νηπίοις</span> <span class='ocrx_word' id='word_1_759' title='bbox 614 5534 769 5605; x_wconf 78' lang='grc' dir='ltr'>ὁμοῦ.</span> <span class='ocrx_word' id='word_1_760' title='bbox 805 5535 938 5590; x_wconf 84' lang='grc' dir='ltr'>Τότε</span> <span class='ocrx_word' id='word_1_761' title='bbox 967 5536 1095 5608; x_wconf 83' lang='grc' dir='ltr'>γὰρ,</span> <span class='ocrx_word' id='word_1_762' title='bbox 1124 5538 1276 5609; x_wconf 67' lang='grc' dir='ltr'>φησι,</span> <span class='ocrx_word' id='word_1_763' title='bbox 1306 5539 1369 5591; x_wconf 81' lang='grc' dir='ltr'>τὸ</span> <span class='ocrx_word' id='word_1_764' title='bbox 1394 5539 1567 5610; x_wconf 69' lang='grc' dir='ltr'>ἥμισυ</span> <span class='ocrx_word' id='word_1_765' title='bbox 1601 5539 1703 5607; x_wconf 80' lang='grc' dir='ltr'>τῆς</span> <span class='ocrx_word' id='word_1_766' title='bbox 1747 5538 1952 5601; x_wconf 83' lang='grc' dir='ltr'>πόλεως</span> 
     </span>
    </p>
   </div>
   <div class='ocr_carea' id='block_1_104' title="bbox 436 5701 1849 5782">
    <p class='ocr_par' dir='ltr' id='par_1_104' title="bbox 436 5701 1849 5782">
     <span class='ocr_line' id='line_1_104' title="bbox 436 5701 1849 5782; baseline 0.004 -23"><span class='ocrx_word' id='word_1_767' title='bbox 436 5705 483 5738; x_wconf 69' lang='grc'><strong>³⁵</strong></span> <span class='ocrx_word' id='word_1_768' title='bbox 521 5709 538 5760; x_wconf 88' lang='grc' dir='ltr'><strong>ι</strong></span> <span class='ocrx_word' id='word_1_769' title='bbox 571 5707 714 5764; x_wconf 85' lang='lat' dir='ltr'><strong>Pctr.</strong></span> <span class='ocrx_word' id='word_1_770' title='bbox 749 5724 809 5774; x_wconf 80' lang='lat' dir='ltr'><strong>ll,</strong></span> <span class='ocrx_word' id='word_1_771' title='bbox 846 5709 897 5764; x_wconf 81' lang='lat'><strong>9.</strong></span> <span class='ocrx_word' id='word_1_772' title='bbox 978 5710 1019 5741; x_wconf 81' lang='grc'><strong>³⁷</strong></span> <span class='ocrx_word' id='word_1_773' title='bbox 1056 5709 1192 5768; x_wconf 85' lang='lat' dir='ltr'><strong>Osee</strong></span> <span class='ocrx_word' id='word_1_774' title='bbox 1219 5727 1278 5778; x_wconf 79' lang='grc' dir='ltr'><strong>ιι,</strong></span> <span class='ocrx_word' id='word_1_775' title='bbox 1310 5711 1397 5766; x_wconf 73' lang='lat' dir='ltr'><strong>2i.</strong></span> <span class='ocrx_word' id='word_1_776' title='bbox 1476 5711 1518 5744; x_wconf 84' lang='grc'><strong>³⁸</strong></span> <span class='ocrx_word' id='word_1_777' title='bbox 1554 5701 1652 5767; x_wconf 79' lang='lat' dir='ltr'><strong>lsa.</strong></span> <span class='ocrx_word' id='word_1_778' title='bbox 1693 5728 1728 5782; x_wconf 83' lang='lat' dir='ltr'><strong>t,</strong></span> <span class='ocrx_word' id='word_1_779' title='bbox 1765 5712 1849 5767; x_wconf 77' lang='grc'><strong>15.</strong></span> 
     </span>
    </p>
   </div>
   <div class='ocr_carea' id='block_1_105' title="bbox 1931 5711 2477 5777">
    <p class='ocr_par' dir='ltr' id='par_1_105' title="bbox 1931 5711 2477 5777">
     <span class='ocr_line' id='line_1_105' title="bbox 1931 5711 2477 5777; baseline 0.002 -12"><span class='ocrx_word' id='word_1_780' title='bbox 1931 5712 1976 5744; x_wconf 79' lang='grc'><strong>⁸⁸</strong></span> <span class='ocrx_word' id='word_1_781' title='bbox 2011 5711 2237 5768; x_wconf 66' lang='lat' dir='ltr'><strong>Malaclt.</strong></span> <span class='ocrx_word' id='word_1_782' title='bbox 2275 5727 2386 5777; x_wconf 77' lang='lat' dir='ltr'><strong>xm,</strong></span> <span class='ocrx_word' id='word_1_783' title='bbox 2430 5713 2477 5766; x_wconf 79' lang='lat'><strong>7.</strong></span> 
     </span>
    </p>
   </div>
   <div class='ocr_carea' id='block_1_106' title="bbox 2049 4713 3625 4784">
    <p class='ocr_par' dir='ltr' id='par_1_106' title="bbox 2049 4713 3625 4784">
     <span class='ocr_line' id='line_1_106' title="bbox 2049 4713 3625 4784; baseline 0 -14"><span class='ocrx_word' id='word_1_784' title='bbox 2049 4730 2171 4771; x_wconf 83' lang='lat' dir='ltr'><strong>esse</strong></span> <span class='ocrx_word' id='word_1_785' title='bbox 2197 4715 2336 4780; x_wconf 71' lang='lat' dir='ltr'><strong>dies,</strong></span> <span class='ocrx_word' id='word_1_786' title='bbox 2358 4713 2502 4784; x_wconf 89' lang='lat' dir='ltr'><strong>quod</strong></span> <span class='ocrx_word' id='word_1_787' title='bbox 2524 4727 2588 4768; x_wconf 89' lang='lat' dir='ltr'><strong>ea</strong></span> <span class='ocrx_word' id='word_1_788' title='bbox 2617 4714 3022 4779; x_wconf 81' lang='lat' dir='ltr'><strong>denuntientur,</strong></span> <span class='ocrx_word' id='word_1_789' title='bbox 3041 4727 3162 4783; x_wconf 83' lang='lat' dir='ltr'><strong>quae</strong></span> <span class='ocrx_word' id='word_1_790' title='bbox 3192 4714 3259 4767; x_wconf 90' lang='lat' dir='ltr'><strong>ab</strong></span> <span class='ocrx_word' id='word_1_791' title='bbox 3289 4713 3406 4782; x_wconf 83' lang='lat' dir='ltr'><strong>ejus</strong></span> <span class='ocrx_word' id='word_1_792' title='bbox 3426 4715 3504 4769; x_wconf 86' lang='lat' dir='ltr'><strong>ira</strong></span> <span class='ocrx_word' id='word_1_793' title='bbox 3530 4731 3625 4770; x_wconf 77' lang='lat' dir='ltr'><strong>ex-</strong></span> 
     </span>
    </p>
   </div>
   <div class='ocr_carea' id='block_1_107' title="bbox 2047 4800 3623 4874">
    <p class='ocr_par' dir='ltr' id='par_1_107' title="bbox 2047 4800 3623 4874">
     <span class='ocr_line' id='line_1_107' title="bbox 2047 4800 3623 4874; baseline -0.003 -15"><span class='ocrx_word' id='word_1_794' title='bbox 2047 4804 2341 4874; x_wconf 84' lang='lat' dir='ltr'><strong>spectanda</strong></span> <span class='ocrx_word' id='word_1_795' title='bbox 2360 4803 2489 4858; x_wconf 89' lang='lat' dir='ltr'><strong>sint.</strong></span> <span class='ocrx_word' id='word_1_796' title='bbox 2534 4801 2779 4857; x_wconf 81' lang='lat' dir='ltr'><strong>Fuerunt</strong></span> <span class='ocrx_word' id='word_1_797' title='bbox 2820 4801 2967 4857; x_wconf 87' lang='lat' dir='ltr'><strong>enim</strong></span> <span class='ocrx_word' id='word_1_798' title='bbox 3023 4801 3406 4855; x_wconf 86' lang='lat' dir='ltr'><strong>contumeliosi</strong></span> <span class='ocrx_word' id='word_1_799' title='bbox 3429 4800 3623 4855; x_wconf 83' lang='lat' dir='ltr'><strong>intole-</strong></span> 
     </span>
    </p>
   </div>
   <div class='ocr_carea' id='block_1_108' title="bbox 2052 4880 3623 4965">
    <p class='ocr_par' dir='ltr' id='par_1_108' title="bbox 2052 4880 3623 4965">
     <span class='ocr_line' id='line_1_108' title="bbox 2052 4880 3623 4965; baseline -0.003 -14"><span class='ocrx_word' id='word_1_800' title='bbox 2052 4896 2278 4951; x_wconf 87' lang='lat' dir='ltr'><strong>randum</strong></span> <span class='ocrx_word' id='word_1_801' title='bbox 2359 4898 2411 4950; x_wconf 89' lang='lat' dir='ltr'><strong>in</strong></span> <span class='ocrx_word' id='word_1_802' title='bbox 2464 4898 2707 4959; x_wconf 85' lang='lat' dir='ltr'><strong>modum,</strong></span> <span class='ocrx_word' id='word_1_803' title='bbox 2753 4880 3124 4950; x_wconf 55' lang='lat' dir='ltr'><strong>cum‘occisis</strong></span> <span class='ocrx_word' id='word_1_804' title='bbox 3161 4892 3623 4965; x_wconf 76' lang='lat' dir='ltr'><strong>propltetisctiam</strong></span> 
     </span>
    </p>
   </div>
   <div class='ocr_carea' id='block_1_109' title="bbox 2050 4983 3614 5055">
    <p class='ocr_par' dir='ltr' id='par_1_109' title="bbox 2050 4983 3614 5055">
     <span class='ocr_line' id='line_1_109' title="bbox 2050 4983 3614 5055; baseline -0.004 -13"><span class='ocrx_word' id='word_1_805' title='bbox 2050 4987 2170 5042; x_wconf 86' lang='lat' dir='ltr'><strong>Filii</strong></span> <span class='ocrx_word' id='word_1_806' title='bbox 2204 5002 2388 5042; x_wconf 88' lang='lat' dir='ltr'><strong>necem</strong></span> <span class='ocrx_word' id='word_1_807' title='bbox 2424 4987 2761 5055; x_wconf 85' lang='lat' dir='ltr'><strong>adjecerunt.</strong></span> <span class='ocrx_word' id='word_1_808' title='bbox 2784 4985 2923 5053; x_wconf 86' lang='lat' dir='ltr'><strong>Quid</strong></span> <span class='ocrx_word' id='word_1_809' title='bbox 2953 5001 3117 5055; x_wconf 88' lang='lat' dir='ltr'><strong>porro</strong></span> <span class='ocrx_word' id='word_1_810' title='bbox 3164 4986 3359 5041; x_wconf 85' lang='lat' dir='ltr'><strong>diebus</strong></span> <span class='ocrx_word' id='word_1_811' title='bbox 3396 4986 3497 5040; x_wconf 83' lang='lat' dir='ltr'><strong>illis</strong></span> <span class='ocrx_word' id='word_1_812' title='bbox 3530 4983 3614 5038; x_wconf 81' lang='lat' dir='ltr'><strong>fu-</strong></span> 
     </span>
    </p>
   </div>
   <div class='ocr_carea' id='block_1_110' title="bbox 2055 5076 3621 5147">
    <p class='ocr_par' dir='ltr' id='par_1_110' title="bbox 2055 5076 3621 5147">
     <span class='ocr_line' id='line_1_110' title="bbox 2055 5076 3621 5147; baseline -0.002 -15"><span class='ocrx_word' id='word_1_813' title='bbox 2055 5089 2233 5133; x_wconf 88' lang='lat' dir='ltr'><strong>turum</strong></span> <span class='ocrx_word' id='word_1_814' title='bbox 2271 5080 2359 5140; x_wconf 88' lang='lat' dir='ltr'><strong>sit,</strong></span> <span class='ocrx_word' id='word_1_815' title='bbox 2388 5079 2564 5147; x_wconf 78' lang='lat' dir='ltr'><strong>aperit</strong></span> <span class='ocrx_word' id='word_1_816' title='bbox 2610 5077 2695 5131; x_wconf 85' lang='lat' dir='ltr'><strong>bis</strong></span> <span class='ocrx_word' id='word_1_817' title='bbox 2741 5078 2957 5132; x_wconf 84' lang='lat' dir='ltr'><strong>verbis:</strong></span> <span class='ocrx_word' id='word_1_818' title='bbox 3001 5095 3020 5130; x_wconf 87' lang='grc' dir='ltr'><strong>ι</strong></span> <span class='ocrx_word' id='word_1_819' title='bbox 3054 5077 3120 5132; x_wconf 84' lang='lat' dir='ltr'><strong>Et</strong></span> <span class='ocrx_word' id='word_1_820' title='bbox 3164 5079 3406 5133; x_wconf 87' lang='lat' dir='ltr'><strong>divident</strong></span> <span class='ocrx_word' id='word_1_821' title='bbox 3452 5076 3621 5144; x_wconf 81' lang='lat' dir='ltr'><strong>spolia</strong></span> 
     </span>
    </p>
   </div>
   <div class='ocr_carea' id='block_1_111' title="bbox 2057 5169 3623 5239">
    <p class='ocr_par' dir='ltr' id='par_1_111' title="bbox 2057 5169 3623 5239">
     <span class='ocr_line' id='line_1_111' title="bbox 2057 5169 3623 5239; baseline -0.003 -17"><span class='ocrx_word' id='word_1_822' title='bbox 2057 5178 2146 5224; x_wconf 84' lang='lat' dir='ltr'><strong>tua</strong></span> <span class='ocrx_word' id='word_1_823' title='bbox 2185 5171 2235 5223; x_wconf 90' lang='lat' dir='ltr'><strong>in</strong></span> <span class='ocrx_word' id='word_1_824' title='bbox 2268 5181 2317 5225; x_wconf 86' lang='lat' dir='ltr'><strong>te</strong></span> <span class='ocrx_word' id='word_1_825' title='bbox 2345 5172 2710 5239; x_wconf 76' lang='lat' dir='ltr'><strong>(congregata:</strong></span> <span class='ocrx_word' id='word_1_826' title='bbox 2752 5169 3003 5223; x_wconf 80' lang='lat' dir='ltr'><strong>videlicet</strong></span> <span class='ocrx_word' id='word_1_827' title='bbox 3043 5183 3236 5223; x_wconf 87' lang='lat' dir='ltr'><strong>omnes</strong></span> <span class='ocrx_word' id='word_1_828' title='bbox 3264 5178 3510 5238; x_wconf 58' lang='lat' dir='ltr'><strong>gentem,</strong></span> <span class='ocrx_word' id='word_1_829' title='bbox 3571 5175 3623 5218; x_wconf 91' lang='lat' dir='ltr'><strong>ct</strong></span> 
     </span>
    </p>
   </div>
   <div class='ocr_carea' id='block_1_112' title="bbox 2055 5255 3628 5331">
    <p class='ocr_par' dir='ltr' id='par_1_112' title="bbox 2055 5255 3628 5331">
     <span class='ocr_line' id='line_1_112' title="bbox 2055 5255 3628 5331; baseline -0.005 -15"><span class='ocrx_word' id='word_1_830' title='bbox 2055 5262 2302 5331; x_wconf 74' lang='lat' dir='ltr'><strong>diripiunt</strong></span> <span class='ocrx_word' id='word_1_831' title='bbox 2331 5262 2541 5325; x_wconf 83' lang='lat' dir='ltr'><strong>dumos,</strong></span> <span class='ocrx_word' id='word_1_832' title='bbox 2578 5261 2833 5314; x_wconf 85' lang='lat' dir='ltr'><strong>mulieros</strong></span> <span class='ocrx_word' id='word_1_833' title='bbox 2855 5275 2974 5315; x_wconf 89' lang='lat' dir='ltr'><strong>cum</strong></span> <span class='ocrx_word' id='word_1_834' title='bbox 3007 5258 3303 5313; x_wconf 80' lang='lat' dir='ltr'><strong>infantibus</strong></span> <span class='ocrx_word' id='word_1_835' title='bbox 3362 5255 3628 5309; x_wconf 77' lang='lat' dir='ltr'><strong>violenter</strong></span> 
     </span>
    </p>
   </div>
   <div class='ocr_carea' id='block_1_113' title="bbox 2054 5344 3627 5422">
    <p class='ocr_par' dir='ltr' id='par_1_113' title="bbox 2054 5344 3627 5422">
     <span class='ocr_line' id='line_1_113' title="bbox 2054 5344 3627 5422; baseline -0.01 -17"><span class='ocrx_word' id='word_1_836' title='bbox 2054 5354 2285 5422; x_wconf 82' lang='lat' dir='ltr'><strong>rapicnl.</strong></span> <span class='ocrx_word' id='word_1_837' title='bbox 2320 5352 2491 5416; x_wconf 79' lang='lat' dir='ltr'><strong>&#39;l‘nnc,</strong></span> <span class='ocrx_word' id='word_1_838' title='bbox 2514 5351 2710 5419; x_wconf 79' lang='lat' dir='ltr'><strong>inquit,</strong></span> <span class='ocrx_word' id='word_1_839' title='bbox 2743 5350 2914 5404; x_wconf 80' lang='lat' dir='ltr'><strong>media</strong></span> <span class='ocrx_word' id='word_1_840' title='bbox 2948 5363 3073 5418; x_wconf 89' lang='lat' dir='ltr'><strong>pars</strong></span> <span class='ocrx_word' id='word_1_841' title='bbox 3118 5344 3360 5401; x_wconf 79' lang='lat' dir='ltr'><strong>civitatis</strong></span> <span class='ocrx_word' id='word_1_842' title='bbox 3381 5346 3627 5412; x_wconf 67' lang='lat' dir='ltr'><strong>egredie-</strong></span> 
     </span>
    </p>
   </div>
   <div class='ocr_carea' id='block_1_114' title="bbox 2056 5439 3625 5517">
    <p class='ocr_par' dir='ltr' id='par_1_114' title="bbox 2056 5439 3625 5517">
     <span class='ocr_line' id='line_1_114' title="bbox 2056 5439 3625 5517; baseline -0.011 -17"><span class='ocrx_word' id='word_1_843' title='bbox 2056 5457 2139 5500; x_wconf 90' lang='lat' dir='ltr'><strong>tnr</strong></span> <span class='ocrx_word' id='word_1_844' title='bbox 2182 5462 2232 5499; x_wconf 86' lang='lat' dir='ltr'><strong>tn</strong></span> <span class='ocrx_word' id='word_1_845' title='bbox 2251 5446 2644 5517; x_wconf 85' lang='lat' dir='ltr'><strong>captivitatem.</strong></span> <span class='ocrx_word' id='word_1_846' title='bbox 2690 5462 2711 5496; x_wconf 76' lang='grc' dir='ltr'><strong>ι</strong></span> <span class='ocrx_word' id='word_1_847' title='bbox 2748 5440 3108 5497; x_wconf 81' lang='lat' dir='ltr'><strong>Feruntenim</strong></span> <span class='ocrx_word' id='word_1_848' title='bbox 3148 5439 3442 5501; x_wconf 71' lang='lat' dir='ltr'><strong>Romanos,</strong></span> <span class='ocrx_word' id='word_1_849' title='bbox 3473 5445 3625 5501; x_wconf 69' lang='lat' dir='ltr'><strong>capta</strong></span> 
     </span>
    </p>
   </div>
   <div class='ocr_carea' id='block_1_115' title="bbox 2055 5527 3623 5601">
    <p class='ocr_par' dir='ltr' id='par_1_115' title="bbox 2055 5527 3623 5601">
     <span class='ocr_line' id='line_1_115' title="bbox 2055 5527 3623 5601; baseline -0.008 -10"><span class='ocrx_word' id='word_1_850' title='bbox 2055 5543 2187 5592; x_wconf 86' lang='lat' dir='ltr'><strong>urbe</strong></span> <span class='ocrx_word' id='word_1_851' title='bbox 2215 5537 2583 5593; x_wconf 82' lang='lat' dir='ltr'><strong>resistentium</strong></span> <span class='ocrx_word' id='word_1_852' title='bbox 2611 5536 2711 5590; x_wconf 79' lang='lat' dir='ltr'><strong>sibi</strong></span> <span class='ocrx_word' id='word_1_853' title='bbox 2744 5530 3075 5601; x_wconf 86' lang='lat' dir='ltr'><strong>impudentia</strong></span> <span class='ocrx_word' id='word_1_854' title='bbox 3094 5528 3433 5598; x_wconf 77' lang='lat' dir='ltr'><strong>neglecta,.et-</strong></span> <span class='ocrx_word' id='word_1_855' title='bbox 3451 5527 3623 5596; x_wconf 84' lang='lat' dir='ltr'><strong>ipsum</strong></span> 
     </span>
    </p>
   </div>
   <div class='ocr_carea' id='block_1_116' title="bbox 2559 5701 3452 5770">
    <p class='ocr_par' dir='ltr' id='par_1_116' title="bbox 2559 5701 3452 5770">
     <span class='ocr_line' id='line_1_116' title="bbox 2559 5701 3452 5770; baseline -0.001 -8"><span class='ocrx_word' id='word_1_856' title='bbox 2559 5711 2603 5741; x_wconf 74' lang='lat'>“</span> <span class='ocrx_word' id='word_1_857' title='bbox 2642 5708 2767 5763; x_wconf 86' lang='lat' dir='ltr'><strong>Ibid.</strong></span> <span class='ocrx_word' id='word_1_858' title='bbox 2802 5711 2857 5769; x_wconf 73' lang='grc' dir='ltr'>ὅ,</span> <span class='ocrx_word' id='word_1_859' title='bbox 2885 5708 2935 5759; x_wconf 74' lang='lat'><strong>9.</strong></span> <span class='ocrx_word' id='word_1_860' title='bbox 3018 5704 3055 5735; x_wconf 66' lang='grc' dir='ltr'>δι</span> <span class='ocrx_word' id='word_1_861' title='bbox 3088 5704 3245 5757; x_wconf 69' lang='lat' dir='ltr'><strong>Amos</strong></span> <span class='ocrx_word' id='word_1_862' title='bbox 3282 5719 3366 5770; x_wconf 72' lang='lat' dir='ltr'><strong>ut,</strong></span> <span class='ocrx_word' id='word_1_863' title='bbox 3396 5701 3452 5761; x_wconf 81' lang='grc' dir='ltr'>θ.</span> 
     </span>
    </p>
   </div>
  </div>
