  <div class='ocr_page' id='page_1' title='image "/cluster/home/n/w/nwhite01/storage/ocr_20150623/72/hvd.32044073502015/130.png"; bbox 0 0 4042 6196; ppageno 0'>
   <div class='ocr_carea' id='block_1_1' title="bbox 360 262 467 318">
    <p class='ocr_par' dir='ltr' id='par_1_1' title="bbox 360 262 467 318">
     <span class='ocr_line' id='line_1_1' title="bbox 360 262 467 318; baseline 0 -1"><span class='ocrx_word' id='word_1_1' title='bbox 360 262 467 318; x_wconf 69' lang='lat'><strong>269</strong></span> 
     </span>
    </p>
   </div>
   <div class='ocr_carea' id='block_1_2' title="bbox 1180 261 2752 321">
    <p class='ocr_par' dir='ltr' id='par_1_2' title="bbox 1180 261 2752 321">
     <span class='ocr_line' id='line_1_2' title="bbox 1180 261 2752 321; baseline 0 -1"><span class='ocrx_word' id='word_1_2' title='bbox 1180 262 1728 321; x_wconf 70' lang='lat' dir='ltr'><strong>COMMENTARIUS</strong></span> <span class='ocrx_word' id='word_1_3' title='bbox 1767 263 1831 319; x_wconf 76' lang='lat' dir='ltr'><strong>IN</strong></span> <span class='ocrx_word' id='word_1_4' title='bbox 1873 261 2275 320; x_wconf 72' lang='lat' dir='ltr'><strong>ZACIIARIAM</strong></span> <span class='ocrx_word' id='word_1_5' title='bbox 2318 263 2752 321; x_wconf 66' lang='lat' dir='ltr'><strong>PROPIIETAM.</strong></span> 
     </span>
    </p>
   </div>
   <div class='ocr_carea' id='block_1_3' title="bbox 3513 272 3620 327">
    <p class='ocr_par' dir='ltr' id='par_1_3' title="bbox 3513 272 3620 327">
     <span class='ocr_line' id='line_1_3' title="bbox 3513 272 3620 327; baseline 0.019 -2"><span class='ocrx_word' id='word_1_6' title='bbox 3513 272 3620 327; x_wconf 64' lang='lat'><strong>250</strong></span> 
     </span>
    </p>
   </div>
   <div class='ocr_carea' id='block_1_4' title="bbox 360 377 1953 456">
    <p class='ocr_par' dir='ltr' id='par_1_4' title="bbox 360 377 1942 456">
     <span class='ocr_line' id='line_1_4' title="bbox 360 377 1942 456; baseline 0.003 -25"><span class='ocrx_word' id='word_1_7' title='bbox 360 377 613 433; x_wconf 80' lang='grc' dir='ltr'>δικαιοσύ</span> <span class='ocrx_word' id='word_1_8' title='bbox 648 394 680 448; x_wconf 75' lang='grc' dir='ltr'><strong>ῃ</strong></span> <span class='ocrx_word' id='word_1_9' title='bbox 702 394 716 408; x_wconf 87' lang='grc'><strong>·</strong></span> <span class='ocrx_word' id='word_1_10' title='bbox 749 396 768 427; x_wconf 75' lang='grc' dir='ltr'>ι</span> <span class='ocrx_word' id='word_1_11' title='bbox 797 378 872 441; x_wconf 84' lang='grc' dir='ltr'>ὡς</span> <span class='ocrx_word' id='word_1_12' title='bbox 891 380 920 432; x_wconf 89' lang='lat'><strong>6</strong></span> <span class='ocrx_word' id='word_1_13' title='bbox 951 378 1238 445; x_wconf 74' lang='grc' dir='ltr'><strong>θεσπέσιος</strong></span> <span class='ocrx_word' id='word_1_14' title='bbox 1263 385 1463 456; x_wconf 69' lang='grc' dir='ltr'>γράφει</span> <span class='ocrx_word' id='word_1_15' title='bbox 1501 384 1735 447; x_wconf 79' lang='grc' dir='ltr'><strong>Παῦλος,</strong></span> <span class='ocrx_word' id='word_1_16' title='bbox 1759 403 1776 435; x_wconf 81' lang='grc' dir='ltr'><strong>ι</strong></span> <span class='ocrx_word' id='word_1_17' title='bbox 1803 384 1942 445; x_wconf 78' lang='grc' dir='ltr'>Τοὺς</span> 
     </span>
    </p>
   </div>
   <div class='ocr_carea' id='block_1_5' title="bbox 2040 377 3620 456">
    <p class='ocr_par' dir='ltr' id='par_1_5' title="bbox 2045 380 3620 451">
     <span class='ocr_line' id='line_1_5' title="bbox 2045 380 3620 451; baseline 0.003 -13"><span class='ocrx_word' id='word_1_18' title='bbox 2045 382 2261 447; x_wconf 87' lang='lat' dir='ltr'><strong>scriblt,</strong></span> <span class='ocrx_word' id='word_1_19' title='bbox 2321 399 2340 433; x_wconf 83' lang='grc' dir='ltr'><strong>ι</strong></span> <span class='ocrx_word' id='word_1_20' title='bbox 2377 380 2577 436; x_wconf 90' lang='lat' dir='ltr'><strong>Omnes</strong></span> <span class='ocrx_word' id='word_1_21' title='bbox 2613 396 2717 436; x_wconf 74' lang='lat' dir='ltr'><strong>nos</strong></span> <span class='ocrx_word' id='word_1_22' title='bbox 2744 380 3082 437; x_wconf 73' lang='lat' dir='ltr'><strong>manifestari</strong></span> <span class='ocrx_word' id='word_1_23' title='bbox 3122 392 3339 451; x_wconf 90' lang='lat' dir='ltr'><strong>oportet</strong></span> <span class='ocrx_word' id='word_1_24' title='bbox 3366 394 3495 440; x_wconf 86' lang='lat' dir='ltr'><strong>ante</strong></span> <span class='ocrx_word' id='word_1_25' title='bbox 3521 388 3620 443; x_wconf 84' lang='lat' dir='ltr'><strong>tri-</strong></span> 
     </span>
    </p>
   </div>
   <div class='ocr_carea' id='block_1_6' title="bbox 363 467 1940 546">
    <p class='ocr_par' dir='ltr' id='par_1_6' title="bbox 363 467 1940 546">
     <span class='ocr_line' id='line_1_6' title="bbox 363 467 1940 546; baseline 0.025 -40"><span class='ocrx_word' id='word_1_26' title='bbox 363 467 574 528; x_wconf 74' lang='grc' dir='ltr'>πάντας</span> <span class='ocrx_word' id='word_1_27' title='bbox 621 468 770 536; x_wconf 75' lang='grc' dir='ltr'>ἡμᾶς</span> <span class='ocrx_word' id='word_1_28' title='bbox 815 467 898 521; x_wconf 82' lang='grc' dir='ltr'>δεῖ</span> <span class='ocrx_word' id='word_1_29' title='bbox 929 469 1311 541; x_wconf 76' lang='grc' dir='ltr'>φανερωθῆναι</span> <span class='ocrx_word' id='word_1_30' title='bbox 1359 473 1666 546; x_wconf 70' lang='grc' dir='ltr'>ἔμπροσθεν</span> <span class='ocrx_word' id='word_1_31' title='bbox 1709 471 1803 525; x_wconf 81' lang='grc' dir='ltr'>τοῦ</span> <span class='ocrx_word' id='word_1_32' title='bbox 1844 472 1940 542; x_wconf 74' lang='grc' dir='ltr'><strong>βή⁶</strong></span> 
     </span>
    </p>
   </div>
   <div class='ocr_carea' id='block_1_7' title="bbox 366 557 1938 634">
    <p class='ocr_par' dir='ltr' id='par_1_7' title="bbox 366 557 1938 634">
     <span class='ocr_line' id='line_1_7' title="bbox 366 557 1938 634; baseline 0.005 -26"><span class='ocrx_word' id='word_1_33' title='bbox 366 574 534 629; x_wconf 88' lang='grc' dir='ltr'>ματος</span> <span class='ocrx_word' id='word_1_34' title='bbox 564 557 659 609; x_wconf 72' lang='grc' dir='ltr'><strong>τοῦ</strong></span> <span class='ocrx_word' id='word_1_35' title='bbox 690 559 953 629; x_wconf 76' lang='grc' dir='ltr'>Χριστοῦ,</span> <span class='ocrx_word' id='word_1_36' title='bbox 1001 561 1086 614; x_wconf 73' lang='grc' dir='ltr'>ἵνα</span> <span class='ocrx_word' id='word_1_37' title='bbox 1128 562 1419 634; x_wconf 78' lang='grc' dir='ltr'><strong>κομίσηται</strong></span> <span class='ocrx_word' id='word_1_38' title='bbox 1448 565 1674 627; x_wconf 74' lang='grc' dir='ltr'>ἕκαστος</span> <span class='ocrx_word' id='word_1_39' title='bbox 1705 563 1775 617; x_wconf 77' lang='grc' dir='ltr'><strong>τά</strong></span> <span class='ocrx_word' id='word_1_40' title='bbox 1818 562 1938 617; x_wconf 87' lang='grc' dir='ltr'>κατ’</span> 
     </span>
    </p>
   </div>
   <div class='ocr_carea' id='block_1_8' title="bbox 360 650 1939 727">
    <p class='ocr_par' dir='ltr' id='par_1_8' title="bbox 360 650 1939 727">
     <span class='ocr_line' id='line_1_8' title="bbox 360 650 1939 727; baseline 0.006 -24"><span class='ocrx_word' id='word_1_41' title='bbox 360 652 520 716; x_wconf 77' lang='grc' dir='ltr'>ἀξίαν</span> <span class='ocrx_word' id='word_1_42' title='bbox 550 650 687 722; x_wconf 75' lang='grc' dir='ltr'>πρὸς</span> <span class='ocrx_word' id='word_1_43' title='bbox 718 650 753 704; x_wconf 79' lang='lat' dir='ltr'><strong>a</strong></span> <span class='ocrx_word' id='word_1_44' title='bbox 778 652 1036 723; x_wconf 76' lang='grc' dir='ltr'>ἔπραξεν,</span> <span class='ocrx_word' id='word_1_45' title='bbox 1082 655 1191 708; x_wconf 75' lang='grc' dir='ltr'>εἴτε</span> <span class='ocrx_word' id='word_1_46' title='bbox 1236 656 1439 724; x_wconf 81' lang='grc' dir='ltr'>ἀγαθὸν</span> <span class='ocrx_word' id='word_1_47' title='bbox 1465 659 1573 711; x_wconf 69' lang='grc' dir='ltr'>εἴτε</span> <span class='ocrx_word' id='word_1_48' title='bbox 1614 656 1837 727; x_wconf 79' lang='grc' dir='ltr'>φαῦλον.</span> <span class='ocrx_word' id='word_1_49' title='bbox 1871 686 1939 699; x_wconf 91' lang='lat'><strong>-—-</strong></span> 
     </span>
    </p>
   </div>
   <div class='ocr_carea' id='block_1_9' title="bbox 363 739 1937 822">
    <p class='ocr_par' dir='ltr' id='par_1_9' title="bbox 363 739 1937 822">
     <span class='ocr_line' id='line_1_9' title="bbox 363 739 1937 822; baseline 0.009 -30"><span class='ocrx_word' id='word_1_50' title='bbox 363 741 522 805; x_wconf 81' lang='grc' dir='ltr'>Ἥξει</span> <span class='ocrx_word' id='word_1_51' title='bbox 548 742 611 812; x_wconf 81' lang='grc' dir='ltr'>δὴ</span> <span class='ocrx_word' id='word_1_52' title='bbox 651 739 766 805; x_wconf 74' lang='grc' dir='ltr'>οὖν,</span> <span class='ocrx_word' id='word_1_53' title='bbox 804 744 949 814; x_wconf 77' lang='grc' dir='ltr'>ἥξει,</span> <span class='ocrx_word' id='word_1_54' title='bbox 998 747 1151 816; x_wconf 75' lang='grc' dir='ltr'>φησὶ,</span> <span class='ocrx_word' id='word_1_55' title='bbox 1198 750 1291 801; x_wconf 77' lang='grc' dir='ltr'>καὶ</span> <span class='ocrx_word' id='word_1_56' title='bbox 1331 750 1531 815; x_wconf 82' lang='grc' dir='ltr'>πάντες</span> <span class='ocrx_word' id='word_1_57' title='bbox 1563 753 1611 805; x_wconf 82' lang='lat' dir='ltr'><strong>oi</strong></span> <span class='ocrx_word' id='word_1_58' title='bbox 1646 752 1789 820; x_wconf 76' lang='grc' dir='ltr'>ἅγιοι</span> <span class='ocrx_word' id='word_1_59' title='bbox 1822 752 1937 822; x_wconf 82' lang='grc' dir='ltr'>μετ’</span> 
     </span>
    </p>
   </div>
   <div class='ocr_carea' id='block_1_10' title="bbox 362 827 1939 911">
    <p class='ocr_par' dir='ltr' id='par_1_10' title="bbox 362 827 1939 911">
     <span class='ocr_line' id='line_1_10' title="bbox 362 827 1939 911; baseline 0.008 -29"><span class='ocrx_word' id='word_1_60' title='bbox 362 827 549 891; x_wconf 74' lang='grc' dir='ltr'>αὐτοῦ,</span> <span class='ocrx_word' id='word_1_61' title='bbox 577 832 878 896; x_wconf 86' lang='grc' dir='ltr'>τουτέστιν,</span> <span class='ocrx_word' id='word_1_62' title='bbox 903 836 934 904; x_wconf 83' lang='grc' dir='ltr'>ἡ</span> <span class='ocrx_word' id='word_1_63' title='bbox 965 834 1072 887; x_wconf 85' lang='grc' dir='ltr'>τῶν</span> <span class='ocrx_word' id='word_1_64' title='bbox 1102 837 1271 903; x_wconf 80' lang='grc' dir='ltr'>ἁγίων</span> <span class='ocrx_word' id='word_1_65' title='bbox 1300 839 1546 907; x_wconf 81' lang='grc' dir='ltr'>ἀγγέλων</span> <span class='ocrx_word' id='word_1_66' title='bbox 1577 840 1939 911; x_wconf 76' lang='grc' dir='ltr'><strong>καθαρωτάτη</strong></span> 
     </span>
    </p>
   </div>
   <div class='ocr_carea' id='block_1_11' title="bbox 362 919 1940 1003">
    <p class='ocr_par' dir='ltr' id='par_1_11' title="bbox 362 919 1940 1003">
     <span class='ocr_line' id='line_1_11' title="bbox 362 919 1940 1003; baseline 0.008 -31"><span class='ocrx_word' id='word_1_67' title='bbox 362 919 592 985; x_wconf 78' lang='grc' dir='ltr'>πληθὺς.</span> <span class='ocrx_word' id='word_1_68' title='bbox 629 922 1003 992; x_wconf 73' lang='grc' dir='ltr'>δορυφοροῦσα</span> <span class='ocrx_word' id='word_1_69' title='bbox 1044 927 1280 991; x_wconf 86' lang='grc' dir='ltr'>πάντως,</span> <span class='ocrx_word' id='word_1_70' title='bbox 1323 931 1415 983; x_wconf 76' lang='grc' dir='ltr'>καὶ</span> <span class='ocrx_word' id='word_1_71' title='bbox 1456 932 1797 1003; x_wconf 79' lang='grc' dir='ltr'>ὐπουργικὴν</span> <span class='ocrx_word' id='word_1_72' title='bbox 1836 933 1940 984; x_wconf 84' lang='grc' dir='ltr'>εἰσ-</span> 
     </span>
    </p>
   </div>
   <div class='ocr_carea' id='block_1_12' title="bbox 361 1011 1975 1092">
    <p class='ocr_par' dir='ltr' id='par_1_12' title="bbox 361 1011 1975 1092">
     <span class='ocr_line' id='line_1_12' title="bbox 361 1011 1975 1092; baseline 0.007 -30"><span class='ocrx_word' id='word_1_73' title='bbox 361 1011 604 1078; x_wconf 69' lang='grc' dir='ltr'>φέρουσα</span> <span class='ocrx_word' id='word_1_74' title='bbox 630 1014 728 1082; x_wconf 78' lang='grc' dir='ltr'><strong>τὴν</strong></span> <span class='ocrx_word' id='word_1_75' title='bbox 752 1015 1117 1083; x_wconf 79' lang='grc' dir='ltr'>παράστασιν.</span> <span class='ocrx_word' id='word_1_76' title='bbox 1149 1018 1349 1089; x_wconf 88' lang='grc' dir='ltr'>Κύριος</span> <span class='ocrx_word' id='word_1_77' title='bbox 1379 1021 1488 1092; x_wconf 84' lang='grc' dir='ltr'><strong>γάρ</strong></span> <span class='ocrx_word' id='word_1_78' title='bbox 1522 1023 1638 1074; x_wconf 78' lang='grc' dir='ltr'>ἐστι</span> <span class='ocrx_word' id='word_1_79' title='bbox 1668 1022 1776 1075; x_wconf 86' lang='grc' dir='ltr'>τῶν</span> <span class='ocrx_word' id='word_1_80' title='bbox 1801 1023 1938 1076; x_wconf 74' lang='grc' dir='ltr'>ὅλων</span> <span class='ocrx_word' id='word_1_81' title='bbox 1962 1020 1975 1030; x_wconf 61' lang='grc'><strong><em>⁵</em></strong></span> 
     </span>
    </p>
   </div>
   <div class='ocr_carea' id='block_1_13' title="bbox 358 1102 1938 1186">
    <p class='ocr_par' dir='ltr' id='par_1_13' title="bbox 358 1102 1938 1186">
     <span class='ocr_line' id='line_1_13' title="bbox 358 1102 1938 1186; baseline 0.01 -34"><span class='ocrx_word' id='word_1_82' title='bbox 358 1103 388 1153; x_wconf 92' lang='lat'><strong>6</strong></span> <span class='ocrx_word' id='word_1_83' title='bbox 430 1102 781 1174; x_wconf 74' lang='grc' dir='ltr'>Ἐμμανουήλ</span> <span class='ocrx_word' id='word_1_84' title='bbox 808 1148 820 1165; x_wconf 87' lang='grc'><strong>.</strong></span> <span class='ocrx_word' id='word_1_85' title='bbox 870 1110 966 1160; x_wconf 55' lang='grc' dir='ltr'><strong>καί¹</strong></span> <span class='ocrx_word' id='word_1_86' title='bbox 1017 1107 1373 1178; x_wconf 80' lang='grc' dir='ltr'>δοξολογεῖται</span> <span class='ocrx_word' id='word_1_87' title='bbox 1422 1114 1570 1186; x_wconf 70' lang='grc' dir='ltr'>παρὰ</span> <span class='ocrx_word' id='word_1_88' title='bbox 1611 1114 1817 1168; x_wconf 83' lang='grc' dir='ltr'>τούτων</span> <span class='ocrx_word' id='word_1_89' title='bbox 1863 1114 1938 1178; x_wconf 84' lang='grc' dir='ltr'>ὡς</span> 
     </span>
    </p>
   </div>
   <div class='ocr_carea' id='block_1_14' title="bbox 358 1191 1963 1279">
    <p class='ocr_par' dir='ltr' id='par_1_14' title="bbox 358 1191 1963 1279">
     <span class='ocr_line' id='line_1_14' title="bbox 358 1191 1963 1279; baseline 0.009 -36"><span class='ocrx_word' id='word_1_90' title='bbox 358 1191 514 1257; x_wconf 76' lang='grc' dir='ltr'>Θεὸς,</span> <span class='ocrx_word' id='word_1_91' title='bbox 546 1197 641 1246; x_wconf 80' lang='grc' dir='ltr'><strong>καὶ</strong></span> <span class='ocrx_word' id='word_1_92' title='bbox 677 1200 1070 1270; x_wconf 89' lang='grc' dir='ltr'>συγκατάρχων</span> <span class='ocrx_word' id='word_1_93' title='bbox 1104 1202 1179 1272; x_wconf 80' lang='grc' dir='ltr'>τῷ</span> <span class='ocrx_word' id='word_1_94' title='bbox 1222 1204 1598 1274; x_wconf 77' lang='grc' dir='ltr'>Γεγεννηκότι.</span> <span class='ocrx_word' id='word_1_95' title='bbox 1653 1208 1714 1260; x_wconf 84' lang='grc' dir='ltr'>Εί</span> <span class='ocrx_word' id='word_1_96' title='bbox 1764 1207 1821 1259; x_wconf 81' lang='grc' dir='ltr'>δὲ</span> <span class='ocrx_word' id='word_1_97' title='bbox 1872 1207 1963 1279; x_wconf 85' lang='grc' dir='ltr'><strong>δή</strong></span> 
     </span>
    </p>
   </div>
   <div class='ocr_carea' id='block_1_15' title="bbox 359 1284 1939 1369">
    <p class='ocr_par' dir='ltr' id='par_1_15' title="bbox 359 1284 1939 1369">
     <span class='ocr_line' id='line_1_15' title="bbox 359 1284 1939 1369; baseline 0.011 -35"><span class='ocrx_word' id='word_1_98' title='bbox 359 1300 446 1343; x_wconf 85' lang='grc' dir='ltr'><strong>τις</strong></span> <span class='ocrx_word' id='word_1_99' title='bbox 491 1284 638 1353; x_wconf 82' lang='grc' dir='ltr'>λέγοι</span> <span class='ocrx_word' id='word_1_100' title='bbox 675 1289 768 1340; x_wconf 68' lang='grc' dir='ltr'><strong>καὶ</strong></span> <span class='ocrx_word' id='word_1_101' title='bbox 797 1290 994 1355; x_wconf 76' lang='grc' dir='ltr'>αὐτοὺς</span> <span class='ocrx_word' id='word_1_102' title='bbox 1034 1293 1183 1363; x_wconf 76' lang='grc' dir='ltr'>αὐτῷ</span> <span class='ocrx_word' id='word_1_103' title='bbox 1222 1298 1783 1369; x_wconf 86' lang='grc' dir='ltr'>συμπαραστήσεσθαι</span> <span class='ocrx_word' id='word_1_104' title='bbox 1813 1298 1939 1363; x_wconf 74' lang='grc' dir='ltr'>τοὺς</span> 
     </span>
    </p>
   </div>
   <div class='ocr_carea' id='block_1_16' title="bbox 360 1373 1938 1460">
    <p class='ocr_par' dir='ltr' id='par_1_16' title="bbox 360 1373 1938 1460">
     <span class='ocr_line' id='line_1_16' title="bbox 360 1373 1938 1460; baseline 0.011 -35"><span class='ocrx_word' id='word_1_105' title='bbox 360 1373 555 1441; x_wconf 83' lang='grc' dir='ltr'>ἁγίους</span> <span class='ocrx_word' id='word_1_106' title='bbox 586 1379 933 1448; x_wconf 82' lang='grc' dir='ltr'>ἀρπαγέντας</span> <span class='ocrx_word' id='word_1_107' title='bbox 961 1385 1016 1435; x_wconf 81' lang='grc' dir='ltr'>ἐν</span> <span class='ocrx_word' id='word_1_108' title='bbox 1044 1386 1292 1452; x_wconf 76' lang='grc' dir='ltr'><strong>νεφέλαις</strong></span> <span class='ocrx_word' id='word_1_109' title='bbox 1329 1391 1407 1451; x_wconf 77' lang='grc' dir='ltr'>εἰς</span> <span class='ocrx_word' id='word_1_110' title='bbox 1435 1390 1738 1460; x_wconf 72' lang='grc' dir='ltr'><strong>ἀπάντησιν</strong></span> <span class='ocrx_word' id='word_1_111' title='bbox 1773 1389 1938 1442; x_wconf 71' lang='grc' dir='ltr'>αὑτοῦ</span> 
     </span>
    </p>
   </div>
   <div class='ocr_carea' id='block_1_17' title="bbox 358 1467 1938 1549">
    <p class='ocr_par' dir='ltr' id='par_1_17' title="bbox 358 1467 1938 1549">
     <span class='ocr_line' id='line_1_17' title="bbox 358 1467 1938 1549; baseline 0.012 -33"><span class='ocrx_word' id='word_1_112' title='bbox 358 1468 442 1529; x_wconf 82' lang='grc' dir='ltr'><strong>είς</strong></span> <span class='ocrx_word' id='word_1_113' title='bbox 483 1467 642 1535; x_wconf 79' lang='grc' dir='ltr'>ἀέρα,</span> <span class='ocrx_word' id='word_1_114' title='bbox 689 1471 828 1538; x_wconf 85' lang='grc' dir='ltr'><strong>μετά</strong></span> <span class='ocrx_word' id='word_1_115' title='bbox 870 1489 934 1539; x_wconf 90' lang='grc' dir='ltr'><strong>γε</strong></span> <span class='ocrx_word' id='word_1_116' title='bbox 965 1474 1062 1543; x_wconf 80' lang='grc' dir='ltr'>τὴν</span> <span class='ocrx_word' id='word_1_117' title='bbox 1093 1478 1156 1530; x_wconf 81' lang='grc' dir='ltr'>ἐκ</span> <span class='ocrx_word' id='word_1_118' title='bbox 1198 1480 1405 1549; x_wconf 77' lang='grc' dir='ltr'>νεκρῶν</span> <span class='ocrx_word' id='word_1_119' title='bbox 1437 1481 1750 1543; x_wconf 83' lang='grc' dir='ltr'>ἀναϐίωσιν,</span> <span class='ocrx_word' id='word_1_120' title='bbox 1796 1481 1938 1535; x_wconf 82' lang='grc' dir='ltr'>καθά</span> 
     </span>
    </p>
   </div>
   <div class='ocr_carea' id='block_1_18' title="bbox 357 1560 1939 1645">
    <p class='ocr_par' dir='ltr' id='par_1_18' title="bbox 357 1560 1939 1645">
     <span class='ocr_line' id='line_1_18' title="bbox 357 1560 1939 1645; baseline 0.011 -34"><span class='ocrx_word' id='word_1_121' title='bbox 357 1562 455 1611; x_wconf 74' lang='grc' dir='ltr'><strong>καὶ</strong></span> <span class='ocrx_word' id='word_1_122' title='bbox 598 1565 893 1635; x_wconf 72' lang='grc' dir='ltr'>σοφωτάτῳ</span> <span class='ocrx_word' id='word_1_123' title='bbox 923 1568 1118 1639; x_wconf 89' lang='grc' dir='ltr'>Παύλῳ</span> <span class='ocrx_word' id='word_1_124' title='bbox 1146 1571 1311 1637; x_wconf 82' lang='grc' dir='ltr'>δοκεῖ,</span> <span class='ocrx_word' id='word_1_125' title='bbox 1359 1573 1457 1643; x_wconf 75' lang='grc' dir='ltr'><strong>τῆς</strong></span> <span class='ocrx_word' id='word_1_126' title='bbox 1504 1574 1594 1625; x_wconf 74' lang='grc' dir='ltr'>τοῦ</span> <span class='ocrx_word' id='word_1_127' title='bbox 1638 1575 1939 1645; x_wconf 79' lang='grc' dir='ltr'><strong>πρέποντος</strong></span> 
     </span>
    </p>
   </div>
   <div class='ocr_carea' id='block_1_19' title="bbox 284 1651 1937 1734">
    <p class='ocr_par' dir='ltr' id='par_1_19' title="bbox 284 1651 1937 1734">
     <span class='ocr_line' id='line_1_19' title="bbox 284 1651 1937 1734; baseline 0.011 -33"><span class='ocrx_word' id='word_1_128' title='bbox 284 1684 291 1689; x_wconf 70' lang='grc' dir='ltr'><strong><em>ο</em></strong></span> <span class='ocrx_word' id='word_1_129' title='bbox 358 1651 538 1723; x_wconf 77' lang='grc' dir='ltr'>θήρας</span> <span class='ocrx_word' id='word_1_130' title='bbox 570 1655 921 1726; x_wconf 80' lang='grc' dir='ltr'>ἀμοιρήσειεν</span> <span class='ocrx_word' id='word_1_131' title='bbox 947 1657 1013 1712; x_wconf 84' lang='grc' dir='ltr'>ἂν</span> <span class='ocrx_word' id='word_1_132' title='bbox 1039 1661 1463 1733; x_wconf 67' lang='grc' dir='ltr'>οὐδαμῶς.Ἔφη</span> <span class='ocrx_word' id='word_1_133' title='bbox 1495 1665 1600 1734; x_wconf 85' lang='grc' dir='ltr'><strong>γάρ</strong></span> <span class='ocrx_word' id='word_1_134' title='bbox 1623 1683 1672 1717; x_wconf 85' lang='grc' dir='ltr'>τι</span> <span class='ocrx_word' id='word_1_135' title='bbox 1700 1664 1937 1718; x_wconf 78' lang='grc' dir='ltr'>τοιοῦτον</span> 
     </span>
    </p>
   </div>
   <div class='ocr_carea' id='block_1_20' title="bbox 2040 470 3617 546">
    <p class='ocr_par' dir='ltr' id='par_1_20' title="bbox 2040 470 3617 546">
     <span class='ocr_line' id='line_1_20' title="bbox 2040 470 3617 546; baseline 0.005 -20"><span class='ocrx_word' id='word_1_136' title='bbox 2040 470 2202 526; x_wconf 89' lang='lat' dir='ltr'><strong>bunal</strong></span> <span class='ocrx_word' id='word_1_137' title='bbox 2222 471 2445 537; x_wconf 76' lang='lat' dir='ltr'><strong>Christi,</strong></span> <span class='ocrx_word' id='word_1_138' title='bbox 2475 480 2532 526; x_wconf 93' lang='lat' dir='ltr'><strong>ut</strong></span> <span class='ocrx_word' id='word_1_139' title='bbox 2573 470 2802 541; x_wconf 88' lang='lat' dir='ltr'><strong>recipiat</strong></span> <span class='ocrx_word' id='word_1_140' title='bbox 2832 472 3200 541; x_wconf 85' lang='lat' dir='ltr'><strong>unusquisque</strong></span> <span class='ocrx_word' id='word_1_141' title='bbox 3221 483 3380 543; x_wconf 92' lang='lat' dir='ltr'><strong>prout</strong></span> <span class='ocrx_word' id='word_1_142' title='bbox 3429 480 3617 546; x_wconf 78' lang='lat' dir='ltr'><strong>gessit,</strong></span> 
     </span>
    </p>
   </div>
   <div class='ocr_carea' id='block_1_21' title="bbox 2040 562 3615 635">
    <p class='ocr_par' dir='ltr' id='par_1_21' title="bbox 2040 562 3615 635">
     <span class='ocr_line' id='line_1_21' title="bbox 2040 562 3615 635; baseline 0.004 -18"><span class='ocrx_word' id='word_1_143' title='bbox 2040 563 2155 617; x_wconf 89' lang='lat' dir='ltr'><strong>sive</strong></span> <span class='ocrx_word' id='word_1_144' title='bbox 2173 563 2369 616; x_wconf 89' lang='lat' dir='ltr'><strong>bonum</strong></span> <span class='ocrx_word' id='word_1_145' title='bbox 2406 563 2517 617; x_wconf 83' lang='lat' dir='ltr'><strong>sive</strong></span> <span class='ocrx_word' id='word_1_146' title='bbox 2541 562 2741 617; x_wconf 89' lang='lat' dir='ltr'><strong>malum</strong></span> <span class='ocrx_word' id='word_1_147' title='bbox 2762 562 2967 616; x_wconf 75' lang='grc' dir='ltr'><strong>⁸⁹.ι-ι</strong></span> <span class='ocrx_word' id='word_1_148' title='bbox 2983 562 3172 617; x_wconf 81' lang='lat' dir='ltr'><strong>Veniet</strong></span> <span class='ocrx_word' id='word_1_149' title='bbox 3200 565 3384 634; x_wconf 87' lang='lat' dir='ltr'><strong>igitur,</strong></span> <span class='ocrx_word' id='word_1_150' title='bbox 3417 570 3615 635; x_wconf 91' lang='lat' dir='ltr'><strong>veniet,</strong></span> 
     </span>
    </p>
   </div>
   <div class='ocr_carea' id='block_1_22' title="bbox 2041 653 3617 724">
    <p class='ocr_par' dir='ltr' id='par_1_22' title="bbox 2041 653 3617 724">
     <span class='ocr_line' id='line_1_22' title="bbox 2041 653 3617 724; baseline 0.004 -16"><span class='ocrx_word' id='word_1_151' title='bbox 2041 654 2234 724; x_wconf 91' lang='lat' dir='ltr'><strong>inquit,</strong></span> <span class='ocrx_word' id='word_1_152' title='bbox 2265 665 2319 708; x_wconf 89' lang='lat' dir='ltr'><strong>et</strong></span> <span class='ocrx_word' id='word_1_153' title='bbox 2347 668 2536 709; x_wconf 86' lang='lat' dir='ltr'><strong>omnes</strong></span> <span class='ocrx_word' id='word_1_154' title='bbox 2583 654 2753 708; x_wconf 79' lang='lat' dir='ltr'><strong>sancti</strong></span> <span class='ocrx_word' id='word_1_155' title='bbox 2799 653 2917 719; x_wconf 89' lang='lat' dir='ltr'><strong>ejus</strong></span> <span class='ocrx_word' id='word_1_156' title='bbox 2971 669 3093 707; x_wconf 90' lang='lat' dir='ltr'><strong>cum</strong></span> <span class='ocrx_word' id='word_1_157' title='bbox 3141 669 3229 719; x_wconf 91' lang='lat' dir='ltr'><strong>eo,</strong></span> <span class='ocrx_word' id='word_1_158' title='bbox 3265 673 3284 707; x_wconf 74' lang='grc' dir='ltr'><strong>ι</strong></span> <span class='ocrx_word' id='word_1_159' title='bbox 3362 656 3464 710; x_wconf 90' lang='lat' dir='ltr'><strong>hoc</strong></span> <span class='ocrx_word' id='word_1_160' title='bbox 3510 668 3617 724; x_wconf 87' lang='lat' dir='ltr'><strong>est,</strong></span> 
     </span>
    </p>
   </div>
   <div class='ocr_carea' id='block_1_23' title="bbox 2040 744 3620 814">
    <p class='ocr_par' dir='ltr' id='par_1_23' title="bbox 2040 744 3620 814">
     <span class='ocr_line' id='line_1_23' title="bbox 2040 744 3620 814; baseline 0.003 -16"><span class='ocrx_word' id='word_1_161' title='bbox 2040 756 2349 798; x_wconf 87' lang='lat' dir='ltr'><strong>sanctorum</strong></span> <span class='ocrx_word' id='word_1_162' title='bbox 2392 744 2707 813; x_wconf 76' lang='lat' dir='ltr'><strong>angelorum</strong></span> <span class='ocrx_word' id='word_1_163' title='bbox 2746 759 2938 814; x_wconf 82' lang='lat' dir='ltr'><strong>agmen</strong></span> <span class='ocrx_word' id='word_1_164' title='bbox 2984 745 3361 813; x_wconf 87' lang='lat' dir='ltr'><strong>purissimum,</strong></span> <span class='ocrx_word' id='word_1_165' title='bbox 3410 747 3620 813; x_wconf 85' lang='lat' dir='ltr'><strong>stipans</strong></span> 
     </span>
    </p>
   </div>
   <div class='ocr_carea' id='block_1_24' title="bbox 2041 834 3617 890">
    <p class='ocr_par' dir='ltr' id='par_1_24' title="bbox 2041 834 3617 890">
     <span class='ocr_line' id='line_1_24' title="bbox 2041 834 3617 890; baseline -0.001 0"><span class='ocrx_word' id='word_1_166' title='bbox 2041 851 2164 890; x_wconf 89' lang='lat' dir='ltr'><strong>eum</strong></span> <span class='ocrx_word' id='word_1_167' title='bbox 2188 845 2241 889; x_wconf 89' lang='lat' dir='ltr'><strong>et</strong></span> <span class='ocrx_word' id='word_1_168' title='bbox 2271 835 2337 888; x_wconf 87' lang='lat' dir='ltr'><strong>ad</strong></span> <span class='ocrx_word' id='word_1_169' title='bbox 2367 834 2783 888; x_wconf 78' lang='lat' dir='ltr'><strong>ministrantium</strong></span> <span class='ocrx_word' id='word_1_170' title='bbox 2829 835 3117 889; x_wconf 84' lang='lat' dir='ltr'><strong>assistens.</strong></span> <span class='ocrx_word' id='word_1_171' title='bbox 3158 834 3418 887; x_wconf 76' lang='lat' dir='ltr'><strong>Dominus</strong></span> <span class='ocrx_word' id='word_1_172' title='bbox 3474 840 3617 889; x_wconf 78' lang='lat' dir='ltr'><strong>enim</strong></span> 
     </span>
    </p>
   </div>
   <div class='ocr_carea' id='block_1_25' title="bbox 2039 927 3621 991">
    <p class='ocr_par' dir='ltr' id='par_1_25' title="bbox 2039 927 3621 991">
     <span class='ocr_line' id='line_1_25' title="bbox 2039 927 3621 991; baseline -0.001 -8"><span class='ocrx_word' id='word_1_173' title='bbox 2039 930 2276 983; x_wconf 89' lang='lat' dir='ltr'><strong>omnium</strong></span> <span class='ocrx_word' id='word_1_174' title='bbox 2312 937 2395 982; x_wconf 87' lang='lat' dir='ltr'><strong>est</strong></span> <span class='ocrx_word' id='word_1_175' title='bbox 2439 928 2777 991; x_wconf 84' lang='lat' dir='ltr'><strong>Emmanuel,</strong></span> <span class='ocrx_word' id='word_1_176' title='bbox 2829 936 2884 981; x_wconf 93' lang='lat' dir='ltr'><strong>et</strong></span> <span class='ocrx_word' id='word_1_177' title='bbox 2937 928 3005 981; x_wconf 87' lang='lat' dir='ltr'><strong>ab</strong></span> <span class='ocrx_word' id='word_1_178' title='bbox 3054 927 3136 981; x_wconf 88' lang='lat' dir='ltr'><strong>his</strong></span> <span class='ocrx_word' id='word_1_179' title='bbox 3189 928 3528 980; x_wconf 79' lang='lat' dir='ltr'><strong>collaudatur</strong></span> <span class='ocrx_word' id='word_1_180' title='bbox 3562 936 3621 981; x_wconf 88' lang='lat' dir='ltr'><strong>ut</strong></span> 
     </span>
    </p>
   </div>
   <div class='ocr_carea' id='block_1_26' title="bbox 2040 1018 3613 1086">
    <p class='ocr_par' dir='ltr' id='par_1_26' title="bbox 2040 1018 3613 1086">
     <span class='ocr_line' id='line_1_26' title="bbox 2040 1018 3613 1086; baseline 0 -13"><span class='ocrx_word' id='word_1_181' title='bbox 2040 1019 2201 1082; x_wconf 87' lang='lat' dir='ltr'><strong>Deus,</strong></span> <span class='ocrx_word' id='word_1_182' title='bbox 2236 1027 2290 1073; x_wconf 88' lang='lat' dir='ltr'><strong>et</strong></span> <span class='ocrx_word' id='word_1_183' title='bbox 2322 1019 2479 1072; x_wconf 84' lang='lat' dir='ltr'><strong>simul</strong></span> <span class='ocrx_word' id='word_1_184' title='bbox 2514 1030 2703 1084; x_wconf 79' lang='lat' dir='ltr'><strong>regnat</strong></span> <span class='ocrx_word' id='word_1_185' title='bbox 2749 1034 2871 1071; x_wconf 90' lang='lat' dir='ltr'><strong>eum</strong></span> <span class='ocrx_word' id='word_1_186' title='bbox 2903 1018 3085 1073; x_wconf 79' lang='lat' dir='ltr'><strong>Patre.</strong></span> <span class='ocrx_word' id='word_1_187' title='bbox 3119 1018 3273 1083; x_wconf 84' lang='lat' dir='ltr'><strong>Quod</strong></span> <span class='ocrx_word' id='word_1_188' title='bbox 3311 1019 3353 1071; x_wconf 88' lang='lat' dir='ltr'><strong>si</strong></span> <span class='ocrx_word' id='word_1_189' title='bbox 3385 1020 3505 1086; x_wconf 85' lang='lat' dir='ltr'><strong>quis</strong></span> <span class='ocrx_word' id='word_1_190' title='bbox 3528 1020 3613 1073; x_wconf 88' lang='lat' dir='ltr'><strong>di-</strong></span> 
     </span>
    </p>
   </div>
   <div class='ocr_carea' id='block_1_27' title="bbox 2040 1111 3610 1180">
    <p class='ocr_par' dir='ltr' id='par_1_27' title="bbox 2040 1111 3610 1180">
     <span class='ocr_line' id='line_1_27' title="bbox 2040 1111 3610 1180; baseline -0.003 -15"><span class='ocrx_word' id='word_1_191' title='bbox 2040 1122 2127 1165; x_wconf 81' lang='lat' dir='ltr'><strong>Cal</strong></span> <span class='ocrx_word' id='word_1_192' title='bbox 2152 1113 2295 1178; x_wconf 88' lang='lat' dir='ltr'><strong>ipsos</strong></span> <span class='ocrx_word' id='word_1_193' title='bbox 2341 1126 2555 1180; x_wconf 63' lang='lat' dir='ltr'><strong>quoque</strong></span> <span class='ocrx_word' id='word_1_194' title='bbox 2588 1121 2806 1165; x_wconf 82' lang='lat' dir='ltr'><strong>sanctos</strong></span> <span class='ocrx_word' id='word_1_195' title='bbox 2831 1112 2879 1164; x_wconf 85' lang='lat' dir='ltr'><strong>ei</strong></span> <span class='ocrx_word' id='word_1_196' title='bbox 2905 1112 3186 1175; x_wconf 78' lang='lat' dir='ltr'><strong>astituros,</strong></span> <span class='ocrx_word' id='word_1_197' title='bbox 3213 1121 3396 1178; x_wconf 82' lang='lat' dir='ltr'><strong>raptos</strong></span> <span class='ocrx_word' id='word_1_198' title='bbox 3425 1111 3474 1163; x_wconf 92' lang='lat' dir='ltr'><strong>in</strong></span> <span class='ocrx_word' id='word_1_199' title='bbox 3509 1127 3610 1162; x_wconf 89' lang='lat' dir='ltr'><strong>uu-</strong></span> 
     </span>
    </p>
   </div>
   <div class='ocr_carea' id='block_1_28' title="bbox 2040 1202 3604 1270">
    <p class='ocr_par' dir='ltr' id='par_1_28' title="bbox 2040 1202 3604 1270">
     <span class='ocr_line' id='line_1_28' title="bbox 2040 1202 3604 1270; baseline 0 -14"><span class='ocrx_word' id='word_1_200' title='bbox 2040 1203 2194 1256; x_wconf 83' lang='lat' dir='ltr'><strong>bibus</strong></span> <span class='ocrx_word' id='word_1_201' title='bbox 2230 1204 2281 1255; x_wconf 91' lang='lat' dir='ltr'><strong>iu</strong></span> <span class='ocrx_word' id='word_1_202' title='bbox 2313 1217 2600 1255; x_wconf 87' lang='lat' dir='ltr'><strong>occursum</strong></span> <span class='ocrx_word' id='word_1_203' title='bbox 2636 1203 2753 1270; x_wconf 91' lang='lat' dir='ltr'><strong>ejus</strong></span> <span class='ocrx_word' id='word_1_204' title='bbox 2789 1202 2839 1255; x_wconf 94' lang='lat' dir='ltr'><strong>iu</strong></span> <span class='ocrx_word' id='word_1_205' title='bbox 2888 1218 3034 1267; x_wconf 74' lang='lat' dir='ltr'><strong>aera,</strong></span> <span class='ocrx_word' id='word_1_206' title='bbox 3082 1219 3205 1256; x_wconf 91' lang='lat' dir='ltr'><strong>cum</strong></span> <span class='ocrx_word' id='word_1_207' title='bbox 3259 1219 3324 1255; x_wconf 78' lang='lat' dir='ltr'><strong>ex</strong></span> <span class='ocrx_word' id='word_1_208' title='bbox 3376 1202 3604 1256; x_wconf 88' lang='lat' dir='ltr'><strong>mortuis</strong></span> 
     </span>
    </p>
   </div>
   <div class='ocr_carea' id='block_1_29' title="bbox 2043 1292 3600 1361">
    <p class='ocr_par' dir='ltr' id='par_1_29' title="bbox 2043 1292 3600 1361">
     <span class='ocr_line' id='line_1_29' title="bbox 2043 1292 3600 1361; baseline 0 -15"><span class='ocrx_word' id='word_1_209' title='bbox 2043 1295 2353 1358; x_wconf 75' lang='lat' dir='ltr'><strong>revixerint,</strong></span> <span class='ocrx_word' id='word_1_210' title='bbox 2385 1304 2441 1346; x_wconf 90' lang='lat' dir='ltr'><strong>ut</strong></span> <span class='ocrx_word' id='word_1_211' title='bbox 2482 1303 2536 1348; x_wconf 90' lang='lat' dir='ltr'><strong>et</strong></span> <span class='ocrx_word' id='word_1_212' title='bbox 2581 1294 2981 1361; x_wconf 81' lang='lat' dir='ltr'><strong>sapientissimo</strong></span> <span class='ocrx_word' id='word_1_213' title='bbox 3021 1292 3187 1347; x_wconf 80' lang='lat' dir='ltr'><strong>Paulo</strong></span> <span class='ocrx_word' id='word_1_214' title='bbox 3227 1294 3397 1347; x_wconf 83' lang='lat' dir='ltr'><strong>visunt</strong></span> <span class='ocrx_word' id='word_1_215' title='bbox 3428 1302 3513 1347; x_wconf 90' lang='lat' dir='ltr'><strong>est</strong></span> <span class='ocrx_word' id='word_1_216' title='bbox 3533 1293 3600 1346; x_wconf 79' lang='lat'><strong>‘°.</strong></span> 
     </span>
    </p>
   </div>
   <div class='ocr_carea' id='block_1_30' title="bbox 2040 1384 3605 1454">
    <p class='ocr_par' dir='ltr' id='par_1_30' title="bbox 2040 1384 3605 1454">
     <span class='ocr_line' id='line_1_30' title="bbox 2040 1384 3605 1454; baseline 0.001 -17"><span class='ocrx_word' id='word_1_217' title='bbox 2040 1386 2191 1438; x_wconf 86' lang='lat' dir='ltr'><strong>abeo</strong></span> <span class='ocrx_word' id='word_1_218' title='bbox 2225 1386 2366 1454; x_wconf 86' lang='lat' dir='ltr'><strong>quod</strong></span> <span class='ocrx_word' id='word_1_219' title='bbox 2394 1386 2646 1438; x_wconf 80' lang='lat' dir='ltr'><strong>convenit</strong></span> <span class='ocrx_word' id='word_1_220' title='bbox 2702 1385 3010 1454; x_wconf 84' lang='lat' dir='ltr'><strong>neutiquam</strong></span> <span class='ocrx_word' id='word_1_221' title='bbox 3068 1388 3419 1440; x_wconf 84' lang='lat' dir='ltr'><strong>aberraverit.</strong></span> <span class='ocrx_word' id='word_1_222' title='bbox 3468 1384 3605 1439; x_wconf 80' lang='lat' dir='ltr'><strong>Nam</strong></span> 
     </span>
    </p>
   </div>
   <div class='ocr_carea' id='block_1_31' title="bbox 2044 1474 3622 1543">
    <p class='ocr_par' dir='ltr' id='par_1_31' title="bbox 2044 1474 3622 1543">
     <span class='ocr_line' id='line_1_31' title="bbox 2044 1474 3622 1543; baseline 0.001 -16"><span class='ocrx_word' id='word_1_223' title='bbox 2044 1474 2146 1527; x_wconf 84' lang='lat' dir='ltr'><strong>tale</strong></span> <span class='ocrx_word' id='word_1_224' title='bbox 2177 1475 2302 1542; x_wconf 91' lang='lat' dir='ltr'><strong>quid</strong></span> <span class='ocrx_word' id='word_1_225' title='bbox 2331 1474 2540 1527; x_wconf 82' lang='lat' dir='ltr'><strong>divinus</strong></span> <span class='ocrx_word' id='word_1_226' title='bbox 2564 1489 2777 1543; x_wconf 89' lang='lat' dir='ltr'><strong>quoque</strong></span> <span class='ocrx_word' id='word_1_227' title='bbox 2805 1474 2971 1527; x_wconf 72' lang='lat' dir='ltr'><strong>Isaias</strong></span> <span class='ocrx_word' id='word_1_228' title='bbox 2994 1475 3059 1527; x_wconf 85' lang='lat' dir='ltr'><strong>de</strong></span> <span class='ocrx_word' id='word_1_229' title='bbox 3093 1475 3224 1543; x_wconf 82' lang='lat' dir='ltr'><strong>ipsis</strong></span> <span class='ocrx_word' id='word_1_230' title='bbox 3250 1476 3379 1528; x_wconf 79' lang='lat' dir='ltr'><strong>dicit</strong></span> <span class='ocrx_word' id='word_1_231' title='bbox 3406 1489 3422 1528; x_wconf 88' lang='lat'><strong>:</strong></span> <span class='ocrx_word' id='word_1_232' title='bbox 3454 1494 3471 1527; x_wconf 87' lang='grc' dir='ltr'><strong>ι</strong></span> <span class='ocrx_word' id='word_1_233' title='bbox 3507 1475 3622 1529; x_wconf 83' lang='lat' dir='ltr'><strong>Illic</strong></span> 
     </span>
    </p>
   </div>
   <div class='ocr_carea' id='block_1_32' title="bbox 2039 1566 3616 1633">
    <p class='ocr_par' dir='ltr' id='par_1_32' title="bbox 2039 1566 3616 1633">
     <span class='ocr_line' id='line_1_32' title="bbox 2039 1566 3616 1633; baseline 0 -15"><span class='ocrx_word' id='word_1_234' title='bbox 2039 1580 2217 1620; x_wconf 64' lang='lat' dir='ltr'><strong>cervae</strong></span> <span class='ocrx_word' id='word_1_235' title='bbox 2262 1574 2718 1629; x_wconf 87' lang='lat' dir='ltr'><strong>occurrerunt,et</strong></span> <span class='ocrx_word' id='word_1_236' title='bbox 2766 1566 3016 1633; x_wconf 74' lang='lat' dir='ltr'><strong>viderunt</strong></span> <span class='ocrx_word' id='word_1_237' title='bbox 3068 1567 3236 1621; x_wconf 78' lang='lat' dir='ltr'><strong>facies</strong></span> <span class='ocrx_word' id='word_1_238' title='bbox 3263 1567 3329 1620; x_wconf 88' lang='lat' dir='ltr'><strong>ad</strong></span> <span class='ocrx_word' id='word_1_239' title='bbox 3354 1566 3616 1620; x_wconf 87' lang='lat' dir='ltr'><strong>invicem.</strong></span> 
     </span>
    </p>
   </div>
   <div class='ocr_carea' id='block_1_33' title="bbox 2043 1655 3612 1727">
    <p class='ocr_par' dir='ltr' id='par_1_33' title="bbox 2043 1655 3612 1727">
     <span class='ocr_line' id='line_1_33' title="bbox 2043 1655 3612 1727; baseline 0 -18"><span class='ocrx_word' id='word_1_240' title='bbox 2043 1655 2281 1711; x_wconf 86' lang='lat' dir='ltr'><strong>Numero</strong></span> <span class='ocrx_word' id='word_1_241' title='bbox 2317 1657 2671 1719; x_wconf 85' lang='lat' dir='ltr'><strong>transierunt,</strong></span> <span class='ocrx_word' id='word_1_242' title='bbox 2704 1666 2755 1710; x_wconf 85' lang='lat' dir='ltr'><strong>et</strong></span> <span class='ocrx_word' id='word_1_243' title='bbox 2781 1673 2880 1709; x_wconf 70' lang='lat' dir='ltr'><strong>una</strong></span> <span class='ocrx_word' id='word_1_244' title='bbox 2913 1672 2975 1710; x_wconf 82' lang='lat' dir='ltr'><strong>ex</strong></span> <span class='ocrx_word' id='word_1_245' title='bbox 3008 1658 3087 1711; x_wconf 90' lang='lat' dir='ltr'><strong>eis</strong></span> <span class='ocrx_word' id='word_1_246' title='bbox 3119 1675 3221 1711; x_wconf 89' lang='lat' dir='ltr'><strong>non</strong></span> <span class='ocrx_word' id='word_1_247' title='bbox 3250 1658 3612 1727; x_wconf 83' lang='lat' dir='ltr'><strong>periit,altera</strong></span> 
     </span>
    </p>
   </div>
   <div class='ocr_carea' id='block_1_34' title="bbox 355 1744 1953 1825">
    <p class='ocr_par' dir='ltr' id='par_1_34' title="bbox 355 1744 1932 1825">
     <span class='ocr_line' id='line_1_34' title="bbox 355 1744 1932 1825; baseline 0.011 -32"><span class='ocrx_word' id='word_1_248' title='bbox 355 1744 386 1793; x_wconf 97' lang='lat'><strong>6</strong></span> <span class='ocrx_word' id='word_1_249' title='bbox 436 1744 723 1809; x_wconf 83' lang='grc' dir='ltr'>θεσπέσιος</span> <span class='ocrx_word' id='word_1_250' title='bbox 760 1748 987 1813; x_wconf 81' lang='grc' dir='ltr'>Ἡσαΐας</span> <span class='ocrx_word' id='word_1_251' title='bbox 1035 1752 1163 1822; x_wconf 70' lang='grc' dir='ltr'>περὶ</span> <span class='ocrx_word' id='word_1_252' title='bbox 1222 1754 1433 1807; x_wconf 73' lang='grc' dir='ltr'>αὐτῶν·</span> <span class='ocrx_word' id='word_1_253' title='bbox 1490 1774 1508 1806; x_wconf 76' lang='grc' dir='ltr'>ι</span> <span class='ocrx_word' id='word_1_254' title='bbox 1555 1757 1700 1809; x_wconf 84' lang='grc' dir='ltr'><strong>Ἑκεῖ</strong></span> <span class='ocrx_word' id='word_1_255' title='bbox 1746 1756 1932 1825; x_wconf 74' lang='grc' dir='ltr'>ἔλαφοι</span> 
     </span>
    </p>
   </div>
   <div class='ocr_carea' id='block_1_35' title="bbox 2040 1744 3622 1825">
    <p class='ocr_par' dir='ltr' id='par_1_35' title="bbox 2041 1747 3622 1817">
     <span class='ocr_line' id='line_1_35' title="bbox 2041 1747 3622 1817; baseline 0.003 -17"><span class='ocrx_word' id='word_1_256' title='bbox 2041 1747 2263 1801; x_wconf 88' lang='lat' dir='ltr'><strong>alteram</strong></span> <span class='ocrx_word' id='word_1_257' title='bbox 2298 1762 2400 1801; x_wconf 90' lang='lat' dir='ltr'><strong>non</strong></span> <span class='ocrx_word' id='word_1_258' title='bbox 2433 1749 2784 1816; x_wconf 65' lang='lat' dir='ltr'><strong>quaesierunt.</strong></span> <span class='ocrx_word' id='word_1_259' title='bbox 2810 1749 2944 1814; x_wconf 82' lang='lat' dir='ltr'><strong>Quia</strong></span> <span class='ocrx_word' id='word_1_260' title='bbox 2975 1750 3230 1803; x_wconf 82' lang='lat' dir='ltr'><strong>Deminus</strong></span> <span class='ocrx_word' id='word_1_261' title='bbox 3255 1750 3385 1817; x_wconf 86' lang='lat' dir='ltr'><strong>ipsis</strong></span> <span class='ocrx_word' id='word_1_262' title='bbox 3414 1763 3622 1816; x_wconf 65' lang='lat' dir='ltr'><strong>prace-</strong></span> 
     </span>
    </p>
   </div>
   <div class='ocr_carea' id='block_1_36' title="bbox 357 1836 1938 1918">
    <p class='ocr_par' dir='ltr' id='par_1_36' title="bbox 357 1836 1938 1918">
     <span class='ocr_line' id='line_1_36' title="bbox 357 1836 1938 1918; baseline 0.009 -31"><span class='ocrx_word' id='word_1_263' title='bbox 357 1836 722 1906; x_wconf 84' lang='grc' dir='ltr'>συνήντησαν,</span> <span class='ocrx_word' id='word_1_264' title='bbox 746 1839 840 1891; x_wconf 63' lang='grc' dir='ltr'><strong>κοιλ⁹</strong></span> <span class='ocrx_word' id='word_1_265' title='bbox 872 1836 1008 1894; x_wconf 78' lang='grc' dir='ltr'>εἶδον</span> <span class='ocrx_word' id='word_1_266' title='bbox 1028 1847 1096 1896; x_wconf 72' lang='grc' dir='ltr'><strong>τά</strong></span> <span class='ocrx_word' id='word_1_267' title='bbox 1121 1844 1386 1915; x_wconf 82' lang='grc' dir='ltr'>πρόσωπα</span> <span class='ocrx_word' id='word_1_268' title='bbox 1411 1846 1671 1918; x_wconf 85' lang='grc' dir='ltr'>ἀλλήλων.</span> <span class='ocrx_word' id='word_1_269' title='bbox 1695 1847 1938 1918; x_wconf 83' lang='grc' dir='ltr'>Ἀριθμῷ</span> 
     </span>
    </p>
   </div>
   <div class='ocr_carea' id='block_1_37' title="bbox 316 1927 1943 2009">
    <p class='ocr_par' dir='ltr' id='par_1_37' title="bbox 316 1927 1943 2009">
     <span class='ocr_line' id='line_1_37' title="bbox 316 1927 1943 2009; baseline 0.01 -33"><span class='ocrx_word' id='word_1_270' title='bbox 316 1946 331 1955; x_wconf 62' lang='grc' dir='ltr'><em>α</em></span> <span class='ocrx_word' id='word_1_271' title='bbox 354 1927 659 1997; x_wconf 78' lang='grc' dir='ltr'>παρῆλθον,</span> <span class='ocrx_word' id='word_1_272' title='bbox 696 1932 787 1983; x_wconf 70' lang='grc' dir='ltr'><strong>καὶ</strong></span> <span class='ocrx_word' id='word_1_273' title='bbox 824 1932 921 2002; x_wconf 97' lang='grc' dir='ltr'><strong>μία</strong></span> <span class='ocrx_word' id='word_1_274' title='bbox 955 1934 1132 1987; x_wconf 73' lang='grc' dir='ltr'>αὐτῶν</span> <span class='ocrx_word' id='word_1_275' title='bbox 1161 1936 1259 1989; x_wconf 73' lang='grc' dir='ltr'><strong>οὐκ</strong></span> <span class='ocrx_word' id='word_1_276' title='bbox 1319 1937 1583 2000; x_wconf 79' lang='grc' dir='ltr'><strong>ἀπώλετο,</strong></span> <span class='ocrx_word' id='word_1_277' title='bbox 1633 1940 1792 2009; x_wconf 81' lang='grc' dir='ltr'>ἑτέρα</span> <span class='ocrx_word' id='word_1_278' title='bbox 1842 1939 1943 2009; x_wconf 76' lang='grc' dir='ltr'><strong>τὴν</strong></span> 
     </span>
    </p>
   </div>
   <div class='ocr_carea' id='block_1_38' title="bbox 356 2019 1934 2099">
    <p class='ocr_par' dir='ltr' id='par_1_38' title="bbox 356 2019 1934 2099">
     <span class='ocr_line' id='line_1_38' title="bbox 356 2019 1934 2099; baseline 0.008 -28"><span class='ocrx_word' id='word_1_279' title='bbox 356 2019 559 2088; x_wconf 79' lang='grc' dir='ltr'><strong>ἑτέραν</strong></span> <span class='ocrx_word' id='word_1_280' title='bbox 581 2021 680 2074; x_wconf 75' lang='grc' dir='ltr'><strong>οὐκ</strong></span> <span class='ocrx_word' id='word_1_281' title='bbox 710 2021 1133 2093; x_wconf 75' lang='grc' dir='ltr'>ἐζήτησαν.”υτι</span> <span class='ocrx_word' id='word_1_282' title='bbox 1158 2028 1362 2099; x_wconf 83' lang='grc' dir='ltr'>Κύριος</span> <span class='ocrx_word' id='word_1_283' title='bbox 1390 2030 1697 2083; x_wconf 83' lang='grc' dir='ltr'>ἐνετείλατο</span> <span class='ocrx_word' id='word_1_284' title='bbox 1722 2032 1934 2094; x_wconf 82' lang='grc' dir='ltr'>αὐταῖς,</span> 
     </span>
    </p>
   </div>
   <div class='ocr_carea' id='block_1_39' title="bbox 356 2108 1941 2189">
    <p class='ocr_par' dir='ltr' id='par_1_39' title="bbox 356 2108 1941 2189">
     <span class='ocr_line' id='line_1_39' title="bbox 356 2108 1941 2189; baseline 0.009 -30"><span class='ocrx_word' id='word_1_285' title='bbox 356 2108 454 2162; x_wconf 74' lang='grc' dir='ltr'><strong>καὶ</strong></span> <span class='ocrx_word' id='word_1_286' title='bbox 493 2110 551 2162; x_wconf 79' lang='grc' dir='ltr'>τὸ</span> <span class='ocrx_word' id='word_1_287' title='bbox 590 2112 805 2183; x_wconf 77' lang='grc' dir='ltr'>πνεῦμα</span> <span class='ocrx_word' id='word_1_288' title='bbox 846 2116 1007 2168; x_wconf 73' lang='grc' dir='ltr'>αὐτοῦ</span> <span class='ocrx_word' id='word_1_289' title='bbox 1063 2119 1368 2189; x_wconf 78' lang='grc' dir='ltr'>συνήγαγεν</span> <span class='ocrx_word' id='word_1_290' title='bbox 1421 2122 1637 2184; x_wconf 74' lang='grc' dir='ltr'>αὐτούς.</span> <span class='ocrx_word' id='word_1_291' title='bbox 1677 2141 1695 2174; x_wconf 75' lang='grc' dir='ltr'><strong>ι</strong></span> <span class='ocrx_word' id='word_1_292' title='bbox 1730 2122 1941 2176; x_wconf 77' lang='grc' dir='ltr'>Ψάλλει</span> 
     </span>
    </p>
   </div>
   <div class='ocr_carea' id='block_1_40' title="bbox 356 2200 1937 2281">
    <p class='ocr_par' dir='ltr' id='par_1_40' title="bbox 356 2200 1937 2281">
     <span class='ocr_line' id='line_1_40' title="bbox 356 2200 1937 2281; baseline 0.009 -29"><span class='ocrx_word' id='word_1_293' title='bbox 356 2200 416 2253; x_wconf 84' lang='grc' dir='ltr'>δὲ</span> <span class='ocrx_word' id='word_1_294' title='bbox 460 2202 555 2254; x_wconf 75' lang='grc' dir='ltr'><strong>καὶ</strong></span> <span class='ocrx_word' id='word_1_295' title='bbox 601 2205 630 2254; x_wconf 86' lang='lat'><strong>6</strong></span> <span class='ocrx_word' id='word_1_296' title='bbox 673 2204 958 2269; x_wconf 73' lang='grc' dir='ltr'>θεσπέσιος</span> <span class='ocrx_word' id='word_1_297' title='bbox 1002 2209 1196 2270; x_wconf 73' lang='grc' dir='ltr'>Δαεὶδ,</span> <span class='ocrx_word' id='word_1_298' title='bbox 1234 2210 1332 2280; x_wconf 80' lang='grc' dir='ltr'>τὴν</span> <span class='ocrx_word' id='word_1_299' title='bbox 1377 2209 1435 2276; x_wconf 80' lang='grc' dir='ltr'>ἐξ</span> <span class='ocrx_word' id='word_1_300' title='bbox 1486 2211 1733 2281; x_wconf 72' lang='grc' dir='ltr'>οὐρανῶν</span> <span class='ocrx_word' id='word_1_301' title='bbox 1769 2229 1937 2266; x_wconf 85' lang='grc' dir='ltr'>κατα-</span> 
     </span>
    </p>
   </div>
   <div class='ocr_carea' id='block_1_41' title="bbox 357 2290 1938 2373">
    <p class='ocr_par' dir='ltr' id='par_1_41' title="bbox 357 2290 1938 2373">
     <span class='ocr_line' id='line_1_41' title="bbox 357 2290 1938 2373; baseline 0.009 -32"><span class='ocrx_word' id='word_1_302' title='bbox 357 2290 605 2361; x_wconf 72' lang='grc' dir='ltr'>φοίτησιν</span> <span class='ocrx_word' id='word_1_303' title='bbox 647 2292 740 2345; x_wconf 73' lang='grc' dir='ltr'>τοῦ</span> <span class='ocrx_word' id='word_1_304' title='bbox 773 2295 987 2349; x_wconf 85' lang='grc' dir='ltr'>πάντων</span> <span class='ocrx_word' id='word_1_305' title='bbox 1020 2297 1174 2367; x_wconf 79' lang='grc' dir='ltr'>ήμῶν</span> <span class='ocrx_word' id='word_1_306' title='bbox 1225 2299 1475 2369; x_wconf 76' lang='grc' dir='ltr'>Σωτῆρος</span> <span class='ocrx_word' id='word_1_307' title='bbox 1524 2300 1759 2371; x_wconf 76' lang='grc' dir='ltr'>Χριστοῦ</span> <span class='ocrx_word' id='word_1_308' title='bbox 1803 2319 1938 2373; x_wconf 86' lang='grc' dir='ltr'>προ-</span> 
     </span>
    </p>
   </div>
   <div class='ocr_carea' id='block_1_42' title="bbox 358 2384 1939 2464">
    <p class='ocr_par' dir='ltr' id='par_1_42' title="bbox 358 2384 1939 2464">
     <span class='ocr_line' id='line_1_42' title="bbox 358 2384 1939 2464; baseline 0.007 -27"><span class='ocrx_word' id='word_1_309' title='bbox 358 2384 699 2451; x_wconf 72' lang='grc' dir='ltr'>αναςρωνῶν·</span> <span class='ocrx_word' id='word_1_310' title='bbox 745 2388 905 2441; x_wconf 65' lang='lat' dir='ltr'><strong>(&quot;Ott</strong></span> <span class='ocrx_word' id='word_1_311' title='bbox 957 2391 1057 2444; x_wconf 85' lang='grc' dir='ltr'><strong>οὐκ</strong></span> <span class='ocrx_word' id='word_1_312' title='bbox 1102 2390 1380 2445; x_wconf 82' lang='grc' dir='ltr'><strong>ἀπώσεται</strong></span> <span class='ocrx_word' id='word_1_313' title='bbox 1434 2393 1637 2464; x_wconf 83' lang='grc' dir='ltr'>Κύριος</span> <span class='ocrx_word' id='word_1_314' title='bbox 1672 2393 1763 2447; x_wconf 77' lang='grc' dir='ltr'>τὸν</span> <span class='ocrx_word' id='word_1_315' title='bbox 1810 2393 1939 2448; x_wconf 77' lang='grc' dir='ltr'>λαὸν</span> 
     </span>
    </p>
   </div>
   <div class='ocr_carea' id='block_1_43' title="bbox 358 2476 1937 2555">
    <p class='ocr_par' dir='ltr' id='par_1_43' title="bbox 358 2476 1937 2555">
     <span class='ocr_line' id='line_1_43' title="bbox 358 2476 1937 2555; baseline 0.008 -28"><span class='ocrx_word' id='word_1_316' title='bbox 358 2476 547 2539; x_wconf 74' lang='grc' dir='ltr'>αὑτοῦ,</span> <span class='ocrx_word' id='word_1_317' title='bbox 580 2479 671 2532; x_wconf 73' lang='grc' dir='ltr'><strong>καὶ</strong></span> <span class='ocrx_word' id='word_1_318' title='bbox 694 2478 792 2549; x_wconf 79' lang='grc' dir='ltr'>τὴν</span> <span class='ocrx_word' id='word_1_319' title='bbox 813 2481 1179 2551; x_wconf 74' lang='grc' dir='ltr'>κληρονομίαν</span> <span class='ocrx_word' id='word_1_320' title='bbox 1206 2484 1369 2536; x_wconf 68' lang='grc' dir='ltr'>αὐτοῦ</span> <span class='ocrx_word' id='word_1_321' title='bbox 1397 2486 1499 2537; x_wconf 66' lang='grc' dir='ltr'><strong>οὐκ</strong></span> <span class='ocrx_word' id='word_1_322' title='bbox 1532 2485 1937 2555; x_wconf 62' lang='grc' dir='ltr'>ἐγκαταλείψει,</span> 
     </span>
    </p>
   </div>
   <div class='ocr_carea' id='block_1_44' title="bbox 358 2561 1939 2647">
    <p class='ocr_par' dir='ltr' id='par_1_44' title="bbox 358 2561 1939 2647">
     <span class='ocr_line' id='line_1_44' title="bbox 358 2561 1939 2647; baseline 0.009 -31"><span class='ocrx_word' id='word_1_323' title='bbox 358 2565 465 2629; x_wconf 67' lang='lat' dir='ltr'><strong>Iw;</strong></span> <span class='ocrx_word' id='word_1_324' title='bbox 485 2561 544 2620; x_wconf 75' lang='grc' dir='ltr'>οὗ</span> <span class='ocrx_word' id='word_1_325' title='bbox 570 2566 882 2638; x_wconf 80' lang='grc' dir='ltr'>δικαιοσύνη</span> <span class='ocrx_word' id='word_1_326' title='bbox 906 2572 1204 2644; x_wconf 62' lang='grc' dir='ltr'>ἐπιστρέψῃ</span> <span class='ocrx_word' id='word_1_327' title='bbox 1230 2576 1307 2637; x_wconf 83' lang='grc' dir='ltr'>εἰς</span> <span class='ocrx_word' id='word_1_328' title='bbox 1331 2575 1532 2645; x_wconf 89' lang='grc' dir='ltr'>κρίσιν,</span> <span class='ocrx_word' id='word_1_329' title='bbox 1567 2577 1660 2629; x_wconf 76' lang='grc' dir='ltr'><strong>καὶ</strong></span> <span class='ocrx_word' id='word_1_330' title='bbox 1692 2577 1939 2647; x_wconf 81' lang='grc' dir='ltr'>ἐχόμενοι</span> 
     </span>
    </p>
   </div>
   <div class='ocr_carea' id='block_1_45' title="bbox 360 2657 1939 2738">
    <p class='ocr_par' dir='ltr' id='par_1_45' title="bbox 360 2657 1939 2738">
     <span class='ocr_line' id='line_1_45' title="bbox 360 2657 1939 2738; baseline 0.009 -30"><span class='ocrx_word' id='word_1_331' title='bbox 360 2657 533 2726; x_wconf 69' lang='grc' dir='ltr'>αὐτῆς</span> <span class='ocrx_word' id='word_1_332' title='bbox 580 2659 777 2723; x_wconf 73' lang='grc' dir='ltr'>πάντες</span> <span class='ocrx_word' id='word_1_333' title='bbox 822 2662 871 2713; x_wconf 88' lang='grc' dir='ltr'>οἱ</span> <span class='ocrx_word' id='word_1_334' title='bbox 916 2662 1091 2725; x_wconf 81' lang='grc' dir='ltr'>εύθείς</span> <span class='ocrx_word' id='word_1_335' title='bbox 1137 2668 1203 2736; x_wconf 80' lang='grc' dir='ltr'>τῇ</span> <span class='ocrx_word' id='word_1_336' title='bbox 1256 2667 1471 2737; x_wconf 71' lang='grc' dir='ltr'>καρδίᾳ.</span> <span class='ocrx_word' id='word_1_337' title='bbox 1507 2686 1524 2715; x_wconf 77' lang='grc' dir='ltr'><strong>ι</strong></span> <span class='ocrx_word' id='word_1_338' title='bbox 1580 2668 1939 2738; x_wconf 84' lang='grc' dir='ltr'>Δικαιοσύνην</span> 
     </span>
    </p>
   </div>
   <div class='ocr_carea' id='block_1_46' title="bbox 362 2748 1940 2828">
    <p class='ocr_par' dir='ltr' id='par_1_46' title="bbox 362 2748 1940 2828">
     <span class='ocr_line' id='line_1_46' title="bbox 362 2748 1940 2828; baseline 0.008 -29"><span class='ocrx_word' id='word_1_339' title='bbox 362 2748 465 2818; x_wconf 81' lang='grc' dir='ltr'>μὲν</span> <span class='ocrx_word' id='word_1_340' title='bbox 490 2749 595 2819; x_wconf 76' lang='grc' dir='ltr'><strong>γάρ</strong></span> <span class='ocrx_word' id='word_1_341' title='bbox 620 2751 876 2819; x_wconf 74' lang='grc' dir='ltr'>ὀνομάζει</span> <span class='ocrx_word' id='word_1_342' title='bbox 911 2754 1165 2823; x_wconf 71' lang='grc' dir='ltr'>Χριστὸν,</span> <span class='ocrx_word' id='word_1_343' title='bbox 1200 2757 1522 2828; x_wconf 69' lang='grc' dir='ltr'>ἐπιστρέψαι</span> <span class='ocrx_word' id='word_1_344' title='bbox 1557 2759 1612 2810; x_wconf 77' lang='grc' dir='ltr'><strong>δέ</strong></span> <span class='ocrx_word' id='word_1_345' title='bbox 1651 2776 1815 2828; x_wconf 85' lang='grc' dir='ltr'>φησιν</span> <span class='ocrx_word' id='word_1_346' title='bbox 1859 2762 1940 2823; x_wconf 84' lang='grc' dir='ltr'><strong>είς</strong></span> 
     </span>
    </p>
   </div>
   <div class='ocr_carea' id='block_1_47' title="bbox 357 2839 1938 2918">
    <p class='ocr_par' dir='ltr' id='par_1_47' title="bbox 357 2839 1938 2918">
     <span class='ocr_line' id='line_1_47' title="bbox 357 2839 1938 2918; baseline 0.008 -26"><span class='ocrx_word' id='word_1_347' title='bbox 357 2839 546 2911; x_wconf 72' lang='grc' dir='ltr'>κρίσι)</span> <span class='ocrx_word' id='word_1_348' title='bbox 576 2842 756 2894; x_wconf 66' lang='grc' dir='ltr'>αὐτόν.</span> <span class='ocrx_word' id='word_1_349' title='bbox 778 2843 1077 2915; x_wconf 64' lang='grc' dir='ltr'>Ἀνελήφθη</span> <span class='ocrx_word' id='word_1_350' title='bbox 1109 2846 1205 2915; x_wconf 81' lang='grc' dir='ltr'><strong>μὲν</strong></span> <span class='ocrx_word' id='word_1_351' title='bbox 1239 2846 1345 2918; x_wconf 83' lang='grc' dir='ltr'><strong>γὰρ</strong></span> <span class='ocrx_word' id='word_1_352' title='bbox 1373 2848 1619 2918; x_wconf 78' lang='grc' dir='ltr'>πατήσας</span> <span class='ocrx_word' id='word_1_353' title='bbox 1653 2850 1741 2903; x_wconf 78' lang='grc' dir='ltr'><strong>τὸν</strong></span> <span class='ocrx_word' id='word_1_354' title='bbox 1773 2850 1938 2904; x_wconf 86' lang='grc' dir='ltr'>θάνα-</span> 
     </span>
    </p>
   </div>
   <div class='ocr_carea' id='block_1_48' title="bbox 354 2930 1941 3007">
    <p class='ocr_par' dir='ltr' id='par_1_48' title="bbox 354 2930 1941 3007">
     <span class='ocr_line' id='line_1_48' title="bbox 354 2930 1941 3007; baseline 0.007 -26"><span class='ocrx_word' id='word_1_355' title='bbox 354 2945 471 2990; x_wconf 85' lang='grc' dir='ltr'>τον,</span> <span class='ocrx_word' id='word_1_356' title='bbox 522 2930 615 2982; x_wconf 73' lang='grc' dir='ltr'><strong>καὶ</strong></span> <span class='ocrx_word' id='word_1_357' title='bbox 661 2930 825 3000; x_wconf 73' lang='grc' dir='ltr'>ἀνέϐη</span> <span class='ocrx_word' id='word_1_358' title='bbox 875 2932 1010 3002; x_wconf 65' lang='grc' dir='ltr'>πρὸς</span> <span class='ocrx_word' id='word_1_359' title='bbox 1054 2933 1141 2986; x_wconf 75' lang='grc' dir='ltr'>τὸν</span> <span class='ocrx_word' id='word_1_360' title='bbox 1192 2935 1248 2987; x_wconf 85' lang='grc' dir='ltr'>ὲν</span> <span class='ocrx_word' id='word_1_361' title='bbox 1291 2936 1539 3006; x_wconf 74' lang='grc' dir='ltr'>οὐρανοῖς</span> <span class='ocrx_word' id='word_1_362' title='bbox 1583 2938 1802 3007; x_wconf 81' lang='grc' dir='ltr'>Πατέρα</span> <span class='ocrx_word' id='word_1_363' title='bbox 1848 2941 1941 2992; x_wconf 74' lang='grc' dir='ltr'><strong>καὶ</strong></span> 
     </span>
    </p>
   </div>
   <div class='ocr_carea' id='block_1_49' title="bbox 356 3018 1939 3099">
    <p class='ocr_par' dir='ltr' id='par_1_49' title="bbox 356 3018 1939 3099">
     <span class='ocr_line' id='line_1_49' title="bbox 356 3018 1939 3099; baseline 0.008 -29"><span class='ocrx_word' id='word_1_364' title='bbox 356 3018 512 3073; x_wconf 80' lang='grc' dir='ltr'>θεόν.</span> <span class='ocrx_word' id='word_1_365' title='bbox 556 3019 693 3072; x_wconf 84' lang='grc' dir='ltr'>Ἀλλ’</span> <span class='ocrx_word' id='word_1_366' title='bbox 727 3021 1008 3092; x_wconf 73' lang='grc' dir='ltr'>ἐπιτρέψει</span> <span class='ocrx_word' id='word_1_367' title='bbox 1054 3024 1194 3076; x_wconf 87' lang='grc' dir='ltr'><strong>κατά</strong></span> <span class='ocrx_word' id='word_1_368' title='bbox 1223 3028 1448 3096; x_wconf 83' lang='grc' dir='ltr'>καιροὺς</span> <span class='ocrx_word' id='word_1_369' title='bbox 1489 3029 1568 3091; x_wconf 86' lang='grc' dir='ltr'><strong>είς</strong></span> <span class='ocrx_word' id='word_1_370' title='bbox 1601 3028 1801 3099; x_wconf 86' lang='grc' dir='ltr'>κρίσιν,</span> <span class='ocrx_word' id='word_1_371' title='bbox 1843 3031 1939 3083; x_wconf 81' lang='grc' dir='ltr'>καὶ</span> 
     </span>
    </p>
   </div>
   <div class='ocr_carea' id='block_1_50' title="bbox 2044 1838 3620 1909">
    <p class='ocr_par' dir='ltr' id='par_1_50' title="bbox 2044 1838 3620 1909">
     <span class='ocr_line' id='line_1_50' title="bbox 2044 1838 3620 1909; baseline -0.001 -17"><span class='ocrx_word' id='word_1_372' title='bbox 2044 1839 2141 1909; x_wconf 90' lang='lat' dir='ltr'><strong>pit,</strong></span> <span class='ocrx_word' id='word_1_373' title='bbox 2172 1850 2224 1892; x_wconf 82' lang='lat' dir='ltr'><strong>et</strong></span> <span class='ocrx_word' id='word_1_374' title='bbox 2249 1839 2473 1907; x_wconf 87' lang='lat' dir='ltr'><strong>spiritus</strong></span> <span class='ocrx_word' id='word_1_375' title='bbox 2504 1838 2620 1905; x_wconf 86' lang='lat' dir='ltr'><strong>ejus</strong></span> <span class='ocrx_word' id='word_1_376' title='bbox 2643 1838 2993 1907; x_wconf 79' lang='lat' dir='ltr'><strong>congregavit</strong></span> <span class='ocrx_word' id='word_1_377' title='bbox 3016 1838 3193 1891; x_wconf 77' lang='lat' dir='ltr'><strong>eos“.</strong></span> <span class='ocrx_word' id='word_1_378' title='bbox 3221 1857 3241 1890; x_wconf 77' lang='grc' dir='ltr'><strong>ι</strong></span> <span class='ocrx_word' id='word_1_379' title='bbox 3275 1839 3459 1891; x_wconf 74' lang='lat' dir='ltr'><strong>Psallit</strong></span> <span class='ocrx_word' id='word_1_380' title='bbox 3483 1853 3620 1908; x_wconf 82' lang='lat' dir='ltr'><strong>quo-</strong></span> 
     </span>
    </p>
   </div>
   <div class='ocr_carea' id='block_1_51' title="bbox 2040 1928 3626 2000">
    <p class='ocr_par' dir='ltr' id='par_1_51' title="bbox 2040 1928 3626 2000">
     <span class='ocr_line' id='line_1_51' title="bbox 2040 1928 3626 2000; baseline 0 -19"><span class='ocrx_word' id='word_1_381' title='bbox 2040 1946 2145 2000; x_wconf 78' lang='lat' dir='ltr'><strong>que</strong></span> <span class='ocrx_word' id='word_1_382' title='bbox 2184 1930 2397 1984; x_wconf 86' lang='lat' dir='ltr'><strong>divinus</strong></span> <span class='ocrx_word' id='word_1_383' title='bbox 2422 1928 2588 1980; x_wconf 89' lang='lat' dir='ltr'><strong>David</strong></span> <span class='ocrx_word' id='word_1_384' title='bbox 2615 1930 2935 1982; x_wconf 80' lang='lat' dir='ltr'><strong>descensum</strong></span> <span class='ocrx_word' id='word_1_385' title='bbox 2981 1942 3009 1982; x_wconf 85' lang='lat' dir='ltr'><strong>e</strong></span> <span class='ocrx_word' id='word_1_386' title='bbox 3040 1928 3189 1982; x_wconf 61' lang='lat' dir='ltr'><strong>caelo</strong></span> <span class='ocrx_word' id='word_1_387' title='bbox 3241 1929 3478 1981; x_wconf 87' lang='lat' dir='ltr'><strong>omnium</strong></span> <span class='ocrx_word' id='word_1_388' title='bbox 3523 1942 3626 1981; x_wconf 84' lang='lat' dir='ltr'><strong>n0—</strong></span> 
     </span>
    </p>
   </div>
   <div class='ocr_carea' id='block_1_52' title="bbox 2044 2021 3620 2092">
    <p class='ocr_par' dir='ltr' id='par_1_52' title="bbox 2044 2021 3620 2092">
     <span class='ocr_line' id='line_1_52' title="bbox 2044 2021 3620 2092; baseline -0.001 -15"><span class='ocrx_word' id='word_1_389' title='bbox 2044 2034 2216 2078; x_wconf 90' lang='lat' dir='ltr'><strong>strum</strong></span> <span class='ocrx_word' id='word_1_390' title='bbox 2246 2021 2546 2076; x_wconf 84' lang='lat' dir='ltr'><strong>Salvatoris</strong></span> <span class='ocrx_word' id='word_1_391' title='bbox 2583 2022 2989 2091; x_wconf 78' lang='lat' dir='ltr'><strong>praeuuntians:</strong></span> <span class='ocrx_word' id='word_1_392' title='bbox 3027 2040 3045 2073; x_wconf 86' lang='grc' dir='ltr'><strong>ι</strong></span> <span class='ocrx_word' id='word_1_393' title='bbox 3086 2022 3221 2088; x_wconf 86' lang='lat' dir='ltr'><strong>Quia</strong></span> <span class='ocrx_word' id='word_1_394' title='bbox 3249 2039 3352 2075; x_wconf 88' lang='lat' dir='ltr'><strong>non</strong></span> <span class='ocrx_word' id='word_1_395' title='bbox 3394 2022 3620 2092; x_wconf 82' lang='lat' dir='ltr'><strong>repellet</strong></span> 
     </span>
    </p>
   </div>
   <div class='ocr_carea' id='block_1_53' title="bbox 2042 2113 3620 2182">
    <p class='ocr_par' dir='ltr' id='par_1_53' title="bbox 2042 2113 3620 2182">
     <span class='ocr_line' id='line_1_53' title="bbox 2042 2113 3620 2182; baseline 0.001 -16"><span class='ocrx_word' id='word_1_396' title='bbox 2042 2113 2301 2168; x_wconf 90' lang='lat' dir='ltr'><strong>Dominus</strong></span> <span class='ocrx_word' id='word_1_397' title='bbox 2324 2113 2530 2182; x_wconf 86' lang='lat' dir='ltr'><strong>plebem</strong></span> <span class='ocrx_word' id='word_1_398' title='bbox 2553 2129 2729 2177; x_wconf 92' lang='lat' dir='ltr'><strong>suam,</strong></span> <span class='ocrx_word' id='word_1_399' title='bbox 2751 2124 2805 2168; x_wconf 88' lang='lat' dir='ltr'><strong>et</strong></span> <span class='ocrx_word' id='word_1_400' title='bbox 2829 2115 3194 2167; x_wconf 63' lang='lat' dir='ltr'><strong>haereditatem</strong></span> <span class='ocrx_word' id='word_1_401' title='bbox 3222 2130 3373 2167; x_wconf 78' lang='lat' dir='ltr'><strong>suam</strong></span> <span class='ocrx_word' id='word_1_402' title='bbox 3397 2129 3500 2167; x_wconf 89' lang='lat' dir='ltr'><strong>non</strong></span> <span class='ocrx_word' id='word_1_403' title='bbox 3524 2114 3620 2168; x_wconf 81' lang='lat' dir='ltr'><strong>de-</strong></span> 
     </span>
    </p>
   </div>
   <div class='ocr_carea' id='block_1_54' title="bbox 2041 2204 3625 2273">
    <p class='ocr_par' dir='ltr' id='par_1_54' title="bbox 2041 2204 3625 2273">
     <span class='ocr_line' id='line_1_54' title="bbox 2041 2204 3625 2273; baseline 0.001 -15"><span class='ocrx_word' id='word_1_404' title='bbox 2041 2205 2332 2273; x_wconf 81' lang='lat' dir='ltr'><strong>relinquet,</strong></span> <span class='ocrx_word' id='word_1_405' title='bbox 2362 2207 2533 2258; x_wconf 82' lang='lat' dir='ltr'><strong>donec</strong></span> <span class='ocrx_word' id='word_1_406' title='bbox 2568 2204 2779 2272; x_wconf 90' lang='lat' dir='ltr'><strong>jnstitia</strong></span> <span class='ocrx_word' id='word_1_407' title='bbox 2805 2216 3153 2259; x_wconf 84' lang='lat' dir='ltr'><strong>convertatur</strong></span> <span class='ocrx_word' id='word_1_408' title='bbox 3182 2207 3231 2258; x_wconf 92' lang='lat' dir='ltr'><strong>in</strong></span> <span class='ocrx_word' id='word_1_409' title='bbox 3253 2205 3538 2273; x_wconf 87' lang='lat' dir='ltr'><strong>judicium,</strong></span> <span class='ocrx_word' id='word_1_410' title='bbox 3562 2215 3625 2259; x_wconf 88' lang='lat' dir='ltr'><strong>et</strong></span> 
     </span>
    </p>
   </div>
   <div class='ocr_carea' id='block_1_55' title="bbox 2041 2296 3615 2352">
    <p class='ocr_par' dir='ltr' id='par_1_55' title="bbox 2041 2296 3615 2352">
     <span class='ocr_line' id='line_1_55' title="bbox 2041 2296 3615 2352; baseline 0.001 -4"><span class='ocrx_word' id='word_1_411' title='bbox 2041 2297 2376 2350; x_wconf 69' lang='lat' dir='ltr'><strong>adhaerentes</strong></span> <span class='ocrx_word' id='word_1_412' title='bbox 2394 2296 2467 2349; x_wconf 89' lang='lat' dir='ltr'><strong>illi</strong></span> <span class='ocrx_word' id='word_1_413' title='bbox 2492 2310 2679 2350; x_wconf 85' lang='lat' dir='ltr'><strong>omnes</strong></span> <span class='ocrx_word' id='word_1_414' title='bbox 2705 2297 2835 2351; x_wconf 89' lang='lat' dir='ltr'><strong>recti</strong></span> <span class='ocrx_word' id='word_1_415' title='bbox 2871 2298 3032 2352; x_wconf 88' lang='lat' dir='ltr'><strong>corde</strong></span> <span class='ocrx_word' id='word_1_416' title='bbox 3048 2297 3117 2352; x_wconf 81' lang='lat'><strong>“.</strong></span> <span class='ocrx_word' id='word_1_417' title='bbox 3140 2317 3159 2349; x_wconf 74' lang='grc' dir='ltr'><strong>ι</strong></span> <span class='ocrx_word' id='word_1_418' title='bbox 3180 2296 3450 2351; x_wconf 81' lang='lat' dir='ltr'><strong>Justitiam</strong></span> <span class='ocrx_word' id='word_1_419' title='bbox 3472 2297 3615 2351; x_wconf 89' lang='lat' dir='ltr'><strong>euitn</strong></span> 
     </span>
    </p>
   </div>
   <div class='ocr_carea' id='block_1_56' title="bbox 2040 2386 3617 2459">
    <p class='ocr_par' dir='ltr' id='par_1_56' title="bbox 2040 2386 3617 2459">
     <span class='ocr_line' id='line_1_56' title="bbox 2040 2386 3617 2459; baseline 0 -18"><span class='ocrx_word' id='word_1_420' title='bbox 2040 2386 2314 2441; x_wconf 85' lang='lat' dir='ltr'><strong>Christqu</strong></span> <span class='ocrx_word' id='word_1_421' title='bbox 2344 2396 2520 2451; x_wconf 88' lang='lat' dir='ltr'><strong>vocat,</strong></span> <span class='ocrx_word' id='word_1_422' title='bbox 2554 2402 2714 2456; x_wconf 88' lang='lat' dir='ltr'><strong>quem</strong></span> <span class='ocrx_word' id='word_1_423' title='bbox 2749 2402 3073 2442; x_wconf 83' lang='lat' dir='ltr'><strong>conversum</strong></span> <span class='ocrx_word' id='word_1_424' title='bbox 3110 2390 3177 2443; x_wconf 89' lang='lat' dir='ltr'><strong>ad</strong></span> <span class='ocrx_word' id='word_1_425' title='bbox 3227 2389 3485 2459; x_wconf 86' lang='lat' dir='ltr'><strong>judicium</strong></span> <span class='ocrx_word' id='word_1_426' title='bbox 3531 2388 3617 2453; x_wconf 53' lang='lat' dir='ltr'><strong>di:-</strong></span> 
     </span>
    </p>
   </div>
   <div class='ocr_carea' id='block_1_57' title="bbox 2040 2476 3619 2546">
    <p class='ocr_par' dir='ltr' id='par_1_57' title="bbox 2040 2476 3619 2546">
     <span class='ocr_line' id='line_1_57' title="bbox 2040 2476 3619 2546; baseline 0.002 -17"><span class='ocrx_word' id='word_1_427' title='bbox 2040 2476 2134 2529; x_wconf 89' lang='lat' dir='ltr'><strong>cit.</strong></span> <span class='ocrx_word' id='word_1_428' title='bbox 2176 2479 2495 2546; x_wconf 78' lang='lat' dir='ltr'><strong>Assumptus</strong></span> <span class='ocrx_word' id='word_1_429' title='bbox 2522 2486 2606 2528; x_wconf 90' lang='lat' dir='ltr'><strong>est</strong></span> <span class='ocrx_word' id='word_1_430' title='bbox 2632 2476 2775 2529; x_wconf 90' lang='lat' dir='ltr'><strong>enim</strong></span> <span class='ocrx_word' id='word_1_431' title='bbox 2818 2477 3026 2531; x_wconf 83' lang='lat' dir='ltr'><strong>calcata</strong></span> <span class='ocrx_word' id='word_1_432' title='bbox 3060 2489 3255 2542; x_wconf 88' lang='lat' dir='ltr'><strong>morte,</strong></span> <span class='ocrx_word' id='word_1_433' title='bbox 3290 2489 3343 2534; x_wconf 90' lang='lat' dir='ltr'><strong>et</strong></span> <span class='ocrx_word' id='word_1_434' title='bbox 3371 2478 3619 2533; x_wconf 80' lang='lat' dir='ltr'><strong>ascendit</strong></span> 
     </span>
    </p>
   </div>
   <div class='ocr_carea' id='block_1_58' title="bbox 2042 2567 3703 2636">
    <p class='ocr_par' dir='ltr' id='par_1_58' title="bbox 2042 2567 3703 2636">
     <span class='ocr_line' id='line_1_58' title="bbox 2042 2567 3703 2636; baseline 0.001 -16"><span class='ocrx_word' id='word_1_435' title='bbox 2042 2568 2107 2620; x_wconf 83' lang='lat' dir='ltr'><strong>ad</strong></span> <span class='ocrx_word' id='word_1_436' title='bbox 2138 2582 2260 2621; x_wconf 90' lang='lat' dir='ltr'><strong>eum</strong></span> <span class='ocrx_word' id='word_1_437' title='bbox 2306 2569 2396 2636; x_wconf 88' lang='lat' dir='ltr'><strong>qui</strong></span> <span class='ocrx_word' id='word_1_438' title='bbox 2430 2579 2513 2621; x_wconf 89' lang='lat' dir='ltr'><strong>est</strong></span> <span class='ocrx_word' id='word_1_439' title='bbox 2545 2569 2597 2622; x_wconf 90' lang='lat' dir='ltr'><strong>in</strong></span> <span class='ocrx_word' id='word_1_440' title='bbox 2643 2569 2800 2622; x_wconf 60' lang='lat' dir='ltr'><strong>caelis</strong></span> <span class='ocrx_word' id='word_1_441' title='bbox 2849 2567 3065 2622; x_wconf 85' lang='lat' dir='ltr'><strong>Patrem</strong></span> <span class='ocrx_word' id='word_1_442' title='bbox 3104 2579 3158 2623; x_wconf 81' lang='lat' dir='ltr'><strong>et</strong></span> <span class='ocrx_word' id='word_1_443' title='bbox 3214 2569 3380 2622; x_wconf 88' lang='lat' dir='ltr'><strong>Deum</strong></span> <span class='ocrx_word' id='word_1_444' title='bbox 3414 2568 3479 2628; x_wconf 83' lang='grc'><strong>⁸³.</strong></span> <span class='ocrx_word' id='word_1_445' title='bbox 3508 2568 3615 2624; x_wconf 87' lang='lat' dir='ltr'><strong>Sed</strong></span> <span class='ocrx_word' id='word_1_446' title='bbox 3692 2574 3703 2577; x_wconf 57' lang='lat'><strong>&#39;</strong></span> 
     </span>
    </p>
   </div>
   <div class='ocr_carea' id='block_1_59' title="bbox 2044 2659 3620 2727">
    <p class='ocr_par' dir='ltr' id='par_1_59' title="bbox 2044 2659 3620 2727">
     <span class='ocr_line' id='line_1_59' title="bbox 2044 2659 3620 2727; baseline 0.003 -16"><span class='ocrx_word' id='word_1_447' title='bbox 2044 2668 2347 2713; x_wconf 76' lang='lat' dir='ltr'><strong>revertetur</strong></span> <span class='ocrx_word' id='word_1_448' title='bbox 2407 2660 2534 2713; x_wconf 90' lang='lat' dir='ltr'><strong>olim</strong></span> <span class='ocrx_word' id='word_1_449' title='bbox 2573 2661 2637 2713; x_wconf 89' lang='lat' dir='ltr'><strong>ad</strong></span> <span class='ocrx_word' id='word_1_450' title='bbox 2662 2659 2948 2727; x_wconf 89' lang='lat' dir='ltr'><strong>judicium,</strong></span> <span class='ocrx_word' id='word_1_451' title='bbox 2992 2670 3047 2713; x_wconf 90' lang='lat' dir='ltr'><strong>et</strong></span> <span class='ocrx_word' id='word_1_452' title='bbox 3099 2676 3219 2714; x_wconf 88' lang='lat' dir='ltr'><strong>cum</strong></span> <span class='ocrx_word' id='word_1_453' title='bbox 3286 2662 3376 2714; x_wconf 90' lang='lat' dir='ltr'><strong>illo</strong></span> <span class='ocrx_word' id='word_1_454' title='bbox 3429 2676 3620 2716; x_wconf 84' lang='lat' dir='ltr'><strong>omnes</strong></span> 
     </span>
    </p>
   </div>
   <div class='ocr_carea' id='block_1_60' title="bbox 2043 2749 3619 2816">
    <p class='ocr_par' dir='ltr' id='par_1_60' title="bbox 2043 2749 3619 2816">
     <span class='ocr_line' id='line_1_60' title="bbox 2043 2749 3619 2816; baseline 0.005 -15"><span class='ocrx_word' id='word_1_455' title='bbox 2043 2749 2172 2802; x_wconf 88' lang='lat' dir='ltr'><strong>recti</strong></span> <span class='ocrx_word' id='word_1_456' title='bbox 2200 2750 2385 2811; x_wconf 85' lang='lat' dir='ltr'><strong>corde.</strong></span> <span class='ocrx_word' id='word_1_457' title='bbox 2415 2751 2513 2804; x_wconf 89' lang='lat' dir='ltr'><strong>hoc</strong></span> <span class='ocrx_word' id='word_1_458' title='bbox 2546 2761 2648 2816; x_wconf 85' lang='lat' dir='ltr'><strong>est,</strong></span> <span class='ocrx_word' id='word_1_459' title='bbox 2674 2766 2698 2804; x_wconf 84' lang='lat' dir='ltr'><strong>s</strong></span> <span class='ocrx_word' id='word_1_460' title='bbox 2718 2751 2886 2816; x_wconf 88' lang='lat' dir='ltr'><strong>aucti,</strong></span> <span class='ocrx_word' id='word_1_461' title='bbox 2920 2751 3060 2805; x_wconf 90' lang='lat' dir='ltr'><strong>sicut</strong></span> <span class='ocrx_word' id='word_1_462' title='bbox 3086 2753 3245 2807; x_wconf 88' lang='lat' dir='ltr'><strong>modo</strong></span> <span class='ocrx_word' id='word_1_463' title='bbox 3285 2753 3416 2807; x_wconf 66' lang='lat' dir='ltr'><strong>dixi.</strong></span> <span class='ocrx_word' id='word_1_464' title='bbox 3479 2753 3619 2809; x_wconf 84' lang='lat' dir='ltr'><strong>Foro</strong></span> 
     </span>
    </p>
   </div>
   <div class='ocr_carea' id='block_1_61' title="bbox 2042 2839 3614 2913">
    <p class='ocr_par' dir='ltr' id='par_1_61' title="bbox 2042 2839 3614 2913">
     <span class='ocr_line' id='line_1_61' title="bbox 2042 2839 3614 2913; baseline 0.004 -22"><span class='ocrx_word' id='word_1_465' title='bbox 2042 2848 2220 2891; x_wconf 89' lang='lat' dir='ltr'><strong>autem</strong></span> <span class='ocrx_word' id='word_1_466' title='bbox 2249 2839 2415 2908; x_wconf 76' lang='lat'><strong>800</strong></span> <span class='ocrx_word' id='word_1_467' title='bbox 2441 2849 2681 2909; x_wconf 82' lang='lat' dir='ltr'><strong>tempore</strong></span> <span class='ocrx_word' id='word_1_468' title='bbox 2713 2843 3200 2896; x_wconf 82' lang='lat' dir='ltr'><strong>consummationis</strong></span> <span class='ocrx_word' id='word_1_469' title='bbox 3242 2844 3421 2897; x_wconf 69' lang='lat' dir='ltr'><strong>szeculi</strong></span> <span class='ocrx_word' id='word_1_470' title='bbox 3454 2859 3614 2913; x_wconf 88' lang='lat' dir='ltr'><strong>aspe-</strong></span> 
     </span>
    </p>
   </div>
   <div class='ocr_carea' id='block_1_62' title="bbox 2043 2930 3620 3006">
    <p class='ocr_par' dir='ltr' id='par_1_62' title="bbox 2043 2930 3620 3006">
     <span class='ocr_line' id='line_1_62' title="bbox 2043 2930 3620 3006; baseline 0.004 -23"><span class='ocrx_word' id='word_1_471' title='bbox 2043 2930 2260 2985; x_wconf 77' lang='lat' dir='ltr'><strong>ctabilis</strong></span> <span class='ocrx_word' id='word_1_472' title='bbox 2287 2942 2555 2985; x_wconf 58' lang='lat' dir='ltr'><strong>creaturae</strong></span> <span class='ocrx_word' id='word_1_473' title='bbox 2599 2940 2797 2985; x_wconf 89' lang='lat' dir='ltr'><strong>statum</strong></span> <span class='ocrx_word' id='word_1_474' title='bbox 2833 2933 3021 2997; x_wconf 92' lang='lat' dir='ltr'><strong>alium,</strong></span> <span class='ocrx_word' id='word_1_475' title='bbox 3071 2944 3124 2989; x_wconf 93' lang='lat' dir='ltr'><strong>et</strong></span> <span class='ocrx_word' id='word_1_476' title='bbox 3181 2934 3352 3005; x_wconf 76' lang='lat' dir='ltr'><strong>ipsam</strong></span> <span class='ocrx_word' id='word_1_477' title='bbox 3402 2950 3620 3006; x_wconf 84' lang='lat' dir='ltr'><strong>quoque</strong></span> 
     </span>
    </p>
   </div>
   <div class='ocr_carea' id='block_1_63' title="bbox 2046 3021 3618 3090">
    <p class='ocr_par' dir='ltr' id='par_1_63' title="bbox 2046 3021 3618 3090">
     <span class='ocr_line' id='line_1_63' title="bbox 2046 3021 3618 3090; baseline 0.002 -15"><span class='ocrx_word' id='word_1_478' title='bbox 2046 3021 2399 3075; x_wconf 82' lang='lat' dir='ltr'><strong>transilttratn</strong></span> <span class='ocrx_word' id='word_1_479' title='bbox 2458 3023 2509 3075; x_wconf 91' lang='lat' dir='ltr'><strong>in</strong></span> <span class='ocrx_word' id='word_1_480' title='bbox 2545 3022 2762 3087; x_wconf 88' lang='lat' dir='ltr'><strong>melius,</strong></span> <span class='ocrx_word' id='word_1_481' title='bbox 2797 3038 2894 3090; x_wconf 82' lang='lat' dir='ltr'><strong>per</strong></span> <span class='ocrx_word' id='word_1_482' title='bbox 2946 3023 3221 3077; x_wconf 83' lang='lat' dir='ltr'><strong>Christum</strong></span> <span class='ocrx_word' id='word_1_483' title='bbox 3275 3036 3618 3090; x_wconf 78' lang='lat' dir='ltr'><strong>renovatum,</strong></span> 
     </span>
    </p>
   </div>
   <div class='ocr_carea' id='block_1_64' title="bbox 358 3110 1953 3189">
    <p class='ocr_par' dir='ltr' id='par_1_64' title="bbox 358 3110 1933 3189">
     <span class='ocr_line' id='line_1_64' title="bbox 358 3110 1933 3189; baseline 0.008 -27"><span class='ocrx_word' id='word_1_484' title='bbox 358 3112 458 3162; x_wconf 74' lang='grc' dir='ltr'><strong>σὺν</strong></span> <span class='ocrx_word' id='word_1_485' title='bbox 504 3110 652 3180; x_wconf 81' lang='grc' dir='ltr'>αύτῷ</span> <span class='ocrx_word' id='word_1_486' title='bbox 684 3111 882 3175; x_wconf 82' lang='grc' dir='ltr'>πάντες</span> <span class='ocrx_word' id='word_1_487' title='bbox 922 3114 971 3165; x_wconf 76' lang='lat' dir='ltr'><strong>oi</strong></span> <span class='ocrx_word' id='word_1_488' title='bbox 1001 3112 1178 3178; x_wconf 76' lang='grc' dir='ltr'>εὐθείς</span> <span class='ocrx_word' id='word_1_489' title='bbox 1203 3118 1268 3187; x_wconf 80' lang='grc' dir='ltr'>τῇ</span> <span class='ocrx_word' id='word_1_490' title='bbox 1305 3117 1525 3189; x_wconf 71' lang='grc' dir='ltr'>καρδία,</span> <span class='ocrx_word' id='word_1_491' title='bbox 1555 3120 1853 3185; x_wconf 78' lang='grc' dir='ltr'>τουτέστιν,</span> <span class='ocrx_word' id='word_1_492' title='bbox 1884 3124 1933 3175; x_wconf 80' lang='lat' dir='ltr'><strong>oi</strong></span> 
     </span>
    </p>
   </div>
   <div class='ocr_carea' id='block_1_65' title="bbox 2040 3110 3619 3189">
    <p class='ocr_par' dir='ltr' id='par_1_65' title="bbox 2041 3112 3619 3183">
     <span class='ocr_line' id='line_1_65' title="bbox 2041 3112 3619 3183; baseline 0.003 -19"><span class='ocrx_word' id='word_1_493' title='bbox 2041 3112 2358 3166; x_wconf 88' lang='lat' dir='ltr'><strong>testilicatur</strong></span> <span class='ocrx_word' id='word_1_494' title='bbox 2396 3113 2698 3183; x_wconf 88' lang='lat' dir='ltr'><strong>propheta:</strong></span> <span class='ocrx_word' id='word_1_495' title='bbox 2747 3132 2764 3164; x_wconf 81' lang='grc' dir='ltr'><strong>ι</strong></span> <span class='ocrx_word' id='word_1_496' title='bbox 2796 3112 2850 3166; x_wconf 90' lang='lat' dir='ltr'><strong>In</strong></span> <span class='ocrx_word' id='word_1_497' title='bbox 2885 3114 2972 3167; x_wconf 89' lang='lat' dir='ltr'><strong>illa</strong></span> <span class='ocrx_word' id='word_1_498' title='bbox 3025 3115 3115 3169; x_wconf 88' lang='lat' dir='ltr'><strong>die</strong></span> <span class='ocrx_word' id='word_1_499' title='bbox 3146 3130 3250 3169; x_wconf 92' lang='lat' dir='ltr'><strong>non</strong></span> <span class='ocrx_word' id='word_1_500' title='bbox 3296 3117 3397 3169; x_wconf 87' lang='lat' dir='ltr'><strong>erit</strong></span> <span class='ocrx_word' id='word_1_501' title='bbox 3421 3117 3533 3180; x_wconf 79' lang='lat' dir='ltr'><strong>lux,</strong></span> <span class='ocrx_word' id='word_1_502' title='bbox 3564 3124 3619 3171; x_wconf 92' lang='lat' dir='ltr'><strong>et</strong></span> 
     </span>
    </p>
   </div>
   <div class='ocr_carea' id='block_1_66' title="bbox 356 3201 1936 3281">
    <p class='ocr_par' dir='ltr' id='par_1_66' title="bbox 356 3201 1936 3281">
     <span class='ocr_line' id='line_1_66' title="bbox 356 3201 1936 3281; baseline 0.009 -29"><span class='ocrx_word' id='word_1_503' title='bbox 356 3201 528 3268; x_wconf 77' lang='grc' dir='ltr'>ἅγιοι,</span> <span class='ocrx_word' id='word_1_504' title='bbox 560 3202 813 3274; x_wconf 88' lang='grc' dir='ltr'>καθάπερ</span> <span class='ocrx_word' id='word_1_505' title='bbox 859 3203 996 3275; x_wconf 80' lang='grc' dir='ltr'>ἔφην</span> <span class='ocrx_word' id='word_1_506' title='bbox 1048 3206 1267 3278; x_wconf 84' lang='grc' dir='ltr'>ἀρτίως.</span> <span class='ocrx_word' id='word_1_507' title='bbox 1298 3209 1419 3262; x_wconf 88' lang='grc' dir='ltr'>Ὅτι</span> <span class='ocrx_word' id='word_1_508' title='bbox 1444 3208 1500 3262; x_wconf 82' lang='grc' dir='ltr'><strong>δὲ</strong></span> <span class='ocrx_word' id='word_1_509' title='bbox 1540 3211 1679 3265; x_wconf 79' lang='grc' dir='ltr'>κατὰ</span> <span class='ocrx_word' id='word_1_510' title='bbox 1707 3212 1798 3266; x_wconf 78' lang='grc' dir='ltr'><strong>τὸν</strong></span> <span class='ocrx_word' id='word_1_511' title='bbox 1834 3213 1936 3281; x_wconf 75' lang='grc' dir='ltr'>τῆς</span> 
     </span>
    </p>
   </div>
   <div class='ocr_carea' id='block_1_67' title="bbox 359 3292 1937 3374">
    <p class='ocr_par' dir='ltr' id='par_1_67' title="bbox 359 3292 1937 3374">
     <span class='ocr_line' id='line_1_67' title="bbox 359 3292 1937 3374; baseline 0.01 -31"><span class='ocrx_word' id='word_1_512' title='bbox 359 3292 671 3357; x_wconf 83' lang='grc' dir='ltr'>συντελείας</span> <span class='ocrx_word' id='word_1_513' title='bbox 737 3295 926 3366; x_wconf 73' lang='grc' dir='ltr'>καιρὸν</span> <span class='ocrx_word' id='word_1_514' title='bbox 974 3297 1136 3370; x_wconf 77' lang='grc' dir='ltr'>ἑτέρα</span> <span class='ocrx_word' id='word_1_515' title='bbox 1178 3316 1261 3363; x_wconf 88' lang='grc' dir='ltr'><strong>τις</strong></span> <span class='ocrx_word' id='word_1_516' title='bbox 1307 3298 1459 3354; x_wconf 77' lang='grc' dir='ltr'>ἔσται</span> <span class='ocrx_word' id='word_1_517' title='bbox 1504 3302 1605 3372; x_wconf 81' lang='grc' dir='ltr'>τῆς</span> <span class='ocrx_word' id='word_1_518' title='bbox 1651 3303 1937 3374; x_wconf 83' lang='grc' dir='ltr'>ὁρωμένης</span> 
     </span>
    </p>
   </div>
   <div class='ocr_carea' id='block_1_68' title="bbox 270 3383 1935 3467">
    <p class='ocr_par' dir='ltr' id='par_1_68' title="bbox 270 3383 1935 3467">
     <span class='ocr_line' id='line_1_68' title="bbox 270 3383 1935 3467; baseline 0.01 -34"><span class='ocrx_word' id='word_1_519' title='bbox 270 3386 285 3395; x_wconf 80' lang='lat'>‘</span> <span class='ocrx_word' id='word_1_520' title='bbox 356 3383 654 3455; x_wconf 80' lang='grc' dir='ltr'>κτίσεωςή</span> <span class='ocrx_word' id='word_1_521' title='bbox 698 3386 1061 3452; x_wconf 82' lang='grc' dir='ltr'>κατάστασις,</span> <span class='ocrx_word' id='word_1_522' title='bbox 1094 3390 1188 3442; x_wconf 75' lang='grc' dir='ltr'>καὶ</span> <span class='ocrx_word' id='word_1_523' title='bbox 1240 3393 1623 3462; x_wconf 82' lang='grc' dir='ltr'>μετοιχήσεται</span> <span class='ocrx_word' id='word_1_524' title='bbox 1664 3395 1758 3448; x_wconf 82' lang='grc' dir='ltr'><strong>καὶ</strong></span> <span class='ocrx_word' id='word_1_525' title='bbox 1799 3395 1935 3467; x_wconf 80' lang='grc' dir='ltr'>αὐτὴ</span> 
     </span>
    </p>
   </div>
   <div class='ocr_carea' id='block_1_69' title="bbox 356 3475 1940 3553">
    <p class='ocr_par' dir='ltr' id='par_1_69' title="bbox 356 3475 1940 3553">
     <span class='ocr_line' id='line_1_69' title="bbox 356 3475 1940 3553; baseline 0.009 -27"><span class='ocrx_word' id='word_1_526' title='bbox 356 3475 497 3546; x_wconf 68' lang='grc' dir='ltr'>πρὸς</span> <span class='ocrx_word' id='word_1_527' title='bbox 519 3476 580 3528; x_wconf 80' lang='grc' dir='ltr'>τὸ</span> <span class='ocrx_word' id='word_1_528' title='bbox 602 3476 825 3547; x_wconf 74' lang='grc' dir='ltr'>ἄμεινον</span> <span class='ocrx_word' id='word_1_529' title='bbox 864 3480 1233 3551; x_wconf 87' lang='grc' dir='ltr'>ἀνανεουμένη</span> <span class='ocrx_word' id='word_1_530' title='bbox 1256 3482 1345 3535; x_wconf 80' lang='grc' dir='ltr'><strong>διά</strong></span> <span class='ocrx_word' id='word_1_531' title='bbox 1381 3484 1643 3553; x_wconf 80' lang='grc' dir='ltr'>Χριστοῦ,</span> <span class='ocrx_word' id='word_1_532' title='bbox 1673 3484 1940 3540; x_wconf 80' lang='grc' dir='ltr'>πιστώσε-</span> 
     </span>
    </p>
   </div>
   <div class='ocr_carea' id='block_1_70' title="bbox 354 3564 1937 3647">
    <p class='ocr_par' dir='ltr' id='par_1_70' title="bbox 354 3564 1937 3647">
     <span class='ocr_line' id='line_1_70' title="bbox 354 3564 1937 3647; baseline 0.008 -30"><span class='ocrx_word' id='word_1_533' title='bbox 354 3581 448 3619; x_wconf 85' lang='grc' dir='ltr'>ται</span> <span class='ocrx_word' id='word_1_534' title='bbox 485 3564 660 3635; x_wconf 85' lang='grc' dir='ltr'>λέγων</span> <span class='ocrx_word' id='word_1_535' title='bbox 694 3568 723 3620; x_wconf 88' lang='grc' dir='ltr'>ὁ</span> <span class='ocrx_word' id='word_1_536' title='bbox 766 3571 1082 3640; x_wconf 67' lang='grc' dir='ltr'>προφήτης·</span> <span class='ocrx_word' id='word_1_537' title='bbox 1120 3590 1138 3622; x_wconf 82' lang='grc' dir='ltr'><strong>ι</strong></span> <span class='ocrx_word' id='word_1_538' title='bbox 1172 3573 1259 3624; x_wconf 81' lang='grc' dir='ltr'>Ἑν</span> <span class='ocrx_word' id='word_1_539' title='bbox 1303 3574 1489 3646; x_wconf 73' lang='grc' dir='ltr'>ἐκείνῃ</span> <span class='ocrx_word' id='word_1_540' title='bbox 1519 3577 1583 3647; x_wconf 79' lang='grc' dir='ltr'>τῇ</span> <span class='ocrx_word' id='word_1_541' title='bbox 1625 3577 1805 3647; x_wconf 78' lang='grc' dir='ltr'>ήμέρᾳ</span> <span class='ocrx_word' id='word_1_542' title='bbox 1837 3578 1937 3631; x_wconf 73' lang='grc' dir='ltr'><strong>οὐκ</strong></span> 
     </span>
    </p>
   </div>
   <div class='ocr_carea' id='block_1_71' title="bbox 356 3655 1933 3737">
    <p class='ocr_par' dir='ltr' id='par_1_71' title="bbox 356 3655 1933 3737">
     <span class='ocr_line' id='line_1_71' title="bbox 356 3655 1933 3737; baseline 0.006 -29"><span class='ocrx_word' id='word_1_543' title='bbox 356 3655 513 3710; x_wconf 74' lang='grc' dir='ltr'>ἔσται</span> <span class='ocrx_word' id='word_1_544' title='bbox 551 3657 685 3725; x_wconf 76' lang='grc' dir='ltr'>φῶς,</span> <span class='ocrx_word' id='word_1_545' title='bbox 713 3660 805 3711; x_wconf 74' lang='grc' dir='ltr'><strong>καὶ</strong></span> <span class='ocrx_word' id='word_1_546' title='bbox 827 3659 1018 3730; x_wconf 68' lang='grc' dir='ltr'>ψύχος,</span> <span class='ocrx_word' id='word_1_547' title='bbox 1051 3664 1143 3715; x_wconf 72' lang='grc' dir='ltr'><strong>καὶ</strong></span> <span class='ocrx_word' id='word_1_548' title='bbox 1168 3662 1344 3728; x_wconf 80' lang='grc' dir='ltr'>πάγος</span> <span class='ocrx_word' id='word_1_549' title='bbox 1373 3663 1523 3719; x_wconf 85' lang='grc' dir='ltr'>ἔσται</span> <span class='ocrx_word' id='word_1_550' title='bbox 1550 3667 1677 3736; x_wconf 76' lang='grc' dir='ltr'>μίαν</span> <span class='ocrx_word' id='word_1_551' title='bbox 1698 3668 1933 3737; x_wconf 75' lang='grc' dir='ltr'>ἡμέραν,</span> 
     </span>
    </p>
   </div>
   <div class='ocr_carea' id='block_1_72' title="bbox 356 3747 1936 3826">
    <p class='ocr_par' dir='ltr' id='par_1_72' title="bbox 356 3747 1936 3826">
     <span class='ocr_line' id='line_1_72' title="bbox 356 3747 1936 3826; baseline 0.006 -26"><span class='ocrx_word' id='word_1_552' title='bbox 356 3747 452 3800; x_wconf 82' lang='grc' dir='ltr'>καὶ</span> <span class='ocrx_word' id='word_1_553' title='bbox 487 3749 522 3818; x_wconf 77' lang='grc' dir='ltr'><strong>ἡ</strong></span> <span class='ocrx_word' id='word_1_554' title='bbox 565 3748 745 3819; x_wconf 82' lang='grc' dir='ltr'>ήμέρα</span> <span class='ocrx_word' id='word_1_555' title='bbox 776 3750 957 3820; x_wconf 78' lang='grc' dir='ltr'>ἐκείνη</span> <span class='ocrx_word' id='word_1_556' title='bbox 988 3752 1201 3822; x_wconf 77' lang='grc' dir='ltr'>γνωστὴ</span> <span class='ocrx_word' id='word_1_557' title='bbox 1231 3752 1308 3823; x_wconf 80' lang='grc' dir='ltr'>τῷ</span> <span class='ocrx_word' id='word_1_558' title='bbox 1348 3752 1556 3823; x_wconf 80' lang='grc' dir='ltr'>Κυρίῳ.</span> <span class='ocrx_word' id='word_1_559' title='bbox 1597 3772 1615 3805; x_wconf 76' lang='grc' dir='ltr'>ι</span> <span class='ocrx_word' id='word_1_560' title='bbox 1652 3755 1792 3807; x_wconf 71' lang='grc' dir='ltr'>Νυνὶ</span> <span class='ocrx_word' id='word_1_561' title='bbox 1837 3758 1936 3826; x_wconf 83' lang='grc' dir='ltr'><strong>μὲν</strong></span> 
     </span>
    </p>
   </div>
   <div class='ocr_carea' id='block_1_73' title="bbox 354 3840 1936 3916">
    <p class='ocr_par' dir='ltr' id='par_1_73' title="bbox 354 3840 1936 3916">
     <span class='ocr_line' id='line_1_73' title="bbox 354 3840 1936 3916; baseline 0.01 -31"><span class='ocrx_word' id='word_1_562' title='bbox 354 3840 469 3911; x_wconf 61' lang='grc' dir='ltr'>γὰρ</span> <span class='ocrx_word' id='word_1_563' title='bbox 490 3842 671 3911; x_wconf 73' lang='grc' dir='ltr'>ἡμέρα</span> <span class='ocrx_word' id='word_1_564' title='bbox 699 3860 757 3895; x_wconf 86' lang='grc' dir='ltr'><strong>τε</strong></span> <span class='ocrx_word' id='word_1_565' title='bbox 789 3843 881 3895; x_wconf 70' lang='grc' dir='ltr'><strong>καὶ</strong></span> <span class='ocrx_word' id='word_1_566' title='bbox 902 3842 998 3908; x_wconf 79' lang='grc' dir='ltr'>νὺξ</span> <span class='ocrx_word' id='word_1_567' title='bbox 1022 3844 1382 3915; x_wconf 80' lang='grc' dir='ltr'>διακέκριται,</span> <span class='ocrx_word' id='word_1_568' title='bbox 1414 3846 1509 3899; x_wconf 76' lang='grc' dir='ltr'>καὶ</span> <span class='ocrx_word' id='word_1_569' title='bbox 1536 3844 1783 3916; x_wconf 83' lang='grc' dir='ltr'>διέλαχον</span> <span class='ocrx_word' id='word_1_570' title='bbox 1810 3848 1936 3911; x_wconf 82' lang='grc' dir='ltr'>τοὺς</span> 
     </span>
    </p>
   </div>
   <div class='ocr_carea' id='block_1_74' title="bbox 355 3933 1935 4008">
    <p class='ocr_par' dir='ltr' id='par_1_74' title="bbox 355 3933 1935 4008">
     <span class='ocr_line' id='line_1_74' title="bbox 355 3933 1935 4008; baseline 0.002 -21"><span class='ocrx_word' id='word_1_571' title='bbox 355 3935 587 4003; x_wconf 69' lang='grc' dir='ltr'>καιροὺς</span> <span class='ocrx_word' id='word_1_572' title='bbox 611 3937 721 3997; x_wconf 85' lang='grc' dir='ltr'>τοῖς</span> <span class='ocrx_word' id='word_1_573' title='bbox 761 3933 854 3987; x_wconf 79' lang='grc' dir='ltr'>τοῦ</span> <span class='ocrx_word' id='word_1_574' title='bbox 889 3936 1253 4006; x_wconf 78' lang='grc' dir='ltr'>πεποιηκότος</span> <span class='ocrx_word' id='word_1_575' title='bbox 1299 3936 1553 4006; x_wconf 75' lang='grc' dir='ltr'>νεύμασι,</span> <span class='ocrx_word' id='word_1_576' title='bbox 1597 3938 1691 3990; x_wconf 69' lang='grc' dir='ltr'>καὶ</span> <span class='ocrx_word' id='word_1_577' title='bbox 1724 3938 1935 4008; x_wconf 84' lang='grc' dir='ltr'>ἀνίσχει</span> 
     </span>
    </p>
   </div>
   <div class='ocr_carea' id='block_1_75' title="bbox 358 4022 1935 4098">
    <p class='ocr_par' dir='ltr' id='par_1_75' title="bbox 358 4022 1935 4098">
     <span class='ocr_line' id='line_1_75' title="bbox 358 4022 1935 4098; baseline 0.004 -22"><span class='ocrx_word' id='word_1_578' title='bbox 358 4024 462 4094; x_wconf 77' lang='grc' dir='ltr'><strong>μὲν</strong></span> <span class='ocrx_word' id='word_1_579' title='bbox 481 4024 579 4093; x_wconf 84' lang='grc' dir='ltr'><strong>τῆς</strong></span> <span class='ocrx_word' id='word_1_580' title='bbox 600 4026 813 4095; x_wconf 84' lang='grc' dir='ltr'>ἡμέρας</span> <span class='ocrx_word' id='word_1_581' title='bbox 838 4026 898 4078; x_wconf 82' lang='grc' dir='ltr'>τὸ</span> <span class='ocrx_word' id='word_1_582' title='bbox 918 4026 1055 4095; x_wconf 75' lang='grc' dir='ltr'>φῶς,</span> <span class='ocrx_word' id='word_1_583' title='bbox 1070 4022 1187 4081; x_wconf 80' lang='grc' dir='ltr'>εἶτα</span> <span class='ocrx_word' id='word_1_584' title='bbox 1216 4027 1519 4098; x_wconf 82' lang='grc' dir='ltr'>διαδέχεται</span> <span class='ocrx_word' id='word_1_585' title='bbox 1546 4026 1662 4094; x_wconf 79' lang='grc' dir='ltr'>νύξ.</span> <span class='ocrx_word' id='word_1_586' title='bbox 1681 4030 1935 4084; x_wconf 65' lang='grc' dir='ltr'>Ἐπειδὰν</span> 
     </span>
    </p>
   </div>
   <div class='ocr_carea' id='block_1_76' title="bbox 351 4112 1938 4191">
    <p class='ocr_par' dir='ltr' id='par_1_76' title="bbox 351 4112 1938 4191">
     <span class='ocr_line' id='line_1_76' title="bbox 351 4112 1938 4191; baseline 0.006 -24"><span class='ocrx_word' id='word_1_587' title='bbox 351 4115 413 4168; x_wconf 79' lang='grc' dir='ltr'>δὲ</span> <span class='ocrx_word' id='word_1_588' title='bbox 445 4112 819 4187; x_wconf 79' lang='grc' dir='ltr'>παραγένηται</span> <span class='ocrx_word' id='word_1_589' title='bbox 846 4120 874 4171; x_wconf 93' lang='lat'><strong>6</strong></span> <span class='ocrx_word' id='word_1_590' title='bbox 897 4119 1110 4190; x_wconf 82' lang='grc' dir='ltr'>κριτὴς,</span> <span class='ocrx_word' id='word_1_591' title='bbox 1141 4119 1318 4173; x_wconf 84' lang='grc' dir='ltr'>πάντα</span> <span class='ocrx_word' id='word_1_592' title='bbox 1346 4121 1768 4191; x_wconf 71' lang='grc' dir='ltr'>μετασκευάζων</span> <span class='ocrx_word' id='word_1_593' title='bbox 1793 4123 1938 4190; x_wconf 74' lang='grc' dir='ltr'>κατὰ</span> 
     </span>
    </p>
   </div>
   <div class='ocr_carea' id='block_1_77' title="bbox 351 4204 1936 4282">
    <p class='ocr_par' dir='ltr' id='par_1_77' title="bbox 351 4204 1936 4282">
     <span class='ocr_line' id='line_1_77' title="bbox 351 4204 1936 4282; baseline 0.003 -23"><span class='ocrx_word' id='word_1_594' title='bbox 351 4204 421 4259; x_wconf 78' lang='grc' dir='ltr'>τὸ</span> <span class='ocrx_word' id='word_1_595' title='bbox 448 4205 596 4276; x_wconf 85' lang='grc' dir='ltr'><strong>αὐτῷ</strong></span> <span class='ocrx_word' id='word_1_596' title='bbox 622 4206 831 4270; x_wconf 73' lang='grc' dir='ltr'>δοκοῦν,</span> <span class='ocrx_word' id='word_1_597' title='bbox 872 4208 1087 4279; x_wconf 78' lang='grc' dir='ltr'>ἑτέραν,</span> <span class='ocrx_word' id='word_1_598' title='bbox 1115 4208 1189 4272; x_wconf 79' lang='grc' dir='ltr'>ὡς</span> <span class='ocrx_word' id='word_1_599' title='bbox 1214 4208 1374 4280; x_wconf 74' lang='grc' dir='ltr'>ἔφην,</span> <span class='ocrx_word' id='word_1_600' title='bbox 1411 4212 1444 4280; x_wconf 86' lang='grc' dir='ltr'><strong>ή</strong></span> <span class='ocrx_word' id='word_1_601' title='bbox 1474 4212 1652 4275; x_wconf 88' lang='grc' dir='ltr'>κτίσις</span> <span class='ocrx_word' id='word_1_602' title='bbox 1674 4210 1776 4282; x_wconf 81' lang='grc' dir='ltr'>τὴν</span> <span class='ocrx_word' id='word_1_603' title='bbox 1821 4212 1936 4265; x_wconf 84' lang='grc' dir='ltr'>δια-</span> 
     </span>
    </p>
   </div>
   <div class='ocr_carea' id='block_1_78' title="bbox 355 4295 1938 4371">
    <p class='ocr_par' dir='ltr' id='par_1_78' title="bbox 355 4295 1938 4371">
     <span class='ocr_line' id='line_1_78' title="bbox 355 4295 1938 4371; baseline 0.001 -20"><span class='ocrx_word' id='word_1_604' title='bbox 355 4295 627 4369; x_wconf 78' lang='grc' dir='ltr'>κόσμησιν</span> <span class='ocrx_word' id='word_1_605' title='bbox 652 4298 879 4364; x_wconf 77' lang='grc' dir='ltr'>δέξεται.</span> <span class='ocrx_word' id='word_1_606' title='bbox 913 4319 932 4351; x_wconf 83' lang='grc' dir='ltr'><strong>ι</strong></span> <span class='ocrx_word' id='word_1_607' title='bbox 965 4300 1038 4353; x_wconf 76' lang='grc' dir='ltr'><strong>Οὐ</strong></span> <span class='ocrx_word' id='word_1_608' title='bbox 1071 4298 1179 4370; x_wconf 81' lang='grc' dir='ltr'>γὰρ</span> <span class='ocrx_word' id='word_1_609' title='bbox 1221 4299 1299 4353; x_wconf 81' lang='grc' dir='ltr'>ἔτι</span> <span class='ocrx_word' id='word_1_610' title='bbox 1338 4300 1452 4369; x_wconf 76' lang='grc' dir='ltr'>φῶς</span> <span class='ocrx_word' id='word_1_611' title='bbox 1480 4300 1655 4365; x_wconf 75' lang='grc' dir='ltr'>ἔσται,</span> <span class='ocrx_word' id='word_1_612' title='bbox 1701 4301 1794 4354; x_wconf 64' lang='grc' dir='ltr'><strong>καλ⁵</strong></span> <span class='ocrx_word' id='word_1_613' title='bbox 1839 4301 1938 4371; x_wconf 71' lang='grc' dir='ltr'><strong>ψύ-</strong></span> 
     </span>
    </p>
   </div>
   <div class='ocr_carea' id='block_1_79' title="bbox 351 4390 1936 4462">
    <p class='ocr_par' dir='ltr' id='par_1_79' title="bbox 351 4390 1936 4462">
     <span class='ocr_line' id='line_1_79' title="bbox 351 4390 1936 4462; baseline 0.003 -21"><span class='ocrx_word' id='word_1_614' title='bbox 351 4406 472 4460; x_wconf 85' lang='grc' dir='ltr'>χος,</span> <span class='ocrx_word' id='word_1_615' title='bbox 503 4390 598 4443; x_wconf 79' lang='grc' dir='ltr'><strong>καὶ</strong></span> <span class='ocrx_word' id='word_1_616' title='bbox 635 4392 808 4459; x_wconf 81' lang='grc' dir='ltr'>πάγος</span> <span class='ocrx_word' id='word_1_617' title='bbox 838 4391 916 4453; x_wconf 84' lang='grc' dir='ltr'><strong>είς</strong></span> <span class='ocrx_word' id='word_1_618' title='bbox 957 4391 1086 4461; x_wconf 89' lang='grc' dir='ltr'>μίαν</span> <span class='ocrx_word' id='word_1_619' title='bbox 1116 4391 1348 4462; x_wconf 77' lang='grc' dir='ltr'>ἡμέραν.</span> <span class='ocrx_word' id='word_1_620' title='bbox 1393 4410 1411 4442; x_wconf 76' lang='grc' dir='ltr'><strong>ι</strong></span> <span class='ocrx_word' id='word_1_621' title='bbox 1458 4392 1721 4462; x_wconf 84' lang='grc' dir='ltr'>Σημαίνει</span> <span class='ocrx_word' id='word_1_622' title='bbox 1749 4392 1804 4445; x_wconf 82' lang='grc' dir='ltr'>δὲ</span> <span class='ocrx_word' id='word_1_623' title='bbox 1845 4392 1936 4447; x_wconf 84' lang='grc' dir='ltr'><strong>διά</strong></span> 
     </span>
    </p>
   </div>
   <div class='ocr_carea' id='block_1_80' title="bbox 2041 3201 3614 3272">
    <p class='ocr_par' dir='ltr' id='par_1_80' title="bbox 2041 3201 3614 3272">
     <span class='ocr_line' id='line_1_80' title="bbox 2041 3201 3614 3272; baseline 0.004 -17"><span class='ocrx_word' id='word_1_624' title='bbox 2041 3202 2210 3272; x_wconf 80' lang='lat' dir='ltr'><strong>frigus</strong></span> <span class='ocrx_word' id='word_1_625' title='bbox 2235 3210 2288 3258; x_wconf 90' lang='lat' dir='ltr'><strong>et</strong></span> <span class='ocrx_word' id='word_1_626' title='bbox 2317 3201 2517 3271; x_wconf 83' lang='lat' dir='ltr'><strong>glacies</strong></span> <span class='ocrx_word' id='word_1_627' title='bbox 2544 3213 2702 3257; x_wconf 88' lang='lat' dir='ltr'><strong>erunt</strong></span> <span class='ocrx_word' id='word_1_628' title='bbox 2730 3205 2814 3259; x_wconf 90' lang='lat' dir='ltr'><strong>die</strong></span> <span class='ocrx_word' id='word_1_629' title='bbox 2842 3220 2969 3270; x_wconf 91' lang='lat' dir='ltr'><strong>uno,</strong></span> <span class='ocrx_word' id='word_1_630' title='bbox 3006 3214 3060 3259; x_wconf 91' lang='lat' dir='ltr'><strong>et</strong></span> <span class='ocrx_word' id='word_1_631' title='bbox 3084 3206 3200 3261; x_wconf 91' lang='lat' dir='ltr'><strong>dies</strong></span> <span class='ocrx_word' id='word_1_632' title='bbox 3229 3207 3320 3260; x_wconf 88' lang='lat' dir='ltr'><strong>illa</strong></span> <span class='ocrx_word' id='word_1_633' title='bbox 3352 3217 3479 3261; x_wconf 88' lang='lat' dir='ltr'><strong>uota</strong></span> <span class='ocrx_word' id='word_1_634' title='bbox 3505 3206 3614 3262; x_wconf 86' lang='lat' dir='ltr'><strong>Do-</strong></span> 
     </span>
    </p>
   </div>
   <div class='ocr_carea' id='block_1_81' title="bbox 2039 3291 3607 3365">
    <p class='ocr_par' dir='ltr' id='par_1_81' title="bbox 2039 3291 3607 3365">
     <span class='ocr_line' id='line_1_81' title="bbox 2039 3291 3607 3365; baseline 0.006 -19"><span class='ocrx_word' id='word_1_635' title='bbox 2039 3292 2205 3347; x_wconf 89' lang='lat' dir='ltr'><strong>mino.</strong></span> <span class='ocrx_word' id='word_1_636' title='bbox 2250 3312 2269 3344; x_wconf 75' lang='grc' dir='ltr'><strong>ι</strong></span> <span class='ocrx_word' id='word_1_637' title='bbox 2318 3291 2472 3349; x_wconf 77' lang='lat' dir='ltr'><strong>Nunc</strong></span> <span class='ocrx_word' id='word_1_638' title='bbox 2513 3295 2655 3348; x_wconf 89' lang='lat' dir='ltr'><strong>enim</strong></span> <span class='ocrx_word' id='word_1_639' title='bbox 2698 3296 2813 3351; x_wconf 87' lang='lat' dir='ltr'><strong>dies</strong></span> <span class='ocrx_word' id='word_1_640' title='bbox 2845 3307 2899 3350; x_wconf 89' lang='lat' dir='ltr'><strong>et</strong></span> <span class='ocrx_word' id='word_1_641' title='bbox 2945 3312 3048 3352; x_wconf 80' lang='lat' dir='ltr'><strong>nox</strong></span> <span class='ocrx_word' id='word_1_642' title='bbox 3084 3298 3490 3365; x_wconf 79' lang='lat' dir='ltr'><strong>discernuntur,</strong></span> <span class='ocrx_word' id='word_1_643' title='bbox 3551 3309 3607 3355; x_wconf 89' lang='lat' dir='ltr'><strong>et</strong></span> 
     </span>
    </p>
   </div>
   <div class='ocr_carea' id='block_1_82' title="bbox 2039 3386 3615 3457">
    <p class='ocr_par' dir='ltr' id='par_1_82' title="bbox 2039 3386 3615 3457">
     <span class='ocr_line' id='line_1_82' title="bbox 2039 3386 3615 3457; baseline 0.004 -18"><span class='ocrx_word' id='word_1_644' title='bbox 2039 3396 2169 3439; x_wconf 93' lang='lat' dir='ltr'><strong>nutu</strong></span> <span class='ocrx_word' id='word_1_645' title='bbox 2195 3386 2492 3441; x_wconf 83' lang='lat' dir='ltr'><strong>conditoris</strong></span> <span class='ocrx_word' id='word_1_646' title='bbox 2524 3386 2777 3441; x_wconf 88' lang='lat' dir='ltr'><strong>distincta</strong></span> <span class='ocrx_word' id='word_1_647' title='bbox 2815 3397 3058 3457; x_wconf 88' lang='lat' dir='ltr'><strong>tempora</strong></span> <span class='ocrx_word' id='word_1_648' title='bbox 3109 3390 3299 3444; x_wconf 86' lang='lat' dir='ltr'><strong>sortita</strong></span> <span class='ocrx_word' id='word_1_649' title='bbox 3354 3401 3499 3455; x_wconf 87' lang='lat' dir='ltr'><strong>sunt,</strong></span> <span class='ocrx_word' id='word_1_650' title='bbox 3559 3399 3615 3445; x_wconf 89' lang='lat' dir='ltr'><strong>et</strong></span> 
     </span>
    </p>
   </div>
   <div class='ocr_carea' id='block_1_83' title="bbox 2039 3477 3618 3548">
    <p class='ocr_par' dir='ltr' id='par_1_83' title="bbox 2039 3477 3618 3548">
     <span class='ocr_line' id='line_1_83' title="bbox 2039 3477 3618 3548; baseline 0.002 -18"><span class='ocrx_word' id='word_1_651' title='bbox 2039 3477 2281 3533; x_wconf 80' lang='lat' dir='ltr'><strong>exoritur</strong></span> <span class='ocrx_word' id='word_1_652' title='bbox 2306 3477 2411 3532; x_wconf 89' lang='lat' dir='ltr'><strong>diei</strong></span> <span class='ocrx_word' id='word_1_653' title='bbox 2443 3479 2554 3542; x_wconf 78' lang='lat' dir='ltr'><strong>lux,</strong></span> <span class='ocrx_word' id='word_1_654' title='bbox 2581 3488 2769 3548; x_wconf 87' lang='lat' dir='ltr'><strong>postea</strong></span> <span class='ocrx_word' id='word_1_655' title='bbox 2815 3480 3055 3533; x_wconf 89' lang='lat' dir='ltr'><strong>succedit</strong></span> <span class='ocrx_word' id='word_1_656' title='bbox 3083 3495 3211 3533; x_wconf 72' lang='lat' dir='ltr'><strong>nos.</strong></span> <span class='ocrx_word' id='word_1_657' title='bbox 3259 3479 3492 3546; x_wconf 84' lang='lat' dir='ltr'><strong>Quando</strong></span> <span class='ocrx_word' id='word_1_658' title='bbox 3521 3494 3618 3533; x_wconf 87' lang='lat' dir='ltr'><strong>au-</strong></span> 
     </span>
    </p>
   </div>
   <div class='ocr_carea' id='block_1_84' title="bbox 2041 3568 3613 3637">
    <p class='ocr_par' dir='ltr' id='par_1_84' title="bbox 2041 3568 3613 3637">
     <span class='ocr_line' id='line_1_84' title="bbox 2041 3568 3613 3637; baseline 0 -15"><span class='ocrx_word' id='word_1_659' title='bbox 2041 3577 2147 3622; x_wconf 89' lang='lat' dir='ltr'><strong>tem</strong></span> <span class='ocrx_word' id='word_1_660' title='bbox 2183 3568 2667 3637; x_wconf 76' lang='lat' dir='ltr'><strong>adveneritjudex,</strong></span> <span class='ocrx_word' id='word_1_661' title='bbox 2696 3569 2873 3623; x_wconf 90' lang='lat' dir='ltr'><strong>omnia</strong></span> <span class='ocrx_word' id='word_1_662' title='bbox 2920 3583 3018 3635; x_wconf 90' lang='lat' dir='ltr'><strong>pro</strong></span> <span class='ocrx_word' id='word_1_663' title='bbox 3063 3570 3331 3623; x_wconf 87' lang='lat' dir='ltr'><strong>arbitratu</strong></span> <span class='ocrx_word' id='word_1_664' title='bbox 3363 3586 3462 3625; x_wconf 92' lang='lat' dir='ltr'><strong>suo</strong></span> <span class='ocrx_word' id='word_1_665' title='bbox 3511 3570 3613 3624; x_wconf 87' lang='lat' dir='ltr'><strong>im-</strong></span> 
     </span>
    </p>
   </div>
   <div class='ocr_carea' id='block_1_85' title="bbox 2039 3659 3614 3726">
    <p class='ocr_par' dir='ltr' id='par_1_85' title="bbox 2039 3659 3614 3726">
     <span class='ocr_line' id='line_1_85' title="bbox 2039 3659 3614 3726; baseline 0.001 -13"><span class='ocrx_word' id='word_1_666' title='bbox 2039 3668 2273 3723; x_wconf 87' lang='lat' dir='ltr'><strong>mutans,</strong></span> <span class='ocrx_word' id='word_1_667' title='bbox 2304 3660 2486 3725; x_wconf 88' lang='lat' dir='ltr'><strong>aliam,</strong></span> <span class='ocrx_word' id='word_1_668' title='bbox 2515 3669 2573 3714; x_wconf 88' lang='lat' dir='ltr'><strong>ut</strong></span> <span class='ocrx_word' id='word_1_669' title='bbox 2612 3660 2746 3726; x_wconf 80' lang='lat' dir='ltr'><strong>dixi,</strong></span> <span class='ocrx_word' id='word_1_670' title='bbox 2788 3659 3153 3714; x_wconf 89' lang='lat' dir='ltr'><strong>conditionem</strong></span> <span class='ocrx_word' id='word_1_671' title='bbox 3203 3669 3453 3713; x_wconf 84' lang='lat' dir='ltr'><strong>creatura</strong></span> <span class='ocrx_word' id='word_1_672' title='bbox 3495 3674 3614 3714; x_wconf 88' lang='lat' dir='ltr'><strong>sus-</strong></span> 
     </span>
    </p>
   </div>
   <div class='ocr_carea' id='block_1_86' title="bbox 2038 3748 3614 3821">
    <p class='ocr_par' dir='ltr' id='par_1_86' title="bbox 2038 3748 3614 3821">
     <span class='ocr_line' id='line_1_86' title="bbox 2038 3748 3614 3821; baseline 0.001 -17"><span class='ocrx_word' id='word_1_673' title='bbox 2038 3750 2218 3821; x_wconf 85' lang='lat' dir='ltr'><strong>cipiet.</strong></span> <span class='ocrx_word' id='word_1_674' title='bbox 2258 3768 2277 3802; x_wconf 84' lang='grc' dir='ltr'><strong>ι</strong></span> <span class='ocrx_word' id='word_1_675' title='bbox 2316 3749 2431 3804; x_wconf 88' lang='lat' dir='ltr'><strong>Non</strong></span> <span class='ocrx_word' id='word_1_676' title='bbox 2460 3750 2602 3805; x_wconf 90' lang='lat' dir='ltr'><strong>enim</strong></span> <span class='ocrx_word' id='word_1_677' title='bbox 2635 3753 2701 3805; x_wconf 87' lang='lat' dir='ltr'><strong>de</strong></span> <span class='ocrx_word' id='word_1_678' title='bbox 2730 3758 2925 3805; x_wconf 79' lang='lat' dir='ltr'><strong>caetero</strong></span> <span class='ocrx_word' id='word_1_679' title='bbox 2961 3748 3051 3804; x_wconf 79' lang='lat' dir='ltr'><strong>lux</strong></span> <span class='ocrx_word' id='word_1_680' title='bbox 3084 3750 3212 3813; x_wconf 89' lang='lat' dir='ltr'><strong>erit,</strong></span> <span class='ocrx_word' id='word_1_681' title='bbox 3244 3760 3299 3804; x_wconf 92' lang='lat' dir='ltr'><strong>et</strong></span> <span class='ocrx_word' id='word_1_682' title='bbox 3355 3749 3526 3819; x_wconf 77' lang='lat' dir='ltr'><strong>frigus</strong></span> <span class='ocrx_word' id='word_1_683' title='bbox 3556 3761 3614 3805; x_wconf 91' lang='lat' dir='ltr'><strong>et</strong></span> 
     </span>
    </p>
   </div>
   <div class='ocr_carea' id='block_1_87' title="bbox 2039 3840 3613 3912">
    <p class='ocr_par' dir='ltr' id='par_1_87' title="bbox 2039 3840 3613 3912">
     <span class='ocr_line' id='line_1_87' title="bbox 2039 3840 3613 3912; baseline 0.002 -20"><span class='ocrx_word' id='word_1_684' title='bbox 2039 3842 2237 3911; x_wconf 80' lang='lat' dir='ltr'><strong>glacies</strong></span> <span class='ocrx_word' id='word_1_685' title='bbox 2275 3851 2435 3895; x_wconf 90' lang='lat' dir='ltr'><strong>erunt</strong></span> <span class='ocrx_word' id='word_1_686' title='bbox 2464 3843 2550 3898; x_wconf 91' lang='lat' dir='ltr'><strong>die</strong></span> <span class='ocrx_word' id='word_1_687' title='bbox 2581 3858 2708 3900; x_wconf 91' lang='lat' dir='ltr'><strong>uno.</strong></span> <span class='ocrx_word' id='word_1_688' title='bbox 2741 3862 2761 3896; x_wconf 71' lang='grc' dir='ltr'><strong>ι</strong></span> <span class='ocrx_word' id='word_1_689' title='bbox 2808 3840 2913 3896; x_wconf 84' lang='lat' dir='ltr'><strong>Per</strong></span> <span class='ocrx_word' id='word_1_690' title='bbox 2950 3842 3179 3912; x_wconf 87' lang='lat' dir='ltr'><strong>glaciem</strong></span> <span class='ocrx_word' id='word_1_691' title='bbox 3231 3851 3285 3896; x_wconf 89' lang='lat' dir='ltr'><strong>et</strong></span> <span class='ocrx_word' id='word_1_692' title='bbox 3319 3842 3488 3909; x_wconf 72' lang='lat' dir='ltr'><strong>frigus</strong></span> <span class='ocrx_word' id='word_1_693' title='bbox 3517 3858 3613 3895; x_wconf 87' lang='lat' dir='ltr'><strong>no-</strong></span> 
     </span>
    </p>
   </div>
   <div class='ocr_carea' id='block_1_88' title="bbox 2039 3932 3616 4004">
    <p class='ocr_par' dir='ltr' id='par_1_88' title="bbox 2039 3932 3616 4004">
     <span class='ocr_line' id='line_1_88' title="bbox 2039 3932 3616 4004; baseline 0 -18"><span class='ocrx_word' id='word_1_694' title='bbox 2039 3943 2179 3987; x_wconf 90' lang='lat' dir='ltr'><strong>ctem</strong></span> <span class='ocrx_word' id='word_1_695' title='bbox 2210 3934 2488 4003; x_wconf 82' lang='lat' dir='ltr'><strong>exprimit,</strong></span> <span class='ocrx_word' id='word_1_696' title='bbox 2543 3950 2642 4003; x_wconf 89' lang='lat' dir='ltr'><strong>pro</strong></span> <span class='ocrx_word' id='word_1_697' title='bbox 2673 3950 2777 3989; x_wconf 85' lang='lat' dir='ltr'><strong>una</strong></span> <span class='ocrx_word' id='word_1_698' title='bbox 2806 3935 2952 3989; x_wconf 88' lang='lat' dir='ltr'><strong>enim</strong></span> <span class='ocrx_word' id='word_1_699' title='bbox 3003 3932 3091 3988; x_wconf 87' lang='lat' dir='ltr'><strong>die</strong></span> <span class='ocrx_word' id='word_1_700' title='bbox 3145 3945 3426 4004; x_wconf 84' lang='lat' dir='ltr'><strong>reputatur</strong></span> <span class='ocrx_word' id='word_1_701' title='bbox 3475 3934 3616 4003; x_wconf 90' lang='lat' dir='ltr'><strong>quod</strong></span> 
     </span>
    </p>
   </div>
   <div class='ocr_carea' id='block_1_89' title="bbox 2038 4023 3613 4097">
    <p class='ocr_par' dir='ltr' id='par_1_89' title="bbox 2038 4023 3613 4097">
     <span class='ocr_line' id='line_1_89' title="bbox 2038 4023 3613 4097; baseline -0.001 -19"><span class='ocrx_word' id='word_1_702' title='bbox 2038 4024 2237 4079; x_wconf 84' lang='lat' dir='ltr'><strong>dicitur</strong></span> <span class='ocrx_word' id='word_1_703' title='bbox 2286 4023 2651 4097; x_wconf 76' lang='grc' dir='ltr'>νυχθήμερον,</span> <span class='ocrx_word' id='word_1_704' title='bbox 2715 4025 2767 4079; x_wconf 90' lang='lat' dir='ltr'><strong>id</strong></span> <span class='ocrx_word' id='word_1_705' title='bbox 2801 4034 2906 4088; x_wconf 83' lang='lat' dir='ltr'><strong>est,</strong></span> <span class='ocrx_word' id='word_1_706' title='bbox 2961 4025 3119 4079; x_wconf 89' lang='lat' dir='ltr'><strong>unius</strong></span> <span class='ocrx_word' id='word_1_707' title='bbox 3175 4025 3353 4078; x_wconf 91' lang='lat' dir='ltr'><strong>noctis</strong></span> <span class='ocrx_word' id='word_1_708' title='bbox 3403 4034 3455 4077; x_wconf 89' lang='lat' dir='ltr'><strong>et</strong></span> <span class='ocrx_word' id='word_1_709' title='bbox 3506 4025 3613 4076; x_wconf 89' lang='lat' dir='ltr'><strong>diei</strong></span> 
     </span>
    </p>
   </div>
   <div class='ocr_carea' id='block_1_90' title="bbox 2037 4104 3614 4184">
    <p class='ocr_par' dir='ltr' id='par_1_90' title="bbox 2037 4104 3614 4184">
     <span class='ocr_line' id='line_1_90' title="bbox 2037 4104 3614 4184; baseline -0.002 -15"><span class='ocrx_word' id='word_1_710' title='bbox 2037 4116 2294 4184; x_wconf 86' lang='lat' dir='ltr'><strong>spatium,</strong></span> <span class='ocrx_word' id='word_1_711' title='bbox 2329 4114 2555 4183; x_wconf 87' lang='lat' dir='ltr'><strong>proinde</strong></span> <span class='ocrx_word' id='word_1_712' title='bbox 2605 4132 2668 4169; x_wconf 86' lang='lat' dir='ltr'><strong>ac</strong></span> <span class='ocrx_word' id='word_1_713' title='bbox 2711 4116 2756 4169; x_wconf 86' lang='lat' dir='ltr'><strong>si</strong></span> <span class='ocrx_word' id='word_1_714' title='bbox 2788 4116 2934 4170; x_wconf 86' lang='lat' dir='ltr'><strong>dicat</strong></span> <span class='ocrx_word' id='word_1_715' title='bbox 2979 4114 3120 4169; x_wconf 77' lang='lat' dir='ltr'><strong>forte</strong></span> <span class='ocrx_word' id='word_1_716' title='bbox 3155 4132 3170 4170; x_wconf 90' lang='lat'><strong>:</strong></span> <span class='ocrx_word' id='word_1_717' title='bbox 3204 4113 3470 4182; x_wconf 85' lang='lat' dir='ltr'><strong>Tempore</strong></span> <span class='ocrx_word' id='word_1_718' title='bbox 3523 4104 3614 4167; x_wconf 88' lang='lat' dir='ltr'><strong>illo</strong></span> 
     </span>
    </p>
   </div>
   <div class='ocr_carea' id='block_1_91' title="bbox 2038 4204 3616 4275">
    <p class='ocr_par' dir='ltr' id='par_1_91' title="bbox 2038 4204 3616 4275">
     <span class='ocr_line' id='line_1_91' title="bbox 2038 4204 3616 4275; baseline -0.002 -16"><span class='ocrx_word' id='word_1_719' title='bbox 2038 4221 2146 4275; x_wconf 89' lang='lat' dir='ltr'><strong>quo</strong></span> <span class='ocrx_word' id='word_1_720' title='bbox 2181 4206 2247 4260; x_wconf 89' lang='lat' dir='ltr'><strong>de</strong></span> <span class='ocrx_word' id='word_1_721' title='bbox 2282 4206 2427 4260; x_wconf 68' lang='lat' dir='ltr'><strong>c0310</strong></span> <span class='ocrx_word' id='word_1_722' title='bbox 2448 4206 2742 4260; x_wconf 85' lang='lat' dir='ltr'><strong>adveniens</strong></span> <span class='ocrx_word' id='word_1_723' title='bbox 2781 4204 3190 4259; x_wconf 80' lang='lat' dir='ltr'><strong>transformabit</strong></span> <span class='ocrx_word' id='word_1_724' title='bbox 3242 4206 3446 4268; x_wconf 86' lang='lat' dir='ltr'><strong>omnia,</strong></span> <span class='ocrx_word' id='word_1_725' title='bbox 3477 4214 3530 4258; x_wconf 81' lang='lat' dir='ltr'><strong>et</strong></span> <span class='ocrx_word' id='word_1_726' title='bbox 3561 4207 3616 4258; x_wconf 89' lang='lat' dir='ltr'><strong>in</strong></span> 
     </span>
    </p>
   </div>
   <div class='ocr_carea' id='block_1_92' title="bbox 2038 4296 3615 4365">
    <p class='ocr_par' dir='ltr' id='par_1_92' title="bbox 2038 4296 3615 4365">
     <span class='ocr_line' id='line_1_92' title="bbox 2038 4296 3615 4365; baseline -0.001 -14"><span class='ocrx_word' id='word_1_727' title='bbox 2038 4298 2231 4351; x_wconf 78' lang='lat' dir='ltr'><strong>faciem</strong></span> <span class='ocrx_word' id='word_1_728' title='bbox 2260 4308 2429 4365; x_wconf 89' lang='lat' dir='ltr'><strong>atque</strong></span> <span class='ocrx_word' id='word_1_729' title='bbox 2465 4307 2665 4351; x_wconf 83' lang='lat' dir='ltr'><strong>statum</strong></span> <span class='ocrx_word' id='word_1_730' title='bbox 2703 4299 2978 4352; x_wconf 90' lang='lat' dir='ltr'><strong>meliorem</strong></span> <span class='ocrx_word' id='word_1_731' title='bbox 3016 4306 3313 4358; x_wconf 84' lang='lat' dir='ltr'><strong>convertet,</strong></span> <span class='ocrx_word' id='word_1_732' title='bbox 3346 4296 3615 4350; x_wconf 56' lang='lat' dir='ltr'><strong>utcondi-</strong></span> 
     </span>
    </p>
   </div>
   <div class='ocr_carea' id='block_1_93' title="bbox 2041 4386 3614 4457">
    <p class='ocr_par' dir='ltr' id='par_1_93' title="bbox 2041 4386 3614 4457">
     <span class='ocr_line' id='line_1_93' title="bbox 2041 4386 3614 4457; baseline -0.003 -15"><span class='ocrx_word' id='word_1_733' title='bbox 2041 4397 2125 4442; x_wconf 90' lang='lat' dir='ltr'><strong>tor</strong></span> <span class='ocrx_word' id='word_1_734' title='bbox 2158 4391 2272 4457; x_wconf 88' lang='lat' dir='ltr'><strong>ipse</strong></span> <span class='ocrx_word' id='word_1_735' title='bbox 2298 4398 2351 4441; x_wconf 89' lang='lat' dir='ltr'><strong>et</strong></span> <span class='ocrx_word' id='word_1_736' title='bbox 2374 4386 2577 4456; x_wconf 80' lang='lat' dir='ltr'><strong>opifex,</strong></span> <span class='ocrx_word' id='word_1_737' title='bbox 2612 4403 2716 4441; x_wconf 92' lang='lat' dir='ltr'><strong>non</strong></span> <span class='ocrx_word' id='word_1_738' title='bbox 2764 4388 2869 4442; x_wconf 87' lang='lat' dir='ltr'><strong>erit</strong></span> <span class='ocrx_word' id='word_1_739' title='bbox 2916 4402 3043 4451; x_wconf 80' lang='lat' dir='ltr'><strong>nox,</strong></span> <span class='ocrx_word' id='word_1_740' title='bbox 3078 4402 3177 4441; x_wconf 90' lang='lat' dir='ltr'><strong>nec</strong></span> <span class='ocrx_word' id='word_1_741' title='bbox 3232 4386 3322 4439; x_wconf 84' lang='lat' dir='ltr'><strong>lux</strong></span> <span class='ocrx_word' id='word_1_742' title='bbox 3357 4386 3409 4439; x_wconf 91' lang='lat' dir='ltr'><strong>in</strong></span> <span class='ocrx_word' id='word_1_743' title='bbox 3452 4386 3614 4439; x_wconf 90' lang='lat' dir='ltr'><strong>diem.</strong></span> 
     </span>
    </p>
   </div>
   <div class='ocr_carea' id='block_1_94' title="bbox 352 4475 1953 4555">
    <p class='ocr_par' dir='ltr' id='par_1_94' title="bbox 352 4482 1933 4555">
     <span class='ocr_line' id='line_1_94' title="bbox 352 4482 1933 4555; baseline 0.003 -21"><span class='ocrx_word' id='word_1_744' title='bbox 352 4499 421 4551; x_wconf 88' lang='grc' dir='ltr'><strong>γε</strong></span> <span class='ocrx_word' id='word_1_745' title='bbox 447 4482 539 4534; x_wconf 77' lang='grc' dir='ltr'><strong>τοῦ</strong></span> <span class='ocrx_word' id='word_1_746' title='bbox 571 4484 775 4550; x_wconf 79' lang='grc' dir='ltr'>πάγους</span> <span class='ocrx_word' id='word_1_747' title='bbox 806 4500 864 4537; x_wconf 87' lang='grc' dir='ltr'><strong>τε</strong></span> <span class='ocrx_word' id='word_1_748' title='bbox 905 4484 998 4537; x_wconf 72' lang='grc' dir='ltr'><strong>καὶ</strong></span> <span class='ocrx_word' id='word_1_749' title='bbox 1024 4482 1227 4554; x_wconf 66' lang='grc' dir='ltr'>ψύχους</span> <span class='ocrx_word' id='word_1_750' title='bbox 1272 4483 1370 4555; x_wconf 85' lang='grc' dir='ltr'><strong>τὴν</strong></span> <span class='ocrx_word' id='word_1_751' title='bbox 1402 4483 1593 4536; x_wconf 86' lang='grc' dir='ltr'>νύκτα·</span> <span class='ocrx_word' id='word_1_752' title='bbox 1623 4484 1933 4551; x_wconf 77' lang='grc' dir='ltr'>λελόγισται</span> 
     </span>
    </p>
   </div>
   <div class='ocr_carea' id='block_1_95' title="bbox 2040 4475 3614 4555">
    <p class='ocr_par' dir='ltr' id='par_1_95' title="bbox 2042 4475 3614 4548">
     <span class='ocr_line' id='line_1_95' title="bbox 2042 4475 3614 4548; baseline -0.003 -14"><span class='ocrx_word' id='word_1_753' title='bbox 2042 4480 2156 4534; x_wconf 83' lang='grc' dir='ltr'>Νοιι</span> <span class='ocrx_word' id='word_1_754' title='bbox 2198 4479 2445 4534; x_wconf 86' lang='lat' dir='ltr'><strong>absimile</strong></span> <span class='ocrx_word' id='word_1_755' title='bbox 2466 4488 2551 4533; x_wconf 82' lang='lat' dir='ltr'><strong>est</strong></span> <span class='ocrx_word' id='word_1_756' title='bbox 2595 4478 2737 4548; x_wconf 88' lang='lat' dir='ltr'><strong>apud</strong></span> <span class='ocrx_word' id='word_1_757' title='bbox 2792 4479 3111 4548; x_wconf 81' lang='lat' dir='ltr'><strong>prepbetam</strong></span> <span class='ocrx_word' id='word_1_758' title='bbox 3159 4476 3393 4531; x_wconf 88' lang='lat' dir='ltr'><strong>lsaiam:</strong></span> <span class='ocrx_word' id='word_1_759' title='bbox 3434 4495 3453 4527; x_wconf 83' lang='grc' dir='ltr'><strong>ι</strong></span> <span class='ocrx_word' id='word_1_760' title='bbox 3500 4475 3614 4529; x_wconf 80' lang='lat' dir='ltr'><strong>Non</strong></span> 
     </span>
    </p>
   </div>
   <div class='ocr_carea' id='block_1_96' title="bbox 351 4572 1933 4644">
    <p class='ocr_par' dir='ltr' id='par_1_96' title="bbox 351 4572 1933 4644">
     <span class='ocr_line' id='line_1_96' title="bbox 351 4572 1933 4644; baseline 0.003 -20"><span class='ocrx_word' id='word_1_761' title='bbox 351 4572 465 4642; x_wconf 72' lang='grc' dir='ltr'>γὰρ</span> <span class='ocrx_word' id='word_1_762' title='bbox 495 4574 574 4635; x_wconf 79' lang='grc' dir='ltr'>εἰς</span> <span class='ocrx_word' id='word_1_763' title='bbox 606 4573 732 4641; x_wconf 88' lang='grc' dir='ltr'>μίαν</span> <span class='ocrx_word' id='word_1_764' title='bbox 762 4573 970 4643; x_wconf 76' lang='grc' dir='ltr'>ἡμέραν</span> <span class='ocrx_word' id='word_1_765' title='bbox 1016 4574 1075 4625; x_wconf 81' lang='grc' dir='ltr'><strong>τὸ</strong></span> <span class='ocrx_word' id='word_1_766' title='bbox 1121 4573 1517 4643; x_wconf 77' lang='grc' dir='ltr'>νυχθήμερον·</span> <span class='ocrx_word' id='word_1_767' title='bbox 1547 4574 1729 4644; x_wconf 81' lang='grc' dir='ltr'>ὅμοιον</span> <span class='ocrx_word' id='word_1_768' title='bbox 1775 4575 1850 4638; x_wconf 79' lang='grc' dir='ltr'>ὡς</span> <span class='ocrx_word' id='word_1_769' title='bbox 1885 4577 1933 4629; x_wconf 84' lang='grc' dir='ltr'><strong>εί</strong></span> 
     </span>
    </p>
   </div>
   <div class='ocr_carea' id='block_1_97' title="bbox 348 4664 1934 4734">
    <p class='ocr_par' dir='ltr' id='par_1_97' title="bbox 348 4664 1934 4734">
     <span class='ocr_line' id='line_1_97' title="bbox 348 4664 1934 4734; baseline 0.003 -18"><span class='ocrx_word' id='word_1_770' title='bbox 348 4664 504 4731; x_wconf 79' lang='grc' dir='ltr'>λέγοι</span> <span class='ocrx_word' id='word_1_771' title='bbox 532 4664 689 4734; x_wconf 83' lang='grc' dir='ltr'>τυχόν</span> <span class='ocrx_word' id='word_1_772' title='bbox 710 4679 724 4691; x_wconf 93' lang='grc'><strong>·</strong></span> <span class='ocrx_word' id='word_1_773' title='bbox 758 4664 891 4716; x_wconf 80' lang='grc' dir='ltr'>Κατ’</span> <span class='ocrx_word' id='word_1_774' title='bbox 925 4665 1128 4717; x_wconf 77' lang='grc' dir='ltr'>ἐκεῖνον</span> <span class='ocrx_word' id='word_1_775' title='bbox 1152 4665 1241 4717; x_wconf 84' lang='grc' dir='ltr'><strong>τὸν</strong></span> <span class='ocrx_word' id='word_1_776' title='bbox 1272 4665 1483 4731; x_wconf 70' lang='grc' dir='ltr'>καιρὸν,</span> <span class='ocrx_word' id='word_1_777' title='bbox 1523 4664 1645 4719; x_wconf 79' lang='grc' dir='ltr'>καθ’</span> <span class='ocrx_word' id='word_1_778' title='bbox 1673 4666 1732 4719; x_wconf 79' lang='grc' dir='ltr'>ὃν</span> <span class='ocrx_word' id='word_1_779' title='bbox 1773 4666 1838 4720; x_wconf 84' lang='grc' dir='ltr'>ἂν</span> <span class='ocrx_word' id='word_1_780' title='bbox 1874 4666 1934 4732; x_wconf 74' lang='grc' dir='ltr'><strong>ἐξ</strong></span> 
     </span>
    </p>
   </div>
   <div class='ocr_carea' id='block_1_98' title="bbox 348 4755 1933 4827">
    <p class='ocr_par' dir='ltr' id='par_1_98' title="bbox 348 4755 1933 4827">
     <span class='ocr_line' id='line_1_98' title="bbox 348 4755 1933 4827; baseline 0.002 -19"><span class='ocrx_word' id='word_1_781' title='bbox 348 4755 604 4825; x_wconf 72' lang='grc' dir='ltr'>οὐρανῶν</span> <span class='ocrx_word' id='word_1_782' title='bbox 659 4756 990 4827; x_wconf 73' lang='grc' dir='ltr'>ἀφιγμένος,</span> <span class='ocrx_word' id='word_1_783' title='bbox 1059 4755 1408 4827; x_wconf 79' lang='grc' dir='ltr'>μεταπλάττῃ</span> <span class='ocrx_word' id='word_1_784' title='bbox 1459 4756 1528 4809; x_wconf 79' lang='grc' dir='ltr'>τὰ</span> <span class='ocrx_word' id='word_1_785' title='bbox 1578 4757 1788 4823; x_wconf 84' lang='grc' dir='ltr'>πάντα,</span> <span class='ocrx_word' id='word_1_786' title='bbox 1838 4759 1933 4812; x_wconf 72' lang='grc' dir='ltr'><strong>καὶ</strong></span> 
     </span>
    </p>
   </div>
   <div class='ocr_carea' id='block_1_99' title="bbox 351 4843 1930 4919">
    <p class='ocr_par' dir='ltr' id='par_1_99' title="bbox 351 4843 1930 4919">
     <span class='ocr_line' id='line_1_99' title="bbox 351 4843 1930 4919; baseline 0.004 -23"><span class='ocrx_word' id='word_1_787' title='bbox 351 4843 744 4918; x_wconf 76' lang='grc' dir='ltr'>μετασκευάζῃ</span> <span class='ocrx_word' id='word_1_788' title='bbox 788 4845 924 4916; x_wconf 83' lang='grc' dir='ltr'>πρός</span> <span class='ocrx_word' id='word_1_789' title='bbox 962 4845 1022 4897; x_wconf 75' lang='grc' dir='ltr'>τὸ</span> <span class='ocrx_word' id='word_1_790' title='bbox 1065 4845 1308 4915; x_wconf 75' lang='grc' dir='ltr'>ἄμεινον,</span> <span class='ocrx_word' id='word_1_791' title='bbox 1352 4845 1427 4909; x_wconf 82' lang='grc' dir='ltr'>ὡς</span> <span class='ocrx_word' id='word_1_792' title='bbox 1471 4847 1803 4919; x_wconf 77' lang='grc' dir='ltr'>δημιουργὸς</span> <span class='ocrx_word' id='word_1_793' title='bbox 1851 4849 1930 4915; x_wconf 82' lang='grc' dir='ltr'><strong>δὲ,</strong></span> 
     </span>
    </p>
   </div>
   <div class='ocr_carea' id='block_1_100' title="bbox 348 4934 1935 5012">
    <p class='ocr_par' dir='ltr' id='par_1_100' title="bbox 348 4934 1935 5012">
     <span class='ocr_line' id='line_1_100' title="bbox 348 4934 1935 5012; baseline 0.003 -24"><span class='ocrx_word' id='word_1_794' title='bbox 348 4936 455 4988; x_wconf 72' lang='grc' dir='ltr'><strong>οὑκ</strong></span> <span class='ocrx_word' id='word_1_795' title='bbox 486 4935 637 4987; x_wconf 73' lang='grc' dir='ltr'>ἔσται</span> <span class='ocrx_word' id='word_1_796' title='bbox 666 4934 778 4998; x_wconf 66' lang='grc' dir='ltr'>νὺξ,</span> <span class='ocrx_word' id='word_1_797' title='bbox 811 4936 929 4987; x_wconf 76' lang='grc' dir='ltr'>οὐδὲ</span> <span class='ocrx_word' id='word_1_798' title='bbox 961 4935 1071 5003; x_wconf 71' lang='grc' dir='ltr'><strong>φῶς</strong></span> <span class='ocrx_word' id='word_1_799' title='bbox 1096 4937 1173 4997; x_wconf 79' lang='grc' dir='ltr'>εἰς</span> <span class='ocrx_word' id='word_1_800' title='bbox 1199 4936 1429 5006; x_wconf 68' lang='grc' dir='ltr'>ἡμέραν.</span> <span class='ocrx_word' id='word_1_801' title='bbox 1448 4938 1697 4991; x_wconf 70' lang='grc' dir='ltr'>Τοιοῦτόν</span> <span class='ocrx_word' id='word_1_802' title='bbox 1726 4940 1778 4991; x_wconf 90' lang='grc' dir='ltr'><strong>τί</strong></span> <span class='ocrx_word' id='word_1_803' title='bbox 1800 4956 1935 5012; x_wconf 82' lang='grc' dir='ltr'>φησι</span> 
     </span>
    </p>
   </div>
   <div class='ocr_carea' id='block_1_101' title="bbox 348 5026 1936 5097">
    <p class='ocr_par' dir='ltr' id='par_1_101' title="bbox 348 5026 1936 5097">
     <span class='ocr_line' id='line_1_101' title="bbox 348 5026 1936 5097; baseline 0.003 -18"><span class='ocrx_word' id='word_1_804' title='bbox 348 5028 446 5079; x_wconf 69' lang='grc' dir='ltr'><strong>καὶ</strong></span> <span class='ocrx_word' id='word_1_805' title='bbox 475 5027 505 5077; x_wconf 64' lang='grc' dir='ltr'><strong>ἐν</strong></span> <span class='ocrx_word' id='word_1_806' title='bbox 540 5026 810 5097; x_wconf 84' lang='grc' dir='ltr'>μακάριος</span> <span class='ocrx_word' id='word_1_807' title='bbox 844 5028 1129 5097; x_wconf 64' lang='grc' dir='ltr'>προφήτης</span> <span class='ocrx_word' id='word_1_808' title='bbox 1174 5027 1430 5092; x_wconf 79' lang='grc' dir='ltr'>Ἡσαΐας·</span> <span class='ocrx_word' id='word_1_809' title='bbox 1473 5048 1491 5080; x_wconf 80' lang='grc' dir='ltr'><strong>ι</strong></span> <span class='ocrx_word' id='word_1_810' title='bbox 1524 5030 1637 5082; x_wconf 70' lang='grc' dir='ltr'><strong>Οὐκ</strong></span> <span class='ocrx_word' id='word_1_811' title='bbox 1670 5030 1823 5084; x_wconf 81' lang='grc' dir='ltr'>ἔσται</span> <span class='ocrx_word' id='word_1_812' title='bbox 1853 5047 1936 5084; x_wconf 88' lang='grc' dir='ltr'><strong>σοι</strong></span> 
     </span>
    </p>
   </div>
   <div class='ocr_carea' id='block_1_102' title="bbox 347 5117 1935 5194">
    <p class='ocr_par' dir='ltr' id='par_1_102' title="bbox 347 5117 1935 5194">
     <span class='ocr_line' id='line_1_102' title="bbox 347 5117 1935 5194; baseline 0.001 -21"><span class='ocrx_word' id='word_1_813' title='bbox 347 5120 379 5173; x_wconf 68' lang='grc' dir='ltr'>ὁ</span> <span class='ocrx_word' id='word_1_814' title='bbox 424 5118 576 5189; x_wconf 71' lang='grc' dir='ltr'>ἣλιος</span> <span class='ocrx_word' id='word_1_815' title='bbox 605 5119 684 5181; x_wconf 81' lang='grc' dir='ltr'><strong>εἰς</strong></span> <span class='ocrx_word' id='word_1_816' title='bbox 730 5117 846 5187; x_wconf 81' lang='grc' dir='ltr'>φῶς</span> <span class='ocrx_word' id='word_1_817' title='bbox 873 5122 970 5188; x_wconf 72' lang='grc' dir='ltr'>τῆς</span> <span class='ocrx_word' id='word_1_818' title='bbox 1000 5119 1235 5192; x_wconf 78' lang='grc' dir='ltr'>ἡμέρας,</span> <span class='ocrx_word' id='word_1_819' title='bbox 1273 5119 1393 5172; x_wconf 77' lang='grc' dir='ltr'>οὐδὲ</span> <span class='ocrx_word' id='word_1_820' title='bbox 1438 5120 1671 5192; x_wconf 79' lang='grc' dir='ltr'>ἀνατολὴ</span> <span class='ocrx_word' id='word_1_821' title='bbox 1704 5121 1935 5194; x_wconf 86' lang='grc' dir='ltr'>σελήνης</span> 
     </span>
    </p>
   </div>
   <div class='ocr_carea' id='block_1_103' title="bbox 347 5210 1936 5284">
    <p class='ocr_par' dir='ltr' id='par_1_103' title="bbox 347 5210 1936 5284">
     <span class='ocr_line' id='line_1_103' title="bbox 347 5210 1936 5284; baseline 0.004 -23"><span class='ocrx_word' id='word_1_822' title='bbox 347 5214 550 5271; x_wconf 67' lang='grc' dir='ltr'><strong>ψυτιεί</strong></span> <span class='ocrx_word' id='word_1_823' title='bbox 574 5211 673 5281; x_wconf 80' lang='grc' dir='ltr'><strong>τὴν</strong></span> <span class='ocrx_word' id='word_1_824' title='bbox 713 5210 913 5264; x_wconf 88' lang='grc' dir='ltr'>νύκτα·</span> <span class='ocrx_word' id='word_1_825' title='bbox 949 5210 1061 5263; x_wconf 80' lang='grc' dir='ltr'>ἀλλ’</span> <span class='ocrx_word' id='word_1_826' title='bbox 1095 5211 1246 5264; x_wconf 81' lang='grc' dir='ltr'>ἔσται</span> <span class='ocrx_word' id='word_1_827' title='bbox 1283 5228 1363 5263; x_wconf 89' lang='grc' dir='ltr'><strong>σοι</strong></span> <span class='ocrx_word' id='word_1_828' title='bbox 1392 5212 1593 5284; x_wconf 86' lang='grc' dir='ltr'>Κύριος</span> <span class='ocrx_word' id='word_1_829' title='bbox 1643 5212 1758 5280; x_wconf 75' lang='grc' dir='ltr'>φῶς</span> <span class='ocrx_word' id='word_1_830' title='bbox 1806 5213 1936 5267; x_wconf 78' lang='grc' dir='ltr'><strong>αἰώ-</strong></span> 
     </span>
    </p>
   </div>
   <div class='ocr_carea' id='block_1_104' title="bbox 353 5301 1932 5375">
    <p class='ocr_par' dir='ltr' id='par_1_104' title="bbox 353 5301 1932 5375">
     <span class='ocr_line' id='line_1_104' title="bbox 353 5301 1932 5375; baseline 0.001 -19"><span class='ocrx_word' id='word_1_831' title='bbox 353 5322 488 5364; x_wconf 66' lang='grc' dir='ltr'>νιον,</span> <span class='ocrx_word' id='word_1_832' title='bbox 522 5305 617 5356; x_wconf 74' lang='grc' dir='ltr'><strong>καὶ</strong></span> <span class='ocrx_word' id='word_1_833' title='bbox 640 5305 668 5355; x_wconf 89' lang='lat'><strong>6</strong></span> <span class='ocrx_word' id='word_1_834' title='bbox 691 5301 825 5365; x_wconf 76' lang='grc' dir='ltr'>Θεὸς</span> <span class='ocrx_word' id='word_1_835' title='bbox 847 5302 970 5365; x_wconf 74' lang='grc' dir='ltr'>δόξα</span> <span class='ocrx_word' id='word_1_836' title='bbox 1000 5319 1111 5356; x_wconf 84' lang='grc' dir='ltr'>σου.</span> <span class='ocrx_word' id='word_1_837' title='bbox 1140 5322 1157 5353; x_wconf 70' lang='grc' dir='ltr'><strong>ι</strong></span> <span class='ocrx_word' id='word_1_838' title='bbox 1179 5301 1301 5354; x_wconf 81' lang='grc' dir='ltr'>’Ότι</span> <span class='ocrx_word' id='word_1_839' title='bbox 1328 5303 1384 5373; x_wconf 57' lang='grc' dir='ltr'>δὲ</span> <span class='ocrx_word' id='word_1_840' title='bbox 1417 5304 1763 5375; x_wconf 77' lang='grc' dir='ltr'>ἀπρακτήσει</span> <span class='ocrx_word' id='word_1_841' title='bbox 1790 5303 1932 5357; x_wconf 75' lang='grc' dir='ltr'>κατὰ</span> 
     </span>
    </p>
   </div>
   <div class='ocr_carea' id='block_1_105' title="bbox 347 5388 1928 5465">
    <p class='ocr_par' dir='ltr' id='par_1_105' title="bbox 347 5388 1928 5465">
     <span class='ocr_line' id='line_1_105' title="bbox 347 5388 1928 5465; baseline -0.007 -18"><span class='ocrx_word' id='word_1_842' title='bbox 347 5394 582 5465; x_wconf 69' lang='grc' dir='ltr'>καιροὺς</span> <span class='ocrx_word' id='word_1_843' title='bbox 605 5390 697 5443; x_wconf 72' lang='grc' dir='ltr'>καὶ</span> <span class='ocrx_word' id='word_1_844' title='bbox 717 5390 854 5460; x_wconf 60' lang='grc' dir='ltr'>αὑτὴ</span> <span class='ocrx_word' id='word_1_845' title='bbox 880 5390 986 5441; x_wconf 79' lang='grc' dir='ltr'><strong>τῶν</strong></span> <span class='ocrx_word' id='word_1_846' title='bbox 1020 5388 1294 5460; x_wconf 78' lang='grc' dir='ltr'>στοιχείων</span> <span class='ocrx_word' id='word_1_847' title='bbox 1325 5392 1357 5461; x_wconf 89' lang='grc' dir='ltr'><strong>ή</strong></span> <span class='ocrx_word' id='word_1_848' title='bbox 1388 5390 1566 5461; x_wconf 73' lang='grc' dir='ltr'>χρεία,</span> <span class='ocrx_word' id='word_1_849' title='bbox 1597 5388 1928 5444; x_wconf 73' lang='grc' dir='ltr'>πιστώσεται</span> 
     </span>
    </p>
   </div>
   <div class='ocr_carea' id='block_1_106' title="bbox 427 5587 1559 5653">
    <p class='ocr_par' dir='ltr' id='par_1_106' title="bbox 427 5587 1559 5653">
     <span class='ocr_line' id='line_1_106' title="bbox 427 5587 1559 5653; baseline 0.004 -15"><span class='ocrx_word' id='word_1_850' title='bbox 427 5592 472 5625; x_wconf 74' lang='grc'><strong>⁵⁸</strong></span> <span class='ocrx_word' id='word_1_851' title='bbox 502 5591 541 5644; x_wconf 90' lang='lat' dir='ltr'><strong>ll</strong></span> <span class='ocrx_word' id='word_1_852' title='bbox 569 5587 693 5644; x_wconf 84' lang='lat' dir='ltr'><strong>Cur.</strong></span> <span class='ocrx_word' id='word_1_853' title='bbox 740 5605 789 5653; x_wconf 82' lang='lat' dir='ltr'><strong>v,</strong></span> <span class='ocrx_word' id='word_1_854' title='bbox 828 5589 907 5643; x_wconf 76' lang='grc'><strong>10.</strong></span> <span class='ocrx_word' id='word_1_855' title='bbox 1022 5589 1065 5619; x_wconf 74' lang='grc'><strong>⁶⁰</strong></span> <span class='ocrx_word' id='word_1_856' title='bbox 1098 5591 1109 5639; x_wconf 97' lang='lat'><em>|</em></span> <span class='ocrx_word' id='word_1_857' title='bbox 1139 5587 1327 5642; x_wconf 72' lang='lat' dir='ltr'><strong>Thess.</strong></span> <span class='ocrx_word' id='word_1_858' title='bbox 1359 5603 1430 5651; x_wconf 82' lang='grc' dir='ltr'><strong>ιν,</strong></span> <span class='ocrx_word' id='word_1_859' title='bbox 1482 5590 1559 5643; x_wconf 85' lang='lat' dir='ltr'><strong>l6.</strong></span> 
     </span>
    </p>
   </div>
   <div class='ocr_carea' id='block_1_107' title="bbox 357 5658 1419 5725">
    <p class='ocr_par' dir='ltr' id='par_1_107' title="bbox 357 5658 1419 5725">
     <span class='ocr_line' id='line_1_107' title="bbox 357 5658 1419 5725; baseline -0.007 -7"><span class='ocrx_word' id='word_1_860' title='bbox 357 5663 649 5725; x_wconf 54' lang='lat'><strong>&quot;153.14,</strong></span> <span class='ocrx_word' id='word_1_861' title='bbox 688 5660 770 5713; x_wconf 81' lang='lat' dir='ltr'><strong>l9.</strong></span> <span class='ocrx_word' id='word_1_862' title='bbox 848 5660 891 5691; x_wconf 76' lang='lat'><strong>‘°</strong></span> <span class='ocrx_word' id='word_1_863' title='bbox 922 5658 1110 5713; x_wconf 71' lang='lat' dir='ltr'><strong>Matth.</strong></span> <span class='ocrx_word' id='word_1_864' title='bbox 1151 5674 1295 5723; x_wconf 62' lang='lat' dir='ltr'><strong>“tv,</strong></span> <span class='ocrx_word' id='word_1_865' title='bbox 1332 5661 1419 5713; x_wconf 56' lang='grc' dir='ltr'><strong>τε).</strong></span> 
     </span>
    </p>
   </div>
   <div class='ocr_carea' id='block_1_108' title="bbox 1672 5589 2304 5656">
    <p class='ocr_par' dir='ltr' id='par_1_108' title="bbox 1672 5589 2304 5656">
     <span class='ocr_line' id='line_1_108' title="bbox 1672 5589 2304 5656; baseline -0.005 -11"><span class='ocrx_word' id='word_1_866' title='bbox 1672 5592 1708 5622; x_wconf 72' lang='grc'><strong>⁶¹</strong></span> <span class='ocrx_word' id='word_1_867' title='bbox 1753 5592 1850 5645; x_wconf 80' lang='lat' dir='ltr'><strong>lsa.</strong></span> <span class='ocrx_word' id='word_1_868' title='bbox 1889 5605 2067 5656; x_wconf 61' lang='lat' dir='ltr'><strong>xxxiv,</strong></span> <span class='ocrx_word' id='word_1_869' title='bbox 2104 5589 2185 5653; x_wconf 78' lang='grc'><strong>15,</strong></span> <span class='ocrx_word' id='word_1_870' title='bbox 2223 5589 2304 5644; x_wconf 82' lang='lat' dir='ltr'><strong>l6.</strong></span> 
     </span>
    </p>
   </div>
   <div class='ocr_carea' id='block_1_109' title="bbox 2041 4566 3617 4640">
    <p class='ocr_par' dir='ltr' id='par_1_109' title="bbox 2041 4566 3617 4640">
     <span class='ocr_line' id='line_1_109' title="bbox 2041 4566 3617 4640; baseline -0.004 -14"><span class='ocrx_word' id='word_1_871' title='bbox 2041 4575 2145 4626; x_wconf 88' lang='lat' dir='ltr'><strong>erit</strong></span> <span class='ocrx_word' id='word_1_872' title='bbox 2176 4571 2269 4625; x_wconf 89' lang='lat' dir='ltr'><strong>tibi</strong></span> <span class='ocrx_word' id='word_1_873' title='bbox 2290 4569 2518 4640; x_wconf 86' lang='lat' dir='ltr'><strong>amplius</strong></span> <span class='ocrx_word' id='word_1_874' title='bbox 2543 4570 2622 4626; x_wconf 92' lang='lat' dir='ltr'><strong>sol</strong></span> <span class='ocrx_word' id='word_1_875' title='bbox 2667 4571 2719 4623; x_wconf 90' lang='lat' dir='ltr'><strong>iu</strong></span> <span class='ocrx_word' id='word_1_876' title='bbox 2746 4570 2920 4624; x_wconf 90' lang='lat' dir='ltr'><strong>lucem</strong></span> <span class='ocrx_word' id='word_1_877' title='bbox 2949 4567 3079 4632; x_wconf 89' lang='lat' dir='ltr'><strong>diei,</strong></span> <span class='ocrx_word' id='word_1_878' title='bbox 3110 4583 3281 4637; x_wconf 84' lang='lat' dir='ltr'><strong>neque</strong></span> <span class='ocrx_word' id='word_1_879' title='bbox 3303 4576 3454 4621; x_wconf 88' lang='lat' dir='ltr'><strong>ortus</strong></span> <span class='ocrx_word' id='word_1_880' title='bbox 3479 4566 3617 4619; x_wconf 83' lang='lat' dir='ltr'><strong>luna:</strong></span> 
     </span>
    </p>
   </div>
   <div class='ocr_carea' id='block_1_110' title="bbox 2042 4656 3616 4724">
    <p class='ocr_par' dir='ltr' id='par_1_110' title="bbox 2042 4656 3616 4724">
     <span class='ocr_line' id='line_1_110' title="bbox 2042 4656 3616 4724; baseline -0.004 -8"><span class='ocrx_word' id='word_1_881' title='bbox 2042 4659 2361 4716; x_wconf 85' lang='lat' dir='ltr'><strong>illuminabit</strong></span> <span class='ocrx_word' id='word_1_882' title='bbox 2402 4661 2499 4715; x_wconf 83' lang='lat' dir='ltr'><strong>tibi</strong></span> <span class='ocrx_word' id='word_1_883' title='bbox 2534 4671 2745 4715; x_wconf 90' lang='lat' dir='ltr'><strong>noctem</strong></span> <span class='ocrx_word' id='word_1_884' title='bbox 2773 4675 2788 4724; x_wconf 91' lang='lat'><strong>;</strong></span> <span class='ocrx_word' id='word_1_885' title='bbox 2814 4658 2907 4713; x_wconf 88' lang='lat' dir='ltr'><strong>sed</strong></span> <span class='ocrx_word' id='word_1_886' title='bbox 2944 4657 3048 4711; x_wconf 89' lang='lat' dir='ltr'><strong>erit</strong></span> <span class='ocrx_word' id='word_1_887' title='bbox 3084 4658 3175 4710; x_wconf 91' lang='lat' dir='ltr'><strong>tibi</strong></span> <span class='ocrx_word' id='word_1_888' title='bbox 3222 4656 3479 4709; x_wconf 83' lang='lat' dir='ltr'><strong>Dominus</strong></span> <span class='ocrx_word' id='word_1_889' title='bbox 3524 4656 3616 4710; x_wconf 79' lang='lat' dir='ltr'><strong>lux</strong></span> 
     </span>
    </p>
   </div>
   <div class='ocr_carea' id='block_1_111' title="bbox 2040 4747 3614 4820">
    <p class='ocr_par' dir='ltr' id='par_1_111' title="bbox 2040 4747 3614 4820">
     <span class='ocr_line' id='line_1_111' title="bbox 2040 4747 3614 4820; baseline -0.004 -14"><span class='ocrx_word' id='word_1_890' title='bbox 2040 4760 2263 4815; x_wconf 74' lang='lat' dir='ltr'><strong>:eterna,</strong></span> <span class='ocrx_word' id='word_1_891' title='bbox 2300 4758 2353 4804; x_wconf 91' lang='lat' dir='ltr'><strong>et</strong></span> <span class='ocrx_word' id='word_1_892' title='bbox 2397 4752 2535 4805; x_wconf 85' lang='lat' dir='ltr'><strong>Deus</strong></span> <span class='ocrx_word' id='word_1_893' title='bbox 2575 4749 2746 4820; x_wconf 87' lang='lat' dir='ltr'><strong>gloria</strong></span> <span class='ocrx_word' id='word_1_894' title='bbox 2785 4759 2871 4801; x_wconf 91' lang='lat' dir='ltr'><strong>tua</strong></span> <span class='ocrx_word' id='word_1_895' title='bbox 2897 4747 2965 4803; x_wconf 81' lang='lat'><strong>“.</strong></span> <span class='ocrx_word' id='word_1_896' title='bbox 3000 4767 3018 4799; x_wconf 74' lang='grc' dir='ltr'><strong>ι</strong></span> <span class='ocrx_word' id='word_1_897' title='bbox 3071 4747 3251 4802; x_wconf 87' lang='lat' dir='ltr'><strong>Otiosa</strong></span> <span class='ocrx_word' id='word_1_898' title='bbox 3302 4756 3480 4801; x_wconf 88' lang='lat' dir='ltr'><strong>autem</strong></span> <span class='ocrx_word' id='word_1_899' title='bbox 3528 4747 3614 4800; x_wconf 84' lang='lat' dir='ltr'><strong>ali-</strong></span> 
     </span>
    </p>
   </div>
   <div class='ocr_carea' id='block_1_112' title="bbox 2040 4840 3619 4912">
    <p class='ocr_par' dir='ltr' id='par_1_112' title="bbox 2040 4840 3619 4912">
     <span class='ocr_line' id='line_1_112' title="bbox 2040 4840 3619 4912; baseline 0.001 -17"><span class='ocrx_word' id='word_1_900' title='bbox 2040 4842 2253 4912; x_wconf 88' lang='lat' dir='ltr'><strong>quando</strong></span> <span class='ocrx_word' id='word_1_901' title='bbox 2284 4841 2465 4896; x_wconf 78' lang='lat' dir='ltr'><strong>futura</strong></span> <span class='ocrx_word' id='word_1_902' title='bbox 2499 4853 2553 4897; x_wconf 90' lang='lat' dir='ltr'><strong>et</strong></span> <span class='ocrx_word' id='word_1_903' title='bbox 2588 4843 2701 4912; x_wconf 87' lang='lat' dir='ltr'><strong>ipsa</strong></span> <span class='ocrx_word' id='word_1_904' title='bbox 2756 4841 3044 4906; x_wconf 86' lang='lat' dir='ltr'><strong>elementa,</strong></span> <span class='ocrx_word' id='word_1_905' title='bbox 3102 4841 3261 4895; x_wconf 78' lang='lat' dir='ltr'><strong>tidem</strong></span> <span class='ocrx_word' id='word_1_906' title='bbox 3322 4840 3449 4894; x_wconf 74' lang='lat' dir='ltr'><strong>facit</strong></span> <span class='ocrx_word' id='word_1_907' title='bbox 3504 4840 3619 4912; x_wconf 86' lang='lat' dir='ltr'><strong>ipse</strong></span> 
     </span>
    </p>
   </div>
   <div class='ocr_carea' id='block_1_113' title="bbox 2039 4932 3616 5003">
    <p class='ocr_par' dir='ltr' id='par_1_113' title="bbox 2039 4932 3616 5003">
     <span class='ocr_line' id='line_1_113' title="bbox 2039 4932 3616 5003; baseline -0.003 -14"><span class='ocrx_word' id='word_1_908' title='bbox 2039 4934 2309 4989; x_wconf 83' lang='lat' dir='ltr'><strong>Christus.</strong></span> <span class='ocrx_word' id='word_1_909' title='bbox 2348 4952 2367 4985; x_wconf 84' lang='grc' dir='ltr'><strong>ι</strong></span> <span class='ocrx_word' id='word_1_910' title='bbox 2397 4933 2592 4988; x_wconf 87' lang='lat' dir='ltr'><strong>Statim</strong></span> <span class='ocrx_word' id='word_1_911' title='bbox 2624 4944 2801 4989; x_wconf 86' lang='lat' dir='ltr'><strong>autem</strong></span> <span class='ocrx_word' id='word_1_912' title='bbox 2834 4944 2955 5003; x_wconf 92' lang='lat' dir='ltr'><strong>post</strong></span> <span class='ocrx_word' id='word_1_913' title='bbox 2988 4932 3385 4988; x_wconf 88' lang='lat' dir='ltr'><strong>tribulationem</strong></span> <span class='ocrx_word' id='word_1_914' title='bbox 3411 4933 3616 4986; x_wconf 88' lang='lat' dir='ltr'><strong>dierum</strong></span> 
     </span>
    </p>
   </div>
   <div class='ocr_carea' id='block_1_114' title="bbox 2038 5023 3616 5094">
    <p class='ocr_par' dir='ltr' id='par_1_114' title="bbox 2038 5023 3616 5094">
     <span class='ocr_line' id='line_1_114' title="bbox 2038 5023 3616 5094; baseline -0.003 -15"><span class='ocrx_word' id='word_1_915' title='bbox 2038 5025 2251 5079; x_wconf 90' lang='lat' dir='ltr'><strong>illorum</strong></span> <span class='ocrx_word' id='word_1_916' title='bbox 2284 5024 2364 5078; x_wconf 90' lang='lat' dir='ltr'><strong>sol</strong></span> <span class='ocrx_word' id='word_1_917' title='bbox 2406 5024 2805 5094; x_wconf 86' lang='lat' dir='ltr'><strong>obscurabitur,</strong></span> <span class='ocrx_word' id='word_1_918' title='bbox 2837 5035 2892 5080; x_wconf 93' lang='lat' dir='ltr'><strong>et</strong></span> <span class='ocrx_word' id='word_1_919' title='bbox 2928 5025 3051 5079; x_wconf 88' lang='lat' dir='ltr'><strong>luna</strong></span> <span class='ocrx_word' id='word_1_920' title='bbox 3095 5042 3200 5079; x_wconf 91' lang='lat' dir='ltr'><strong>non</strong></span> <span class='ocrx_word' id='word_1_921' title='bbox 3243 5024 3393 5079; x_wconf 84' lang='lat' dir='ltr'><strong>dabit</strong></span> <span class='ocrx_word' id='word_1_922' title='bbox 3437 5023 3616 5077; x_wconf 81' lang='lat' dir='ltr'><strong>lumen</strong></span> 
     </span>
    </p>
   </div>
   <div class='ocr_carea' id='block_1_115' title="bbox 2039 5114 3615 5173">
    <p class='ocr_par' dir='ltr' id='par_1_115' title="bbox 2039 5114 3615 5173">
     <span class='ocr_line' id='line_1_115' title="bbox 2039 5114 3615 5173; baseline -0.005 0"><span class='ocrx_word' id='word_1_923' title='bbox 2039 5133 2195 5173; x_wconf 89' lang='lat' dir='ltr'><strong>suum</strong></span> <span class='ocrx_word' id='word_1_924' title='bbox 2226 5118 2293 5171; x_wconf 82' lang='lat'><strong>”.</strong></span> <span class='ocrx_word' id='word_1_925' title='bbox 2327 5137 2347 5170; x_wconf 72' lang='grc' dir='ltr'>ι</span> <span class='ocrx_word' id='word_1_926' title='bbox 2393 5117 2612 5172; x_wconf 81' lang='lat' dir='ltr'><strong>Suliicit</strong></span> <span class='ocrx_word' id='word_1_927' title='bbox 2643 5119 2786 5172; x_wconf 91' lang='lat' dir='ltr'><strong>enim</strong></span> <span class='ocrx_word' id='word_1_928' title='bbox 2833 5119 2988 5172; x_wconf 90' lang='lat' dir='ltr'><strong>nobis</strong></span> <span class='ocrx_word' id='word_1_929' title='bbox 3034 5117 3288 5173; x_wconf 79' lang='lat' dir='ltr'><strong>Cbrisms</strong></span> <span class='ocrx_word' id='word_1_930' title='bbox 3332 5117 3397 5169; x_wconf 89' lang='lat' dir='ltr'><strong>ad</strong></span> <span class='ocrx_word' id='word_1_931' title='bbox 3447 5114 3615 5166; x_wconf 84' lang='lat' dir='ltr'><strong>lucem</strong></span> 
     </span>
    </p>
   </div>
   <div class='ocr_carea' id='block_1_116' title="bbox 2041 5204 3612 5281">
    <p class='ocr_par' dir='ltr' id='par_1_116' title="bbox 2041 5204 3612 5281">
     <span class='ocr_line' id='line_1_116' title="bbox 2041 5204 3612 5281; baseline -0.004 -17"><span class='ocrx_word' id='word_1_932' title='bbox 2041 5218 2323 5275; x_wconf 70' lang='lat' dir='ltr'><strong>mternam,</strong></span> <span class='ocrx_word' id='word_1_933' title='bbox 2344 5218 2399 5262; x_wconf 91' lang='lat' dir='ltr'><strong>et</strong></span> <span class='ocrx_word' id='word_1_934' title='bbox 2434 5208 2545 5276; x_wconf 89' lang='lat' dir='ltr'><strong>ipse</strong></span> <span class='ocrx_word' id='word_1_935' title='bbox 2590 5211 2697 5264; x_wconf 87' lang='lat' dir='ltr'><strong>erit</strong></span> <span class='ocrx_word' id='word_1_936' title='bbox 2730 5211 2886 5281; x_wconf 79' lang='lat' dir='ltr'><strong>longa</strong></span> <span class='ocrx_word' id='word_1_937' title='bbox 2917 5225 2982 5265; x_wconf 91' lang='lat' dir='ltr'><strong>ac</strong></span> <span class='ocrx_word' id='word_1_938' title='bbox 3009 5219 3266 5279; x_wconf 82' lang='lat' dir='ltr'><strong>perpetua</strong></span> <span class='ocrx_word' id='word_1_939' title='bbox 3302 5208 3436 5261; x_wconf 82' lang='lat' dir='ltr'><strong>dies.</strong></span> <span class='ocrx_word' id='word_1_940' title='bbox 3462 5204 3612 5258; x_wconf 90' lang='lat' dir='ltr'><strong>Diem</strong></span> 
     </span>
    </p>
   </div>
   <div class='ocr_carea' id='block_1_117' title="bbox 2040 5297 3613 5357">
    <p class='ocr_par' dir='ltr' id='par_1_117' title="bbox 2040 5297 3613 5357">
     <span class='ocr_line' id='line_1_117' title="bbox 2040 5297 3613 5357; baseline -0.003 -2"><span class='ocrx_word' id='word_1_941' title='bbox 2040 5312 2219 5355; x_wconf 86' lang='lat' dir='ltr'><strong>autem</strong></span> <span class='ocrx_word' id='word_1_942' title='bbox 2252 5301 2392 5354; x_wconf 88' lang='lat' dir='ltr'><strong>illam</strong></span> <span class='ocrx_word' id='word_1_943' title='bbox 2429 5314 2608 5355; x_wconf 89' lang='lat' dir='ltr'><strong>notam</strong></span> <span class='ocrx_word' id='word_1_944' title='bbox 2643 5303 2871 5357; x_wconf 89' lang='lat' dir='ltr'><strong>Domino</strong></span> <span class='ocrx_word' id='word_1_945' title='bbox 2896 5317 3019 5357; x_wconf 85' lang='lat' dir='ltr'><strong>esse</strong></span> <span class='ocrx_word' id='word_1_946' title='bbox 3051 5301 3202 5354; x_wconf 92' lang='lat' dir='ltr'><strong>dicit.</strong></span> <span class='ocrx_word' id='word_1_947' title='bbox 3255 5297 3412 5352; x_wconf 91' lang='lat' dir='ltr'><strong>Solus</strong></span> <span class='ocrx_word' id='word_1_948' title='bbox 3468 5297 3613 5351; x_wconf 88' lang='lat' dir='ltr'><strong>enim</strong></span> 
     </span>
    </p>
   </div>
   <div class='ocr_carea' id='block_1_118' title="bbox 2039 5384 3617 5444">
    <p class='ocr_par' dir='ltr' id='par_1_118' title="bbox 2039 5384 3617 5444">
     <span class='ocr_line' id='line_1_118' title="bbox 2039 5384 3617 5444; baseline 0.001 -4"><span class='ocrx_word' id='word_1_949' title='bbox 2039 5387 2180 5442; x_wconf 83' lang='lat' dir='ltr'><strong>Deus</strong></span> <span class='ocrx_word' id='word_1_950' title='bbox 2218 5400 2269 5441; x_wconf 85' lang='lat' dir='ltr'><strong>et</strong></span> <span class='ocrx_word' id='word_1_951' title='bbox 2297 5391 2454 5443; x_wconf 80' lang='lat' dir='ltr'><strong>Pater</strong></span> <span class='ocrx_word' id='word_1_952' title='bbox 2481 5390 2967 5444; x_wconf 64' lang='lat' dir='ltr'><strong>cunmtnuuationis</strong></span> <span class='ocrx_word' id='word_1_953' title='bbox 2996 5388 3139 5443; x_wconf 89' lang='lat' dir='ltr'><strong>diem</strong></span> <span class='ocrx_word' id='word_1_954' title='bbox 3198 5384 3617 5441; x_wconf 57' lang='lat' dir='ltr'><strong>uovit.Persua-</strong></span> 
     </span>
    </p>
   </div>
   <div class='ocr_carea' id='block_1_119' title="bbox 2410 5586 3613 5660">
    <p class='ocr_par' dir='ltr' id='par_1_119' title="bbox 2410 5586 3613 5660">
     <span class='ocr_line' id='line_1_119' title="bbox 2410 5586 3613 5660; baseline 0.002 -18"><span class='ocrx_word' id='word_1_955' title='bbox 2410 5592 2452 5621; x_wconf 58' lang='grc' dir='ltr'><strong>θ’</strong></span> <span class='ocrx_word' id='word_1_956' title='bbox 2479 5589 2612 5646; x_wconf 81' lang='lat' dir='ltr'><strong>Psal.</strong></span> <span class='ocrx_word' id='word_1_957' title='bbox 2647 5604 2796 5655; x_wconf 79' lang='lat' dir='ltr'><strong>xcnt,</strong></span> <span class='ocrx_word' id='word_1_958' title='bbox 2832 5588 2915 5655; x_wconf 74' lang='grc' dir='ltr'>Η,</span> <span class='ocrx_word' id='word_1_959' title='bbox 2945 5588 3027 5642; x_wconf 85' lang='lat' dir='ltr'><strong>l5.</strong></span> <span class='ocrx_word' id='word_1_960' title='bbox 3142 5586 3188 5620; x_wconf 77' lang='grc'><strong>⁶³</strong></span> <span class='ocrx_word' id='word_1_961' title='bbox 3219 5587 3374 5645; x_wconf 78' lang='lat' dir='ltr'><strong>Joan.</strong></span> <span class='ocrx_word' id='word_1_962' title='bbox 3401 5604 3493 5660; x_wconf 76' lang='lat' dir='ltr'><strong>xx,</strong></span> <span class='ocrx_word' id='word_1_963' title='bbox 3524 5588 3613 5647; x_wconf 65' lang='lat'><strong>£7.</strong></span> 
     </span>
    </p>
   </div>
  </div>
