4042 6196
415 244 526 300 955

1415 243 1474 299 S.
1518 242 1790 300 CYRILLI
1830 244 2298 300 ALEXANDRINI
2339 247 2658 304 ARCHIEP.

3586 246 3688 303 256

417 365 607 418 horum
634 363 858 419 istorum
899 378 1118 419 sensum
1163 362 1610 432 accipiet:Mare
1645 365 1879 433 primum
1911 381 2007 421 no-

2118 369 2256 423 κατὰ
2284 369 2352 422 τά
2385 369 2544 433 αὐτὰ,
2587 367 2680 422 καὶ
2727 365 2990 429 ὡσαύτως
3041 368 3074 437 ἡ
3110 365 3218 419 τῶν
3247 364 3460 436 ,νοητῶν
3489 365 3695 420 ὑδάτων

417 453 589 508 minat
612 453 676 507 ad
703 455 967 510 orientem
996 454 1228 510 fortasse
1251 455 1443 520 situm,
1475 454 1612 508 ultra
1640 463 1799 510 terrae
1834 457 1999 512 totius

416 561 571 612 oras;
620 557 922 601 extremum
959 587 976 611 ,
1034 548 1101 602 ad
1162 559 1440 601 extremos
1489 548 1786 603 occidentis
1841 550 1996 604 ﬁnes.

422 634 576 692 Velut
599 640 740 692 enim
770 638 959 693 faciem
987 648 1043 693 et
1073 638 1396 706 principium
1425 637 1594 702 orbis,
1623 638 1887 692 orientem
1903 641 2002 693 dc-

421 729 539 782 {luit
573 749 587 782 :
619 739 858 783 mstatem
901 740 1100 791 autem,
1135 729 1350 797 opinor,
1390 730 1594 783 calidas
1629 739 1683 784 et
1734 730 2001 785 australes

421 821 608 871 niiiinli
668 829 846 885 partes
894 831 1092 874 vocat:
1125 836 1218 874 ver
1267 821 1614 887 aquilonares
1659 831 1716 876 et
1755 822 1999 889 frigidas.

423 913 512 964 Sic
545 913 689 964 enim
723 913 938 967 divinus
974 913 1136 966 David
1172 924 1406 981 quatuor
1455 914 1554 964 sub
1597 913 1734 967 caelo
1779 914 2000 966 climata

423 1003 732 1069 signiﬁcare
786 1005 992 1066 Valens,
1030 1005 1094 1055 ad
1139 1004 1302 1057 Deum
1337 1004 1724 1057 exclamabat:
1768 1023 1787 1054 ι
1821 1003 2006 1058 Αἰθιο-

425 1106 610 1148 temet
645 1111 736 1147 ver
759 1106 812 1147 tu
846 1097 1122 1164 plasmain
1157 1113 1218 1148 ea
1255 1096 1322 1148 τι.
1365 1114 1384 1147 ι
1434 1096 1496 1148 Et
1531 1096 1721 1148 iterum
1749 1114 1762 1150 :
1790 1115 1807 1147 ι
1840 1095 2008 1163 Aqui-

426 1185 599 1238 lonem
629 1198 682 1238 et
710 1203 858 1239 mare
897 1199 947 1239 tu
981 1191 1179 1241 creasti
1214 1189 1280 1240 ⁷⁸.
1346 1205 1366 1237 ι
1413 1187 1592 1254 Inquit.
1641 1202 1789 1255 ergo,
1841 1188 2008 1257 Egre-

424 1277 603 1330 dietur
638 1295 774 1344 aqua
813 1280 930 1331 viva
960 1281 1262 1346 :rqualiter,
1297 1279 1425 1331 etin
1453 1281 1566 1346 pari
1600 1279 1769 1347 gratia
1811 1280 1860 1330 in
1893 1294 2008 1332 ma-

427 1384 482 1421 re
517 1370 746 1436 primum
775 1379 827 1423 et
867 1372 920 1422 in
951 1382 1282 1433 extremum,
1339 1371 1440 1424 hoc
1495 1379 1595 1434 est,
1653 1373 1705 1424 in
1744 1371 2006 1426 orientem

425 1462 850 1525 ctticcidettlent,
877 1474 930 1516 et
965 1466 1014 1514 in
1040 1473 1230 1517 assmte
1264 1474 1316 1516 et
1353 1463 1403 1515 iu
1437 1478 1583 1526 vere,
1620 1462 1720 1515 hoc
1744 1472 1825 1516 est
1855 1463 2004 1528 item,

426 1553 478 1605 in
511 1565 752 1607 austrum
789 1565 840 1606 et
871 1555 1196 1623 aquilonem.
1251 1554 1562 1623 Replebitur
1599 1554 1741 1606 enim
1775 1553 2007 1606 mundus

2108 459 2285 530 χύσις,
2317 461 2373 513 ἐν
2423 458 2651 530 χειμῶνι
2703 475 2761 542 re
2793 458 2888 512 καὶ
2934 459 2992 510 ἐν
3019 454 3188 527 θέρει,
3233 457 3504 522 τουτέστι,
3557 461 3697 511 κατὰ

2109 552 2287 604 πάντα
2315 552 2525 622 καιρόν.
2547 551 2724 606 Λυπεῖ
2743 550 2800 603 δὲ
2828 549 2979 602 οὐδὲν
3013 549 3107 602 καὶ
3133 549 3255 601 ἀντὶ
3288 547 3379 600 τοῦ
3409 548 3698 617 χειμῶνες

2109 643 2170 696 rb
2199 644 2303 710 ἔαρ
2334 645 2529 704 εἰπεῖν,
2570 642 2708 696 κατὰ
2742 642 2839 711 τὴν
2860 641 2968 695 τῶν
3027 640 3429 710 Ἐϐδομήκοντα
3459 641 3698 710 γραφήνΙ

2111 735 2288 786 κεῖται
2317 735 2425 803 γὰρ
2447 733 2522 795 ὡς
2547 735 2604 785 ἐν
2640 732 2948 803 μεταιχμίῳ
2977 730 3244 801 χειμῶνός
3275 747 3330 782 τε
3357 731 3450 781 καὶ
3484 729 3700 798 θέρους,

2111 825 2251 878 ὥστε
2286 825 2386 878 κᾶν
2419 826 2552 888 εἴτις
2579 825 2708 877 αὐτὸ
2728 827 2839 887 τοῖς
2871 823 2967 876 τοῦ
2998 822 3264 892 χειμῶνος
3290 823 3540 892 ἀπονέμῃ
3575 837 3696 872 και-

2115 920 2246 988 ροῖς,
2276 919 2366 970 τὸν
2404 917 2496 969 τοῦ
2533 917 2758 980 εἰκότος,
2788 916 2820 986 ἢ
2862 917 2952 967 καὶ
2978 915 3154 984 ὀρθῶς
3185 914 3419 984 ἔχοντος,
3449 914 3550 964 οὐκ
3586 913 3702 965 ἀδι-

2113 1010 2271 1078 κήσει
2297 1009 2475 1076 λόγον.
2521 1007 2579 1061 Ei
2613 1008 2669 1060 δὲ
2701 1008 2762 1077 δή
2815 1024 2897 1070 τις
2947 1006 3188 1076 βούλοιτο
3237 1012 3329 1058 καὶ
3360 1005 3481 1058 καθ’
3513 1005 3701 1073 ἕτερον

2117 1098 2355 1149 συνιέναι
2387 1097 2586 1167 τρόπον
2607 1097 2668 1148 τὸ
2695 1096 2822 1166 περὶ
2871 1095 2964 1148 τοῦ
3001 1096 3192 1166 νοητοῦ
3253 1095 3545 1164 λεγόμενον
3572 1094 3702 1146 ὓδα-

2114 1205 2223 1251 τος,
2249 1188 2324 1252 ὼς
2365 1208 2383 1240 ι
2410 1187 2753 1253 ἐξελεύσεται
2781 1188 2841 1240 τὸ
2873 1189 3044 1258 ἥμισυ
3073 1187 3237 1241 αὑτοῦ
3269 1190 3346 1251 εἰς
3373 1189 3472 1257 τὴν
3509 1186 3702 1239 θὲιλασ⁶

2117 1296 2214 1332 σαν
2237 1280 2333 1349 τὴν
2368 1279 2612 1350 πρώτην,
2645 1282 2738 1334 καὶ
2766 1280 2825 1333 rb
2847 1281 3018 1351 ἥμισυ
3050 1278 3214 1331 αὑτοῦ
3255 1281 3334 1341 εἰς
3363 1280 3462 1348 τὴν
3501 1278 3701 1331 θάλασ-

2116 1389 2212 1424 σαν
2247 1371 2342 1441 τὴν
2392 1372 2648 1442 ἐσχάτην,
2697 1372 2791 1425 καὶ
2845 1374 2902 1424 ἐν
2933 1372 3104 1442 θέρει,
3151 1372 3245 1422 καὶ
3284 1372 3339 1421 ὲν
3368 1371 3510 1440 ἔαρι,
3547 1370 3700 1425 ἔσται

2113 1458 2275 1520 οὕτω,
2311 1478 2327 1510 ι
2371 1460 2632 1528 τοιαύτην
2686 1461 2809 1513 τινὰ
2856 1460 2949 1512 τοῦ
3002 1461 3365 1532 προκειμένου
3421 1461 3701 1529 περίνοιαν

2113 1551 2429 1615 εἰσδέξεται·
2455 1552 2740 1606 Θάλασσαν
2771 1553 2872 1622 μὲν
2903 1552 3012 1624 γὰρ
3039 1551 3292 1622 ὀνομάζει
3321 1551 3566 1622 πρώτην,
3603 1551 3702 1623 τὴν

425 1647 846 1700 ‹·ιι;ιι·ἰδιιιιιιὶι›υες
879 1663 972 1716 per
996 1646 1294 1710 Christum,
1323 1658 1376 1700 et
1408 1647 1747 1716 permanebit
1786 1646 2007 1700 omnino

2118 1645 2246 1713 πρὸς
2275 1642 2358 1712 ἠὼ
2412 1645 2551 1714 τάχα
2609 1662 2710 1698 που
2747 1645 3026 1715 κειμένην,
3080 1645 3177 1714 τὴν
3243 1644 3500 1697 ὲπέκεινά
3559 1661 3705 1714 φημι

426 1740 625 1790 donum
656 1739 706 1790 in
744 1739 807 1790 iis
839 1741 925 1805 qui
983 1740 1314 1807 acceperint.
1345 1737 1517 1801 Tunc,
1554 1747 1682 1792 tunc
1716 1755 1734 1788 ι
1769 1738 1869 1791 erit
1897 1736 2005 1791 D0-

426 1826 602 1878 minus
635 1827 682 1878 in
719 1843 896 1895 regem
927 1843 1089 1894 super
1142 1843 1358 1880 omnem
1411 1837 1632 1884 terram.
1673 1847 1692 1880 ι
1749 1827 1860 1881 Sub
1892 1828 2007 1895 ipso

426 1919 571 1969 rttittt
605 1917 959 1982 soluerimus,
1000 1928 1053 1973 et
1083 1920 1194 1986 ipse
1227 1920 1597 1974 dominabitur
1637 1921 1828 1975 deletis
1861 1921 2006 1990 perti-

425 2021 509 2063 tus
526 2009 859 2079 principihns
886 2011 1067 2064 mundi
1083 2012 1262 2064 strenli
1285 2010 1680 2079 hujus,ct_omni
1707 2011 2006 2082 principatu

425 2118 700 2166 perverso,
734 2115 787 2156 et
819 2105 1102 2174 tyrannide
1132 2114 1317 2156 contra
1356 2119 1452 2157 nos
1479 2104 1848 2172 triumphalis,
1892 2104 2009 2171 ipso

427 2194 625 2245 Satana
651 2211 770 2246 rum
797 2196 1086 2247 virtutibus
1115 2194 1229 2258 ejus
1262 2193 1509 2262 malignis
1536 2194 1838 2263 proﬂigato.

2113 1737 2401 1807 τερμάτων
2425 1737 2522 1806 τῆς
2555 1737 2683 1806 ὅλης
2712 1738 2835 1807 γῆς,
2886 1737 3121 1806 ἐσχάτην
3169 1754 3234 1804 γε
3300 1737 3408 1808 μὴν
3437 1736 3534 1807 τὴν
3569 1737 3706 1806 πρὸς

2115 1827 2309 1888 αὐταῖς
2335 1823 2454 1888 ταῖς
2479 1827 2718 1896 ἐτπέρας
2755 1830 3048 1897 ἐσχατιαῖς.
3084 1830 3381 1900 Πρόσωπον
3410 1831 3518 1899 γὰρ
3541 1829 3706 1882 οἱονεί

2117 1935 2254 1981 πως,
2299 1920 2392 1971 καὶ
2416 1919 2586 1988 ἀρχὴν
2619 1918 2860 1989 ὁρίζεται
2911 1921 3008 1989 τῆς
3034 1922 3359 1991 οἰκουμένης
3382 1923 3480 1992 τὴν
3507 1923 3704 1974 ἀνατο-

2116 2007 2234 2080 λήν·
2270 2007 2426 2079 θέρος
2467 2007 2542 2072 δὲ,
2586 2005 2741 2077 οἶμαί
2788 2026 2912 2074 που,
2941 2010 3010 2061 τὰ
3045 2007 3244 2079 θερμὰ,
3299 2011 3394 2062 καὶ
3433 2010 3580 2063 νότια
3607 2014 3704 2080 τῆς

2114 2095 2438 2166 οἰκουμένης
2471 2096 2733 2149 ἀποκαλεῖ
2765 2097 2928 2168 μέρη,
2972 2098 3071 2170 έαρ
3119 2101 3175 2154 δέ
3228 2101 3389 2153 πάλιν
3422 2102 3487 2152 τὰ
3522 2101 3706 2171 βόρειά

2114 2207 2173 2243 τε
2197 2191 2290 2242 καὶ
2319 2190 2523 2259 ψυχρά.
2567 2189 2727 2242 υῦτω
2757 2191 2866 2261 γάρ
2892 2194 2920 2244 ὁ
2949 2193 3238 2256 θεσπέσιος
3291 2194 3454 2248 Δαϐῖδ
3481 2196 3548 2247 τὰ
3584 2196 3708 2247 τέσ-

425 2305 566 2359 σαρα
620 2287 720 2358 τῆς
773 2287 863 2340 ὑπ’
941 2287 1169 2357 οὐρανὸν
1226 2285 1470 2354 κλίματα
1540 2285 1784 2354 σημῆναι
1835 2283 2037 2346 θέλων,
2080 2279 2344 2348 ἁνεφώνει
2387 2280 2520 2349 πρὸς
2570 2278 2721 2332 Θεὸνο
2769 2300 2786 2332 ι
2821 2282 3008 2350 Θέρος,
3078 2283 3172 2335 καὶ
3223 2283 3322 2353 ἔαρ
3368 2285 3431 2337 σὺ
3463 2284 3708 2345 ἔπλασας

422 2382 585 2434 αὑτά.
623 2402 640 2434 ι
671 2382 780 2435 Καὶ
805 2381 995 2444 πάλιν,
1034 2400 1052 2432 ι
1093 2381 1196 2433 Tbv
1232 2381 1452 2452 βορρᾶν,
1486 2381 1580 2433 καὶ
1605 2380 1702 2448 τὴν
1725 2378 2004 2431 Θάλασσαν
2047 2377 2110 2428 σὺ
2147 2375 2388 2436 ἔκτισας.
2429 2393 2448 2425 ι
2506 2372 2874 2438 Ἑξελεύσεται
2943 2375 3005 2446 δὴ
3077 2371 3191 2440 οὖν,
3227 2377 3389 2447 φημὶ,
3445 2376 3507 2429 rb
3561 2375 3708 2447 ὓδωρ

424 2474 485 2526 rb
527 2473 635 2536 ζῶν
673 2477 730 2527 ἐν
793 2474 1019 2542 ἰσότητι,
1068 2474 1161 2525 κα.)⁸
1226 2472 1578 2546 ἱσομοιρούσῃ
1630 2475 1814 2542 χάριτι
1845 2470 1926 2533 εἷς
1986 2486 2046 2522 τε
2084 2469 2184 2538 τὴν
2217 2467 2494 2520 θάλασσαν
2557 2467 2656 2538 τὴν
2709 2467 2957 2538 πρώτην,
2990 2469 3084 2522 καὶ
3124 2470 3224 2540 μέν
3273 2487 3354 2522 τοι
3385 2471 3479 2523 καὶ
3505 2472 3584 2532 εἰς
3608 2469 3706 2540 τὴν

425 2567 682 2636 ἐσχάτην,
741 2568 1037 2630 τουτέστιν,
1075 2569 1156 2630 εἰς
1203 2567 1278 2620 έω
1329 2585 1387 2619 τε
1433 2569 1526 2620 καὶ
1566 2568 1736 2628 δύσιν,
1771 2566 1864 2618 καὶ
1918 2565 1975 2616 ἐν
2015 2563 2185 2634 θέρει,
2215 2563 2309 2616 καὶ
2342 2563 2400 2614 ἐν
2451 2562 2594 2632 ἔαρι,
2626 2563 2872 2616 τουτέστι
2908 2564 3090 2628 πάλιν,
3125 2566 3204 2627 εἰς
3226 2566 3318 2618 τὸν
3355 2565 3504 2618 νότον
3525 2583 3584 2618 τε
3615 2561 3708 2618 καὶ

427 2659 506 2719 εἰς
534 2656 755 2726 βορρᾶν.
804 2657 1282 2727 Ἐμπλησθήσεται
1322 2659 1431 2728 γὰρ
1462 2660 1493 2726 ἡ
1525 2658 1616 2710 ὑπ’
1657 2655 1882 2728 οὐρανὸν
1914 2654 2022 2708 τῶν
2061 2654 2148 2706 διὰ
2181 2655 2417 2724 Χριστοῦ
2446 2656 2826 2726 χαρισμάτων,
2900 2657 3227 2725 ἐναπομενεῖ
3252 2656 3308 2709 δὲ
3343 2657 3560 2722 πάντως
3591 2663 3707 2720 τοῖς

427 2747 684 2802 λαϐοῦσιν
717 2752 750 2821 ἡ
780 2749 978 2820 δωρεά.
1007 2751 1138 2805 Τότε
1166 2752 1253 2823 δὴ,
1295 2754 1415 2805 τότε
1448 2771 1465 2802 ι
1496 2752 1649 2805 ἔσται
1679 2751 1880 2820 Κύριος
1929 2752 2010 2813 εἰς
2083 2751 2306 2822 βασιλέα
2339 2749 2432 2802 ἐπὶ
2463 2751 2645 2802 πᾶσαν
2678 2749 2776 2819 τῆν
2846 2749 2968 2818 γῆν.
3013 2769 3030 2800 ι
3088 2749 3211 2801 ”Υπ’
3253 2749 3402 2820 αὑτῷ
3442 2732 3551 2818 γὰρ
3581 2752 3704 2804 ἐσόο

431 2846 568 2918 μεθα
603 2845 768 2914 μόνῳ,
803 2847 896 2898 καὶ
926 2845 1088 2909 αὐτὸς
1113 2844 1374 2918 κατάρξει
1419 2847 1527 2900 τῶν
1590 2848 1727 2900 ὅλων
1799 2846 2237 2917 κατηρτημένων
2302 2847 2382 2908 είς
2445 2845 2592 2898 ἆπαν
2656 2844 2765 2896 τῶν
2829 2843 3292 2914 κοσμοκρατόρων
3354 2842 3448 2895 τοῦ
3507 2843 3705 2897 αἰῶνος

426 2940 761 2998 τούτου,κα¹ι
787 2941 1005 3013 ἁπάσης
1051 2944 1226 3013 ἀρχῆς
1301 2945 1543 3013 πονηρᾶς
1600 2942 2129 3013 τεθριαμϐευμένης,
2201 2942 2296 2993 καὶ
2357 2940 2456 3010 τῆς
2518 2938 2640 2993 καθ’
2681 2938 2839 3010 ἡμῶν
2892 2937 3227 3001 πλεονεξίας,
3292 2935 3710 3006 ἐκϐεὸλημένων

427 3032 592 3085 αὑτοῦ
619 3049 677 3084 τε
703 3030 793 3083 τοῦ
826 3033 1040 3084 Σατανᾶ
1087 3033 1182 3084 xui.
1225 3031 1332 3084 τῶν
1389 3035 1484 3086 σὺν
1529 3033 1674 3102 αὐτῷ
1723 3033 2006 3102 δυνάμεων
2047 3031 2322 3102 πονηρῶν.
3047 3025 3053 3030 ’

506 3120 666 3175 Vens.
697 3120 786 3184 10,
827 3119 911 3172 Η.
952 3119 1017 3172 In
1047 3121 1132 3172 die
1180 3120 1272 3172 illa
1303 3124 1403 3173 erit
1447 3121 1704 3174 Dominus
1767 3139 1924 3185 unus,
1961 3131 2008 3175 et
2039 3126 2082 3182 C.

430 3231 615 3268 nomen
643 3213 755 3284 ejus
781 3230 962 3277 unum,
979 3212 1290 3265 circumiens
1315 3229 1515 3266 omnem
1541 3222 1756 3279 terram,
1773 3225 1818 3266 et
1839 3214 2017 3266 deser-

429 3321 540 3360 tum
569 3324 600 3359 a
631 3305 778 3359 Guba
814 3323 973 3375 usque
1006 3303 1262 3360 Remmon
1298 3308 1366 3358 ad
1403 3317 1641 3359 austrum
1687 3305 2010 3360 Jerusalem.

437 3400 603 3452 ltama
631 3408 806 3451 autem
830 3401 882 3452 in
920 3399 1033 3452 loco
1084 3399 1411 3467 permanebit
1465 3415 1496 3450 a
1531 3412 1682 3466 porta
1735 3398 2014 3466 Benjamin

429 3506 590 3560 usque
617 3493 686 3543 atl
713 3490 885 3542 laeum
919 3501 1085 3559 porta?
1116 3493 1324 3558 primae,
1356 3507 1517 3560 usque
1545 3494 1813 3560 adportas
1842 3507 2015 3561 angu-

430 3583 622 3646 lorum,
639 3593 684 3636 et
715 3600 873 3652 usque
894 3583 963 3635 ad
995 3584 1185 3636 turrim
1206 3582 1485 3636 Anamuel.
1505 3581 1677 3651 Usque
1693 3586 1760 3636 ad
1785 3583 2019 3637 torcula-

433 3675 513 3726 ria
547 3677 678 3741 regis
698 3675 1003 3726 hubiiubunt
1038 3676 1089 3726 in
1110 3691 1192 3738 ea,
1216 3685 1261 3726 et
1285 3676 1563 3728 anathema
1591 3692 1694 3729 non
1717 3679 1814 3730 erit
1849 3676 2013 3740 ultra,

439 3780 486 3820 et
517 3767 772 3818 habitabit
807 3764 1104 3818 Jerusalem
1139 3768 1478 3835 conﬁdenter.

503 4035 658 4090 CVII.
703 4036 927 4106 Srmper
969 4035 1080 4090 fere
1127 4045 1302 4090 tectus
1329 4045 1382 4089 ct
1421 4035 1686 4090 obscurus
1727 4046 1809 4092 est
1881 4054 2015 4093 san-

435 4142 641 4182 (toruin
680 4131 1062 4197 prophetarum
1109 4144 1311 4194 sermo,
1344 4127 1504 4197 idque
1539 4145 1566 4182 a
1610 4129 1718 4184 Deo
1745 4130 2018 4199 sapienter

436 4215 807 4275 administrari
835 4229 989 4283 puto,
1024 4233 1089 4271 ne.
1129 4228 1317 4273 sancta
1347 4219 1574 4273 canibus
1605 4231 2012 4290 prepouautur;

437 4324 612 4377 neque
637 4324 761 4366 vere
813 4307 981 4379 δοῖ..
1035 4313 1272 4380 prctEOSn
1337 4312 1628 4380 margarita
1676 4324 1803 4366 ante
1855 4316 2018 4382 pedes

436 4417 720 4468 porcorum
768 4401 1126 4471 negligentius
1169 4399 1429 4470 proiecta,
1463 4402 2017 4459 contumeliosissime

2199 3121 2302 3174 Ἐν
2319 3118 2395 3188 τῇ
2424 3119 2612 3188 ἡμέρᾳ
2648 3120 2849 3191 ἐκείνῃ
2881 3121 3050 3174 ἔσται
3094 3121 3310 3187 Κύριος
3358 3115 3466 3186 εἷς,
3519 3117 3708 3173 καὶτὸ

2120 3213 2306 3283 ὄνομα
2333 3213 2519 3267 αὑτοῦ
2547 3211 2636 3276 ἐν,
2657 3211 2900 3266 κυκλῶν
2927 3213 3042 3280 τὴν
3065 3211 3203 3281 γῆν,
3227 3213 3325 3266 καὶ
3353 3212 3466 3280 τὴν
3488 3212 3713 3280 ἔρημον

2117 3306 2237 3361 ἀπὸ
2276 3305 2442 3360 Γαϐὰ
2467 3305 2578 3371 ἕως
2616 3303 2869 3374 Ῥεμνὼν
2892 3305 3042 3359 κατὰ
3067 3306 3250 3359 νότον
3301 3303 3708 3374 Ἰερουσαιήμ.

2130 3399 2316 3469 Ῥαμὰ
2375 3398 2442 3452 δὲ
2497 3398 2594 3451 ἐπὶ.
2657 3399 2846 3452 τόπου
2903 3397 3107 3466 μενεῖ,
3156 3396 3274 3450 ἀπὸ
3337 3397 3449 3465 τῆς
3510 3399 3711 3464 πύλης

2117 3491 2401 3561 Βενιαμὶν
2443 3491 2554 3556 ἕως
2597 3489 2702 3544 τοῦ
2755 3491 2943 3544 τόπου
2994 3488 3105 3558 τῆς
3148 3491 3349 3558 πύλης
3391 3489 3500 3557 τῆς
3555 3491 3709 3558 πρώ-

2118 3595 2248 3647 της,
2282 3581 2395 3647 ἓως
2447 3581 2560 3649 τῆς
2601 3582 2803 3647 πύλης
2861 3579 2982 3633 τῶν
3015 3579 3260 3650 γωνιῶν,
3293 3579 3390 3634 καὶ
3441 3581 3552 3647 ἕως
3599 3581 3708 3636 τοῦ

2119 3675 2351 3744 πύργου
2413 3673 2775 3743 Ἀναιιουήλ.
2827 3673 2981 3738 Ἕως
3033 3671 3152 3726 τῶν
3196 3674 3546 3740 ὐποληνίων
3602 3674 3709 3726 τοῦ

2115 3765 2423 3832 ,βασιλέως
2459 3763 2934 3831 κατοικήσουσιν
2971 3765 3041 3816 ἐν
3073 3763 3248 3833 αὐτῇ,
3305 3764 3403 3818 καὶ
3441 3763 3710 3835 ἀνάθεμα

2119 3861 2232 3912 οὐκ
2255 3858 2429 3912 ἔσται
2475 3858 2584 3923 ἔτι,
2637 3858 2733 3912 καὶ
2772 3855 3119 3926 κατοικήσει
3162 3858 3557 3928 Ἰερουσαλὴμ
3603 3874 3709 3911 πεο

2119 3951 2428 4014 ποιθότως.

2191 4041 2310 4094 PZ'.
2350 4041 2590 4110 Ἀσαφὴς
2619 4041 2704 4093 ἀεί
2729 4040 2845 4105 πῶς
2871 4041 2986 4096 ἐστι
3006 4041 3112 4095 τῶν
3149 4041 3319 4109 ἁγίων
3355 4041 3651 4114 προφητῶν
3683 4045 3710 4096 6

2119 4133 2294 4202 λόγος,
2317 4133 2411 4186 καὶ
2449 4131 2628 4198 τοῦτο,
2685 4130 2858 4203 οἶμαι.
2897 4134 3075 4203 σοφῶς
3139 4133 3509 4204 διοικουμένου
3549 4133 3708 4198 Θεοῦ,

2122 4227 2208 4279 ἵνα
2243 4225 2317 4296 μὴ
2351 4224 2634 4294 προκέοιτο
2665 4225 2731 4277 τὰ
2761 4225 2894 4294 am
2925 4227 3036 4289 τοῖς
3059 4225 3204 4279 κυσί·
3250 4227 3387 4296 μήτε
3421 4225 3528 4296 μὴν
3560 4226 3712 4298 παρὰ

2119 4319 2230 4379 τοῖς
2258 4314 2400 4369 συῶν
2425 4314 2581 4367 ποσὶν
2630 4315 2918 4385 ἀτημελῶς
2953 4315 3304 4386 ἐρριμμένος,
3339 4315 3367 4366 ὁ
3417 4314 3711 4386 πολύτιμος

2119 4405 2335 4476 ἀληθῶς
2357 4423 2420 4458 πε
2431 4403 2759 4476 ριυϐρίζοιτο
2787 4404 3151 4476 μαργαρίτης.
3171 4403 3317 4474 Πλὴν
3334 4403 3712 4458 ἀποκαλύπτει

433 4493 781 4547 conculcetur
813 4493 881 4545 7“.
921 4512 939 4545 ι
972 4491 1357 4546 Verumtamen
1419 4493 1668 4546 Christus
1713 4493 1766 4546 in
1819 4494 2011 4563 spiritu

2121 4498 2353 4570 Χριστὸς
2387 4501 2444 4552 ἐν
2468 4496 2737 4566 πνεύματι
2757 4499 2867 4558 τοῖς
2907 4495 3076 4559 ἀξίοις
3112 4495 3211 4565 τὴν
3234 4494 3454 4564 γνῶσιν,
3490 4497 3584 4549 καὶ
3612 4496 3711 4560 τὰς

433 4588 613 4656 dignis
664 4587 1029 4656 cognitionem
1062 4585 1285 4651 revelat,
1321 4594 1373 4638 et
1403 4583 1567 4636 futuri
1611 4583 1796 4637 smculi
1837 4587 2011 4638 virtu-

434 4691 514 4733 tes
541 4696 634 4732 seu
677 4681 1041 4732 bcatitudincs
1075 4678 1408 4732 manifestat.
1442 4675 1805 4728 Inforinantur
1830 4687 2010 4730 autent

434 4789 566 4842 pene
599 4787 812 4839 semper
849 4773 899 4824 in
956 4771 1039 4822 his
1124 4785 1243 4837 qua:
1301 4769 1554 4821 sensibus
1618 4767 2008 4836 percipiuntur,

430 4863 643 4917 occulta
675 4873 729 4915 et
753 4863 819 4915 ad
877 4860 1288 4930 intelligentiam
1327 4860 1678 4928 pertinentia,
1715 4868 1769 4912 et
1821 4874 2008 4912 eorum

431 4973 551 5026 qua:
583 4964 860 5022 aspectum
887 4964 1128 5008 nostrum
1145 4952 1373 5022 fugiunt,
1392 4968 1454 5006 ea
1483 4969 1602 5021 quae
1628 4953 1679 5005 in
1709 4952 1895 5005 oculos
1919 4967 2013 5003 no-

432 5060 573 5104 stros
605 5047 910 5110 incurrunt,
944 5048 1096 5115 quasi
1129 5063 1327 5114 corpus
1353 5047 1507 5100 iiunt.
1537 5047 1626 5100 Ait
1657 5046 1838 5114 igitur,
1867 5063 1884 5094 ι
1920 5044 2011 5099 Illa

433 5145 572 5207 die,»
611 5141 788 5204 idest,
824 5141 912 5195 illo
945 5151 1207 5207 tempore,
1245 5139 1399 5192 nobis
1436 5140 1488 5192 in
1543 5141 1836 5192 novitatem
1892 5138 2014 5191 vitae

434 5235 730 5294 translatis,
765 5235 986 5303 ipSaque
1039 5244 1288 5286 oreatura
1324 5234 1376 5285 iit
1410 5242 1610 5286 statum
1643 5232 1825 5302 priore
1860 5233 2014 5286 nobi-

435 5327 624 5382 iiorem
667 5328 980 5390 reformata,
1017 5327 1132 5381 fore
1187 5326 1467 5380 Dominum
1509 5341 1698 5388 unum,
1735 5337 1787 5377 et
1820 5340 2014 5379 nomen

434 5419 550 5483 ejus
583 5435 770 5481 unum,
803 5420 1131 5475 circumiens
1179 5433 1392 5472 omnem
1446 5428 1668 5472 terram.
1729 5417 1860 5470 Erat
1895 5420 2015 5485 qui-

435 5508 580 5569 t'eitt,
615 5517 666 5562 et
695 5520 798 5574 est,
836 5520 889 5565 et
919 5511 1024 5566 erit
1053 5525 1264 5580 semper
1292 5525 1429 5563 unus
1476 5508 1753 5575 lloininus.
1823 5518 2010 5562 natura

521 5689 727 5749 “Psal.
765 5709 958 5760 Lxxttt,
1001 5698 1078 5750 l7.
1160 5696 1368 5750 7“Ps-ul.
1415 5711 1678 5761 cum“,
1723 5696 1802 5749 15.

2119 4590 2214 4642 τοῦ
2249 4590 2531 4660 μέλλοντος
2556 4587 2749 4650 αἰῶνος
2783 4587 3040 4658 δυνάμεις
3077 4587 3400 4659 καθίστησιν
3438 4590 3710 4660 ἐναργεῖς.

2134 4681 2524 4736 ’Λνατυποῦται
2575 4680 2632 4732 δὲ
2656 4675 2752 4743 Ὶῦς
2784 4679 2986 4733 ἐπίπαν
3008 4679 3063 4732 ἐν
3097 4697 3159 4748 γε
3198 4683 3310 4744 τοῖς
3342 4681 3618 4750 αἰσθητοῖς
3646 4681 3714 4734 τὰ

2120 4775 2478 4844 κεκρυμμένα
2506 4771 2600 4825 καὶ
2633 4772 2818 4842 νοητὰ,
2853 4773 2945 4825 καὶ
2967 4772 3134 4825 οἱονεὶ
3179 4773 3338 4842 σῶμα
3369 4771 3479 4824 τῶν
3508 4775 3714 4842 ἀφανε-

2122 4865 2326 4936 στέρων
2355 4865 2423 4918 τά
2457 4863 2673 4934 ἐμφανῆ
2703 4863 2931 4933 γίνεται.
2973 4865 3117 4933 Ἔφη
3175 4865 3375 4929 τοίνυν,
3407 4865 3490 4918 ὅτι
3519 4882 3536 4915 ι
3576 4862 3713 4916 Κατ’

2122 4957 2334 5028 ἐκείνην
2358 4956 2455 5026 τῆν
2484 4956 2716 5026 ἡμέραν,
2759 4974 2778 5006 ι
2844 4956 3009 5026 ἤγουν
3034 4955 3125 5008 τὸν
3149 4955 3358 5026 καιρὸν,
3395 4953 3712 5025 μετατεθει-

2125 5048 2299 5117 μένων
2327 5048 2434 5100 τῶν
2462 5047 2586 5100 καθ’
2610 5048 2755 5117 ἡμᾶς
2784 5049 2864 5110 εἰς
2911 5047 3205 5116 καινότητα
3249 5045 3415 5115 ζωῆς,
3470 5047 3710 5098 άνεστοι-

2113 5141 2415 5210 χειωμένης
2437 5139 2494 5192 δὲ
2533 5139 2625 5191 καλ⁵
2649 5139 2818 5207 αὐτῆς
2839 5139 2938 5207 τῆς
2967 5137 3195 5200 κτίσεως
3218 5139 3299 5200 εἰς
3336 5136 3396 5190 rb
3427 5135 3650 5205 ἄμεινον
3674 5133 3706 5206 ἥ

2115 5219 2267 5304 πρὶν,
2314 5234 2509 5285 Ἔσται
2556 5232 2760 5302 Κύριος
2810 5228 2911 5294 εἷς,
2947 5231 3041 5284 καλ⁵
3087 5231 3147 5283 rb
3194 5230 3366 5301 ὄνομα
3419 5227 3585 5281 αὑτοῦ
3626 5227 3705 5293 ἐν,

2115 5325 2347 5380 κυκλοῦν
2378 5326 2558 5378 πᾶσαν
2587 5323 2685 5395 τὴν
2713 5324 2834 5394 γῆν.
2866 5319 2974 5378 Ἦν
3012 5324 3109 5395 μὲν
3141 5323 3252 5392 γάρ
3295 5323 3401 5386 ἀεὶ,
3437 5320 3531 5374 καὶ
3569 5319 3706 5384 ἔστι,

2115 5418 2210 5472 καὶ
2239 5417 2389 5470 ἕσται
2414 5415 2615 5486 Κύριος
2641 5407 2738 5477 εἷς,
2757 5416 2786 5468 ὁ
2813 5413 2972 5482 φύσει
3007 5431 3061 5466 τε
3091 5414 3182 5466 καὶ
3208 5413 3424 5484 ἀληθῶς
3442 5413 3546 5464 τῶν
3569 5411 3708 5464 ὅλων

2114 5509 2267 5571 Θεὸς,
2310 5509 2402 5561 καὶ
2434 5506 2784 5579 παρενεγκὼν
2807 5508 2884 5569 είς
2909 5507 2968 5560 rb
3003 5502 3137 5560 εἶναι
3163 5506 3230 5560 τὰ
3257 5507 3357 5559 οὐκ
3389 5504 3518 5559 ὂντα
3554 5503 3702 5564 ποτέ,

1883 5696 1922 5724 7‘
1957 5694 2144 5748 Matth.
2187 5709 2280 5758 \‘tt,
2314 5697 2365 5746 ti.
