  <div class='ocr_page' id='page_1' title='image "/cluster/home/n/w/nwhite01/storage/ocr_20150623/72/hvd.32044073502015/134.png"; bbox 0 0 4042 6196; ppageno 0'>
   <div class='ocr_carea' id='block_1_1' title="bbox 410 273 2749 341">
    <p class='ocr_par' dir='ltr' id='par_1_1' title="bbox 410 273 2749 341">
     <span class='ocr_line' id='line_1_1' title="bbox 410 273 2749 341; baseline 0.006 -16"><span class='ocrx_word' id='word_1_1' title='bbox 410 273 476 326; x_wconf 70' lang='lat'><strong>537</strong></span> <span class='ocrx_word' id='word_1_2' title='bbox 1189 274 1732 334; x_wconf 74' lang='lat' dir='ltr'><strong>COMMENTARIUS</strong></span> <span class='ocrx_word' id='word_1_3' title='bbox 1770 278 1834 332; x_wconf 79' lang='grc' dir='ltr'><strong>ΙΝ</strong></span> <span class='ocrx_word' id='word_1_4' title='bbox 1876 278 2277 337; x_wconf 68' lang='lat' dir='ltr'><strong>ZACHARIAM</strong></span> <span class='ocrx_word' id='word_1_5' title='bbox 2313 281 2749 341; x_wconf 76' lang='lat' dir='ltr'><strong>PRUPHETAM.</strong></span> 
     </span>
    </p>
   </div>
   <div class='ocr_carea' id='block_1_2' title="bbox 3514 292 3620 349">
    <p class='ocr_par' dir='ltr' id='par_1_2' title="bbox 3514 292 3620 349">
     <span class='ocr_line' id='line_1_2' title="bbox 3514 292 3620 349; baseline -0.028 0"><span class='ocrx_word' id='word_1_6' title='bbox 3514 292 3620 349; x_wconf 61' lang='lat'><strong>351</strong></span> 
     </span>
    </p>
   </div>
   <div class='ocr_carea' id='block_1_3' title="bbox 384 391 1921 481">
    <p class='ocr_par' dir='ltr' id='par_1_3' title="bbox 384 391 1921 470">
     <span class='ocr_line' id='line_1_3' title="bbox 384 391 1921 470; baseline 0.005 -27"><span class='ocrx_word' id='word_1_7' title='bbox 384 391 601 461; x_wconf 77' lang='grc' dir='ltr'>Ἐπειδὴ</span> <span class='ocrx_word' id='word_1_8' title='bbox 629 391 684 444; x_wconf 80' lang='grc' dir='ltr'>δὲ</span> <span class='ocrx_word' id='word_1_9' title='bbox 712 392 1026 462; x_wconf 84' lang='grc' dir='ltr'>πεπλάνηκε</span> <span class='ocrx_word' id='word_1_10' title='bbox 1079 394 1178 463; x_wconf 80' lang='grc' dir='ltr'>τὴν</span> <span class='ocrx_word' id='word_1_11' title='bbox 1210 397 1299 448; x_wconf 80' lang='grc' dir='ltr'><strong>ὑπ’</strong></span> <span class='ocrx_word' id='word_1_12' title='bbox 1339 397 1565 466; x_wconf 79' lang='grc' dir='ltr'>οὐρανὸν</span> <span class='ocrx_word' id='word_1_13' title='bbox 1596 400 1626 450; x_wconf 82' lang='grc' dir='ltr'>ὁ</span> <span class='ocrx_word' id='word_1_14' title='bbox 1656 398 1753 468; x_wconf 80' lang='grc' dir='ltr'>τῆς</span> <span class='ocrx_word' id='word_1_15' title='bbox 1781 400 1921 470; x_wconf 74' lang='grc' dir='ltr'>ἁμαρ</span> 
     </span>
    </p>
   </div>
   <div class='ocr_carea' id='block_1_4' title="bbox 2025 391 3622 481">
    <p class='ocr_par' dir='ltr' id='par_1_4' title="bbox 2025 404 3622 481">
     <span class='ocr_line' id='line_1_4' title="bbox 2025 404 3622 481; baseline 0.005 -22"><span class='ocrx_word' id='word_1_16' title='bbox 2025 410 2108 459; x_wconf 45' lang='grc' dir='ltr'><strong>ηει</strong></span> <span class='ocrx_word' id='word_1_17' title='bbox 2140 416 2263 457; x_wconf 88' lang='lat' dir='ltr'><strong>vere</strong></span> <span class='ocrx_word' id='word_1_18' title='bbox 2297 404 2670 459; x_wconf 88' lang='lat' dir='ltr'><strong>universorum</strong></span> <span class='ocrx_word' id='word_1_19' title='bbox 2699 407 2859 472; x_wconf 86' lang='lat' dir='ltr'><strong>Deus,</strong></span> <span class='ocrx_word' id='word_1_20' title='bbox 2890 410 2980 476; x_wconf 85' lang='lat' dir='ltr'><strong>qui</strong></span> <span class='ocrx_word' id='word_1_21' title='bbox 3019 424 3137 477; x_wconf 62' lang='lat' dir='ltr'><strong>quae</strong></span> <span class='ocrx_word' id='word_1_22' title='bbox 3178 410 3466 481; x_wconf 76' lang='lat' dir='ltr'><strong>aliquando</strong></span> <span class='ocrx_word' id='word_1_23' title='bbox 3516 430 3622 467; x_wconf 78' lang='lat' dir='ltr'><strong>non</strong></span> 
     </span>
    </p>
   </div>
   <div class='ocr_carea' id='block_1_5' title="bbox 369 486 1949 559">
    <p class='ocr_par' dir='ltr' id='par_1_5' title="bbox 369 486 1949 559">
     <span class='ocr_line' id='line_1_5' title="bbox 369 486 1949 559; baseline 0.004 -21"><span class='ocrx_word' id='word_1_24' title='bbox 369 486 490 548; x_wconf 80' lang='grc' dir='ltr'>τίας</span> <span class='ocrx_word' id='word_1_25' title='bbox 523 486 772 557; x_wconf 80' lang='grc' dir='ltr'>εὑρετὴς,</span> <span class='ocrx_word' id='word_1_26' title='bbox 804 486 1077 539; x_wconf 79' lang='grc' dir='ltr'><strong>τουτέστιν</strong></span> <span class='ocrx_word' id='word_1_27' title='bbox 1130 489 1159 539; x_wconf 81' lang='grc' dir='ltr'><strong>ὁ</strong></span> <span class='ocrx_word' id='word_1_28' title='bbox 1210 488 1471 552; x_wconf 79' lang='grc' dir='ltr'><strong>Σατανᾶς,</strong></span> <span class='ocrx_word' id='word_1_29' title='bbox 1528 492 1607 552; x_wconf 86' lang='grc' dir='ltr'><strong>είς</strong></span> <span class='ocrx_word' id='word_1_30' title='bbox 1632 490 1823 559; x_wconf 71' lang='grc' dir='ltr'>ψευδῆ,</span> <span class='ocrx_word' id='word_1_31' title='bbox 1854 492 1949 545; x_wconf 83' lang='grc' dir='ltr'>καὶ</span> 
     </span>
    </p>
   </div>
   <div class='ocr_carea' id='block_1_6' title="bbox 371 575 1950 650">
    <p class='ocr_par' dir='ltr' id='par_1_6' title="bbox 371 575 1950 650">
     <span class='ocr_line' id='line_1_6' title="bbox 371 575 1950 650; baseline 0.004 -22"><span class='ocrx_word' id='word_1_32' title='bbox 371 575 600 645; x_wconf 79' lang='grc' dir='ltr'>βέϐηλον</span> <span class='ocrx_word' id='word_1_33' title='bbox 629 576 883 647; x_wconf 79' lang='grc' dir='ltr'><strong>λατρείαν</strong></span> <span class='ocrx_word' id='word_1_34' title='bbox 911 578 959 629; x_wconf 87' lang='grc' dir='ltr'>οἱ</span> <span class='ocrx_word' id='word_1_35' title='bbox 984 577 1202 631; x_wconf 78' lang='grc' dir='ltr'><strong>δείλαιοι</strong></span> <span class='ocrx_word' id='word_1_36' title='bbox 1256 579 1803 650; x_wconf 84' lang='grc' dir='ltr'>παρακεκομίσμεθα,</span> <span class='ocrx_word' id='word_1_37' title='bbox 1856 582 1950 634; x_wconf 75' lang='grc' dir='ltr'>καὶ</span> 
     </span>
    </p>
   </div>
   <div class='ocr_carea' id='block_1_7' title="bbox 367 667 1949 744">
    <p class='ocr_par' dir='ltr' id='par_1_7' title="bbox 367 667 1949 744">
     <span class='ocr_line' id='line_1_7' title="bbox 367 667 1949 744; baseline 0.004 -24"><span class='ocrx_word' id='word_1_38' title='bbox 367 667 712 738; x_wconf 79' lang='grc' dir='ltr'><strong>διετελοῦμεν</strong></span> <span class='ocrx_word' id='word_1_39' title='bbox 743 671 802 720; x_wconf 83' lang='grc' dir='ltr'>ἐν</span> <span class='ocrx_word' id='word_1_40' title='bbox 855 669 1047 739; x_wconf 83' lang='grc' dir='ltr'>κόσμῳ</span> <span class='ocrx_word' id='word_1_41' title='bbox 1073 668 1266 737; x_wconf 74' lang='grc' dir='ltr'>τυφλοὶ</span> <span class='ocrx_word' id='word_1_42' title='bbox 1323 671 1419 723; x_wconf 73' lang='grc' dir='ltr'>καὶ</span> <span class='ocrx_word' id='word_1_43' title='bbox 1471 674 1662 741; x_wconf 75' lang='grc' dir='ltr'>μωροὶ,</span> <span class='ocrx_word' id='word_1_44' title='bbox 1727 672 1949 744; x_wconf 78' lang='grc' dir='ltr'>κυρίους</span> 
     </span>
    </p>
   </div>
   <div class='ocr_carea' id='block_1_8' title="bbox 366 759 1948 836">
    <p class='ocr_par' dir='ltr' id='par_1_8' title="bbox 366 759 1948 836">
     <span class='ocr_line' id='line_1_8' title="bbox 366 759 1948 836; baseline 0.004 -23"><span class='ocrx_word' id='word_1_45' title='bbox 366 759 723 831; x_wconf 77' lang='grc' dir='ltr'>ὀνομάζοντες</span> <span class='ocrx_word' id='word_1_46' title='bbox 751 762 878 823; x_wconf 84' lang='grc' dir='ltr'>τοὺς</span> <span class='ocrx_word' id='word_1_47' title='bbox 903 761 1334 832; x_wconf 84' lang='grc' dir='ltr'>πεπλανηκότας,</span> <span class='ocrx_word' id='word_1_48' title='bbox 1360 764 1452 816; x_wconf 75' lang='grc' dir='ltr'><strong>καὶ</strong></span> <span class='ocrx_word' id='word_1_49' title='bbox 1490 764 1550 816; x_wconf 82' lang='grc' dir='ltr'>τὸ</span> <span class='ocrx_word' id='word_1_50' title='bbox 1573 765 1669 834; x_wconf 86' lang='grc' dir='ltr'>τῆς</span> <span class='ocrx_word' id='word_1_51' title='bbox 1699 764 1948 836; x_wconf 80' lang='grc' dir='ltr'><strong>θεότητος</strong></span> 
     </span>
    </p>
   </div>
   <div class='ocr_carea' id='block_1_9' title="bbox 365 850 1946 927">
    <p class='ocr_par' dir='ltr' id='par_1_9' title="bbox 365 850 1946 927">
     <span class='ocr_line' id='line_1_9' title="bbox 365 850 1946 927; baseline 0.005 -24"><span class='ocrx_word' id='word_1_52' title='bbox 365 850 536 921; x_wconf 77' lang='grc' dir='ltr'>δνομα</span> <span class='ocrx_word' id='word_1_53' title='bbox 563 854 676 910; x_wconf 83' lang='grc' dir='ltr'>τοῖς</span> <span class='ocrx_word' id='word_1_54' title='bbox 705 852 1034 924; x_wconf 76' lang='grc' dir='ltr'><strong>ἀκαθάρτοις</strong></span> <span class='ocrx_word' id='word_1_55' title='bbox 1061 853 1308 922; x_wconf 79' lang='grc' dir='ltr'><strong>δαίμοσιν</strong></span> <span class='ocrx_word' id='word_1_56' title='bbox 1349 855 1768 925; x_wconf 77' lang='grc' dir='ltr'>ἐπιφημίζοντες</span> <span class='ocrx_word' id='word_1_57' title='bbox 1798 859 1946 927; x_wconf 76' lang='grc' dir='ltr'>ἅμα·</span> 
     </span>
    </p>
   </div>
   <div class='ocr_carea' id='block_1_10' title="bbox 364 944 1946 1017">
    <p class='ocr_par' dir='ltr' id='par_1_10' title="bbox 364 944 1946 1017">
     <span class='ocr_line' id='line_1_10' title="bbox 364 944 1946 1017; baseline 0.001 -20"><span class='ocrx_word' id='word_1_58' title='bbox 364 944 495 1006; x_wconf 84' lang='grc' dir='ltr'>θῶς.</span> <span class='ocrx_word' id='word_1_59' title='bbox 532 944 680 1013; x_wconf 78' lang='grc' dir='ltr'>Πλὴν</span> <span class='ocrx_word' id='word_1_60' title='bbox 706 944 1118 1014; x_wconf 82' lang='grc' dir='ltr'>παρῳχηκότος,</span> <span class='ocrx_word' id='word_1_61' title='bbox 1150 944 1242 997; x_wconf 73' lang='grc' dir='ltr'><strong>καὶ</strong></span> <span class='ocrx_word' id='word_1_62' title='bbox 1272 945 1351 1007; x_wconf 81' lang='grc' dir='ltr'><strong>εἰς</strong></span> <span class='ocrx_word' id='word_1_63' title='bbox 1383 945 1557 1017; x_wconf 85' lang='grc' dir='ltr'>πέραν</span> <span class='ocrx_word' id='word_1_64' title='bbox 1584 947 1685 1017; x_wconf 67' lang='grc' dir='ltr'>ἤδη</span> <span class='ocrx_word' id='word_1_65' title='bbox 1717 947 1946 1017; x_wconf 79' lang='grc' dir='ltr'>ἥκοντος</span> 
     </span>
    </p>
   </div>
   <div class='ocr_carea' id='block_1_11' title="bbox 362 1034 1944 1108">
    <p class='ocr_par' dir='ltr' id='par_1_11' title="bbox 362 1034 1944 1108">
     <span class='ocr_line' id='line_1_11' title="bbox 362 1034 1944 1108; baseline 0.002 -20"><span class='ocrx_word' id='word_1_66' title='bbox 362 1034 460 1088; x_wconf 79' lang='grc' dir='ltr'><strong>τοῦ</strong></span> <span class='ocrx_word' id='word_1_67' title='bbox 482 1036 744 1106; x_wconf 70' lang='grc' dir='ltr'>παρόντος</span> <span class='ocrx_word' id='word_1_68' title='bbox 774 1034 985 1098; x_wconf 77' lang='grc' dir='ltr'>αἰῶνος,</span> <span class='ocrx_word' id='word_1_69' title='bbox 1010 1034 1129 1087; x_wconf 86' lang='grc' dir='ltr'>τότε</span> <span class='ocrx_word' id='word_1_70' title='bbox 1158 1036 1243 1107; x_wconf 77' lang='grc' dir='ltr'>δὴ,</span> <span class='ocrx_word' id='word_1_71' title='bbox 1268 1037 1385 1090; x_wconf 89' lang='grc' dir='ltr'>τότε</span> <span class='ocrx_word' id='word_1_72' title='bbox 1415 1038 1506 1089; x_wconf 81' lang='grc' dir='ltr'>καὶ</span> <span class='ocrx_word' id='word_1_73' title='bbox 1525 1038 1944 1108; x_wconf 76' lang='grc' dir='ltr'>φρενοδλαδείας</span> 
     </span>
    </p>
   </div>
   <div class='ocr_carea' id='block_1_12' title="bbox 361 1124 1942 1200">
    <p class='ocr_par' dir='ltr' id='par_1_12' title="bbox 361 1124 1942 1200">
     <span class='ocr_line' id='line_1_12' title="bbox 361 1124 1942 1200; baseline 0.004 -22"><span class='ocrx_word' id='word_1_74' title='bbox 361 1125 585 1195; x_wconf 81' lang='grc' dir='ltr'>ἁπάσης</span> <span class='ocrx_word' id='word_1_75' title='bbox 604 1126 661 1191; x_wconf 81' lang='grc' dir='ltr'>ἐξ</span> <span class='ocrx_word' id='word_1_76' title='bbox 690 1128 721 1196; x_wconf 79' lang='grc' dir='ltr'><strong>ἡ</strong></span> <span class='ocrx_word' id='word_1_77' title='bbox 732 1124 848 1194; x_wconf 86' lang='grc' dir='ltr'><strong>μῶν</strong></span> <span class='ocrx_word' id='word_1_78' title='bbox 876 1125 1239 1198; x_wconf 77' lang='grc' dir='ltr'><strong>ἐξῃρημένης,</strong></span> <span class='ocrx_word' id='word_1_79' title='bbox 1269 1127 1591 1198; x_wconf 85' lang='grc' dir='ltr'><strong>τεθειμένων</strong></span> <span class='ocrx_word' id='word_1_80' title='bbox 1622 1129 1675 1182; x_wconf 86' lang='grc' dir='ltr'>δὲ</span> <span class='ocrx_word' id='word_1_81' title='bbox 1703 1131 1801 1200; x_wconf 71' lang='grc' dir='ltr'>ἤδη</span> <span class='ocrx_word' id='word_1_82' title='bbox 1831 1131 1942 1184; x_wconf 89' lang='grc' dir='ltr'><strong>τῶν</strong></span> 
     </span>
    </p>
   </div>
   <div class='ocr_carea' id='block_1_13' title="bbox 358 1214 1938 1289">
    <p class='ocr_par' dir='ltr' id='par_1_13' title="bbox 358 1214 1938 1289">
     <span class='ocr_line' id='line_1_13' title="bbox 358 1214 1938 1289; baseline 0.002 -19"><span class='ocrx_word' id='word_1_83' title='bbox 358 1217 573 1287; x_wconf 78' lang='grc' dir='ltr'>ἐχθρῶν</span> <span class='ocrx_word' id='word_1_84' title='bbox 608 1219 711 1269; x_wconf 77' lang='grc' dir='ltr'><strong>ὑπὸ</strong></span> <span class='ocrx_word' id='word_1_85' title='bbox 744 1218 908 1281; x_wconf 80' lang='grc' dir='ltr'>πόδας</span> <span class='ocrx_word' id='word_1_86' title='bbox 935 1218 1193 1288; x_wconf 78' lang='grc' dir='ltr'><strong>Χριστοῦ,</strong></span> <span class='ocrx_word' id='word_1_87' title='bbox 1237 1218 1438 1289; x_wconf 81' lang='grc' dir='ltr'>Κύριος</span> <span class='ocrx_word' id='word_1_88' title='bbox 1469 1214 1547 1283; x_wconf 66' lang='grc' dir='ltr'>εἷς</span> <span class='ocrx_word' id='word_1_89' title='bbox 1576 1220 1726 1275; x_wconf 83' lang='grc' dir='ltr'>ἔσται</span> <span class='ocrx_word' id='word_1_90' title='bbox 1754 1221 1938 1274; x_wconf 72' lang='grc' dir='ltr'>λοιπον</span> 
     </span>
    </p>
   </div>
   <div class='ocr_carea' id='block_1_14' title="bbox 357 1308 1924 1383">
    <p class='ocr_par' dir='ltr' id='par_1_14' title="bbox 357 1308 1924 1383">
     <span class='ocr_line' id='line_1_14' title="bbox 357 1308 1924 1383; baseline 0.002 -20"><span class='ocrx_word' id='word_1_91' title='bbox 357 1311 454 1363; x_wconf 68' lang='grc' dir='ltr'><strong>ἐπὶ</strong></span> <span class='ocrx_word' id='word_1_92' title='bbox 482 1312 664 1363; x_wconf 81' lang='grc' dir='ltr'>πᾶσαν</span> <span class='ocrx_word' id='word_1_93' title='bbox 694 1308 791 1379; x_wconf 80' lang='grc' dir='ltr'>τὴν</span> <span class='ocrx_word' id='word_1_94' title='bbox 823 1309 946 1377; x_wconf 82' lang='grc' dir='ltr'>γῆν,</span> <span class='ocrx_word' id='word_1_95' title='bbox 979 1309 1189 1373; x_wconf 74' lang='grc' dir='ltr'>οὐδενὸς</span> <span class='ocrx_word' id='word_1_96' title='bbox 1239 1310 1334 1363; x_wconf 85' lang='grc' dir='ltr'><strong>ἀπ’</strong></span> <span class='ocrx_word' id='word_1_97' title='bbox 1368 1310 1531 1363; x_wconf 78' lang='grc' dir='ltr'>αὑτοῦ</span> <span class='ocrx_word' id='word_1_98' title='bbox 1582 1311 1680 1382; x_wconf 81' lang='grc' dir='ltr'>τὴν</span> <span class='ocrx_word' id='word_1_99' title='bbox 1707 1314 1805 1383; x_wconf 86' lang='grc' dir='ltr'>τῆς</span> <span class='ocrx_word' id='word_1_100' title='bbox 1838 1330 1924 1366; x_wconf 73' lang='lat' dir='ltr'><strong>xu-</strong></span> 
     </span>
    </p>
   </div>
   <div class='ocr_carea' id='block_1_15' title="bbox 358 1399 1938 1475">
    <p class='ocr_par' dir='ltr' id='par_1_15' title="bbox 358 1399 1938 1475">
     <span class='ocr_line' id='line_1_15' title="bbox 358 1399 1938 1475; baseline 0.003 -23"><span class='ocrx_word' id='word_1_101' title='bbox 358 1400 610 1470; x_wconf 73' lang='grc' dir='ltr'>ριότητος</span> <span class='ocrx_word' id='word_1_102' title='bbox 657 1399 992 1469; x_wconf 74' lang='grc' dir='ltr'>ἁρπάζοντος</span> <span class='ocrx_word' id='word_1_103' title='bbox 1025 1399 1202 1463; x_wconf 72' lang='grc' dir='ltr'>δόξαν.</span> <span class='ocrx_word' id='word_1_104' title='bbox 1260 1403 1462 1473; x_wconf 81' lang='grc' dir='ltr'>Κύριος</span> <span class='ocrx_word' id='word_1_105' title='bbox 1508 1402 1565 1455; x_wconf 83' lang='grc' dir='ltr'>δὲ</span> <span class='ocrx_word' id='word_1_106' title='bbox 1611 1403 1704 1455; x_wconf 75' lang='grc' dir='ltr'><strong>καὶ</strong></span> <span class='ocrx_word' id='word_1_107' title='bbox 1736 1404 1938 1475; x_wconf 80' lang='grc' dir='ltr'>ἑτέρως</span> 
     </span>
    </p>
   </div>
   <div class='ocr_carea' id='block_1_16' title="bbox 353 1487 1933 1565">
    <p class='ocr_par' dir='ltr' id='par_1_16' title="bbox 353 1487 1933 1565">
     <span class='ocr_line' id='line_1_16' title="bbox 353 1487 1933 1565; baseline 0.003 -21"><span class='ocrx_word' id='word_1_108' title='bbox 353 1487 435 1554; x_wconf 72' lang='grc' dir='ltr'>εἷς</span> <span class='ocrx_word' id='word_1_109' title='bbox 477 1490 631 1544; x_wconf 72' lang='grc' dir='ltr'>ἔσται</span> <span class='ocrx_word' id='word_1_110' title='bbox 652 1492 902 1562; x_wconf 81' lang='grc' dir='ltr'>Χριστὸς,</span> <span class='ocrx_word' id='word_1_111' title='bbox 948 1491 1332 1563; x_wconf 82' lang='grc' dir='ltr'>ἀπρακτούσης</span> <span class='ocrx_word' id='word_1_112' title='bbox 1367 1494 1463 1563; x_wconf 80' lang='grc' dir='ltr'>μὲν</span> <span class='ocrx_word' id='word_1_113' title='bbox 1487 1495 1664 1565; x_wconf 81' lang='grc' dir='ltr'><strong>πάσης</strong></span> <span class='ocrx_word' id='word_1_114' title='bbox 1691 1496 1933 1564; x_wconf 77' lang='grc' dir='ltr'>ἐπιγείου</span> 
     </span>
    </p>
   </div>
   <div class='ocr_carea' id='block_1_17' title="bbox 354 1579 1933 1653">
    <p class='ocr_par' dir='ltr' id='par_1_17' title="bbox 354 1579 1933 1653">
     <span class='ocr_line' id='line_1_17' title="bbox 354 1579 1933 1653; baseline 0.004 -17"><span class='ocrx_word' id='word_1_115' title='bbox 354 1582 655 1652; x_wconf 70' lang='grc' dir='ltr'>βασιλείας,</span> <span class='ocrx_word' id='word_1_116' title='bbox 681 1582 776 1633; x_wconf 70' lang='grc' dir='ltr'>καὶ</span> <span class='ocrx_word' id='word_1_117' title='bbox 830 1579 977 1651; x_wconf 82' lang='grc' dir='ltr'>αὐτῷ</span> <span class='ocrx_word' id='word_1_118' title='bbox 1026 1580 1090 1652; x_wconf 80' lang='grc' dir='ltr'>δὴ</span> <span class='ocrx_word' id='word_1_119' title='bbox 1139 1583 1233 1635; x_wconf 72' lang='grc' dir='ltr'>καὶ</span> <span class='ocrx_word' id='word_1_120' title='bbox 1288 1584 1435 1653; x_wconf 81' lang='grc' dir='ltr'>μόνῳ</span> <span class='ocrx_word' id='word_1_121' title='bbox 1461 1586 1522 1637; x_wconf 78' lang='grc' dir='ltr'>τὸ</span> <span class='ocrx_word' id='word_1_122' title='bbox 1553 1586 1692 1639; x_wconf 78' lang='grc' dir='ltr'>κατὰ</span> <span class='ocrx_word' id='word_1_123' title='bbox 1717 1587 1933 1642; x_wconf 86' lang='grc' dir='ltr'>πάντων</span> 
     </span>
    </p>
   </div>
   <div class='ocr_carea' id='block_1_18' title="bbox 353 1673 1932 1748">
    <p class='ocr_par' dir='ltr' id='par_1_18' title="bbox 353 1673 1932 1748">
     <span class='ocr_line' id='line_1_18' title="bbox 353 1673 1932 1748; baseline 0.004 -21"><span class='ocrx_word' id='word_1_124' title='bbox 353 1674 559 1746; x_wconf 85' lang='grc' dir='ltr'>κράτος</span> <span class='ocrx_word' id='word_1_125' title='bbox 605 1673 949 1743; x_wconf 78' lang='grc' dir='ltr'>ἁνατιθείσης</span> <span class='ocrx_word' id='word_1_126' title='bbox 1013 1673 1113 1743; x_wconf 82' lang='grc' dir='ltr'>τῆς</span> <span class='ocrx_word' id='word_1_127' title='bbox 1171 1675 1536 1746; x_wconf 83' lang='grc' dir='ltr'>ὑπόὑρανόν.</span> <span class='ocrx_word' id='word_1_128' title='bbox 1592 1680 1736 1748; x_wconf 83' lang='grc' dir='ltr'><strong>Ἔφη</strong></span> <span class='ocrx_word' id='word_1_129' title='bbox 1790 1679 1847 1733; x_wconf 83' lang='grc' dir='ltr'>δέ</span> <span class='ocrx_word' id='word_1_130' title='bbox 1879 1697 1932 1733; x_wconf 92' lang='grc' dir='ltr'><strong>τι</strong></span> 
     </span>
    </p>
   </div>
   <div class='ocr_carea' id='block_1_19' title="bbox 2049 493 3619 567">
    <p class='ocr_par' dir='ltr' id='par_1_19' title="bbox 2049 493 3619 567">
     <span class='ocr_line' id='line_1_19' title="bbox 2049 493 3619 567; baseline 0.006 -21"><span class='ocrx_word' id='word_1_131' title='bbox 2049 501 2223 555; x_wconf 87' lang='lat' dir='ltr'><strong>erant,</strong></span> <span class='ocrx_word' id='word_1_132' title='bbox 2253 500 2511 548; x_wconf 83' lang='lat' dir='ltr'><strong>ut&#39;essent</strong></span> <span class='ocrx_word' id='word_1_133' title='bbox 2537 493 2733 564; x_wconf 67' lang='lat' dir='ltr'><strong>cﬂ‘ecit.</strong></span> <span class='ocrx_word' id='word_1_134' title='bbox 2763 498 2864 551; x_wconf 85' lang='lat' dir='ltr'><strong>Ast</strong></span> <span class='ocrx_word' id='word_1_135' title='bbox 2890 498 2976 552; x_wconf 90' lang='lat' dir='ltr'><strong>ubi</strong></span> <span class='ocrx_word' id='word_1_136' title='bbox 3008 502 3213 567; x_wconf 88' lang='lat' dir='ltr'><strong>peccati</strong></span> <span class='ocrx_word' id='word_1_137' title='bbox 3244 502 3493 558; x_wconf 82' lang='lat' dir='ltr'><strong>inventor</strong></span> <span class='ocrx_word' id='word_1_138' title='bbox 3517 501 3619 558; x_wconf 81' lang='lat' dir='ltr'><strong>Sa-</strong></span> 
     </span>
    </p>
   </div>
   <div class='ocr_carea' id='block_1_20' title="bbox 2051 584 3617 660">
    <p class='ocr_par' dir='ltr' id='par_1_20' title="bbox 2051 584 3617 660">
     <span class='ocr_line' id='line_1_20' title="bbox 2051 584 3617 660; baseline 0.007 -24"><span class='ocrx_word' id='word_1_139' title='bbox 2051 589 2205 636; x_wconf 88' lang='lat' dir='ltr'><strong>tanas</strong></span> <span class='ocrx_word' id='word_1_140' title='bbox 2237 584 2496 638; x_wconf 90' lang='lat' dir='ltr'><strong>mundum</strong></span> <span class='ocrx_word' id='word_1_141' title='bbox 2521 588 2753 649; x_wconf 80' lang='lat' dir='ltr'><strong>seduxit,</strong></span> <span class='ocrx_word' id='word_1_142' title='bbox 2796 590 2862 640; x_wconf 92' lang='lat' dir='ltr'><strong>ad</strong></span> <span class='ocrx_word' id='word_1_143' title='bbox 2886 588 3078 643; x_wconf 81' lang='lat' dir='ltr'><strong>falsum</strong></span> <span class='ocrx_word' id='word_1_144' title='bbox 3102 601 3157 643; x_wconf 89' lang='lat' dir='ltr'><strong>et</strong></span> <span class='ocrx_word' id='word_1_145' title='bbox 3182 593 3451 660; x_wconf 87' lang='lat' dir='ltr'><strong>impurum</strong></span> <span class='ocrx_word' id='word_1_146' title='bbox 3500 595 3617 649; x_wconf 87' lang='lat' dir='ltr'><strong>cul-</strong></span> 
     </span>
    </p>
   </div>
   <div class='ocr_carea' id='block_1_21' title="bbox 2047 674 3618 741">
    <p class='ocr_par' dir='ltr' id='par_1_21' title="bbox 2047 674 3618 741">
     <span class='ocr_line' id='line_1_21' title="bbox 2047 674 3618 741; baseline 0.007 -14"><span class='ocrx_word' id='word_1_147' title='bbox 2047 683 2158 727; x_wconf 86' lang='lat' dir='ltr'><strong>tum</strong></span> <span class='ocrx_word' id='word_1_148' title='bbox 2182 674 2422 730; x_wconf 79' lang='lat' dir='ltr'><strong>infelices</strong></span> <span class='ocrx_word' id='word_1_149' title='bbox 2444 678 2682 741; x_wconf 89' lang='lat' dir='ltr'><strong>deducti,</strong></span> <span class='ocrx_word' id='word_1_150' title='bbox 2713 683 3064 734; x_wconf 87' lang='lat' dir='ltr'><strong>manehamus</strong></span> <span class='ocrx_word' id='word_1_151' title='bbox 3096 682 3145 734; x_wconf 93' lang='lat' dir='ltr'><strong>in</strong></span> <span class='ocrx_word' id='word_1_152' title='bbox 3179 684 3377 736; x_wconf 89' lang='lat' dir='ltr'><strong>mundo</strong></span> <span class='ocrx_word' id='word_1_153' title='bbox 3407 684 3534 737; x_wconf 67' lang='grc' dir='ltr'>ρξεςί</span> <span class='ocrx_word' id='word_1_154' title='bbox 3559 696 3618 738; x_wconf 84' lang='lat' dir='ltr'><strong>et</strong></span> 
     </span>
    </p>
   </div>
   <div class='ocr_carea' id='block_1_22' title="bbox 2048 766 3611 839">
    <p class='ocr_par' dir='ltr' id='par_1_22' title="bbox 2048 766 3611 839">
     <span class='ocr_line' id='line_1_22' title="bbox 2048 766 3611 839; baseline 0.006 -21"><span class='ocrx_word' id='word_1_155' title='bbox 2048 766 2202 832; x_wconf 81' lang='lat' dir='ltr'><strong>fatui,</strong></span> <span class='ocrx_word' id='word_1_156' title='bbox 2229 768 2478 824; x_wconf 86' lang='lat' dir='ltr'><strong>dominos</strong></span> <span class='ocrx_word' id='word_1_157' title='bbox 2509 773 2848 827; x_wconf 72' lang='lat' dir='ltr'><strong>nominantes</strong></span> <span class='ocrx_word' id='word_1_158' title='bbox 2891 775 3228 839; x_wconf 54' lang='lat' dir='ltr'><strong>seductores,</strong></span> <span class='ocrx_word' id='word_1_159' title='bbox 3276 785 3330 828; x_wconf 86' lang='lat' dir='ltr'><strong>et</strong></span> <span class='ocrx_word' id='word_1_160' title='bbox 3362 774 3611 827; x_wconf 76' lang='lat' dir='ltr'><strong>divinita-</strong></span> 
     </span>
    </p>
   </div>
   <div class='ocr_carea' id='block_1_23' title="bbox 2048 860 3615 920">
    <p class='ocr_par' dir='ltr' id='par_1_23' title="bbox 2048 860 3615 920">
     <span class='ocr_line' id='line_1_23' title="bbox 2048 860 3615 920; baseline 0.006 -9"><span class='ocrx_word' id='word_1_161' title='bbox 2048 860 2116 913; x_wconf 81' lang='lat' dir='ltr'><strong>tis</strong></span> <span class='ocrx_word' id='word_1_162' title='bbox 2151 874 2344 915; x_wconf 82' lang='lat' dir='ltr'><strong>nomen</strong></span> <span class='ocrx_word' id='word_1_163' title='bbox 2399 861 2690 918; x_wconf 85' lang='lat' dir='ltr'><strong>immundis</strong></span> <span class='ocrx_word' id='word_1_164' title='bbox 2723 866 3055 918; x_wconf 64' lang='lat' dir='ltr'><strong>(lmtnonibus</strong></span> <span class='ocrx_word' id='word_1_165' title='bbox 3111 866 3271 918; x_wconf 83' lang='lat' dir='ltr'><strong>stulte</strong></span> <span class='ocrx_word' id='word_1_166' title='bbox 3315 865 3615 920; x_wconf 86' lang='lat' dir='ltr'><strong>attribuen-</strong></span> 
     </span>
    </p>
   </div>
   <div class='ocr_carea' id='block_1_24' title="bbox 2046 933 3613 1022">
    <p class='ocr_par' dir='ltr' id='par_1_24' title="bbox 2046 933 3613 1022">
     <span class='ocr_line' id='line_1_24' title="bbox 2046 933 3613 1022; baseline 0.004 -19"><span class='ocrx_word' id='word_1_167' title='bbox 2046 958 2146 1004; x_wconf 89' lang='lat' dir='ltr'><strong>tes.</strong></span> <span class='ocrx_word' id='word_1_168' title='bbox 2174 950 2437 1005; x_wconf 64' lang='lat' dir='ltr'><strong>Caeterum</strong></span> <span class='ocrx_word' id='word_1_169' title='bbox 2484 956 2573 1007; x_wconf 91' lang='lat' dir='ltr'><strong>ubi</strong></span> <span class='ocrx_word' id='word_1_170' title='bbox 2606 933 2946 1019; x_wconf 70' lang='lat' dir='ltr'><strong>prmterierit,</strong></span> <span class='ocrx_word' id='word_1_171' title='bbox 2972 966 3025 1010; x_wconf 93' lang='lat' dir='ltr'><strong>et</strong></span> <span class='ocrx_word' id='word_1_172' title='bbox 3063 955 3175 1022; x_wconf 84' lang='lat' dir='ltr'><strong>jam</strong></span> <span class='ocrx_word' id='word_1_173' title='bbox 3210 957 3275 1008; x_wconf 91' lang='lat' dir='ltr'><strong>ad</strong></span> <span class='ocrx_word' id='word_1_174' title='bbox 3323 960 3482 1008; x_wconf 87' lang='lat' dir='ltr'><strong>tinem</strong></span> <span class='ocrx_word' id='word_1_175' title='bbox 3517 957 3613 1010; x_wconf 87' lang='lat' dir='ltr'><strong>de-</strong></span> 
     </span>
    </p>
   </div>
   <div class='ocr_carea' id='block_1_25' title="bbox 2044 1040 3613 1109">
    <p class='ocr_par' dir='ltr' id='par_1_25' title="bbox 2044 1040 3613 1109">
     <span class='ocr_line' id='line_1_25' title="bbox 2044 1040 3613 1109; baseline 0.008 -20"><span class='ocrx_word' id='word_1_176' title='bbox 2044 1040 2256 1091; x_wconf 85' lang='lat' dir='ltr'><strong>venerit</strong></span> <span class='ocrx_word' id='word_1_177' title='bbox 2281 1040 2535 1093; x_wconf 73' lang='lat' dir='ltr'><strong>steculum</strong></span> <span class='ocrx_word' id='word_1_178' title='bbox 2557 1058 2812 1109; x_wconf 71' lang='lat' dir='ltr'><strong>praesens,</strong></span> <span class='ocrx_word' id='word_1_179' title='bbox 2836 1054 2983 1107; x_wconf 91' lang='lat' dir='ltr'><strong>tunc,</strong></span> <span class='ocrx_word' id='word_1_180' title='bbox 3012 1055 3136 1099; x_wconf 91' lang='lat' dir='ltr'><strong>tunc</strong></span> <span class='ocrx_word' id='word_1_181' title='bbox 3167 1048 3311 1098; x_wconf 84' lang='lat' dir='ltr'><strong>Omni</strong></span> <span class='ocrx_word' id='word_1_182' title='bbox 3345 1048 3613 1102; x_wconf 84' lang='lat' dir='ltr'><strong>dementia</strong></span> 
     </span>
    </p>
   </div>
   <div class='ocr_carea' id='block_1_26' title="bbox 2042 1130 3655 1208">
    <p class='ocr_par' dir='ltr' id='par_1_26' title="bbox 2042 1130 3655 1208">
     <span class='ocr_line' id='line_1_26' title="bbox 2042 1130 3655 1208; baseline 0.009 -27"><span class='ocrx_word' id='word_1_183' title='bbox 2042 1142 2071 1181; x_wconf 84' lang='lat' dir='ltr'><strong>a</strong></span> <span class='ocrx_word' id='word_1_184' title='bbox 2109 1130 2263 1184; x_wconf 78' lang='lat' dir='ltr'><strong>nobis</strong></span> <span class='ocrx_word' id='word_1_185' title='bbox 2292 1130 2469 1184; x_wconf 84' lang='lat' dir='ltr'><strong>ablata</strong></span> <span class='ocrx_word' id='word_1_186' title='bbox 2525 1143 2581 1187; x_wconf 91' lang='lat' dir='ltr'><strong>et</strong></span> <span class='ocrx_word' id='word_1_187' title='bbox 2625 1135 2862 1191; x_wconf 76' lang='lat' dir='ltr'><strong>inimicis</strong></span> <span class='ocrx_word' id='word_1_188' title='bbox 2900 1137 3000 1191; x_wconf 96' lang='lat' dir='ltr'><strong>sub</strong></span> <span class='ocrx_word' id='word_1_189' title='bbox 3021 1138 3180 1204; x_wconf 87' lang='lat' dir='ltr'><strong>pedes</strong></span> <span class='ocrx_word' id='word_1_190' title='bbox 3230 1137 3432 1192; x_wconf 86' lang='lat' dir='ltr'><strong>Christi</strong></span> <span class='ocrx_word' id='word_1_191' title='bbox 3486 1155 3612 1208; x_wconf 81' lang='lat' dir='ltr'><strong>pro-</strong></span> <span class='ocrx_word' id='word_1_192' title='bbox 3648 1148 3655 1155; x_wconf 86' lang='lat'><strong><em>°</em></strong></span> 
     </span>
    </p>
   </div>
   <div class='ocr_carea' id='block_1_27' title="bbox 2040 1219 3607 1295">
    <p class='ocr_par' dir='ltr' id='par_1_27' title="bbox 2040 1219 3607 1295">
     <span class='ocr_line' id='line_1_27' title="bbox 2040 1219 3607 1295; baseline 0.006 -23"><span class='ocrx_word' id='word_1_193' title='bbox 2040 1219 2247 1285; x_wconf 86' lang='lat' dir='ltr'><strong>stratis,</strong></span> <span class='ocrx_word' id='word_1_194' title='bbox 2284 1220 2539 1276; x_wconf 92' lang='lat' dir='ltr'><strong>Dominus</strong></span> <span class='ocrx_word' id='word_1_195' title='bbox 2572 1238 2708 1276; x_wconf 86' lang='lat' dir='ltr'><strong>unus</strong></span> <span class='ocrx_word' id='word_1_196' title='bbox 2736 1224 2991 1292; x_wconf 80' lang='lat' dir='ltr'><strong>deinceps</strong></span> <span class='ocrx_word' id='word_1_197' title='bbox 3036 1227 3139 1279; x_wconf 89' lang='lat' dir='ltr'><strong>erit</strong></span> <span class='ocrx_word' id='word_1_198' title='bbox 3192 1241 3355 1295; x_wconf 82' lang='lat' dir='ltr'><strong>super</strong></span> <span class='ocrx_word' id='word_1_199' title='bbox 3393 1244 3607 1282; x_wconf 89' lang='lat' dir='ltr'><strong>omnem</strong></span> 
     </span>
    </p>
   </div>
   <div class='ocr_carea' id='block_1_28' title="bbox 2043 1313 3604 1383">
    <p class='ocr_par' dir='ltr' id='par_1_28' title="bbox 2043 1313 3604 1383">
     <span class='ocr_line' id='line_1_28' title="bbox 2043 1313 3604 1383; baseline 0.006 -21"><span class='ocrx_word' id='word_1_200' title='bbox 2043 1319 2262 1375; x_wconf 88' lang='lat' dir='ltr'><strong>terram,</strong></span> <span class='ocrx_word' id='word_1_201' title='bbox 2290 1313 2614 1365; x_wconf 89' lang='lat' dir='ltr'><strong>dominicam</strong></span> <span class='ocrx_word' id='word_1_202' title='bbox 2647 1314 2875 1383; x_wconf 84' lang='lat' dir='ltr'><strong>gloriam</strong></span> <span class='ocrx_word' id='word_1_203' title='bbox 2913 1315 3126 1370; x_wconf 89' lang='lat' dir='ltr'><strong>nemine</strong></span> <span class='ocrx_word' id='word_1_204' title='bbox 3173 1316 3247 1369; x_wconf 91' lang='lat' dir='ltr'><strong>illi</strong></span> <span class='ocrx_word' id='word_1_205' title='bbox 3303 1318 3604 1372; x_wconf 79' lang='lat' dir='ltr'><strong>auferente.</strong></span> 
     </span>
    </p>
   </div>
   <div class='ocr_carea' id='block_1_29' title="bbox 2037 1399 3606 1474">
    <p class='ocr_par' dir='ltr' id='par_1_29' title="bbox 2037 1399 3606 1474">
     <span class='ocr_line' id='line_1_29' title="bbox 2037 1399 3606 1474; baseline 0.007 -23"><span class='ocrx_word' id='word_1_206' title='bbox 2037 1399 2157 1454; x_wconf 83' lang='lat' dir='ltr'><strong>Alia</strong></span> <span class='ocrx_word' id='word_1_207' title='bbox 2206 1416 2420 1469; x_wconf 67' lang='lat' dir='ltr'><strong>quinque</strong></span> <span class='ocrx_word' id='word_1_208' title='bbox 2445 1405 2655 1458; x_wconf 77' lang='lat' dir='ltr'><strong>ratione</strong></span> <span class='ocrx_word' id='word_1_209' title='bbox 2708 1404 2957 1460; x_wconf 78' lang='lat' dir='ltr'><strong>Christus</strong></span> <span class='ocrx_word' id='word_1_210' title='bbox 2992 1407 3095 1459; x_wconf 87' lang='lat' dir='ltr'><strong>crit</strong></span> <span class='ocrx_word' id='word_1_211' title='bbox 3140 1424 3279 1460; x_wconf 90' lang='lat' dir='ltr'><strong>unus</strong></span> <span class='ocrx_word' id='word_1_212' title='bbox 3327 1409 3606 1474; x_wconf 84' lang='lat' dir='ltr'><strong>Dominus,</strong></span> 
     </span>
    </p>
   </div>
   <div class='ocr_carea' id='block_1_30' title="bbox 2037 1494 3603 1564">
    <p class='ocr_par' dir='ltr' id='par_1_30' title="bbox 2037 1494 3603 1564">
     <span class='ocr_line' id='line_1_30' title="bbox 2037 1494 3603 1564; baseline 0.006 -19"><span class='ocrx_word' id='word_1_213' title='bbox 2037 1502 2283 1547; x_wconf 81' lang='lat' dir='ltr'><strong>cessante</strong></span> <span class='ocrx_word' id='word_1_214' title='bbox 2309 1494 2454 1547; x_wconf 90' lang='lat' dir='ltr'><strong>omni</strong></span> <span class='ocrx_word' id='word_1_215' title='bbox 2492 1511 2676 1564; x_wconf 79' lang='lat' dir='ltr'><strong>regno,</strong></span> <span class='ocrx_word' id='word_1_216' title='bbox 2712 1506 2927 1552; x_wconf 88' lang='lat' dir='ltr'><strong>terreno</strong></span> <span class='ocrx_word' id='word_1_217' title='bbox 2950 1500 3176 1562; x_wconf 78' lang='lat' dir='ltr'><strong>scilicet,</strong></span> <span class='ocrx_word' id='word_1_218' title='bbox 3209 1509 3261 1553; x_wconf 92' lang='lat' dir='ltr'><strong>et</strong></span> <span class='ocrx_word' id='word_1_219' title='bbox 3283 1500 3353 1552; x_wconf 89' lang='lat' dir='ltr'><strong>illi</strong></span> <span class='ocrx_word' id='word_1_220' title='bbox 3383 1504 3478 1554; x_wconf 88' lang='lat' dir='ltr'><strong>soli</strong></span> <span class='ocrx_word' id='word_1_221' title='bbox 3507 1505 3603 1555; x_wconf 90' lang='lat' dir='ltr'><strong>im-</strong></span> 
     </span>
    </p>
   </div>
   <div class='ocr_carea' id='block_1_31' title="bbox 2034 1584 3602 1661">
    <p class='ocr_par' dir='ltr' id='par_1_31' title="bbox 2034 1584 3602 1661">
     <span class='ocr_line' id='line_1_31' title="bbox 2034 1584 3602 1661; baseline 0.007 -25"><span class='ocrx_word' id='word_1_222' title='bbox 2034 1584 2186 1651; x_wconf 71' lang='lat' dir='ltr'><strong>perio</strong></span> <span class='ocrx_word' id='word_1_223' title='bbox 2220 1584 2385 1639; x_wconf 89' lang='lat' dir='ltr'><strong>totius</strong></span> <span class='ocrx_word' id='word_1_224' title='bbox 2430 1589 2614 1641; x_wconf 88' lang='lat' dir='ltr'><strong>mundi</strong></span> <span class='ocrx_word' id='word_1_225' title='bbox 2655 1600 2991 1644; x_wconf 85' lang='lat' dir='ltr'><strong>consecrato.</strong></span> <span class='ocrx_word' id='word_1_226' title='bbox 3050 1592 3179 1646; x_wconf 84' lang='lat' dir='ltr'><strong>Tale</strong></span> <span class='ocrx_word' id='word_1_227' title='bbox 3222 1595 3347 1661; x_wconf 90' lang='lat' dir='ltr'><strong>quid</strong></span> <span class='ocrx_word' id='word_1_228' title='bbox 3398 1594 3602 1647; x_wconf 88' lang='lat' dir='ltr'><strong>dictum</strong></span> 
     </span>
    </p>
   </div>
   <div class='ocr_carea' id='block_1_32' title="bbox 2037 1677 3600 1743">
    <p class='ocr_par' dir='ltr' id='par_1_32' title="bbox 2037 1677 3600 1743">
     <span class='ocr_line' id='line_1_32' title="bbox 2037 1677 3600 1743; baseline 0.007 -17"><span class='ocrx_word' id='word_1_229' title='bbox 2037 1684 2217 1728; x_wconf 82' lang='lat' dir='ltr'><strong>exstat</strong></span> <span class='ocrx_word' id='word_1_230' title='bbox 2246 1691 2274 1727; x_wconf 88' lang='lat' dir='ltr'><strong>a</strong></span> <span class='ocrx_word' id='word_1_231' title='bbox 2317 1677 2722 1743; x_wconf 78' lang='lat' dir='ltr'><strong>sapientissimo</strong></span> <span class='ocrx_word' id='word_1_232' title='bbox 2757 1680 2998 1737; x_wconf 89' lang='lat' dir='ltr'><strong>Daniele.</strong></span> <span class='ocrx_word' id='word_1_233' title='bbox 3030 1683 3306 1737; x_wconf 77' lang='lat' dir='ltr'><strong>Euarrans</strong></span> <span class='ocrx_word' id='word_1_234' title='bbox 3336 1686 3478 1738; x_wconf 87' lang='lat' dir='ltr'><strong>enim</strong></span> <span class='ocrx_word' id='word_1_235' title='bbox 3520 1685 3600 1737; x_wconf 82' lang='lat' dir='ltr'><strong>vi-</strong></span> 
     </span>
    </p>
   </div>
   <div class='ocr_carea' id='block_1_33' title="bbox 348 1764 1921 1843">
    <p class='ocr_par' dir='ltr' id='par_1_33' title="bbox 348 1766 1921 1843">
     <span class='ocr_line' id='line_1_33' title="bbox 348 1766 1921 1843; baseline 0.004 -24"><span class='ocrx_word' id='word_1_236' title='bbox 348 1766 594 1819; x_wconf 78' lang='grc' dir='ltr'>τοιοῦτον</span> <span class='ocrx_word' id='word_1_237' title='bbox 624 1767 718 1818; x_wconf 73' lang='grc' dir='ltr'>καὶ</span> <span class='ocrx_word' id='word_1_238' title='bbox 742 1767 770 1817; x_wconf 88' lang='grc' dir='ltr'>ὁ</span> <span class='ocrx_word' id='word_1_239' title='bbox 797 1766 1104 1833; x_wconf 81' lang='grc' dir='ltr'>σοφώτατος</span> <span class='ocrx_word' id='word_1_240' title='bbox 1131 1767 1347 1837; x_wconf 74' lang='grc' dir='ltr'>Δανιὴλ.</span> <span class='ocrx_word' id='word_1_241' title='bbox 1393 1769 1796 1840; x_wconf 80' lang='grc' dir='ltr'>Ἀφηγούμενος</span> <span class='ocrx_word' id='word_1_242' title='bbox 1825 1771 1921 1843; x_wconf 75' lang='grc' dir='ltr'><strong>γὰρ</strong></span> 
     </span>
    </p>
   </div>
   <div class='ocr_carea' id='block_1_34' title="bbox 2025 1764 3604 1843">
    <p class='ocr_par' dir='ltr' id='par_1_34' title="bbox 2035 1764 3604 1841">
     <span class='ocr_line' id='line_1_34' title="bbox 2035 1764 3604 1841; baseline 0.008 -24"><span class='ocrx_word' id='word_1_243' title='bbox 2035 1764 2263 1830; x_wconf 85' lang='lat' dir='ltr'><strong>sionem,</strong></span> <span class='ocrx_word' id='word_1_244' title='bbox 2316 1766 2490 1834; x_wconf 85' lang='lat' dir='ltr'><strong>inquit</strong></span> <span class='ocrx_word' id='word_1_245' title='bbox 2525 1784 2541 1821; x_wconf 92' lang='lat'><strong>:</strong></span> <span class='ocrx_word' id='word_1_246' title='bbox 2582 1788 2600 1820; x_wconf 75' lang='grc' dir='ltr'><strong>ι</strong></span> <span class='ocrx_word' id='word_1_247' title='bbox 2634 1769 3093 1835; x_wconf 81' lang='lat' dir='ltr'><strong>Quemadmodum</strong></span> <span class='ocrx_word' id='word_1_248' title='bbox 3155 1775 3356 1840; x_wconf 80' lang='lat' dir='ltr'><strong>vidisti,</strong></span> <span class='ocrx_word' id='word_1_249' title='bbox 3396 1777 3604 1841; x_wconf 82' lang='lat' dir='ltr'><strong>rcx,de</strong></span> 
     </span>
    </p>
   </div>
   <div class='ocr_carea' id='block_1_35' title="bbox 348 1857 1933 1932">
    <p class='ocr_par' dir='ltr' id='par_1_35' title="bbox 348 1857 1933 1932">
     <span class='ocr_line' id='line_1_35' title="bbox 348 1857 1933 1932; baseline 0.004 -23"><span class='ocrx_word' id='word_1_250' title='bbox 348 1858 477 1921; x_wconf 72' lang='grc' dir='ltr'>τοὺς</span> <span class='ocrx_word' id='word_1_251' title='bbox 496 1858 607 1909; x_wconf 85' lang='grc' dir='ltr'><strong>τῶν</strong></span> <span class='ocrx_word' id='word_1_252' title='bbox 630 1857 878 1928; x_wconf 83' lang='grc' dir='ltr'>ὁράσεων</span> <span class='ocrx_word' id='word_1_253' title='bbox 895 1857 1149 1927; x_wconf 74' lang='grc' dir='ltr'>τρόπους,</span> <span class='ocrx_word' id='word_1_254' title='bbox 1175 1859 1359 1929; x_wconf 76' lang='grc' dir='ltr'>φησιν’</span> <span class='ocrx_word' id='word_1_255' title='bbox 1390 1878 1409 1911; x_wconf 77' lang='grc' dir='ltr'><strong>ι</strong></span> <span class='ocrx_word' id='word_1_256' title='bbox 1439 1861 1534 1913; x_wconf 87' lang='grc' dir='ltr'>Ὃν</span> <span class='ocrx_word' id='word_1_257' title='bbox 1564 1863 1764 1932; x_wconf 86' lang='grc' dir='ltr'>τρόπον</span> <span class='ocrx_word' id='word_1_258' title='bbox 1792 1858 1933 1926; x_wconf 75' lang='grc' dir='ltr'>εἶδες</span> 
     </span>
    </p>
   </div>
   <div class='ocr_carea' id='block_1_36' title="bbox 347 1948 1930 2023">
    <p class='ocr_par' dir='ltr' id='par_1_36' title="bbox 347 1948 1930 2023">
     <span class='ocr_line' id='line_1_36' title="bbox 347 1948 1930 2023; baseline 0.003 -22"><span class='ocrx_word' id='word_1_259' title='bbox 347 1951 430 2001; x_wconf 71' lang='grc' dir='ltr'>ὃτι</span> <span class='ocrx_word' id='word_1_260' title='bbox 452 1949 562 2002; x_wconf 83' lang='grc' dir='ltr'><strong>ἀπὸ</strong></span> <span class='ocrx_word' id='word_1_261' title='bbox 589 1948 745 2019; x_wconf 85' lang='grc' dir='ltr'>δρους</span> <span class='ocrx_word' id='word_1_262' title='bbox 763 1950 971 2019; x_wconf 73' lang='grc' dir='ltr'>ἐτμήθη</span> <span class='ocrx_word' id='word_1_263' title='bbox 998 1948 1146 2012; x_wconf 87' lang='grc' dir='ltr'>λίθος</span> <span class='ocrx_word' id='word_1_264' title='bbox 1170 1951 1295 2004; x_wconf 83' lang='grc' dir='ltr'>ἄνευ</span> <span class='ocrx_word' id='word_1_265' title='bbox 1332 1952 1535 2023; x_wconf 83' lang='grc' dir='ltr'>χειρὸς,</span> <span class='ocrx_word' id='word_1_266' title='bbox 1562 1953 1656 2006; x_wconf 76' lang='grc' dir='ltr'>καὶ</span> <span class='ocrx_word' id='word_1_267' title='bbox 1673 1953 1930 2006; x_wconf 76' lang='grc' dir='ltr'>ὲλέπτυνε</span> 
     </span>
    </p>
   </div>
   <div class='ocr_carea' id='block_1_37' title="bbox 345 2039 1927 2114">
    <p class='ocr_par' dir='ltr' id='par_1_37' title="bbox 345 2039 1927 2114">
     <span class='ocr_line' id='line_1_37' title="bbox 345 2039 1927 2114; baseline 0.002 -22"><span class='ocrx_word' id='word_1_268' title='bbox 345 2041 442 2092; x_wconf 71' lang='grc' dir='ltr'><strong>τὸν</strong></span> <span class='ocrx_word' id='word_1_269' title='bbox 469 2039 759 2111; x_wconf 80' lang='grc' dir='ltr'>δστρακον,</span> <span class='ocrx_word' id='word_1_270' title='bbox 791 2040 880 2091; x_wconf 78' lang='grc' dir='ltr'>τὸν</span> <span class='ocrx_word' id='word_1_271' title='bbox 908 2040 1144 2111; x_wconf 81' lang='grc' dir='ltr'>σίδηρον,</span> <span class='ocrx_word' id='word_1_272' title='bbox 1171 2041 1262 2095; x_wconf 79' lang='grc' dir='ltr'>τὸν</span> <span class='ocrx_word' id='word_1_273' title='bbox 1298 2043 1519 2111; x_wconf 78' lang='grc' dir='ltr'>χαλκὸν,</span> <span class='ocrx_word' id='word_1_274' title='bbox 1552 2044 1644 2096; x_wconf 81' lang='grc' dir='ltr'>τὸν</span> <span class='ocrx_word' id='word_1_275' title='bbox 1670 2044 1927 2114; x_wconf 81' lang='grc' dir='ltr'>ἄργυρον,</span> 
     </span>
    </p>
   </div>
   <div class='ocr_carea' id='block_1_38' title="bbox 345 2130 1925 2205">
    <p class='ocr_par' dir='ltr' id='par_1_38' title="bbox 345 2130 1925 2205">
     <span class='ocr_line' id='line_1_38' title="bbox 345 2130 1925 2205; baseline 0.001 -19"><span class='ocrx_word' id='word_1_276' title='bbox 345 2134 441 2186; x_wconf 79' lang='grc' dir='ltr'><strong>τδν</strong></span> <span class='ocrx_word' id='word_1_277' title='bbox 466 2132 689 2202; x_wconf 79' lang='grc' dir='ltr'>χρυσόν.</span> <span class='ocrx_word' id='word_1_278' title='bbox 741 2131 801 2183; x_wconf 83' lang='lat'><strong>&#39;0</strong></span> <span class='ocrx_word' id='word_1_279' title='bbox 829 2130 960 2195; x_wconf 67' lang='grc' dir='ltr'>Θεὸς</span> <span class='ocrx_word' id='word_1_280' title='bbox 987 2131 1015 2182; x_wconf 83' lang='grc' dir='ltr'><strong>ὁ</strong></span> <span class='ocrx_word' id='word_1_281' title='bbox 1046 2132 1218 2201; x_wconf 82' lang='grc' dir='ltr'>μέγας</span> <span class='ocrx_word' id='word_1_282' title='bbox 1256 2133 1518 2205; x_wconf 76' lang='grc' dir='ltr'>ἐγνώρισε</span> <span class='ocrx_word' id='word_1_283' title='bbox 1558 2134 1635 2204; x_wconf 85' lang='grc' dir='ltr'><strong>τῷ</strong></span> <span class='ocrx_word' id='word_1_284' title='bbox 1685 2134 1925 2204; x_wconf 85' lang='grc' dir='ltr'>βασιλεῖ,</span> 
     </span>
    </p>
   </div>
   <div class='ocr_carea' id='block_1_39' title="bbox 345 2221 1923 2294">
    <p class='ocr_par' dir='ltr' id='par_1_39' title="bbox 345 2221 1923 2294">
     <span class='ocr_line' id='line_1_39' title="bbox 345 2221 1923 2294; baseline 0 -17"><span class='ocrx_word' id='word_1_285' title='bbox 345 2224 381 2277; x_wconf 75' lang='grc' dir='ltr'>ἃ</span> <span class='ocrx_word' id='word_1_286' title='bbox 407 2224 489 2278; x_wconf 77' lang='grc' dir='ltr'>δεῖ</span> <span class='ocrx_word' id='word_1_287' title='bbox 511 2222 761 2291; x_wconf 82' lang='grc' dir='ltr'>γενέσθαι</span> <span class='ocrx_word' id='word_1_288' title='bbox 788 2222 924 2293; x_wconf 71' lang='grc' dir='ltr'>μετὰ</span> <span class='ocrx_word' id='word_1_289' title='bbox 953 2221 1146 2286; x_wconf 82' lang='grc' dir='ltr'>ταῦτα,</span> <span class='ocrx_word' id='word_1_290' title='bbox 1175 2224 1270 2276; x_wconf 72' lang='grc' dir='ltr'>καὶ</span> <span class='ocrx_word' id='word_1_291' title='bbox 1292 2223 1543 2294; x_wconf 74' lang='grc' dir='ltr'>ἀληθινὸν</span> <span class='ocrx_word' id='word_1_292' title='bbox 1570 2224 1631 2278; x_wconf 83' lang='grc' dir='ltr'>τὸ</span> <span class='ocrx_word' id='word_1_293' title='bbox 1659 2225 1923 2286; x_wconf 75' lang='grc' dir='ltr'>ἐνύπνιον,</span> 
     </span>
    </p>
   </div>
   <div class='ocr_carea' id='block_1_40' title="bbox 347 2310 1927 2384">
    <p class='ocr_par' dir='ltr' id='par_1_40' title="bbox 347 2310 1927 2384">
     <span class='ocr_line' id='line_1_40' title="bbox 347 2310 1927 2384; baseline 0.003 -19"><span class='ocrx_word' id='word_1_294' title='bbox 347 2317 446 2366; x_wconf 70' lang='grc' dir='ltr'>καὶ</span> <span class='ocrx_word' id='word_1_295' title='bbox 480 2314 645 2381; x_wconf 75' lang='grc' dir='ltr'>πιστὴ</span> <span class='ocrx_word' id='word_1_296' title='bbox 677 2315 710 2383; x_wconf 80' lang='grc' dir='ltr'><strong>ἡ</strong></span> <span class='ocrx_word' id='word_1_297' title='bbox 739 2313 1025 2384; x_wconf 78' lang='grc' dir='ltr'>σύγκρισις</span> <span class='ocrx_word' id='word_1_298' title='bbox 1047 2313 1231 2368; x_wconf 78' lang='grc' dir='ltr'>αὐτοῦ.</span> <span class='ocrx_word' id='word_1_299' title='bbox 1257 2334 1275 2367; x_wconf 70' lang='grc' dir='ltr'><strong>ι</strong></span> <span class='ocrx_word' id='word_1_300' title='bbox 1310 2314 1518 2368; x_wconf 71' lang='grc' dir='ltr'>Οὐκοῦν</span> <span class='ocrx_word' id='word_1_301' title='bbox 1549 2310 1629 2379; x_wconf 72' lang='grc' dir='ltr'>εἷς</span> <span class='ocrx_word' id='word_1_302' title='bbox 1651 2316 1802 2369; x_wconf 76' lang='grc' dir='ltr'>ἔσται</span> <span class='ocrx_word' id='word_1_303' title='bbox 1833 2316 1927 2369; x_wconf 68' lang='grc' dir='ltr'>καὶ</span> 
     </span>
    </p>
   </div>
   <div class='ocr_carea' id='block_1_41' title="bbox 348 2396 1925 2478">
    <p class='ocr_par' dir='ltr' id='par_1_41' title="bbox 348 2396 1925 2478">
     <span class='ocr_line' id='line_1_41' title="bbox 348 2396 1925 2478; baseline 0.002 -21"><span class='ocrx_word' id='word_1_304' title='bbox 348 2406 534 2473; x_wconf 75' lang='grc' dir='ltr'>μόνος,</span> <span class='ocrx_word' id='word_1_305' title='bbox 585 2405 680 2457; x_wconf 66' lang='grc' dir='ltr'>καὶ</span> <span class='ocrx_word' id='word_1_306' title='bbox 714 2396 991 2474; x_wconf 80' lang='grc' dir='ltr'>πληρώσει</span> <span class='ocrx_word' id='word_1_307' title='bbox 1043 2405 1142 2475; x_wconf 85' lang='grc' dir='ltr'><strong>τῆς</strong></span> <span class='ocrx_word' id='word_1_308' title='bbox 1192 2405 1383 2459; x_wconf 79' lang='grc' dir='ltr'>ἑαυτοῦ</span> <span class='ocrx_word' id='word_1_309' title='bbox 1417 2406 1574 2477; x_wconf 81' lang='grc' dir='ltr'>δόξης</span> <span class='ocrx_word' id='word_1_310' title='bbox 1634 2407 1734 2478; x_wconf 81' lang='grc' dir='ltr'>τὴν</span> <span class='ocrx_word' id='word_1_311' title='bbox 1765 2407 1925 2475; x_wconf 77' lang='grc' dir='ltr'>ἁγίαν</span> 
     </span>
    </p>
   </div>
   <div class='ocr_carea' id='block_1_42' title="bbox 345 2493 1926 2569">
    <p class='ocr_par' dir='ltr' id='par_1_42' title="bbox 345 2493 1926 2569">
     <span class='ocr_line' id='line_1_42' title="bbox 345 2493 1926 2569; baseline 0.002 -21"><span class='ocrx_word' id='word_1_312' title='bbox 345 2496 523 2559; x_wconf 77' lang='grc' dir='ltr'>πόλιν,</span> <span class='ocrx_word' id='word_1_313' title='bbox 554 2495 798 2549; x_wconf 80' lang='grc' dir='ltr'>τουτέστι</span> <span class='ocrx_word' id='word_1_314' title='bbox 853 2496 951 2564; x_wconf 82' lang='grc' dir='ltr'>τὴν</span> <span class='ocrx_word' id='word_1_315' title='bbox 982 2495 1176 2567; x_wconf 80' lang='grc' dir='ltr'>νοητὴν</span> <span class='ocrx_word' id='word_1_316' title='bbox 1222 2496 1591 2568; x_wconf 81' lang='grc' dir='ltr'>Ἰερουσαλὴμ,</span> <span class='ocrx_word' id='word_1_317' title='bbox 1627 2494 1695 2569; x_wconf 83' lang='grc' dir='ltr'>ἧς</span> <span class='ocrx_word' id='word_1_318' title='bbox 1744 2498 1804 2550; x_wconf 79' lang='grc' dir='ltr'>τὸ</span> <span class='ocrx_word' id='word_1_319' title='bbox 1836 2493 1926 2551; x_wconf 75' lang='grc' dir='ltr'>εὗ-</span> 
     </span>
    </p>
   </div>
   <div class='ocr_carea' id='block_1_43' title="bbox 347 2586 1924 2659">
    <p class='ocr_par' dir='ltr' id='par_1_43' title="bbox 347 2586 1924 2659">
     <span class='ocr_line' id='line_1_43' title="bbox 347 2586 1924 2659; baseline 0 -18"><span class='ocrx_word' id='word_1_320' title='bbox 347 2603 441 2659; x_wconf 82' lang='grc' dir='ltr'><strong>ρος</strong></span> <span class='ocrx_word' id='word_1_321' title='bbox 459 2588 553 2640; x_wconf 77' lang='grc' dir='ltr'>καὶ</span> <span class='ocrx_word' id='word_1_322' title='bbox 584 2586 755 2658; x_wconf 78' lang='grc' dir='ltr'>μῆκος</span> <span class='ocrx_word' id='word_1_323' title='bbox 782 2586 856 2649; x_wconf 87' lang='grc' dir='ltr'><strong>ὡς</strong></span> <span class='ocrx_word' id='word_1_324' title='bbox 884 2588 940 2639; x_wconf 80' lang='grc' dir='ltr'>ἐν</span> <span class='ocrx_word' id='word_1_325' title='bbox 963 2586 1118 2657; x_wconf 81' lang='grc' dir='ltr'>τύπῳ</span> <span class='ocrx_word' id='word_1_326' title='bbox 1149 2587 1311 2641; x_wconf 81' lang='grc' dir='ltr'>πάλιν</span> <span class='ocrx_word' id='word_1_327' title='bbox 1326 2590 1391 2659; x_wconf 78' lang='grc' dir='ltr'>τῇ</span> <span class='ocrx_word' id='word_1_328' title='bbox 1417 2588 1924 2659; x_wconf 80' lang='grc' dir='ltr'>ὲπιγείῳδείκνυσιν</span> 
     </span>
    </p>
   </div>
   <div class='ocr_carea' id='block_1_44' title="bbox 354 2666 1924 2750">
    <p class='ocr_par' dir='ltr' id='par_1_44' title="bbox 354 2666 1924 2750">
     <span class='ocr_line' id='line_1_44' title="bbox 354 2666 1924 2750; baseline 0 -18"><span class='ocrx_word' id='word_1_329' title='bbox 354 2678 727 2750; x_wconf 77' lang='grc' dir='ltr'>Ἰερουσαλήμ.</span> <span class='ocrx_word' id='word_1_330' title='bbox 777 2675 1031 2747; x_wconf 82' lang='grc' dir='ltr'>Ῥεμμὼν</span> <span class='ocrx_word' id='word_1_331' title='bbox 1061 2677 1117 2730; x_wconf 78' lang='grc' dir='ltr'>δὲ</span> <span class='ocrx_word' id='word_1_332' title='bbox 1170 2677 1233 2748; x_wconf 80' lang='grc' dir='ltr'>δὴ</span> <span class='ocrx_word' id='word_1_333' title='bbox 1288 2678 1461 2748; x_wconf 83' lang='grc' dir='ltr'>πέτρα</span> <span class='ocrx_word' id='word_1_334' title='bbox 1499 2666 1582 2742; x_wconf 80' lang='grc' dir='ltr'><strong>τίς</strong></span> <span class='ocrx_word' id='word_1_335' title='bbox 1615 2681 1751 2742; x_wconf 81' lang='grc' dir='ltr'>ἐστι,</span> <span class='ocrx_word' id='word_1_336' title='bbox 1784 2679 1924 2733; x_wconf 82' lang='grc' dir='ltr'>κατὰ</span> 
     </span>
    </p>
   </div>
   <div class='ocr_carea' id='block_1_45' title="bbox 341 2765 1922 2841">
    <p class='ocr_par' dir='ltr' id='par_1_45' title="bbox 341 2765 1922 2841">
     <span class='ocr_line' id='line_1_45' title="bbox 341 2765 1922 2841; baseline 0 -18"><span class='ocrx_word' id='word_1_337' title='bbox 341 2769 442 2841; x_wconf 83' lang='grc' dir='ltr'>τὴν</span> <span class='ocrx_word' id='word_1_338' title='bbox 473 2770 652 2822; x_wconf 86' lang='grc' dir='ltr'>νοτίαν</span> <span class='ocrx_word' id='word_1_339' title='bbox 680 2768 776 2838; x_wconf 74' lang='grc' dir='ltr'>ἐρη</span> <span class='ocrx_word' id='word_1_340' title='bbox 788 2785 902 2837; x_wconf 86' lang='grc' dir='ltr'>μον.</span> <span class='ocrx_word' id='word_1_341' title='bbox 952 2768 1160 2821; x_wconf 79' lang='grc' dir='ltr'>Οὐκοῦν</span> <span class='ocrx_word' id='word_1_342' title='bbox 1189 2769 1250 2822; x_wconf 85' lang='grc' dir='ltr'>τὸ</span> <span class='ocrx_word' id='word_1_343' title='bbox 1278 2770 1376 2839; x_wconf 84' lang='grc' dir='ltr'>μὲν</span> <span class='ocrx_word' id='word_1_344' title='bbox 1408 2765 1565 2841; x_wconf 81' lang='grc' dir='ltr'>εὖρος</span> <span class='ocrx_word' id='word_1_345' title='bbox 1584 2769 1686 2841; x_wconf 84' lang='grc' dir='ltr'>τῆς</span> <span class='ocrx_word' id='word_1_346' title='bbox 1726 2770 1922 2841; x_wconf 81' lang='grc' dir='ltr'>’ῐερουο</span> 
     </span>
    </p>
   </div>
   <div class='ocr_carea' id='block_1_46' title="bbox 342 2858 1922 2933">
    <p class='ocr_par' dir='ltr' id='par_1_46' title="bbox 342 2858 1922 2933">
     <span class='ocr_line' id='line_1_46' title="bbox 342 2858 1922 2933; baseline 0.001 -19"><span class='ocrx_word' id='word_1_347' title='bbox 342 2860 546 2931; x_wconf 76' lang='grc' dir='ltr'>σαλὴμ,</span> <span class='ocrx_word' id='word_1_348' title='bbox 578 2860 686 2913; x_wconf 74' lang='grc' dir='ltr'>ἀπὸ</span> <span class='ocrx_word' id='word_1_349' title='bbox 715 2858 862 2913; x_wconf 75' lang='grc' dir='ltr'>Γαδὰ</span> <span class='ocrx_word' id='word_1_350' title='bbox 882 2859 987 2923; x_wconf 74' lang='grc' dir='ltr'>ἕως</span> <span class='ocrx_word' id='word_1_351' title='bbox 1028 2860 1302 2931; x_wconf 81' lang='grc' dir='ltr'>Ῥεμμών.</span> <span class='ocrx_word' id='word_1_352' title='bbox 1346 2862 1617 2933; x_wconf 83' lang='grc' dir='ltr'>Ὀρίζεται</span> <span class='ocrx_word' id='word_1_353' title='bbox 1647 2863 1703 2916; x_wconf 83' lang='grc' dir='ltr'>δὲ</span> <span class='ocrx_word' id='word_1_354' title='bbox 1744 2862 1838 2915; x_wconf 70' lang='grc' dir='ltr'>καὶ</span> <span class='ocrx_word' id='word_1_355' title='bbox 1860 2863 1922 2916; x_wconf 81' lang='grc' dir='ltr'>τὸ</span> 
     </span>
    </p>
   </div>
   <div class='ocr_carea' id='block_1_47' title="bbox 343 2948 1922 3023">
    <p class='ocr_par' dir='ltr' id='par_1_47' title="bbox 343 2948 1922 3023">
     <span class='ocr_line' id='line_1_47' title="bbox 343 2948 1922 3023; baseline -0.007 -7"><span class='ocrx_word' id='word_1_356' title='bbox 343 2951 517 3022; x_wconf 64' lang='grc' dir='ltr'>μῆκος</span> <span class='ocrx_word' id='word_1_357' title='bbox 543 2948 686 3003; x_wconf 63' lang='grc' dir='ltr'>οὕτω</span> <span class='ocrx_word' id='word_1_358' title='bbox 720 2949 913 3018; x_wconf 73' lang='grc' dir='ltr'>λέγων*</span> <span class='ocrx_word' id='word_1_359' title='bbox 964 2968 985 3002; x_wconf 70' lang='grc' dir='ltr'><strong>ι</strong></span> <span class='ocrx_word' id='word_1_360' title='bbox 1030 2951 1160 3004; x_wconf 80' lang='grc' dir='ltr'><strong>Ἀπὸ</strong></span> <span class='ocrx_word' id='word_1_361' title='bbox 1180 2952 1279 3023; x_wconf 86' lang='grc' dir='ltr'><strong>τῆς</strong></span> <span class='ocrx_word' id='word_1_362' title='bbox 1314 2952 1487 3022; x_wconf 82' lang='grc' dir='ltr'>πύλης</span> <span class='ocrx_word' id='word_1_363' title='bbox 1511 2953 1761 3023; x_wconf 77' lang='grc' dir='ltr'>Βενιαμὶν</span> <span class='ocrx_word' id='word_1_364' title='bbox 1816 2952 1922 3017; x_wconf 73' lang='grc' dir='ltr'>ἕως</span> 
     </span>
    </p>
   </div>
   <div class='ocr_carea' id='block_1_48' title="bbox 338 3041 1915 3112">
    <p class='ocr_par' dir='ltr' id='par_1_48' title="bbox 338 3041 1915 3112">
     <span class='ocr_line' id='line_1_48' title="bbox 338 3041 1915 3112; baseline 0.004 -19"><span class='ocrx_word' id='word_1_365' title='bbox 338 3042 439 3110; x_wconf 78' lang='grc' dir='ltr'>τῆς</span> <span class='ocrx_word' id='word_1_366' title='bbox 459 3041 637 3104; x_wconf 78' lang='grc' dir='ltr'>πύλης</span> <span class='ocrx_word' id='word_1_367' title='bbox 660 3042 758 3111; x_wconf 86' lang='grc' dir='ltr'><strong>τῆς</strong></span> <span class='ocrx_word' id='word_1_368' title='bbox 783 3042 1003 3111; x_wconf 83' lang='grc' dir='ltr'>πρώτης</span> <span class='ocrx_word' id='word_1_369' title='bbox 1032 3043 1135 3106; x_wconf 79' lang='grc' dir='ltr'>ἓως</span> <span class='ocrx_word' id='word_1_370' title='bbox 1167 3042 1273 3096; x_wconf 86' lang='grc' dir='ltr'><strong>τῶν</strong></span> <span class='ocrx_word' id='word_1_371' title='bbox 1325 3043 1510 3097; x_wconf 86' lang='grc' dir='ltr'>πυλῶν</span> <span class='ocrx_word' id='word_1_372' title='bbox 1542 3045 1650 3098; x_wconf 83' lang='grc' dir='ltr'><strong>τῶν</strong></span> <span class='ocrx_word' id='word_1_373' title='bbox 1670 3046 1882 3112; x_wconf 83' lang='grc' dir='ltr'>γωνιῶν</span> <span class='ocrx_word' id='word_1_374' title='bbox 1902 3086 1915 3110; x_wconf 95' lang='grc'><strong>,</strong></span> 
     </span>
    </p>
   </div>
   <div class='ocr_carea' id='block_1_49' title="bbox 2036 1854 3599 1931">
    <p class='ocr_par' dir='ltr' id='par_1_49' title="bbox 2036 1854 3599 1931">
     <span class='ocr_line' id='line_1_49' title="bbox 2036 1854 3599 1931; baseline 0.01 -27"><span class='ocrx_word' id='word_1_375' title='bbox 2036 1862 2217 1906; x_wconf 86' lang='lat' dir='ltr'><strong>monte</strong></span> <span class='ocrx_word' id='word_1_376' title='bbox 2256 1854 2552 1909; x_wconf 87' lang='lat' dir='ltr'><strong>abscissum</strong></span> <span class='ocrx_word' id='word_1_377' title='bbox 2589 1857 2816 1928; x_wconf 90' lang='lat' dir='ltr'><strong>lapidem</strong></span> <span class='ocrx_word' id='word_1_378' title='bbox 2853 1862 2969 1915; x_wconf 88' lang='lat' dir='ltr'><strong>sine</strong></span> <span class='ocrx_word' id='word_1_379' title='bbox 3012 1878 3192 1925; x_wconf 90' lang='lat' dir='ltr'><strong>manu,</strong></span> <span class='ocrx_word' id='word_1_380' title='bbox 3226 1873 3442 1931; x_wconf 74' lang='lat' dir='ltr'><strong>testam,</strong></span> <span class='ocrx_word' id='word_1_381' title='bbox 3490 1865 3599 1919; x_wconf 88' lang='lat' dir='ltr'><strong>l&#39;er-</strong></span> 
     </span>
    </p>
   </div>
   <div class='ocr_carea' id='block_1_50' title="bbox 2035 1954 3601 2016">
    <p class='ocr_par' dir='ltr' id='par_1_50' title="bbox 2035 1954 3601 2016">
     <span class='ocr_line' id='line_1_50' title="bbox 2035 1954 3601 2016; baseline 0.01 -19"><span class='ocrx_word' id='word_1_382' title='bbox 2035 1958 2174 2007; x_wconf 86' lang='lat' dir='ltr'><strong>rum,</strong></span> <span class='ocrx_word' id='word_1_383' title='bbox 2211 1960 2305 2010; x_wconf 70' lang='lat' dir='ltr'><strong>azs,</strong></span> <span class='ocrx_word' id='word_1_384' title='bbox 2355 1958 2635 2016; x_wconf 77' lang='lat' dir='ltr'><strong>argentum</strong></span> <span class='ocrx_word' id='word_1_385' title='bbox 2686 1958 2737 2003; x_wconf 87' lang='lat' dir='ltr'><strong>et</strong></span> <span class='ocrx_word' id='word_1_386' title='bbox 2786 1965 2976 2005; x_wconf 86' lang='lat' dir='ltr'><strong>aurum</strong></span> <span class='ocrx_word' id='word_1_387' title='bbox 3011 1954 3400 2009; x_wconf 85' lang='lat' dir='ltr'><strong>comminuere.</strong></span> <span class='ocrx_word' id='word_1_388' title='bbox 3462 1957 3601 2013; x_wconf 85' lang='lat' dir='ltr'><strong>Deus</strong></span> 
     </span>
    </p>
   </div>
   <div class='ocr_carea' id='block_1_51' title="bbox 2033 2037 3598 2116">
    <p class='ocr_par' dir='ltr' id='par_1_51' title="bbox 2033 2037 3598 2116">
     <span class='ocr_line' id='line_1_51' title="bbox 2033 2037 3598 2116; baseline 0.012 -29"><span class='ocrx_word' id='word_1_389' title='bbox 2033 2049 2258 2102; x_wconf 81' lang='lat' dir='ltr'><strong>magnus</strong></span> <span class='ocrx_word' id='word_1_390' title='bbox 2288 2047 2412 2090; x_wconf 90' lang='lat' dir='ltr'><strong>nota</strong></span> <span class='ocrx_word' id='word_1_391' title='bbox 2446 2037 2575 2092; x_wconf 78' lang='lat' dir='ltr'><strong>fecit</strong></span> <span class='ocrx_word' id='word_1_392' title='bbox 2610 2040 2721 2109; x_wconf 86' lang='lat' dir='ltr'><strong>regi</strong></span> <span class='ocrx_word' id='word_1_393' title='bbox 2778 2056 2895 2109; x_wconf 64' lang='lat' dir='ltr'><strong>qua;</strong></span> <span class='ocrx_word' id='word_1_394' title='bbox 2928 2054 3141 2111; x_wconf 82' lang='lat' dir='ltr'><strong>oportet</strong></span> <span class='ocrx_word' id='word_1_395' title='bbox 3174 2046 3287 2099; x_wconf 86' lang='lat' dir='ltr'><strong>lieri</strong></span> <span class='ocrx_word' id='word_1_396' title='bbox 3318 2057 3437 2114; x_wconf 87' lang='lat' dir='ltr'><strong>post</strong></span> <span class='ocrx_word' id='word_1_397' title='bbox 3460 2049 3598 2116; x_wconf 58' lang='lat' dir='ltr'><strong>haec,</strong></span> 
     </span>
    </p>
   </div>
   <div class='ocr_carea' id='block_1_52' title="bbox 2030 2130 3594 2207">
    <p class='ocr_par' dir='ltr' id='par_1_52' title="bbox 2030 2130 3594 2207">
     <span class='ocr_line' id='line_1_52' title="bbox 2030 2130 3594 2207; baseline 0.011 -29"><span class='ocrx_word' id='word_1_398' title='bbox 2030 2134 2083 2178; x_wconf 86' lang='lat' dir='ltr'><strong>et</strong></span> <span class='ocrx_word' id='word_1_399' title='bbox 2115 2140 2297 2179; x_wconf 81' lang='lat' dir='ltr'><strong>verum</strong></span> <span class='ocrx_word' id='word_1_400' title='bbox 2328 2130 2618 2191; x_wconf 89' lang='lat' dir='ltr'><strong>somnium,</strong></span> <span class='ocrx_word' id='word_1_401' title='bbox 2666 2142 2719 2185; x_wconf 87' lang='lat' dir='ltr'><strong>et</strong></span> <span class='ocrx_word' id='word_1_402' title='bbox 2755 2131 2930 2187; x_wconf 86' lang='lat' dir='ltr'><strong>ﬁdelis</strong></span> <span class='ocrx_word' id='word_1_403' title='bbox 2959 2138 3268 2203; x_wconf 87' lang='lat' dir='ltr'><strong>conjectura</strong></span> <span class='ocrx_word' id='word_1_404' title='bbox 3320 2138 3439 2207; x_wconf 78' lang='lat' dir='ltr'><strong>ejus</strong></span> <span class='ocrx_word' id='word_1_405' title='bbox 3470 2139 3537 2194; x_wconf 77' lang='grc'><strong>⁷⁷.</strong></span> <span class='ocrx_word' id='word_1_406' title='bbox 3570 2157 3594 2194; x_wconf 68' lang='grc' dir='ltr'><strong>ι</strong></span> 
     </span>
    </p>
   </div>
   <div class='ocr_carea' id='block_1_53' title="bbox 2028 2214 3594 2296">
    <p class='ocr_par' dir='ltr' id='par_1_53' title="bbox 2028 2214 3594 2296">
     <span class='ocr_line' id='line_1_53' title="bbox 2028 2214 3594 2296; baseline 0.011 -29"><span class='ocrx_word' id='word_1_407' title='bbox 2028 2214 2213 2283; x_wconf 80' lang='lat' dir='ltr'><strong>Itaque</strong></span> <span class='ocrx_word' id='word_1_408' title='bbox 2238 2234 2374 2273; x_wconf 90' lang='lat' dir='ltr'><strong>unus</strong></span> <span class='ocrx_word' id='word_1_409' title='bbox 2417 2229 2473 2275; x_wconf 89' lang='lat' dir='ltr'><strong>et</strong></span> <span class='ocrx_word' id='word_1_410' title='bbox 2521 2221 2669 2277; x_wconf 87' lang='lat' dir='ltr'><strong>solus</strong></span> <span class='ocrx_word' id='word_1_411' title='bbox 2716 2224 2840 2289; x_wconf 90' lang='lat' dir='ltr'><strong>erit,</strong></span> <span class='ocrx_word' id='word_1_412' title='bbox 2879 2225 2968 2293; x_wconf 91' lang='lat' dir='ltr'><strong>qui</strong></span> <span class='ocrx_word' id='word_1_413' title='bbox 3019 2227 3186 2296; x_wconf 79' lang='lat' dir='ltr'><strong>gloria</strong></span> <span class='ocrx_word' id='word_1_414' title='bbox 3224 2244 3318 2282; x_wconf 89' lang='lat' dir='ltr'><strong>sua</strong></span> <span class='ocrx_word' id='word_1_415' title='bbox 3356 2242 3594 2285; x_wconf 82' lang='lat' dir='ltr'><strong>sanctam</strong></span> 
     </span>
    </p>
   </div>
   <div class='ocr_carea' id='block_1_54' title="bbox 2028 2307 3595 2388">
    <p class='ocr_par' dir='ltr' id='par_1_54' title="bbox 2028 2307 3595 2388">
     <span class='ocr_line' id='line_1_54' title="bbox 2028 2307 3595 2388; baseline 0.01 -27"><span class='ocrx_word' id='word_1_416' title='bbox 2028 2307 2303 2363; x_wconf 87' lang='lat' dir='ltr'><strong>civitatem</strong></span> <span class='ocrx_word' id='word_1_417' title='bbox 2331 2311 2592 2380; x_wconf 84' lang='lat' dir='ltr'><strong>implebit,</strong></span> <span class='ocrx_word' id='word_1_418' title='bbox 2642 2315 2743 2369; x_wconf 88' lang='lat' dir='ltr'><strong>hoc</strong></span> <span class='ocrx_word' id='word_1_419' title='bbox 2776 2326 2883 2382; x_wconf 89' lang='lat' dir='ltr'><strong>est,</strong></span> <span class='ocrx_word' id='word_1_420' title='bbox 2937 2318 3325 2388; x_wconf 78' lang='lat' dir='ltr'><strong>intelligibilcm</strong></span> <span class='ocrx_word' id='word_1_421' title='bbox 3371 2320 3595 2378; x_wconf 83' lang='lat' dir='ltr'><strong>Jerusa-</strong></span> 
     </span>
    </p>
   </div>
   <div class='ocr_carea' id='block_1_55' title="bbox 2026 2398 3596 2476">
    <p class='ocr_par' dir='ltr' id='par_1_55' title="bbox 2026 2398 3596 2476">
     <span class='ocr_line' id='line_1_55' title="bbox 2026 2398 3596 2476; baseline 0.011 -25"><span class='ocrx_word' id='word_1_422' title='bbox 2026 2398 2153 2465; x_wconf 87' lang='lat' dir='ltr'><strong>lem,</strong></span> <span class='ocrx_word' id='word_1_423' title='bbox 2192 2401 2345 2470; x_wconf 85' lang='lat' dir='ltr'><strong>cujus</strong></span> <span class='ocrx_word' id='word_1_424' title='bbox 2376 2403 2708 2460; x_wconf 79' lang='lat' dir='ltr'><strong>latitudinem</strong></span> <span class='ocrx_word' id='word_1_425' title='bbox 2736 2417 2791 2460; x_wconf 88' lang='lat' dir='ltr'><strong>et</strong></span> <span class='ocrx_word' id='word_1_426' title='bbox 2833 2407 3218 2476; x_wconf 89' lang='lat' dir='ltr'><strong>longitudinem</strong></span> <span class='ocrx_word' id='word_1_427' title='bbox 3273 2427 3488 2467; x_wconf 89' lang='lat' dir='ltr'><strong>rursum</strong></span> <span class='ocrx_word' id='word_1_428' title='bbox 3538 2425 3596 2469; x_wconf 90' lang='lat' dir='ltr'><strong>ut</strong></span> 
     </span>
    </p>
   </div>
   <div class='ocr_carea' id='block_1_56' title="bbox 2027 2490 3588 2562">
    <p class='ocr_par' dir='ltr' id='par_1_56' title="bbox 2027 2490 3588 2562">
     <span class='ocr_line' id='line_1_56' title="bbox 2027 2490 3588 2562; baseline 0.01 -20"><span class='ocrx_word' id='word_1_429' title='bbox 2027 2490 2079 2543; x_wconf 88' lang='lat' dir='ltr'><strong>in</strong></span> <span class='ocrx_word' id='word_1_430' title='bbox 2131 2501 2255 2562; x_wconf 86' lang='lat' dir='ltr'><strong>typo</strong></span> <span class='ocrx_word' id='word_1_431' title='bbox 2286 2508 2383 2562; x_wconf 90' lang='lat' dir='ltr'><strong>per</strong></span> <span class='ocrx_word' id='word_1_432' title='bbox 2428 2505 2742 2551; x_wconf 84' lang='lat' dir='ltr'><strong>terrestrem</strong></span> <span class='ocrx_word' id='word_1_433' title='bbox 2786 2497 3085 2553; x_wconf 80' lang='lat' dir='ltr'><strong>Jerusalem</strong></span> <span class='ocrx_word' id='word_1_434' title='bbox 3129 2502 3384 2555; x_wconf 85' lang='lat' dir='ltr'><strong>ostendit.</strong></span> <span class='ocrx_word' id='word_1_435' title='bbox 3422 2502 3588 2557; x_wconf 84' lang='lat' dir='ltr'><strong>llem-</strong></span> 
     </span>
    </p>
   </div>
   <div class='ocr_carea' id='block_1_57' title="bbox 2028 2588 3588 2655">
    <p class='ocr_par' dir='ltr' id='par_1_57' title="bbox 2028 2588 3588 2655">
     <span class='ocr_line' id='line_1_57' title="bbox 2028 2588 3588 2655; baseline 0.008 -21"><span class='ocrx_word' id='word_1_436' title='bbox 2028 2598 2154 2635; x_wconf 91' lang='lat' dir='ltr'><strong>mou</strong></span> <span class='ocrx_word' id='word_1_437' title='bbox 2186 2599 2350 2651; x_wconf 88' lang='lat' dir='ltr'><strong>porro</strong></span> <span class='ocrx_word' id='word_1_438' title='bbox 2381 2594 2532 2654; x_wconf 87' lang='lat' dir='ltr'><strong>petra</strong></span> <span class='ocrx_word' id='word_1_439' title='bbox 2567 2588 2810 2655; x_wconf 75' lang='lat' dir='ltr'><strong>quaedam</strong></span> <span class='ocrx_word' id='word_1_440' title='bbox 2842 2598 2926 2643; x_wconf 89' lang='lat' dir='ltr'><strong>est</strong></span> <span class='ocrx_word' id='word_1_441' title='bbox 2953 2590 3005 2642; x_wconf 93' lang='lat' dir='ltr'><strong>in</strong></span> <span class='ocrx_word' id='word_1_442' title='bbox 3031 2591 3317 2644; x_wconf 89' lang='lat' dir='ltr'><strong>solitudine</strong></span> <span class='ocrx_word' id='word_1_443' title='bbox 3341 2594 3588 2647; x_wconf 84' lang='lat' dir='ltr'><strong>australi.</strong></span> 
     </span>
    </p>
   </div>
   <div class='ocr_carea' id='block_1_58' title="bbox 2024 2671 3591 2754">
    <p class='ocr_par' dir='ltr' id='par_1_58' title="bbox 2024 2671 3591 2754">
     <span class='ocr_line' id='line_1_58' title="bbox 2024 2671 3591 2754; baseline 0.01 -30"><span class='ocrx_word' id='word_1_444' title='bbox 2024 2671 2191 2741; x_wconf 82' lang='lat' dir='ltr'><strong>Igitur</strong></span> <span class='ocrx_word' id='word_1_445' title='bbox 2228 2673 2453 2729; x_wconf 90' lang='lat' dir='ltr'><strong>latitudo</strong></span> <span class='ocrx_word' id='word_1_446' title='bbox 2511 2679 2724 2747; x_wconf 87' lang='lat' dir='ltr'><strong>quidem</strong></span> <span class='ocrx_word' id='word_1_447' title='bbox 2770 2678 3067 2735; x_wconf 84' lang='lat' dir='ltr'><strong>Jerusalem</strong></span> <span class='ocrx_word' id='word_1_448' title='bbox 3126 2696 3157 2736; x_wconf 85' lang='lat' dir='ltr'><strong>a</strong></span> <span class='ocrx_word' id='word_1_449' title='bbox 3216 2680 3363 2737; x_wconf 83' lang='lat' dir='ltr'><strong>Gaba</strong></span> <span class='ocrx_word' id='word_1_450' title='bbox 3419 2700 3591 2754; x_wconf 83' lang='lat' dir='ltr'><strong>usque</strong></span> 
     </span>
    </p>
   </div>
   <div class='ocr_carea' id='block_1_59' title="bbox 2026 2765 3583 2842">
    <p class='ocr_par' dir='ltr' id='par_1_59' title="bbox 2026 2765 3583 2842">
     <span class='ocr_line' id='line_1_59' title="bbox 2026 2765 3583 2842; baseline 0.008 -24"><span class='ocrx_word' id='word_1_451' title='bbox 2026 2765 2319 2820; x_wconf 83' lang='lat' dir='ltr'><strong>Remmon.</strong></span> <span class='ocrx_word' id='word_1_452' title='bbox 2374 2768 2570 2824; x_wconf 85' lang='lat' dir='ltr'><strong>Delinit</strong></span> <span class='ocrx_word' id='word_1_453' title='bbox 2600 2770 2760 2824; x_wconf 83' lang='lat' dir='ltr'><strong>etiam</strong></span> <span class='ocrx_word' id='word_1_454' title='bbox 2807 2771 3192 2842; x_wconf 76' lang='lat' dir='ltr'><strong>longitudinem</strong></span> <span class='ocrx_word' id='word_1_455' title='bbox 3246 2775 3330 2828; x_wconf 91' lang='lat' dir='ltr'><strong>his</strong></span> <span class='ocrx_word' id='word_1_456' title='bbox 3370 2777 3583 2832; x_wconf 79' lang='lat' dir='ltr'><strong>verbis:</strong></span> 
     </span>
    </p>
   </div>
   <div class='ocr_carea' id='block_1_60' title="bbox 2028 2856 3588 2935">
    <p class='ocr_par' dir='ltr' id='par_1_60' title="bbox 2028 2856 3588 2935">
     <span class='ocr_line' id='line_1_60' title="bbox 2028 2856 3588 2935; baseline 0.008 -29"><span class='ocrx_word' id='word_1_457' title='bbox 2028 2872 2049 2906; x_wconf 71' lang='grc' dir='ltr'><strong>ο</strong></span> <span class='ocrx_word' id='word_1_458' title='bbox 2084 2858 2124 2910; x_wconf 80' lang='grc' dir='ltr'><strong>Α</strong></span> <span class='ocrx_word' id='word_1_459' title='bbox 2153 2868 2305 2927; x_wconf 89' lang='lat' dir='ltr'><strong>porta</strong></span> <span class='ocrx_word' id='word_1_460' title='bbox 2332 2856 2606 2929; x_wconf 86' lang='lat' dir='ltr'><strong>Beujamin</strong></span> <span class='ocrx_word' id='word_1_461' title='bbox 2625 2877 2795 2929; x_wconf 87' lang='lat' dir='ltr'><strong>usque</strong></span> <span class='ocrx_word' id='word_1_462' title='bbox 2821 2864 2888 2915; x_wconf 91' lang='lat' dir='ltr'><strong>ad</strong></span> <span class='ocrx_word' id='word_1_463' title='bbox 2910 2874 3118 2932; x_wconf 88' lang='lat' dir='ltr'><strong>portam</strong></span> <span class='ocrx_word' id='word_1_464' title='bbox 3141 2864 3390 2931; x_wconf 90' lang='lat' dir='ltr'><strong>primam,</strong></span> <span class='ocrx_word' id='word_1_465' title='bbox 3418 2880 3588 2935; x_wconf 88' lang='lat' dir='ltr'><strong>usque</strong></span> 
     </span>
    </p>
   </div>
   <div class='ocr_carea' id='block_1_61' title="bbox 2024 2950 3584 3022">
    <p class='ocr_par' dir='ltr' id='par_1_61' title="bbox 2024 2950 3584 3022">
     <span class='ocr_line' id='line_1_61' title="bbox 2024 2950 3584 3022; baseline 0.004 -21"><span class='ocrx_word' id='word_1_466' title='bbox 2024 2950 2090 3002; x_wconf 87' lang='lat' dir='ltr'><strong>ad</strong></span> <span class='ocrx_word' id='word_1_467' title='bbox 2127 2960 2310 3017; x_wconf 86' lang='lat' dir='ltr'><strong>portas</strong></span> <span class='ocrx_word' id='word_1_468' title='bbox 2343 2951 2678 3020; x_wconf 82' lang='lat' dir='ltr'><strong>angulorum,</strong></span> <span class='ocrx_word' id='word_1_469' title='bbox 2710 2961 2765 3005; x_wconf 91' lang='lat' dir='ltr'><strong>et</strong></span> <span class='ocrx_word' id='word_1_470' title='bbox 2799 2968 2966 3022; x_wconf 86' lang='lat' dir='ltr'><strong>usque</strong></span> <span class='ocrx_word' id='word_1_471' title='bbox 2998 2955 3063 3009; x_wconf 86' lang='lat' dir='ltr'><strong>ad</strong></span> <span class='ocrx_word' id='word_1_472' title='bbox 3091 2955 3279 3009; x_wconf 90' lang='lat' dir='ltr'><strong>turrim</strong></span> <span class='ocrx_word' id='word_1_473' title='bbox 3309 2956 3584 3017; x_wconf 76' lang='lat' dir='ltr'><strong>Anameel,</strong></span> 
     </span>
    </p>
   </div>
   <div class='ocr_carea' id='block_1_62' title="bbox 2025 3042 3585 3115">
    <p class='ocr_par' dir='ltr' id='par_1_62' title="bbox 2025 3042 3585 3115">
     <span class='ocr_line' id='line_1_62' title="bbox 2025 3042 3585 3115; baseline 0.006 -23"><span class='ocrx_word' id='word_1_474' title='bbox 2025 3055 2192 3109; x_wconf 89' lang='lat' dir='ltr'><strong>usque</strong></span> <span class='ocrx_word' id='word_1_475' title='bbox 2220 3042 2287 3094; x_wconf 88' lang='lat' dir='ltr'><strong>ad</strong></span> <span class='ocrx_word' id='word_1_476' title='bbox 2341 3042 2631 3096; x_wconf 86' lang='lat' dir='ltr'><strong>toreularia</strong></span> <span class='ocrx_word' id='word_1_477' title='bbox 2686 3044 2851 3111; x_wconf 77' lang='lat' dir='ltr'><strong>regis.</strong></span> <span class='ocrx_word' id='word_1_478' title='bbox 2893 3062 2912 3095; x_wconf 73' lang='grc' dir='ltr'><strong>ι</strong></span> <span class='ocrx_word' id='word_1_479' title='bbox 2948 3043 3106 3099; x_wconf 88' lang='lat' dir='ltr'><strong>Porta</strong></span> <span class='ocrx_word' id='word_1_480' title='bbox 3153 3055 3331 3100; x_wconf 90' lang='lat' dir='ltr'><strong>autem</strong></span> <span class='ocrx_word' id='word_1_481' title='bbox 3391 3048 3585 3115; x_wconf 87' lang='lat' dir='ltr'><strong>prima,</strong></span> 
     </span>
    </p>
   </div>
   <div class='ocr_carea' id='block_1_63' title="bbox 336 3130 1921 3208">
    <p class='ocr_par' dir='ltr' id='par_1_63' title="bbox 336 3130 1917 3208">
     <span class='ocr_line' id='line_1_63' title="bbox 336 3130 1917 3208; baseline 0.003 -22"><span class='ocrx_word' id='word_1_482' title='bbox 336 3131 437 3186; x_wconf 74' lang='grc' dir='ltr'>καὶ</span> <span class='ocrx_word' id='word_1_483' title='bbox 462 3132 570 3196; x_wconf 75' lang='grc' dir='ltr'>ἓως</span> <span class='ocrx_word' id='word_1_484' title='bbox 606 3130 701 3184; x_wconf 82' lang='grc' dir='ltr'><strong>τοῦ</strong></span> <span class='ocrx_word' id='word_1_485' title='bbox 747 3131 958 3201; x_wconf 79' lang='grc' dir='ltr'>πύργου</span> <span class='ocrx_word' id='word_1_486' title='bbox 999 3133 1285 3204; x_wconf 79' lang='grc' dir='ltr'>Ἀναμεὴλ,</span> <span class='ocrx_word' id='word_1_487' title='bbox 1343 3135 1449 3198; x_wconf 73' lang='grc' dir='ltr'>ἕως</span> <span class='ocrx_word' id='word_1_488' title='bbox 1471 3135 1580 3189; x_wconf 86' lang='grc' dir='ltr'><strong>τῶν</strong></span> <span class='ocrx_word' id='word_1_489' title='bbox 1614 3136 1917 3208; x_wconf 79' lang='grc' dir='ltr'>ὑποληνίων</span> 
     </span>
    </p>
   </div>
   <div class='ocr_carea' id='block_1_64' title="bbox 2025 3130 3588 3208">
    <p class='ocr_par' dir='ltr' id='par_1_64' title="bbox 2025 3132 3588 3206">
     <span class='ocr_line' id='line_1_64' title="bbox 2025 3132 3588 3206; baseline 0.004 -23"><span class='ocrx_word' id='word_1_490' title='bbox 2025 3139 2074 3183; x_wconf 84' lang='lat' dir='ltr'><strong>et</strong></span> <span class='ocrx_word' id='word_1_491' title='bbox 2132 3141 2285 3199; x_wconf 88' lang='lat' dir='ltr'><strong>porta</strong></span> <span class='ocrx_word' id='word_1_492' title='bbox 2337 3132 2653 3201; x_wconf 83' lang='lat' dir='ltr'><strong>angulorum</strong></span> <span class='ocrx_word' id='word_1_493' title='bbox 2711 3143 2869 3188; x_wconf 90' lang='lat' dir='ltr'><strong>erant</strong></span> <span class='ocrx_word' id='word_1_494' title='bbox 2918 3133 3307 3206; x_wconf 78' lang='lat' dir='ltr'><strong>Hierosolymis</strong></span> <span class='ocrx_word' id='word_1_495' title='bbox 3356 3138 3436 3192; x_wconf 87' lang='lat' dir='ltr'><strong>sic</strong></span> <span class='ocrx_word' id='word_1_496' title='bbox 3488 3152 3588 3206; x_wconf 84' lang='lat' dir='ltr'><strong>ap-</strong></span> 
     </span>
    </p>
   </div>
   <div class='ocr_carea' id='block_1_65' title="bbox 336 3222 1914 3296">
    <p class='ocr_par' dir='ltr' id='par_1_65' title="bbox 336 3222 1914 3296">
     <span class='ocr_line' id='line_1_65' title="bbox 336 3222 1914 3296; baseline 0 -18"><span class='ocrx_word' id='word_1_497' title='bbox 336 3223 435 3278; x_wconf 82' lang='grc' dir='ltr'><strong>τοῦ</strong></span> <span class='ocrx_word' id='word_1_498' title='bbox 464 3223 745 3292; x_wconf 86' lang='grc' dir='ltr'>βασιλέως.</span> <span class='ocrx_word' id='word_1_499' title='bbox 783 3242 802 3275; x_wconf 76' lang='grc' dir='ltr'><strong>ι</strong></span> <span class='ocrx_word' id='word_1_500' title='bbox 839 3222 986 3294; x_wconf 86' lang='grc' dir='ltr'>Πύλη</span> <span class='ocrx_word' id='word_1_501' title='bbox 1014 3223 1070 3276; x_wconf 76' lang='grc' dir='ltr'>δὲ</span> <span class='ocrx_word' id='word_1_502' title='bbox 1114 3224 1326 3295; x_wconf 87' lang='grc' dir='ltr'>πρώτη,</span> <span class='ocrx_word' id='word_1_503' title='bbox 1358 3225 1451 3278; x_wconf 74' lang='grc' dir='ltr'>καὶ</span> <span class='ocrx_word' id='word_1_504' title='bbox 1502 3226 1608 3296; x_wconf 77' lang='grc' dir='ltr'>μὴν</span> <span class='ocrx_word' id='word_1_505' title='bbox 1640 3229 1735 3280; x_wconf 72' lang='grc' dir='ltr'>καὶ</span> <span class='ocrx_word' id='word_1_506' title='bbox 1774 3226 1914 3296; x_wconf 87' lang='grc' dir='ltr'>πύλη</span> 
     </span>
    </p>
   </div>
   <div class='ocr_carea' id='block_1_66' title="bbox 334 3311 1919 3388">
    <p class='ocr_par' dir='ltr' id='par_1_66' title="bbox 334 3311 1919 3388">
     <span class='ocr_line' id='line_1_66' title="bbox 334 3311 1919 3388; baseline -0.001 -17"><span class='ocrx_word' id='word_1_507' title='bbox 334 3316 553 3384; x_wconf 83' lang='grc' dir='ltr'>γωνιῶν</span> <span class='ocrx_word' id='word_1_508' title='bbox 611 3314 753 3368; x_wconf 76' lang='grc' dir='ltr'>οὕτω</span> <span class='ocrx_word' id='word_1_509' title='bbox 802 3316 947 3378; x_wconf 83' lang='grc' dir='ltr'>τινὲς</span> <span class='ocrx_word' id='word_1_510' title='bbox 992 3311 1132 3385; x_wconf 71' lang='grc' dir='ltr'>ἦσαν</span> <span class='ocrx_word' id='word_1_511' title='bbox 1189 3316 1330 3369; x_wconf 84' lang='grc' dir='ltr'>κατὰ</span> <span class='ocrx_word' id='word_1_512' title='bbox 1371 3315 1723 3388; x_wconf 83' lang='grc' dir='ltr'>Ἰερουσαλὴμ</span> <span class='ocrx_word' id='word_1_513' title='bbox 1784 3317 1919 3370; x_wconf 84' lang='grc' dir='ltr'>ὠνο-</span> 
     </span>
    </p>
   </div>
   <div class='ocr_carea' id='block_1_67' title="bbox 340 3401 1915 3477">
    <p class='ocr_par' dir='ltr' id='par_1_67' title="bbox 340 3401 1915 3477">
     <span class='ocr_line' id='line_1_67' title="bbox 340 3401 1915 3477; baseline -0.001 -18"><span class='ocrx_word' id='word_1_514' title='bbox 340 3406 638 3477; x_wconf 76' lang='grc' dir='ltr'>μασμέναι·</span> <span class='ocrx_word' id='word_1_515' title='bbox 688 3406 785 3459; x_wconf 54' lang='grc' dir='ltr'><strong>καὶ⁹</strong></span> <span class='ocrx_word' id='word_1_516' title='bbox 823 3405 1028 3476; x_wconf 85' lang='grc' dir='ltr'>πύργος</span> <span class='ocrx_word' id='word_1_517' title='bbox 1061 3405 1117 3458; x_wconf 84' lang='grc' dir='ltr'>δὲ</span> <span class='ocrx_word' id='word_1_518' title='bbox 1144 3401 1213 3477; x_wconf 77' lang='grc' dir='ltr'>ἦν</span> <span class='ocrx_word' id='word_1_519' title='bbox 1250 3407 1521 3476; x_wconf 83' lang='grc' dir='ltr'>Ἀναμεὴλ</span> <span class='ocrx_word' id='word_1_520' title='bbox 1549 3407 1915 3477; x_wconf 86' lang='grc' dir='ltr'>καλούμενος,</span> 
     </span>
    </p>
   </div>
   <div class='ocr_carea' id='block_1_68' title="bbox 340 3496 1917 3568">
    <p class='ocr_par' dir='ltr' id='par_1_68' title="bbox 340 3496 1917 3568">
     <span class='ocr_line' id='line_1_68' title="bbox 340 3496 1917 3568; baseline 0.001 -18"><span class='ocrx_word' id='word_1_521' title='bbox 340 3497 462 3567; x_wconf 81' lang='grc' dir='ltr'>μεθ’</span> <span class='ocrx_word' id='word_1_522' title='bbox 492 3497 554 3551; x_wconf 77' lang='grc' dir='ltr'>ὃν</span> <span class='ocrx_word' id='word_1_523' title='bbox 575 3497 736 3561; x_wconf 78' lang='grc' dir='ltr'>εὐθὺς</span> <span class='ocrx_word' id='word_1_524' title='bbox 789 3499 882 3551; x_wconf 70' lang='grc' dir='ltr'>καὶ</span> <span class='ocrx_word' id='word_1_525' title='bbox 932 3497 1000 3550; x_wconf 83' lang='grc' dir='ltr'>τὰ</span> <span class='ocrx_word' id='word_1_526' title='bbox 1034 3496 1296 3568; x_wconf 81' lang='grc' dir='ltr'>ὑπολήνια</span> <span class='ocrx_word' id='word_1_527' title='bbox 1322 3497 1416 3550; x_wconf 79' lang='grc' dir='ltr'>τοῦ</span> <span class='ocrx_word' id='word_1_528' title='bbox 1451 3498 1730 3568; x_wconf 64' lang='grc' dir='ltr'>βασιλέως</span> <span class='ocrx_word' id='word_1_529' title='bbox 1762 3499 1917 3551; x_wconf 83' lang='grc' dir='ltr'>τόποι</span> 
     </span>
    </p>
   </div>
   <div class='ocr_carea' id='block_1_69' title="bbox 333 3578 1915 3657">
    <p class='ocr_par' dir='ltr' id='par_1_69' title="bbox 333 3578 1915 3657">
     <span class='ocr_line' id='line_1_69' title="bbox 333 3578 1915 3657; baseline 0.001 -18"><span class='ocrx_word' id='word_1_530' title='bbox 333 3586 394 3639; x_wconf 81' lang='grc' dir='ltr'>δὲ</span> <span class='ocrx_word' id='word_1_531' title='bbox 418 3578 566 3640; x_wconf 73' lang='grc' dir='ltr'>οὗτοι</span> <span class='ocrx_word' id='word_1_532' title='bbox 599 3586 697 3656; x_wconf 86' lang='grc' dir='ltr'>τῆς</span> <span class='ocrx_word' id='word_1_533' title='bbox 758 3585 1113 3657; x_wconf 84' lang='grc' dir='ltr'>Ἰερουσαλὴμ</span> <span class='ocrx_word' id='word_1_534' title='bbox 1138 3586 1200 3639; x_wconf 83' lang='grc' dir='ltr'>τὸ</span> <span class='ocrx_word' id='word_1_535' title='bbox 1239 3586 1413 3656; x_wconf 81' lang='grc' dir='ltr'>μῆκος</span> <span class='ocrx_word' id='word_1_536' title='bbox 1442 3586 1517 3651; x_wconf 86' lang='grc' dir='ltr'>ὼς</span> <span class='ocrx_word' id='word_1_537' title='bbox 1545 3588 1602 3639; x_wconf 76' lang='grc' dir='ltr'>ἐν</span> <span class='ocrx_word' id='word_1_538' title='bbox 1632 3586 1788 3657; x_wconf 81' lang='grc' dir='ltr'>τύπῳ</span> <span class='ocrx_word' id='word_1_539' title='bbox 1814 3604 1915 3640; x_wconf 84' lang='grc' dir='ltr'>κα-</span> 
     </span>
    </p>
   </div>
   <div class='ocr_carea' id='block_1_70' title="bbox 333 3677 1917 3751">
    <p class='ocr_par' dir='ltr' id='par_1_70' title="bbox 333 3677 1917 3751">
     <span class='ocr_line' id='line_1_70' title="bbox 333 3677 1917 3751; baseline -0.001 -20"><span class='ocrx_word' id='word_1_540' title='bbox 333 3677 786 3749; x_wconf 81' lang='grc' dir='ltr'>τασημαίνοντες.</span> <span class='ocrx_word' id='word_1_541' title='bbox 844 3678 1054 3749; x_wconf 80' lang='grc' dir='ltr'>Ὠσπερ</span> <span class='ocrx_word' id='word_1_542' title='bbox 1099 3678 1205 3751; x_wconf 87' lang='grc' dir='ltr'>γὰρ</span> <span class='ocrx_word' id='word_1_543' title='bbox 1260 3679 1477 3732; x_wconf 83' lang='grc' dir='ltr'>ἐκέλευε</span> <span class='ocrx_word' id='word_1_544' title='bbox 1530 3677 1607 3748; x_wconf 81' lang='grc' dir='ltr'><strong>τῷ</strong></span> <span class='ocrx_word' id='word_1_545' title='bbox 1663 3678 1917 3749; x_wconf 84' lang='grc' dir='ltr'>μακαρίῳ</span> 
     </span>
    </p>
   </div>
   <div class='ocr_carea' id='block_1_71' title="bbox 336 3770 1915 3842">
    <p class='ocr_par' dir='ltr' id='par_1_71' title="bbox 336 3770 1915 3842">
     <span class='ocr_line' id='line_1_71' title="bbox 336 3770 1915 3842; baseline 0.001 -19"><span class='ocrx_word' id='word_1_546' title='bbox 336 3772 595 3842; x_wconf 73' lang='grc' dir='ltr'>προφήτῃ</span> <span class='ocrx_word' id='word_1_547' title='bbox 634 3770 888 3842; x_wconf 80' lang='grc' dir='ltr'>Ίεζεχιὴλ</span> <span class='ocrx_word' id='word_1_548' title='bbox 917 3771 946 3822; x_wconf 84' lang='grc' dir='ltr'><strong>ὁ</strong></span> <span class='ocrx_word' id='word_1_549' title='bbox 974 3771 1083 3824; x_wconf 87' lang='grc' dir='ltr'><strong>τῶν</strong></span> <span class='ocrx_word' id='word_1_550' title='bbox 1118 3773 1255 3825; x_wconf 84' lang='grc' dir='ltr'>ὅλων</span> <span class='ocrx_word' id='word_1_551' title='bbox 1292 3771 1424 3836; x_wconf 79' lang='grc' dir='ltr'>Θεὸς</span> <span class='ocrx_word' id='word_1_552' title='bbox 1455 3773 1781 3842; x_wconf 83' lang='grc' dir='ltr'>ἀναμετρείν</span> <span class='ocrx_word' id='word_1_553' title='bbox 1814 3788 1915 3824; x_wconf 86' lang='grc' dir='ltr'>κα-</span> 
     </span>
    </p>
   </div>
   <div class='ocr_carea' id='block_1_72' title="bbox 334 3858 1915 3934">
    <p class='ocr_par' dir='ltr' id='par_1_72' title="bbox 334 3858 1915 3934">
     <span class='ocr_line' id='line_1_72' title="bbox 334 3858 1915 3934; baseline -0.001 -18"><span class='ocrx_word' id='word_1_554' title='bbox 334 3862 497 3934; x_wconf 78' lang='grc' dir='ltr'>λάμῳ</span> <span class='ocrx_word' id='word_1_555' title='bbox 522 3862 614 3915; x_wconf 79' lang='grc' dir='ltr'>τὸν</span> <span class='ocrx_word' id='word_1_556' title='bbox 643 3858 809 3929; x_wconf 73' lang='grc' dir='ltr'>οἶκον,</span> <span class='ocrx_word' id='word_1_557' title='bbox 843 3861 967 3932; x_wconf 74' lang='grc' dir='ltr'>τῇδέ</span> <span class='ocrx_word' id='word_1_558' title='bbox 1027 3878 1087 3914; x_wconf 84' lang='grc' dir='ltr'><strong>τε</strong></span> <span class='ocrx_word' id='word_1_559' title='bbox 1116 3863 1277 3915; x_wconf 84' lang='grc' dir='ltr'>κάκεῖ</span> <span class='ocrx_word' id='word_1_560' title='bbox 1307 3861 1606 3934; x_wconf 83' lang='grc' dir='ltr'>διᾴττοντα,</span> <span class='ocrx_word' id='word_1_561' title='bbox 1639 3859 1915 3930; x_wconf 79' lang='grc' dir='ltr'>ὑπεμφαί-</span> 
     </span>
    </p>
   </div>
   <div class='ocr_carea' id='block_1_73' title="bbox 333 3953 1914 4026">
    <p class='ocr_par' dir='ltr' id='par_1_73' title="bbox 333 3953 1914 4026">
     <span class='ocr_line' id='line_1_73' title="bbox 333 3953 1914 4026; baseline -0.001 -17"><span class='ocrx_word' id='word_1_562' title='bbox 333 3973 465 4017; x_wconf 83' lang='grc' dir='ltr'>νων,</span> <span class='ocrx_word' id='word_1_563' title='bbox 491 3956 574 4008; x_wconf 83' lang='grc' dir='ltr'>ὅτι</span> <span class='ocrx_word' id='word_1_564' title='bbox 610 3954 796 4008; x_wconf 75' lang='grc' dir='ltr'>πολλαὶ</span> <span class='ocrx_word' id='word_1_565' title='bbox 823 3954 981 4025; x_wconf 71' lang='grc' dir='ltr'>μοναὶ</span> <span class='ocrx_word' id='word_1_566' title='bbox 1022 3953 1175 4025; x_wconf 81' lang='grc' dir='ltr'>παρὰ</span> <span class='ocrx_word' id='word_1_567' title='bbox 1226 3954 1304 4025; x_wconf 80' lang='grc' dir='ltr'>τῷ</span> <span class='ocrx_word' id='word_1_568' title='bbox 1341 3954 1481 4026; x_wconf 82' lang='grc' dir='ltr'>Θεῷ,</span> <span class='ocrx_word' id='word_1_569' title='bbox 1530 3953 1701 4024; x_wconf 83' lang='grc' dir='ltr'>μυρία</span> <span class='ocrx_word' id='word_1_570' title='bbox 1724 3969 1783 4004; x_wconf 85' lang='grc' dir='ltr'><strong>τε</strong></span> <span class='ocrx_word' id='word_1_571' title='bbox 1814 3954 1914 4007; x_wconf 82' lang='grc' dir='ltr'>ὅσα</span> 
     </span>
    </p>
   </div>
   <div class='ocr_carea' id='block_1_74' title="bbox 331 4045 1917 4117">
    <p class='ocr_par' dir='ltr' id='par_1_74' title="bbox 331 4045 1917 4117">
     <span class='ocr_line' id='line_1_74' title="bbox 331 4045 1917 4117; baseline 0.003 -17"><span class='ocrx_word' id='word_1_572' title='bbox 331 4047 446 4100; x_wconf 81' lang='grc' dir='ltr'><strong>τῶν</strong></span> <span class='ocrx_word' id='word_1_573' title='bbox 474 4047 646 4114; x_wconf 82' lang='grc' dir='ltr'>ἁγίων</span> <span class='ocrx_word' id='word_1_574' title='bbox 696 4045 1106 4116; x_wconf 76' lang='grc' dir='ltr'>ὲ·.διαιτήματαο</span> <span class='ocrx_word' id='word_1_575' title='bbox 1158 4045 1301 4099; x_wconf 80' lang='grc' dir='ltr'>οὕτω</span> <span class='ocrx_word' id='word_1_576' title='bbox 1354 4063 1444 4117; x_wconf 85' lang='grc' dir='ltr'><strong>μοι</strong></span> <span class='ocrx_word' id='word_1_577' title='bbox 1493 4050 1721 4106; x_wconf 79' lang='grc' dir='ltr'>κάνθάδε</span> <span class='ocrx_word' id='word_1_578' title='bbox 1769 4052 1917 4107; x_wconf 81' lang='grc' dir='ltr'>δοκεῖ</span> 
     </span>
    </p>
   </div>
   <div class='ocr_carea' id='block_1_75' title="bbox 331 4130 1913 4209">
    <p class='ocr_par' dir='ltr' id='par_1_75' title="bbox 331 4130 1913 4209">
     <span class='ocr_line' id='line_1_75' title="bbox 331 4130 1913 4209; baseline 0.003 -18"><span class='ocrx_word' id='word_1_579' title='bbox 331 4136 428 4191; x_wconf 73' lang='grc' dir='ltr'><strong>διὰ</strong></span> <span class='ocrx_word' id='word_1_580' title='bbox 448 4137 628 4190; x_wconf 76' lang='grc' dir='ltr'>τόπων</span> <span class='ocrx_word' id='word_1_581' title='bbox 661 4135 1021 4207; x_wconf 77' lang='grc' dir='ltr'>ὑπεμφαίνειν</span> <span class='ocrx_word' id='word_1_582' title='bbox 1070 4130 1228 4207; x_wconf 74' lang='grc' dir='ltr'>εὖρός</span> <span class='ocrx_word' id='word_1_583' title='bbox 1255 4153 1316 4189; x_wconf 85' lang='grc' dir='ltr'><strong>τε</strong></span> <span class='ocrx_word' id='word_1_584' title='bbox 1347 4138 1442 4191; x_wconf 79' lang='grc' dir='ltr'>καὶ</span> <span class='ocrx_word' id='word_1_585' title='bbox 1471 4141 1664 4209; x_wconf 84' lang='grc' dir='ltr'>μῆκος,</span> <span class='ocrx_word' id='word_1_586' title='bbox 1694 4142 1784 4196; x_wconf 81' lang='grc' dir='ltr'>καὶ</span> <span class='ocrx_word' id='word_1_587' title='bbox 1817 4159 1913 4196; x_wconf 88' lang='grc' dir='ltr'>κα-</span> 
     </span>
    </p>
   </div>
   <div class='ocr_carea' id='block_1_76' title="bbox 330 4227 1911 4301">
    <p class='ocr_par' dir='ltr' id='par_1_76' title="bbox 330 4227 1911 4301">
     <span class='ocr_line' id='line_1_76' title="bbox 330 4227 1911 4301; baseline 0.005 -22"><span class='ocrx_word' id='word_1_588' title='bbox 330 4228 638 4298; x_wconf 80' lang='grc' dir='ltr'>ταγράφειν</span> <span class='ocrx_word' id='word_1_589' title='bbox 678 4230 812 4298; x_wconf 78' lang='grc' dir='ltr'>ἡμῖν</span> <span class='ocrx_word' id='word_1_590' title='bbox 869 4227 969 4299; x_wconf 79' lang='grc' dir='ltr'><strong>τὴν</strong></span> <span class='ocrx_word' id='word_1_591' title='bbox 1017 4228 1212 4300; x_wconf 80' lang='grc' dir='ltr'>νοητὴν</span> <span class='ocrx_word' id='word_1_592' title='bbox 1247 4228 1617 4301; x_wconf 83' lang='grc' dir='ltr'>Ἰερουσαλὴμ,</span> <span class='ocrx_word' id='word_1_593' title='bbox 1669 4233 1911 4286; x_wconf 82' lang='grc' dir='ltr'>τουτέστι</span> 
     </span>
    </p>
   </div>
   <div class='ocr_carea' id='block_1_77' title="bbox 330 4317 1912 4391">
    <p class='ocr_par' dir='ltr' id='par_1_77' title="bbox 330 4317 1912 4391">
     <span class='ocr_line' id='line_1_77' title="bbox 330 4317 1912 4391; baseline 0.002 -19"><span class='ocrx_word' id='word_1_594' title='bbox 330 4321 437 4391; x_wconf 77' lang='grc' dir='ltr'>τὴν</span> <span class='ocrx_word' id='word_1_595' title='bbox 480 4319 806 4390; x_wconf 84' lang='grc' dir='ltr'>Ἐκκλησίαν</span> <span class='ocrx_word' id='word_1_596' title='bbox 846 4318 1107 4390; x_wconf 79' lang='grc' dir='ltr'>Χριστοῦ,</span> <span class='ocrx_word' id='word_1_597' title='bbox 1157 4319 1293 4390; x_wconf 83' lang='grc' dir='ltr'>πρὸς</span> <span class='ocrx_word' id='word_1_598' title='bbox 1347 4317 1406 4371; x_wconf 80' lang='grc' dir='ltr'>ὃν</span> <span class='ocrx_word' id='word_1_599' title='bbox 1454 4322 1600 4373; x_wconf 69' lang='grc' dir='ltr'>καὶὸ</span> <span class='ocrx_word' id='word_1_600' title='bbox 1629 4319 1912 4387; x_wconf 81' lang='grc' dir='ltr'>θεσπέσιος</span> 
     </span>
    </p>
   </div>
   <div class='ocr_carea' id='block_1_78' title="bbox 344 4409 1909 4483">
    <p class='ocr_par' dir='ltr' id='par_1_78' title="bbox 344 4409 1909 4483">
     <span class='ocr_line' id='line_1_78' title="bbox 344 4409 1909 4483; baseline 0.001 -19"><span class='ocrx_word' id='word_1_601' title='bbox 344 4413 576 4475; x_wconf 77' lang='grc' dir='ltr'>Ἡσαΐας</span> <span class='ocrx_word' id='word_1_602' title='bbox 604 4409 889 4481; x_wconf 78' lang='grc' dir='ltr'>ἁνεφώνει,</span> <span class='ocrx_word' id='word_1_603' title='bbox 908 4411 1103 4480; x_wconf 77' lang='grc' dir='ltr'>λέγων’</span> <span class='ocrx_word' id='word_1_604' title='bbox 1145 4430 1163 4462; x_wconf 78' lang='grc' dir='ltr'><strong>ι</strong></span> <span class='ocrx_word' id='word_1_605' title='bbox 1197 4411 1471 4465; x_wconf 85' lang='grc' dir='ltr'>Πλάτυνον</span> <span class='ocrx_word' id='word_1_606' title='bbox 1497 4412 1589 4465; x_wconf 83' lang='grc' dir='ltr'>τὸν</span> <span class='ocrx_word' id='word_1_607' title='bbox 1613 4412 1776 4465; x_wconf 78' lang='grc' dir='ltr'>τόπον</span> <span class='ocrx_word' id='word_1_608' title='bbox 1809 4412 1909 4483; x_wconf 84' lang='grc' dir='ltr'>τῆς</span> 
     </span>
    </p>
   </div>
   <div class='ocr_carea' id='block_1_79' title="bbox 2022 3222 3588 3294">
    <p class='ocr_par' dir='ltr' id='par_1_79' title="bbox 2022 3222 3588 3294">
     <span class='ocr_line' id='line_1_79' title="bbox 2022 3222 3588 3294; baseline 0.004 -19"><span class='ocrx_word' id='word_1_609' title='bbox 2022 3222 2229 3289; x_wconf 58' lang='lat' dir='ltr'><strong>pellatur.</strong></span> <span class='ocrx_word' id='word_1_610' title='bbox 2264 3239 2277 3274; x_wconf 91' lang='lat'>:</span> <span class='ocrx_word' id='word_1_611' title='bbox 2310 3223 2479 3276; x_wconf 90' lang='lat' dir='ltr'><strong>turris</strong></span> <span class='ocrx_word' id='word_1_612' title='bbox 2499 3229 2615 3275; x_wconf 86' lang='lat' dir='ltr'><strong>erat</strong></span> <span class='ocrx_word' id='word_1_613' title='bbox 2643 3222 2904 3277; x_wconf 83' lang='lat' dir='ltr'><strong>Anamecl</strong></span> <span class='ocrx_word' id='word_1_614' title='bbox 2930 3225 3092 3288; x_wconf 87' lang='lat' dir='ltr'><strong>dicta,</strong></span> <span class='ocrx_word' id='word_1_615' title='bbox 3125 3235 3243 3294; x_wconf 86' lang='lat' dir='ltr'><strong>post</strong></span> <span class='ocrx_word' id='word_1_616' title='bbox 3273 3242 3432 3293; x_wconf 84' lang='lat' dir='ltr'><strong>quam</strong></span> <span class='ocrx_word' id='word_1_617' title='bbox 3475 3236 3588 3281; x_wconf 82' lang='lat' dir='ltr'><strong>sta-</strong></span> 
     </span>
    </p>
   </div>
   <div class='ocr_carea' id='block_1_80' title="bbox 2021 3313 3584 3386">
    <p class='ocr_par' dir='ltr' id='par_1_80' title="bbox 2021 3313 3584 3386">
     <span class='ocr_line' id='line_1_80' title="bbox 2021 3313 3584 3386; baseline 0.004 -20"><span class='ocrx_word' id='word_1_618' title='bbox 2021 3315 2114 3367; x_wconf 89' lang='lat' dir='ltr'><strong>tim</strong></span> <span class='ocrx_word' id='word_1_619' title='bbox 2130 3313 2494 3382; x_wconf 88' lang='lat' dir='ltr'><strong>sequebantur</strong></span> <span class='ocrx_word' id='word_1_620' title='bbox 2513 3314 2801 3369; x_wconf 77' lang='lat' dir='ltr'><strong>toreularia</strong></span> <span class='ocrx_word' id='word_1_621' title='bbox 2823 3316 2963 3384; x_wconf 84' lang='lat' dir='ltr'><strong>regis</strong></span> <span class='ocrx_word' id='word_1_622' title='bbox 2980 3333 2994 3369; x_wconf 87' lang='lat'><strong>:</strong></span> <span class='ocrx_word' id='word_1_623' title='bbox 3011 3331 3128 3383; x_wconf 71' lang='lat' dir='ltr'><strong>qua:</strong></span> <span class='ocrx_word' id='word_1_624' title='bbox 3141 3315 3304 3386; x_wconf 76' lang='lat'><strong>805</strong></span> <span class='ocrx_word' id='word_1_625' title='bbox 3324 3317 3434 3371; x_wconf 88' lang='lat' dir='ltr'><strong>loca</strong></span> <span class='ocrx_word' id='word_1_626' title='bbox 3459 3318 3584 3373; x_wconf 88' lang='lat' dir='ltr'><strong>Hie-</strong></span> 
     </span>
    </p>
   </div>
   <div class='ocr_carea' id='block_1_81' title="bbox 2020 3405 3585 3477">
    <p class='ocr_par' dir='ltr' id='par_1_81' title="bbox 2020 3405 3585 3477">
     <span class='ocr_line' id='line_1_81' title="bbox 2020 3405 3585 3477; baseline 0.001 -16"><span class='ocrx_word' id='word_1_627' title='bbox 2020 3406 2301 3477; x_wconf 66' lang='lat' dir='ltr'><strong>rosolyma!</strong></span> <span class='ocrx_word' id='word_1_628' title='bbox 2334 3405 2722 3475; x_wconf 81' lang='lat' dir='ltr'><strong>longitudinem</strong></span> <span class='ocrx_word' id='word_1_629' title='bbox 2751 3415 2813 3459; x_wconf 92' lang='lat' dir='ltr'><strong>ut</strong></span> <span class='ocrx_word' id='word_1_630' title='bbox 2838 3406 2890 3458; x_wconf 91' lang='lat' dir='ltr'><strong>in</strong></span> <span class='ocrx_word' id='word_1_631' title='bbox 2916 3414 3039 3474; x_wconf 82' lang='lat' dir='ltr'><strong>typo</strong></span> <span class='ocrx_word' id='word_1_632' title='bbox 3070 3407 3400 3471; x_wconf 80' lang='lat' dir='ltr'><strong>signiﬁcant.</strong></span> <span class='ocrx_word' id='word_1_633' title='bbox 3432 3407 3585 3462; x_wconf 85' lang='lat' dir='ltr'><strong>Sicut</strong></span> 
     </span>
    </p>
   </div>
   <div class='ocr_carea' id='block_1_82' title="bbox 2016 3493 3584 3564">
    <p class='ocr_par' dir='ltr' id='par_1_82' title="bbox 2016 3493 3584 3564">
     <span class='ocr_line' id='line_1_82' title="bbox 2016 3493 3584 3564; baseline 0 -12"><span class='ocrx_word' id='word_1_634' title='bbox 2016 3496 2160 3552; x_wconf 86' lang='lat' dir='ltr'><strong>enim</strong></span> <span class='ocrx_word' id='word_1_635' title='bbox 2187 3495 2458 3549; x_wconf 79' lang='lat' dir='ltr'><strong>mandavit</strong></span> <span class='ocrx_word' id='word_1_636' title='bbox 2476 3497 2633 3549; x_wconf 87' lang='lat' dir='ltr'><strong>beato</strong></span> <span class='ocrx_word' id='word_1_637' title='bbox 2660 3494 2933 3564; x_wconf 68' lang='lat' dir='ltr'><strong>propheta:</strong></span> <span class='ocrx_word' id='word_1_638' title='bbox 2948 3494 3214 3549; x_wconf 82' lang='lat' dir='ltr'><strong>Ezechieli</strong></span> <span class='ocrx_word' id='word_1_639' title='bbox 3232 3493 3278 3526; x_wconf 80' lang='grc'><strong>⁷⁸</strong></span> <span class='ocrx_word' id='word_1_640' title='bbox 3306 3498 3584 3552; x_wconf 84' lang='lat' dir='ltr'><strong>universo-</strong></span> 
     </span>
    </p>
   </div>
   <div class='ocr_carea' id='block_1_83' title="bbox 2017 3585 3582 3656">
    <p class='ocr_par' dir='ltr' id='par_1_83' title="bbox 2017 3585 3582 3656">
     <span class='ocr_line' id='line_1_83' title="bbox 2017 3585 3582 3656; baseline 0 -15"><span class='ocrx_word' id='word_1_641' title='bbox 2017 3602 2134 3642; x_wconf 90' lang='lat' dir='ltr'><strong>rum</strong></span> <span class='ocrx_word' id='word_1_642' title='bbox 2163 3585 2300 3639; x_wconf 85' lang='lat' dir='ltr'><strong>Deus</strong></span> <span class='ocrx_word' id='word_1_643' title='bbox 2329 3585 2534 3639; x_wconf 84' lang='lat' dir='ltr'><strong>calamo</strong></span> <span class='ocrx_word' id='word_1_644' title='bbox 2561 3586 2741 3639; x_wconf 86' lang='lat' dir='ltr'><strong>metiri</strong></span> <span class='ocrx_word' id='word_1_645' title='bbox 2792 3587 3028 3651; x_wconf 89' lang='lat' dir='ltr'><strong>domum,</strong></span> <span class='ocrx_word' id='word_1_646' title='bbox 3079 3586 3183 3640; x_wconf 90' lang='lat' dir='ltr'><strong>huc</strong></span> <span class='ocrx_word' id='word_1_647' title='bbox 3230 3586 3355 3640; x_wconf 85' lang='lat' dir='ltr'><strong>illuc.</strong></span> <span class='ocrx_word' id='word_1_648' title='bbox 3393 3601 3582 3656; x_wconf 89' lang='lat' dir='ltr'><strong>porre-</strong></span> 
     </span>
    </p>
   </div>
   <div class='ocr_carea' id='block_1_84' title="bbox 2016 3676 3576 3747">
    <p class='ocr_par' dir='ltr' id='par_1_84' title="bbox 2016 3676 3576 3747">
     <span class='ocr_line' id='line_1_84' title="bbox 2016 3676 3576 3747; baseline -0.003 -16"><span class='ocrx_word' id='word_1_649' title='bbox 2016 3685 2181 3741; x_wconf 86' lang='lat' dir='ltr'><strong>ctam,</strong></span> <span class='ocrx_word' id='word_1_650' title='bbox 2227 3676 2616 3730; x_wconf 85' lang='lat' dir='ltr'><strong>subostendeus</strong></span> <span class='ocrx_word' id='word_1_651' title='bbox 2673 3677 2868 3730; x_wconf 82' lang='lat' dir='ltr'><strong>multas</strong></span> <span class='ocrx_word' id='word_1_652' title='bbox 2912 3691 3032 3730; x_wconf 90' lang='lat' dir='ltr'><strong>esse</strong></span> <span class='ocrx_word' id='word_1_653' title='bbox 3076 3677 3385 3732; x_wconf 89' lang='lat' dir='ltr'><strong>mansiones</strong></span> <span class='ocrx_word' id='word_1_654' title='bbox 3437 3682 3576 3747; x_wconf 88' lang='lat' dir='ltr'><strong>apud</strong></span> 
     </span>
    </p>
   </div>
   <div class='ocr_carea' id='block_1_85' title="bbox 2018 3766 3577 3837">
    <p class='ocr_par' dir='ltr' id='par_1_85' title="bbox 2018 3766 3577 3837">
     <span class='ocr_line' id='line_1_85' title="bbox 2018 3766 3577 3837; baseline 0.001 -16"><span class='ocrx_word' id='word_1_655' title='bbox 2018 3767 2206 3830; x_wconf 88' lang='lat' dir='ltr'><strong>Deum,</strong></span> <span class='ocrx_word' id='word_1_656' title='bbox 2238 3777 2291 3821; x_wconf 90' lang='lat' dir='ltr'><strong>et</strong></span> <span class='ocrx_word' id='word_1_657' title='bbox 2323 3766 2486 3820; x_wconf 87' lang='lat' dir='ltr'><strong>multa</strong></span> <span class='ocrx_word' id='word_1_658' title='bbox 2517 3766 2687 3820; x_wconf 81' lang='lat' dir='ltr'><strong>millia</strong></span> <span class='ocrx_word' id='word_1_659' title='bbox 2733 3766 3159 3821; x_wconf 89' lang='lat' dir='ltr'><strong>diversoriorum</strong></span> <span class='ocrx_word' id='word_1_660' title='bbox 3207 3783 3305 3837; x_wconf 88' lang='lat' dir='ltr'><strong>pro</strong></span> <span class='ocrx_word' id='word_1_661' title='bbox 3336 3769 3537 3825; x_wconf 87' lang='lat' dir='ltr'><strong>sanctis</strong></span> <span class='ocrx_word' id='word_1_662' title='bbox 3563 3785 3577 3822; x_wconf 74' lang='grc' dir='ltr'><strong>ε</strong></span> 
     </span>
    </p>
   </div>
   <div class='ocr_carea' id='block_1_86' title="bbox 2015 3858 3581 3924">
    <p class='ocr_par' dir='ltr' id='par_1_86' title="bbox 2015 3858 3581 3924">
     <span class='ocr_line' id='line_1_86' title="bbox 2015 3858 3581 3924; baseline 0.001 -10"><span class='ocrx_word' id='word_1_663' title='bbox 2015 3860 2089 3915; x_wconf 85' lang='lat' dir='ltr'><strong>ita</strong></span> <span class='ocrx_word' id='word_1_664' title='bbox 2120 3860 2249 3914; x_wconf 83' lang='lat' dir='ltr'><strong>milii</strong></span> <span class='ocrx_word' id='word_1_665' title='bbox 2303 3867 2356 3914; x_wconf 87' lang='lat' dir='ltr'><strong>et</strong></span> <span class='ocrx_word' id='word_1_666' title='bbox 2401 3860 2486 3913; x_wconf 89' lang='lat' dir='ltr'><strong>hic</strong></span> <span class='ocrx_word' id='word_1_667' title='bbox 2511 3860 2724 3914; x_wconf 86' lang='lat' dir='ltr'><strong>videtur</strong></span> <span class='ocrx_word' id='word_1_668' title='bbox 2755 3874 2851 3924; x_wconf 89' lang='lat' dir='ltr'><strong>per</strong></span> <span class='ocrx_word' id='word_1_669' title='bbox 2888 3858 3126 3913; x_wconf 86' lang='lat' dir='ltr'><strong>locorum</strong></span> <span class='ocrx_word' id='word_1_670' title='bbox 3160 3860 3496 3915; x_wconf 79' lang='lat' dir='ltr'><strong>latitudinem</strong></span> <span class='ocrx_word' id='word_1_671' title='bbox 3527 3872 3581 3915; x_wconf 91' lang='lat' dir='ltr'><strong>et</strong></span> 
     </span>
    </p>
   </div>
   <div class='ocr_carea' id='block_1_87' title="bbox 2015 3949 3578 4020">
    <p class='ocr_par' dir='ltr' id='par_1_87' title="bbox 2015 3949 3578 4020">
     <span class='ocr_line' id='line_1_87' title="bbox 2015 3949 3578 4020; baseline 0.001 -16"><span class='ocrx_word' id='word_1_672' title='bbox 2015 3950 2405 4020; x_wconf 82' lang='lat' dir='ltr'><strong>longitudinem</strong></span> <span class='ocrx_word' id='word_1_673' title='bbox 2442 3950 2703 4004; x_wconf 89' lang='lat' dir='ltr'><strong>insinuari</strong></span> <span class='ocrx_word' id='word_1_674' title='bbox 2736 3960 2789 4004; x_wconf 92' lang='lat' dir='ltr'><strong>et</strong></span> <span class='ocrx_word' id='word_1_675' title='bbox 2823 3949 3058 4004; x_wconf 89' lang='lat' dir='ltr'><strong>describi</strong></span> <span class='ocrx_word' id='word_1_676' title='bbox 3082 3952 3233 4004; x_wconf 90' lang='lat' dir='ltr'><strong>nobis</strong></span> <span class='ocrx_word' id='word_1_677' title='bbox 3257 3950 3578 4018; x_wconf 81' lang='lat' dir='ltr'><strong>Jerusalem,</strong></span> 
     </span>
    </p>
   </div>
   <div class='ocr_carea' id='block_1_88' title="bbox 2013 4036 3577 4114">
    <p class='ocr_par' dir='ltr' id='par_1_88' title="bbox 2013 4036 3577 4114">
     <span class='ocr_line' id='line_1_88' title="bbox 2013 4036 3577 4114; baseline -0.001 -20"><span class='ocrx_word' id='word_1_678' title='bbox 2013 4059 2173 4114; x_wconf 90' lang='lat' dir='ltr'><strong>quam</strong></span> <span class='ocrx_word' id='word_1_679' title='bbox 2225 4044 2430 4097; x_wconf 88' lang='lat' dir='ltr'><strong>ratione</strong></span> <span class='ocrx_word' id='word_1_680' title='bbox 2475 4053 2527 4095; x_wconf 90' lang='lat' dir='ltr'><strong>et</strong></span> <span class='ocrx_word' id='word_1_681' title='bbox 2576 4041 2903 4112; x_wconf 81' lang='lat' dir='ltr'><strong>cogitatione</strong></span> <span class='ocrx_word' id='word_1_682' title='bbox 2938 4036 3473 4110; x_wconf 47' lang='lat' dir='ltr'><strong>&#39;compreliemlimus,</strong></span> <span class='ocrx_word' id='word_1_683' title='bbox 3528 4043 3577 4095; x_wconf 88' lang='lat' dir='ltr'><strong>id</strong></span> 
     </span>
    </p>
   </div>
   <div class='ocr_carea' id='block_1_89' title="bbox 2011 4132 3579 4197">
    <p class='ocr_par' dir='ltr' id='par_1_89' title="bbox 2011 4132 3579 4197">
     <span class='ocr_line' id='line_1_89' title="bbox 2011 4132 3579 4197; baseline -0.003 -8"><span class='ocrx_word' id='word_1_684' title='bbox 2011 4145 2096 4189; x_wconf 88' lang='lat' dir='ltr'><strong>est</strong></span> <span class='ocrx_word' id='word_1_685' title='bbox 2122 4134 2416 4188; x_wconf 84' lang='lat' dir='ltr'><strong>Ecclesiam</strong></span> <span class='ocrx_word' id='word_1_686' title='bbox 2453 4134 2677 4197; x_wconf 86' lang='lat' dir='ltr'><strong>Christi,</strong></span> <span class='ocrx_word' id='word_1_687' title='bbox 2705 4133 2790 4188; x_wconf 87' lang='lat' dir='ltr'><strong>cui</strong></span> <span class='ocrx_word' id='word_1_688' title='bbox 2835 4142 2889 4187; x_wconf 89' lang='lat' dir='ltr'><strong>et</strong></span> <span class='ocrx_word' id='word_1_689' title='bbox 2921 4132 3136 4187; x_wconf 89' lang='lat' dir='ltr'><strong>divinus</strong></span> <span class='ocrx_word' id='word_1_690' title='bbox 3171 4132 3332 4186; x_wconf 89' lang='lat' dir='ltr'><strong>Isaias</strong></span> <span class='ocrx_word' id='word_1_691' title='bbox 3376 4132 3579 4186; x_wconf 84' lang='lat' dir='ltr'><strong>clama-</strong></span> 
     </span>
    </p>
   </div>
   <div class='ocr_carea' id='block_1_90' title="bbox 2012 4222 3576 4287">
    <p class='ocr_par' dir='ltr' id='par_1_90' title="bbox 2012 4222 3576 4287">
     <span class='ocr_line' id='line_1_90' title="bbox 2012 4222 3576 4287; baseline -0.001 -8"><span class='ocrx_word' id='word_1_692' title='bbox 2012 4225 2104 4279; x_wconf 88' lang='lat' dir='ltr'><strong>bat</strong></span> <span class='ocrx_word' id='word_1_693' title='bbox 2135 4239 2150 4278; x_wconf 91' lang='lat'><strong>:</strong></span> <span class='ocrx_word' id='word_1_694' title='bbox 2183 4243 2201 4275; x_wconf 75' lang='grc' dir='ltr'><strong>ι</strong></span> <span class='ocrx_word' id='word_1_695' title='bbox 2237 4224 2407 4277; x_wconf 86' lang='lat' dir='ltr'><strong>Dilata</strong></span> <span class='ocrx_word' id='word_1_696' title='bbox 2434 4224 2606 4279; x_wconf 91' lang='lat' dir='ltr'><strong>locum</strong></span> <span class='ocrx_word' id='word_1_697' title='bbox 2647 4222 2860 4277; x_wconf 90' lang='lat' dir='ltr'><strong>tentorii</strong></span> <span class='ocrx_word' id='word_1_698' title='bbox 2892 4223 2989 4287; x_wconf 92' lang='lat' dir='ltr'><strong>tui,</strong></span> <span class='ocrx_word' id='word_1_699' title='bbox 3027 4233 3081 4277; x_wconf 90' lang='lat' dir='ltr'><strong>et</strong></span> <span class='ocrx_word' id='word_1_700' title='bbox 3119 4222 3412 4277; x_wconf 64' lang='lat' dir='ltr'><strong>aulicorum</strong></span> <span class='ocrx_word' id='word_1_701' title='bbox 3457 4232 3576 4277; x_wconf 87' lang='lat' dir='ltr'><strong>tuo-</strong></span> 
     </span>
    </p>
   </div>
   <div class='ocr_carea' id='block_1_91' title="bbox 2014 4313 3581 4385">
    <p class='ocr_par' dir='ltr' id='par_1_91' title="bbox 2014 4313 3581 4385">
     <span class='ocr_line' id='line_1_91' title="bbox 2014 4313 3581 4385; baseline -0.003 -13"><span class='ocrx_word' id='word_1_702' title='bbox 2014 4334 2130 4372; x_wconf 90' lang='lat' dir='ltr'><strong>rum</strong></span> <span class='ocrx_word' id='word_1_703' title='bbox 2162 4335 2176 4370; x_wconf 87' lang='lat'><strong>:</strong></span> <span class='ocrx_word' id='word_1_704' title='bbox 2208 4318 2332 4385; x_wconf 75' lang='lat' dir='ltr'><strong>ﬁge,</strong></span> <span class='ocrx_word' id='word_1_705' title='bbox 2373 4330 2440 4370; x_wconf 88' lang='lat' dir='ltr'><strong>ne</strong></span> <span class='ocrx_word' id='word_1_706' title='bbox 2483 4319 2694 4384; x_wconf 80' lang='lat' dir='ltr'><strong>pareas,</strong></span> <span class='ocrx_word' id='word_1_707' title='bbox 2732 4315 2994 4383; x_wconf 88' lang='lat' dir='ltr'><strong>protende</strong></span> <span class='ocrx_word' id='word_1_708' title='bbox 3048 4313 3317 4369; x_wconf 76' lang='lat' dir='ltr'><strong>funiculus</strong></span> <span class='ocrx_word' id='word_1_709' title='bbox 3354 4323 3493 4377; x_wconf 89' lang='lat' dir='ltr'><strong>tuos,</strong></span> <span class='ocrx_word' id='word_1_710' title='bbox 3525 4324 3581 4367; x_wconf 89' lang='lat' dir='ltr'><strong>et</strong></span> 
     </span>
    </p>
   </div>
   <div class='ocr_carea' id='block_1_92' title="bbox 2012 4405 3577 4470">
    <p class='ocr_par' dir='ltr' id='par_1_92' title="bbox 2012 4405 3577 4470">
     <span class='ocr_line' id='line_1_92' title="bbox 2012 4405 3577 4470; baseline -0.005 -5"><span class='ocrx_word' id='word_1_711' title='bbox 2012 4409 2195 4465; x_wconf 88' lang='lat' dir='ltr'><strong>clavos</strong></span> <span class='ocrx_word' id='word_1_712' title='bbox 2240 4406 2483 4462; x_wconf 81' lang='lat' dir='ltr'><strong>conferta</strong></span> <span class='ocrx_word' id='word_1_713' title='bbox 2532 4406 2727 4470; x_wconf 86' lang='lat' dir='ltr'><strong>adhuc,</strong></span> <span class='ocrx_word' id='word_1_714' title='bbox 2785 4406 2853 4458; x_wconf 88' lang='lat' dir='ltr'><strong>ad</strong></span> <span class='ocrx_word' id='word_1_715' title='bbox 2895 4406 3169 4460; x_wconf 79' lang='lat' dir='ltr'><strong>dexteram</strong></span> <span class='ocrx_word' id='word_1_716' title='bbox 3221 4415 3275 4461; x_wconf 91' lang='lat' dir='ltr'><strong>et</strong></span> <span class='ocrx_word' id='word_1_717' title='bbox 3327 4405 3393 4459; x_wconf 88' lang='lat' dir='ltr'><strong>ad</strong></span> <span class='ocrx_word' id='word_1_718' title='bbox 3442 4405 3577 4458; x_wconf 86' lang='lat' dir='ltr'><strong>sini-</strong></span> 
     </span>
    </p>
   </div>
   <div class='ocr_carea' id='block_1_93' title="bbox 334 4494 1921 4576">
    <p class='ocr_par' dir='ltr' id='par_1_93' title="bbox 334 4501 1905 4576">
     <span class='ocr_line' id='line_1_93' title="bbox 334 4501 1905 4576; baseline -0.001 -19"><span class='ocrx_word' id='word_1_719' title='bbox 334 4503 545 4574; x_wconf 75' lang='grc' dir='ltr'>σκηνῆς</span> <span class='ocrx_word' id='word_1_720' title='bbox 579 4519 695 4567; x_wconf 90' lang='grc' dir='ltr'>σου,</span> <span class='ocrx_word' id='word_1_721' title='bbox 730 4503 824 4557; x_wconf 76' lang='grc' dir='ltr'>καὶ</span> <span class='ocrx_word' id='word_1_722' title='bbox 854 4502 960 4556; x_wconf 85' lang='grc' dir='ltr'><strong>τῶν</strong></span> <span class='ocrx_word' id='word_1_723' title='bbox 983 4501 1222 4557; x_wconf 79' lang='grc' dir='ltr'>αύλαιῶν</span> <span class='ocrx_word' id='word_1_724' title='bbox 1256 4518 1369 4567; x_wconf 88' lang='grc' dir='ltr'>σου,</span> <span class='ocrx_word' id='word_1_725' title='bbox 1400 4501 1587 4572; x_wconf 79' lang='grc' dir='ltr'>πῆξον,</span> <span class='ocrx_word' id='word_1_726' title='bbox 1622 4502 1697 4573; x_wconf 86' lang='grc' dir='ltr'>μὴ</span> <span class='ocrx_word' id='word_1_727' title='bbox 1721 4504 1905 4576; x_wconf 81' lang='grc' dir='ltr'>φείσῃ,</span> 
     </span>
    </p>
   </div>
   <div class='ocr_carea' id='block_1_94' title="bbox 2025 4494 3574 4576">
    <p class='ocr_par' dir='ltr' id='par_1_94' title="bbox 2025 4494 3574 4565">
     <span class='ocr_line' id='line_1_94' title="bbox 2025 4494 3574 4565; baseline -0.006 -9"><span class='ocrx_word' id='word_1_728' title='bbox 2025 4510 2176 4557; x_wconf 79' lang='lat' dir='ltr'><strong>stram</strong></span> <span class='ocrx_word' id='word_1_729' title='bbox 2195 4499 2357 4554; x_wconf 87' lang='lat' dir='ltr'><strong>dilata</strong></span> <span class='ocrx_word' id='word_1_730' title='bbox 2392 4498 2463 4553; x_wconf 75' lang='grc'><strong>⁷⁸.</strong></span> <span class='ocrx_word' id='word_1_731' title='bbox 2491 4517 2511 4551; x_wconf 70' lang='grc' dir='ltr'><strong>ι</strong></span> <span class='ocrx_word' id='word_1_732' title='bbox 2539 4496 2821 4551; x_wconf 76' lang='lat' dir='ltr'><strong>Dilatatam</strong></span> <span class='ocrx_word' id='word_1_733' title='bbox 2843 4511 2973 4565; x_wconf 79' lang='lat' dir='ltr'><strong>ergo</strong></span> <span class='ocrx_word' id='word_1_734' title='bbox 2998 4506 3241 4550; x_wconf 89' lang='lat' dir='ltr'><strong>sanctam</strong></span> <span class='ocrx_word' id='word_1_735' title='bbox 3277 4494 3574 4561; x_wconf 85' lang='lat' dir='ltr'><strong>civitatem,</strong></span> 
     </span>
    </p>
   </div>
   <div class='ocr_carea' id='block_1_95' title="bbox 333 4593 1905 4681">
    <p class='ocr_par' dir='ltr' id='par_1_95' title="bbox 333 4593 1905 4681">
     <span class='ocr_line' id='line_1_95' title="bbox 333 4593 1905 4681; baseline -0.001 -31"><span class='ocrx_word' id='word_1_736' title='bbox 333 4597 613 4668; x_wconf 76' lang='grc' dir='ltr'>μάκρυνον</span> <span class='ocrx_word' id='word_1_737' title='bbox 635 4595 706 4648; x_wconf 85' lang='grc' dir='ltr'>τὰ</span> <span class='ocrx_word' id='word_1_738' title='bbox 749 4593 1102 4666; x_wconf 84' lang='grc' dir='ltr'>σχοινίσματά</span> <span class='ocrx_word' id='word_1_739' title='bbox 1127 4611 1249 4659; x_wconf 91' lang='grc' dir='ltr'>σου,</span> <span class='ocrx_word' id='word_1_740' title='bbox 1297 4595 1392 4681; x_wconf 64' lang='grc' dir='ltr'>καὶ</span> <span class='ocrx_word' id='word_1_741' title='bbox 1421 4593 1547 4657; x_wconf 81' lang='grc' dir='ltr'>τοὺς</span> <span class='ocrx_word' id='word_1_742' title='bbox 1594 4594 1905 4659; x_wconf 79' lang='grc' dir='ltr'>πασσάλους</span> 
     </span>
    </p>
   </div>
   <div class='ocr_carea' id='block_1_96' title="bbox 330 4686 1904 4759">
    <p class='ocr_par' dir='ltr' id='par_1_96' title="bbox 330 4686 1904 4759">
     <span class='ocr_line' id='line_1_96' title="bbox 330 4686 1904 4759; baseline -0.001 -16"><span class='ocrx_word' id='word_1_743' title='bbox 330 4708 430 4744; x_wconf 85' lang='grc' dir='ltr'><strong>σου</strong></span> <span class='ocrx_word' id='word_1_744' title='bbox 462 4690 790 4759; x_wconf 83' lang='grc' dir='ltr'>κατίσχυσον</span> <span class='ocrx_word' id='word_1_745' title='bbox 810 4689 912 4754; x_wconf 77' lang='grc' dir='ltr'>ἔτι,</span> <span class='ocrx_word' id='word_1_746' title='bbox 944 4690 1024 4751; x_wconf 85' lang='grc' dir='ltr'><strong>είς</strong></span> <span class='ocrx_word' id='word_1_747' title='bbox 1050 4688 1117 4742; x_wconf 85' lang='grc' dir='ltr'><strong>τὰ</strong></span> <span class='ocrx_word' id='word_1_748' title='bbox 1146 4686 1296 4752; x_wconf 80' lang='grc' dir='ltr'>δεξιὰ</span> <span class='ocrx_word' id='word_1_749' title='bbox 1324 4687 1418 4741; x_wconf 74' lang='grc' dir='ltr'>καὶ</span> <span class='ocrx_word' id='word_1_750' title='bbox 1442 4687 1520 4750; x_wconf 82' lang='grc' dir='ltr'><strong>είς</strong></span> <span class='ocrx_word' id='word_1_751' title='bbox 1544 4686 1613 4740; x_wconf 81' lang='grc' dir='ltr'>τὰ</span> <span class='ocrx_word' id='word_1_752' title='bbox 1642 4687 1904 4758; x_wconf 82' lang='grc' dir='ltr'>ἀριστερὰ</span> 
     </span>
    </p>
   </div>
   <div class='ocr_carea' id='block_1_97' title="bbox 328 4769 1903 4848">
    <p class='ocr_par' dir='ltr' id='par_1_97' title="bbox 328 4769 1903 4848">
     <span class='ocr_line' id='line_1_97' title="bbox 328 4769 1903 4848; baseline -0.006 -15"><span class='ocrx_word' id='word_1_753' title='bbox 328 4779 660 4834; x_wconf 70' lang='grc' dir='ltr'>ἐκπέτασον.</span> <span class='ocrx_word' id='word_1_754' title='bbox 695 4796 715 4829; x_wconf 72' lang='grc' dir='ltr'><strong>ι</strong></span> <span class='ocrx_word' id='word_1_755' title='bbox 741 4776 1217 4848; x_wconf 80' lang='grc' dir='ltr'>Κατευρυνθεῖσαν</span> <span class='ocrx_word' id='word_1_756' title='bbox 1251 4775 1316 4845; x_wconf 85' lang='grc' dir='ltr'>δὴ</span> <span class='ocrx_word' id='word_1_757' title='bbox 1345 4769 1437 4827; x_wconf 83' lang='grc' dir='ltr'>οὗν</span> <span class='ocrx_word' id='word_1_758' title='bbox 1467 4774 1567 4844; x_wconf 87' lang='grc' dir='ltr'>τὴν</span> <span class='ocrx_word' id='word_1_759' title='bbox 1601 4774 1763 4842; x_wconf 87' lang='grc' dir='ltr'>άγίαν</span> <span class='ocrx_word' id='word_1_760' title='bbox 1804 4774 1903 4825; x_wconf 84' lang='grc' dir='ltr'><strong>πό-</strong></span> 
     </span>
    </p>
   </div>
   <div class='ocr_carea' id='block_1_98' title="bbox 326 4865 1900 4941">
    <p class='ocr_par' dir='ltr' id='par_1_98' title="bbox 326 4865 1900 4941">
     <span class='ocr_line' id='line_1_98' title="bbox 326 4865 1900 4941; baseline -0.004 -17"><span class='ocrx_word' id='word_1_761' title='bbox 326 4872 434 4936; x_wconf 82' lang='grc' dir='ltr'>λιν,</span> <span class='ocrx_word' id='word_1_762' title='bbox 475 4871 572 4924; x_wconf 80' lang='grc' dir='ltr'>καὶ</span> <span class='ocrx_word' id='word_1_763' title='bbox 623 4872 702 4933; x_wconf 81' lang='grc' dir='ltr'>εἰς</span> <span class='ocrx_word' id='word_1_764' title='bbox 733 4870 906 4941; x_wconf 78' lang='grc' dir='ltr'>μῆκος</span> <span class='ocrx_word' id='word_1_765' title='bbox 959 4868 1022 4921; x_wconf 83' lang='grc' dir='ltr'>τὸ</span> <span class='ocrx_word' id='word_1_766' title='bbox 1042 4867 1214 4941; x_wconf 80' lang='grc' dir='ltr'>ταύτῃ</span> <span class='ocrx_word' id='word_1_767' title='bbox 1257 4866 1467 4935; x_wconf 84' lang='grc' dir='ltr'>πρέπον</span> <span class='ocrx_word' id='word_1_768' title='bbox 1501 4865 1900 4937; x_wconf 59' lang='grc' dir='ltr'>ἔκτεινομένην,</span> 
     </span>
    </p>
   </div>
   <div class='ocr_carea' id='block_1_99' title="bbox 328 4954 1902 5029">
    <p class='ocr_par' dir='ltr' id='par_1_99' title="bbox 328 4954 1902 5029">
     <span class='ocr_line' id='line_1_99' title="bbox 328 4954 1902 5029; baseline -0.003 -16"><span class='ocrx_word' id='word_1_769' title='bbox 328 4961 748 5029; x_wconf 72' lang='grc' dir='ltr'>κατοικήσουσιν</span> <span class='ocrx_word' id='word_1_770' title='bbox 775 4959 825 5010; x_wconf 79' lang='grc' dir='ltr'>οἱ</span> <span class='ocrx_word' id='word_1_771' title='bbox 855 4958 1024 5026; x_wconf 79' lang='grc' dir='ltr'>ἅγιοι,</span> <span class='ocrx_word' id='word_1_772' title='bbox 1052 4957 1148 5010; x_wconf 75' lang='grc' dir='ltr'><strong>καὶ</strong></span> <span class='ocrx_word' id='word_1_773' title='bbox 1176 4956 1276 5008; x_wconf 82' lang='grc' dir='ltr'>οὐκ</span> <span class='ocrx_word' id='word_1_774' title='bbox 1295 4954 1468 5018; x_wconf 72' lang='grc' dir='ltr'>ἔσται,</span> <span class='ocrx_word' id='word_1_775' title='bbox 1514 4956 1697 5024; x_wconf 72' lang='grc' dir='ltr'>φησὶν,</span> <span class='ocrx_word' id='word_1_776' title='bbox 1729 4973 1747 5005; x_wconf 78' lang='grc' dir='ltr'><strong>ι</strong></span> <span class='ocrx_word' id='word_1_777' title='bbox 1769 4957 1902 5009; x_wconf 85' lang='grc' dir='ltr'>ἀνά-</span> 
     </span>
    </p>
   </div>
   <div class='ocr_carea' id='block_1_100' title="bbox 328 5044 1905 5123">
    <p class='ocr_par' dir='ltr' id='par_1_100' title="bbox 328 5044 1905 5123">
     <span class='ocr_line' id='line_1_100' title="bbox 328 5044 1905 5123; baseline -0.004 -18"><span class='ocrx_word' id='word_1_778' title='bbox 328 5053 472 5123; x_wconf 84' lang='grc' dir='ltr'>θεμα</span> <span class='ocrx_word' id='word_1_779' title='bbox 500 5051 602 5115; x_wconf 72' lang='grc' dir='ltr'>ἔτι,</span> <span class='ocrx_word' id='word_1_780' title='bbox 625 5068 645 5100; x_wconf 70' lang='grc' dir='ltr'><strong>ι</strong></span> <span class='ocrx_word' id='word_1_781' title='bbox 665 5050 930 5113; x_wconf 82' lang='grc' dir='ltr'>τουτέστι,</span> <span class='ocrx_word' id='word_1_782' title='bbox 959 5050 1080 5101; x_wconf 83' lang='grc' dir='ltr'>κατ’</span> <span class='ocrx_word' id='word_1_783' title='bbox 1109 5046 1298 5101; x_wconf 76' lang='grc' dir='ltr'>οὐδένα</span> <span class='ocrx_word' id='word_1_784' title='bbox 1316 5046 1515 5117; x_wconf 87' lang='grc' dir='ltr'>τρόπον</span> <span class='ocrx_word' id='word_1_785' title='bbox 1543 5044 1905 5117; x_wconf 76' lang='grc' dir='ltr'>ἀλλοτριωθῆ-</span> 
     </span>
    </p>
   </div>
   <div class='ocr_carea' id='block_1_101' title="bbox 330 5136 1903 5211">
    <p class='ocr_par' dir='ltr' id='par_1_101' title="bbox 330 5136 1903 5211">
     <span class='ocr_line' id='line_1_101' title="bbox 330 5136 1903 5211; baseline -0.003 -15"><span class='ocrx_word' id='word_1_786' title='bbox 330 5159 485 5196; x_wconf 84' lang='grc' dir='ltr'>σεται</span> <span class='ocrx_word' id='word_1_787' title='bbox 518 5140 676 5195; x_wconf 77' lang='grc' dir='ltr'>Θεοῦ·</span> <span class='ocrx_word' id='word_1_788' title='bbox 708 5140 932 5211; x_wconf 77' lang='grc' dir='ltr'>βεϐαίαν</span> <span class='ocrx_word' id='word_1_789' title='bbox 952 5139 1061 5211; x_wconf 80' lang='grc' dir='ltr'>γὰρ</span> <span class='ocrx_word' id='word_1_790' title='bbox 1090 5139 1226 5208; x_wconf 80' lang='grc' dir='ltr'>αὐτῇ</span> <span class='ocrx_word' id='word_1_791' title='bbox 1252 5139 1521 5209; x_wconf 84' lang='grc' dir='ltr'>χαριεῖται</span> <span class='ocrx_word' id='word_1_792' title='bbox 1548 5136 1647 5207; x_wconf 80' lang='grc' dir='ltr'>τὴν</span> <span class='ocrx_word' id='word_1_793' title='bbox 1684 5137 1903 5208; x_wconf 77' lang='grc' dir='ltr'>ἀγάπη-</span> 
     </span>
    </p>
   </div>
   <div class='ocr_carea' id='block_1_102' title="bbox 329 5228 1900 5302">
    <p class='ocr_par' dir='ltr' id='par_1_102' title="bbox 329 5228 1900 5302">
     <span class='ocr_line' id='line_1_102' title="bbox 329 5228 1900 5302; baseline -0.004 -14"><span class='ocrx_word' id='word_1_794' title='bbox 329 5252 437 5300; x_wconf 85' lang='grc' dir='ltr'>σιν,</span> <span class='ocrx_word' id='word_1_795' title='bbox 473 5234 570 5289; x_wconf 77' lang='grc' dir='ltr'>καὶ</span> <span class='ocrx_word' id='word_1_796' title='bbox 598 5234 698 5287; x_wconf 77' lang='grc' dir='ltr'>οὐκ</span> <span class='ocrx_word' id='word_1_797' title='bbox 728 5233 796 5287; x_wconf 77' lang='grc' dir='ltr'>ἂν</span> <span class='ocrx_word' id='word_1_798' title='bbox 825 5233 1112 5285; x_wconf 72' lang='grc' dir='ltr'>ἐκπέσοιεν</span> <span class='ocrx_word' id='word_1_799' title='bbox 1137 5231 1218 5284; x_wconf 73' lang='grc' dir='ltr'>ἔτι</span> <span class='ocrx_word' id='word_1_800' title='bbox 1250 5229 1388 5302; x_wconf 79' lang='grc' dir='ltr'>πρὸς</span> <span class='ocrx_word' id='word_1_801' title='bbox 1428 5229 1489 5283; x_wconf 77' lang='grc' dir='ltr'>τὸ</span> <span class='ocrx_word' id='word_1_802' title='bbox 1544 5228 1900 5301; x_wconf 83' lang='grc' dir='ltr'>προσκρούειν</span> 
     </span>
    </p>
   </div>
   <div class='ocr_carea' id='block_1_103' title="bbox 325 5318 1906 5397">
    <p class='ocr_par' dir='ltr' id='par_1_103' title="bbox 325 5318 1906 5397">
     <span class='ocr_line' id='line_1_103' title="bbox 325 5318 1906 5397; baseline -0.004 -17"><span class='ocrx_word' id='word_1_803' title='bbox 325 5326 470 5397; x_wconf 81' lang='grc' dir='ltr'>Θεῷ,</span> <span class='ocrx_word' id='word_1_804' title='bbox 517 5324 889 5397; x_wconf 77' lang='grc' dir='ltr'>ἀνῃρημένης,</span> <span class='ocrx_word' id='word_1_805' title='bbox 942 5322 1018 5386; x_wconf 82' lang='grc' dir='ltr'>ὡς</span> <span class='ocrx_word' id='word_1_806' title='bbox 1061 5321 1216 5391; x_wconf 69' lang='grc' dir='ltr'>ἔφην,</span> <span class='ocrx_word' id='word_1_807' title='bbox 1271 5319 1373 5396; x_wconf 68' lang='grc' dir='ltr'>τῆς</span> <span class='ocrx_word' id='word_1_808' title='bbox 1430 5318 1701 5389; x_wconf 81' lang='grc' dir='ltr'>ἁμαρτίας</span> <span class='ocrx_word' id='word_1_809' title='bbox 1729 5321 1807 5382; x_wconf 86' lang='grc' dir='ltr'>εἰς</span> <span class='ocrx_word' id='word_1_810' title='bbox 1843 5320 1906 5374; x_wconf 77' lang='grc' dir='ltr'>τὸ</span> 
     </span>
    </p>
   </div>
   <div class='ocr_carea' id='block_1_104' title="bbox 331 5408 1904 5486">
    <p class='ocr_par' dir='ltr' id='par_1_104' title="bbox 331 5408 1904 5486">
     <span class='ocr_line' id='line_1_104' title="bbox 331 5408 1904 5486; baseline -0.005 -15"><span class='ocrx_word' id='word_1_811' title='bbox 331 5418 613 5481; x_wconf 74' lang='grc' dir='ltr'>παντελὲς,</span> <span class='ocrx_word' id='word_1_812' title='bbox 639 5415 737 5469; x_wconf 74' lang='grc' dir='ltr'>καὶ</span> <span class='ocrx_word' id='word_1_813' title='bbox 763 5414 859 5468; x_wconf 79' lang='grc' dir='ltr'><strong>τοῦ</strong></span> <span class='ocrx_word' id='word_1_814' title='bbox 899 5414 1251 5486; x_wconf 76' lang='grc' dir='ltr'>πειράζοντος</span> <span class='ocrx_word' id='word_1_815' title='bbox 1273 5409 1505 5464; x_wconf 77' lang='grc' dir='ltr'>Σατανᾶ.</span> <span class='ocrx_word' id='word_1_816' title='bbox 1529 5408 1605 5462; x_wconf 84' lang='grc' dir='ltr'><strong>Οὐ</strong></span> <span class='ocrx_word' id='word_1_817' title='bbox 1621 5409 1729 5479; x_wconf 79' lang='grc' dir='ltr'>γὰρ</span> <span class='ocrx_word' id='word_1_818' title='bbox 1752 5408 1904 5463; x_wconf 72' lang='grc' dir='ltr'>ἔσται</span> 
     </span>
    </p>
   </div>
   <div class='ocr_carea' id='block_1_105' title="bbox 328 5500 1906 5578">
    <p class='ocr_par' dir='ltr' id='par_1_105' title="bbox 328 5500 1906 5578">
     <span class='ocr_line' id='line_1_105' title="bbox 328 5500 1906 5578; baseline -0.005 -15"><span class='ocrx_word' id='word_1_819' title='bbox 328 5512 443 5565; x_wconf 68' lang='grc' dir='ltr'>ἐκεῖ</span> <span class='ocrx_word' id='word_1_820' title='bbox 462 5509 622 5577; x_wconf 79' lang='grc' dir='ltr'>λέων,</span> <span class='ocrx_word' id='word_1_821' title='bbox 644 5508 766 5562; x_wconf 76' lang='grc' dir='ltr'>οὐδὲ</span> <span class='ocrx_word' id='word_1_822' title='bbox 790 5506 898 5562; x_wconf 86' lang='grc' dir='ltr'><strong>τῶν</strong></span> <span class='ocrx_word' id='word_1_823' title='bbox 930 5506 1135 5578; x_wconf 81' lang='grc' dir='ltr'>θηρίων</span> <span class='ocrx_word' id='word_1_824' title='bbox 1161 5504 1267 5560; x_wconf 86' lang='grc' dir='ltr'><strong>τῶν</strong></span> <span class='ocrx_word' id='word_1_825' title='bbox 1289 5500 1541 5575; x_wconf 81' lang='grc' dir='ltr'>πονηρῶν</span> <span class='ocrx_word' id='word_1_826' title='bbox 1566 5500 1718 5557; x_wconf 79' lang='grc' dir='ltr'>οὐδὲν</span> <span class='ocrx_word' id='word_1_827' title='bbox 1743 5502 1801 5555; x_wconf 84' lang='grc' dir='ltr'><strong>ού</strong></span> <span class='ocrx_word' id='word_1_828' title='bbox 1829 5501 1906 5572; x_wconf 74' lang='grc' dir='ltr'>μὴ</span> 
     </span>
    </p>
   </div>
   <div class='ocr_carea' id='block_1_106' title="bbox 397 5683 1585 5754">
    <p class='ocr_par' dir='ltr' id='par_1_106' title="bbox 397 5683 1585 5754">
     <span class='ocr_line' id='line_1_106' title="bbox 397 5683 1585 5754; baseline -0.003 -13"><span class='ocrx_word' id='word_1_829' title='bbox 397 5687 443 5720; x_wconf 75' lang='grc' dir='ltr'><strong>’ν</strong></span> <span class='ocrx_word' id='word_1_830' title='bbox 479 5687 616 5741; x_wconf 87' lang='lat' dir='ltr'><strong>Dan.</strong></span> <span class='ocrx_word' id='word_1_831' title='bbox 658 5702 717 5751; x_wconf 79' lang='grc' dir='ltr'><strong>ιι,</strong></span> <span class='ocrx_word' id='word_1_832' title='bbox 911 5687 956 5719; x_wconf 71' lang='grc'><strong>’³⁸</strong></span> <span class='ocrx_word' id='word_1_833' title='bbox 997 5685 1195 5742; x_wconf 79' lang='lat' dir='ltr'><strong>Ezccli.</strong></span> <span class='ocrx_word' id='word_1_834' title='bbox 1232 5700 1315 5746; x_wconf 67' lang='lat' dir='ltr'><strong>xc.</strong></span> <span class='ocrx_word' id='word_1_835' title='bbox 1343 5683 1401 5738; x_wconf 83' lang='lat' dir='ltr'><strong>6i</strong></span> <span class='ocrx_word' id='word_1_836' title='bbox 1433 5699 1585 5754; x_wconf 81' lang='lat' dir='ltr'><strong>seqq.</strong></span> 
     </span>
    </p>
   </div>
   <div class='ocr_carea' id='block_1_107' title="bbox 2010 4588 3575 4662">
    <p class='ocr_par' dir='ltr' id='par_1_107' title="bbox 2010 4588 3575 4662">
     <span class='ocr_line' id='line_1_107' title="bbox 2010 4588 3575 4662; baseline -0.008 -12"><span class='ocrx_word' id='word_1_837' title='bbox 2010 4603 2064 4650; x_wconf 92' lang='lat' dir='ltr'><strong>et</strong></span> <span class='ocrx_word' id='word_1_838' title='bbox 2092 4593 2142 4647; x_wconf 91' lang='lat' dir='ltr'><strong>in</strong></span> <span class='ocrx_word' id='word_1_839' title='bbox 2177 4591 2561 4662; x_wconf 86' lang='lat' dir='ltr'><strong>longitudinem</strong></span> <span class='ocrx_word' id='word_1_840' title='bbox 2585 4590 2930 4659; x_wconf 89' lang='lat' dir='ltr'><strong>proportione</strong></span> <span class='ocrx_word' id='word_1_841' title='bbox 2959 4588 3259 4643; x_wconf 85' lang='lat' dir='ltr'><strong>latitudinis</strong></span> <span class='ocrx_word' id='word_1_842' title='bbox 3297 4596 3575 4641; x_wconf 76' lang='lat' dir='ltr'><strong>estensam</strong></span> 
     </span>
    </p>
   </div>
   <div class='ocr_carea' id='block_1_108' title="bbox 2009 4678 3573 4749">
    <p class='ocr_par' dir='ltr' id='par_1_108' title="bbox 2009 4678 3573 4749">
     <span class='ocr_line' id='line_1_108' title="bbox 2009 4678 3573 4749; baseline -0.005 -9"><span class='ocrx_word' id='word_1_843' title='bbox 2009 4684 2331 4741; x_wconf 76' lang='lat' dir='ltr'><strong>habitabant</strong></span> <span class='ocrx_word' id='word_1_844' title='bbox 2369 4682 2562 4748; x_wconf 86' lang='lat' dir='ltr'><strong>sancti,</strong></span> <span class='ocrx_word' id='word_1_845' title='bbox 2605 4691 2660 4736; x_wconf 90' lang='lat' dir='ltr'><strong>et</strong></span> <span class='ocrx_word' id='word_1_846' title='bbox 2691 4695 2794 4735; x_wconf 90' lang='lat' dir='ltr'><strong>non</strong></span> <span class='ocrx_word' id='word_1_847' title='bbox 2834 4680 2959 4742; x_wconf 86' lang='lat' dir='ltr'><strong>erit,</strong></span> <span class='ocrx_word' id='word_1_848' title='bbox 3000 4680 3198 4749; x_wconf 88' lang='lat' dir='ltr'><strong>inquit,</strong></span> <span class='ocrx_word' id='word_1_849' title='bbox 3236 4697 3255 4731; x_wconf 79' lang='grc' dir='ltr'><strong>ι</strong></span> <span class='ocrx_word' id='word_1_850' title='bbox 3289 4678 3573 4732; x_wconf 82' lang='lat' dir='ltr'><strong>anathema</strong></span> 
     </span>
    </p>
   </div>
   <div class='ocr_carea' id='block_1_109' title="bbox 2010 4768 3572 4844">
    <p class='ocr_par' dir='ltr' id='par_1_109' title="bbox 2010 4768 3572 4844">
     <span class='ocr_line' id='line_1_109' title="bbox 2010 4768 3572 4844; baseline -0.005 -15"><span class='ocrx_word' id='word_1_851' title='bbox 2010 4773 2241 4844; x_wconf 88' lang='lat' dir='ltr'><strong>amplius</strong></span> <span class='ocrx_word' id='word_1_852' title='bbox 2275 4789 2290 4827; x_wconf 90' lang='lat'><strong>:</strong></span> <span class='ocrx_word' id='word_1_853' title='bbox 2328 4791 2349 4825; x_wconf 81' lang='grc'>›</span> <span class='ocrx_word' id='word_1_854' title='bbox 2384 4771 2487 4827; x_wconf 86' lang='lat' dir='ltr'><strong>hoc</strong></span> <span class='ocrx_word' id='word_1_855' title='bbox 2518 4780 2623 4840; x_wconf 89' lang='lat' dir='ltr'><strong>est,</strong></span> <span class='ocrx_word' id='word_1_856' title='bbox 2649 4770 2795 4826; x_wconf 92' lang='lat' dir='ltr'><strong>nullo</strong></span> <span class='ocrx_word' id='word_1_857' title='bbox 2829 4770 2989 4826; x_wconf 88' lang='lat' dir='ltr'><strong>modo</strong></span> <span class='ocrx_word' id='word_1_858' title='bbox 3019 4785 3048 4824; x_wconf 90' lang='lat' dir='ltr'><strong>a</strong></span> <span class='ocrx_word' id='word_1_859' title='bbox 3081 4770 3190 4825; x_wconf 90' lang='lat' dir='ltr'><strong>Deo</strong></span> <span class='ocrx_word' id='word_1_860' title='bbox 3232 4768 3572 4833; x_wconf 82' lang='lat' dir='ltr'><strong>alienabitur,</strong></span> 
     </span>
    </p>
   </div>
   <div class='ocr_carea' id='block_1_110' title="bbox 2010 4862 3576 4934">
    <p class='ocr_par' dir='ltr' id='par_1_110' title="bbox 2010 4862 3576 4934">
     <span class='ocr_line' id='line_1_110' title="bbox 2010 4862 3576 4934; baseline -0.005 -11"><span class='ocrx_word' id='word_1_861' title='bbox 2010 4866 2256 4923; x_wconf 86' lang='lat' dir='ltr'><strong>stabilem</strong></span> <span class='ocrx_word' id='word_1_862' title='bbox 2284 4865 2428 4920; x_wconf 90' lang='lat' dir='ltr'><strong>enim</strong></span> <span class='ocrx_word' id='word_1_863' title='bbox 2462 4865 2510 4921; x_wconf 91' lang='lat' dir='ltr'><strong>ei</strong></span> <span class='ocrx_word' id='word_1_864' title='bbox 2547 4864 2862 4920; x_wconf 84' lang='lat' dir='ltr'><strong>charitatem</strong></span> <span class='ocrx_word' id='word_1_865' title='bbox 2900 4863 3176 4934; x_wconf 80' lang='lat' dir='ltr'><strong>largietur,</strong></span> <span class='ocrx_word' id='word_1_866' title='bbox 3206 4876 3305 4917; x_wconf 83' lang='lat' dir='ltr'><strong>nec</strong></span> <span class='ocrx_word' id='word_1_867' title='bbox 3332 4862 3468 4917; x_wconf 88' lang='lat' dir='ltr'><strong>ultra</strong></span> <span class='ocrx_word' id='word_1_868' title='bbox 3497 4862 3576 4916; x_wconf 83' lang='lat' dir='ltr'><strong>la-</strong></span> 
     </span>
    </p>
   </div>
   <div class='ocr_carea' id='block_1_111' title="bbox 2010 4952 3576 5024">
    <p class='ocr_par' dir='ltr' id='par_1_111' title="bbox 2010 4952 3576 5024">
     <span class='ocr_line' id='line_1_111' title="bbox 2010 4952 3576 5024; baseline -0.004 -11"><span class='ocrx_word' id='word_1_869' title='bbox 2010 4959 2204 5013; x_wconf 86' lang='lat' dir='ltr'><strong>bentur</strong></span> <span class='ocrx_word' id='word_1_870' title='bbox 2230 4965 2289 5010; x_wconf 91' lang='lat' dir='ltr'><strong>ut</strong></span> <span class='ocrx_word' id='word_1_871' title='bbox 2320 4956 2485 5011; x_wconf 88' lang='lat' dir='ltr'><strong>Deum</strong></span> <span class='ocrx_word' id='word_1_872' title='bbox 2520 4954 2820 5019; x_wconf 69' lang='lat' dir='ltr'><strong>offendant,</strong></span> <span class='ocrx_word' id='word_1_873' title='bbox 2863 4962 3106 5024; x_wconf 87' lang='lat' dir='ltr'><strong>peccato,</strong></span> <span class='ocrx_word' id='word_1_874' title='bbox 3134 4965 3194 5009; x_wconf 91' lang='lat' dir='ltr'><strong>ut</strong></span> <span class='ocrx_word' id='word_1_875' title='bbox 3236 4954 3367 5018; x_wconf 80' lang='lat' dir='ltr'><strong>dixi,</strong></span> <span class='ocrx_word' id='word_1_876' title='bbox 3397 4964 3451 5009; x_wconf 90' lang='lat' dir='ltr'><strong>et</strong></span> <span class='ocrx_word' id='word_1_877' title='bbox 3481 4952 3576 5008; x_wconf 88' lang='lat' dir='ltr'><strong>Sa-</strong></span> 
     </span>
    </p>
   </div>
   <div class='ocr_carea' id='block_1_112' title="bbox 2012 5043 3573 5117">
    <p class='ocr_par' dir='ltr' id='par_1_112' title="bbox 2012 5043 3573 5117">
     <span class='ocr_line' id='line_1_112' title="bbox 2012 5043 3573 5117; baseline -0.008 -14"><span class='ocrx_word' id='word_1_878' title='bbox 2012 5058 2136 5104; x_wconf 87' lang='lat' dir='ltr'><strong>tana</strong></span> <span class='ocrx_word' id='word_1_879' title='bbox 2167 5056 2432 5103; x_wconf 83' lang='lat' dir='ltr'><strong>tentatore</strong></span> <span class='ocrx_word' id='word_1_880' title='bbox 2460 5061 2683 5117; x_wconf 81' lang='lat' dir='ltr'><strong>prorsus</strong></span> <span class='ocrx_word' id='word_1_881' title='bbox 2707 5045 2957 5101; x_wconf 87' lang='lat' dir='ltr'><strong>sublatis.</strong></span> <span class='ocrx_word' id='word_1_882' title='bbox 3001 5044 3115 5100; x_wconf 86' lang='lat' dir='ltr'><strong>Non</strong></span> <span class='ocrx_word' id='word_1_883' title='bbox 3161 5045 3303 5099; x_wconf 87' lang='lat' dir='ltr'><strong>enim</strong></span> <span class='ocrx_word' id='word_1_884' title='bbox 3348 5045 3452 5097; x_wconf 89' lang='lat' dir='ltr'><strong>erit</strong></span> <span class='ocrx_word' id='word_1_885' title='bbox 3503 5043 3573 5095; x_wconf 84' lang='lat' dir='ltr'><strong>ibi</strong></span> 
     </span>
    </p>
   </div>
   <div class='ocr_carea' id='block_1_113' title="bbox 2009 5132 3573 5205">
    <p class='ocr_par' dir='ltr' id='par_1_113' title="bbox 2009 5132 3573 5205">
     <span class='ocr_line' id='line_1_113' title="bbox 2009 5132 3573 5205; baseline -0.008 -10"><span class='ocrx_word' id='word_1_886' title='bbox 2009 5139 2114 5205; x_wconf 89' lang='lat' dir='ltr'><strong>leo,</strong></span> <span class='ocrx_word' id='word_1_887' title='bbox 2147 5154 2247 5195; x_wconf 85' lang='lat' dir='ltr'><strong>nec</strong></span> <span class='ocrx_word' id='word_1_888' title='bbox 2275 5138 2379 5193; x_wconf 86' lang='lat' dir='ltr'><strong>ulla</strong></span> <span class='ocrx_word' id='word_1_889' title='bbox 2422 5137 2687 5192; x_wconf 85' lang='lat' dir='ltr'><strong>malarum</strong></span> <span class='ocrx_word' id='word_1_890' title='bbox 2712 5136 3011 5189; x_wconf 84' lang='lat' dir='ltr'><strong>bestiarum</strong></span> <span class='ocrx_word' id='word_1_891' title='bbox 3036 5134 3103 5188; x_wconf 89' lang='lat' dir='ltr'><strong>ad</strong></span> <span class='ocrx_word' id='word_1_892' title='bbox 3133 5134 3273 5186; x_wconf 83' lang='lat' dir='ltr'><strong>illam</strong></span> <span class='ocrx_word' id='word_1_893' title='bbox 3297 5132 3573 5196; x_wconf 86' lang='lat' dir='ltr'><strong>ascendet,</strong></span> 
     </span>
    </p>
   </div>
   <div class='ocr_carea' id='block_1_114' title="bbox 2010 5222 3572 5284">
    <p class='ocr_par' dir='ltr' id='par_1_114' title="bbox 2010 5222 3572 5284">
     <span class='ocr_line' id='line_1_114' title="bbox 2010 5222 3572 5284; baseline -0.006 0"><span class='ocrx_word' id='word_1_894' title='bbox 2010 5243 2112 5284; x_wconf 86' lang='lat' dir='ltr'><strong>nec</strong></span> <span class='ocrx_word' id='word_1_895' title='bbox 2138 5228 2439 5284; x_wconf 76' lang='lat' dir='ltr'><strong>invenietur</strong></span> <span class='ocrx_word' id='word_1_896' title='bbox 2460 5227 2553 5282; x_wconf 87' lang='lat' dir='ltr'><strong>ibi.</strong></span> <span class='ocrx_word' id='word_1_897' title='bbox 2586 5244 2606 5279; x_wconf 75' lang='grc' dir='ltr'><strong>ι</strong></span> <span class='ocrx_word' id='word_1_898' title='bbox 2652 5223 2982 5280; x_wconf 81' lang='lat' dir='ltr'><strong>Hahitabunt</strong></span> <span class='ocrx_word' id='word_1_899' title='bbox 3009 5225 3151 5278; x_wconf 88' lang='lat' dir='ltr'><strong>enim</strong></span> <span class='ocrx_word' id='word_1_900' title='bbox 3169 5222 3517 5276; x_wconf 80' lang='lat' dir='ltr'><strong>conﬁdenter.</strong></span> <span class='ocrx_word' id='word_1_901' title='bbox 3550 5238 3572 5274; x_wconf 74' lang='grc' dir='ltr'><strong>ι</strong></span> 
     </span>
    </p>
   </div>
   <div class='ocr_carea' id='block_1_115' title="bbox 2011 5311 3576 5386">
    <p class='ocr_par' dir='ltr' id='par_1_115' title="bbox 2011 5311 3576 5386">
     <span class='ocr_line' id='line_1_115' title="bbox 2011 5311 3576 5386; baseline -0.003 -14"><span class='ocrx_word' id='word_1_902' title='bbox 2011 5320 2274 5386; x_wconf 81' lang='lat' dir='ltr'><strong>Quoniam</strong></span> <span class='ocrx_word' id='word_1_903' title='bbox 2302 5331 2483 5375; x_wconf 87' lang='lat' dir='ltr'><strong>autem</strong></span> <span class='ocrx_word' id='word_1_904' title='bbox 2512 5319 2779 5374; x_wconf 86' lang='lat' dir='ltr'><strong>insertum</strong></span> <span class='ocrx_word' id='word_1_905' title='bbox 2807 5324 2890 5371; x_wconf 88' lang='lat' dir='ltr'><strong>est</strong></span> <span class='ocrx_word' id='word_1_906' title='bbox 2922 5333 2937 5369; x_wconf 89' lang='lat'><strong>:</strong></span> <span class='ocrx_word' id='word_1_907' title='bbox 2973 5334 2992 5367; x_wconf 80' lang='grc' dir='ltr'><strong>ι</strong></span> <span class='ocrx_word' id='word_1_908' title='bbox 3032 5315 3194 5367; x_wconf 74' lang='lat' dir='ltr'><strong>[lanna</strong></span> <span class='ocrx_word' id='word_1_909' title='bbox 3219 5327 3346 5366; x_wconf 83' lang='lat' dir='ltr'><strong>vero</strong></span> <span class='ocrx_word' id='word_1_910' title='bbox 3378 5311 3430 5365; x_wconf 92' lang='lat' dir='ltr'><strong>in</strong></span> <span class='ocrx_word' id='word_1_911' title='bbox 3459 5312 3576 5368; x_wconf 80' lang='lat' dir='ltr'><strong>loco</strong></span> 
     </span>
    </p>
   </div>
   <div class='ocr_carea' id='block_1_116' title="bbox 2009 5405 3573 5481">
    <p class='ocr_par' dir='ltr' id='par_1_116' title="bbox 2009 5405 3573 5481">
     <span class='ocr_line' id='line_1_116' title="bbox 2009 5405 3573 5481; baseline -0.004 -15"><span class='ocrx_word' id='word_1_912' title='bbox 2009 5411 2371 5481; x_wconf 88' lang='lat' dir='ltr'><strong>permanebit,</strong></span> <span class='ocrx_word' id='word_1_913' title='bbox 2411 5430 2430 5465; x_wconf 73' lang='grc' dir='ltr'><strong>ι</strong></span> <span class='ocrx_word' id='word_1_914' title='bbox 2459 5426 2669 5466; x_wconf 88' lang='lat' dir='ltr'><strong>rursum</strong></span> <span class='ocrx_word' id='word_1_915' title='bbox 2722 5407 2853 5463; x_wconf 88' lang='lat' dir='ltr'><strong>illud</strong></span> <span class='ocrx_word' id='word_1_916' title='bbox 2908 5405 3138 5460; x_wconf 81' lang='lat' dir='ltr'><strong>dicimus</strong></span> <span class='ocrx_word' id='word_1_917' title='bbox 3192 5417 3409 5457; x_wconf 90' lang='lat' dir='ltr'><strong>sensum</strong></span> <span class='ocrx_word' id='word_1_918' title='bbox 3456 5419 3573 5460; x_wconf 74' lang='lat' dir='ltr'><strong>ver—</strong></span> 
     </span>
    </p>
   </div>
   <div class='ocr_carea' id='block_1_117' title="bbox 2011 5496 3575 5574">
    <p class='ocr_par' dir='ltr' id='par_1_117' title="bbox 2011 5496 3575 5574">
     <span class='ocr_line' id='line_1_117' title="bbox 2011 5496 3575 5574; baseline -0.006 -15"><span class='ocrx_word' id='word_1_919' title='bbox 2011 5504 2203 5559; x_wconf 90' lang='lat' dir='ltr'><strong>bortnn</strong></span> <span class='ocrx_word' id='word_1_920' title='bbox 2230 5513 2493 5574; x_wconf 87' lang='lat' dir='ltr'><strong>quantum</strong></span> <span class='ocrx_word' id='word_1_921' title='bbox 2536 5503 2591 5559; x_wconf 88' lang='lat' dir='ltr'><strong>in</strong></span> <span class='ocrx_word' id='word_1_922' title='bbox 2627 5501 2783 5559; x_wconf 85' lang='lat' dir='ltr'><strong>nobis</strong></span> <span class='ocrx_word' id='word_1_923' title='bbox 2814 5506 2900 5556; x_wconf 80' lang='lat' dir='ltr'><strong>est</strong></span> <span class='ocrx_word' id='word_1_924' title='bbox 2934 5496 3373 5565; x_wconf 84' lang='lat' dir='ltr'><strong>interpretantes.</strong></span> <span class='ocrx_word' id='word_1_925' title='bbox 3409 5496 3575 5552; x_wconf 63' lang='lat' dir='ltr'><strong>itania</strong></span> 
     </span>
    </p>
   </div>
   <div class='ocr_carea' id='block_1_118' title="bbox 1660 5679 2137 5750">
    <p class='ocr_par' dir='ltr' id='par_1_118' title="bbox 1660 5679 2137 5750">
     <span class='ocr_line' id='line_1_118' title="bbox 1660 5679 2137 5750; baseline 0 -14"><span class='ocrx_word' id='word_1_926' title='bbox 1660 5683 1705 5715; x_wconf 71' lang='grc' dir='ltr'><strong><em>τ’</em></strong></span> <span class='ocrx_word' id='word_1_927' title='bbox 1737 5681 1838 5736; x_wconf 88' lang='lat' dir='ltr'><strong>lsa.</strong></span> <span class='ocrx_word' id='word_1_928' title='bbox 1864 5694 1971 5745; x_wconf 77' lang='lat' dir='ltr'><strong>Liv,</strong></span> <span class='ocrx_word' id='word_1_929' title='bbox 2001 5679 2054 5750; x_wconf 74' lang='lat'><strong>2,</strong></span> <span class='ocrx_word' id='word_1_930' title='bbox 2081 5680 2137 5736; x_wconf 76' lang='lat'><strong>3.</strong></span> 
     </span>
    </p>
   </div>
  </div>
