4042 6196
426 297 538 356 263

1426 291 1482 346 S.
1524 289 1795 346 CYRILLI
1831 286 2298 344 ALEXANDRIM
2340 284 2657 341 ARCHIEP.

3591 280 3691 343 ΞΜ

424 422 588 478 super
606 405 845 476 aspidem
872 420 937 460 ac
958 405 1268 460 basiliscnm
1295 405 1656 468 ambulantes,
1682 405 1998 471 leonemque

2103 400 2322 472 σαλὴμ,
2369 399 2652 463 τουτέστι,
2701 397 3267 470 καταστρατεύσονται
3302 395 3412 449 τῶν
3462 396 3692 468 ἐχθρῶν,

423 510 480 553 et
513 502 803 553 draconem
826 497 870 529 “
913 516 931 549 ι
973 513 1196 566 prorsus
1233 507 1663 552 contemnentes.
1704 497 1872 550 Erunt
1909 509 2006 547 au-

425 602 531 645 tem
579 592 816 645 illustres
859 603 914 645 et
960 589 1337 649 admirabiles,
1378 590 1555 658 803
1588 605 1654 642 ex
1700 586 2003 642 istiusmodi

426 684 700 750 praeclaris
740 681 1072 736 facinoribus
1113 682 1427 733 thesaurum
1473 692 1531 735 tit
1570 695 1801 744 aurum,
1824 690 1881 733 et
1917 694 2006 732 ar-

425 785 676 840 gentum,
701 784 754 827 et
777 786 976 828 vestem
1004 776 1293 843 pretiosam
1325 773 1657 842 colligentes.
1684 772 1835 838 Quod
1859 773 2002 825 enim

428 866 724 932 prophetiae
752 868 1018 920 sententia
1053 882 1156 920 non
1189 867 1258 919 sit
1287 867 1339 918 in
1373 867 1437 918 iis
1466 879 1588 933 qtae
1625 880 1844 918 sensum
1878 880 2004 918 cor-

428 956 578 1023 poris
617 965 863 1025 tangunt,
899 967 1108 1011 certum
1143 966 1246 1011 est.
1283 955 1491 1009 Divitiae
1525 970 1756 1023 namque
1788 965 2006 1008 sancto-

427 1060 545 1097 rmu
596 1061 698 1098 non
746 1057 872 1099 sunt
919 1046 1159 1100 interitui
1206 1047 1452 1100 obnoxia:
1496 1059 1550 1101 et
1595 1054 1861 1109 terrente;
1911 1044 2006 1098 sed

426 1150 547 1204 quae
600 1136 965 1207 intelliguntur
1006 1146 1247 1199 tantum,
1295 1145 1349 1189 et
1397 1136 1648 1190 cmlestes
1696 1151 1759 1189 ac
1808 1134 2006 1202 sempi-

431 1238 632 1291 ternae,
665 1245 800 1297 quas
833 1229 1117 1283 animabus
1149 1230 1262 1282 suis
1290 1236 1622 1297 cangregant
1652 1228 1742 1297 qni
1777 1228 2004 1289 docent,

428 1332 485 1376 et
516 1322 638 1375 aliis
672 1323 974 1375 rationibus
1010 1323 1061 1374 in
1101 1321 1336 1375 Ecclesia
1372 1320 1704 1374 clarescunt.
1741 1318 2008 1385 Diripiunt

427 1415 572 1468 enim
610 1417 1011 1481 quodammodo
1047 1415 1213 1465 robur
1248 1412 1488 1465 omnium
1526 1410 1839 1479 pepulorum
1862 1449 1875 1471 ,
1914 1423 2008 1476 per

431 1504 589 1557 fidem
617 1507 682 1554 ad
709 1501 985 1555 Christum
1015 1510 1200 1571 gentes
1227 1501 1524 1568 prarcipuas
1550 1499 1898 1553 adducentes.
1917 1496 2007 1550 Sic

426 1594 572 1647 enim
601 1605 651 1648 et
688 1594 797 1662 ipse
828 1594 961 1645 dixit
991 1609 1049 1646 se
1081 1593 1369 1662 diripuisse
1397 1607 1524 1646 vasa
1554 1591 1794 1645 fortis”.
1854 1588 2006 1656 Quod

425 1686 473 1737 si
503 1684 624 1750 quis
654 1686 796 1737 dii-at
833 1681 1025 1736 Judatn
1058 1698 1387 1752 congregare
1421 1682 1581 1736 robur
1638 1682 1877 1735 omnium
1907 1696 2004 1749 po-

2106 491 2651 545 κατανεανιεύσονται
2678 489 2786 543 τῶν
2819 488 3249 557 ἀνθεστηκότων,
3284 488 3697 559 συμπατοῦντες

2104 582 2181 646 ὡς
2220 584 2548 654 σκορπίους,
2589 601 2607 634 ι
2653 583 2770 636 Ἐπ’
2808 581 3039 645 ἀσπίδα,
3086 581 3182 633 καὶ
3227 580 3539 650 βασιλίσκον
3577 583 3696 635 ἑπι-

2107 674 2403 737 ϐαίνοντες,
2435 674 2647 737 λέοντός
2676 691 2737 727 τε
2766 674 2861 726 καὶ
2891 672 3180 744 δράκοντος
3209 691 3226 722 ι
3263 675 3343 736 εἰς
3374 673 3518 726 ἅπαν
3546 676 3702 744 ὴφει-

2106 764 2350 835 δηκότες.
2386 765 2641 818 Ἔσονται
2681 765 2739 818 δὲ
2771 764 3054 836 λαμπροὶ,
3101 762 3197 816 καὶ
3232 764 3656 835 ἀξιοθαύμαστοι
3678 807 3694 829 ,

2106 855 2196 909 τὸν
2243 859 2307 908 ἐκ
2353 856 2460 909 τῶν
2512 857 2771 911 τοιούτων
2841 856 3285 927 κατορθωμάτων
3346 856 3697 924 συλλέγοντες

2108 947 2337 1001 πλοῦτον
2372 950 2447 1013 ὡς
2487 950 2731 1019 χρυσίον,
2777 950 2872 1001 καὶ
2917 948 3201 1018 ἀργύριον,
3250 949 3342 1000 καὶ
3379 947 3692 1016 ἱματισμόν.

2109 1040 2232 1093 Ὀτι
2260 1040 2368 1110 γὰρ
2394 1042 2493 1093 ούκ
2523 1040 2578 1094 ἐν
2618 1058 2681 1109 γε
2713 1044 2824 1104 τοῖς
2857 1040 3133 1110 αἰσθητοῖς
3162 1040 3260 1106 τῆς
3302 1057 3637 1109 προρητειας
3667 1041 3697 1093 6

2107 1133 2264 1196 νοῦς,
2307 1132 2423 1195 πῶς
2466 1132 2531 1185 ἂν
2582 1133 2873 1186 ἐνδοιάσειέ
2915 1131 3291 1195 τιςςΠλοῦτος
3334 1132 3443 1201 γὰρ
3500 1132 3692 1200 ἁγίων,

2106 1226 2202 1294 οὑχ
2232 1227 2260 1277 6
2296 1225 2536 1295 φθαρτὸς
2572 1226 2664 1277 καὶ
2698 1225 2960 1292 ἐπίγειος,
2993 1224 3106 1277 ἀλλ’
3131 1226 3159 1276 ό
3192 1224 3380 1294 νοητὸς
3410 1225 3506 1276 καὶ
3534 1226 3698 1276 ἐπου-

2109 1314 2293 1385 ράνιος
2340 1315 2436 1366 καὶ
2479 1314 2755 1385 διηνεκὴς,
2805 1314 2863 1367 ὃν
2904 1314 3283 1385 συναγείρουσι
3319 1316 3435 1376 ταῖς
3484 1313 3694 1366 ἑαυτῶν

2104 1407 2304 1477 ψυχαῖς
2336 1409 2386 1459 οἰ
2425 1407 2768 1470 διδάσκοντες
2804 1425 2862 1460 τε
2906 1408 3001 1461 καὶ
3047 1406 3168 1461 καθ’
3209 1408 3425 1478 ἐτέρους
3458 1407 3693 1476 τρόπους

2106 1498 2514 1568 εὐδοκιμοῦντες
2537 1501 2593 1552 ἐν
2631 1498 2942 1570 Ἐκκλησία.
2972 1498 3339 1569 Διαρπὰζουσι
3369 1499 3477 1569 γὰρ
3505 1499 3694 1568 ῶσπερ

2105 1589 2203 1660 τὴν
2251 1590 2402 1659 ἰσχὺν
2455 1591 2672 1642 πάντων
2723 1589 2830 1641 τῶν
2866 1588 3027 1654 λαῶν,
3063 1589 3427 1659 προσάγοντες
3470 1586 3557 1639 διὰ
3604 1589 3695 1664 πί-

2109 1697 2277 1744 στεως
2311 1679 2389 1750 τῷ
2421 1680 2642 1752 Χριστῷ
2674 1682 2741 1735 τὰ
2773 1679 3024 1751 ἐξαίρετα
3047 1681 3156 1733 τῶν
3183 1680 3373 1734 ἐθνῶν.
3401 1676 3557 1733 Οὖτω
3583 1680 3695 1750 γὰρ

430 1775 675 1840 polorum
711 1774 762 1827 in
798 1775 1051 1836 circuitu,
1089 1790 1304 1838 anrnnt,
1343 1783 1649 1842 argentum,
1686 1784 1911 1836 veStem,
1949 1782 1998 1825 ut

2109 1770 2210 1841 ἔφη
2253 1771 2344 1823 καὶ
2394 1771 2556 1835 αὑτὸς
2589 1772 2951 1843 διηρπακέναι
2988 1772 3059 1825 τὰ
3107 1769 3275 1842 σκεύη
3314 1770 3405 1823 τοῦ
3447 1770 3690 1842 ἰσχυροῦ.

430 1865 793 1934 intelligamus
826 1868 988 1918 etiam
1029 1867 1352 1920 mundanam
1391 1867 1714 1935 sapientiam
1746 1866 2006 1933 colligen-

431 1966 543 2019 tes,
590 1958 891 2009 claritatetn
943 1958 1176 2010 nominis
1225 1957 1487 2026 adipisci,
1529 1959 1654 2010 dum
1702 1957 2006 2025 per'ipsam

429 2048 681 2116 dogmata
727 2047 944 2116 pietatis
990 2058 1208 2103 tuentur
1238 2064 1301 2101 ac
1338 2048 1662 2113 defettduut,
1698 2047 2007 2102 verisimilia

429 2140 644 2190 sentiet.
682 2139 1065 2203 Spoliaverunt
1099 2139 1242 2193 enim
1278 2140 1405 2193 oliui
1434 2137 1720 2208 [Egyptios
1757 2139 2009 2191 mulieres

428 2229 701 2297 sapientes
742 2229 1094 2295 lsraelitides,
1135 2245 1165 2283 a
1209 2231 1400 2284 vicinis
1440 2239 1497 2283 et
1535 2230 2008 2284 contubernalibus

429 2326 542 2375 suis
573 2337 700 2375 vasa
737 2338 900 2376 aurea
939 2331 993 2376 et
1027 2332 1304 2393 argentea,
1336 2333 1391 2377 et
1424 2335 1627 2378 vestem
1665 2336 1916 2378 mutuatae
1936 2325 2003 2377 9'.

430 2415 616 2481 Itaque
645 2424 702 2466 ut
733 2415 784 2467 in
819 2415 884 2469 iis
911 2431 1030 2483 qua:
1064 2416 1198 2470 foris
1226 2417 1552 2480 sentiuntur,
1585 2425 1639 2470 et
1672 2425 1730 2470 nt
1760 2417 1811 2470 in
1845 2417 2006 2472 rebus

429 2507 532 2561 sub
559 2516 834 2574 aspectum
860 2509 1203 2564 venientibus
1227 2508 1481 2579 Splendor
1506 2511 1766 2563 bonormn
1795 2512 1860 2563 ad
1890 2513 2006 2563 ani-

434 2614 580 2652 mum
609 2600 992 2668 pertinentium
1020 2602 1361 2670 exprimitur.
1391 2600 1667 2654 Pritnaria‘.
1691 2612 1867 2656 autem
1895 2619 2007 2655 ma-

428 2691 719 2759 gistrorum
768 2694 969 2747 divitiae
1020 2701 1148 2747 sunt
1195 2693 1468 2763 discipuli.
1514 2693 1746 2749 Proinde
1794 2696 2006 2751 divinus

429 2782 631 2839 Paulus
667 2800 759 2853 per
794 2787 965 2854 ipsum
1003 2785 1240 2840 salvotos
1275 2796 1330 2840 et
1368 2786 1528 2842 fidem
1566 2788 1897 2857 amplexalos
1935 2789 2005 2843 ita

431 2876 804 2944 alloquebatur
836 2896 848 2931 :
887 2896 905 2929 ι
943 2876 1044 2932 Per
1069 2877 1442 2946 gloriationem
1472 2892 1742 2946 vestram,
1772 2881 2003 2945 fratres,

425 2982 586 3034 quam
618 2969 791 3021 habeo
817 2968 867 3021 in
893 2969 1109 3024 Christo
1132 2968 1259 3023 Jesn
1278 2972 1354 3036 ’7;
1387 2990 1405 3022 ι
1432 2981 1486 3027 et
1510 2987 1725 3028 rursum
1750 2988 2002 3028 coronam

430 3067 486 3112 et
516 3060 768 3128 gaudium
799 3077 954 3114 suutn
983 3075 1078 3116 eos
1106 3063 1347 3116 nominat
1370 3062 1416 3092 ⁸⁸

501 3319 661 3375 Vens.
695 3321 780 3375 15.
807 3319 874 3374 Ει
899 3322 1011 3376 Ιιανσ
1038 3323 1134 3376 erit
1164 3324 1320 3377 ruina
1349 3340 1620 3394 equorum,
1643 3337 1688 3380 et
1717 3327 1999 3393 mulorum,

424 3422 473 3464 et
505 3411 823 3465 camelorum
845 3452 859 3476 ,
890 3423 936 3465 et
970 3415 1275 3478 asinorum,
1305 3426 1353 3469 et
1388 3417 1617 3469 omnium
1641 3418 2001 3485 jumentorum

424 3520 541 3573 qua:
569 3514 688 3558 sunt
720 3506 776 3558 in
805 3505 992 3558 castris
1024 3505 1129 3559 illis
1152 3506 1312 3575 juxta
1342 3510 1549 3560 ruinam
1578 3510 1732 3563 lianc.

493 3678 608 3732 CX.
662 3678 954 3748 Postquam
1006 3683 1198 3737 modos
1240 3682 1349 3751 jam
1396 3685 1645 3742 vindicta:
1694 3688 1996 3758 descripsit,

424 3770 625 3836 quibus
651 3772 767 3822 suis
798 3773 1131 3839 temporibus
1158 3788 1554 3844 oppugnatores
1581 3791 1785 3836 sancta:
1810 3784 1999 3836 civita-

426 3860 518 3921 tis,
546 3871 1045 3926 persecutoresqne,
1072 3871 1125 3915 et
1152 3865 1553 3933 contumeliosi,
1575 3877 1629 3921 et
1654 3874 1993 3936 exsecrandi,

424 3958 480 4000 ct
509 3948 780 4015 scelerati,
812 3960 866 4003 et
904 3950 1182 4019 loquentes
1217 3953 1551 4022 iniquitatem
1584 3970 1770 4012 contra
1805 3961 1993 4027 Deum,

430 4056 449 4088 ι
480 4050 532 4092 et
561 4039 806 4093 tollentes
849 4041 902 4093 in
931 4042 1098 4094 altum
1121 4058 1309 4107 cornu,
1342 4063 1360 4095 ι
1386 4043 1535 4112 juxta
1562 4046 1902 4103 l’salmistam
1926 4053 1991 4115 υ,

421 4134 642 4187 omnino
669 4135 1047 4202 subjicienlttr,
1074 4136 1223 4190 addit
1250 4138 1454 4193 utiliter
1484 4156 1497 4193 :
1532 4159 1550 4192 ι
1586 4140 1849 4207 Quoniam
1883 4144 1996 4201 haec

421 4224 528 4276 erit
558 4226 710 4276 ruina
742 4239 1002 4292 equorum
1022 4267 1037 4291 ,
1064 4236 1118 4281 et
1148 4226 1438 4294 mulorum,
1470 4240 1525 4284 et
1552 4234 1912 4299 camelorum,
1941 4246 1993 4290 et

421 4314 716 4382 asinorum,
740 4330 796 4372 et
820 4321 1059 4374 omnium
1081 4321 1473 4389 jutnenlorum.
1504 4346 1524 4380 ι
1555 4331 1595 4383 Α
1623 4331 1994 4403 snbjngalibus

2112 1863 2175 1916 Εἰ
2218 1863 2273 1915 δὲ
2312 1864 2375 1934 δή
2424 1882 2507 1926 τις
2548 1864 2695 1932 λέγοι
2741 1864 2831 1917 τὸν
2871 1864 3066 1917 Ἰούδαν
3102 1864 3352 1932 συνάγειν
3397 1865 3492 1934 τὴν
3539 1863 3695 1932 ἰσχὺν

2110 1957 2328 2009 πάντων
2371 1956 2480 2009 τῶν
2509 1956 2655 2009 λαῶν
2689 1956 2949 2010 κυκλόθεν
2992 1957 3234 2028 χρυσίον,
3282 1957 3377 2010 καὶ
3404 1956 3689 2027 ἀργύριον,

2109 2049 2204 2100 καὶ
2238 2049 2551 2118 ἱματισμὸν,
2584 2050 2669 2102 ἵνα
2700 2050 2909 2119 νοῶμεν
2938 2051 3018 2103 ὃτι
3051 2052 3142 2102 καὶ
3173 2051 3271 2121 τὴν
3297 2052 3355 2103 ὲν
3385 2052 3571 2121 κόσμῳ
3602 2067 3690 2103 σο-

2110 2141 2237 2206 φίαν
2270 2139 2616 2208 συλλέγοντες
2669 2140 3217 2211 καταλαμπρύνονται
3246 2140 3312 2192 δι’
3350 2140 3547 2210 αὐτῆς,
3580 2144 3690 2202 τοῖς

2108 2231 2205 2301 τῆς
2249 2232 2533 2295 εὐσεϐείας
2571 2232 3034 2302 ὲπαγωνιζόμενοι
3072 2232 3358 2303 δόγμασιν,
3412 2233 3524 2303 ἔχοι
3564 2233 3628 2286 ἂν
3661 2237 3690 2287 6

2108 2323 2231 2384 νοῦς
2273 2322 2363 2375 τὸν
2415 2325 2601 2377 εἰκότα
2631 2323 2807 2391 λόγον.
2850 2323 3212 2377 Ἑσκύλευσαν
3250 2324 3358 2394 γάρ
3392 2341 3519 2376 ποτε
3562 2325 3690 2386 τοῦς

2106 2414 2440 2481 Αἰγυπτίους
2469 2417 2524 2467 αί
2563 2416 2725 2483 σοφαὶ
2759 2419 3015 2484 γυναῖκες
3048 2416 3154 2470 τῶν
3188 2416 3245 2482 ἐξ
3281 2415 3511 2486 Ἰσραὴλ,
3555 2431 3693 2485 χρη·

2110 2505 2340 2574 σάμεναι
2373 2506 2521 2575 παρά
2576 2508 2815 2573 γείτονος
2862 2508 2953 2560 καὶ
2987 2509 3257 2579 συσκήνου
3299 2506 3477 2559 αὐτῶν
3517 2506 3690 2577 σκεύη

2106 2601 2305 2667 χρυσᾶ,
2335 2599 2428 2652 καὶ
2455 2599 2693 2670 ἀργυρᾶ,
2727 2601 2822 2652 καὶ
2854 2602 3165 2671 ἱματισμόν.
3198 2600 3403 2655 Οὐκοῦν
3437 2599 3510 2662 ὡς
3538 2600 3596 2651 ἐν
3624 2616 3689 2668 γε

2106 2690 2216 2750 τοῖς
2273 2688 2551 2759 αἰσθητοῖς
2589 2691 2686 2743 καὶ
2724 2690 2798 2755 ὼς
2843 2693 2900 2744 ὲν
2934 2691 3087 2755 ὑλαις
3120 2695 3236 2754 ταῖς
3280 2692 3616 2762 ὀρωμέναις,
3655 2694 3688 2762 ή

2106 2779 2214 2833 τῶν
2255 2781 2336 2845 είς
2373 2781 2498 2836 νοῦν
2537 2783 2757 2851 ἀγαθῶν
2787 2783 3108 2854 λαμπρότης
3151 2785 3496 2853 σημαίνεται.
3531 2783 3689 2835 Διδα-

2109 2870 2321 2923 σκάλων
2362 2871 2420 2924 δὲ
2466 2872 2698 2942 μάλιστα
2733 2874 2961 2938 πλοῦτος
3003 2877 3050 2926 oi
3098 2874 3355 2945 μαθηταί.
3401 2875 3510 2927 Καὶ
3556 2873 3687 2942 γοῦν

2105 2964 2133 3014 6
2160 2962 2443 3027 θεσπέσιος
2472 2965 2685 3029 Παῦλος
2717 2970 2830 3030 τοῖς
2862 2967 2929 3020 δι’
2967 2967 3131 3019 αὑτοῦ
3166 2968 3557 3037 σεσωσμένοις,
3592 2966 3689 3021 καὶ

2106 3057 2494 3109 πεπιστευκόσι
2528 3058 2866 3128 προσεφώνει
2894 3058 3065 3125 λέγων
3086 3075 3099 3087 ·
3131 3079 3150 3108 ‹
3179 3058 3261 3129 Νὴ
3289 3049 3386 3129 τὴν
3417 3059 3688 3130 ὑμετέραν

2107 3144 2397 3215 καύχησιν,
2430 3146 2671 3216 ἀδελφοὶ,
2703 3149 2769 3218 ἢν
2802 3148 2907 3218 ἔχω
2939 3150 2995 3200 ὲν
3022 3150 3242 3219 Χριστῷ
3277 3150 3471 3220 Ἰησοῦ·
3502 3170 3523 3202 ι
3567 3151 3690 3204 στέ-

2105 3240 2271 3305 φανόν
2291 3255 2351 3290 τε
2382 3240 2473 3293 καὶ
2501 3240 2673 3310 χαρὰν
2700 3241 2897 3303 αὑτοὺς
2924 3240 3057 3293 ἰδίαν
3079 3240 3331 3311 ὀνομάζει
3363 3243 3542 3295 πάλιν.

2173 3328 2283 3381 Καὶ
2321 3329 2472 3396 αὕτη
2502 3329 2674 3383 ἔσται
2703 3330 2741 3396 ἡ
2774 3329 3000 3395 πτῶσις
3036 3329 3155 3382 τῶν
3185 3332 3402 3394 ἵππων,
3438 3332 3533 3385 καὶ
3570 3329 3689 3385 τῶν

2103 3419 2386 3487 ἡμιόνων,
2426 3418 2524 3473 καί
2564 3419 2683 3473 τῶν
2718 3420 3021 3489 καμήλων,
3063 3420 3160 3474 καὶ
3207 3421 3326 3474 τῶν
3368 3422 3540 3487 ὄνων,
3584 3424 3685 3476 καὶ

2101 3510 2341 3564 πάντων
2374 3511 2497 3565 τῶν
2543 3513 2780 3580 κτηνῶν
2821 3512 2940 3567 τῶν
2971 3515 3161 3569 ὄντων
3192 3516 3263 3568 ἐν
3296 3514 3425 3582 ταῖς
3461 3532 3686 3586 παρεμ-

2102 3601 2307 3667 ϐολαῖς
2334 3602 2595 3669 ἐκείναις
2625 3605 2775 3658 κατὰ
2802 3604 2916 3672 τὴν
2944 3604 3177 3658 πτῶσιν
3204 3607 3447 3674 ταύτην.

2169 3690 2272 3746 Pl'.
2329 3693 2680 3764 Ὀρισάμενος
2710 3695 2808 3766 ἤδη
2843 3695 2942 3765 τῆς
2970 3698 3237 3768 τιμωρίας
3268 3700 3391 3762 τοὺς
3426 3698 3678 3770 τρόπους,

2098 3783 2191 3847 οὒς
2231 3785 2407 3853 πάντη
2445 3802 2504 3837 τε
2546 3786 2639 3839 καὶ
2671 3787 2888 3850 πάντως
2922 3787 3250 3857 ὑπομενοῦσι
3284 3790 3421 3843 κατά
3456 3792 3681 3862 καιροὺς

2097 3874 2145 3925 οί
2183 3872 2280 3941 τῆς
2308 3874 2468 3941 ἁγίας
2507 3876 2713 3939 πόλεως
2744 3880 3273 3948 κατεστρατευκότες
3308 3884 3591 3948 γεγονότες
3618 3899 3680 3935 τε

2096 3965 2342 4027 διῶκται,
2369 3967 2462 4019 καὶ
2496 3967 2765 4038 ὑϐρισταὶ,
2798 3969 3062 4041 βδελυροὶ,
3097 3974 3192 4025 καὶ
3224 3974 3673 4043 φιλεγκλήμονες,

2098 4059 2191 4111 καὶ
2231 4057 2516 4122 λαλοῦντες
2564 4060 2777 4114 ἀδικίαν
2825 4063 2965 4115 κατά
3005 4063 3162 4127 Θεοῦ,
3220 4084 3238 4117 ι
3268 4067 3585 4135 ἐπαίροντές
3616 4085 3678 4121 τε

2095 4151 2174 4212 είς
2220 4148 2351 4218 ὕψος
2385 4151 2444 4203 τὸ
2476 4151 2671 4222 κέρας,
2702 4171 2721 4204 ι
2761 4154 2901 4208 κατὰ
2934 4157 3031 4227 τὴν
3072 4158 3165 4212 τοῦ
3210 4159 3517 4224 Ψάλλοντος
3563 4180 3678 4231 φω-
3710 4228 3725 4237 κ

2094 4241 2213 4310 νὴν,
2256 4241 2452 4311 ἐπάγει
2474 4244 2779 4315 χρησίμως,
2817 4265 2836 4297 ι
2868 4248 2988 4301 Ὅτι
3031 4248 3168 4320 αὕτη
3211 4250 3362 4303 ἔσται
3404 4255 3437 4323 ἡ
3469 4254 3674 4318 πτῶσις

2092 4333 2203 4386 τῶν
2235 4333 2437 4398 ἵππων,
2465 4337 2559 4388 καὶ
2587 4336 2696 4389 τῶν
2724 4341 2983 4409 ἡμιόνων,
3010 4343 3102 4393 καὶ
3130 4342 3237 4395 τῶν
3264 4345 3546 4415 καμήλων,
3578 4349 3675 4399 καὶ

420 4418 598 4460 autem
628 4409 993 4464 animantibus
1018 4426 1140 4481 qua:
1168 4414 1231 4468 iis
1251 4419 1518 4471 vehuntur
1538 4421 1821 4491 signiﬁcat.
1848 4426 1985 4479 Δάου

2102 4424 2200 4477 τῶν
2234 4425 2391 4491 ὄνων,
2420 4427 2515 4480 καὶ
2551 4429 2768 4483 πάντων
2793 4432 2899 4484 τῶν
2927 4435 3157 4504 κτηνῶν.
3182 4455 3200 4487 ι
3238 4437 3369 4489 Ἀπὸ
3393 4438 3449 4491 δέ
3479 4454 3541 4505 γε
3565 4439 3674 4492 τῶν

419 4497 694 4553 riebantur
713 4501 856 4554 enim
881 4502 1117 4568 Judazos,
1140 4516 1193 4559 et
1217 4507 1384 4577 ipsam
1413 4510 1835 4583 Hierosolymam
1858 4532 1988 4586 gen-

417 4595 500 4642 tes
543 4591 979 4657 disjnnctissimze
1021 4604 1074 4649 et
1118 4596 1340 4664 vicinae;
1392 4615 1619 4667 quarum
1670 4604 1789 4658 aliae
1835 4607 1990 4675 equis

416 4680 771 4747 vehebantur,
798 4683 1077 4753 Babylonii
1107 4699 1160 4740 et
1189 4685 1334 4757 Syri,
1362 4692 1487 4756 quin
1515 4702 1565 4743 et
1589 4691 1849 4763 IEgyptii,
1876 4700 1991 4751 alite

415 4768 671 4831 camelos,
700 4778 755 4822 et
781 4773 985 4836 asinos,
1014 4784 1067 4826 et
1099 4776 1272 4831 mulos
1305 4780 1628 4843 domabant,
1659 4794 1714 4834 ttt
1744 4784 1991 4843 Moabitae

413 4867 463 4909 et
514 4859 772 4913 nomades
830 4860 887 4914 in
944 4862 1276 4931 solitudine,
1344 4884 1570 4936 quorum
1629 4882 1682 4926 ct
1730 4878 1985 4945 prepheta

411 4947 579 5019 809
609 4949 775 5004 Isaias
808 4953 1136 5008 mentionem
1172 4956 1301 5012 facit
1333 4975 1348 5013 :
1391 4979 1410 5011 ι
1453 4961 1507 5016 In
1547 4963 1897 5022 tribulatione
1930 4978 1986 5023 et

413 5042 656 5112 angustia
683 5041 765 5097 leo
788 5053 842 5098 et
864 5044 1072 5099 catulus
1095 5047 1284 5116 leonis,
1306 5052 1428 5108 inde
1450 5066 1504 5109 et
1527 5057 1738 5125 aspides
1760 5067 1812 5113 et
1834 5060 1983 5129 geni-

412 5140 555 5189 tnina
582 5135 829 5205 aspidum
858 5138 1153 5193 volantium
1176 5182 1193 5208 ,
1220 5145 1309 5211 qui
1344 5146 1586 5203 ferebant
1614 5164 1775 5220 super
1799 5153 1980 5208 asinos

407 5239 464 5281 et
494 5229 727 5284 camelos
760 5230 976 5287 divitias
1005 5248 1133 5290 suas
1157 5236 1193 5290 ‘.
1235 5256 1254 5288 ι
1292 5237 1471 5295 Visum
1506 5252 1560 5295 et
1592 5242 1719 5297 alibi
1754 5243 1829 5297 ait
1857 5259 1887 5297 a
1921 5259 1980 5300 se

409 5334 747 5377 asceiisorem
778 5324 952 5390 asini,
980 5333 1036 5380 et
1062 5342 1402 5386 ascensorem
1428 5334 1619 5388 cameli
1642 5335 1684 5390 ².
1719 5334 1980 5391 Describit

411 5406 571 5475 igitur
611 5414 853 5469 veritatis
895 5415 1141 5472 inimicos
1180 5427 1237 5472 ut
1288 5420 1340 5474 in
1384 5420 1551 5493 figura
1598 5423 1650 5478 in
1694 5427 1975 5496 gentibus,

476 5610 524 5641 ’δ
581 5611 719 5668 Dsal.
753 5632 837 5680 xc,
873 5619 958 5673 15.

802 5633 837 5693 ξ,
871 5621 958 5693 15.
1004 5621 1080 5693 ,⁸-⁸
1110 5622 1236 5677 Luc.
1275 5639 1348 5689 xu,
1375 5624 1465 5685 2|.
1496 5624 1583 5679 22.

409 5682 451 5711 ⁸ο
476 5683 616 5734 t'sal.
648 5690 827 5752 ustv‘,
863 5690 915 5743 6.

999 5692 1011 5721 ¹
1052 5690 1151 5746 lsa.
1194 5710 1317 5762 xxx,
1343 5694 1393 5748 6.
1472 5698 1490 5726 '
1528 5698 1629 5751 lsa.
1661 5715 1769 5767 ut,
1807 5701 1846 5755 ‘i'.

1662 5630 1708 5660 ³³
1760 5630 1927 5706 [ἰδού.
1958 5650 2034 5692 ll',
2063 5634 2122 5687 21
2184 5636 2284 5703 2'2;
2328 5655 2404 5706 xx,
2437 5640 2488 5692 2.

2088 4516 2395 4584 ὑποζυγίων
2416 4521 2542 4582 τοὺς
2566 4521 2748 4584 αὑτοῖς
2797 4524 3194 4595 ὲποχουμένους
3247 4529 3522 4601 ὑποδηλοῖ.
3552 4533 3675 4587 Ἐπ’

2086 4608 2312 4677 εφύοντο
2338 4610 2449 4681 γὰρ
2479 4614 2590 4675 τοῖς
2624 4614 2912 4680 Ἰουδαίοις,
2946 4620 3042 4672 καὶ
3074 4620 3253 4683 αὐτοῖς
3280 4621 3335 4674 δὲ
3367 4626 3480 4687 τοῖς
3514 4624 3674 4697 Ἱεροο

2088 4703 2210 4755 σολύ
2221 4722 2341 4773 μοις
2357 4703 2700 4760 οἱάπωτάτω
2726 4725 2786 4761 τε
2818 4712 2913 4762 καὶ
2940 4710 3007 4763 τὰ
3044 4712 3297 4783 περίοικα
3328 4714 3437 4769 τῶν
3464 4716 3636 4771 ἐθνῶν
3653 4735 3668 4750 ’

2087 4794 2136 4845 οί
2172 4794 2270 4864 μὲν
2309 4794 2496 4857 ἵπποις
2525 4795 2731 4867 ἒποχοι,
2775 4799 3107 4855 Βαϐυλώνιοί
3140 4821 3199 4857 τε
3237 4804 3331 4857 καὶ
3358 4805 3541 4878 Σύροι,
3578 4809 3673 4862 καὶ

2094 4885 2202 4953 μὴν
2236 4886 2328 4937 καὶ
2352 4886 2419 4937 τὰ
2445 4888 2757 4954 Αἰγυπτίων
2798 4891 2954 4963 ἔθνηο
2993 4895 3041 4946 οί
3076 4893 3132 4946 δὲ
3168 4895 3449 4965 καμήλους
3486 4914 3544 4950 τε
3576 4902 3671 4951 καὶ

2089 4972 2260 5037 ὅνους,
2290 4974 2383 5027 καὶ
2414 4976 2559 5046 ὀρεῖς
2594 4977 3016 5046 ὑποζεύξαντες,
3057 4979 3168 5037 οἷον
3209 4986 3527 5051 Μωαϐῖται,
3576 4991 3671 5041 καὶ

2087 5061 2137 5112 οἱ
2166 5062 2265 5132 τῆς
2302 5064 2509 5135 ἐρήμου
2547 5068 2794 5135 μονάδες,
2819 5063 2893 5122 ὧν
2922 5072 3018 5124 καὶ
3056 5074 3084 5125 ὁ
3118 5078 3403 5147 προφήτης
3444 5076 3668 5141 Ἠσαῖας

2085 5152 2472 5225 διαμέμνηται,
2507 5157 2708 5225 λέγων·
2747 5178 2766 5211 ι
2804 5159 2892 5214 Ἐν
2924 5165 2990 5233 τῇ
3026 5162 3201 5234 θλίψει
3259 5167 3353 5221 καὶ
3394 5170 3458 5238 τῇ
3488 5184 3670 5224 atavo-

2084 5246 2260 5317 χωρία
2299 5247 2436 5301 λέων
2485 5252 2579 5303 καὶ
2614 5250 2850 5321 σκύμνος
2882 5252 3114 5318 λέοντος,
3143 5257 3349 5311 ἐκεῖθεν
3387 5258 3482 5311 καὶ
3506 5261 3668 5315 ἀσπί-

2082 5336 2171 5399 δες
2231 5338 2322 5390 καὶ
2356 5338 2554 5408 ἔκγονα
2596 5343 2837 5398 ἀσπίδων
2877 5347 3210 5417 πετομένων,
3255 5348 3305 5401 οἳ
3350 5348 3546 5422 ἔφερον
3577 5353 3667 5406 ἐπ’

2082 5427 2219 5482 δνων
2255 5432 2347 5483 καὶ
2380 5435 2642 5505 καμήλων
2682 5436 2774 5488 τὸν
2807 5437 3034 5493 πλοῦτον
3074 5439 3274 5495 αὑτῶν.
3302 5460 3321 5492 ι
3362 5440 3665 5496 Τεθεᾶσοαι

2570 5641 2613 5673 ’⁷
2674 5642 2824 5697 Rom.
2857 5661 2941 5702 xv.
2980 5646 3061 5699 Π.
3138 5647 3184 5679 ’⁵
3218 5646 3446 5716 l'hilipp.
3484 5665 3559 5716 tr,
3597 5650 3652 5705 1.
