4042 6196
493 328 591 381 2ῧῖ

1483 313 1537 368 S.
1583 312 1853 367 LYRILH
1894 310 2365 369 ALLXARDlllNl
2409 311 2726 366 AliCllllil’.
2778 325 2785 331 ‘

3651 314 3756 368 263

494 439 699 495 minatu
735 436 997 492 liberatus
1018 432 1065 488 τῷ
1092 434 1220 500 Quae
1253 449 1339 488 res
1373 442 1528 502 typus
1559 433 1779 501 quidam
1809 443 1927 487 erat
1959 448 2058 504 myt

2173 433 2271 486 πον
2316 433 2515 502 ὡραῖον
2574 433 2754 497 ξύλου,
2803 434 2891 487 καὶ
2944 432 3170 494 κλάδους
3205 431 3364 498 ξύλου
3402 430 3615 497 δασεῖς,
3664 436 3758 488 καὶ

422 583 427 587 ,
494 530 644 585 stct‘ii
678 529 731 583 in
765 526 1010 583 Christo.
1045 524 1223 593 Erepti
1262 521 1407 577 cnim
1444 537 1631 576 sumus
1660 537 1760 577 nos
1790 537 2005 592 quoque
2039 540 2070 579 ε

419 596 427 631 ³
491 622 685 678 diaboli
731 620 1015 681 servitute,
1049 626 1107 671 et
1145 615 1341 681 vocati,
1385 624 1443 668 ut
1486 614 1619 680 dixi,
1664 614 1715 668 in
1758 613 2066 669 libertatem

491 730 585 782 per
617 712 893 769 Christum
912 709 957 777 ⁸,
997 717 1054 764 et
1107 706 1233 761 facti
1274 706 1375 762 sub
1431 706 1807 761 universorum
1852 721 1977 777 rege
2014 716 2070 761 et

479 801 625 871 vita,
672 811 913 858 veterum
966 798 1305 855 dominorum
1351 796 1692 853 immanitate
1738 805 2065 867 contempta.

489 893 841 950 Cclebramus
877 900 1057 946 autem
1094 903 1283 945 verum
1319 888 1666 959 Scenopegite
1700 890 1928 954 festum,
1966 890 2069 946 hoc

488 996 572 1041 εςι
621 985 763 1040 diem
802 981 1216 1039 resurrectionis
1257 979 1491 1046 Christi,
1544 980 1761 1050 quando
1794 980 1976 1037 omnia
2014 980 2068 1036 in

488 1077 606 1143 ipso
640 1084 867 1143 corpora
905 1070 1058 1142 quasi
1097 1070 1200 1125 ﬁxa
1237 1079 1292 1125 et
1324 1080 1605 1139 compacta
1641 1078 1795 1134 sunt,
1824 1070 2069 1139 quamvis

488 1165 837 1234 corruptione
888 1161 1150 1219 dissoluta
1203 1170 1255 1217 et
1308 1175 1336 1214 a
1396 1170 1569 1216 morte
1619 1170 1905 1231 occupata.
1948 1160 2070 1230 Ipse

487 1257 631 1312 enim
671 1266 753 1312 est
794 1254 1158 1318 resurrectio,
1199 1255 1315 1321 ipse
1352 1252 1464 1307 vita
1506 1254 1550 1320 ’,
1617 1252 1766 1308 velut
1819 1252 2071 1322 primitiae

490 1363 554 1405 ex
581 1349 828 1414 mortuis,
855 1368 875 1400 ‹
900 1356 951 1403 et
973 1348 1225 1418 primitiae
1262 1346 1647 1403 dormientium
1670 1346 1738 1413 ³ο,
1785 1364 1805 1397 ι
1844 1345 1936 1415 qui
1973 1359 2070 1400 nos

493 1442 778 1499 fertilitate
811 1455 933 1510 quae
971 1438 1321 1509 intelligentia
1362 1436 1731 1507 cognoscitur,
1770 1435 1978 1505 replet,
2014 1442 2069 1490 et

490 1533 647 1604 quasi
683 1548 749 1589 ex
790 1532 935 1603 agris
971 1529 1224 1585 collectos
1260 1528 1473 1583 labores
1510 1528 1563 1581 in
1601 1539 1836 1596 superna
1873 1525 2069 1581 horrea

492 1623 835 1681 accumulare
867 1620 1021 1677 facit.
1051 1618 1173 1689 ipse
1206 1617 1363 1674 nobis
1402 1618 1455 1671 in
1492 1616 1746 1686 paradiso
1778 1615 1976 1670 victum
2012 1623 2068 1671 et

491 1716 715 1771 delicias
743 1712 923 1777 dabit,
954 1709 1267 1780 spirituales
1302 1709 1588 1773 nimirum,
1618 1706 1918 1762 victoribus
1945 1720 2065 1777 pec-

490 1807 595 1862 cati
616 1845 631 1872 ,
665 1803 961 1861 secundum
999 1799 1333 1857 intellectum
1363 1801 1501 1856 bene
1529 1798 1832 1865 olentibus,
1864 1798 2068 1868 specio-

488 1908 716 1965 snmque
750 1901 806 1947 et
843 1890 1129 1947 amabilem
1172 1889 1493 1960 evangelicae
1533 1888 1657 1944 vitae
1699 1888 1932 1943 fructum
1975 1887 2065 1942 ha-

487 1985 771 2050 bentibus,
801 1992 951 2040 caste
973 1990 1029 2037 et
1052 1988 1239 2037 sancte
1264 1980 1618 2037 conversatis.
1647 1977 1872 2049 Signum
1900 1978 2061 2049 hujus

487 2092 610 2132 esse
648 2076 854 2145 possit,
888 2072 1031 2145 quod
1067 2070 1306 2143 spatulss
1343 2070 1643 2141 palmarum
1681 2078 1735 2125 et
1772 2069 2061 2138 pulchrum

488 2167 618 2238 ligni
661 2165 893 2221 fruetum
936 2162 1099 2218 simul
1147 2176 1268 2217 cum
1311 2161 1431 2216 aliis
1474 2160 1726 2230 colligata
1769 2160 2060 2215 habebant.

488 2258 608 2329 Ipse
635 2264 719 2311 est
748 2264 959 2311 torrens
984 2252 1322 2318 deliciarum,
1349 2266 1457 2322 quo
1486 2251 1689 2320 potavit
1716 2266 1816 2307 nos
1845 2251 1985 2307 Deus
2011 2259 2066 2306 et

487 2352 648 2406 Pater
669 2349 735 2403 “.
768 2347 884 2417 Ipso
915 2354 997 2401 est
1027 2344 1145 2399 fons
1174 2340 1327 2408 vitae,
1357 2351 1411 2398 et
1439 2340 1636 2398 ﬂuvius
1664 2342 1846 2412 pacis,
1875 2341 1965 2411 qui
1995 2341 2063 2397 ad

487 2458 586 2497 nos
606 2455 672 2497 ex
696 2437 945 2510 gentibus
967 2444 1189 2492 vocatos
1210 2432 1579 2502 declinavit“,
1597 2434 1663 2490 de
1685 2449 1791 2505 quo
1814 2434 1941 2490 alibi
1968 2448 2065 2488 ex-

484 2533 740 2604 quisitius
770 2528 1148 2585 disseruimus.
1178 2526 1319 2596 Ergo
1352 2525 1707 2581 ascendentes
1736 2527 1805 2581 ad
1833 2526 2063 2580 adoran-

458 2660 463 2665 ς
483 2626 609 2678 dum
623 2621 792 2678 Deum
802 2616 1361 2689 omnipotentem,81
1373 2613 1850 2686 letperagendum
1865 2614 2061 2670 festum

484 2712 854 2783 Scenopegiae,
877 2719 1004 2768 sunt
1028 2710 1121 2781 qui
1153 2723 1249 2780 per
1271 2708 1431 2763 ﬁdem
1456 2706 1511 2762 in
1536 2706 1756 2763 Christo
1777 2706 2061 2776 iustiﬁcati

456 2842 460 2847 -
482 2816 630 2861 sunt.
648 2803 885 2859 Minatur
901 2816 1062 2873 porro
1077 2815 1184 2857 non
1204 2792 1621 2856 ascendentibus
1638 2799 1930 2869 perniciem
1947 2812 2058 2869 pte-

482 2910 692 2967 nasque
713 2909 870 2966 pares
893 2894 960 2949 iis
978 2908 1113 2964 quas
1134 2891 1309 2949 daturi
1333 2891 1442 2947 sint
1458 2898 1832 2960 persecutores
1853 2900 1908 2945 et
1931 2904 2062 2945 con-

2173 524 2346 589 ἰτέας,
2394 526 2487 578 καὶ
2518 526 2682 593 ἄγνου
2732 524 2988 588 κλάδους,
3026 524 3201 577 πίνειν
3242 541 3299 576 τε
3340 522 3485 595 ὕδωρ
3524 525 3588 576 ἐκ
3639 540 3751 593 χει-

2172 616 2407 687 μάρρου,
2442 619 2535 670 καὶ
2565 616 2652 670 ἐπ’
2691 618 2875 678 αὐτοῖς
2920 614 3433 685 κατευφραίνεσθαι.
3475 614 3586 668 Καὶ
3619 615 3756 685 πρό-

2169 722 2331 774 φασιν
2363 706 2460 775 μὲν
2484 708 2513 758 6
2539 705 2700 776 νόμος
2719 704 2952 758 ἐποιεῖτο
2978 704 3078 774 τῆς
3110 703 3324 775 ἑορτῆς,
3353 703 3412 755 τὸ
3440 704 3499 755 ἐν
3525 706 3757 772 σκηναῖς

2170 797 2493 868 κατοικῆσαι
2533 796 2623 849 τὸν
2661 796 2905 867 Ἰσραὴλ,
2954 796 3052 866 τῆς
3085 793 3401 862 Αἰγυπτίων
3439 792 3754 857 πλεονεξίας

2168 888 2523 959 ἐξῃρημένον.
2549 882 2657 942 Ἦν
2698 889 2754 941 δὲ
2788 889 2897 959 ἄρα
2924 887 2983 942 τὸ
3016 890 3207 967 χρῆμα
3241 887 3541 957 μυστηρίου
3582 886 3757 950 τύπος

2167 978 2263 1032 τοῦ
2290 979 2431 1034 κατὰ
2458 979 2715 1048 Χριστόν.
2781 978 3129 1051 Ἐξῃρήμεθα
3152 979 3259 1050 γὰρ
3286 979 3382 1032 καὶ
3408 980 3568 1049 ἡμεῖς
3598 977 3759 1032 αὐτοὶ

2168 1072 2268 1140 τῆς
2293 1069 2389 1124 τοῦ
2413 1070 2661 1124 διαϐόλου
2688 1070 3021 1137 πλεονεξίας,
3047 1071 3214 1141 κεκλή
3223 1069 3365 1139 μεθά
3389 1086 3469 1134 τε,
3492 1070 3568 1133 ὡς
3594 1069 3754 1140 ἔφην,

2169 1162 2250 1225 εἰς
2288 1161 2604 1233 ἐλευθερίαν
2641 1162 2730 1216 διὰ
2752 1163 3009 1234 Χριστοῦ,
3041 1164 3132 1217 καὶ
3160 1163 3252 1216 ὑπ’
3275 1161 3424 1233 αὐτῷ
3449 1161 3756 1231 γεγόναμεν

2168 1251 2248 1322 τῷ
2277 1252 2385 1306 τῶν
2414 1252 2551 1305 ὅλων
2586 1251 2795 1323 βασιλεί
2848 1253 2943 1306 καὶ
2972 1253 3106 1323 ζωῇ,
3143 1252 3242 1323 τῆς
3275 1252 3385 1305 τῶν
3420 1245 3591 1305 πάλαι
3619 1268 3757 1321 κρα-

2167 1343 2406 1398 τούντων
2460 1344 2783 1415 σκαιότητος
2832 1344 3216 1415 ἀλογήσαντες.
3276 1341 3639 1413 Ἐορτάζομεν
3694 1342 3754 1395 δὲ

2169 1434 2265 1506 τὴν
2296 1436 2470 1508 ἀληθῆ
2512 1436 2609 1506 τῆς
2653 1436 3037 1507 Σκηνοπηγίας
3073 1435 3286 1507 ἑορτήν,
3327 1435 3612 1500 τουτέστι,
3656 1434 3757 1499 τὴν

2169 1528 2381 1598 ἡμέραν
2420 1527 2521 1597 τῆς
2564 1529 2917 1592 ἀναστάσεως
2954 1528 3048 1581 τοῦ
3087 1526 3347 1599 Χριστοῦ,
3378 1526 3465 1580 ὅτε
3502 1525 3572 1579 τὰ
3619 1526 3757 1580 πάν-

2167 1635 2275 1672 των
2315 1621 2372 1672 ἐν
2406 1617 2557 1689 αὐτῷ
2607 1620 2889 1690 μονονουχὶ
2946 1619 3230 1689 πέπηκται
3272 1618 3532 1688 σώματα,
3574 1618 3752 1671 καίτοι

2169 1708 2434 1779 λελυμένα
2469 1712 2534 1781 τῇ
2575 1709 2770 1781 φθορᾷ,
2810 1710 2904 1762 καὶ
2943 1707 3157 1777 θανάτῳ
3196 1706 3600 1779 κεκρατημένα.
3641 1707 3753 1761 Αὑ-

2167 1800 2257 1865 τὸς
2285 1800 2392 1870 γάρ
2425 1800 2571 1853 ἐστιν
2596 1802 2628 1872 ή
2662 1801 2977 1865 ἀνάστασις,
3005 1800 3165 1862 αὐτὸς
3197 1802 3230 1867 ή
3260 1796 3395 1868 ζωὴ,
3425 1797 3753 1868 πρωτόλειον

2168 1895 2354 1966 ὥσπερ
2378 1898 2442 1949 ἐκ
2465 1894 2694 1965 νεκρῶν,
2723 1914 2742 1947 ι
2766 1896 2860 1949 καὶ
2882 1894 3105 1967 ἀπαρχὴ
3130 1894 3237 1947 τῶν
3266 1892 3677 1963 κεκοιμημένων
3695 1908 3706 1921 ³
3728 1910 3748 1944 υ

2166 1989 2195 2040 6
2240 1986 2436 2056 νοητῆς
2484 1987 2635 2057 ἡμᾶς
2686 1985 2992 2057 εὐκαρπίας
3050 1982 3468 2054 κατεμπιπλῶν,
3515 1981 3606 2036 καὶ
3640 1975 3752 2035 οἷον

2166 2078 2292 2142 τοὺς
2323 2076 2383 2142 ἐξ
2410 2076 2594 2147 ἀγρῶν
2634 2076 2993 2145 συλλεγέντας
3031 2076 3227 2140 πόνους
3256 2073 3579 2146 ἐνσωρεύειν
3613 2075 3749 2128 ἁπο-

2167 2169 2361 2240 θήκαις
2398 2172 2521 2231 ταῖς
2564 2168 2676 2222 ἀνω
2715 2168 3169 2240 παρασκευάζων.
3211 2168 3383 2231 Αὐτὸς
3430 2169 3561 2237 ἡμῖν
3609 2166 3747 2219 άποο

2165 2257 2326 2312 δώσει
2358 2258 2456 2330 τὴν
2495 2260 2552 2313 ἐν
2586 2259 2897 2331 παραδείσῳ
2937 2260 3147 2314 δίαιταν
3200 2260 3293 2314 καὶ
3332 2259 3565 2337 τρυφήν,
3596 2257 3752 2328 δῆλον

2163 2346 2221 2400 δὲ
2260 2347 2340 2399 ὅτι
2381 2348 2780 2419 πνευματικήν,
2820 2349 3129 2420 νενικηκόσι
3183 2348 3280 2420 τὴν
3314 2346 3615 2421 ἁμαρτίαν,
3655 2347 3738 2400 εὐ-

2164 2436 2452 2503 ωδιάζουσι
2517 2439 2756 2510 νοητῶς,
2799 2439 3000 2513 ὡραῖον
3040 2441 3133 2494 καὶ
3166 2440 3485 2509 ἀξιέραστον
3517 2439 3609 2492 τὸν
3652 2439 3752 2510 τῆς

2164 2528 2525 2600 εὐαγγελικῆς
2586 2533 2861 2596 πολιτείας
2912 2535 3095 2604 ἔχουσι
3144 2534 3395 2602 καρπὸν,
3446 2533 3623 2600 ἀγνῶς
3656 2531 3752 2586 καὶ

2163 2620 2325 2685 ὁσίως
2376 2623 2881 2693 πεπολιτευμένοις.
2930 2626 3162 2695 Σημεῖον
3199 2624 3245 2677 δ’
3287 2625 3353 2678 ἂν
3405 2625 3614 2694 γένοιτο
3658 2625 3752 2677 καὶ

2163 2711 2318 2766 τοῦδε
2365 2711 2569 2776 λοιπὸν,
2619 2713 2681 2767 τὸ
2728 2715 3037 2786 κάλλυντρα
3105 2716 3363 2785 φοινίκων
3412 2716 3505 2769 καὶ
3552 2714 3753 2786 ὡραῖον

2165 2799 2323 2869 ξύλου
2368 2803 2578 2874 καρπὸν
2625 2806 2757 2875 ὁμοῦ
2799 2808 2910 2871 τοῖς
2956 2806 3133 2870 ἄλλοις
3176 2808 3542 2878 συνδήσαντας
3582 2806 3750 2876 ἔχειν.

2162 2896 2334 2959 Αὐτός
2361 2898 2509 2950 ἐστιν
2548 2900 2575 2951 6
2607 2898 2943 2971 χειμάρρους
2982 2901 3080 2970 τῆς
3122 2900 3334 2973 τρυφῆς
3363 2900 3422 2953 ὂν
3456 2902 3751 2953 πεπότικεν

484 2986 780 3044 tumeliosi.
809 2986 1008 3041 Eodem
1044 2985 1240 3054 quippe
1269 2982 1388 3038 loco
1417 2982 1681 3036 ducentur
1706 2995 1812 3050 quo
1843 2983 2057 3047 hostes,

2163 2987 2311 3060 ἡμᾶς
2336 2990 2363 3041 ό
2395 2988 2525 3053 Θεὸς
2562 2992 2655 3043 καὶ
2687 2991 2895 3064 Πατήρ.
2940 2992 3111 3055 Αὐτὸς
3146 2994 3179 3063 ἡ
3226 2990 3378 3064 πηγὴ
3426 2994 3524 3063 τῆς
3567 2991 3750 3060 ζωῆςν

480 3080 572 3149 qni
611 3078 837 3148 diligere
876 3076 1169 3132 noluerint.
1202 3073 1269 3129 Et
1303 3073 1427 3139 hoc,
1460 3072 1672 3140 Opinor,
1704 3082 1788 3127 est
1825 3073 1969 3140 quod
2008 3080 2058 3126 et

2167 3078 2262 3130 καὶ
2293 3079 2321 3130 6
2354 3078 2450 3149 τῆς
2479 3080 2699 3149 εἰρήνης
2743 3080 3015 3151 ποταμὸς,
3054 3081 3082 3132 6
3123 3078 3460 3142 ἐκκεκλικὼς
3491 3080 3570 3142 εἰς
3605 3080 3750 3148 ἡμᾶς

482 3172 600 3240 ipse
631 3169 880 3224 Christus
915 3166 1051 3222 dixit
1085 3180 1098 3218 :
1141 3182 1159 3215 ι
1200 3163 1301 3232 Qui
1337 3178 1443 3218 non
1479 3170 1562 3217 est
1595 3177 1837 3230 mecum,
1874 3171 2060 3218 contra

480 3279 568 3318 me
595 3271 712 3327 est,
739 3270 795 3315 et
823 3260 915 3331 qui
948 3274 1054 3313 non
1083 3257 1287 3328 colligit
1314 3270 1522 3312 mecum
1542 3295 1557 3321 ,
1584 3255 1930 3325 dispergit“.
1966 3274 1984 3308 ι

2168 3169 2293 3232 τοὺς
2317 3170 2374 3237 ἐξ
2404 3170 2575 3225 ἐθνῶν
2616 3172 3007 3243 κεκλημένους.
3037 3173 3265 3244 Εἴρηται
3291 3172 3346 3226 δὲ
3377 3173 3504 3244 περί
3547 3171 3752 3225 τούτων
3838 3246 3850 3256 ⁹

2169 3259 2302 3330 ἡμῖν
2355 3263 2551 3331 ἰσχνῶς
2604 3266 2660 3315 ἐν
2724 3264 2950 3334 ἑτέροις.
3002 3264 3208 3317 Οὐκοῦν
3261 3264 3310 3316 οἱ
3367 3261 3750 3324 ἀναϐαίνοντες

480 3357 861 3427 προσκυνῆσαι
890 3352 969 3425 τῷ
994 3351 1113 3423 Θεῷ
1183 3350 1607 3424 παντοκράτορι,
1636 3350 1730 3407 καὶ
1760 3351 1975 3407 τελέσαι
2038 3353 2137 3425 τὴν
2174 3356 2366 3427 ἑορτὴν
2410 3358 2507 3430 τῆς
2555 3358 2969 3430 Σκηνοπηγίας,
3014 3360 3064 3413 οἱ
3111 3360 3198 3414 διὰ
3236 3358 3469 3421 πίστεώς
3517 3360 3653 3411 εἰσιν
3693 3360 3751 3411 ἐν

477 3447 699 3522 Χριστῷ
741 3444 1169 3516 δεδικαιωμένοι.
1206 3441 1447 3497 Ἀπειλεῖ
1485 3443 1544 3498 δέ
1578 3444 1691 3507 τοῖς
1732 3442 1807 3514 μὴ
1848 3442 2234 3499 ἀναϐαίνουσιν
2287 3448 2528 3521 ὀλεθρον,
2600 3452 2788 3514 ποινάς
2831 3469 2889 3504 τε
2955 3452 3054 3515 τὰς
3101 3450 3222 3515 ἴσας
3302 3447 3391 3515 αἷς
3458 3451 3749 3503 ὑποσταῖεν

475 3544 526 3594 oi
558 3538 784 3595 διῶκταί
816 3554 876 3591 τε
909 3538 1005 3591 καὶ
1032 3534 1304 3607 ὑϐρισταί.
1344 3535 1435 3587 Ἐν
1504 3534 1592 3605 [an
1648 3534 1756 3603 γὰρ
1829 3533 1992 3606 μοίρᾳ
2037 3534 2308 3590 κείσονται
2352 3543 2463 3603 τοῖς
2530 3541 2741 3611 ἐχθροῖς
2792 3541 2839 3594 oi
2893 3540 2967 3612 μή
3015 3541 3234 3612 ἀγαπᾷν
3311 3539 3594 3611 ᾑρημένοι.
3636 3527 3748 3590 Καὶ

475 3637 656 3701 τοῦτο,
700 3631 878 3705 οἶμαι,
919 3632 1088 3697 εστιν,
1115 3630 1144 3684 ὃ
1183 3632 1276 3685 καὶ
1315 3628 1475 3692 αὐτὸς
1509 3627 1611 3699 ἔφη
1667 3628 1935 3699 Χριστός·
1972 3647 1991 3681 ι
2032 3629 2088 3684 '0
2128 3630 2203 3703 μή
2230 3632 2305 3685 ὢν
2341 3634 2457 3704 μετ’
2520 3636 2675 3705 ἐμοῦ,
2708 3636 2828 3689 κατ’
2856 3636 2987 3707 ἐμοῦ
3024 3639 3158 3701 ἐστι,
3190 3637 3280 3690 καὶ
3313 3638 3340 3689 6
3380 3636 3454 3707 μή
3498 3636 3746 3703 συνάγων

476 3725 599 3796 μετ’
624 3723 784 3796 ἐμοῦ,
821 3721 1127 3792 σκορπίζει.
1158 3741 1176 3772 ι

550 3816 714 3871 Vens.
758 3815 845 3870 18.
887 3812 946 3868 Si
979 3825 1149 3868 autem
1178 3812 1346 3866 tribus
1371 3810 1590 3881 Egypti
1612 3828 1715 3865 non
1735 3812 2051 3879 ascenderit,

479 3924 643 3979 neque
692 3908 885 3962 venerit
931 3904 1077 3972 illuc,
1136 3911 1185 3958 et
1235 3918 1391 3971 super
1442 3903 1536 3956 hos
1570 3903 1670 3956 erit
1716 3903 1889 3969 ruina,
1948 3921 2052 3974 qua

477 4002 728 4072 percutiet
783 4000 1039 4053 Dominus
1093 4012 1268 4051 omnes
1317 4003 1533 4066 gentes,
1573 4010 1895 4063 quwcunque
1948 4013 2049 4049 nan

477 4093 831 4157 attenderint,
870 4103 923 4145 ut
975 4090 1231 4145 celebrent
1277 4086 1658 4142 solemnitatem
1692 4086 2046 4156 Scenopegiw.

547 4182 707 4239 CXll.
762 4184 840 4239 Ex
886 4197 991 4237 una
1042 4191 1231 4251 gente,
1281 4178 1658 4252 Egyptiorum
1704 4179 1953 4249 inquam,
1998 4180 2048 4232 in

2243 3809 2377 3863 Ἐὰν
2402 3808 2471 3863 δὲ
2498 3809 2664 3879 φυλὴ
2694 3813 2994 3881 Αἰγύπτου
3013 3812 3100 3882 μὴ
3145 3812 3358 3881 ἀναϐῇ,
3400 3815 3560 3884 μηδὲ
3594 3816 3742 3889 ἑλοῃ

2158 3899 2308 3967 ἐκεῖ,
2345 3900 2441 3954 καὶ
2491 3901 2589 3953 ἐπὶ
2641 3902 2874 3967 τούτοις
2915 3903 3086 3957 ἔσται
3126 3906 3164 3972 ἡ
3209 3904 3456 3972 πτῶσις,
3506 3906 3588 3975 ἣν
3625 3925 3738 3961 πα·-

2157 3990 2321 4055 τὰξει
2360 3991 2574 4058 Κύριος
2612 3990 2809 4046 πάντα
2837 3994 2908 4047 τὰ
2936 3993 3101 4061 ἔθνη,
3141 3993 3258 4048 ὅσα
3297 3996 3373 4050 ἂν
3406 3997 3491 4066 μὴ
3522 3998 3737 4068 ἀναϐῇ,

2156 4081 2263 4135 τοῦ
2298 4082 2575 4151 ἑορτάσαι
2618 4084 2987 4153 τὴνοέορτὴν
3026 4084 3137 4156 τῆς
3172 4074 3613 4158 Σκηνοπηγίας.

2228 4174 2373 4225 PIB'.
2421 4173 2509 4237 Ὧς
2542 4174 2601 4239 ἐξ
2629 4176 2746 4239 ἐνὸς
2786 4176 3001 4242 ἔθνους,
3046 4180 3153 4232 τῶν
3189 4181 3504 4249 Αἰγυπτίων
3558 4184 3737 4255 φημὶ,

474 4289 690 4329 summo
738 4288 927 4329 errore
974 4281 1292 4339 versantes,
1352 4280 1408 4327 et
1462 4270 1863 4341 improbissime
1909 4270 2050 4325 idola

2161 4266 2279 4329 τοὺς
2311 4266 2391 4329 εἰς
2421 4264 2587 4335 ἀκρον
2614 4266 2849 4336 ἥκοντας
2877 4266 3105 4339 πλάνης,
3132 4268 3378 4333 ἐκτόπως
3408 4286 3468 4323 τε
3497 4272 3635 4340 ἄγαν
3663 4275 3739 4325 εἰ-

470 4365 714 4421 colentes
774 4365 1000 4429 indicat,
1054 4364 1252 4433 quibus
1300 4377 1485 4434 grave,
1530 4371 1582 4417 et
1630 4361 1960 4426 inevitabile.
1996 4370 2049 4415 et

472 4454 692 4510 exitiale
735 4453 1056 4523 supplicium
1105 4456 1401 4523 continget,
1442 4466 1507 4507 ex
1553 4467 1620 4506 eo
1661 4452 1803 4521 quod
1855 4450 2046 4505 salutis

472 4561 567 4614 per
596 4540 874 4600 Christum
906 4543 1290 4614 acceptabilem
1321 4545 1551 4613 gratiam
1587 4544 1859 4612 aspernati
1897 4552 2043 4601 sunt.

471 4639 705 4692 Tantum
740 4638 887 4692 enim
929 4652 1034 4691 non
1069 4636 1450 4691 interfectores
1483 4650 1705 4690 suarum
1738 4636 2045 4689 animarum

469 4727 798 4797 deprehendi
840 4730 1069 4796 possint,
1111 4727 1376 4796 siquidem
1408 4739 1593 4780 verum
1627 4735 1711 4781 est
1750 4726 1890 4795 quod
1922 4740 2044 4781 cum

467 4819 548 4872 cis
584 4815 779 4873 liceret
808 4816 1217 4886 apprehendere
1252 4816 1414 4870 vitam
1455 4823 1737 4882 aeternam,
1763 4826 1816 4871 et
1850 4832 2045 4885 propo-

467 4908 576 4961 sita
610 4914 761 4962 esset
783 4906 1194 4975 apprehendere
1212 4904 1517 4961 volentibus
1542 4920 1771 4976 superna
1804 4907 2048 4976 benigni-

470 5010 575 5065 tas,
626 5003 683 5054 et
751 5009 1054 5053 exonerare
1118 5012 1178 5054 se
1237 4996 1494 5067 peccatis,
1546 4999 1660 5052 suis
1712 4997 2050 5053 indulserunt

468 5090 765 5157 erroribus,
810 5104 911 5145 nec
942 5088 1210 5146 maculam
1239 5089 1366 5146 inde
1394 5098 1749 5155 contractam,
1783 5105 1883 5146 nec
1915 5106 2044 5162 pec-

467 5183 576 5239 cati
613 5177 1080 5251 inQuinamcntutn
1112 5182 1400 5237 eluerunt:
1433 5187 1529 5240 sed
1558 5183 1612 5237 in
1646 5198 1831 5238 errore
1863 5198 2044 5254 perse-

470 5283 753 5340 verarunt,
814 5274 1066 5343 quamvis
1110 5275 1353 5329 divinum
1406 5275 1586 5331 lumen
1640 5277 1821 5329 omnia
1878 5275 2044 5329 collu.

468 5376 690 5433 strui-et,
735 5375 789 5422 et
824 5366 876 5420 in
920 5365 1151 5436 caligine
1194 5376 1357 5435 atque
1403 5367 1642 5422 tenebris
1682 5367 1938 5437 degentes
1974 5365 2039 5421 ad

467 5456 831 5522 aspiciendum
860 5459 1194 5515 hortaretur.
1240 5458 1314 5514 De
1342 5459 1571 5529 singulis
1602 5459 1792 5516 horum
1828 5474 2042 5529 quoque

2154 4356 2506 4426 δωλολατρείν
2537 4357 2858 4431 ἑλομένους,
2898 4361 3217 4431 καταδηλοῖ,
3275 4357 3357 4425 οἷς
3391 4362 3543 4417 ἔσται
3589 4364 3736 4436 δεινὴ

2155 4451 2249 4503 καὶ
2291 4450 2619 4520 ἀδιάφυκτος
2660 4451 2781 4522 δίκη
2805 4494 2819 4517 ,
2869 4453 2963 4505 καὶ
3003 4453 3223 4525 ὀλέθρου
3254 4455 3512 4527 πρόξενος
3550 4458 3612 4511 τὸ
3663 4459 3734 4530 μὴ

2155 4541 2370 4595 ἑλέσθαι
2414 4544 2580 4613 τιμᾷν
2625 4544 2723 4614 τῆς
2769 4544 2856 4597 διά
2904 4543 2998 4597 τοῦ
3043 4545 3277 4616 Χριστοῦ
3326 4549 3599 4620 σωτηρίας
3637 4550 3735 4617 τὴν

2154 4631 2478 4701 ἀξιόληπτον
2530 4634 2710 4703 χάριν.
2765 4633 2944 4687 Μόνον
2999 4635 3106 4707 γὰρ
3154 4636 3273 4705 οὐχὶ
3325 4640 3582 4706 φονευταί
3628 4639 3736 4692 τῶν

2159 4722 2302 4776 ἰδίων
2332 4724 2614 4791 γεγονότες
2632 4724 2818 4795 ψυχῶν
2840 4725 3015 4780 ἁλοῖεν
3043 4727 3131 4794 ἂν,
3159 4730 3278 4782 εἷπε
3287 4747 3319 4801 ρ
3342 4730 3491 4783 ἐστὶν
3515 4732 3733 4803 ἀληθὲς,

2153 4814 2227 4877 ὡς
2253 4815 2610 4889 μετὸναύτοῖς
2634 4816 3027 4890 ἐπιδράξασθαι
3057 4820 3155 4892 τῆς
3188 4821 3405 4873 αἰωνίου
3438 4821 3609 4893 ζωῆς,
3641 4827 3737 4879 καὶ

2149 4906 2542 4976 προκειμένους
2599 4909 2682 4972 εἰς
2733 4909 2952 4980 μέθεξιν
2997 4912 3109 4975 τοῖς
3161 4911 3301 4965 ἑλεῖν
3343 4914 3587 4968 ἐθέλουσι
3634 4917 3735 4985 τῆς

2147 4994 2351 5049 ἄνωθεν
2380 4996 2737 5068 ἡμερότητος,
2761 5000 2856 5052 καὶ
2886 5000 2991 5072 μὴν
3021 5002 3112 5054 καὶ
3135 5001 3601 5073 ἀποφορτίσασθαι
3633 5007 3735 5070 τὰς

2148 5088 2451 5160 ἁμαρτίας,
2511 5094 2631 5154 ταῖς
2689 5092 2896 5145 ἑαυτῶν
2931 5094 3264 5150 ἑντεθείκασι
3321 5095 3586 5162 πλάναις,
3637 5098 3734 5152 καὶ

2146 5182 2513 5236 ἀναπόνιπτον
2533 5182 2798 5254 ἐσχήκασι
2828 5184 2926 5254 τήν
2945 5186 3007 5238 ἐκ
3027 5186 3121 5239 τοῦ
3152 5187 3456 5242 πλανᾶσθαι
3485 5187 3731 5261 κ[η]λίδα

2148 5278 2240 5329 καί
2266 5276 2367 5345 τῆς
2393 5275 2770 5347 πλημμελείας
2793 5276 2883 5330 τὸν
2917 5277 3210 5348 μολυσμδν,
3238 5279 3642 5334 διατετελέκασί
3669 5298 3729 5334 τε

2148 5367 2243 5421 καὶ
2283 5367 2339 5419 ἐν
2382 5367 2588 5439 πλάνῃο
2640 5367 2815 5421 καίτοι
2861 5368 2953 5421 τοῦ
3008 5367 3152 5421 θείου
3205 5369 3383 5438 φωτὸς
3423 5370 3493 5424 τά
3548 5371 3729 5426 πάντα

2149 5459 2697 5530 περιαστράπτοντος,
2724 5458 2817 5512 καὶ
2849 5458 3135 5522 καλοῦντος
3164 5462 3246 5523 είς
3280 5461 3574 5530 ἀνάϐλεψιν
3599 5462 3727 5525 τοὺς

534 5649 923 5734 ’.ιθγίιαιριμ
956 5654 1140 5710 59-43.
1195 5658 1213 5688 ³
1240 5658 1417 5713 (ὶιΙοι.
1442 5674 1515 5725 ιν,
1545 5660 1632 5712 51.
1692 5660 1712 5690 ⁹
1736 5659 1891 5713 Juan.
1924 5658 2104 5728 xt,25.
2174 5659 2213 5689 ‘°
2238 5657 2255 5711 l
2283 5658 2405 5713 Cor.
2440 5673 2528 5722 xv,
2556 5655 2643 5712 20.
2704 5658 2744 5690 ¹¹
2772 5656 2915 5713 Psal.
2953 5676 3114 5731 ut“,
3144 5664 3197 5722 9,
3258 5662 3427 5720 "133,
3459 5678 3605 5734 ιινι,
3634 5666 3720 5723 12,

468 5718 514 5754 ⁸³
547 5719 677 5776 Luc.
711 5735 789 5787 st,
821 5720 912 5776 25.
