4042 6196
476 292 577 353 971
1468 296 1526 355 S.
1562 298 1832 355 CYRlLLl
1872 293 2340 355 ALEXANDRINI
2377 294 2693 354 ARCHIEP.
3635 302 3746 360 Si!

479 426 678 481 χιμον,
715 409 813 479 οὐχ
874 408 1057 463 ίππων
1114 408 1504 479 πεφροντικὸς.
1536 410 1597 464 οὐ
1633 410 1886 479 χαλινῶν,
1936 410 1969 481 ἢ
2013 410 2294 479 φαλάρων,
2361 409 2654 479 μετανεῢον
2723 409 2777 461 δὲ
2825 409 3021 479 μᾶλλον
3062 411 3139 474 εις
3175 427 3236 478 γε
3282 412 3342 465 τὸ
3392 414 3604 472 ἑλέσθαι
3635 418 3747 475 δεῖν

476 508 588 569 τοῖς
613 506 692 569 είς
726 506 930 577 ἀρετὴν
969 506 1061 559 καὶ
1091 505 1402 559 θεοσέϐειαν
1443 506 1766 576 διαπρέπειν
1809 507 2213 577 σπουδάσμασι.
3662 573 3677 577 ν

548 595 778 652 Videtur
807 607 984 653 autem
1014 598 1284 653 nonnullis
1311 598 1418 653 alio
1447 601 1603 652 modo
1644 599 1723 652 vis
1756 600 2051 667 prophetiae

2223 600 2383 650 Δοκεῖ
2429 596 2485 648 δέ
2538 614 2646 649 τισι
2692 596 2813 649 καθ’
2856 596 3043 667 ἕτερον
3092 600 3502 671 ὲκπεπερὰνθαι
3546 606 3748 675 τρόπον

473 692 639 741 linem
684 696 998 742 consecuta.
1046 688 1210 741 Aiunt
1256 687 1400 741 enim
1434 688 1613 742 crucis
1654 688 1870 759 signum
1923 688 2051 742 olim

2156 688 2257 759 τῆς
2292 687 2630 759 προφητείας
2661 688 2757 758 τὴν
2791 687 3041 755 δύναμιν.
3070 689 3208 741 Φασὶ
3251 692 3359 760 γὰρ
3392 692 3473 746 ὅτι
3517 694 3748 766 εὓρηται

468 795 595 834 cum
642 777 811 834 clavis
857 778 1032 833 adhuc
1068 777 1247 833 inﬁxis
1297 779 1574 833 inventum
1628 793 1770 845 esse,
1822 794 2051 848 quorum

2158 780 2259 849 μὲν
2298 778 2440 831 κατὰ
2472 779 2694 848 καιροὺς
2726 777 2788 829 τὸ
2824 777 2918 829 τοῦ
2963 778 3200 849 σταυροῦ
3237 778 3409 846 ξύλον,
3456 782 3748 855 ἐμπεπαρ-

473 886 579 924 utto
618 881 871 938 accepto,
914 869 1035 938 pius
1067 868 1455 925 Constantinus
1494 870 1707 924 curavit
1748 882 1807 925 ut
1836 872 1881 925 is
1911 885 2052 941 equo

2158 871 2349 942 μένους
2379 869 2459 922 ἔτι
2480 871 2606 932 τοὺς
2639 869 2802 938 ἥλους
2834 868 2985 939 ἕχον*
3024 863 3098 922 ὧν
3126 870 3220 922 ’ένα
3250 870 3427 924 λαϐὼν
3459 876 3487 925 ὁ
3514 876 3747 949 εὐσεϐὴς

474 976 573 1016 suo
616 961 671 1016 in
716 960 926 1015 frenum
966 961 1333 1025 insereretur,
1367 962 1596 1016 credens
1643 977 1703 1017 se
1746 963 1911 1018 etiam
1956 977 2052 1033 per

2156 966 2581 1029 Κωνσταντῖνος,
2610 964 2703 1016 ἐπὶ
2730 962 2945 1033 χαλινὸν
2969 963 3225 1030 γενέσθαι
3254 963 3329 1034 τῷ
3354 965 3503 1036 ἵππῳ
3523 966 3601 1037 τῷ
3633 969 3749 1039 ίδίῳ

477 1056 623 1109 hunc
671 1068 702 1107 a
762 1054 872 1107 Deo
933 1051 1367 1108 benedictionem
1428 1062 1869 1108 consecuturum.
1932 1051 2048 1108 Non

2156 1059 2583 1129 παρεσκεύασεν,
2612 1056 2951 1124 εὐλογεῖσθαι
2981 1055 3132 1126 παρὰ
3161 1056 3294 1110 Θεοῦ
3322 1058 3415 1111 καὶ⁵
3442 1058 3530 1112 διὰ
3551 1060 3745 1115 τούτου

477 1143 795 1201 incredibile
828 1144 949 1213 quis
973 1143 1174 1198 dixerit
1209 1144 1373 1208 istud,
1400 1144 1443 1197 si
1479 1142 1552 1197 ita
1587 1154 1692 1209 est,
1726 1159 1827 1199 nec
1855 1146 2050 1200 decoro

474 1237 709 1292 alienum
765 1235 957 1289 tnerito
1019 1234 1184 1304 813
1261 1233 1613 1304 intelligatur,
1668 1234 1721 1288 in
1786 1237 2047 1289 memoria

478 1331 589 1382 Deo
621 1328 806 1391 fuisse,
853 1335 904 1380 et
936 1340 1060 1380 eum
1107 1323 1418 1394 prophetica
1457 1324 1838 1394 praedicatione
1880 1326 2050 1379 hono-

475 1434 631 1473 rasse
694 1418 1076 1486 imperatorem
1136 1413 1625 1483 religiosissimum.
1687 1413 2048 1469 l’lurimorum

473 1510 619 1565 enim
671 1507 1056 1573 meminerunt,
1105 1505 1256 1561 etde
1285 1505 1352 1559 iis
1393 1505 1671 1560 vaticinati
1719 1516 1845 1558 sunt
1873 1505 2048 1560 sancti

475 1601 773 1671 prottheta',
804 1598 947 1652 sicut
990 1595 1244 1651 nimirum
1272 1595 1337 1650 de
1376 1592 1523 1649 Josia
1544 1595 1611 1657 “,
1643 1605 1697 1647 et
1722 1594 2045 1663 quibusdam

474 1694 616 1749 aliis.
652 1691 960 1761 Aliquando
987 1698 1043 1744 et
1066 1697 1366 1756 temporum
1394 1686 1777 1756 tranquillitas,
1799 1694 1854 1739 et
1881 1687 2048 1756 pietas

473 1802 573 1855 per
600 1799 695 1839 eos
737 1783 828 1853 qui
863 1782 918 1836 in
958 1780 1090 1850 ipsis
1143 1794 1325 1834 rerum
1372 1778 1653 1849 potiuntur
1696 1778 2048 1848 signiﬁcatur.

473 1877 618 1932 Nihil
652 1889 783 1945 ergo
827 1886 956 1927 vero
999 1870 1269 1937 absimile,
1312 1869 1359 1925 si
1388 1879 1444 1924 et
1475 1885 1618 1925 nunc
1649 1870 1911 1940 propheta
1949 1868 2049 1923 Za-

2152 1148 2555 1210 πεπιστευκώς.
2598 1148 2714 1200 Οὐκ
2748 1147 3010 1201 ἀπίθανον
3054 1148 3111 1200 δὲ
3147 1148 3207 1200 τὸ
3251 1149 3440 1219 χρῆμα
3488 1152 3620 1222 φαίη
3661 1170 3749 1219 τις

2150 1237 2238 1301 ἂν,
2287 1236 2445 1308 εἴπερ
2476 1230 2578 1289 ὦδε
2617 1236 2768 1307 ἔχει,
2818 1237 2913 1289 καὶ⁵
2960 1238 3061 1290 οὐκ
3094 1236 3199 1302 ἔξω
3232 1236 3392 1305 λόγον
3443 1240 3745 1309 πρέποντος

2153 1330 2311 1381 νοοῖτ⁸
2339 1327 2405 1381 ἂν
2434 1327 2680 1391 εἰκότως,
2704 1327 2764 1380 τὸ
2798 1328 2893 1380 καὶ
2917 1329 2975 1381 ὲν
3002 1328 3194 1399 μνήμῃ
3222 1329 3476 1396 γενέσθαι
3499 1334 3565 1403 τῇ
3594 1337 3747 1403 παρὰ

2151 1417 2292 1488 θεῷ,
2312 1419 2407 1472 καὶ
2425 1422 2481 1472 ἐν
2506 1419 2810 1490 προρρήσει
2829 1418 3158 1490 τετιμῆσθαι
3184 1424 3491 1491 προφητικῇ
3518 1420 3747 1493 βασιλέα

2151 1510 2244 1562 τὸν
2295 1508 2706 1563 εὐσεϐέστατον.
2760 1508 3037 1563 Πλείστων
3095 1509 3205 1580 γὰρ
3258 1511 3397 1563 ὅσων
3449 1512 3747 1582 ἐποιήσατο

2154 1602 2377 1670 μνήμην
2402 1600 2496 1657 καὶ
2520 1598 2980 1673 προαναφώνησιν
3003 1601 3143 1653 κατά
3167 1600 3393 1673 καιροὺς
3437 1601 3545 1655 τῶν
3571 1600 3744 1671 ἁγίων

2152 1690 2445 1762 προφητῶν
2490 1692 2518 1745 ὁ
2554 1690 2744 1759 λόγος,
2778 1690 3029 1762 καθάπερ
3060 1690 3253 1761 ἀμέλει
3287 1693 3381 1746 καὶ
3416 1692 3619 1745 Ἰωσίου
3652 1695 3749 1747 καὶ

2152 1782 2358 1851 ἑτέρων
2385 1781 2568 1835 τινῶν.
2597 1767 2869 1835 Ἐσθ”ὃτε
2899 1782 2957 1834 δὲ
2986 1782 3081 1835 καὶ
3124 1783 3159 1853 ἡ
3196 1781 3303 1835 τῶν
3348 1782 3558 1853 καιρῶν
3601 1785 3743 1853 ἡμεο

2155 1875 2319 1945 ρότης
2371 1873 2463 1926 καὶ
2500 1871 2750 1927 εὐσέϐεια
2792 1872 2884 1927 διὰ
2916 1872 3025 1927 τῶν
3066 1874 3123 1926 ὲν
3169 1873 3353 1936 αὐτοῖς
3397 1873 3747 1945 κρατούντων

473 1968 692 2025 cltarias
726 1964 805 2021 rei
835 1963 1102 2034 imprimis
1128 1961 1515 2023 memorandis,
1540 1961 1758 2031 Deoque
1790 1961 1967 2025 citari,
1995 1968 2048 2015 et

2156 1964 2498 2036 σημαίνεται.
2541 1965 2708 2020 Οὐδὲν
2749 1965 2860 2038 ἄρα
2902 1965 2962 2019 τὸ
3003 1965 3249 2031 ἀπεικὸς,
3286 1966 3335 2019 εί
3376 1966 3742 2039 διαμέμνηται

476 2061 585 2115 veri
619 2074 684 2114 ac
720 2057 796 2127 pii
846 2052 1215 2125 imperatoris,
1260 2061 1311 2107 et
1355 2060 1660 2122 temporum
1704 2051 1957 2107 charitatl
1994 2052 2049 2107 in

2156 2057 2245 2110 καὶ
2276 2055 2372 2110 νῦν
2408 2058 2438 2111 ὁ
2471 2055 2757 2127 προφήτης
2795 2056 3072 2128 Ζαχαρίας
3098 2056 3526 2125 ἀξιολογωτάτου
3558 2057 3740 2128 πράγ-

473 2150 752 2207 Christum
796 2146 1168 2202 dedicatorum
1206 2144 1475 2199 meminit.
1508 2143 1647 2197 Nam
1679 2152 1733 2198 et
1760 2144 2050 2213 imperato-

2156 2163 2344 2217 ματος,
2400 2146 2494 2199 καὶ
2524 2144 2809 2213 θεοφιλοῦς
2850 2143 3136 2216 βασιλέως,
3169 2143 3405 2215 ἀληθοῦς
3436 2160 3497 2196 τε
3527 2144 3622 2196 καὶ
3650 2144 3740 2196 εὐ·-

476 2257 591 2295 rum
623 2253 793 2307 equos
831 2235 1078 2291 decorari
1104 2234 1255 2289 clavo
1285 2249 1313 2287 a
1341 2233 1577 2302 pretiosa
1617 2249 1778 2288 cruce
1810 2244 2046 2301 sumpto,

2156 2239 2379 2305 σεϐοῦς,
2430 2240 2527 2295 κα)⁵
2572 2234 2780 2310 καιρῶν
2828 2237 3208 2309 ἀνακειμένων
3262 2240 3326 2307 τῇ
3383 2238 3462 2301 είς
3506 2235 3745 2307 Χριστὸν

476 2332 603 2400 quid
634 2330 779 2385 aliud
808 2328 967 2383 nobis
998 2340 1160 2396 quam
1190 2325 1475 2379 maximam
1505 2335 1553 2378 et
1586 2338 1773 2379 revera
1810 2325 2048 2378 admira-

2156 2332 2359 2401 ἀγάπῃ.
2392 2330 2464 2383 Τὸ
2497 2330 2605 2402 γὰρ
2652 2330 2715 2401 δὴ
2764 2329 2859 2382 καὶ
2895 2329 3160 2400 βασιλέων
3210 2329 3397 2392 ἵπποις
3435 2327 3741 2400 ὲμπρέπειν

476 2426 621 2480 tione
661 2423 877 2491 dignam
922 2422 1308 2490 imperatorum
1359 2416 1611 2485 pietatem
1649 2417 2051 2472 declaraverit?

2156 2426 2239 2480 τὸν
2268 2420 2397 2496 ἧλον
2438 2425 2548 2478 ἀπὸ
2579 2423 2673 2478 τοῦ
2721 2423 2904 2494 τιμίου
2947 2420 3222 2492 ληφθέντα
3251 2419 3510 2491 σταυροῦ,
3540 2420 3593 2472 τί
3624 2420 3744 2472 ἐτεά

2153 2534 2244 2589 ρον
2273 2519 2406 2587 ἡμῖν
2446 2516 2818 2586 ὐπεμφήνειεν
2849 2514 2939 2579 ἂν,
2968 2514 3000 2584 ἢ
3046 2512 3301 2579 πλείστην
3331 2512 3463 2582 ὅσην
3495 2512 3587 2564 καὶ
3623 2510 3741 2576 ἁξιέ

2048 2630 2052 2633 Α
2151 2608 2386 2677 άγαστον
2416 2605 2629 2677 ἀληθῶς
2656 2604 2763 2658 τῶν
2794 2603 3137 2676 κρατούντων
3167 2601 3487 2667 εὐσέϐειανς

546 2705 615 2760 Et
649 2711 802 2760 erunt
827 2702 1014 2759 lebetes
1038 2702 1094 2757 in
1125 2700 1282 2755 domo
1302 2698 1515 2754 Domini
1546 2701 1684 2754 sicut
1714 2700 1905 2770 phiala:
1928 2709 2048 2754 ante

475 2799 662 2868 [aciem
693 2797 905 2851 altaris.

545 2971 701 3027 CXV.
745 2971 971 3031 Lebetcs
1010 2978 1165 3023 erant
1213 2968 1266 3022 in
1297 2982 1454 3023 sacro
1504 2968 1871 3035 tabernaculo,
1904 2978 1958 3023 et
1992 2969 2047 3024 in

479 3066 677 3135 templo
705 3075 823 3133 post
860 3063 988 3115 illud
1021 3072 1321 3127 exstructo,
1348 3061 1400 3115 in
1432 3060 1627 3130 quibus
1653 3062 2047 3116 sacriﬁciorum

476 3172 669 3211 carnes
692 3153 1086 3224 coquebantur,
1118 3152 1530 3207 absumentibus
1553 3166 1649 3207 eas
1678 3151 2049 3208 sacerdotibus

480 3251 532 3303 in
564 3250 679 3302 loco
721 3256 933 3313 sancto,
967 3243 1083 3314 lege
1112 3242 1165 3297 id
1212 3243 1329 3296 ﬁeri
1362 3243 1684 3313 imperante,
1714 3258 1781 3299 ne
1808 3244 2051 3300 sanctiﬁ-

475 3348 597 3391 cata
628 3347 780 3391 extra
811 3343 999 3391 sancta
1032 3333 1152 3389 loca
1180 3331 1529 3389 eﬂerreutur.
1558 3334 1851 3403 Postquam
1873 3346 2056 3391 autem

477 3429 756 3484 veteribus
806 3428 910 3482 illis
961 3427 1153 3482 ritibus
1199 3426 1412 3490 desitis,
1463 3426 1727 3497 mysteria
1774 3427 1932 3483 nobis
1988 3430 2055 3482 ad

478 3522 641 3577 aliam
679 3521 846 3576 divini
875 3521 1053 3576 cultus
1099 3521 1365 3575 rationem
1413 3520 1765 3585 transierunt,
1812 3533 1913 3574 nec
1942 3535 2056 3574 ant-

477 3614 620 3682 plius
653 3614 837 3668 ovium
872 3610 1310 3675 mactationibus,
1346 3619 1401 3664 et
1427 3611 1605 3677 thure,
1648 3611 1745 3668 sed
1771 3612 2056 3667 sacriﬁciis

478 3705 662 3775 potius
722 3701 1023 3757 incruentis
1070 3701 1445 3755 universorum
1500 3701 1712 3771 Deum,
1770 3703 2056 3774 ipsumque

480 3794 860 3848 universorum
893 3789 1228 3846 Salvatorem
1276 3791 1575 3858 Christum,
1609 3794 1894 3850 sacriﬁciis
1936 3811 2057 3865 qua:

480 3885 873 3955 intelliguntur,
910 3884 964 3938 in
993 3881 1254 3938 Ecclesiis
1272 3884 1542 3953 quomodo
1573 3898 1892 3940 veneremur
1912 3888 2057 3941 docti

474 3990 685 4042 sumus,
738 3990 837 4044 pro
871 3973 1136 4029 lebetibus
1180 3972 1303 4029 aliis
1348 3974 1498 4029 vasis
1550 3975 1778 4042 utimur,
1820 3991 1958 4045 quas
2003 3986 2052 4031 et

482 4066 690 4137 phialas
730 4066 997 4137 prOpheta
1048 4066 1152 4121 hoc
1182 4066 1312 4121 loco
1361 4065 1512 4122 dicit.
1560 4064 1686 4121 Hac
1732 4081 1895 4135 porro
1930 4083 2055 4123 vasa

482 4160 791 4215 bibentibus
844 4158 1284 4214 commodissima
1318 4166 1417 4214 :et
1467 4158 1729 4232 intelliget
1762 4163 1920 4233 plane
1966 4176 2057 4217 sa-

485 4254 639 4322 piens
672 4251 885 4306 suditor
917 4251 1047 4320 quid
1073 4251 1452 4322 signiﬁcetur,
1500 4255 1716 4309 tametsi
1768 4257 2055 4312 obscurius

484 4358 645 4413 quam
666 4352 881 4413 oportet
917 4344 969 4397 id
987 4359 1016 4397 a
1039 4344 1193 4399 nobis
1219 4344 1421 4399 dictum
1446 4345 1539 4410 sit,
1565 4347 1817 4414 quoniam
1849 4347 1906 4401 in
1928 4346 2053 4403 abs-

483 4434 717 4488 conditis
770 4435 1055 4489 narrandis
1091 4434 1371 4492 breviores
1417 4451 1539 4491 esse
1583 4437 1861 4494 debemus.
1915 4438 2056 4509 Ergo

485 4534 614 4579 tunc
640 4523 858 4594 quidem
902 4533 1061 4580 erant
1106 4525 1311 4584 lebetes
1353 4542 1538 4583 :nunc
1582 4538 1763 4586 autem
1812 4548 1832 4583 ι
1860 4530 2055 4599 phialae

480 4626 610 4672 ante
636 4617 829 4673 [aciem
866 4617 1075 4674 altaris.
1111 4637 1132 4671 ι

557 4887 720 4944 Vsus.
748 4886 840 4940 Ἦ.
882 4883 951 4938 Et
1001 4885 1105 4940 erit
1152 4888 1324 4941 omnis
1370 4887 1507 4943 ὅσιοι
1552 4891 1607 4944 in
1649 4890 1966 4961 Jerusalem,
2007 4907 2054 4948 et

465 4981 523 5032 in
586 4977 733 5031 Juda
779 4988 992 5032 sanctus
1042 4976 1269 5031 Domino
1321 4982 1687 5050 omnipotenti.
1741 4982 1812 5036 Et
1854 4986 2053 5040 renieut

423 5079 436 5088 ‘
470 5086 660 5125 omnes
698 5069 1027 5125 immolantes
1049 5109 1065 5134 ,
1112 5081 1160 5124 et
1194 5080 1399 5126 suntsnt
1439 5088 1504 5127 ea:
1536 5073 1662 5144 ipsis
1685 5112 1701 5139 ,
1749 5086 1797 5130 et
1832 5088 2051 5145 ecquem

471 5177 528 5213 ιη
573 5176 670 5216 οη.

552 5247 738 5307 CXVI.
763 5247 1010 5304 Lebetas
1039 5260 1215 5315 vocat,
1252 5254 1526 5309 veteribus
1547 5254 1722 5311 adhuc
1747 5256 2055 5314 nominibus

487 5359 643 5411 usus,
673 5358 801 5398 vasa
838 5343 1087 5414 mystica,
1109 5359 1230 5414 qua:
1261 5354 1317 5399 et
1341 5355 1527 5401 sancta
1554 5359 1700 5414 sunt,
1727 5353 2051 5411 veneranda.

484 5448 541 5492 et
576 5436 811 5505 pretiosa
848 5436 1012 5489 etiam
1052 5436 1184 5505 ipsis
1216 5437 1309 5506 qui
1353 5437 1406 5492 in
1436 5436 1757 5505 Jerusalem,
1793 5442 1847 5496 id
1890 5452 1973 5496 est
2002 5446 2053 5497 in

483 5525 727 5584 Ecclesia
772 5535 918 5591 sunt,
955 5527 1143 5597 utique
1172 5528 1370 5584 divinis
1394 5532 1769 5589 sacerdOtibus
1800 5543 1852 5589 ct
1892 5536 2051 5589 mini-

568 5698 606 5727 “
634 5701 699 5757 ιιι
732 5702 860 5774 Reg.
906 5719 1021 5770 xttt,
1052 5706 1087 5758 2
1114 5680 1246 5778 seqq
1346 5687 1351 5691 ’

2218 2698 2335 2752 Καὶ
2363 2698 2607 2751 ἔσονται
2650 2698 2704 2749 οί
2738 2693 2989 2762 λέϐητες
3014 2697 3066 2747 οὶ
3099 2693 3167 2746 ἐν
3199 2690 3277 2757 τῷ
3304 2692 3447 2755 oleam
3477 2688 3579 2744 τοῦ
3621 2694 3740 2745 Κυ-

2145 2791 2285 2860 ρίου
2330 2789 2411 2856 ὠς
2458 2787 2665 2858 φιάλαι
2721 2785 2832 2854 πρὸ
2884 2784 3208 2854 προσώπου
3259 2784 3365 2837 τοῦ
3413 2786 3745 2851 θυσιαστη-

2149 2883 2305 2951 ρίου.

2224 2973 2370 3029 ΡΙΕ’.
2415 2972 2653 3041 Λέϐητες
2687 2966 2825 3042 ἦσαν
2860 2974 2916 3024 ἐν
2951 2973 3017 3042 τῇ
3050 2970 3180 3041 ἁγίᾳ
3220 2971 3393 3040 σκηνῇ
3436 2968 3529 3021 καὶ
3564 2969 3619 3021 ὲν
3662 2965 3741 3037 τῷ

2156 3067 2296 3138 μετὰ
2333 3065 2505 3119 ταῦτα
2554 3063 3065 3133 κατεσκευασμένῳ·
3099 3062 3233 3131 ναῷ,
3291 3062 3349 3114 ὲν
3393 3054 3475 3124 οἷς
3520 3060 3587 3114 τὰ
3630 3059 3739 3111 τῶν

2151 3157 2348 3212 θυσιῶν
2379 3157 2548 3228 ἥψετο
2571 3156 2731 3227 κρέα,
2761 3154 3123 3209 δαπανώντων
3153 3152 3290 3206 αὐτὰ
3324 3151 3435 3204 τῶν
3465 3150 3653 3222 ἱερέων
3683 3152 3742 3204 ἐν

2087 3281 2130 3339 C
2160 3249 2312 3319 τόπῳ
2339 3248 2498 3317 ἁγίῳ,
2529 3246 2622 3299 καὶ
2650 3244 2804 3297 τοῦτο
2837 3244 2927 3297 τοῦ
2954 3244 3118 3314 νόμου
3143 3238 3413 3294 τελεῖσθαι
3437 3254 3739 3310 προστετα-

2163 3340 2340 3411 χότος,
2368 3339 2442 3402 ὡς
2481 3338 2548 3392 ἂν
2598 3337 2672 3408 μὴ
2718 3336 2822 3402 ἔξω
2858 3355 2959 3390 που
3005 3336 3112 3389 τῶν
3162 3333 3322 3407 ἱερῶν
3367 3331 3741 3403 ὲκκομίζοιντο

2160 3430 2353 3503 χώρων
2380 3430 2449 3482 τὰ
2479 3428 2811 3499 ήγιασμένα.
2852 3427 3070 3497 Ἐπειδὴ
3099 3425 3156 3478 δὲ
3184 3424 3291 3479 τῶν
3323 3423 3566 3495 ἀρχαίων
3597 3421 3740 3474 ὲκεί-

2160 3542 2265 3578 νων
2291 3522 2427 3576 ἐθῶν
2456 3521 2951 3592 ἁποπεπαυμένων,
2981 3521 3058 3583 είς
3096 3518 3280 3589 ἕτερον
3324 3518 3457 3588 ἡμῖν
3482 3511 3741 3585 λατρείας

2158 3612 2361 3685 τρόπον
2392 3610 2817 3684 μετακεχώρηκε
2870 3608 2937 3662 τὰ
2970 3608 3268 3679 μυστήρια,
3319 3605 3414 3658 καὶ
3459 3604 3740 3678 μηλοσφα-

2160 3706 2307 3776 γίαις
2345 3705 2441 3776 μὲν
2483 3704 2666 3757 οὐκέτι
2705 3703 2800 3757 καὶ
2834 3702 3172 3764 λιϐανωτοῖς,
3208 3696 3417 3760 θυσίαις
3445 3694 3501 3748 δὲ
3541 3694 3739 3766 μᾶλλον

2156 3799 2277 3860 ταῖς
2300 3795 2656 3866 ἀναιμάκτοις
2676 3793 2764 3847 τὸν
2789 3793 2897 3847 τῶν
2911 3793 3046 3846 ὅλων
3076 3788 3500 3860 καταγεραίρειν
3518 3785 3648 3839 Θεὸν
3661 3780 3737 3859 [ὃ]

2158 3888 2248 3942 διὰ
2273 3888 2511 3951 πίστεως
2538 3883 2898 3955 δεδιδάγμεθα
2924 3924 2940 3951 ,
2975 3883 3070 3938 καὶ
3095 3881 3257 3935 αὐτὸν
3290 3877 3493 3951 νοητῶς
3528 3878 3741 3948 ἱερουρ-

2157 3978 2380 4049 γοῦντες
2404 3981 2462 4033 ὲν
2480 3979 2829 4048 Ἐκκλησίαις
2850 3978 2942 4032 τὸν
2964 3976 3072 4030 τῶν
3093 3974 3228 4029 ὅλων
3245 3970 3734 4046 ΣωτῆραΧριστόν⁴

2157 4071 2280 4125 ἀντὶ
2303 4070 2411 4124 τῶν
2432 4069 2677 4141 λεϐήτων
2697 4068 2905 4139 ἑτέροις
2932 4065 3247 4138 κεχρήμεθα
3272 4063 3519 4118 σκεύεσιν
3549 4064 3735 4133 ἱεροῖς,

2157 4162 2193 4216 ἃ
2216 4161 2281 4234 δὴ
2313 4162 2409 4216 καὶ
2433 4161 2629 4229 φιάλας
2661 4157 2848 4213 ἐνθάδε
2873 4158 3038 4228 φησιν
3068 4158 3096 4209 ὁ
3127 4154 3433 4226 προφήτης.
3470 4150 3645 4223 Σκεύη
3679 4146 3739 4203 δὲ

2155 4255 2329 4310 ταῦτα
2361 4256 2474 4317 τοῖς
2503 4253 2721 4306 πίνουσι
2750 4251 3171 4322 χρειωδέστατα,
3211 4248 3305 4302 καὶ
3336 4246 3557 4317 συνήσει
3602 4245 3739 4299 παν·

2154 4363 2263 4411 τως
2284 4348 2313 4399 ό
2336 4345 2499 4414 σοφὸς
2523 4344 2798 4415 ἀκροατὴς
2822 4340 2918 4394 τοῦ
2942 4339 3343 4412 σημαινομένου
3365 4336 3461 4408 τὴν
3486 4332 3740 4407 δύναμιν,

2156 4443 2260 4495 κᾶν
2309 4440 2359 4493 εί
2394 4436 2762 4509 ἅμυδρότερόν
2804 4451 2921 4497 πως
2967 4434 3002 4503 ἢ
3044 4433 3150 4503 χρὴ
3198 4431 3226 4484 ὁ
3280 4428 3409 4500 παρ’
3446 4428 3600 4499 ἡμῶν
3646 4443 3744 4481 πει

2157 4532 2379 4602 ποίηται
2402 4531 2581 4599 λόγος,
2611 4529 2700 4583 διά
2731 4544 2813 4580 τοι
2838 4527 2900 4579 τὸ
2928 4525 3035 4579 δεῖν
3067 4518 3541 4594 περιεσταλμένως
3574 4520 3744 4571 ποιεῖ-

2085 4613 2132 4671 D
2160 4622 2284 4675 σθαι
2317 4620 2418 4691 τὴν
2449 4620 2558 4674 τῶν
2594 4616 2994 4689 κεκρυμμένων
3037 4614 3332 4684 ἀφήγησιν.
3380 4608 3589 4663 Οὐκοῦν
3618 4609 3740 4660 τότε

2163 4712 2260 4783 μὲν
2281 4708 2421 4782 ἦσαν
2441 4711 2492 4763 oi
2516 4709 2770 4779 λέϐητες*
2794 4706 2913 4761 νυνὶ
2941 4704 2997 4758 δὲ
3035 4723 3054 4756 ι
3090 4702 3275 4773 φιάλαι
3309 4696 3416 4772 πρὸ
3446 4698 3740 4771 προσώπου

2160 4803 2257 4858 τοῦ
2289 4802 2696 4873 θυσιαστηρίου.
2746 4819 2764 4853 s

2232 4894 2342 4949 Kal
2373 4895 2543 4948 ἔσται
2586 4891 2707 4959 πᾶς
2735 4891 2920 4959 λέϐης
2961 4890 3033 4945 ἐν
3082 4880 3501 4957 Ἰερουσαλὴμ,
3545 4882 3641 4936 καί
3675 4878 3745 4934 ἐν

2162 4984 2241 5051 τῷ
2307 4984 2500 5053 Ἰούδᾳ
2551 4984 2716 5053 ἅγιος
2764 4980 2845 5048 τῷ
2892 4981 3089 5049 Κυρίῳ
3137 4975 3585 5045 παντοκράτορι.
3633 4972 3742 5026 Ιιίιὶ

2163 5077 2383 5145 ἥξουσι
2412 5076 2635 5140 πάντες
2676 5078 2729 5129 οἱ
2769 5071 3173 5137 θυσιάζοντες,
3205 5068 3303 5124 καί
3332 5068 3633 5136 λήψονται
3673 5065 3742 5125 ἐξ

2161 5170 2378 5234 αὐτῶν,
2415 5168 2512 5222 καὶ
2538 5166 2887 5235 ἐφήσουσιν
2916 5166 2985 5218 ἐν
3025 5163 3229 5229 αὐτοῖς

2231 5262 2395 5327 qu'.
2435 5259 2683 5330 Αέϐητας
2726 5257 3015 5323 ἀποκαλεῖ,
3057 5257 3169 5321 τοῖς
3216 5251 3465 5325 ἀρχαίοις
3514 5246 3740 5318 ὀνόμασι

2161 5352 2504 5424 χρησάμενος
2537 5351 2639 5416 ἔτι,
2674 5348 2743 5403 τὰ
2771 5350 2938 5420 σκεύη
2972 5348 3041 5401 τὰ
3090 5345 3348 5417 μυστικὰ,
3378 5341 3412 5395 ὃ.
3457 5340 3551 5393 καὶ
3596 5338 3741 5390 ἐστιν

2163 5445 2326 5513 ἅγια,
2378 5445 2553 5497 σεπτὰ
2596 5460 2655 5496 τε
2711 5443 2802 5494 καὶ
2843 5442 3002 5511 τίμια
3042 5438 3135 5491 καὶ
3170 5438 3354 5497 αὐτοῖς
3400 5435 3517 5497 τοῖς
3571 5432 3629 5483 ὲν
3673 5430 3737 5497 τῇ

2174 5536 2549 5610 ,ιερουσαλὴμν
2582 5537 2750 5606 ἤγουν
2784 5535 2848 5603 τῇ
2895 5529 3213 5600 sumes,
3253 5526 3411 5597 δῆλον
3440 5524 3495 5577 δὲ
3522 5522 3603 5576 δτι
3630 5520 3743 5581 τοῖς
