4042 6196
295 299 407 359 273

1123 299 1673 363 COMMENTARIUS
1704 302 1776 361 IN
1815 302 2218 363 ZACHARIAM
2259 304 2704 365 PROPHETAM.

3461 316 3569 372 τη

298 415 468 478 θείοις
516 412 849 487 ίερουργοῑς,
902 412 996 469 καὶ
1046 416 1173 487 παρ’
1227 416 1378 489 αὐτῷ
1426 418 1483 473 δὲ
1538 418 1618 490 τῷ
1690 421 1921 493 ’1ούδᾳ,,

2010 414 2139 479 ,ιι-ἰὲ.
2170 422 2233 475 Et
2259 436 2473 477 rursum
2506 424 2646 492 apud
2680 423 2851 492 ipsum
2888 422 3049 493 Jnda,
3080 426 3134 479 id
3170 434 3273 493 est,
3309 429 3571 497 spiritua-

274 503 554 589 ,τουτέστι
590 504 775 570 πάλιν,
811 507 923 568 τοῖς
950 504 1050 576 τὴν
1080 506 1138 560 ὲν
1173 507 1442 581 πνεύματι
1470 510 1697 580 λαχοῦσι
1733 529 1890 581 περιο

299 598 510 668 τομήν*
565 592 676 650 εἷεν
726 597 772 651 δ’
822 598 889 652 ἂν
937 593 1083 653 οὗτοι
1132 600 1291 655 πάλιν
1346 604 1396 655 oi
1442 603 1889 667 πεπιστευκότες.

1994 512 2096 568 lem
2145 512 2614 568 circumcisionem
2662 515 2908 579 sortitos,
2954 515 3045 583 qui
3097 515 3225 570 item
3254 517 3423 592 814
3451 536 3570 577 ere.

1995 603 2181 657 dentes
2228 617 2349 657 esse
2394 610 2642 672 possunt.
2709 602 2755 656 Α
2814 603 2963 657 ιιιιΙΙο
3013 602 3159 658 enim
3219 618 3440 672 prorsus
3502 611 3570 663 ad

302 688 445 759 Hap’
472 687 686 751 οὐδενὸς
711 688 821 759 γάρ
850 687 987 752 ὅλως
1011 690 1092 753 είς
1122 690 1307 760 κοινὴν
1329 690 1667 762 λαμϐάνεται
1696 694 1891 765 χρείαν

2010 709 2335 753 :ommunem
2384 709 2542 749 usum
2592 696 2735 751 sacri
2798 695 2986 750 altaris
3045 710 3171 750 vasa
3226 697 3572 765 adhibentur,

302 778 401 834 τοῦ
452 779 607 849 ἁγίου
657 780 1043 851 θυσιαστηρίου
1092 781 1160 835 τὰ
1206 781 1397 853 σκεύη,
1432 784 1546 837 ἀλλ’
1596 784 1765 849 ἔστιν,
1816 785 1893 849 ὡς

305 870 469 943 ἔφην,
522 871 697 940 ἅγια,
736 871 829 925 καὶ
869 875 955 935 εἰς
998 872 1157 940 δόξαν
1205 873 1340 927 Θεοῦ
1370 876 1739 947 τετηρημένα,
1799 877 1894 930 καὶ

308 963 503 1034 μόναις
547 965 669 1027 ταῖς
716 964 930 1033 χρείαις
966 964 1259 1035 ὑπηρετεῖν
1309 966 1535 1021 εἰωθότα
1583 967 1682 1034 τῆς
1732 968 1895 1035 ἁγίας

306 1056 610 1127 τραπέζης,
642 1056 711 1110 δι’
744 1055 924 1109 αὐτῶν
952 1073 1012 1109 τε
1054 1056 1149 1110 καὶ
1194 1058 1253 1110 ὲν
1282 1058 1468 1121 αὐτοῖς
1503 1060 1559 1112 αι
1593 1057 1699 1111 τῶν
1730 1076 1897 1129 προσ-

307 1149 554 1217 αγόντων
604 1147 886 1202 τελοῦνται
946 1148 1150 1212 θυσίαι,
1205 1150 1303 1219 οὐχ
1349 1152 1581 1204 ἑκάστου
1639 1150 1896 1220 φέροντος

308 1241 445 1295 ἴδιον
477 1239 672 1303 σκεῦος
693 1279 708 1304 ,
737 1240 994 1297 ἁπάντων
1031 1241 1090 1294 δε
1125 1242 1307 1312 μόνοις
1333 1244 1445 1306 τοῖς
1492 1242 1657 1314 ἱεροῖς
1695 1256 1897 1312 κεχρη-

311 1333 515 1403 μένων.
557 1350 576 1384 ι
615 1334 730 1397 Πᾶς
755 1333 864 1405 γὰρ
888 1332 1054 1405 λέϐης
1089 1335 1243 1403 ἅγιος
1283 1334 1459 1401 ἔσται,
1493 1334 1646 1405 φησι,
1669 1333 1748 1402 τῷ
1778 1335 1895 1387 Ku-

311 1430 436 1500 ρίῳ.
482 1447 503 1480 ι
540 1427 750 1481 Οὐκοῦν
791 1424 1099 1496 διαλέγεται
1152 1429 1254 1499 μὲν
1295 1429 1325 1480 6
1368 1429 1655 1498 προφήτης
1693 1427 1769 1491 ὼς
1801 1426 1897 1481 ἐπὶ

308 1518 513 1573 θυσιῶν
536 1519 616 1573 ἑτι
632 1518 739 1573 τῶν
760 1518 902 1573 κατὰ
926 1519 1092 1589 νόμον
1115 1557 1130 1582 ,
1159 1520 1489 1589 λέϐητάςτε
1511 1520 1607 1573 καὶ
1635 1519 1898 1588 ἕψουσιν

306 1611 601 1682 ὀνομάζειλ
657 1612 925 1683 νοήσομεν
974 1612 1033 1665 δὲ
1078 1612 1394 1683 πρέποντως
1446 1613 1606 1682 ἡμεῖς
1650 1612 1765 1674 τοίς
1808 1610 1899 1664 διὰ

307 1700 555 1767 Χριστοῦ
588 1702 820 1773 καιροῖς.
861 1702 1234 1772 Οἰκονομικῶς
1277 1702 1335 1755 δέ
1373 1717 1555 1772 φαμεν
1599 1702 1896 1773 άσυμφανῆ

1994 786 2087 841 sed
2119 796 2267 852 sunt,
2301 787 2515 854 utdixi,
2544 797 2755 853 saneta,
2777 796 2833 842 et
2863 789 2931 843 ad
2964 789 3053 843 Dei
3083 788 3309 856 gloriam
3333 800 3573 857 servata,

1994 886 2051 932 et
2090 878 2223 934 solis
2250 879 2438 934 usibus
2464 894 2636 934 sacra:
2668 894 2868 936 mensae
2899 881 3215 936 ministrare
3241 882 3398 938 solita
3431 898 3450 939 :
3481 898 3579 953 per

1997 970 2219 1038 ipsaque
2264 978 2317 1025 et
2350 969 2404 1024 in
2455 970 2588 1041 ipsis
2635 968 2984 1025 oﬂ‘erentium
3034 972 3303 1027 sacriﬁcia
3333 987 3580 1028 consum-

1997 1070 2234 1126 mantur,
2281 1076 2386 1116 non
2432 1075 2761 1131 unoquoque
2812 1076 2968 1116 suum
3022 1077 3116 1119 vas
3150 1062 3434 1127 all‘erente,
3481 1066 3579 1118 sed

1996 1150 2247 1207 omnibus
2278 1150 2413 1206 solis
2440 1152 2612 1206 sacris
2656 1151 2956 1207 utentibus.
2993 1164 3013 1205 ι
3044 1154 3234 1209 Omnis
3258 1156 3404 1209 enim
3433 1155 3580 1210 leben

1998 1252 2221 1298 sanctus
2276 1244 2382 1298 erit
2444 1244 2714 1309 Domino,
2763 1262 2783 1297 ι
2856 1246 3052 1316 inquit.
3112 1246 3300 1317 Itaque
3359 1247 3581 1302 disserit

1998 1334 2215 1405 cuidem
2250 1335 2510 1405 propheta
2547 1346 2605 1390 ut
2640 1338 2706 1392 de
2749 1338 3036 1394 sacriﬁciis
3077 1340 3254 1395 adhuc
3294 1340 3579 1409 legalibus,

1997 1427 2189 1482 lebetas
2230 1435 2433 1492 autem,
2483 1438 2539 1483 et
2590 1440 2809 1498 coquent
2862 1431 3015 1497 dicit,
3050 1433 3194 1502 quod
3247 1447 3346 1487 nos
3384 1446 3583 1486 conveo

2000 1518 2212 1574 aienter
2253 1520 2593 1589 temporibus
2639 1520 2844 1576 Christi
2893 1523 3279 1595 intelligemus.
3333 1524 3585 1579 (Econo-

2001 1612 2141 1667 mico
2168 1625 2337 1681 porro
2361 1622 2682 1669 sanctorum
2710 1616 3102 1684 prophetarum
3136 1631 3445 1671 sermonem
3480 1616 3583 1669 ob-

2000 1716 2245 1769 scurum,
2273 1712 2332 1759 et
2357 1719 2462 1758 non
2494 1704 2815 1775 simpliciter
2848 1708 3104 1762 omnibus
3154 1708 3397 1777 planum,
3446 1707 3582 1760 dici-

308 1792 585 1861 γενέσθαι,
621 1795 715 1847 καὶ
742 1794 802 1848 οὺ
849 1796 1014 1849 πᾶσιν
1043 1795 1230 1859 ἁπλῶς
1254 1795 1571 1865 ἐκκείμενον
1595 1794 1703 1848 τῶν
1727 1791 1899 1862 άγὶων

2010 1807 2143 1861 mus,
2175 1809 2245 1849 ne
2273 1794 2567 1864 projicisnt
2590 1810 2718 1850 eum
2754 1799 2983 1853 canibus
3010 1801 3056 1831 "
3080 1840 3095 1863 ,
3135 1814 3309 1868 neque
3340 1798 3585 1867 profanis

308 1886 613 1957 προφητῶν
644 1886 943 1955 τὸνλόγον,
963 1888 1051 1941 ἵνα
1084 1887 1158 1957 μὴ
1195 1885 1506 1958 βάλίλᾙιται
1545 1884 1683 1957 πρὸς
1719 1882 1898 1939 αὐτῶν

307 1982 427 2043 τοῖς
461 1980 607 2041 κυσὶ,
642 1979 781 2049 μήτε
814 1979 921 2048 μὴν
938 1982 1052 2044 τοῖς
1076 1977 1321 2050 βεὸήλοις
1345 1979 1441 2031 καὶ
1474 1977 1899 2048 βδελυρωτάτας

307 2072 340 2123 6
373 2070 559 2141 μόνοις
584 2071 812 2140 πρέπων
849 2071 1023 2139 ἁγίοις
1059 2069 1470 2140 ἐκκαλύπτηται
1501 2070 1679 2139 λόγος.

382 2164 497 2216 Καὶ
527 2164 639 2216 οὐκ
667 2161 843 2216 ἔσται
878 2164 1211 2230 Χαναναῖος
1244 2166 1358 2218 οὐκ
1395 2165 1482 2218 ἔτι
1509 2164 1580 2217 ἐν
1601 2163 1745 2227 οἴκῳ
1781 2165 1898 2217 Κυ-

303 2254 448 2321 ρίου
490 2250 974 2321 παντοκράτορος
998 2254 1069 2307 ἐν
1099 2253 1173 2323 τῇ
1212 2253 1401 2324 ἡμέρᾳ
1424 2255 1650 2322 ἐκείνῃ.

387 2347 535 2399 PiZ’.
576 2344 783 2411 Σαθρόν
820 2360 881 2397 τε
928 2346 1022 2399 καὶ
1049 2346 1434 2400 εὐδιάκλαστον
1478 2346 1586 2399 τῶν
1617 2343 1905 2417 ἀρχαιοτέ-

313 2456 429 2509 ρων
454 2438 547 2492 τὸν
581 2436 706 2489 νοῦν
726 2436 933 2491 κατίδοι
959 2455 1043 2501 τις
1071 2437 1159 2503 ἂν,
1190 2439 1285 2495 καὶ
1309 2438 1657 2509 ταλαίπωρον
1678 2437 1897 2509 κομιδῇ.

313 2529 699 2602 Δελῦτρωνται
749 2532 846 2601 μὲν
898 2529 957 2597 ἐξ
1006 2530 1283 2599 Αἰγύπτου
1333 2530 1422 2584 διά
1462 2531 1705 2593 Μωσέως
1746 2533 1796 2583 ot
1843 2530 1903 2598 ἐξ

327 2623 568 2695 Ἰσραὴλ,
603 2625 697 2677 καὶ
732 2623 834 2696 τῆς
861 2623 1136 2694 ἀφορήτου
1166 2624 1412 2687 δουλείας
1456 2625 1775 2679 ἀπεσείοντο
1812 2625 1903 2679 τὸν

316 2716 483 2786 ζυγὸν
503 2759 517 2781 ,
562 2716 828 2770 πλείστων
857 2732 914 2769 τε
946 2717 1087 2769 ὅσων
1113 2718 1207 2770 καὶ
1237 2716 1582 2784 άξιαγάστων
1611 2719 1697 2770 ἐπ’
1724 2716 1906 2781 αὐτοῖς

314 2808 719 2879 τετελεσμένων
741 2808 1001 2880 σημείων,
1024 2808 1255 2880 ἐξῄεσαν
1284 2810 1455 2879 μόλις·
1486 2809 1907 2880 διεϐιὸάσθησαν

312 2901 375 2954 δὲ
422 2901 518 2954 καὶ
563 2899 653 2953 διά
701 2899 978 2969 Θαλάσσης
1023 2900 1216 2969 αὐτῆς,
1271 2899 1661 2971 κατεδηδόκασί
1709 2916 1772 2952 τε
1818 2900 1907 2954 τὸν

316 2995 489 3065 ἄρτον
515 2991 609 3045 τὸν
635 2992 695 3057 ἐξ
717 2992 969 3063 οὐρανοῦ,
999 2992 1093 3045 καί
1121 2991 1265 3063 ὕδωρ
1296 2994 1360 3045 ἐκ
1390 2992 1594 3063 πέτρας
1627 2993 1908 3063 ἀδοκήτως

318 3074 646 3152 ἐκκομισθὲν
672 3084 729 3134 ὲν
753 3084 820 3151 τῇ
851 3082 1045 3151 ἐρήμῳ
1078 3079 1390 3133 πεπὼκασι.
1424 3080 1487 3133 Τί
1527 3075 1621 3133 οὖν
1652 3081 1701 3131 οἱ
1745 3078 1908 3133 τάλα-

2000 1893 2051 1941 et
2091 1884 2430 1942 detestandis
2466 1886 2737 1942 reveletur
2757 1889 3006 1954 verbum,
3024 1891 3178 1960 quod
3203 1888 3345 1943 solos
3367 1898 3585 1943 sanetos

1998 1976 2170 2033 decet.

2068 2156 2141 2211 Et
2187 2172 2292 2213 non
2345 2159 2447 2213 erit
2484 2159 2627 2213 ultra
2670 2158 3009 2215 Chananeus
3064 2160 3117 2215 in
3164 2158 3320 2213 domo
3374 2155 3593 2213 Domini

2002 2254 2372 2321 omnipotentis
2406 2253 2461 2307 in
2492 2254 2578 2308 die
2602 2253 2720 2308 illa.
2975 2315 2979 2320 ,
3480 2245 3484 2250 ’

2073 2343 2279 2401 CXVII.
2318 2344 2615 2414 lnﬁrmam,
2659 2356 2716 2402 et
2751 2345 3001 2418 fragilem
3050 2353 3292 2400 veterum
3328 2354 3587 2411 mentem,

2002 2445 2056 2489 et
2080 2436 2334 2493 miseram
2367 2438 2523 2494 valde
2556 2439 2742 2494 videre
2769 2454 2961 2509 queas.
3007 2438 3249 2495 Liberali
3281 2449 3409 2494 sunt
3443 2440 3586 2493 enim

2004 2544 2069 2584 ex
2130 2528 2365 2601 Egypto
2417 2545 2515 2601 per
2564 2529 2748 2586 Mosen
2803 2531 3086 2596 lsraelitae,
3136 2539 3191 2587 et
3252 2531 3589 2586 intolerabile

2006 2623 2287 2677 servitutis
2310 2621 2501 2693 jugum
2536 2633 2920 2691 excusserunt,
2958 2624 3224 2693 longeque
3254 2622 3503 2693 plurimis
3535 2633 3592 2679 et

2009 2711 2419 2768 admirabilibns
2468 2713 2640 2783 signis
2681 2714 2735 2769 in
2771 2728 2831 2769 se
2874 2713 3036 2768 editis
3069 2713 3283 2767 tandem
3314 2714 3589 2782 exierunt,

2009 2804 2453 2876 transieruntque
2481 2821 2578 2877 per
2605 2820 2755 2861 mare
2785 2807 2984 2877 ipsum,
3012 2807 3366 2860 comederunt
3395 2820 3589 2874 panem

2009 2898 2076 2952 de
2108 2897 2269 2961 caelo,
2306 2907 2362 2954 et
2395 2913 2591 2968 aquam
2624 2899 2689 2953 de
2727 2904 2881 2968 petra
2932 2899 3306 2967 inexspectato
3340 2898 3589 2951 eductam

2010 2987 2063 3041 in
2111 2987 2405 3044 solitudine
2438 2990 2777 3045 biberunt".
2808 2989 2947 3057 Quid
2988 2989 3367 3061 igitnrrmiseri
3389 2990 3415 3043 ?
3438 2990 3593 3044 Mose

2013 3081 2261 3145 absente,
2282 3080 2509 3135 vitulum
2533 3080 2837 3140 conﬂarunt
2860 3081 2926 3144 “,
2946 3090 3071 3136 etut
3099 3080 3360 3151 propheta
3390 3080 3550 3135 habet
3574 3094 3594 3132 :

316 3192 438 3240 veg;
488 3173 1047 3243 Μεμοσχοποιήκασιν
1093 3171 1326 3234 ἀπόντος
1372 3170 1638 3234 Μωσέως,
1687 3171 1780 3223 xal.
1831 3169 1906 3233 ὡς

2018 3190 2036 3224 ι
2069 3169 2441 3242 Susceperunt
2494 3173 2900 3228 tabernaculum
2945 3172 3178 3238 Moloch,
3221 3184 3276 3230 et
3312 3175 3460 3230 sidus
3501 3173 3591 3228 Dei

316 3269 348 3319 6
392 3268 680 3336 προφήτης
728 3266 911 3336 φησὶν,
973 3283 991 3315 ι
1063 3262 1352 3315 Ἀνέλαϐον
1404 3262 1503 3331 τὴν
1552 3262 1758 3333 σκηνὴν
1811 3261 1905 3315 τοῦ

319 3358 519 3427 Μολὸχε
569 3358 662 3410 καὶ
700 3356 761 3409 τὸ
792 3356 991 3427 ἄστρον
1023 3353 1116 3408 τοῦ
1146 3353 1280 3407 Θεοῦ
1309 3350 1487 3406 αὐτῶν
1530 3354 1749 3424 Ῥεφάν,
1779 3354 1909 3419 τοὺς

317 3450 524 3513 τύπους
569 3448 660 3513 οὓς
696 3449 1026 3519 πεποιήκασι
1080 3448 1402 3517 προσκυνεῖν
1443 3447 1646 3509 αὐτοῖς.
1695 3464 1714 3499 ι
1768 3446 1906 3498 Ἀλλ’

319 3547 521 3598 ἐκεῖνοι
574 3544 672 3615 μὲν
721 3539 1025 3595 διολώλασι.
1087 3559 1106 3591 ι
1173 3539 1439 3592 Πέπτωκε
1477 3538 1589 3609 γὰρ
1640 3537 1710 3591 τὰ
1759 3537 1908 3591 κῶλα

320 3637 507 3694 αὐτῶν
537 3638 593 3689 ὲν
632 3638 695 3707 τῇ
736 3636 947 3706 ἐρήμῳ,
989 3651 1007 3685 ι
1043 3631 1188 3687 καθά
1214 3631 1546 3703 γέγραπται.
1594 3630 1814 3701 Ἐπειδὴ
1852 3630 1935 3727 δὲ.

318 3728 582 3798 διέϐησαν
605 3726 694 3780 τὸν
728 3725 998 3797 Ἰορδάνην
1018 3723 1066 3776 οί
1094 3722 1210 3794 μετ’
1229 3722 1448 3787 αὐτοὺς,
1472 3720 1909 3797 στρατηγοῦντος

332 3818 538 3891 Ἰησοῦ,
583 3817 743 3871 πάλιν
791 3814 887 3869 τοῦ
931 3813 1125 3886 χρόνου
1170 3810 1579 3885 προϐαίνοντος,
1621 3808 1910 3879 γεγονότες

321 3912 432 3966 ὑπὸ
474 3909 689 3982 κριτάς,
720 3906 1113 3979 λελατρεύκασι
1144 3906 1257 3970 τοῖς
1300 3901 1558 3968 εἰδώλοις.
1609 3902 1772 3959 Ἀλλὰ
1814 3904 1912 3958 καὶ

319 4009 382 4061 ὲν
429 4005 645 4076 καιροῖς
680 4002 798 4056 ’τῶν
824 4001 991 4070 ἁγίων
1024 4000 1321 4071 προφητῶν
1363 3995 1627 4051 τεθύκασι
1666 3998 1789 4061 ταῖς
1819 3995 1913 4049 δα-

323 4098 527 4171 μάλεσι
560 4098 677 4159 ταῖς
706 4096 954 4166 χρυσαῖς,
989 4091 1055 4157 ἃς
1092 4090 1393 4161 πεποίηκεν
1428 4091 1610 4155 αὐτοῖς
1640 4091 1669 4144 6
1700 4088 1913 4160 ἐπάραο

320 4208 417 4255 τος
458 4188 760 4261 Ἱεροὸοάμ.
798 4186 905 4240 Καὶ
940 4184 1077 4257 πρὸς
1112 4183 1321 4248 τούτοις
1362 4182 1442 4237 ετι
1472 4183 1674 4254 τεμένη
1719 4200 1777 4236 τε
1817 4181 1913 4236 καὶ

325 4284 550 4357 βωμοὺς
580 4281 918 4346 ἀνιστάντες,
952 4278 1106 4333 οὐδὲν
1129 4272 1292 4350 ἦττον
1329 4278 1810 4351 προσκεκυνήκασι
1836 4274 1914 4345 τῷ

323 4379 492 4444 Βαάλ,
526 4378 603 4449 τῷ
629 4375 856 4447 Χαμὼς,
887 4378 954 4446 τῇ
998 4373 1290 4453 ’Δστάρτῃ,
1319 4370 1400 4442 τῷ
1427 4367 1771 4441 Βαελφεγώρ.
1803 4368 1914 4427 Καὶ

319 4473 385 4527 τὸ
413 4472 623 4526 τούτων
653 4468 909 4523 ἐπέκεινα
940 4466 1049 4520 τῶν
1080 4466 1287 4526 κακῶν,
1325 4464 1388 4517 οῦ
1422 4460 1531 4533 γὰρ
1566 4462 1632 4533 δὴ
1660 4463 1761 4533 τὴν
1785 4460 1915 4528 ἀγε-

321 4567 485 4622 λαίαν
525 4564 621 4619 καὶ
661 4561 977 4633 συρφετώδη
1022 4558 1233 4629 πληθὺν
1277 4556 1445 4627 μόνην
1489 4556 1547 4607 ὲν
1576 4553 1787 4616 τούτοις
1815 4568 1911 4620 γε-

322 4656 514 4710 νέσθαι
550 4652 764 4724 φαμὲν,
795 4651 930 4704 ἀλλὰ
959 4649 1068 4720 γάρ
1098 4649 1191 4702 καὶ
1234 4646 1293 4712 ἐξ
1339 4645 1517 4700 αὐτῶν
1556 4644 1666 4698 τῶν
1720 4643 1909 4715 ἱερέων

321 4744 718 4808 ὲκκεκλικότας
775 4741 1005 4805 πολλοὺς
1077 4741 1401 4811 εὑρήσομεν.
1466 4735 1756 4808 Τοιγάρτοι
1816 4734 1911 4788 καὶ

322 4841 531 4910 ἔφασκε
564 4836 651 4895 διὰ
681 4831 776 4899 τοῦ
820 4832 1100 4905 προφήτου
1144 4834 1173 4885 6
1221 4828 1388 4893 Θεόςο
1437 4846 1456 4880 ι
1494 4829 1555 4881 Oi
1594 4828 1756 4898 ἱερεῖς
1809 4826 1912 4884 οὐκ

322 4928 486 4984 εἶπαν
506 4947 520 4961 ·
555 4926 666 4983 Ποῦ
709 4929 825 4981 ἔστι
866 4924 1111 4996 Κύριος;
1162 4922 1255 4976 καὶ
1285 4923 1333 4975 οἱ
1367 4921 1713 4991 ἀντεχόμενοι
1743 4921 1908 4989 νόμου

322 5024 425 5075 οὐκ
458 5017 760 5090 ἠπίσταντὸ
791 5033 879 5088 με,
920 5015 1016 5068 καὶ
1039 5016 1086 5068 οί
1117 5013 1373 5084 ποιμένες
1402 5011 1633 5082 ἠσέϐουν
1671 5011 1750 5073 εἰς
1786 5008 1908 5078 ἐμὲ,

324 5116 420 5167 καὶ
459 5116 508 5167 οί
554 5111 832 5183 προφῆται
880 5108 1251 5179 προεφήτευον
1291 5108 1357 5177 τῇ
1402 5104 1569 5167 Βαὰλ,
1606 5103 1700 5156 καὶ
1735 5101 1913 5155 ὀπίσω

325 5204 641 5276 ἀνωφελοῦς
695 5201 1089 5273 ἐπορεύθησαν.
1134 5218 1151 5250 ι
1200 5199 1462 5252 Τεθέαται
1506 5197 1561 5250 δὲ
1590 5196 1685 5249 καὶ
1718 5195 1746 5247 ὁ
1784 5211 1918 5265 προ-

326 5303 509 5373 φήτης
549 5296 810 5368 ἰεζεχιὴλ
838 5296 912 5361 ὡς
940 5296 1111 5351 εἴκοσι
1152 5294 1245 5347 καὶ
1288 5292 1447 5345 πέντε
1490 5290 1688 5361 ἄνδρας
1717 5290 1782 5341 ὲκ
1810 5286 1918 5341 τῶν

325 5387 719 5460 πρεσϐυτέρων
784 5383 1021 5456 Ἰσραὴλ,
1079 5382 1147 5435 τὰ
1201 5380 1424 5435 ὀπίσθια
1484 5380 1643 5451 μόνον
1696 5377 1921 5450 ἔχοντας

328 5485 466 5553 πρὸς
498 5480 592 5535 τὸν
627 5479 756 5532 ναὸν
786 5478 1017 5548 Κυρίου,
1052 5475 1146 5529 καὶ
1178 5474 1247 5528 τά
1285 5474 1555 5544 πρόσωπα
1584 5470 1764 5525 αὐτῶν
1812 5471 1923 5523 ἁπ-

399 5687 446 5719 aa
482 5684 671 5738 λιειιηι,
699 5700 791 5745 γει,
821 5683 874 5736 6.
942 5681 986 5711 ⁸³
1023 5680 1189 5734 Exod.
1226 5695 1334 5741 xw,
1364 5680 1382 5733 l
1415 5695 1565 5749 seqq.
1597 5696 1609 5740 ;

334 5774 387 5823 γι,
416 5760 508 5810 ιλιι.
590 5755 819 5810 ²⁶11ε1›ι.
857 5769 934 5815 ιιι,
980 5752 1061 5805 l7.
1143 5751 1185 5781 ’⁷
1224 5749 1288 5804 ιιι
1318 5750 1445 5821 Reg.
1485 5751 1791 5813 unas-55.

2012 3265 2252 3335 ipsorum
2294 3265 2598 3335 Rbempba,
2653 3265 2857 3337 ﬁguras
2893 3282 3032 3336 quas
3072 3267 3594 3333 fecerunt,adorarc

2010 3372 2103 3413 eas
2125 3358 2189 3412 ³⁸.
2222 3376 2242 3408 ι
2270 3355 2378 3417 Sed
2400 3357 2471 3411 illi
2493 3358 2708 3429 quidem
2730 3361 3026 3430 perierunt.
3052 3380 3071 3411 ι
3096 3361 3419 3416 Ceciderunt
3448 3362 3592 3416 enim

2013 3450 2253 3503 membra
2324 3463 2511 3505 eorum
2578 3451 2632 3505 in
2717 3454 2972 3518 deserto,
3024 3473 3043 3506 ι
3115 3454 3257 3509 sicut
3325 3455 3590 3523 scriptum

2012 3542 2182 3597 est".
2214 3540 2313 3597 Ast
2341 3543 2431 3597 ubi
2468 3543 2670 3611 posteri
2696 3559 2881 3598 eorum
2910 3544 3199 3601 Iordanem
3234 3547 3592 3612 transierunt,

2012 3633 2147 3688 duce
2175 3632 2363 3700 Josue,
2396 3634 2591 3689 deinde
2621 3637 2949 3702 procedente
2993 3647 3235 3707 tempore
3268 3638 3595 3708 subjudici-

2012 3723 2114 3779 bus
2147 3723 2387 3792 fuerunt,
2440 3726 2750 3782 servierunt
2787 3728 2964 3784 idolis.
2999 3728 3104 3785 Sed
3151 3739 3207 3785 et
3261 3729 3598 3799 temporibus

2012 3824 2329 3873 sanctorum
2371 3819 2758 3889 prophetarum
2802 3820 3250 3877 sacriﬁcaverunt
3278 3822 3466 3877 vitulis
3497 3837 3600 3877 au-

2014 3905 2144 3969 reis,
2187 3921 2329 3978 quos
2351 3908 2433 3964 eis
2463 3907 2596 3965 fecit
2632 3908 2957 3969 maledietus
2979 3909 3356 3970 Jeroboam".
3392 3912 3458 3967 Et
3506 3911 3593 3966 in-

2014 4014 2180 4070 super
2207 4001 2452 4070 delubra,
2485 4012 2540 4058 et
2576 4017 2702 4060 aras
2736 4006 3032 4075 erigentes,
3066 4004 3418 4061 nihilominus
3444 4005 3595 4071 Baal,

2014 4089 2273 4157 Cbamos,
2313 4092 2591 4157 Astarten,
2624 4091 2957 4164 Beelpbegor
2995 4094 3315 4151 adorabant.
3358 4095 3424 4151 Et
3454 4097 3599 4166 quod

2017 4183 2177 4238 malis
2207 4183 2327 4238 istis
2365 4183 2539 4254 pejus,
2590 4199 2697 4240 non
2731 4184 3003 4254 plebeium
3050 4195 3103 4240 et
3138 4186 3374 4257 ignobile
3404 4189 3597 4259 vulgus

2018 4284 2226 4329 tantum
2274 4276 2329 4330 in
2361 4275 2446 4331 his
2481 4274 2653 4331 fuisse
2683 4278 2934 4347 dicimus,
2984 4280 3079 4334 sed
3114 4295 3179 4333 ex
3230 4280 3347 4349 ipso
3382 4296 3597 4350 quoque

2016 4364 2361 4421 sacerdotum
2389 4368 2583 4423 ordine
2610 4371 2813 4425 multos
2841 4369 3129 4426 deﬂexisse
3157 4381 3392 4426 constat.
3417 4372 3597 4439 Quare

2017 4465 2074 4514 et
2105 4471 2205 4527 per
2236 4456 2557 4529 prophetam
2590 4458 2809 4515 dicebat
2840 4459 2982 4515 Dens
3016 4477 3030 4514 :
3064 4480 3083 4512 ι
3116 4460 3441 4517 Sacerdotes
3490 4477 3597 4516 non

2018 4551 2313 4607 dixerunt:
2348 4550 2450 4607 Ubi
2501 4562 2586 4608 est
2632 4551 2932 4609 Dominus?
2962 4564 3016 4608 et
3059 4554 3375 4624 proﬁtentes
3424 4554 3597 4625 legem

2017 4660 2123 4699 non
2162 4642 2529 4714 agnoscebant
2571 4660 2677 4711 me,
2705 4656 2759 4701 et
2783 4646 2948 4716 815
2975 4655 3221 4716 pastores
3273 4646 3438 4714 impie
3469 4662 3597 4714 age-

2017 4739 2149 4793 bant
2176 4737 2230 4792 in
2266 4752 2372 4805 me,
2407 4746 2463 4793 et
2489 4737 2766 4808 propheta:
2793 4737 3190 4809 prophetabant
3221 4738 3370 4805 Baal,
3398 4748 3451 4793 et
3476 4751 3600 4810 post

2021 4829 2210 4885 inutile
2239 4829 2585 4885 οὺῑειιιιιιμ.
2620 4849 2640 4884 ι
2672 4831 2819 4887 Vidit
2849 4833 3015 4887 etiam
3046 4832 3307 4903 propheta
3340 4832 3598 4889 Ezechiel

2019 4921 2240 4977 tirt'iter
2278 4920 2467 4992 viginti
2500 4921 2741 4992 quinque
2784 4922 2934 4977 viros
2983 4921 3051 4977 de
3082 4923 3393 4978 senioribus
3434 4923 3600 4977 Israel

2021 5022 2171 5083 terga
2207 5023 2416 5070 tantum
2441 5015 2792 5071 obvertentes
2822 5015 3026 5086 templo
3063 5015 3300 5083 Domini,
3334 5026 3389 5071 et
3421 5017 3603 5070 thlltts

2021 5107 2352 5165 avertentes,
2389 5113 2455 5154 ac
2494 5099 2665 5155 solem
2692 5115 2882 5155 versus
2911 5100 3181 5155 orientem
3218 5099 3508 5155 adorantes
3532 5098 3600 5151 ”.

2015 5192 2084 5247 Et
2125 5192 2495 5261 hujuscemodi
2531 5192 2762 5264 plurima
2811 5193 3160 5249 accumulare
3205 5191 3341 5246 nihil
3377 5200 3460 5244 est
3512 5205 3606 5244 nc-

2018 5283 2169 5354 gotii.
2211 5282 2542 5339 Suﬂ’ecerint
2568 5293 2779 5348 autem,
2813 5283 3029 5354 opinor,
3059 5291 3115 5340 et
3160 5283 3276 5336 haec
3314 5280 3379 5331 ad
3412 5293 3600 5333 eorum

2020 5373 2309 5429 ruditatem
2375 5374 2824 5429 eonvincendam.
2890 5372 3031 5441 Ergo
3094 5369 3392 5425 ﬁnetuahat
3452 5386 3606 5424 mens

2022 5477 2295 5533 veterum,
2333 5474 2391 5521 et
2433 5465 2700 5525 delirabat
2748 5476 3097 5534 magnopere.
3134 5460 3404 5527 Quocirca
3440 5471 3498 5519 et
3540 5463 3607 5519 de

1651 5694 1757 5736 xvi.
1812 5679 1828 5731 1
1873 5692 1921 5729 se

1651 5751 1791 5801 6-573.
1872 5750 1913 5779 ε’

2010 5692 2047 5733 .;
2079 5673 2237 5727 Nunt.
2267 5688 2332 5726 xx
2358 5670 2542 5736 ,t-ts.
2604 5669 2646 5700 ’³
2682 5668 2851 5723 Exod.
2884 5682 3054 5737 xxx",
3085 5669 3107 5724 1
3144 5684 3297 5742 seqq.
3361 5671 3407 5705 "
3439 5671 3619 5734 Amos.

2018 5763 2144 5802 rem.
2181 5760 2239 5802 ιι.
2274 5747 2323 5796 8.
2421 5745 2463 5774 ’³
2497 5740 2695 5797 Ezech.
2730 5754 2844 5802 \‘lll,
2872 5740 2956 5797 16.

1872 5752 1913 5779 ε’
1949 5752 2144 5803 let-cut.
2181 5760 2239 5809 ιι,
2274 5752 2323 5796 δ.

2421 5745 2463 5774 ’³
2497 5740 2695 5797 Ezecb.
2730 5754 2844 5805 \‘lll,
2872 5740 2956 5797 16.
