4042 6196
407 260 518 317 ῑκὸ

1405 257 1464 314 S.
1506 256 1780 314 CYRILLI
1821 248 2652 314 ALEXANDRINI'ARCHIEP.

3567 256 3672 310 εει

413 394 528 434 rem
547 385 600 432 et
637 374 962 432 sanctiorem
987 376 1298 446 complexus
1322 387 1438 440 est;
1477 387 1554 441 ut,
1603 379 1834 445 exempli
1860 395 1985 434 cau-

2088 376 2340 445 εγνωκὼς
2368 375 2422 428 δὲ
2450 375 2524 439 ὡς
2545 375 2677 439 Θεὸς
2703 375 2770 430 τὰ
2801 376 2934 447 παρ’
2964 373 3164 447 ὸμςεοῖν
3188 374 3419 446 ἐσόμενα
3461 376 3553 429 καὶ
3579 378 3671 428 τίν

411 485 492 534 sa,
527 469 690 522 etiam
723 467 938 522 beatum
965 467 1254 521 Jeremiam
1286 470 1597 536 priustluam
1628 487 1750 525 cum
1783 471 1983 526 fortna-

411 567 494 613 ret
524 559 577 610 in
619 567 800 618 utero,
833 557 1048 610 novisse
1085 571 1142 608 se
1206 556 1430 620 dicil,et
1464 558 1859 625 sanctiﬁcasse,
1889 576 1982 613 an-

411 657 626 716 tequam
655 646 720 700 de
755 645 910 698 vulva
933 647 1108 699 exiret
1135 645 1200 700 “.
1277 646 1494 700 Sciebat
1527 647 1730 714 utique,
1780 651 1986 704 sciebat

410 751 531 788 eum
571 736 889 804 prophetam
919 734 1180 796 futurum,
1210 744 1257 789 et
1290 737 1355 787 ad
1405 735 1580 789 futura
1619 741 1984 805 praenuntian-

409 829 474 876 da
507 825 737 889 legatum
763 825 1036 878 idoneum.
1067 826 1155 878 Sic
1188 837 1239 880 et
1273 841 1369 879 nos
1405 826 1548 892 ipsos
1574 827 1624 880 in
1655 829 1758 882 fide
1783 829 1984 896 justiﬁ-

411 925 560 968 vatos
607 915 932 969 sanctilicnri
981 916 1193 968 divinus
1244 917 1438 971 Paulus
1493 922 1690 975 asserit
1729 939 1741 975 :
1781 941 1799 972 ι
1839 921 1986 987 Quos

411 1009 554 1060 cnim
589 1007 875 1075 praescivit,
913 1007 1030 1059 illos
1057 1019 1109 1060 ct
1139 1009 1542 1074 przedestinavit
1565 1012 1703 1065 Deus
1729 1021 1784 1066 et
1827 1011 1986 1066 Pater

411 1097 716 1149 conformes
739 1095 852 1148 ﬁeri
879 1096 1097 1164 imagini
1130 1096 1245 1150 Filii
1275 1097 1355 1150 sui
1379 1097 1443 1150 ⁸⁸.
1475 1117 1492 1146 ›
1521 1097 1746 1152 Eosdem
1766 1113 1986 1152 vocasse

411 1187 851 1241 etsanctitlcasse
898 1186 1095 1240 ibidem
1153 1187 1370 1240 dicitur.
1454 1186 1641 1257 Itaque
1689 1186 1982 1242 secundum

412 1279 807 1349 prmseientiam
836 1278 1032 1347 dignus
1066 1277 1357 1334 dilectione
1407 1279 1636 1334 habetur
1693 1277 1883 1341 Iacob.
1930 1288 1985 1335 et

412 1379 649 1422 tueretur
682 1368 863 1422 odium
889 1369 1050 1423 Esau.
1082 1369 1260 1436 lnquit
1307 1368 1490 1438 igitur,
1519 1385 1553 1423 ο
1581 1369 1769 1432 lsrael,
1826 1387 1848 1422 ι
1893 1369 1982 1424 Di-

411 1459 513 1512 texi
547 1473 659 1512 vos.
699 1477 718 1509 ι
753 1457 858 1512 Nec
890 1459 1120 1512 mentiar
1143 1457 1250 1512 ulio
1294 1458 1452 1513 modo
1475 1497 1488 1522 ,
1519 1459 1562 1512 si
1622 1459 1696 1513 ita
1724 1460 1875 1514 vobis
1897 1461 1979 1514 di-

411 1563 530 1600 cam
565 1565 580 1602 :
614 1563 737 1600 nam
771 1557 830 1600 ut
867 1562 951 1600 me
992 1557 1136 1601 recta
1167 1558 1220 1602 et
1253 1561 1381 1600 vera
1437 1548 1582 1616 loqui
1617 1552 1981 1618 cognoscatis,

411 1639 478 1692 ad
508 1637 832 1708 principium
854 1639 1068 1707 generis
1109 1638 1325 1691 modum
1385 1638 1694 1694 dilectionis
1720 1643 1977 1696 reducite.

2085 470 2314 522 ἑκάστου
2362 467 2582 537 τρόπον,
2618 468 2838 538 ἀγάπης
2882 467 3032 537 ἠξίου
3078 468 3170 521 τὸν
3214 468 3425 537 ἀμείνω
3470 484 3526 520 τε
3578 479 3669 518 και

2085 558 2394 629 ἱερώτερον⁸
2426 557 2676 626 καθάπερ
2721 557 2910 628 ἀμέλει
2957 557 3167 609 καὶτὸν
3199 555 3468 626 μακάριον
3504 555 3666 624 Ἰερεο

2089 650 2218 718 μίαν
2273 649 2400 716 πρὶν
2452 650 2508 701 ἐν
2564 647 2741 716 κοιλία
2790 646 3082 700 διαπλάσαι
3130 647 3294 716 φησὶν
3344 643 3666 712 ἐγνωκέναι.

2085 741 2311 808 ἁγιάσαι
2350 757 2407 792 τε
2448 739 2575 810 πρὶν
2603 738 2837 802 ἐξελθεῖν
2867 739 2930 791 ἐκ
2967 737 3359 808 μήτραςβῌδει
3387 735 3514 806 γὰρ,
3551 735 3684 805 ᾔδει·

2085 833 2372 902 προφήτην
2429 831 2706 901 ἐσόμενον,
2756 833 2850 884 καί¹
2920 830 3238 897 ἐπιτηδείως
3287 815 3477 898 ἔχοντα
3534 827 3679 898 πρὸς

2086 922 2409 992 ἀποστολὴν,
2441 921 2538 992 τὴν
2568 921 2660 973 ἐπὶ
2699 921 2755 973 τὸ
2796 921 2905 974 δεῖν
2948 921 3056 972 τῶν
3084 919 3356 988 ἐσομένων
3392 915 3664 970 ποιεῖσθαι

2085 1013 2186 1084 τὴν
2215 1013 2631 1084 προαγόρευσιν.
2663 1011 2816 1065 Οὕτω
2845 1011 2901 1065 δὲ
2935 1012 3030 1064 καὶ
3054 1012 3200 1080 ἡμᾶς
3226 1010 3420 1070 αὐτοὺς
3451 1009 3576 1068 τοὺς
3605 1009 3661 1058 ὲν

2087 1105 2266 1157 πίστει
2315 1103 2769 1172 δεδικαιωμένους
2813 1102 3068 1173 ήγιᾶσθαί
3111 1118 3274 1170 φησιν
3311 1103 3338 1153 6
3381 1099 3663 1162 θεσπέσιος

2085 1195 2317 1258 Παῦλος.
2371 1213 2389 1246 ι
2415 1193 2522 1256 Οὒς
2558 1194 2666 1264 γὰρ
2694 1193 2853 1262 ἔγνω,
2883 1194 2976 1247 καὶ
3006 1191 3330 1266 προώρισεν,
3359 1193 3386 1243 6
3414 1191 3546 1251 Θεὸς
3571 1191 3666 1242 καὶ

2087 1289 2296 1360 Πατὴρ,
2326 1288 2682 1359 συμμόρφους
2727 1288 2829 1356 τῆς
2880 1287 3087 1349 είκόνος
3128 1285 3220 1338 τοῦ
3252 1284 3382 1337 Υἱοῦ
3415 1283 3599 1338 αὑτοῦ.
3643 1303 3660 1332 ι

2085 1379 2320 1441 Τούτους
2357 1377 2582 1432 καλέσαι
2636 1391 2696 1429 τε
2747 1377 2838 1430 καὶ
2892 1377 3114 1444 ἁγιάσαι
3167 1375 3404 1442 λέγεται.
3459 1372 3666 1426 οὐκοῦν

2083 1470 2228 1524 κατὰ
2259 1471 2567 1540 πρόγνωσιν
2603 1468 2826 1537 ἠξίωται
2859 1469 2956 1538 μὲν
2990 1468 3208 1536 ἀγάπης
3237 1469 3263 1518 6
3316 1463 3530 1527 Ἰακὼϐ,
3572 1481 3665 1532 με·

2087 1560 2309 1630 μίσηται
2334 1560 2388 1612 δὲ
2415 1558 2640 1621 δικαίως
2667 1561 2696 1611 6
2739 1554 3006 1611 Ἱισαῦ.Ὦ
3033 1557 3228 1618 τοίνυν,
3256 1556 3408 1624 φησὶ,
3427 1555 3664 1627 Ἰσραὴλ,

2089 1670 2108 1702 ι
2154 1651 2452 1722 Ἥγάπησα
2491 1651 2590 1720 μὲν
2637 1650 2799 1720 ὑμᾶς.
2851 1670 2866 1698 ι
2906 1649 3394 1718 Ψευδομυθὴσαιμι
3443 1649 3552 1717 γὰρ
3603 1647 3668 1700 ἂν

411 1729 584 1782 Ambo
609 1728 751 1781 enini
789 1735 907 1781 salu
949 1726 1116 1781 lsaaci
1181 1739 1342 1783 erant
1379 1729 1548 1785 editi:
1590 1745 1776 1785 verum
1821 1731 1985 1786 Jacob

2088 1739 2361 1809 οὐδαμῶς,
2395 1743 2441 1792 εί
2491 1739 2647 1792 τοῦτο
2698 1739 2909 1808 λέγοιμι
2951 1738 3082 1808 πρὸς
3131 1740 3275 1808 ὑμᾶς
3303 1754 3315 1768 °
3347 1737 3559 1790 εἴσεσθε
3611 1737 3667 1788 δὲ

410 1823 519 1874 vita
550 1822 744 1884 bonus,
784 1831 840 1874 et
873 1836 1061 1875 amans
1101 1821 1230 1884 Dei;
1268 1821 1406 1876 alter
1442 1823 1784 1892 praefractus,
1814 1832 1868 1878 et
1900 1825 1984 1878 in-

411 1919 512 1962 “'31
534 1910 730 1974 tabilis,
765 1919 820 1964 et
842 1910 907 1964 ad
931 1911 1142 1978 piacula
1175 1927 1278 1965 non
1304 1912 1619 1980 imparatus.
1643 1900 1988 1983 Quapropter

413 2002 663 2054 inclinavi
720 2002 773 2054 in
801 1997 992 2062 Iacob,
1021 2010 1076 2054 et
1105 2001 1468 2056 lmreditatem
1500 2003 1637 2056 Esau
1671 2005 1984 2059 attributam

413 2093 641 2152 vastavi,
664 2091 944 2159 ipsamque
973 2092 1024 2144 in
1049 2092 1440 2146 desolationem
1487 2093 1630 2149 dedi.
1685 2093 1982 2150 Hteredita-

413 2190 522 2232 tetn
554 2193 682 2232 vero
707 2177 878 2234 Jacob
911 2179 1107 2250 collegi
1149 2181 1483 2250 indulgentia
1533 2197 1670 2247 mea,
1734 2187 1836 2238 hoc
1903 2196 1988 2240 cst

410 2284 528 2332 vos,
558 2269 672 2322 sive
704 2267 984 2337 regionem
1007 2282 1165 2336 quam
1197 2271 1452 2325 incolitis.
1507 2271 1795 2328 Sciendum
1825 2290 1986 2344 porro

412 2359 552 2410 Esau
577 2356 896 2410 vocabulum
929 2358 1121 2426 expOtti
1167 2356 1355 2411 Latine
1376 2375 1597 2429 quercus
1624 2376 1642 2414 :
1886 2359 1986 2416 fuit

404 2463 554 2498 enim
581 2447 771 2508 durus,
799 2455 855 2502 et
882 2447 1186 2504 inﬂexibilis
1210 2449 1381 2503 instar
1401 2448 1552 2506 duras
1573 2465 1829 2520 quercus.
1849 2451 1983 2520 Quia

412 2549 592 2594 autem
623 2549 842 2610 propter
885 2558 1048 2596 unam
1080 2557 1260 2598 escam
1292 2544 1535 2600 vendidit
1567 2546 1838 2616 primitiva
1865 2563 1982 2612 sua,

407 2631 708 2700 appellatus
739 2643 822 2686 est
845 2633 972 2688 item
997 2632 1197 2702 Edom,
1231 2639 1376 2705 quod
1401 2647 1558 2692 sonat
1581 2647 1838 2693 terrenus.
1880 2638 1987 2694 Un-

341 2751 348 2758 -
411 2723 480 2777 de
505 2733 556 2778 et
580 2724 854 2794 regionem
886 2735 1222 2794 posterorum
1270 2725 1409 2781 Esau
1431 2725 1716 2782 ldumtcam
1742 2729 1986 2783 nomina-

411 2822 521 2866 tam
555 2827 710 2869 sacra
734 2813 1014 2884 Scriptura
1044 2823 1276 2871 testatur
1300 2817 1366 2880 ",
1451 2832 1617 2886 quam
1703 2819 1984 2873 subactam

409 2905 698 2972 aliquando
756 2903 924 2961 Judaei
971 2907 1270 2962 desolatam
1332 2917 1387 2962 et
1427 2909 1700 2963 desertam
1767 2911 1986 2979 penitus

412 2995 785 3048 reddiderunt.
821 2996 960 3061 Quid
989 3005 1168 3050 autem
1203 2997 1483 3064 prepbctia
1521 2997 1780 3052 lsruelitis
1839 3001 1983 3060 indi,-

2091 1832 2315 1902 μᾶλλον,
2340 1831 2415 1894 ῶς
2437 1831 2581 1885 ἐστιν
2607 1831 2764 1901 ὀρθός
2791 1848 2844 1882 τε
2875 1832 2966 1883 καὶ
2989 1830 3193 1899 ἀληθὴς
3221 1830 3248 1882 6
3273 1829 3450 1895 λόγος,
3476 1829 3553 1890 είς
3568 1827 3667 1896 τὴν

2086 1921 2180 1974 τοῦ
2210 1923 2399 1989 γένους
2431 1921 2604 1992 ἀρχὴν
2649 1921 3013 1991 ἀναφέροντες
3043 1921 3138 1989 τῆς
3174 1921 3394 1989 ἀγάπης
3423 1919 3514 1970 τὸν
3538 1918 3665 1988 τρό-

2087 2014 2419 2082 πον.”Αμφω
2454 2014 2550 2082 μὲν
2578 2011 2685 2082 γὰρ
2712 2013 2880 2082 ηστην
2914 2011 3171 2077 ὲξἸσαόικ
3195 2027 3209 2042 ·
3241 2011 3352 2064 ἀλλ’
3371 2007 3439 2082 ἦν
3467 2011 3668 2079 ἀγαθὸς

2086 2103 2210 2166 τους
2240 2104 2476 2172 τρόπους
2504 2103 2597 2156 καὶ
2624 2103 2866 2171 φιλόθεος
2893 2103 2920 2153 6
2949 2100 3140 2154 Ἰακὼϐ
3163 2146 3174 2161 ,
3207 2103 3234 2154 ὅ
3262 2118 3325 2170 γε
3359 2101 3464 2170 μὴν
3482 2100 3668 2167 ἕτερος

2090 2195 2346 2265 σκληρὸς,
2373 2195 2464 2247 καὶ
2496 2195 2846 2264 δυσάντητος,
2882 2194 2975 2246 καὶ
3000 2193 3215 2264 ἕτοιμος
3244 2195 3322 2256 είς
3349 2193 3664 2262 βεϐήλωσιν.

2088 2285 2360 2358 Ταύτῃτοι
2386 2287 2757 2356 προσνένευκα
2787 2285 2865 2355 τῷ
2902 2285 3116 2348 Ἰακὼϐ,
3150 2287 3244 2339 καὶ
3271 2285 3361 2338 τὸν
3390 2286 3490 2354 μὲν
3516 2288 3668 2338 ἐκνε-

2082 2371 2334 2443 μηθέντα
2386 2373 2463 2442 τῷ
2499 2373 2672 2425 Ἠσαῦ
2730 2373 3076 2442 κατηφάνισα
3129 2374 3351 2444 κλῆρον,
3375 2373 3562 2426 ἔδωκά
3608 2391 3666 2426 τε

2083 2463 2246 2516 αὑτὸν
2275 2465 2350 2526 είς
2383 2465 2660 2534 ἐρήμωσιν
2678 2479 2692 2495 ⁶
2723 2464 3138 2534 συγκεκρότηκα
3164 2465 3221 2517 δὲ
3248 2468 3312 2536 τῇ
3355 2466 3482 2535 παρ’
3502 2465 3669 2534 ἐμαυ-

2085 2551 2179 2605 τοῦ
2234 2552 2406 2620 φειδοῖ
2445 2553 2536 2605 τὸν
2590 2553 2682 2606 τού
2727 2553 2942 2617 Ἰακὼϐ,
2987 2555 3262 2608 τουτέστιν
3304 2557 3468 2626 ὑμᾶς,
3501 2556 3668 2626 ἤγουν

2084 2641 2186 2710 τὴν
2216 2640 2417 2711 χώραν,
2442 2644 2508 2709 ἦν
2537 2643 2916 2712 κατῳκήκατε.
2935 2643 3129 2697 ’ἰστέον
3160 2644 3238 2708 δέ,
3265 2647 3347 2698 ὅτι
3375 2643 3672 2714 ἑρμηνεύε-

2086 2751 2176 2787 ται
2217 2735 2315 2804 μὲν
2348 2733 2512 2802 δρῦς,
2556 2733 2791 2804 σκληρὸς
2823 2735 2878 2787 δέ
2905 2735 3000 2788 καί⁵
3031 2735 3312 2806 ἁκαμπὴς,
3347 2735 3438 2789 καὶ
3464 2737 3574 2799 τοῖς
3606 2736 3668 2788 ἐκ

2084 2824 2243 2894 δρυὸς
2275 2825 2449 2892 ξύλοις
2487 2825 2666 2892 ὀλίγον
2696 2825 3042 2895 παραχωρῶν
3079 2828 3108 2878 6
3140 2826 3332 2880 Ἡσαῦ.
3373 2827 3668 2895 ’Δπεμπω-

2086 2913 2258 2984 λήσας
2301 2915 2359 2968 δέ
2391 2915 2486 2967 καὶ
2519 2915 2588 2966 τὰ
2637 2915 2980 2986 πρωτοτόκια
3013 2915 3266 2986 βρώσεως
3302 2915 3488 2969 ἕνεκεν
3517 2916 3666 2984 μιᾶς.

2085 3005 2400 3076 ὠνόμασται
2444 3003 2508 3075 δὴ
2540 3005 2635 3058 καὶ
2680 3003 2880 3075 Ἐδὼμ,
2913 3006 2940 3058 ὅ
2982 3007 3098 3058 ἐστι
3145 3005 3372 3075 Marce.
3403 3005 3669 3076 Ταύτῃτοι

411 3087 530 3140 cat?
559 3086 712 3152 illud,
735 3086 930 3153 opinor
958 3102 971 3138 :
1005 3084 1175 3141 Jacob
1205 3103 1265 3140 se
1305 3087 1561 3160 illexisse
1590 3089 1684 3153 ait,
1734 3104 1834 3146 nec
1878 3091 1985 3144 alia

2088 3075 2524 3165 καὶἸδουμαίαν
2551 3095 2850 3165 κεκλῆσθαί
2884 3113 3017 3166 φησι
3044 3096 3104 3150 τὸ
3141 3097 3379 3168 Γραμμα
3411 3097 3472 3150 τὸ
3504 3075 3666 3164 ἱερὸν,

413 3180 478 3231 de
502 3192 686 3242 causa,
723 3177 829 3230 nisi
863 3176 987 3244 quia
1020 3185 1136 3230 erat
1154 3177 1235 3230 vir
1270 3194 1289 3228 ι
1321 3177 1573 3246 simplex,
1597 3179 1854 3234 habitans
1891 3182 1985 3235 do-

2088 3185 2194 3240 τῶν
2223 3184 2286 3251 ἐξ
2325 3185 2498 3239 Ἥσαῦ
2523 3186 2823 3254 γεγονάτων
2853 3185 2950 3257 τὴν
2981 3185 3184 3258 χώραν,
3217 3187 3283 3254 ἢν
3305 3186 3668 3258 ἐχειρώσαντο

397 3284 557 3323 'tnum
592 3268 683 3323 ‘3:
724 3286 743 3319 ι
783 3269 963 3324 odisse
1010 3275 1192 3323 autem
1229 3265 1392 3330 Esau,
1448 3279 1566 3324 erat
1616 3271 1786 3339 enim,
1832 3270 1985 3340 juxta

2088 3273 2228 3328 κατὰ
2256 3274 2484 3344 καιροὺς
2529 3273 2798 3339 Ἰουδαῖοι,
2832 3274 3031 3328 ἄϐατόν
3064 3293 3122 3328 τε
3158 3273 3250 3331 καὶ
3281 3276 3533 3348 ἀοίκητον
3565 3278 3672 3330 ἀπ-

413 3359 626 3417 beatutn
657 3358 877 3415 Paulum
909 3357 994 3424 “,
1045 3367 1290 3415 terrenus
1339 3373 1394 3412 et
1447 3359 1727 3428 protanus.
1780 3362 1984 3429 Quatu-

2088 3365 2290 3436 ἐφηναν
2327 3365 2626 3428 παντελῶς.
2655 3366 2766 3419 Καὶ
2791 3365 2844 3418 τί
2878 3365 2945 3420 ἂν
2974 3366 3214 3436 βούλοιτο
3239 3367 3431 3438 δηλοῦν
3467 3369 3579 3431 τοῖς
3607 3367 3671 3432 ἐξ

413 3456 602 3510 obretn
629 3451 844 3510 Judteos
873 3452 1173 3524 intelligere
1204 3452 1488 3521 oportebat
1528 3469 1633 3512 nou
1666 3453 1832 3512 fuisse
1856 3472 1982 3526 pas-

2094 3456 2311 3526 Ἰσραὴλ
2329 3455 2430 3525 τῆς
2464 3455 2804 3526 προφητείας
2831 3459 2860 3511 6
2885 3455 3010 3520 νοῦς
3032 3473 3048 3523 ;
3087 3458 3316 3523 Ἐκεῖνο,
3344 3453 3495 3526 οἶμαί
3517 3475 3628 3516 πουΔ
3651 3473 3665 3488 ’

411 3561 570 3602 suros
603 3544 1018 3610 desolationem,
1050 3559 1150 3600 nec
1173 3558 1203 3600 c
1235 3545 1410 3614 patria
1433 3545 1499 3599 ad
1519 3544 1854 3614 alienigenas
1885 3549 1985 3604 mi.

2088 3548 2176 3602 τὸν
2215 3547 2315 3619 μὲν
2349 3547 2458 3618 γὰρ
2499 3547 2693 3602 Ἰακὼϐ
2731 3549 3018 3619 ἀγαπῆσαί
3047 3566 3201 3618 φησι,
3236 3549 3330 3602 καὶ
3356 3548 3454 3620 οὐχ
3477 3549 3666 3619 ἐτέρου

406 3639 733 3709 grationem,
770 3639 813 3692 si
845 3636 1011 3693 Jacob
1058 3638 1377 3694 imitandum
1407 3639 1508 3694 sibi
1555 3644 1984 3709 proposuissent.

2088 3640 2318 3712 χάριν,ἢ
2344 3641 2428 3694 ὅτι
2454 3640 2676 3709 γέγονεν
2707 3641 2849 3713 ἀνὴρ
2883 3661 2899 3692 ι
2923 3640 3219 3704 ἄπλαστος,
3239 3640 3402 3694 οἰκῶν
3421 3639 3594 3694 οἰκίαν
3617 3657 3663 3692 ἰ

411 3732 676 3798 Quoniam
707 3740 890 3784 autent
918 3729 1058 3785 Esau
1091 3745 1272 3787 mores
1297 3732 1624 3801 exprimere.
1655 3745 1708 3788 et
1763 3750 1861 3802 per
1895 3751 1985 3791 ve-

2091 3731 2456 3800 μεμισηκέναι
2487 3731 2545 3784 δὲ
2578 3731 2670 3785 τὸν
2697 3730 2894 3785 Ἠσαῦο
2930 3731 3120 3799 γέγονε
3145 3730 3253 3800 γὰρ
3286 3720 3471 3800 γῆῖνός
3497 3748 3554 3784 τε
3576 3731 3671 3784 καὶ

409 3823 576 3891 stigia
609 3819 849 3875 stultitia:
874 3818 1022 3874 illius
1051 3819 1302 3876 incedere
1360 3820 1688 3884 maluerunt,
1746 3823 1985 3878 hostibus

2092 3821 2338 3890 βέϐηλος,
2371 3821 2512 3874 κατὰ
2541 3822 2640 3892 τὴν
2672 3821 2766 3875 τοῦ
2806 3821 3076 3892 μακαρίου
3113 3819 3326 3875 Παύλου
3357 3814 3670 3890 φωνήνῙΠν

407 3923 597 3982 postea
620 3910 801 3967 traditi
834 3920 983 3965 sunt.

2090 3910 2185 3966 οὖν
2231 3914 2528 3980 ἀναγκαῖον
2580 3914 2780 3968 εἰδέναι
2828 3913 2955 3976 τοὺς
2996 3912 3301 3977 Ἰουδαίους,
3336 3912 3412 3975 ὡς
3457 3912 3558 3964 οὐκ
3606 3910 3671 3964 ἂν

408 4005 837 4079 συνέϐηπαθεϊν
869 4005 1068 4069 αὐτοὺς
1094 4003 1196 4074 τὴν
1226 4004 1527 4076 ἐρήμωσιν,
1551 4006 1643 4060 καὶ
1672 4004 1772 4076 τὴν
1828 4004 1894 4059 ἐκ
1959 4005 2058 4076 τῆς
2094 4002 2425 4074 ἐνεγκούσης
2474 4006 2609 4076 πρὸς
2668 4007 2793 4068 τοὺς
2845 4003 3177 4074 ἀλλοφύλους
3227 4002 3569 4075 ἀποδρομὴν,
3624 4004 3672 4054 εί

409 4101 754 4170 ἐμεμίμηντο
807 4099 900 4155 τὸν
953 4097 1166 4153 Ἰακώϐ.
1226 4099 1443 4170 Ἐπειδὴ
1493 4099 1550 4153 δὲ
1603 4099 1842 4170 ζηλωταὶ
1900 4101 1991 4155 καὶ
2029 4101 2321 4172 όμότροποι
2350 4100 2609 4170 γεγόνασι
2640 4100 2716 4170 τῷ
2743 4099 2937 4164 Ἡσαῦ,
2966 4099 3058 4153 καὶ
3113 4098 3215 4169 τῆς
3259 4097 3469 4152 ἐκείνου
3496 4097 3674 4152 σκαιό-

405 4213 567 4265 τητος
593 4195 761 4257 ἰόντες
789 4194 906 4248 κατ’
933 4194 1076 4265 ἴχνος
1099 4195 1517 4265 κατεφωρῶντο,
1539 4195 1725 4250 λοιπὸν
1747 4195 1987 4250 δέδονται
2024 4200 2136 4260 τοῖς
2161 4197 2396 4268 ἐχθροῖς.

479 4289 691 4355 Quodsi
718 4291 838 4358 quis
867 4290 1011 4345 dicta
1039 4288 1398 4357 spiritualiter
1444 4290 1795 4344 considerare
1843 4291 1976 4355 vult,

2160 4291 2220 4344 Et
2250 4290 2305 4343 δὲ
2339 4289 2402 4361 δή
2450 4307 2534 4352 τις
2566 4289 2807 4359 βούλοιτο
2853 4288 2947 4343 καὶ
2977 4288 3349 4357 πνευματικὴν
3383 4289 3495 4352 τοῖς
3523 4289 3669 4358 εἰρη-

409 4392 562 4437 certo
593 4383 730 4437 sciat
760 4379 929 4436 Jaeob
983 4383 1129 4437 reddi
1187 4382 1580 4451 supplantntor,
1638 4397 1703 4436 ac
1763 4381 1985 4450 proinde

2098 4379 2278 4451 μένοις
2312 4379 2623 4450 ἐφαρμόσαι
2667 4379 2767 4448 τὴν
2815 4377 3066 4446 θεωρίαν,
3105 4377 3422 4433 διανοείσθω
3463 4379 3666 4448 σαφῶς,

408 4471 702 4541 cujuslibet
744 4483 1019 4540 pedcatutu
1048 4472 1444 4541 supplantantis
1457 4483 1616 4542 typus
1641 4487 1764 4527 esse
1793 4472 1986 4542 possit.

410 4565 548 4618 Esau
583 4575 761 4618 autem
785 4581 1028 4634 quercus,
1059 4574 1118 4620 ut
1145 4566 1280 4631 dixi,
1307 4574 1359 4620 ct
1390 4565 1554 4619 Edoni
1604 4573 1866 4631 terrenus,
1896 4565 1986 4633 qui

407 4665 463 4707 et
514 4655 628 4724 ipse
657 4653 893 4722 cujusvis
939 4656 1051 4710 sola
1120 4666 1334 4711 terrena
1385 4655 1676 4724 cogitantis
1723 4666 1906 4727 typum
1939 4667 1993 4710 et

410 4746 699 4810 imaginem
730 4747 890 4813 gerit.
921 4746 1247 4817 Diligitergo
1277 4747 1742 4817 supplautatorem
1799 4746 1989 4810 Jacob,

412 4837 552 4891 Esau
610 4844 785 4890 autem
823 4837 1152 4904 pertinacem
1201 4846 1256 4891 et
1311 4852 1586 4904 asperum,
1644 4836 1759 4890 sive
1794 4838 1986 4901 Edam,

411 4927 513 4979 hoc
539 4931 642 4990 est,
669 4924 1225 4988 terrenisamwttt,ct
1253 4927 1343 4996 qui
1378 4937 1724 4995 temporanea
1761 4941 1826 4981 ac
1861 4941 1986 4995 pcr-

409 5018 590 5072 euntia
644 5015 1014 5085 spiritualibus
1058 5017 1214 5074 bonis
1265 5018 1428 5072 stulte
1470 5021 1801 5088 anteposuit,
1867 5020 1990 5074 odio

410 5113 776 5182 prosequitur.
801 5111 872 5165 ita
899 5109 1178 5166 solitorum
1227 5111 1411 5165 vivere
1463 5113 1834 5167 bmreditatem
1885 5113 1994 5166 dis-

409 5203 607 5270 sipabit
646 5203 783 5258 Deus
823 5211 1031 5264 uoster,
1065 5201 1153 5270 qui
1177 5201 1431 5256 virtutem
1464 5203 1658 5273 diligit.
1691 5202 1803 5256 Non
1847 5203 1991 5256 enim

413 5290 722 5348 firmitatem
752 5308 850 5348 nec
879 5302 1078 5348 statum
1103 5293 1486 5347 inconcussum
1515 5294 1712 5347 habent
1745 5309 1830 5344 res
1881 5305 1980 5345 ter-

414 5383 834 5440 rentccwsuras
877 5395 1054 5437 autem
1108 5384 1343 5452 penitus,
1398 5392 1652 5451 tanquam
1709 5383 1760 5436 in
1823 5384 1991 5448 ﬁgura

418 5471 770 5528 lduuurorum
798 5475 1084 5530 bzrreditzts
1135 5475 1372 5529 desolata
1419 5491 1640 5546 prorsus
1677 5475 1990 5530 declarabit.

494 5644 536 5676 ’⁸⁸
568 5643 764 5700 Jtrrcm.
795 5666 828 5713 ι,
869 5650 918 5702 ἲί.
1003 5651 1040 5678 V'
1079 5649 1229 5702 Rom.
1268 5666 1382 5713 rm,
1420 5654 1503 5706 ‘29..

1594 5654 1632 5682 δ’
1667 5651 1800 5706 (ἰηιι,
1842 5669 2024 5710 sum,
2057 5651 2143 5704 45.

2093 4471 2169 4535 ὡς
2190 4474 2218 4526 6
2246 4473 2342 4542 μὲν
2378 4470 2570 4524 Ἰακὼϐ
2605 4469 2966 4540 ἑρμηνεύεται
2995 4469 3359 4537 πτερνιστής
3379 4485 3391 4498 ·
3423 4467 3590 4530 τύπος
3618 4469 3674 4522 δ’

2097 4565 2163 4618 ἂν
2207 4565 2292 4634 εἴη
2322 4563 2520 4626 παντὸς
2547 4561 2641 4614 τοῦ
2673 4563 3049 4630 πτερνίζοντος
3080 4559 3561 4631 ἁμαρτίας.⁹11σαῦ
3592 4559 3670 4620 δέ,

2091 4654 2168 4720 ὡς
2194 4655 2350 4725 ἔφην,
2379 4655 2546 4722 δρῦς,
2605 4655 2699 4707 καὶ
2721 4653 2910 4723 μέντοι
2937 4651 3144 4722 γήϊνος
3172 4653 3200 4704 6
3251 4651 3428 4722 Ἐδώμ
3452 4671 3466 4684 ο
3505 4651 3676 4716 τύπος

2087 4744 2132 4798 δ’
2169 4745 2236 4798 ἂν
2268 4746 2354 4810 εἴη
2405 4744 2498 4797 καὶ
2545 4737 2696 4804 οὗτος
2734 4742 2930 4806 παντὸς
2961 4742 3055 4796 τοῦ
3081 4744 3219 4812 μόνα
3257 4741 3580 4814 φρονοῦντος
3619 4763 3668 4793 τ,

2088 4835 2180 4889 ἐπὶ
2212 4836 2312 4905 τῆς
2352 4834 2710 4903 γῆς.Ἀγαπᾷ
2761 4833 2940 4885 τοίνυν
2988 4834 3016 4885 6
3064 4833 3196 4896 Θεὸς
3229 4832 3319 4886 τὸν
3349 4833 3664 4902 πτερνιστὲέ·

2100 4925 2316 4986 Ἰακὼϐ,
2377 4923 2649 4994 μεμίσηκε
2699 4922 2756 4975 δὲ
2805 4922 2899 4974 τὸν
2937 4922 3104 4976 Ἥσαῦ
3158 4924 3248 4978 τὸν
3301 4923 3534 4993 ἀκαμπῆ
3591 4924 3681 4973 καὶ

2090 5014 2346 5084 σκληρὸν,
2377 5014 2496 5083 ἦτοι
2538 5012 2630 5065 τὸν
2676 5011 2874 5081 Ἐδὼμ,
2907 5012 3177 5075 τουτέστι,
3209 5013 3300 5067 τὸν
3325 5014 3437 5075 τοῖς
3469 5010 3682 5080 γηῒνοιξ

2092 5107 2547 5178 προσνενευκότα,
2600 5106 2694 5158 καὶ
2744 5105 2854 5157 τῶν
2902 5105 3289 5176 πνευματικῶν
3335 5105 3554 5173 ἀγαθῶν
3614 5105 3684 5154 τα

2093 5197 2404 5267 πρόσκαιρά
2432 5213 2492 5248 τε
2523 5197 2617 5249 καὶ
2648 5196 2996 5268 ἀπολλύμενα
3031 5198 3322 5268 φληνάφως
3363 5195 3676 5266 ἁνθῃρημέ-

2095 5305 2205 5340 νον.
2237 5287 2358 5340 Τῶν
2405 5286 2549 5340 οὕτω
2596 5286 2694 5357 ζῇν
2745 5289 3013 5343 εἰωθότων
3055 5292 3275 5357 ἁφανιεῖ
3302 5288 3395 5340 τὸν
3425 5288 3623 5358 κλῆρον
3651 5289 3679 5338 6

2097 5379 2384 5449 φιλάρετος
2420 5380 2577 5450 ἡμῶν
2606 5381 2758 5436 Θεός.
2792 5383 2866 5436 Ού
2900 5383 3010 5452 γάρ
3038 5401 3118 5436 τοι
3148 5383 3340 5452 βέϐαια
3375 5381 3440 5435 τὰ
3468 5383 3560 5434 ἐπὶ
3578 5381 3678 5448 τῆς

2097 5471 2217 5537 γῆς,
2255 5469 2376 5522 οὗτε
2419 5471 2522 5541 μὴν
2571 5471 2865 5540 ἀκλόνητον
2919 5472 3031 5542 ἔχει
3092 5473 3188 5540 τὴν
3238 5471 3576 5524 στάσιν.”οτι
3621 5469 3676 5522 δὲ

2227 5653 2268 5678 ⁸⁸
2304 5649 2438 5706 Gen.
2479 5667 2600 5714 xw,
2637 5653 2724 5705 ‘27.
2806 5655 2848 5683 ’θ
2885 5651 3041 5704 libi:
3075 5665 3170 5714 xu,
3206 5651 3283 5704 10.
