4042 6196
377 290 483 348 28⁸1

1412 288 1468 345 S.
1513 285 1785 346 CYlilLLl
1825 283 2297 342 ALEXANDRINI
2337 284 2656 342 ARCH‘IEP.

3542 282 3649 340 εει

377 418 645 463 summam
670 403 1003 474 impietatem
1025 400 1153 480 iacti
1193 411 1343 458 sunt.
1375 404 1474 460 Ubi
1539 420 1669 460 vero
1718 403 1952 458 miseriis

2067 403 2297 472 γόνασιν,
2331 403 2426 457 καὶ
2456 401 2814 474 αἰχμάλωτοι,
2845 399 2938 456 καὶ
2968 400 3232 472 ἀλώσιμοι
3270 399 3379 464 τοῖς
3407 395 3647 470 ἐχθροῖς.

375 497 664 560 exercitos,
689 505 743 552 et
771 509 868 565 pro
899 495 1162 564 dignitate
1203 495 1419 565 punitus
1474 499 1613 551 Dens
1669 498 1956 552 miseratus

374 598 480 652 est,
515 587 812 652 redierunt,
848 596 902 642 et
947 603 1034 642 res
1087 604 1276 642 eorum
1327 589 1379 642 in
1436 588 1651 651 melius,
1692 599 1854 658 atque
1903 589 1956 642 in

375 683 657 749 antiquum
687 689 886 732 statum
926 679 1193 734 restitutzc
1211 689 1354 734 sunt.
1394 680 1558 750 823
1624 681 1688 734 Et
1734 681 1958 735 benefa-

374 776 522 825 ctum
550 768 804 835 deinceps
829 767 1232 835 regioni,urbes
1265 768 1328 821 de
1359 767 1568 836 integro
1591 768 1955 832 incoluerunt,

378 862 638 929 tempium
711 861 1088 925 comliderunt,
1175 857 1606 930 Hierosolymam
1691 862 1961 917 manibus

375 956 834 1018 communierant,
863 961 917 1006 et
941 967 1062 1022 quae
1088 954 1259 1022 magis
1285 955 1739 1023 optaliant,quatu
1772 950 1960 1024 spéra-

379 1045 529 1104 bant.
561 1045 627 1096 iis
656 1045 832 1099 denuo
865 1052 989 1097 sunt
1016 1041 1534 1111 perfruitinumma
1566 1054 1746 1098 autem
1779 1056 1837 1098 ut
1866 1061 1962 1099 va-

379 1144 518 1189 stata
585 1144 694 1198 est,
742 1135 814 1189 ita
859 1136 1180 1203 permansit,
1217 1150 1318 1190 nec
1358 1136 1422 1189 ad
1443 1136 1808 1191 conditionem
1841 1136 1961 1190 feli-

378 1225 580 1279 ciorem
615 1235 792 1280 erecta
828 1225 1137 1294 est.ltaqne
1190 1224 1526 1296 gloriﬁcatus
1572 1234 1656 1280 est
1711 1227 1848 1281 Deus
1901 1227 1954 1280 in

381 1317 628 1371 terminis
659 1316 845 1372 Israel.

440 1407 730 1461 Sciendum
750 1422 932 1476 porro,
955 1407 1114 1462 etiam
1141 1407 1434 1462 secundum
1471 1406 1958 1462 reconditissimum

377 1510 624 1563 sensum,
650 1498 899 1566 quamvis
929 1499 1148 1566 quidam
1178 1499 1345 1552 Deum
1385 1508 1736 1568 agnoscentes
1783 1499 1960 1568 ipsum

379 1585 722 1652 on‘enderint,
751 1603 815 1642 ac
859 1598 1080 1658 propter
1124 1600 1407 1658 peccatum
1451 1605 1641 1660 poenas
1691 1591 1961 1658 dederint,

383 1688 564 1734 tamen
591 1695 695 1735 non
714 1681 954 1735 funditus
978 1681 1282 1749 perituros:
1318 1698 1440 1736 nam
1474 1682 1636 1748 Deus,
1673 1683 1761 1737 ubi
1787 1699 1961 1752 quatt-

381 1778 493 1824 tum
523 1772 656 1826 satis
676 1781 760 1826 est
791 1773 844 1826 in
863 1786 958 1827 eos
987 1773 1453 1834 animadverterit.
1489 1749 1870 1838 miseretur,“
1891 1775 1958 1828 ad
1989 1749 2034 1803 Β

379 1879 696 1934 prosperum
733 1874 930 1919 statum
972 1879 1065 1920 eos
1131 1865 1356 1921 reducit.
1426 1864 1722 1921 Terrenum
1777 1876 1956 1922 autem

382 1954 637 2009 affectum
684 1956 1058 2026 diligentibus,
1111 1966 1164 2012 et
1206 1958 1272 2010 ad
1321 1957 1435 2013 sola
1485 1973 1605 2027 quae
1631 1960 1808 2013 carnis
1835 1967 1960 2013 sunt

382 2045 818 2113 respicientibus,
846 2045 1169 2101 adversatur
1191 2061 1423 2116 semper,
1459 2055 1513 2102 et
1544 2048 1638 2101 ira:
1669 2064 1779 2102 suae
1800 2063 1961 2118 super

382 2135 502 2190 illos
538 2146 748 2202 tempus
772 2137 1062 2204 producit:
1103 2155 1123 2187 ι
1161 2135 1510 2190 Vocabuntur
1561 2138 1732 2203 enim,
1761 2139 1958 2209 inquit,

380 2226 484 2280 illis
515 2227 728 2279 termini
756 2226 1070 2294 impietatis,
1108 2237 1162 2280 et
1202 2227 1432 2296 populus
1469 2242 1634 2296 super
1671 2244 1829 2297 quem
1859 2245 1959 2283 ex-

383 2326 566 2372 tensus
595 2325 676 2371 est
709 2317 970 2371 Dominus
999 2317 1050 2370 in
1077 2327 1364 2370 :eternnm.
1405 2335 1424 2369 ι

451 2407 619 2462 Vnus.
649 2408 702 2461 6.
726 2404 902 2461 Filius
925 2406 1192 2478 glori/ient
1220 2417 1445 2479 patrem,
1488 2420 1535 2463 et
1562 2426 1740 2464 cervus
1791 2411 1961 2465 donti-

377 2518 504 2558 num
539 2518 712 2555 suum.
746 2499 812 2554 Et
843 2501 889 2556 si
917 2510 1066 2570 pater
1099 2515 1213 2552 sum
1237 2514 1351 2568 ego,
1374 2499 1460 2551 ubi
1495 2509 1569 2553 est
1611 2500 1780 2570 gloria
1808 2504 1962 2556 mea?

379 2602 429 2646 et
464 2592 777 2646 sidomiuus
815 2608 931 2646 sum
969 2585 1082 2661 ego,
1120 2589 1306 2643 ubiut
1383 2590 1540 2644 timor
1593 2593 1780 2645 metu?
1835 2593 1959 2646 dicit

381 2681 638 2735 Dominus
657 2683 1003 2751 omnipotens.

449 2773 560 2828 Vll.
587 2773 838 2830 Limitcm
870 2774 1096 2829 rationis
1127 2788 1379 2844 egressos
1417 2776 1812 2846 contempsisse
1843 2792 1962 2845 quas

383 2864 605 2921 minime
632 2865 935 2935 oportebat,
961 2867 1199 2922 ostendit
1224 2868 1442 2938 ubique.
1475 2867 1640 2938 Frugi
1663 2869 1806 2922 enim
1838 2870 1964 2923 iiiiis

382 2956 762 3023 conveniebat,
798 2967 852 3012 et
883 2959 1098 3028 quidem
1122 2960 1247 3027 jure
1277 2961 1565 3014 admodum
1591 2978 1654 3015 ac
1679 2963 1964 3028 met-ito,ttt

383 3048 550 3116 patris
572 3048 652 3102 sui
673 3047 895 3117 gloriam
912 3064 1075 3116 procu
1087 3050 1304 3103 randam
1323 3053 1466 3105 set-io
1485 3054 1842 3122 susciperent,
1859 3070 1962 3121 quo

385 3142 458 3192 ita
488 3137 669 3208 inclyti
699 3139 866 3208 patris
894 3137 987 3192 lilii
1011 3149 1357 3194 vocarentur.
1387 3140 1502 3195 Ja‘m
1536 3143 1578 3196 si
1607 3144 1728 3212 quis
1759 3145 1954 3212 fidelis,

385 3244 478 3280 seu
511 3243 799 3295 germanus
829 3228 900 3282 sit
934 3229 1202 3296 minister,
1235 3232 1400 3286 etiam
1457 3233 1732 3288 dominum
1801 3253 1957 3292 suum

382 3319 804 3384 ct-lr-bremﬂeri,
840 3331 895 3374 et
933 3336 1038 3377 non
1069 3321 1382 3390 obscurum,
1424 3334 1478 3379 et
1537 3325 1683 3380 velut
1737 3331 1961 3397 pedibus

385 3411 673 3478 protritum
709 3426 950 3478 manere,
982 3427 1307 3483 magnopere
1328 3415 1554 3485 optabit.
1588 3415 1719 3471 Nam
1751 3419 1960 3488 sicipsc

382 3518 601 3574 quoque
623 3513 829 3574 partem
852 3502 1146 3572 felicitatis,
1171 3519 1290 3575 qua:
1324 3506 1375 3560 in
1432 3507 1518 3562 his
1568 3517 1672 3571 est,
1706 3510 1861 3578 feret,
1905 3521 1962 3566 et

385 3599 527 3672 quod
576 3596 678 3651 sibi
733 3609 1056 3653 ornamento
1087 3597 1160 3652 sit
1193 3596 1373 3662 faciet,
1406 3609 1460 3655 et
1481 3616 1600 3656 eam
1621 3618 1847 3659 summae
1868 3619 1964 3661 vo-

386 3688 606 3757 luptatis
629 3689 973 3744 occasionem
1024 3690 1127 3744 sibi
1162 3691 1342 3746 ducet.
1402 3693 1508 3748 Vos
1534 3696 1737 3757 autem.
1769 3695 1958 3766 inquit,

385 3794 507 3832 cum
533 3795 618 3832 me
641 3788 698 3833 ut
751 3789 959 3847 patrem
1018 3780 1312 3844 honorare,
1367 3795 1529 3852 atque
1577 3795 1634 3844 ut
1679 3787 1958 3842 dominum

388 3868 580 3920 timere
611 3866 900 3932 deberetis,
930 3865 983 3920 in
1014 3867 1278 3922 ambobus
1294 3882 1397 3921 non
1427 3885 1616 3938 parum
1670 3873 1738 3926 ab
1770 3873 1858 3927 om
1872 3873 1962 3928 cio

388 3958 711 4024 tlescivistis,
739 3967 791 4014 et
823 3959 1171 4013 invenientini
1229 3974 1328 4015 nec
1387 3971 1444 4014 ut
1482 3964 1617 4031 patri
1675 3964 1958 4031 honorem,

386 4065 490 4104 nec
526 4059 583 4104 ut
612 4049 830 4105 domino
867 4051 1114 4106 timorem
1147 4049 1540 4119 impertientes,
1579 4051 1677 4109 Ubi
1712 4056 1856 4110 enim
1880 4066 1964 4111 est

389 4142 564 4202 ltouor
595 4141 787 4196 meus?
817 4142 904 4197 ubi
937 4143 1120 4206 timor,
1154 4142 1198 4194 si
1233 4141 1362 4194 nihil
1387 4143 1453 4194 ad
1511 4145 1739 4214 gloriam
1787 4162 1961 4202 meam

388 4233 666 4300 pertinens
688 4231 866 4287 facere
899 4233 1202 4295 sustinetis,
1227 4247 1401 4301 neque
1425 4249 1641 4303 pmnam
1675 4255 1702 4292 a
1743 4237 1962 4294 domino

392 4333 716 4388 metuentes,
747 4321 1039 4392 ejusjussa
1067 4330 1385 4398 capessitis?
1447 4329 1753 4385 Istiusmodi
1804 4332 1962 4401 quip-

389 4417 532 4483 piam
567 4430 663 4484 per
696 4415 889 4472 Isaiam
931 4433 1146 4489 quoque
1188 4421 1360 4476 dicit:
1407 4440 1425 4474 ι
1485 4421 1887 4488 Audi,ctclum,
1911 4431 1966 4478 et
1998 4449 2042 4505 υ

389 4508 611 4561 auribus
633 4510 864 4577 percipe,
918 4520 1079 4575 terra,
1118 4513 1244 4582 quia
1288 4513 1545 4569 Dominus
1601 4513 1810 4568 locutus
1837 4524 1964 4570 est:

389 4595 554 4653 Filios
607 4600 763 4670 genui
818 4609 872 4655 et
940 4603 1193 4668 exaltavi,
1253 4605 1351 4674 ipsi
1407 4617 1586 4660 autem
1642 4615 1967 4674 spreverunt

390 4689 559 4741 me".
591 4707 608 4739 ι
644 4689 944 4756 Qumrenda
971 4691 1136 4760 igitur
1156 4710 1183 4747 a
1211 4693 1382 4757 nobis,
1413 4710 1528 4764 qum
1553 4695 1666 4749 Deo
1715 4706 1842 4749 sunt
1872 4695 1968 4752 ho-

390 4778 636 4842 noriﬁca,
698 4791 754 4833 et
798 4781 863 4834 ad
935 4798 1096 4853 opera
1153 4787 1808 4851 sanctaincumbentlum,
1841 4803 1963 4842 cum

388 4873 629 4924 sciamus
665 4872 926 4941 scriptum
960 4890 1112 4928 esse:
1153 4896 1171 4927 ι
1212 4877 1346 4931 Vivo
1377 4895 1496 4947 ego.
1523 4879 1654 4932 dicit
1683 4880 1962 4948 Dominus,

403 4962 510 5028 guia
547 4962 910 5031 gloriﬁcantes
939 4981 1023 5019 me
1049 4967 1380 5036 glot-iiicabo,
1413 4969 1579 5041 82!,
1602 4980 1652 5023 et
1677 4972 1764 5039 qui
1831 4988 1963 5026 con-

390 5056 584 5109 annuit
606 5071 710 5119 me,
738 5067 1113 5112 contetnttelur
1147 5059 1212 5112 ⁸³.
1247 5079 1264 5110 ι
1309 5060 1708 5117 Glorilicztbilttr
1734 5077 1962 5119 autem:

391 5144 548 5198 ,μιῆς
599 5144 758 5199 l’ater
787 5144 1159 5200 universorum
1193 5148 1353 5214 Dem,
1388 5151 1431 5203 si
1477 5167 1580 5203 non
1613 5155 1754 5222 quod
1814 5155 1968 5209 nobis

388 5236 681 5295 iucundum
707 5246 760 5290 et
791 5237 1023 5292 amicum
1065 5248 1168 5303 est,
1199 5255 1357 5309 agere
1415 5245 1786 5297 studuerimus
1807 5286 1822 5310 ,
1877 5246 1968 5298 seti

398 5329 469 5380 illi
495 5332 670 5396 potius
700 5340 932 5385 mentem
957 5342 1194 5390 no~tratu
1242 5333 1674 5389 dedicaverimns
1699 5346 1752 5390 ct
1777 5338 1829 5390 in
1855 5354 1969 5391 om-

396 5421 555 5474 nibus
583 5422 650 5476 ad
673 5424 791 5492 ejus
825 5435 1010 5477 nutum
1039 5442 1135 5478 nos
1167 5425 1706 5483 conformaverintus.
1744 5428 1974 5483 Timclti-

397 5527 517 5567 mus
540 5527 668 5567 vero
689 5525 744 5568 ut
777 5515 1085 5581 Dominum,
1111 5517 1154 5572 si
1184 5521 1599 5588 propensionem
1620 5521 1682 5575 ad
1714 5521 1972 5590 improbi-

468 5683 512 5713 η
541 5689 643 5746 lsa.
679 5706 715 5754 i,
751 5691 804 5743 2.
887 5693 929 5721 ⁵³
964 5693 977 5745 l
1008 5691 1135 5764 Reg.
1166 5710 1221 5762 tt,
1249 5694 1336 5749 50.

2072 497 2287 565 Ἐπειδὴ
2317 498 2371 550 δὲ
2401 497 2754 566 πεπραχότας
2784 495 3003 560 ἀθλίως,
3033 498 3129 550 καὶ
3164 494 3536 566 ἀποχρώντως
3565 511 3654 547 κε-

2059 589 2449 660 κολασμένους,
2487 589 2824 660 κατηλέησεν
2853 589 2882 641 6
2910 589 3064 652 Θεὸς,
3106 587 3547 658 ἀνεκομίσθησαν
3577 589 3649 650 εἰς

2059 678 2120 732 τὸ
2168 678 2262 732 ἀπ’
2294 677 2490 748 ἀρχῆς,
2523 677 2924 746 ἀνενεγκόντων
2981 678 3162 740 αὐτοῖς
3201 678 3293 730 ἐπὶ
3338 677 3398 730 τὸ
3431 679 3642 746 ipsum

2059 769 2168 823 τῶν
2204 769 2568 840 πραγμάτων.
2599 769 2707 823 Καὶ
2744 769 2934 837 γέγονε
2975 771 3072 840 μὲν
3097 773 3154 824 ὲν
3184 769 3448 842 εὐπαθείᾳ
3480 771 3512 840 ἡ
3545 768 3628 839 χὼ

2062 877 2152 932 ρα,
2176 861 2534 932 κατῳκήκασι
2567 860 2624 914 δὲ
2654 860 2753 922 τὰς
2787 861 2990 925 πόλεις,
3016 862 3368 931 ἀνεδείμαντο
3390 860 3480 913 τδν
3506 861 3658 930 ναὸν,

2060 954 2404 1022 ἀνετείχισαν
2431 952 2530 1024 τὴν
2569 951 2945 1025 Ἰερουσαλὴμ,
2989 954 3084 1008 καὶ
3114 956 3368 1022 γεγόνασι
3406 955 3566 1009 πάλιν
3595 957 3653 1008 ἐι

2060 1047 2172 1108 τοῖς
2199 1047 2329 1114 παρ’
2362 1044 2556 1098 ἐλπίδα
2608 1046 2699 1098 καὶ
2734 1045 2856 1098 κατ’
2896 1047 3083 1116 εὐχήν.
3102 1043 3166 1098 Ἢ
3192 1047 3247 1099 δέ
3278 1063 3340 1116 γε
3367 1045 3652 1099 τῶνἸδοι-

2064 1137 2239 1208 μαίων
2282 1138 2570 1208 ἠρήμωται
2622 1135 2796 1208 χώρα,
2831 1138 2921 1190 καὶ
2980 1137 3287 1208 μεμένηκεν
3335 1139 3394 1190 ἐν
3439 1139 3649 1200 κακοῖς,

2059 1231 2160 1283 οὐκ
2186 1229 2547 1298 ἀνασφήλασα
2581 1229 2711 1298 περὶ
2732 1227 2792 1281 τὸ
2826 1227 3070 1298 ἄμεινον.
3096 1228 3307 1282 Οὐκοῦν
3335 1228 3649 1293 δεδόξασται

2063 1321 2195 1385 Θεὸς
2218 1323 2276 1375 ὲν
2300 1324 2415 1384 τοῖς
2442 1321 2613 1390 ὁρίοις
2657 1318 2900 1390 Ἰσραήλ.

2146 1413 2341 1467 ’ἰστέον
2374 1412 2451 1479 δὲ,
2490 1413 2572 1466 ὅτι
2604 1413 2698 1465 καὶ
2743 1410 2883 1464 κατά
2933 1410 3024 1464 τὸν
3069 1410 3338 1465 ὲσώτατον
3367 1411 3513 1475 νοῦν,
3547 1413 3652 1469 κᾶν

2064 1504 2113 1558 εί
2165 1506 2222 1557 ὲν
2265 1503 2627 1575 προσκρούσει
2669 1502 2904 1570 γένοιντό
2935 1520 3082 1566 τινες
3112 1503 3218 1555 τῶν
3249 1503 3466 1557 εἰδότων
3492 1504 3648 1570 Θεδν,

2065 1596 2169 1650 κᾶν
2202 1597 2248 1649 εί
2279 1596 2616 1650 παιδεύοιντο
2663 1595 2731 1648 δι’
2765 1596 3060 1665 ἁμαρτίαν,
3105 1595 3217 1648 ἀλλ’
3251 1589 3345 1648 οῦν
3389 1596 3490 1649 οὐκ
3541 1599 3654 1648 εἰσ-

2068 1687 2213 1741 ἀπαν
2248 1689 2442 1751 αὐτοὺς
2472 1686 2769 1740 ἀπολέσθαι
2816 1686 3105 1756 συμὸαίνει
3131 1703 3143 1716 ’
3194 1685 3562 1758 κατοικτείρει
3591 1687 3648 1740 δὲ

2060 1777 2191 1841 Θεδς
2227 1776 2521 1839 παιδεύσας
2549 1776 2830 1847 ἀρκούντω
2842 1795 2882 1839 ς,
2909 1777 3004 1829 καὶ
3033 1774 3355 1846 ἀνακομίζει
3385 1775 3547 1829 πάλιν
3571 1778 3652 1840 είς

2061 1868 2344 1940 εὐθυμίαν.
2379 1869 2502 1930 Τοῖς
2548 1867 2602 1920 δέ
2641 1884 2705 1936 γε
2751 1867 2811 1920 τὸ
2850 1869 3035 1938 γήϊνον
3073 1867 3331 1936 ἀγαπῶσι
3374 1868 3648 1938 φρόνημα,

2061 1960 2154 2012 καὶ
2180 1961 2260 2022 είς
2293 1958 2427 2029 μόνα
2468 1957 2724 2028 βλέπουσι
2749 1957 2816 2012 τὰ
2849 1960 3069 2028 σαρκὸς,
3101 1959 3336 2029 μάχεται
3366 1959 3648 2028 διηνεκῶς,

2060 2049 2156 2102 καὶ
2205 2049 2301 2119 τῆς
2346 2048 2432 2101 ἐπ’
2463 2048 2645 2110 αὐτοῖς
2682 2047 2853 2119 ὀργῆς
2902 2050 3200 2119 παρατενεί
3245 2048 3372 2111 τοὺς
3400 2049 3648 2120 χρόνους.

2068 2158 2086 2190 ι
2121 2139 2467 2209 κληθήσεται
2507 2138 2636 2210 γὰρ,
2669 2139 2857 2210 φησὶν,
2888 2139 3070 2202 αὐτοῖς
3103 2139 3226 2209 δρια
3277 2139 3527 2210 ἀνομίας,
3559 2140 3652 2193 καὶ

2061 2233 2188 2296 λαός
2218 2233 2304 2302 ἐρ’
2342 2233 2401 2285 ὃν
2435 2233 2810 2302 παρατέταται
2833 2229 3034 2302 Κύριος
3062 2230 3170 2293 ἓως
3194 2229 3410 2295 αἰῶνός.
3460 2247 3479 2281 ι

2141 2404 2274 2470 Υἱὸς
2318 2402 2547 2467 δοξάζει
2585 2403 2830 2472 πατέρα,
2870 2405 2970 2457 καί
3019 2402 3246 2469 δοῦλος
3299 2404 3406 2458 τὸν
3444 2405 3654 2473 κύριον

2061 2495 2267 2550 αὐτοῦ.
2302 2495 2408 2547 Καὶ
2441 2497 2491 2548 εί
2518 2494 2713 2562 πατὴρ
2751 2497 2868 2564 ειμι
2899 2494 3038 2564 ἐγὼ,
3073 2495 3194 2550 ποῦ
3234 2496 3407 2551 ἐστιν
3433 2497 3471 2565 ἡ
3501 2497 3649 2563 δόξα

2057 2605 2216 2657 μου;
2252 2586 2350 2640 καὶ
2383 2588 2435 2639 εὶ
2465 2587 2671 2653 κύριός
2711 2589 2825 2656 ειμι
2869 2586 3004 2656 ἐγὼ,
3041 2586 3160 2642 ποῦ
3206 2587 3379 2642 ἐστιν
3407 2593 3439 2644 ὀ
3468 2591 3654 2662 φόϐος

2063 2695 2183 2748 μου
2208 2693 2226 2740 ;
2255 2677 2417 2746 λέγει
2451 2679 2665 2744 Κύριος
2701 2677 3148 2746 παντοκράτωρ.

2134 2768 2207 2821 Ζ’.
2253 2768 2398 2834 ’Ἐξω
2445 2766 2540 2819 τοῦ
2585 2765 2914 2836 καθήκοντος
2972 2768 3151 2831 ἰόντας
3195 2768 3380 2837 λόγου,
3427 2771 3521 2824 καὶ
3575 2765 3654 2826 ὢν

2062 2860 2262 2930 ἥκιστα
2284 2859 2422 2930 χρῆν
2443 2856 2680 2927 ἀφειδεῖν
2701 2858 2980 2928 ᾑρημένου
2990 2875 3033 2920 ς,
3062 2859 3352 2926 ἀπολεαίνει
3379 2861 3653 2933 πανταχῆ.

2064 2951 2188 3013 Τοῖς
2225 2949 2324 3020 μὲν
2360 2953 2470 3021 γὰρ
2515 2949 2783 3001 ἐπιεικέσι
2837 2947 2946 3001 τῶν
3000 2947 3134 3001 υίῶν
3185 2950 3384 3021 πρέποι
3435 2953 3523 3016 ἂν,
3559 2955 3654 3007 καὶ

1990 3092 2031 3148 C
2069 3039 2212 3110 μάλα
2245 3039 2490 3103 εἰκότως,
2524 3038 2587 3090 τὸ
2615 3039 3026 3109 μεταποιεῖσθαι
3062 3039 3268 3112 σφόδρα
3295 3043 3397 3113 τῆς
3426 3044 3520 3099 τοῦ
3555 3045 3656 3115 φύς.

2067 3148 2260 3194 σαντος
2297 3130 2476 3200 δόξης,
2515 3129 2603 3182 ίνα
2649 3130 2743 3182 καὶ
2789 3128 3178 3184 εὐκλεεστάτου
3216 3132 3418 3204 πατρὸς
3455 3135 3656 3208 όνομά-

2067 3222 2264 3287 ζωνται
2307 3222 2494 3275 τέκνα.
2529 3223 2590 3274 Ei
2632 3221 2686 3274 δὲ
2717 3220 2779 3292 δή
2809 3237 2894 3284 τις
2923 3221 3007 3292 είη
3043 3223 3140 3275 καὶ
3168 3225 3386 3295 οίκέτης
3410 3228 3653 3298 γνήσιος,

2068 3313 2341 3387 περιφανῆ
2369 3329 2472 3368 που
2523 3315 2741 3378 πάντως
2775 3315 2868 3367 καὶ
2910 3313 3195 3385 διαϐόητον
3220 3315 3311 3368 τὸν
3337 3319 3534 3373 οἰκεῖον
3563 3321 3656 3374 εῦ-

2069 3413 2216 3479 ξεται
2243 3413 2492 3481 γενέσθαι
2525 3412 2811 3484 δεσπότην,
2846 3413 2947 3467 οὐκ
2995 3413 3208 3485 ἄσημον
3259 3410 3398 3468 εἶναι
3434 3415 3524 3470 καὶ
3556 3432 3658 3469 πε-

2069 3505 2400 3576 πατημίνον.
2435 3503 2663 3570 Μεθέξει
2704 3505 2810 3577 γὰρ
2839 3505 2981 3559 οὕτω
3033 3507 3127 3559 καὶ
3165 3507 3330 3569 αὐτὸς
3363 3507 3463 3580 τῆς
3496 3507 3554 3560 ἐν
3590 3524 3654 3577 τε

2067 3596 2276 3661 τούτοις
2301 3595 2623 3668 εὐημερίας,
2649 3598 2744 3650 καὶ
2765 3595 3026 3666 καύχημα
3050 3597 3110 3650 τὸ
3132 3597 3322 3673 χρῆμα
3347 3599 3652 3667 ποιήσεται,

2069 3689 2165 3743 καὶ
2225 3688 2494 3761 θυμηδίας
2550 3689 2651 3762 τῆς
2709 3689 2993 3759 ἀνωτάτης
3048 3687 3311 3757 λογιεῖται
3359 3689 3652 3762 πρόφασιν.

2080 3775 2270 3844 Ὑμεῖς
2296 3776 2372 3837 δὲ,
2404 3776 2590 3847 φησιν,
2615 3775 2692 3839 ὡς
2720 3775 2936 3846 πατέρα
2964 3791 3032 3847 με
3054 3777 3296 3842 δοξάζειν
3327 3777 3655 3848 ὀφείλοντες,

2069 3865 2296 3922 δεδιέναι
2347 3867 2403 3921 δὲ
2455 3869 2548 3921 καί⁵
2601 3868 2676 3932 ὡς
2718 3867 3008 3937 δεσπότην,
3043 3869 3168 3922 κατ’
3196 3869 3364 3940 ἀμφω
3392 3871 3488 3925 τοῦ
3519 3873 3655 3944 πρέφ

2071 3971 2264 4019 ποντος
2293 3957 2356 4008 οὐ
2385 3957 2620 4026 μετρίως
2642 3957 3058 4029 διημαρτήκατε
3079 3973 3092 3986 ·
3125 3957 3401 4013 ἁλώσεσθε
3425 3959 3480 4013 δὲ
3515 3963 3654 4031 μήτε

2069 4047 2148 4112 ὡς
2169 4048 2341 4119 πατρὶ
2367 4047 2465 4120 τὴν
2492 4048 2674 4116 δόξαν,
2710 4050 2846 4121 μήτε
2872 4050 2979 4120 μὴν
3001 4049 3080 4114 ὡς
3105 4050 3338 4122 δεσπότῃ
3366 4052 3458 4105 τὸν
3493 4051 3655 4121 φόϐον

2070 4137 2421 4200 ἀνάπτοντες.
2454 4137 2564 4193 Πυῦ
2591 4138 2702 4209 γὰρ
2735 4140 2768 4209 ἡ
2793 4138 2920 4203 δόξα
2953 4156 3054 4208 μου
3081 4156 3095 4204 ;
3125 4140 3226 4193 ποῦ
3256 4140 3310 4194 δὲ
3341 4143 3370 4195 6
3399 4142 3582 4210 (9660;,
3605 4143 3656 4194 εί

2075 4227 2240 4304 μηδὲν
2287 4225 2397 4280 τῶν
2439 4229 2521 4292 είς
2572 4226 2728 4293 δόξαν
2773 4227 3023 4300 ὁρώντων
3070 4230 3169 4299 τὴν
3219 4231 3357 4302 ἐμὴν
3399 4231 3655 4302 ἀνέχεσθε

2069 4318 2226 4391 δρᾷν,
2253 4319 2390 4392 μήτε
2422 4320 2529 4392 μὴν
2555 4319 2620 4374 τὸ
2637 4319 2960 4384 κολάζεσθαι
2986 4321 3241 4386 δεδιότες,
3259 4326 3370 4386 τοῖς
3394 4323 3653 4378 δεσπότου

2071 4413 2247 4466 εἴκετε
2305 4411 2527 4482 νόμοιςς
2583 4410 2728 4482 Ἔφη
2788 4430 2840 4466 τι
2897 4412 3137 4466 τοιοῦτον
3185 4415 3278 4483 καὶ
3332 4414 3420 4468 διὰ
3473 4416 3655 4486 φωνῆς

2085 4504 2341 4557 Ἠσαῖουο
2379 4505 2634 4567 «Ἄκουε,
2666 4504 2882 4573 οὐρανὲ,
2921 4503 3014 4556 καὶ
3049 4502 3381 4574 ἑνωτίζου,ή
3431 4493 3523 4574 γῆ,
3575 4507 3654 4558 ὅτι

2073 4594 2278 4664 Κύριος
2298 4594 2588 4665 ἐλάλησεν·
2613 4595 2774 4657 Υίοὺς
2801 4595 3086 4664 ἐγέννησα,
3118 4595 3214 4648 καὶ
3243 4594 3434 4664 ὕψωσα
3453 4613 3466 4626 ο
3501 4597 3657 4649 αὐτοὶ

2071 4687 2128 4740 δέ
2157 4704 2223 4758 με
2253 4687 2549 4757 ἠθέτησαν.
2573 4705 2590 4737 ι
2620 4687 2742 4757 Χρὴ
2767 4686 2946 4739 τοίνυν
2980 4689 3128 4757 ἡμᾶς
3149 4686 3216 4740 τὰ
3241 4688 3320 4750 είς
3346 4685 3501 4751 δόξαν
3520 4674 3655 4740 Θεοῦ

2074 4779 2277 4849 ζητεῖν,
2311 4779 2404 4831 καὶ
2457 4778 2562 4848 μὴν
2609 4779 2705 4830 καὶ
2750 4775 3066 4844 ἐπείγεσθαι
3115 4776 3436 4846 κατορθοῦν,
3467 4775 3528 4830 τὸ
3561 4793 3657 4846 γι-

2073 4870 2392 4941 γραμμένον
2423 4869 2660 4932 εἰδότας·
2699 4887 2716 4918 t
2743 4869 2828 4922 Ζῶ
2858 4868 2987 4936 ἐγὼ,
3014 4869 3162 4937 λέγει
3187 4855 3509 4940 Κῦριος,ὅτι
3531 4871 3660 4935 τοὺς

2070 4961 2392 5030 δοξάζοντάς
2416 4979 2484 5032 με
2510 4962 2740 5026 δοξάσω,
2770 4961 2863 5015 καὶ
2888 4964 2916 5015 6
2939 4961 3238 5028 ὲξουθενῶν
3269 4980 3358 5033 με,
3382 4963 3652 5033 ἀτιμωθήο

2074 5075 2248 5111 σεται.
2279 5075 2296 5106 ι
2335 5056 2628 5120 Δοξάσεται
2657 5055 2713 5107 δὲ
2738 5053 2874 5122 πρὸς
2899 5054 3056 5124 ἡμῶν
3086 5057 3114 5108 6
3141 5056 3328 5127 Πατὴρ
3349 5057 3378 5109 6
3399 5053 3506 5108 τῶν
3523 5053 3654 5107 ὅλων

2073 5152 2222 5214 Θεὸς,
2259 5150 2380 5220 οὐχὶ
2421 5149 2482 5201 τὺ
2511 5148 2694 5212 αὐτοῖς
2724 5148 2855 5218 ἡμῖν
2881 5146 2980 5218 ἡδύ
3031 5164 3090 5200 τε
3135 5150 3229 5202 καὶ
3261 5148 3414 5216 φίλον
3446 5148 3660 5200 ἀποπε-

2075 5243 2277 5314 ραίνειν
2331 5237 2775 5303 ἐσπουδακότων,
2836 5239 3265 5292 ἀνατεθεικότων
3334 5239 3392 5292 δὲ
3459 5238 3659 5309 μᾶλλον

2071 5334 2220 5405 αὑτῷ
2266 5334 2358 5386 τὸν
2403 5332 2550 5397 νοῦν,
2584 5334 2675 5386 καὶ
2705 5334 2820 5395 τοῖς
2869 5331 3036 5386 αὑτοῦ
3083 5330 3348 5399 νεύμασιν
3378 5331 3659 5400 ἑπομένων

2073 5406 2368 5497 πανταχοῦ.
2399 5424 2826 5497 Φοϐηθησόμεθα
2862 5423 2917 5477 δὲ
2958 5423 3050 5477 καὶ
3087 5423 3163 5486 ὼς
3197 5422 3420 5493 Κὺρῑον,
3448 5422 3547 5493 τὴν
3579 5424 3659 5489 είς

2072 5519 2380 5589 φαυλότητα
2411 5518 2582 5590 ῥοπὴν
2603 5517 3000 5579 ἀνακόπτοντες
3023 5515 3160 5568 αίδοῖ
3181 5514 3273 5568 τοῦ
3299 5515 3659 5588 προσκρούειν
