4042 6196
306 244 400 296 εδ,
639 237 643 239 ·
1369 237 1426 291 s.
1467 230 1742 292 manu
1783 230 2252 292 ALEXANb'illNI
2292 235 2609 296 AltUilEP.
3493 249 3600 310 293

304 368 552 412 carorum
588 352 656 404 “.
691 368 710 402 ι
749 349 904 406 Pura:
945 349 1110 421 igitur
1136 363 1190 406 et
1231 352 1586 405 sanctiﬁcata:
1623 361 1678 405 et
1705 367 1910 422 azyma:

2015 352 2240 422 παλαιᾷ,
2278 353 2409 424 μηδὲ
2438 357 2496 408 ἐν
2531 356 2678 427 ζύμῃ
2711 357 2908 422 κακίας
2945 361 3041 414 καί
3075 361 3362 430 πονηρίας,
3385 365 3507 418 ἀλλ²
3540 369 3600 421 ὲν

305 447 429 499 vita:
463 445 563 498 hoc
585 458 753 512 genus
780 443 933 510 panis
962 452 1046 497 est
1067 441 1710 513 sytubolutu.0fl‘erebant
1738 443 1904 512 igitur

2014 442 2240 512 ἀζύμοις
2297 443 2650 515 εἰλικρινείας
2695 448 2790 502 καὶ
2834 450 3111 522 ἀληθείας.
3146 473 3164 505 ι
3219 456 3328 508 Καὶ
3389 456 3554 510 πάλιν
3582 476 3594 490 ·

309 553 406 605 pro
436 550 513 600 se,
551 533 685 588 utin
717 535 858 605 typis
884 535 1063 589 adhuc
1101 543 1156 587 et
1213 534 1448 597 umbris,
1477 534 1569 602 qui
1601 536 1898 590 secundum

2015 552 2032 582 ι
2057 532 2433 606 Ἐκκαθάρατε
2459 530 2554 588 οὖν
2581 538 2681 607 τὴν
2711 538 2950 594 παλαιὰν
2977 541 3179 613 ζύμην,
3217 545 3305 596 ἵνα
3345 541 3444 615 ἦτε
3485 550 3598 601 νέον

309 629 482 696 legem
521 642 688 696 panes
707 640 928 698 asymos
945 637 998 681 et
1017 641 1207 698 azyma
1233 625 1556 682 offerebant.

2014 624 2260 694 φύραμα,
2288 624 2472 690 καθώς
2509 629 2632 688 ἐστε
2669 629 2890 702 ἄζυμοι.
2916 649 2935 684 ι
2967 635 3266 706 Ιίαρεγγυᾷ
3285 636 3341 690 δὲ
3365 638 3598 706 Χριστος

308 726 422 788 τοῖς
475 723 653 791 ἁγίοις
713 721 1055 787 ἀποστόλοις,
1101 721 1245 776 οὕτω
1295 720 1508 788 λέγων⁸
1549 739 1566 772 ι
1597 720 1904 790 Προσέχετε
1941 719 2048 774 ἀπὸ
2115 719 2215 788 τῆς
2255 718 2435 790 ζύμης
2508 720 2616 773 τῶν
2645 723 2954 793 Φαρισαίων
3010 726 3102 778 καὶ
3147 726 3540 782 Σαδδουκαίων.
3575 748 3592 780 ι

310 819 520 874 Οὐκοῦν
565 818 816 887 καθαρᾶς
849 817 1322 889 καὶ,ὴγιασμένης
1369 818 1462 870 καὶ
1508 815 1720 887 ἀζύμου
1759 815 1906 886 ζωῆς
1944 815 2170 886 σημεῖον
2216 814 2245 866 ὁ
2288 816 2473 885 ἄρτος.
2544 817 2954 888 Προσεκόμιζον
3017 819 3198 874 τοίνυν
3244 819 3360 879 ἀνθ’
3392 821 3598 874 ἑαυτῶν

310 915 386 978 ὡς
424 917 480 966 ὲν
511 912 702 977 τύποις
726 911 806 966 ἔτι
836 913 932 966 xst't
984 912 1163 975 σκιαῖς
1187 911 1237 963 οἰ
1306 911 1677 980 προσάγοντες
1711 910 1912 981 ἄρτους
1948 925 2009 963 τε
2040 907 2286 979 ἀζύμους
2309 909 2404 962 καὶ
2430 909 2616 980 ἄζυμα
2641 911 2782 965 κατὰ
2813 912 2905 966 τὸν
2932 912 3117 983 νόμον.

385 1008 657 1074 Quoniam
689 1015 869 1060 autem
899 1006 1353 1070 catechumenos,
1379 1014 1433 1059 et
1460 1004 1530 1059 ita
1563 1019 1659 1074 per
1686 1017 1908 1058 sacrum

2089 1000 2310 1073 Ἐπειδὴ
2337 1001 2394 1055 δὲ
2435 1004 2528 1057 καὶ
2559 1003 2686 1068 τοὺς
2712 1003 2792 1058 ἔτι
2825 1004 3287 1077 κατηχουμένους,
3323 1004 3417 1059 καὶ
3449 1003 3595 1059 οὔπω

311 1101 585 1168 baptisma
610 1098 847 1152 nondum
874 1113 903 1152 a
937 1106 1161 1167 peccato
1203 1105 1460 1166 purgatos
1512 1096 1770 1152 Ecclesiis
1803 1110 1910 1150 non

2014 1095 2103 1166 τὴν
2151 1095 2429 1166 ἁμαρτίαν
2480 1096 2904 1166 έκνενιμμένους
2953 1096 3042 1150 διὰ
3081 1095 3176 1150 τοῦ
3213 1096 3372 1166 ἁγίου
3406 1097 3592 1167 βαπτί-

313 1190 560 1258 ejicimus
594 1183 716 1244 cum
747 1190 912 1242 Deum
946 1188 1320 1259 gloriﬁcamus
1353 1203 1366 1242 :
1407 1187 1541 1256 quin
1598 1201 1695 1243 eos
1729 1187 1911 1256 potius

2014 1197 2234 1256 σματος,
2260 1185 2360 1240 οὐκ
2387 1184 2746 1257 ἐκπέμπομεν
2765 1187 2876 1240 τῶν
2906 1186 3244 1258 Ἐκκλησιῶν
3261 1188 3597 1258 δοξολογοῢν-

315 1282 369 1335 in
395 1280 820 1334 consummando
841 1278 1112 1334 sacrificio
1138 1276 1313 1332 laudis
1332 1278 1510 1333 socios
1534 1276 1908 1342 adsciscimus,

315 1373 440 1427 ideo
473 1372 554 1426 lex
590 1373 641 1425 in
681 1371 1006 1426 fermentato
1039 1369 1210 1436 illam,
1268 1368 1720 1439 gloriﬁcationem
1747 1377 1928 1437 puta,‘

316 1466 616 1519 faciendam
653 1465 852 1534 inquit,
884 1464 1025 1518 sicut
1057 1463 1166 1518 disi
1204 1479 1219 1516 :
1254 1463 1454 1518 veteris
1483 1463 1742 1532 nequitiae
1771 1462 1900 1518 reli-

317 1558 496 1625 quias,
523 1557 676 1625 quasi
705 1556 973 1625 quoddam
1033 1555 1360 1610 fermentum
1402 1554 1456 1608 in
1514 1566 1575 1609 se
1609 1551 1900 1608 habentem

317 1648 650 1716 significans,
668 1662 859 1716 panem
888 1647 1271 1702 fermentatum
1292 1661 1386 1716 per
1407 1644 1637 1716 aenigma
1662 1645 1900 1700 nondum

2006 1293 2098 1341 τες
2131 1275 2284 1342 Θεὸν,
2315 1277 2620 1344 ποιούμεθα
2665 1279 2724 1332 δὲ
2779 1279 2980 1348 μᾶλλον
3013 1281 3326 1345 κοινωνοὺς,
3359 1282 3459 1354 τὴν
3501 1284 3596 1353 τῆς

2008 1367 2270 1433 αἰνέσεως
2314 1368 2654 1440 πληροῦντες
2703 1369 2894 1425 Θυσίαν
2922 1388 2936 1402 '
2972 1371 3229 1446 ταύτῃτοί
3255 1391 3390 1447 φησι
3436 1377 3530 1429 καὶ
3572 1378 3599 1430 δ

2008 1463 2193 1535 νόμος,
2227 1465 2314 1518 ἐπ’
2346 1463 2534 1535 ἄρτοις
2567 1463 2821 1536 ζυμίτσ-ις
2852 1467 3049 1537 χρῆναι
3069 1467 3203 1539 δρᾷν
3221 1468 3410 1539 αὐτὴν.
3436 1469 3601 1540 ἄρτον

2009 1557 2245 1628 ζυμίτην
2295 1556 2469 1625 λέγων
2505 1556 2927 1627 αἰνιγματωδῶς
2947 1558 3041 1611 τὸν
3066 1557 3221 1611 οὖπω
3263 1559 3604 1630 κεκαθαρμέ-

2009 1663 2118 1711 νον,
2149 1646 2226 1710 ὼς
2257 1645 2413 1717 ἔφην,
2443 1646 2531 1700 διὰ
2566 1647 2662 1700 τοῦ
2701 1647 2858 1716 ἁγίου
2892 1647 3291 1719 βαπτίσματος,
3322 1648 3514 1719 ἔχοντα
3544 1649 3602 1703 δὲ

319 1739 645 1806 baptismate
674 1749 982 1809 purgatum.
1024 1757 1042 1790 ι
1074 1737 1178 1793 Vos
1212 1739 1377 1808 igitur
1413 1737 1729 1792 sacerdotes
1748 1734 1905 1802 estis,

2014 1736 2200 1809 ὥσπερ
2232 1737 2356 1793 τινὰ
2406 1739 2586 1810 ζύμην
2616 1741 2673 1791 ὲν
2703 1738 2883 1810 ἑαυτῷ
2908 1740 2974 1793 τὰ
3007 1741 3105 1812 τῆς
3140 1741 3371 1811 ἀρχαίας
3403 1741 3601 1810 φαυλό-

321 1829 516 1898 inquit,
541 1829 632 1898 qui
668 1829 951 1898 despicitis
982 1843 1178 1884 nomen
1207 1843 1408 1892 meum,
1441 1845 1459 1878 ι
1495 1827 1622 1882 dum
1650 1828 1717 1882 ad
1737 1825 1908 1881 altare

321 1935 500 1977 meum
524 1934 696 1990 panes
717 1920 951 1991 pollutos
972 1919 1202 1976 offertis.
1226 1919 1539 1976 Curandum
1561 1933 1695 1989 ergo
1723 1933 1909 1974 sacer-

321 2010 471 2066 dotio
503 2010 734 2077 ornatis,
761 2025 829 2066 ne
857 2009 987 2080 quid
1013 2009 1118 2065 tale
1155 2009 1210 2064 in
1239 2008 1484 2065 Ecclesia
1515 2008 1905 2070 committatur,

321 2114 375 2160 et
408 2103 699 2159 tenendum
728 2111 1040 2157 accuratam
1065 2101 1503 2156 observationem
1541 2101 1652 2154 Deo
1694 2107 1907 2169 gratam

320 2193 692 2265 etjucuudam
727 2194 976 2247 accidere
1003 2207 1018 2257 ;
1043 2201 1252 2257 contra,
1291 2183 1598 2245 socordiam
1653 2189 1706 2244 iu
1748 2189 1908 2245 rebus

321 2293 432 2340 tam
459 2283 786 2338 venerandis
813 2298 1064 2351 magnam
1096 2281 1172 2336 illi
1205 2295 1394 2336 creare
1427 2279 1772 2338 molestiam:
1808 2294 1909 2334 nec

322 2377 377 2432 id
407 2376 600 2446 supine
635 2375 968 2446 negligentes
1009 2374 1230 2443 impune
1283 2371 1476 2427 ferent.
1510 2371 1576 2424 Et
1637 2371 1909 2440 quomodo

322 2483 430 2524 non
466 2467 779 2523 miserabile
804 2475 888 2522 est
919 2466 1065 2521 istud
1109 2464 1338 2521 videre?
1367 2479 1489 2518 cum
1531 2464 1608 2519 illi
1641 2464 1905 2518 audiant:

327 2577 349 2612 ι
395 2557 504 2614 Vos
535 2558 846 2613 sacerdotes
876 2557 1142 2626 estis,qui
1173 2555 1450 2626 despicitis
1487 2569 1683 2610 nomen
1741 2555 1910 2626 826

323 2663 525 2704 meum.
559 2665 576 2699 ι
621 2647 714 2702 Est
753 2647 896 2701 enim
941 2647 1158 2717 quidam
1189 2653 1537 2713 contemptus
1583 2644 1680 2700 Dei
1726 2660 1910 2700 sacer-

323 2741 507 2796 dotum
542 2739 820 2809 segnities,
855 2746 911 2792 et
934 2749 1216 2808 peccatum
1249 2737 1377 2793 iilud
1430 2737 1610 2807 gloriae
1661 2739 1762 2808 ipsi
1808 2737 1908 2792 tri-

324 2831 550 2888 buenda:
583 2845 649 2885 ac
671 2832 866 2886 debita:
899 2831 1244 2886 adversatur.

400 3004 562 3060 Vsus.
599 3003 653 3055 8.
683 3002 823 3066 Quia
851 3004 896 3056 si
933 3003 1169 3072 o/feratis
1203 3018 1399 3057 cwcum
1431 3003 1484 3055 in
1533 3003 1858 3070 sacriﬁcium
1887 3039 1903 3066 ,

324 3112 494 3151 nonne
528 3095 771 3149 malum?
816 3092 886 3147 Et
923 3100 969 3146 si
1014 3096 1253 3162 offeratis
1324 3094 1595 3157 claudum,
1637 3103 1730 3147 aut
1791 3093 1907 3146 lan-
1935 3078 1979 3136 (ἶ

321 3189 572 3260 guidum,
621 3203 791 3240 nonne
833 3185 1089 3240 malum?
1136 3184 1284 3254 Oﬁ'er
1331 3184 1468 3239 illud
1512 3186 1634 3239 duci
1692 3199 1819 3250 tuo,
1863 3187 1910 3240 si

321 3281 568 3349 suscipiet
608 3289 674 3343 te,
720 3280 765 3332 si
807 3277 1027 3347 accipiet
1061 3276 1251 3347 {aciem
1283 3288 1452 3341 tuam,
1485 3277 1609 3331 dicit
1659 3277 1911 3333 Dominus

321 3373 668 3440 omnipotens.

394 3461 486 3518 IX.
529 3462 663 3517 Cum
705 3462 789 3517 lex
851 3461 1133 3517 mandaret
1157 3462 1196 3496 ⁶¹
1226 3460 1568 3516 victimarum
1600 3461 1730 3516 vitia
1781 3477 1912 3517 con-

320 3558 584 3620 siderare,
621 3564 676 3611 et
703 3555 923 3610 mutilas
954 3569 1050 3610 seu
1081 3554 1342 3608 membris
1369 3564 1557 3623 captas
1596 3555 1911 3626 repudiare,

319 3665 388 3703 ex
420 3649 568 3702 omni
601 3658 755 3716 parte
793 3647 1038 3716 integras
1076 3645 1411 3712 sacriﬁcare,
1457 3646 1533 3700 illi
1566 3662 1632 3702 eo
1669 3656 1911 3717 tempore

322 3741 460 3793 citra
505 3739 805 3800 delectum,
832 3747 889 3791 et
913 3737 1058 3790 nullo
1085 3737 1421 3802 discrimine,
1467 3748 1665 3793 cuncta
1718 3737 1912 3795 offere-

323 3832 476 3892 bant,
503 3838 558 3881 et
587 3827 768 3898 gloria:
793 3825 903 3880 Deo
937 3826 1112 3896 dignae
1153 3827 1292 3880 ratio
1315 3828 1546 3881 omnino
1585 3829 1781 3899 exigua
1814 3832 1911 3885 du-

323 3923 586 3976 cebatur:
622 3929 681 3971 ut
703 3928 887 3972 autem
915 3933 1078 3986 quam
1099 3918 1361 3988 plurimas
1391 3918 1644 3974 victimas
1677 3935 1912 3990 congre-

323 4022 536 4084 garent,
567 4021 621 4067 et
647 4010 859 4081 copiam
889 4011 1120 4065 arietum
1146 4011 1314 4075 domi,
1347 4024 1412 4064 ac
1445 4010 1681 4067 fortasse
1715 4013 1770 4067 in
1796 4013 1912 4083 ipso

324 4107 677 4163 tabernaculo
715 4105 996 4168 haberent,
1039 4103 1090 4157 in
1149 4117 1214 4157 eo
1265 4102 1552 4172 plurimum
1617 4118 1796 4175 operae
1848 4119 1914 4160 ac

323 4199 490 4254 studii
526 4198 970 4254 consumebatur.
1007 4197 1088 4250 An
1120 4195 1305 4266 igitur,
1356 4210 1390 4250 ο
1439 4197 1688 4266 praeclari
1734 4199 1910 4269 legum

323 4290 597 4355 custodes,
633 4290 678 4344 si
714 4289 838 4359 quis
871 4302 1074 4342 caecum
1131 4288 1197 4341 ad
1256 4287 1584 4343 sacriﬁciqu
1631 4290 1909 4357 obtulerit,

2008 1846 2170 1902 τητος
2196 1830 2449 1902 λείψανα.
2488 1850 2505 1882 ι
2527 1830 2719 1901 Ὑμεῖς
2747 1826 2864 1896 οὖν,
2889 1832 3072 1902 φησιν,
3103 1833 3152 1884 οἰ
3182 1831 3367 1902 ἱερεῖς,
3392 1831 3441 1884 οί
3467 1847 3603 1900 φαυ-

2008 1922 2246 1988 λίζοντες
2278 1923 2340 1976 τὸ
2372 1922 2545 1994 ὄνομὰ
2599 1935 2724 1993 μου,
2759 1941 2777 1973 ι
2813 1922 2902 1976 διὰ
2934 1922 2996 1975 τὺ
3028 1924 3359 1994 προσφέρειν
3409 1925 3491 1988 είς
3541 1924 3601 1979 τὸ

2010 2013 2394 2086 θυσιαστήριον
2431 2031 2532 2084 μου
2568 2014 2766 2086 ἄρτους
2785 2014 3207 2085 ⁴ηλισγημένους.
3234 2017 3354 2088 Χρὴ
3383 2032 3602 2090 τοιγαρ-

2008 2103 2102 2158 οῦν
2131 2103 2386 2174 φροντίδα
2426 2103 2698 2157 ποιεῖσθαι
2727 2104 2854 2168 τοὺς
2884 2103 2982 2175 τὴν
3012 2104 3164 2158 Θείαν
3189 2105 3410 2175 ἔχοντας
3440 2109 3600 2179 ίερω-

2014 2195 2201 2266 σύνην,
2242 2193 2316 2265 μὴ
2346 2195 2454 2265 ἄρα
2483 2213 2532 2248 τι
2563 2194 2737 2264 δρῷτο
2762 2194 3003 2248 τοιοῦτον
3035 2198 3093 2248 ὲν
3144 2196 3474 2268 Ἐκκλησία·
3525 2199 3569 2251 εί
3589 2223 3603 2236 ι

2009 2283 2156 2338 δέναι
2202 2300 2282 2348 τε,
2325 2285 2407 2336 ὅτι
2457 2285 2490 2354 ἡ
2543 2285 2643 2354 μὲν
2688 2285 2921 2357 ἀκριϐὴς
2967 2288 3293 2358 έπιτὴρησις
3343 2290 3604 2360 εὐφρανεῖ

2009 2373 2162 2439 Θεὸν,
2197 2375 2574 2446 καταλυπήσει
2600 2375 2657 2428 δὲ
2686 2375 2805 2429 λίαν
2851 2377 2911 2429 τὸ
2950 2378 3215 2449 ῥᾳθυμεῖν
3250 2379 3464 2434 ἑλέσθαι
3493 2380 3600 2434 τῶν

2009 2462 2153 2518 οὕτω
2187 2465 2422 2518 σπι-τῶν.
2459 2467 2586 2520 Ὅτι
2620 2469 2723 2522 ούκ
2761 2469 2996 2540 ἀζήμιον
3025 2471 3086 2524 τὸ
3119 2474 3308 2543 χρῆμα
3350 2476 3460 2535 τοῖς
3494 2475 3600 2529 ὐπ-

2010 2557 2314 2626 τιουμένοις
2365 2575 2514 2623 πως,
2575 2559 2634 2611 ού
2690 2559 3049 2644 ιιταλαίιτιιυρονν
3092 2563 3240 2629 ἰδεῖν,
3297 2566 3600 2636 ἀκομόντων

2012 2647 2231 2700 ἐκείνων
2255 2664 2267 2676 ·
2305 2667 2324 2698 ι
2349 2648 2535 2720 Ὑμεῖς
2564 2652 2612 2704 oi
2643 2652 2825 2720 ίερεῖς,
2858 2653 2907 2704 οί
2937 2645 3288 2721 φαυλίζοντες
3326 2655 3390 2710 τὸ
3427 2655 3601 2728 δνομά

2014 2754 2137 2808 μου.
2173 2758 2190 2790 ι
2223 2739 2510 2811 Φαύλισμα
2540 2742 2647 2812 γὰρ
2678 2741 2868 2814 ὥσπερ
2899 2746 2977 2808 είς
3011 2745 3145 2799 θεὸν
3181 2746 3293 2800 τῶν
3321 2748 3509 2819 ἱερέων
3538 2749 3600 2802 τὸ

2013 2829 2278 2902 ῥᾴθυμον,
2304 2831 2400 2884 καὶ
2429 2834 2510 2896 εἰς
2540 2834 2637 2903 τὴν
2669 2833 2816 2903 αύτῷ
2845 2832 3163 2906 πρέπουσάν
3187 2855 3247 2891 τε
3274 2840 3370 2893 καὶ
3393 2841 3600 2910 ὀφειλο·

2013 2924 2181 2993 μένην
2210 2923 2368 2988 δόξαν
2394 2926 2726 2996 ἀναφέρεται
2756 2928 2817 2980 τὸ
2850 2927 3250 3002 πλημμέλημα.

2082 3017 2236 3068 Διότι
2266 3015 2376 3068 ἐὰν
2406 3017 2833 3088 προσαγάξητε
2861 3021 3096 3091 τυφλὸν
3136 3025 3223 3088 είς
3262 3027 3498 3092 θυσίας,
3527 3028 3599 3081 οὐ

2013 3107 2204 3159 κακόν
2221 3121 2241 3169 ;
2272 3106 2370 3159 καί
2395 3107 2506 3161 ἐὰν
2527 3111 2944 3179 προσαγάγητε
2970 3114 3172 3181 χωλὸν
3211 3115 3249 3183 ἢ
3273 3117 3600 3186 ὔρῤωστον,

2014 3197 2086 3250 οὺ
2115 3197 2338 3261 mmor;
2374 3198 2725 3270 Προσὰγαγε
2749 3201 2826 3270 δὴ
2856 3204 3108 3270 αὐτὸτῷ
3130 3207 3440 3276 ἡγουμένῳ
3461 3226 3601 3275 σου,

2011 3289 2066 3340 εἰ
2111 3287 2511 3356 προσδέξεται
2557 3308 2650 3355 σε,
2685 3297 2735 3347 εἰ
2778 3295 3038 3364 λήψεται
3082 3302 3412 3366 πρόσωπόν
3461 3319 3599 3369 σου,

2013 3376 2175 3447 λέγει
2209 3380 2423 3448 Κύριος
2448 3381 2894 3452 παντοκράτωρ.
3311 3385 3316 3392 “

2082 3470 2156 3522 θ’.
2201 3471 2602 3541 Μωμοσκοπεῖν
2647 3473 2744 3528 τοῦ
2790 3476 2956 3547 νόμου
3007 3479 3074 3532 τὰ
3119 3482 3292 3552 ἱερεῖα
3326 3485 3598 3554 προσειτᾶτ⁶

2012 3575 2214 3626 τοντος,
2265 3563 2362 3616 καὶ
2415 3564 2721 3636 amatum
2777 3567 2876 3638 μὲν
2923 3572 3194 3625 ποιεῖσθαι
3237 3574 3306 3626 τὰ
3350 3573 3597 3648 ἔμπηρα,

2012 3652 2303 3726 καθιεροῦν
2333 3655 2391 3708 δὲ
2429 3655 2499 3710 τὰ
2518 3656 2748 3729 ἄμωμα,
2777 3663 3178 3732 προσεκόμιζον
3202 3666 3282 3736 τῷ
3311 3667 3599 3738 θυσιαστηο

2014 3746 2116 3816 ρίῳ
2147 3746 2268 3800 κατ’
2303 3749 2478 3802 ἐκεῖνο
2527 3749 2633 3804 τοῦ
2666 3753 2860 3823 καιροῦ
2908 3755 3084 3808 πάντα
3120 3758 3296 3829 χύδην·
3326 3762 3414 3813 καί
3451 3761 3598 3814 ἀδιαο

2013 3835 2236 3904 κρίτως,
2269 3839 2364 3891 καί
2381 3839 2483 3910 τῆς
2518 3841 2616 3911 μὲν
2648 3843 2966 3915 πρεπούσης
2993 3845 3154 3917 δόξης
3177 3848 3255 3918 τῷ
3279 3849 3398 3920 Θεῷ
3419 3851 3598 3920 ὀλίγος

2010 3920 2080 3993 ἦν
2112 3928 2392 3992 παντελῶς
2411 3930 2439 3980 ὁ
2468 3930 2654 3998 λόγος’
2688 3935 2907 4005 φροντὶς
2938 3936 2993 3989 δὲ
3017 3936 3134 3990 λίαν
3161 3920 3594 4013 έσπῖυδασμένη.

2012 4016 2074 4070 τὸ
2107 4017 2334 4072 πλεῖστα
2354 4023 2454 4075 ὅσα
2483 4024 2824 4094 συναγείρειν
2855 4026 3091 4097 θύματα,
3115 4031 3210 4084 καὶ
3241 4033 3411 4104 κριῶν
3435 4034 3600 4102 ἀφθο-

2012 4105 2133 4160 νίαν
2165 4107 2302 4197 οἴκοι
2345 4128 2402 4164 τε
2451 4111 2618 4182 ἔχειν,
2657 4115 2754 4168 καί
2780 4119 2836 4169 ἐν
2864 4120 3001 4190 αὐτῇ
3051 4138 3150 4174 που
3193 4124 3335 4193 τάχα
3368 4127 3434 4195 τῇ
3470 4126 3599 4197 ἁγία
3677 4141 3679 4143 ·

2016 4196 2344 4272 σκηνῇ.⁷Αρ’
2372 4197 2484 4266 οὖν,
2521 4197 2566 4257 ὧ
2596 4205 2688 4259 τοῦ
2721 4208 2889 4277 νόμου
2925 4209 3182 4279 φύλακες,
3233 4215 3281 4268 εί
3330 4196 3595 4286 προσάγει

2011 4305 2095 4352 τις
2124 4290 2322 4358 τυφλὸν
2369 4293 2450 4357 είς
2484 4295 2702 4361 θυσίαν,
2727 4299 2786 4351 ού
2817 4301 2986 4354 κακὸν
3019 4302 3079 4356 τὸ
3125 4303 3305 4375 θῦμα;
3351 4308 3399 4359 εἰ
3439 4307 3494 4360 δὲ
3532 4308 3596 4378 δὴ

325 4385 428 4440 hoc
485 4383 812 4439 sacrificium
861 4381 1118 4435 vitiosum
1157 4393 1260 4436 non
1318 4381 1446 4437 est?
1474 4383 1627 4449 Quod
1673 4383 1718 4438 si
1763 4384 1910 4438 clau-

2017 4381 2111 4474 καὶ
2162 4383 2334 4452 χωλὸν
2393 4384 2426 4456 ἢ
2457 4385 2760 4458 ἄρρωστον,
2793 4391 2885 4444 τον
2919 4393 3017 4463 τῆς
3047 4395 3326 4465 ὲμπηρίας
3377 4395 3598 4466 διαφεύ-

323 4476 473 4540 dum,
500 4484 593 4528 aut
619 4473 952 4544 languidum,
987 4487 1116 4525 num
1163 4487 1222 4526 se
1276 4487 1304 4524 a
1350 4472 1580 4527 crimine
1651 4473 1910 4528 mutilata:

2014 4471 2161 4536 ξεται
2215 4475 2432 4547 μῶμον;
2481 4479 2556 4532 Οὐ
2607 4481 2717 4552 γὰρ
2763 4483 2826 4552 δὴ
2867 4485 2960 4537 καὶ
2995 4484 3063 4537 τὰ
3107 4485 3284 4540 τοιάδε
3328 4486 3596 4555 λογιεῖσθε

325 4569 556 4623 victimae
599 4567 735 4622 tueri
771 4567 1026 4636 poterit?
1054 4565 1135 4620 An
1171 4581 1278 4631 non
1339 4566 1638 4620 istiusmodi
1678 4567 1817 4620 mala
1857 4577 1913 4620 et

325 4659 392 4713 ad
422 4657 754 4712 sacriﬁcium
785 4659 966 4727 inepta
1010 4643 1349 4711 censebitis?
1401 4655 1495 4709 Sin
1556 4656 1716 4710 aliter
1770 4658 1910 4726 apud

325 4750 535 4804 animos
566 4760 776 4804 vestros
827 4748 1092 4812 statuitis,
1131 4763 1229 4817 age
1259 4748 1526 4816 quispiam
1573 4763 1670 4818 pro
1701 4749 1859 4803 senio
1893 4788 1909 4814 ,

325 4851 380 4896 et
405 4841 458 4896 in
500 4840 620 4894 loco
649 4840 889 4894 muneris
925 4839 1016 4893 uni
1065 4853 1286 4892 suorum
1327 4839 1747 4908 gubernatorum
1779 4841 1910 4895 ofl'e—

329 4944 431 4990 rat.
474 4933 634 5004 Atqui
661 4947 796 5004 _non
829 4931 1110 5000 suscipiet,
1151 4931 1345 4998 inquit,
1397 4947 1494 4986 nec
1527 4931 1802 4986 offerentis
1833 4933 1910 4987 l‘a-

327 5029 466 5083 ciem
496 5024 761 5080 reveritus
790 5023 917 5078 illud
939 5022 1276 5079 offerendum
1311 5020 1475 5078 fuisse
1495 5023 1784 5096 judicabit,
1821 5040 1940 5080 νει-ο

330 5121 738 5185 ltementcrqne,
775 5122 834 5168 ut
874 5113 1071 5183 injuria
1118 5113 1420 5175 lacessitus.
1478 5111 1760 5170 irascetur.
1810 5114 1909 5170 Est

328 5210 509 5279 itaque
546 5225 576 5265 a
613 5207 820 5263 ratione
845 5220 1068 5276 prorsus
1101 5205 1522 5272 alienissimum,
1571 5208 1680 5262 Deo
1714 5209 1912 5263 audere

327 5298 522 5354 offerre
549 5314 668 5370 quae
689 5312 789 5355 nec
815 5306 1061 5353 nostrum
1085 5295 1281 5367 aliquis
1299 5298 1615 5365 dignaretur
1643 5301 1909 5370 accipere.

330 5389 580 5460 Magnum
617 5391 718 5446 hoc
751 5389 909 5448 nobis
945 5397 1225 5460 peccatum
1261 5400 1342 5444 est
1374 5429 1390 5454 ,
1428 5390 1471 5444 si
1512 5390 1742 5446 oblaturi
1779 5391 1907 5456 Deo,

327 5495 636 5550 quaeramus
671 5483 856 5539 miseri
889 5482 1032 5552 quod
1069 5480 1286 5546 foedius,
1321 5491 1415 5536 aut
1459 5483 1618 5538 vilius
1643 5493 1763 5538 cst:
1797 5498 1903 5536 non

401 5641 446 5675 "
485 5661 678 5722 Matth.
711 5675 824 5726 xvr,
857 5661 910 5718 6.
987 5661 1030 5693 “
1060 5661 1235 5727 Levit.
1265 5678 1401 5732 χιιι,
1428 5659 1493 5724 ‘21
1523 5678 1673 5733 seqq.

2011 4567 2174 4630 κακὰ,
2223 4569 2317 4619 καί⁵
2365 4570 2501 4639 πρὸς
2531 4571 2722 4625 θυσίαν
2763 4574 2865 4626 οὐκ
2911 4576 3226 4647 ὲπιτήδεια;
3271 4576 3409 4630 Ἀλλ’
3438 4579 3598 4648 εἴπερ

2009 4661 2186 4715 οἴεσθε
2215 4664 2356 4717 κατά
2384 4667 2525 4734 σφᾶς
2552 4667 2650 4737 οὐχ
2677 4663 2778 4721 ὧδε
2810 4669 2974 4739 ἔχειν,
3005 4670 3329 4742 ἀποφερέτω
3349 4688 3431 4735 τις
3456 4673 3597 4726 αὐτὰ

2012 4752 2201 4816 ξένιον,
2227 4756 2321 4807 και
2348 4757 2404 4808 ὲν
2428 4742 2600 4829 δώρου
2628 4759 2778 4825 τάξει
2809 4761 2918 4813 τῶν
2953 4762 3280 4832 καθηγητῶν
3314 4760 3599 4815 ευιπΑλν

2012 4845 2111 4897 οὐκ
2151 4845 2216 4898 ἂν
2255 4845 2632 4916 προσδέξαιτο,
2667 4851 2820 4920 φησί,
2854 4851 2964 4904 οὐδ’
2988 4851 3054 4905 ἂν
3086 4853 3147 4905 τὸ
3169 4851 3264 4906 τοῦ
3297 4853 3597 4923 προσκομίο

2015 4933 2198 4997 ζοντος
2248 4935 2538 5005 πρόσωπον
2591 4938 2880 5004 αἰδεσθεὶς,
2911 4941 3090 4994 οἰστὸν
3119 4940 3182 4994 τὸ
3221 4941 3412 5012 χρῆμα
3443 4941 3602 5011 ποιήο

2016 5041 2188 5091 σαιτο,
2219 5026 2510 5098 χαλεπανεῖ
2541 5029 2596 5082 δὲ
2628 5029 2746 5084 λίαν
2777 5030 2852 5096 ὡς
2879 5032 3395 5104 ὑδρισμένος.Ἕστι
3418 5034 3598 5086 τοίνυν

2010 5117 2120 5172 τῶν
2143 5117 2282 5187 ἄγαν
2321 5120 2735 5188 ὲκτοπωτάτων,
2761 5122 2881 5194 Θεῷ
2905 5125 3231 5196 προσφέρειν
3261 5125 3598 5195 ἀποτολμᾷν,

2010 5211 2046 5266 ἃ
2100 5213 2222 5284 μηδ’
2254 5213 2320 5267 ἂν
2369 5209 2449 5278 εἷς
2496 5215 2600 5267 τῶν
2655 5217 2945 5288 καθ’ἡμοῖς
2984 5219 3155 5273 ἕλοιτο
3204 5218 3407 5272 λαϐεῖν.
3457 5218 3599 5272 Πολὺ

2011 5304 2167 5357 τοῦτο
2185 5305 2314 5377 παρ’
2341 5307 2372 5376 ἡ
2382 5308 2471 5375 μίν
2497 5306 2556 5359 τὸ
2580 5307 2958 5381 πλημμέλημα
2979 5325 2992 5339 ·
3019 5311 3067 5363 εί
3097 5309 3205 5380 γάρ
3231 5327 3281 5362 τι
3312 5308 3600 5380 μέλλοιμεν

2012 5395 2401 5466 προσκομίζειν
2422 5397 2559 5466 Θεῷ,
2586 5399 2660 5463 ὡς
2694 5401 2759 5454 ἂν
2790 5401 3006 5472 ἔχοιμεν
3034 5399 3102 5453 τὰ
3125 5399 3340 5470 αἰσχίω,
3369 5400 3464 5456 καὶ
3484 5397 3606 5454 δεύ-

2010 5503 2140 5558 τερα
2179 5487 2434 5558 ζητοῖμεν
2489 5491 2536 5540 οἱ
2592 5491 2838 5558 τάλανες,
2881 5493 2980 5544 ούκ
3023 5489 3350 5558 ἐννοοῦντες,
3385 5491 3469 5546 δτι
3505 5488 3602 5544 καὶ
