4042 6196
444 364 548 420 199

443 474 582 544 quod
638 473 810 527 dicitis
863 490 946 527 vos
990 489 1007 526 .'

444 567 533 636 qui
556 577 979 634 superponuntur
1001 566 1226 635 despecti
1250 575 1368 618 sunt
1397 564 1496 617 cibi
1519 567 1653 633 ejus.

526 655 936 711 Xlll.Meliores
973 665 1027 710 et
1075 656 1245 727 magis
1300 655 1438 725 frugi
1489 655 1605 710 fore
1663 672 1729 710 ex
1777 658 2022 725 gentibus

444 757 688 810 vocatos,
737 747 1233 816 quam'lsraelitas,
1291 747 1418 801 hinc
1477 762 1690 817 quoque
1748 747 2018 818 patefacit.

440 837 594 907 Αριιά
641 838 759 892 illos
805 839 951 892 enim
1015 839 1280 892 sacriticia
1345 838 1542 892 munda
1572 877 1588 903 ,
1622 847 1678 893 et
1729 838 2021 893 bencolens

441 929 760 1000 thymiama,
788 939 844 984 et
885 943 1135 998 magnum
1167 944 1359 983 nomen
1385 930 1591 984 Domini
1623 948 1642 982 ι
1668 929 1734 985 ab
1782 939 1901 984 ortu
1929 946 2011 985 so.

441 1019 507 1076 lis
537 1023 789 1091 usquead
822 1035 1075 1076 occasum
1105 1020 1172 1074 "’.
1200 1039 1219 1072 ι
1261 1021 1414 1090 Apud
1465 1035 1557 1076 vos
1589 1030 1769 1076 autem
1811 1022 1980 1076 altare
2002 1061 2017 1086 ,

440 1114 762 1184 inquit,non
790 1122 872 1167 est
910 1114 966 1168 in
1005 1127 1196 1182 magna
1228 1119 1283 1167 et
1317 1127 1436 1181 qum
1457 1111 1626 1167 Deum
1677 1105 1869 1167 deceat
1903 1113 2021 1183 glo-

440 1211 540 1264 ria.
577 1209 967 1264 Contamiuatis
1001 1208 1144 1262 enim
1179 1204 1332 1270 illud,
1358 1206 1625 1260 dicentes:
1661 1225 1679 1257 ι
1707 1207 1886 1260 lllensa
1909 1208 2019 1261 1)οη

438 1301 568 1354 mini
598 1299 794 1370 polluta
814 1307 920 1366 est,
943 1309 997 1354 et
1026 1300 1273 1367 despecta
1301 1312 1419 1367 qua:
1453 1307 1580 1351 sunt
1604 1313 1766 1367 super
1801 1313 1915 1352 ea.»
1950 1298 2016 1352 Et

436 1408 535 1463 par
604 1393 820 1460 quidem
875 1400 1024 1458 eral,
1075 1390 1384 1445 sacerdotes
1429 1389 1798 1456 hujuscemodi
1839 1390 2016 1444 verbis

436 1483 731 1547 abstinere,
755 1496 876 1535 cum
904 1481 1031 1550 ipsis
1064 1479 1218 1534 faelis
1239 1479 1712 1543 clamarent,sicut
1735 1480 2010 1545 nimirum,

442 1592 461 1623 ι
499 1573 848 1642 Etinsipiens
872 1573 1003 1627 dicit
1027 1572 1080 1626 in
1099 1573 1261 1626 corde
1297 1586 1426 1626 suo:
1463 1570 1577 1623 Non
1598 1583 1681 1624 est
1711 1571 1852 1626 Deus
1889 1572 1954 1625 ⁸ο.
1990 1591 2008 1624 ι

435 1664 538 1719 Per
568 1680 684 1734 qua:
707 1665 850 1719 enim
875 1665 996 1734 quis
1021 1669 1368 1719 contemnere
1389 1662 1651 1730 cernitur,
1682 1663 1896 1716 tametsi
1923 1679 2013 1717 vo-

434 1773 550 1811 cem
584 1773 688 1813 uon
713 1759 858 1819 edat,
885 1757 1139 1826 operibus
1167 1767 1348 1808 tamen
1377 1756 1506 1825 ipsis
1540 1766 1595 1810 et
1630 1759 1752 1810 vitae
1775 1757 2012 1824 pravita-

1435 362 1493 417 Β.
1533 361 1805 418 CYRILLI
1849 361 2312 418 ALEXANDBINI
2353 360 2668 416 ARCHIEP.

1059 472 1240 527 Mensa
1306 473 1513 527 Domini
1565 475 1768 543 polluta
1831 486 1924 540 est,
1980 493 2000 528 ε

2139 473 2391 543 Τράπεζα
2420 475 2640 542 Κυρίου
2669 475 3048 544 ήλισγημένη
3084 476 3235 542 ἐστὶ,
3268 477 3366 532 καὶ
3412 478 3481 533 τὰ
3527 481 3709 540 ἐπιτιμ-

3601 375 3708 432 ιω

2133 566 2346 634 θέμενα
2371 565 2762 630 ἐξουδένωται
2785 566 3068 638 βρώματα
3091 567 3299 624 αὐτοῦ.

2204 659 2299 712 ll".
2342 659 2463 711 Ὅτι
2497 658 2593 712 καὶ
2629 659 2884 728 ἀμείνους
2915 660 3147 727 ἔσονται,
3185 666 3278 715 καὶ
3316 665 3708 732 ἐπιεικέστεροι

2129 749 2237 804 τῶν
2266 749 2325 815 ἐξ
2367 749 2605 821 Ἰσραὴλ,
2637 752 2685 802 oi
2712 751 2771 815 ἐξ
2801 751 2971 805 ἐθνῶν
2992 754 3337 824 κεκλημένοι,
3366 757 3456 809 καὶ
3479 759 3567 812 διὰ
3585 761 3707 813 τοὺ-

2128 859 2236 894 των
2262 843 2394 911 ἡμῖν
2427 840 2747 911 καθίστησιν
2775 843 3022 914 ἐναργές.
3055 844 3192 914 Παρ’
3222 845 3448 910 ἐκείνοις
3475 848 3574 918 μὲν
3596 851 3708 921 γὰρ

2127 932 2184 984 αἱ
2213 930 2394 984 θυσίαι
2422 932 2679 1002 καθαραὶ,
2705 933 2879 986 καὶτὸ
2903 933 3102 998 εὑῶδες
3126 935 3397 1007 θυμίαμα,
3431 942 3524 992 καὶ
3561 941 3708 1011 μέγα

2126 1019 2186 1072 τὸ
2237 1021 2409 1091 ὄνομα
2463 1039 2482 1071 ι
2512 1021 2619 1074 ἀπὸ
2660 1022 2932 1076 ἀνατολῶν
2963 1024 3112 1094 ἡλίου
3143 1027 3236 1080 καὶ
3266 1027 3370 1091 ἕως
3405 1030 3644 1101 δυσμῶν.
3681 1054 3699 1085 ι

2128 1109 2261 1182 Παρ’
2285 1111 2412 1180 ὑμῖν
2450 1110 2528 1175 δὲ,
2556 1111 2711 1182 φησὶ,
2740 1113 2841 1167 οὐκ
2873 1115 2927 1166 ὲν
2957 1114 3081 1186 δόξῃ
3113 1118 3325 1190 μεγάλῃ
3353 1121 3446 1173 καὶ
3478 1124 3543 1192 τῇ
3573 1140 3707 1195 πρε·

2126 1199 2301 1270 πούσῃ
2335 1199 2454 1272 Θεῷ
2503 1201 2564 1253 τὸ
2612 1201 3012 1274 θυσιαστήριον.
3065 1207 3360 1276 Βεόηλοῦτε
3409 1212 3517 1281 γὰρ
3551 1215 3703 1279 αὐτὸ,

2124 1288 2401 1358 λέγοντες·
2439 1311 2457 1342 ι
2491 1291 2750 1364 Τράπεζα
2794 1295 2999 1364 Κυρίου
3032 1296 3366 1370 ὴλισγημένη
3418 1303 3587 1368 ἐστὶν,
3617 1305 3704 1370 ἐξ·

2121 1380 2460 1451 ουδενωμένα
2489 1382 2546 1434 δὲ
2578 1384 2671 1435 καὶ
2704 1382 2771 1436 τά
2797 1386 2883 1437 ἐπ’
2915 1385 3103 1456 αὐτῆς.
3131 1406 3148 1438 ι
3186 1389 3300 1441 Καὶ
3329 1392 3474 1455 εἰκὸς
3506 1394 3604 1462 μὲν
3629 1397 3702 1465 μὴ

2119 1471 2380 1535 τοιούτοις
2431 1475 2642 1544 ῥήμασι
2690 1475 2988 1545 κεχρῆσθαι
3034 1478 3161 1542 τοὺς
3209 1480 3407 1551 ἱερέας,
3433 1484 3614 1547 αὐτοῖς
3639 1502 3702 1556 γβ

2124 1563 2231 1634 μὴν
2278 1564 2567 1635 πράγμασι
2611 1565 2769 1618 τοῦτο
2822 1566 2971 1638 βοᾷν,
3000 1567 3248 1641 καθάπερ
3286 1573 3476 1641 ἀμέλει
3506 1595 3526 1624 ι
3557 1577 3650 1628 καὶ
3676 1578 3705 1628 ό

2119 1654 2308 1725 ἄφρων
2344 1657 2505 1724 φησὶν
2542 1658 2600 1709 ὲν
2629 1656 2824 1728 καρδίᾳ
2856 1657 3020 1710 αὑτοῦ
3043 1673 3055 1686 ·
3087 1660 3200 1712 Οὐκ
3231 1659 3344 1714 ἐστι
3379 1661 3528 1726 Θεός.
3566 1683 3585 1716 ι
3614 1662 3707 1718 Δι’

2115 1739 2196 1799 ὧν
2228 1748 2336 1816 γὰρ
2364 1749 2557 1818 ὁρᾶται
2588 1749 2965 1820 καταφρονῶν,
2998 1751 3099 1805 κᾶν
3128 1754 3176 1804 εί
3209 1753 3281 1823 μὴ
3316 1753 3450 1828 λέγῃ
3473 1760 3700 1824 φωναῖς,
3727 1781 3730 1786 ·

434 1860 484 1904 te
525 1860 731 1904 tantum
790 1864 898 1904 non
932 1848 1149 1914 clamat,
1181 1866 1200 1899 ι
1234 1847 1346 1901 Non
1377 1856 1458 1902 est
1499 1848 1656 1903 Deus.
1689 1866 1708 1899 ι
1744 1849 1842 1915 Qui
1869 1851 2000 1903 enin:

2116 1835 2346 1892 ἀλλὀῦν
2381 1839 2562 1910 ἔργοις
2596 1841 2798 1904 αὐτοῖς,
2833 1842 2927 1894 καὶ
2980 1845 3043 1913 τῇ
3099 1841 3192 1895 τοῦ
3244 1844 3358 1914 βίου
3415 1849 3699 1918 σκαιότητι

435 1943 514 1998 sic
547 1944 732 1999 vivere
763 1950 1185 2007 consueverunt,
1216 1940 1369 2010 quasi
1401 1939 1510 1994 Deo
1543 1956 1646 1996 non
1680 1940 2014 2012 inspectante

430 2035 727 2103 omniaque
775 2033 952 2088 soluto
994 2033 1178 2086 animo
1219 2041 1269 2086 et
1303 2031 1601 2087 insolenter
1635 2042 1798 2102 atque
1856 2031 2016 2101 tmpie

431 2124 692 2194 agere,bi
730 2124 890 2177 rebus
925 2132 981 2177 et
1034 2121 1194 2176 factis
1244 2120 1380 2192 ipsis
1439 2123 1605 2177 Deum
1661 2132 1877 2192 negant.
1927 2124 2009 2178 Ad

429 2215 576 2270 hunc
607 2213 790 2282 itaque
833 2211 1069 2278 modum,
1123 2214 1214 2281 qui
1251 2225 1440 2267 sancto
1509 2213 1666 2267 altari
1713 2216 2013 2270 veneratio-

431 2323 551 2363 nem
600 2307 675 2361 illi
727 2306 994 2376 imprimis
1044 2321 1338 2378 congruam
1389 2305 1735 2376 debitamque
1795 2323 2014 2364 servare

431 2415 537 2453 non
563 2399 905 2466 studuerunt,
957 2398 1116 2469 831
1167 2413 1262 2467 per
1302 2399 1416 2468 ipsa
1467 2414 1586 2467 qua:
1634 2410 2013 2456 consectantur

431 2491 634 2556 dicunt,
667 2511 686 2543 ι
728 2490 909 2546 Mensa
947 2491 1152 2546 Domini
1182 2490 1382 2560 polluta
1406 2500 1509 2546 est.
1545 2509 1564 2543 ι
1606 2490 1883 2562 Fugienda
1927 2505 2011 2549 est

428 2585 634 2654 ergoin
675 2584 1141 2664 ltisincuria;qui
1190 2598 1348 2638 secus
1402 2582 1559 2647 faxit,
1595 2585 1783 2640 audire
1841 2585 2007 2641 Deum

428 2675 642 2731 debebit
678 2676 945 2731 dicentem
975 2693 987 2729 :
1024 2695 1041 2726 ι
1065 2674 1180 2730 Non
1212 2685 1294 2728 est
1322 2674 1453 2729 mibi
1476 2675 1720 2730 voluntas
1746 2677 1799 2730 in
1833 2678 2005 2745 vobis,

427 2777 480 2822 et
507 2767 834 2823 sacriﬁcium
871 2783 974 2821 nou
1003 2767 1295 2837 suspiciam
1326 2781 1392 2820 ex
1439 2767 1691 2822 manibus
1739 2769 1950 2823 vestris.
1983 2789 2002 2821 ι

427 2857 565 2923 Quin
601 2867 782 2911 autem
820 2856 1188 2912 miserrimum
1229 2857 1300 2910 sit
1335 2854 1500 2910 Deum
1553 2855 1856 2926 oﬂenderef,
1888 2843 2008 2926 quis

424 2946 511 3002 cui
589 2947 657 3000 ab
728 2948 908 3003 animo
991 2957 1043 3001 et
1106 2956 1286 3001 mente
1347 2944 1486 3002 bene
1543 2955 1668 3010 est,
1725 2948 2005 3004 dubitave-

427 3038 496 3092 rit
535 3038 559 3092 ?

2119 1929 2402 1998 μονονουχὶ
2432 1930 2760 2002 διακέκραγε
2798 1931 2874 1994 τὸ,
2918 1950 2936 1983 ι
2967 1933 3083 1985 Οὐκ
3106 1933 3221 1985 ἔστι
3251 1934 3401 1998 Θεός.
3433 1957 3453 1988 ι
3492 1939 3554 1990 Ui
3589 1939 3697 2012 γὰρ

2115 2019 2258 2072 οὕτω
2281 2017 2378 2090 ζῇν
2413 2021 2682 2086 εἰωθότες,
2706 2022 2780 2085 ὡς
2812 2021 2889 2093 μὴ
2917 2023 3222 2097 ἐφορῶντος
3251 2025 3407 2092 Θεοῦ,
3438 2027 3614 2082 πάντα
3637 2047 3696 2083 τι

2114 2111 2246 2184 δρᾷν
2272 2114 2741 2184 ἀπεριμερίμνως,
2781 2116 2872 2167 καὶ
2902 2116 3148 2179 ἐκτόπως
3178 2118 3569 2190 ἀνοσιουργεῖν,
3607 2122 3696 2192 ἔρ-

2113 2222 2231 2273 γοις
2281 2207 2462 2268 αὐτοῖς
2511 2207 2606 2259 καὶ
2655 2207 2974 2276 πράγμασιν
3037 2208 3328 2278 ἀρνοῦνται
3395 2213 3487 2265 τὸν
3536 2214 3692 2270 Θεόν.

2112 2298 2269 2351 Κατὰ
2317 2299 2504 2352 τοῦτον
2547 2299 2610 2369 δὴ
2645 2295 2738 2352 οὖν
2787 2299 2877 2350 τὸν
2929 2299 3145 2369 τρόπον,
3179 2303 3229 2353 οἱ
3272 2306 3345 2373 μὴ
3387 2305 3693 2371 ἀποσώζειν

2112 2390 2502 2454 ἐσπουδακότες
2544 2391 2623 2461 τῷ
2657 2392 2795 2464 ἁγίῳ
2824 2391 3194 2466 θυσιαστηρίῳ
3225 2394 3285 2448 τὸ
3332 2396 3411 2448 ὅτι
3460 2397 3693 2467 μάλιστα

2113 2483 2322 2552 πρέπον
2357 2499 2418 2534 τε
2462 2481 2628 2552 αὐτῷ,
2664 2484 2760 2535 καὶ
2802 2483 3150 2554 ὀφειλόμενον
3199 2485 3382 2551 σέϐας,
3421 2487 3487 2540 δι’
3510 2489 3691 2542 αὐτῶν

2111 2564 2184 2624 ὧν
2213 2571 2469 2626 διώκουσι
2502 2573 2720 2642 λέγουσι
2743 2590 2754 2603 ·
2793 2592 2810 2625 ι
2836 2574 3096 2646 Τράπεζα
3123 2577 3328 2646 Κυρίου
3351 2578 3691 2650 ὴλισγημένη

2109 2664 2245 2718 ὲστί.
2278 2682 2296 2714 ι
2336 2665 2703 2736 Παραινητέον
2728 2665 2792 2737 δὴ
2820 2661 2912 2719 οὖν
2941 2666 3002 2719 τὸ
3045 2667 3287 2738 ῥᾴθυμον
3337 2671 3394 2722 ἐν
3437 2672 3647 2734 τούτοις
3679 2693 3692 2707 ο

2109 2755 2205 2808 καὶ
2248 2757 2295 2807 εἰ
2341 2757 2416 2827 μή
2459 2774 2542 2820 τις
2575 2757 2749 2810 ἕλοιτο
2780 2756 2938 2810 τοῦτο
2963 2756 3117 2829 δρᾷν,
3155 2759 3445 2814 ἀκούσεται
3473 2762 3690 2829 πάντως

2108 2847 2240 2900 Θεοῦ
2274 2847 2551 2914 λέγοντος·
2589 2867 2608 2898 ι
2641 2849 2754 2901 Οὐκ
2797 2849 2911 2902 ἐστι
2938 2866 3040 2919 μου
3081 2849 3294 2920 θέλημα
3325 2852 3383 2903 ὲν
3417 2853 3563 2922 ὑμῖν,
3595 2854 3685 2907 καὶ

2108 2938 2298 2991 θυσίαν
2330 2941 2391 2993 οὑ
2424 2938 2788 3010 προσδέξομαι
2825 2942 2888 2993 ὲκ
2915 2942 3024 2994 τῶν
3057 2944 3258 3013 χειρῶν
3291 2945 3463 3013 ὑμῶν.
3493 2965 3512 2997 ι
3541 2946 3685 3000 Πάν-

2104 3031 2274 3083 δεινον
2304 3030 2361 3083 δὲ
2393 3032 2473 3084 ὅτι
2501 3031 2558 3084 τὸ
2593 3032 2955 3102 προσκρούειν
2987 3032 3126 3102 Θεῷ,
3153 3035 3270 3098 πῶς
3303 3035 3368 3087 ἂν
3399 3036 3686 3092 ἐνδοιάσειέ

2104 3139 2208 3186 τις,
2244 3122 2400 3190 εἴπερ
2428 3123 2575 3175 ἐστὶν
2605 3123 2663 3174 ὲν
2693 3123 2844 3193 καλῷ
2873 3123 2967 3177 καὶ
2998 3123 3087 3176 νοῦ
3123 3126 3217 3178 καὶ
3254 3127 3484 3197 φρενόςς

503 3213 664 3270 Vens.
708 3216 793 3272 15.
837 3215 901 3269 Et
933 3215 1142 3269 dixistis
1170 3233 1186 3272 :
1223 3215 1351 3270 Iltcc
1372 3232 1434 3270 ex
1463 3217 1735 3289 afﬂictione
1763 3229 1905 3284 sunt,
1950 3229 2000 3272 ct

2176 3211 2290 3264 Kal
2326 3213 2557 3266 εἴπατε’
2607 3208 2800 3267 Ταῦτα
2837 3214 2905 3266 ἐκ
2956 3218 3360 3282 κακοπαθείας
3388 3217 3543 3282 ἐστὶ,
3584 3220 3680 3273 καί

423 3310 691 3381 οτδιιῇιουί
737 3327 819 3375 ea,
846 3310 973 3362 dicit
1008 3308 1266 3364 Dominus
1308 3313 1652 3380 omnipotens.
1688 3313 1754 3366 Et
1808 3314 2002 3382 infere-

424 3399 560 3454 batis
603 3408 774 3466 rapta,
815 3415 862 3454 et
885 3401 1102 3466 clauda,
1127 3412 1172 3456 et
1201 3401 1490 3470 inﬁrmata.
1522 3401 1589 3456 Et
1620 3405 1664 3457 si
1699 3405 1995 3459 obtuleritis

419 3492 767 3560 sacriﬁcium,
798 3495 844 3547 si
869 3493 1151 3564 suscipiam
1176 3509 1238 3549 ea
1273 3495 1337 3548 de
1361 3497 1601 3551 manibus
1633 3500 1842 3563 vestris,
1870 3498 1998 3552 dicit

422 3583 680 3639 Dominus
707 3587 1048 3657 omnipotens.

491 3762 632 3817 XIV.
670 3761 886 3815 Acriter
903 3771 1123 3816 accusat
1145 3766 1482 3828 sacerdores,
1511 3774 1567 3818 ut
1589 3767 1680 3836 qui
1711 3765 1986 3820 offerenda

422 3853 474 3904 In
522 3849 790 3905 sacrificio
835 3848 1089 3915 lustrare,
1130 3867 1196 3904 an
1237 3852 1430 3906 vitiosa
1471 3853 1604 3918 sint,
1653 3856 1878 3911 minime
1903 3872 1996 3912 ve-

419 3942 541 4008 lint,
571 3951 647 4009 et,
672 3941 788 3998 sine
817 3957 947 3996 cura
983 3951 1145 4011 atque
1175 3943 1568 4014 exploratione,
1598 3945 1809 4013 clauda,
1829 3963 1992 4012 cmca,

419 4032 665 4087 morbida
709 4031 1015 4096 admittant,
1053 4046 1360 4101 quanquam
1398 4032 1479 4086 lex
1523 4033 1698 4102 aliqua
1750 4035 1995 4103 corporis

417 4135 572 4193 parte
623 4139 727 4180 non
771 4139 900 4178 sana
951 4131 1006 4178 et
1039 4125 1246 4193 integra
1315 4124 1464 4194 rejici
1513 4135 1698 4194 aperte
1747 4123 1989 4194 jusserit.

420 4211 575 4283 Quod
603 4217 648 4270 si
670 4215 810 4270 forte
846 4217 1187 4271 sacerdotum
1228 4217 1498 4286 quispiam
1519 4215 1709 4272 inutile
1737 4234 1901 4288 pecus
1925 4221 1993 4275 ad

418 4307 754 4363 sacrilicium
789 4305 1082 4363 olTerentes
1115 4307 1292 4363 studio
1333 4309 1612 4363 servanda:
1652 4309 1784 4381 legis
1814 4311 1992 4381 repel-

427 4397 584 4466 leret,
650 4417 756 4454 non
809 4399 1184 4464 discedebant,
1239 4399 1608 4468 captivitatem
1666 4401 1993 4456 omnimodis

416 4493 836 4560 prmtendentes,
859 4499 914 4546 et
933 4491 1193 4544 audacter
1219 4490 1505 4544 admodum
1525 4488 1852 4547 afﬁrmantes
1881 4507 1988 4547 non

412 4596 532 4634 esse
561 4579 732 4633 malas
756 4579 1025 4642 victimas,
1057 4579 1150 4633 sed
1168 4592 1233 4632 ex
1265 4579 1459 4633 itinere
1487 4581 1556 4632 ita
1593 4577 1840 4644 amictas,
1863 4597 1985 4636 cum

413 4671 740 4741 eBabylone
779 4670 836 4725 in
892 4668 1133 4725 Judteam
1198 4665 1622 4723 reverterentur.
1677 4669 1988 4727 OlTerebant

412 4776 575 4832 porro
600 4771 656 4816 et
691 4769 865 4830 rapta,
900 4768 955 4814 et
971 4759 1183 4827 clauda,
1215 4769 1270 4814 et
1290 4759 1512 4813 debilia.
1543 4759 1696 4815 Ferae
1719 4762 1987 4830 siquidem

410 4854 776 4917 incursantes,
824 4849 1094 4905 interdum
1129 4850 1383 4919 gregibus
1426 4860 1672 4906 nocent:
1710 4867 1803 4907 seu
1850 4853 1988 4908 forte

409 4939 536 5010 quid
563 4938 868 5007 rapuerint,
890 4936 1085 4993 deinde
1109 4953 1273 4994 cursu
1306 4947 1495 5008 pastor
1525 4939 1823 5008 insecutus,
1871 4943 1986 4998 fau-

409 5029 563 5087 cibus
584 5041 772 5083 eat-um
791 5026 1053 5096 eripuerit
1077 5045 1092 5082 :
1126 5034 1180 5082 et
1202 5043 1394 5096 canum
1450 5028 1738 5086 latratibus
1777 5042 1984 5104 perter-

407 5121 685 5188 refecerit,
721 5127 813 5173 aut
843 5119 1040 5188 pedum
1075 5118 1128 5172 ln
1167 5131 1261 5173 eas
1311 5119 1622 5190 proiecerit.
1675 5120 1801 5178 Haec
1834 5131 1980 5190 sunt,

403 5215 620 5284 Opinor,
662 5219 840 5284 rapta,
866 5220 923 5266 et
944 5209 1061 5266 haec
1080 5211 1243 5265 simul
1274 5227 1398 5267 cum
1439 5213 1666 5280 claudis,
1699 5230 1818 5284 quae
1859 5232 1979 5271 cum

405 5307 616 5362 caeteris
641 5306 789 5376 pasci
819 5303 1050 5373 amplius
1069 5319 1173 5358 non
1199 5313 1436 5374 possent,
1458 5304 1774 5362 offerebant.
1803 5307 1978 5363 Etiam

405 5393 675 5450 inﬁrmata
724 5394 1003 5458 dicabant,
1052 5395 1155 5449 hoc
1177 5404 1285 5458 est,
1325 5394 1439 5464 jam
1465 5396 1803 5461 moribunda,
1857 5397 1980 5450 uni-

403 5499 688 5540 versorum
731 5487 896 5542 Deum
947 5486 1337 5542 dedecorantes
1382 5487 1563 5557 petius
1603 5504 1764 5558 quam
1813 5489 1980 5543 bono-

404 5586 608 5632 rantes.
643 5574 838 5630 Verum
881 5595 899 5628 ι
939 5577 1219 5632 οιιςιιίηιιι·ἰ
1258 5594 1342 5642 ea,
1394 5581 1524 5632 dicit
1565 5580 1828 5636 Dominus
1856 5597 1974 5635 out-

470 5747 521 5786 ⁷³
550 5751 688 5808 Psal.
723 5765 868 5820 ηιι,
901 5755 950 5808 l.
1027 5754 1072 5785 ⁸⁸
1097 5753 1234 5807 l‘sal.
1271 5767 1384 5817 xm,
1424 5753 1468 5808 l.

2100 3301 2456 3371 ἐξεφύσησα
2511 3304 2692 3369 αὐτὰ,
2744 3303 2906 3372 λέγει
2944 3305 3159 3372 Κύριος
3234 3309 3680 3378 παντοκράτωρ.

2100 3394 2209 3448 Καὶ
2232 3393 2572 3462 εἰσεφέρετε
2595 3393 2968 3463 ἁρπάγματα,
3011 3395 3108 3448 καὶ
3153 3396 3223 3449 τὰ
3257 3398 3441 3465 χωλὰ,
3480 3401 3579 3452 καὶ
3611 3402 3684 3455 τὰ

2099 3487 2532 3555 ἐνοχλούμενοι.
2591 3485 2700 3541 Καὶ
2750 3486 2860 3540 ἐὰν
2909 3487 3126 3554 φέρητε
3168 3488 3281 3556 τὴν
3327 3491 3582 3555 θυσίαν,
3628 3495 3685 3545 ει

2099 3575 2503 3645 προσδέξομαι
2564 3575 2716 3630 αὐτὰ
2747 3576 2816 3630 ἐκ
2859 3575 2976 3630 τῶν
3025 3575 3239 3646 χειρῶν
3289 3578 3474 3648 ὑμῶν,
3517 3580 3681 3651 λέγει

2097 3670 2312 3736 Κύριος
2349 3668 2792 3737 παντοκράτωρ.

2169 3763 2266 3814 ΙΔί.
2308 3762 2621 3834 Κατῃτιᾶτο
2664 3760 2784 3814 λίαν
2828 3763 2955 3825 τοὺς
3007 3764 3345 3834 ίερουργοὺς,
3375 3764 3450 3828 ὡς
3477 3766 3681 3836 ἣκιστα

2101 3849 2197 3918 μὲν
2240 3852 2621 3920 μωμοσκοπεῖν
2671 3850 2955 3920 ἑλομένους
3004 3851 3073 3904 τὰ
3129 3854 3515 3923 προσαγόμενα
3569 3855 3683 3909 τῶν

2097 3937 2373 4007 θυμάτων,
2402 3940 2864 4011 προσδεχομένους
2891 3941 2947 3994 δὲ
2973 3941 3172 4011 μᾶλλον
3204 3942 3467 4014 ῥαθύμως
3499 3963 3558 3998 τε
3587 3948 3682 3999 καὶ⁵

2094 4027 2470 4094 ἀϐασανίστως
2499 4032 2666 4101 χωλά,
2699 4031 2788 4085 καὶ
2811 4031 3005 4100 τυφλὰ,
3061 4035 3155 4087 καὶ
3187 4035 3465 4106 ἄρῤωστα,
3501 4039 3681 4090 καίτοι

2093 4119 2186 4172 τοῦ
2216 4119 2381 4186 νόμου
2423 4121 2608 4190 σαφῶς
2633 4122 2700 4175 τὰ
2722 4121 2947 4193 ἔμπηρα
2986 4124 3092 4177 τῶν
3121 4126 3374 4196 θυμάτων
3395 4128 3682 4202 ἀπόὸλητα

2093 4209 2202 4262 δεῖν
2239 4211 2507 4264 ποιεῖσθαι
2543 4215 2993 4285 προστεταχότος.
3037 4216 3100 4269 Et
3129 4215 3185 4268 δὲ
3217 4215 3278 4286 δή
3321 4217 3424 4270 πού
3449 4236 3532 4283 τις
3567 4220 3681 4274 τῶν

2098 4301 2286 4372 ἱερέων
2347 4303 2628 4366 ἀπεσόϐει,
2680 4303 2774 4358 τοῦ
2824 4306 2991 4374 νόμου
3045 4307 3424 4379 ἀντεχόμενος,
3469 4310 3558 4365 τὸν
3597 4314 3682 4376 είς

2095 4393 2286 4448 Θυσίαν
2337 4396 2686 4467 προσάγοντα
2725 4397 2785 4450 τὸ
2813 4398 3060 4467 ἀχρεῖον,
3103 4398 3370 4467 ἐπέμενον
3414 4401 3475 4464 oi
3507 4419 3681 4471 προσ-

2095 4487 2465 4555 άγοντες,ἄνω
2489 4505 2548 4542 τε
2568 4489 2663 4542 καὶ
2687 4487 2833 4544 κάτω
2851 4487 2946 4558 τὴν
2965 4488 3338 4559 αἰχμαλωσίαν
3359 4491 3678 4562 προτείνον-

2095 4595 2205 4640 τες,
2245 4577 2700 4650 διῖσχυριζόμενοί
2730 4595 2792 4631 τε
2851 4580 2944 4632 καὶ
2983 4579 3127 4650 μάλα
3161 4579 3450 4646 νεανικῶς,
3494 4583 3679 4651 φαῦλα

2099 4669 2196 4738 μὲν
2224 4669 2323 4722 οὐκ
2376 4664 2539 4731 εἶναι,
2599 4669 2983 4741 κακοπαθῆσαι
3031 4671 3088 4724 δὲ
3133 4671 3332 4742 μᾶλλον
3382 4672 3526 4727 κατὰ
3575 4674 3682 4748 τὴν

2093 4759 2230 4823 ὁδὸν,
2265 4758 2700 4812 ὑπονοστούντων
2753 4759 2934 4814 αὐτῶν
2983 4761 3048 4813 ὲκ
3103 4760 3201 4830 τῆς
3241 4760 3561 4825 Βαϐυλῶνος
3597 4765 3679 4826 είς

2093 4850 2193 4921 τὴν
2245 4850 2524 4904 Ἰουδαίαν.
2564 4851 2972 4922 Προσεκόμιζον
3000 4852 3055 4921 δὲ
3087 4851 3183 4904 καὶ
3207 4852 3276 4906 τά
3301 4853 3675 4924 ἁρπάγματα,

2093 4943 2187 4997 καὶ
2207 4943 2276 4997 τὰ
2303 4943 2471 5014 χωλά.
2529 4945 2625 4998 καὶ
2669 4945 2738 5000 τά
2793 4943 3177 5016 ὲνοχλούμενα.
3211 4945 3386 5017 Θῆρες
3423 4946 3522 5016 μὲν
3559 4946 3680 5016 γὰρ

2092 5035 2334 5096 ἐπιόντες
2363 5035 2474 5088 ἐσθ’
2495 5035 2585 5089 ὅτε
2639 5035 3021 5090 κατασίνονται
3053 5039 3172 5102 ταῖς
3201 5037 3453 5106 ἀγέλαις,
3488 5037 3595 5090 κᾶν
3623 5039 3690 5092 ετ

2090 5143 2142 5179 τι
2173 5125 2334 5196 τυχὸν
2361 5125 2688 5196 ἁρπάσειαν,
2728 5121 2848 5178 εἶτα
2885 5124 3108 5197 δραμὼν
3137 5128 3166 5180 ὀ
3199 5127 3404 5199 ποιμὴν
3459 5129 3687 5182 exm-

2093 5234 2202 5271 σειε
2229 5216 2337 5270 τῶν
2368 5217 2595 5271 ὀδόντων
2647 5216 2708 5271 τὸ
2760 5218 3151 5289 ἡρπασμένον,
3202 5218 3236 5289 ἦ
3287 5219 3684 5292 καταπτοήσας

2086 5313 2264 5366 κυνῶν
2289 5311 2538 5374 ὑλακαῖς,
2583 5309 2616 5380 ἢ
2654 5308 2973 5381 καλαύροπα
3025 5308 3221 5381 βαλὼν.
3255 5309 3448 5375 Τοῦτο,
3477 5306 3634 5382 οἶμαι
3658 5354 3684 5378 ,

2082 5402 2146 5454 τὸ
2179 5402 2471 5474 ἅρπαγμα,
2494 5400 2680 5455 ταῦπα
2713 5400 2992 5472 προσῆγον
3024 5397 3160 5470 ὁμοῦ
3189 5401 3306 5464 τοῖς
3346 5401 3474 5465 τοὺς
3502 5400 3684 5466 πόδας

2083 5491 2290 5563 λελωὸη
2301 5491 2498 5563 μένοις,
2543 5491 2639 5545 καὶ
2664 5492 2763 5545 οὐκ
2795 5491 2876 5545 ἔτι
2900 5493 3013 5554 τοῖς
3040 5489 3220 5556 ἄλλοις
3259 5493 3632 5563 συγκατανέμε
3658 5525 3685 5536 -

2084 5584 2207 5638 σθαι
2234 5575 2572 5655 δυναμένοις.
2606 5582 2888 5656 Προσῆγον
2916 5583 2971 5636 δὲ
3018 5582 3111 5636 καὶ
3143 5583 3215 5637 τὰ
3261 5582 3667 5658 ἐνοχλοῦν-ενα,
