4042 6196
379 363 473 420 δθι

1197 367 1750 425 COMMENTARIUS
1791 368 1853 424 ΙΝ
1895 366 2304 427 MALACHIAM
2349 363 2789 422 PROPHETAM.

3525 367 3632 424 362

378 477 645 542 τουτέστι,
681 478 748 531 τὰ
774 474 1095 548 θανατῶντα
1123 479 1329 542 λοιπον,
1373 479 1686 552 ύδρίζοντες
1738 481 1957 551 μᾶλλον,
1991 558 1992 563 1

2078 481 2334 548 ιιῑροιοης.
2389 499 2406 531 ι
2474 479 2538 534 Et
2585 479 2839 550 quoniam
2890 478 3155 550 sacrilege
3205 480 3374 536 sacris
3416 483 3630 548 Operari

378 572 410 642 ἢ
438 569 706 640 τιμῶντες
757 570 848 623 ὼν
877 569 985 622 τῶν
1025 570 1162 624 ὅλων
1189 571 1343 625 Θεόν.
1403 571 1540 625 Ἀλλ’
1571 592 1589 625 t
1623 571 1952 642 ἐξεφύσησα,

379 661 563 732 φησὶν,
623 660 780 725 αύτά,
848 660 994 728 λέγει
1054 661 1256 730 Κύριος
1315 663 1730 734 παντοκράτωρ.
1775 681 1793 715 ι
1851 661 1958 716 Καὶ

382 756 566 824 ἐπειδὴ
599 754 748 808 θύειν
774 753 1003 818 ἀνοσίως
1047 755 1341 823 ἐγνώκατε,
1379 757 1563 826 φησὶν,
1597 756 1696 808 οὐκ
1727 754 1792 808 ἂν
1826 754 1961 817 ὅλως

2065 571 2444 634 constituistis.
2487 569 2952 640 adcoillegitimas
2990 580 3045 625 et
3072 569 3378 626 immundus
3404 571 3634 626 oblatio-

2067 677 2164 716 nes
2194 665 2506 734 neutiquam
2539 681 2566 716 a
2609 663 2762 718 vobis
2788 661 3143 731 susceperim,
3179 676 3278 716 nec
3321 662 3373 716 in
3413 664 3635 718 odorem

2069 757 2356 811 suavitatis
2387 758 2772 826 reputaverint.

381 847 794 919 παραδεξαίμην
835 847 902 900 τὰ
959 846 1016 913 ἐξ
1047 847 1219 918 ὑμῶν,
1259 849 1365 902 οὐδ’
1408 848 1472 902 ἂν
1529 847 1856 919 λογισαίμην
1916 851 1995 914 είς
2031 851 2206 922 ὀσμὴν
2226 852 2450 915 εὐωδίας
2497 853 2594 915 τὰς
2657 849 2828 916 οὕτως
2861 849 3146 923 ὲκνόμους,
3177 850 3272 904 καὶ
3298 848 3642 921 ἀκαθάρτους

380 941 770 1015 προσαγωγὰς.

369 1043 378 1048 “
449 1037 573 1106 Χρὴ
609 1035 673 1104 δὴ
708 1031 800 1088 οὖν
829 1034 938 1106 ἄρα
972 1034 1118 1089 θύειν
1153 1038 1298 1108 ἡμᾶς
1346 1039 1439 1093 καὶ
1469 1040 1613 1111 μάλα
1666 1041 1926 1106 ἐπιεικῶς
1948 1084 1963 1107 ,

379 1127 476 1182 καὶ
505 1126 980 1195 ἐσπουδασμένως,
1002 1126 1098 1181 καὶ⁸
1120 1130 1450 1200 προσκομίζε
1461 1149 1506 1184 ιν
1534 1131 1652 1203 Θεῷ
1682 1133 1756 1204 μὴ
1778 1134 1965 1197 ἁπλῶς

377 1220 446 1273 τά
477 1218 912 1289 κατερρίμμένα,
950 1219 1047 1272 καὶ
1085 1220 1406 1290 ἀτιμότατα,
1447 1225 1540 1278 καὶ
1590 1225 1805 1290 οὐδενὸς
1839 1225 1966 1290 ἄξια

378 1312 560 1379 λόγουο
589 1310 724 1365 ἀλλά
772 1309 1094 1380 προῦχοντα,
1145 1312 1241 1366 καί⁵
1275 1312 1549 1385 ἐξαίρετα.
1609 1316 1669 1368 El
1703 1316 1760 1369 δὲ
1790 1317 1854 1388 δή
1883 1334 1966 1380 τις

377 1404 571 1457 ἑαυτὸν
612 1403 918 1473 ἱερουργοῖη
968 1401 1109 1474 θεῷ,
1149 1403 1447 1476 μεμνήσθω
1484 1407 1593 1477 γὰρ
1646 1407 1739 1460 τοῦ
1786 1425 1965 1479 μακε.

381 1495 501 1566 ρίου
536 1493 747 1548 Παύλου
779 1495 1084 1564 γράφοντος
1111 1495 1228 1548 ὠδίο
1280 1515 1297 1547 ι
1338 1497 1728 1569 Παραστήσατε
1759 1499 1827 1552 ea:
1861 1499 1964 1553 σώ·

384 1603 531 1657 ματα
564 1586 716 1654 ὑμῶν
743 1585 935 1638 θυσίαν
958 1584 1158 1650 ζῶσαν,
1185 1588 1368 1655 ἁγίαν,
1403 1589 1693 1660 εὐάρεστον
1724 1591 1800 1662 τῷ
1823 1591 1962 1659 Θεῷ,

380 1673 484 1743 τὴν
517 1673 737 1742 λογικὴν
767 1672 1020 1744 λατρείαν
1077 1674 1262 1745 ὑμῶν·
1295 1695 1312 1726 ι
1349 1678 1872 1750 πολυπραγμονείτω
1899 1681 1966 1734 τὰ

383 1765 508 1819 καθ’
539 1765 752 1830 ἑαυτὸν,
788 1767 882 1818 καὶ
911 1766 1072 1819 οίονεί
1101 1785 1184 1830 τις
1219 1769 1450 1841 ἀκριϐὴς
1477 1772 1840 1842 μωμοσκόπος
1869 1774 1968 1842 τῆς

2127 1040 2308 1108 Quare
2327 1054 2423 1094 nos
2435 1047 2484 1093 el
2505 1038 3017 1094 convenientissime
3039 1047 3093 1092 et
3115 1038 3353 1094 studiose
3372 1039 3642 1096 sacriﬁcla

2074 1134 2251 1186 facere
2282 1142 2516 1200 oportet,
2546 1114 2600 1184 et
2645 1146 2748 1183 non
2791 1130 2865 1184 ita
2909 1130 3233 1198 simpliciter
3266 1130 3557 1200 rejeclitia,
3589 1141 3646 1186 et

2069 1222 2558 1292 contemptissima,
2605 1236 2668 1274 ac
2706 1221 2904 1275 nullius
2957 1219 3297 1281 aestimanda.
3337 1222 3430 1274 sed
3465 1221 3650 1276 excel-

2071 1314 2231 1368 lentia
2265 1324 2319 1368 et
2349 1313 2545 1368 selecta
2571 1312 2678 1368 Deo
2699 1325 3041 1368 consecrare.
3075 1311 3240 1382 832
3260 1312 3410 1378 Quod
3447 1313 3493 1366 si
3525 1315 3648 1382 quis

2067 1407 2420 1475 semetipsum
2483 1404 2590 1461 Deo
2638 1405 2870 1460 hostiam
2926 1405 3243 1470 sacraverit,
3297 1405 3437 1459 beati
3493 1405 3644 1462 Pauli

2070 1499 2374 1551 meminerit
2397 1497 2538 1552 hunc
2559 1498 2613 1550 itt
2637 1497 2853 1551 modum
2874 1495 3193 1552 scribentis:
3219 1515 3236 1548 ι
3252 1497 3511 1554 Exhibete
3525 1514 3648 1554 cor-

2066 1605 2196 1659 pora
2222 1598 2398 1644 vestra
2423 1589 2650 1644 hostiant
2677 1590 2968 1654 viventem,
2998 1602 3265 1652 sanctam,
3300 1590 3406 1646 Deo
3427 1592 3646 1660 placen-

2068 1690 2171 1735 tem
2195 1723 2208 1745 ,
2245 1681 2568 1734 rationabile
2610 1681 2931 1749 obsequium
2969 1693 3209 1736 vestrum
3231 1681 3378 1736 ⁸¹-⁸³.
3415 1703 3432 1733 ι
3461 1681 3648 1754 Inqui-

2078 1783 2164 1826 rat
2187 1774 2475 1844 diligenter
2512 1773 2564 1826 in
2597 1788 2683 1828 rcs
2713 1788 2860 1838 suas,
2881 1785 2931 1827 et
2963 1774 3106 1829 velut
3137 1777 3356 1830 sedulus
3387 1776 3645 1830 vitiorum

378 1857 578 1912 ἑαυτοῦ
627 1857 868 1925 γενέσθω
903 1858 1101 1930 ψυχῆς.
1146 1860 1360 1932 Ὀράτω
1419 1863 1493 1934 μὴ
1529 1865 1637 1934 ἄρα
1690 1863 1804 1928 πῶς
1851 1866 1969 1918 ἔστι

2078 1864 2266 1918 anima:
2293 1879 2405 1919 sua:
2429 1864 2697 1932 inspector
2714 1866 2826 1919 liat.
2853 1863 3043 1918 Videat
3067 1880 3134 1921 ne
3169 1865 3310 1920 forte
3343 1881 3521 1922 czecus
3551 1869 3643 1930 sit,

376 1948 599 2019 τυφλὸς,
629 1949 896 2010 τουτέστι.
933 1949 1034 2019 τῆς
1057 1949 1311 2019 ἀληθείας
1352 1952 1414 2004 τὸ
1443 1952 1558 2022 φῶς
1587 1954 1686 2007 οὐκ
1729 1953 1867 2024 ἔχων
1892 1957 1971 2018 εἰς

380 2041 540 2095 νοῦν·
575 2041 650 2112 μὴ
687 2041 862 2113 σκάξῃ
906 2041 998 2095 τὸν
1049 2042 1206 2106 πόδα,
1261 2043 1322 2095 τὸ
1362 2044 1677 2113 ὁρθοποδεῖν
1713 2046 1971 2099 δύνασθαι

381 2133 524 2204 πρὸς
554 2134 662 2185 πᾶν
687 2131 864 2184 ὁτιοῦν
889 2131 995 2186 τῶν
1021 2133 1240 2202 ἀγαθῶν
1265 2134 1366 2188 οὐκ
1389 2135 1526 2206 ἔχων
1546 2151 1560 2164 ·
1599 2135 1673 2208 μὴ
1703 2136 1972 2208 ἀρπαγμά

378 2241 443 2278 τε
483 2224 578 2277 καὶ
610 2223 914 2294 ἄρρωστον.
957 2224 1076 2295 Χρὴ
1111 2226 1218 2296 γὰρ
1264 2226 1406 2296 ὑμᾶς
1461 2229 1710 2290 ἀῦπνείν,
1745 2247 1763 2280 t
1796 2231 1972 2283 Ὅτιὸ

380 2317 653 2380 ἀντίδικος
678 2315 855 2386 ἡμῶν,
877 2315 1118 2378 διάϐολος
1135 2317 1211 2380 ὼς
1239 2318 1374 2371 λέων
1401 2320 1773 2391 περιέρχεται,
1793 2321 1972 2392 ζητῶν

381 2412 507 2464 τίνα
530 2410 798 2480 καταπίῃ.
839 2427 856 2460 ι
895 2410 1062 2464 Ὅταν
1083 2411 1261 2464 τοίνυν
1284 2411 1480 2465 ἀῦπνοί
1511 2429 1570 2464 τε
1611 2412 1707 2465 καὶ
1739 2415 1972 2483 ἐγρηγο-

386 2501 540 2574 ρότες
564 2500 971 2573 εὑρισκώμεθα,
999 2500 1236 2571 παραθεῖ
1259 2503 1320 2556 τὸ
1350 2502 1559 2573 θηρίον.
1595 2503 1657 2556 El
1682 2502 1739 2556 δὲ
1779 2502 1974 2556 νυστάο

382 2593 577 2659 (una;
617 2592 725 2663 ἴδῃ,
761 2592 855 2646 καὶ
893 2591 1364 2663 κατημεληκότας,
1405 2593 1676 2663 ἅρπαγμα
1715 2596 1967 2656 ποιεῖται,

382 2687 479 2741 καὶ
501 2685 820 2758 summa;
843 2685 1116 2749 ἀποτελεῖ,
1144 2685 1412 2751 τουτέστι,
1459 2685 1851 2756 ἠσθενηκότας,
1879 2687 1973 2740 καὶ

379 2777 631 2850 ἀδρανῶς
653 2775 875 2846 ἔχοντας
905 2774 1100 2845 κομιδῇ
1136 2774 1265 2845 περὶ
1300 2775 1359 2828 τὸ
1387 2773 1646 2828 δύνασθαι
1669 2774 1972 2845 κατορθοῦν

383 2871 606 2942 ἀρετήν.
643 2869 826 2921 Ἔστω
862 2867 918 2920 δὲ
949 2867 1013 2937 δὴ
1052 2865 1148 2920 καὶ
1177 2865 1270 2918 τοῦ
1298 2866 1689 2935 διενοχλεῖσθαι
1726 2865 1969 2938 μακρὰν,

382 2963 654 3024 τουτέστι,
690 2959 1052 3031 μικροψυχίας
1105 2959 1367 3029 ἀμείνων,
1420 2960 1514 3012 καὶ
1555 2959 1864 3012 διαπίπτων
1914 2962 1972 3012 ὲν

384 3055 655 3124 ὑπομονῇ.
683 3052 892 3120 Ὥσπερ
927 3049 1034 3120 γὰρ
1061 3049 1325 3121 ἀποφέρει
1357 3051 1494 3120 πρὸς
1524 3049 1670 3122 ζωὴν
1709 3052 1808 3123 τῆς
1837 3053 1971 3105 ὑπο..

387 3146 562 3217 μονῆς
590 3145 619 3196 ὁ
639 3143 860 3214 τρόπος,
889 3141 1030 3194 οὕτω
1059 3141 1156 3193 καὶ
1197 3142 1276 3205 είς
1332 3143 1558 3196 θάνατον
1617 3144 1967 3213 μικροψυχία.

382 3235 498 3292 N05
534 3236 640 3306 γὰρ
673 3233 956 3286 ἀσθένειαν
977 3270 990 3293 ,
1030 3233 1124 3284 καὶ
1173 3231 1400 3302 καρδίας
1447 3233 1675 3303 πάρεσιν
1701 3233 1760 3285 τὸ
1786 3234 1974 3303 χρῆμά

383 3345 592 3398 φαμεν.
629 3325 914 3395 Τοιγάρτοι
944 3325 1036 3377 καὶ
1063 3325 1091 3376 ὁ
1122 3323 1397 3394 μακάριος
1425 3325 1711 3394 προφήτης
1746 3325 1974 3388 Ἡσαΐας

383 3421 496 3474 τῶν
525 3417 784 3472 τοιούτων
824 3417 973 3488 ἡμᾶς
1025 3415 1462 3468 ἀπαλλάττεσθαι
1512 3414 1700 3468 παθῶν
1735 3417 1973 3486 συμϐου-

384 3512 539 3565 λεύει
561 3510 756 3579 λέγων·
820 3528 838 3560 ι
887 3509 1184 3578 Ἰσιχύσατε,
1217 3512 1397 3580 χεῖρες
1426 3508 1728 3578 ἀνειμέναν.⁹
1760 3509 1858 3562 καὶ
1885 3509 1975 3576 γό-

384 3619 527 3659 νατα
569 3601 1010 3673 παραλελυμένα.
1069 3600 1556 3672 Παρακαλέσασθε,
1588 3601 1637 3654 οί
1663 3601 1973 3670 ολιγὸψυχοι

383 3697 458 3766 τῇ
509 3693 741 3764 διανοίᾳ·
803 3692 1080 3763 ίσχύσατε,
1149 3691 1224 3762 μὴ
1288 3691 1556 3760 φοϐεῖσθε.
1625 3692 1754 3746 Ἰδοὺ
1787 3692 1976 3754 ὁΘεὸς

388 3787 570 3858 ἡμῶν,
601 3785 708 3840 ίδοὺ
740 3784 945 3854 Κύριος
980 3783 1116 3854 μετά
1171 3776 1351 3854 ίσχύος
1385 3783 1627 3855 ἔρχεται,
1657 3783 1753 3836 καὶ
1784 3785 1812 3838 ὁ
1842 3783 1976 3854 βρας

387 3879 526 3951 χίων
559 3877 698 3944 μετά
731 3877 947 3948 κυρίας.
977 3896 994 3928 ι

469 3973 575 4028 Kal
599 3969 1044 4039 ἐπικατὰρατος,
1079 3967 1147 4035 ὃς
1174 3965 1252 4039 ἦν
1274 3968 1549 4034 δυνατὸς,
1576 3969 1672 4021 καί
1703 3967 1979 4036 ὑπῆρχεν

385 4065 463 4119 ἐν
489 4062 570 4129 τῷ
600 4063 854 4131 ποιμνίῳ
898 4061 1079 4116 αὑτοῦ
1112 4060 1317 4130 ἄρσεν,
1379 4062 1478 4114 καί
1516 4062 1556 4129 ἠ
1607 4061 1758 4130 εὐχὴ
1792 4059 1977 4114 αὐτοῦ

387 4152 488 4209 ἀπ’
518 4151 701 4216 αὐτῷ,
735 4151 834 4205 καί
869 4152 994 4204 θύει
1023 4148 1454 4218 διεφθαρμένον
1476 4148 1554 4215 τῷ
1585 4152 1800 4219 Κυρίῳ.
1825 4152 1979 4204 Διότι

395 4242 697 4308 Βασαεὺς
721 4241 908 4310 μέγας
939 4239 1052 4308 ἐγώ
1100 4242 1235 4308 εἰμι,
1293 4238 1454 4308 λέγει
1507 4241 1715 4308 Κύριος
1759 4255 1977 4293 παντο-

393 4333 651 4402 κράτωρ,
724 4330 824 4385 καί
875 4329 941 4384 τὸ
999 4326 1187 4398 ὄνομὰ
1226 4345 1348 4397 μου
1397 4327 1688 4398 ἐπιφανὲς
1731 4330 1801 4382 ἐν
1855 4327 1980 4393 τοῖς

390 4423 621 4478 ἔθνεσι.

2076 1954 2330 2025 perfecta:
2356 1955 2602 2010 veritatis
2623 1953 2805 2010 lumen
2838 1956 2891 2010 in
2927 1956 3243 2026 prmcordiis
3268 1972 3374 2010 non
3403 1957 3643 2018 habens;

2083 2059 2151 2098 ne
2179 2045 2314 2113 pede
2346 2044 2637 2108 claudicet,
2687 2045 2754 2098 ad
2795 2059 2956 2100 omne
2985 2047 3183 2100 bonum
3239 2057 3387 2102 recta
3439 2048 3645 2118 ingredi

2075 2137 2215 2190 haud
2239 2137 2417 2206 potis;
2443 2150 2508 2190 ne
2531 2147 2740 2205 raptum
2769 2137 2919 2207 quid,
2945 2148 3036 2193 aut
3068 2139 3395 2193 morbidum.
3426 2137 3650 2208 Oportet

2073 2228 2214 2280 enim
2245 2243 2344 2282 nos
2407 2227 2753 2297 pervigilare,
2783 2245 2805 2280 ι
2852 2229 3115 2294 Quoniam
3165 2229 3510 2286 adversarius
3556 2247 3650 2288 no-

2074 2328 2185 2371 ster
2206 2315 2454 2370 diabolus
2473 2325 2728 2387 tanquam
2761 2316 2843 2371 leo
2860 2319 3075 2389 rugiens
3101 2319 3379 2386 circumit,
3403 2334 3651 2390 quaerens

2074 2420 2232 2475 quem
2255 2405 2474 2460 devoret
2502 2405 2568 2460 ⁸³.
2613 2424 2632 2458 ι
2668 2405 2724 2461 Si
2771 2405 2938 2474 igitur
2985 2408 3174 2480 vigiles
3237 2413 3650 2482 experrectique

2077 2496 2434 2562 inveniantur,
2482 2501 2853 2566 pratercnrrit
2903 2498 3098 2554 bellua.
3146 2499 3242 2554 Sin
3293 2502 3652 2558 dormitantes

2075 2591 2516 2659 nogligentesque
2546 2591 2916 2659 conspexerit,
2970 2592 3213 2660 rapinam
3259 2591 3327 2646 de
3358 2592 3513 2648 nobis
3543 2595 3647 2650 sibi

2075 2679 2282 2748 facit,et
2300 2691 2550 2750 mgrotos,
2567 2682 2667 2735 hoc
2683 2681 3073 2752 est,languidos
3089 2691 3140 2738 et
3155 2682 3448 2739 imbecilles
3464 2687 3652 2742 admo-

2075 2773 2200 2826 dum
2230 2773 2296 2827 ad
2326 2771 2501 2828 ofﬁcia
2521 2775 2736 2829 virtutis
2756 2775 2989 2844 legitime
3017 2775 3265 2830 obeunda
3295 2775 3492 2834 reddit.
3527 2777 3653 2833 Pro-

2075 2865 2161 2920 cul
2185 2865 2314 2920 item
2343 2865 2484 2921 absit
2512 2883 2541 2920 a
2567 2867 2863 2933 debilitate,
2887 2860 2989 2922 hoc
3018 2878 3194 2933 est,ne
3211 2883 3270 2922 se
3293 2883 3322 2922 a
3352 2871 3653 2937 dejectione

2074 2958 2237 3012 animi
2263 2968 2318 3013 et
2350 2958 2687 3028 impatientia
2720 2960 2860 3014 vinci
2902 2961 3155 3029 patiatur.
3189 2961 3650 3029 Quemadmodum

2076 3048 2217 3101 enim
2255 3062 2462 3102 morum
2495 3049 2756 3119 patientia
2807 3049 2870 3103 ad
2912 3049 3078 3105 vitam
3104 3091 3118 3112 ,
3167 3052 3238 3106 ita
3296 3053 3655 3122 pusillaniml-

2080 3150 2162 3193 tas
2195 3141 2260 3194 ad
2293 3152 2518 3196 mortem
2545 3143 2813 3209 perducit.
2855 3143 2948 3197 Est
2987 3145 3132 3198 enim
3161 3146 3360 3200 mcutis
3387 3155 3440 3200 et
3473 3148 3654 3201 cordis

2080 3234 2354 3301 inlractio,
2384 3247 2478 3288 seu
2511 3235 2880 3290 imbecillitas.
2910 3235 3147 3292 Proinde
3192 3239 3386 3293 beatus
3438 3253 3654 3310 quoque

2077 3325 2328 3381 lsaiasut
2374 3343 2474 3383 nos
2530 3329 2598 3382 ab
2651 3328 2958 3396 bujusmodi
3011 3330 3222 3384 vitiosis
3277 3328 3654 3388 affectionibus

2075 3417 2425 3471 exsolvamus
2449 3417 2675 3473 suadet:
2705 3435 2724 3468 ι
2744 3417 3360 3483 Confortamini,manus
3388 3421 3649 3486 remissa,

2077 3517 2130 3562 et
2163 3523 2334 3579 genua
2361 3507 2642 3562 dissoluta.
2671 3509 3062 3573 Consolamini,
3096 3509 3470 3575 pusillanimes
3494 3526 3653 3564 men-

2079 3611 2130 3656 te
2151 3645 2165 3668 ,
2198 3601 2605 3666 confortamini,
2638 3601 2803 3655 nolite
2830 3601 3043 3656 timere.
3077 3600 3217 3656 Ecce
3248 3600 3391 3656 Deus
3415 3611 3604 3657 noster
3637 3622 3650 3658 :

2076 3709 2204 3749 ecce
2229 3693 2488 3749 Dominus
2509 3709 2632 3749 cum
2668 3692 2988 3748 fortitudine
3038 3693 3240 3758 veniet,
3273 3704 3328 3750 et
3367 3695 3652 3750 brachium

2077 3785 2194 3855 ejus
2220 3800 2340 3838 cum
2377 3785 2749 3841 dominatione
2787 3784 2854 3839 ⁸⁸.
2883 3803 2902 3836 ι

2155 3874 2317 3932 Vens.
2351 3876 2436 3930 l4.
2481 3875 2548 3930 Et
2581 3877 2892 3933 maledictus
2921 3877 3076 3932 homo
3103 3879 3195 3944 qui
3228 3887 3344 3934 erat
3373 3888 3574 3948 potens,
3605 3888 3655 3934 et

2079 3979 2189 4023 erat
2227 3969 2280 4021 in
2311 3984 2463 4038 grege
2497 3969 2662 4034 ipsius
2697 3969 3008 4034 masculum,
3059 3977 3108 4022 et
3154 3978 3326 4023 votem
3355 3972 3471 4039 ejus
3497 3987 3659 4038 super

2079 4076 2160 4126 eo,
2185 4070 2231 4113 et
2262 4059 2494 4112 immolat
2521 4071 2822 4129 corruptum
2854 4061 3092 4114 Domino.
3122 4059 3258 4125 Quia
3289 4059 3399 4114 Rex
3435 4077 3654 4130 magnus

2080 4167 2172 4220 ego
2195 4152 2482 4218 sum,dicit
2512 4150 2768 4206 Dominus
2801 4152 3150 4221 omnipotens,
3172 4161 3222 4206 et
3261 4167 3446 4206 nomen
3482 4168 3654 4208 meum

2084 4238 2281 4293 illustre
2305 4249 2378 4293 est
2411 4241 2463 4292 in
2492 4239 2753 4310 gentibus.

375 4556 384 4566 .
469 4515 572 4568 ιε’.
631 4511 927 4585 Καθορίξει
989 4510 1174 4565 λοιπον
1208 4510 1303 4566 τοῦ
1357 4512 1578 4576 θύοντος
1622 4513 1852 4577 ἀνοσίως
1879 4512 1977 4584 τὴν

2155 4499 2548 4557 XV.Deceruit
2579 4517 2724 4556 nunc
2771 4502 3205 4558 maledictionem
3250 4504 3304 4558 in
3341 4503 3656 4559 sacriﬁcau-

393 4607 560 4680 ἀρὰν,
607 4607 705 4659 καὶ
749 4605 896 4676 μάλα
949 4604 1194 4667 εἰκότως.
1232 4605 1294 4658 Ei
1340 4604 1452 4675 γὰρ
1489 4603 1554 4674 δή
1607 4621 1692 4667 τις
1725 4604 1980 4672 εὔξαιτο,

394 4700 553 4769 φησι,
583 4697 678 4749 καὶ
708 4698 766 4749 ἐν
809 4693 1082 4765 ποιμνίοις
1113 4692 1225 4763 ἔχοι
1259 4695 1372 4758 τοῖς
1401 4691 1598 4747 ἑαυτοῦ
1627 4692 1690 4745 τὸ
1720 4692 1888 4763 ἄρσεν
1923 4709 1982 4745 τε

393 4791 494 4847 καὶ
527 4791 782 4858 ἄμωμον,
813 4787 930 4840 ἀνθ’
951 4787 1076 4840 ὃτου
1123 4786 1199 4857 μὴ
1243 4785 1402 4840 τοῦτο
1426 4784 1782 4856 προσκομίζει
1820 4783 1940 4853 Θεῷ
1965 4825 1980 4848 ,

395 4884 651 4952 συλλέγει
673 4883 731 4936 δὲ
753 4881 952 4953 μᾶλλον
980 4881 1016 4934 ἀ
1047 4879 1271 4949 μηδενὸς
1300 4880 1428 4944 ἀξια
1450 4879 1678 4949 φαίνοιτ’
1701 4877 1767 4931 ἂν
1800 4877 1981 4945 λόγου,

392 4977 556 5047 ὖερις
577 4973 850 5045 τὸλχρῆμα
878 4972 973 5026 καὶ
1027 4973 1214 5042 ἕτερον
1257 4970 1432 5024 οὐδέν.
1486 4971 1560 5024 Οὐ
1605 4969 1714 5040 γὰρ
1748 4969 1814 5041 δὴ
1841 4969 1984 5022 κατά

390 5084 550 5131 τινας
581 5067 690 5119 τῶν
717 5068 774 5118 ὲν
807 5065 1007 5136 σκότῳ,
1057 5067 1151 5118 καὶ
1190 5063 1441 5125 πλάναις,
1483 5062 1577 5116 καὶ
1620 5060 1870 5131 βεϐήλοις
1903 5061 1983 5112 εί-

390 5155 834 5225 ἃωλολατρείαις,
863 5153 1309 5224 προσκαθήμενοι
1334 5151 1499 5214 λίθοις
1527 5150 1874 5220 ἀναισθήτοις
1899 5150 1985 5203 δε-

390 5247 782 5316 δουλεύκαμεν
811 5244 890 5315 τῷ
930 5244 1130 5317 esset
1178 5244 1380 5314 μᾶλλον
1419 5242 1497 5313 τῷ
1546 5242 1980 5314 πλντοκράτορι,

394 5337 495 5392 ιώ
539 5337 619 5408 τῷ
638 5335 748 5392 τῶν
773 5336 913 5390 ὅλων
935 5334 1305 5406 γενεσιουργῴ
1323 5374 1336 5397 ,
1375 5334 1433 5387 ὃν
1457 5333 1722 5406 τρέμουσι
1770 5332 1868 5403 μὲν
1899 5332 1990 5384 ού·

395 5430 578 5499 ρανοὶ,
605 5429 985 5500 καταπέφρικε
1015 5428 1072 5481 δὲ
1121 5429 1216 5482 καὶ
1263 5429 1296 5497 ἡ
1337 5428 1430 5498 γῆ.
1469 5426 1564 5480 καὶ
1615 5425 1814 5489 πάντες
1851 5426 1900 5478 oi
1932 5425 1990 5476 ὲν

391 5521 559 5591 αὐτῇ.
596 5521 992 5593 Ἐπιμαρτυρεῖ
1025 5520 1080 5574 δὲ
1106 5519 1268 5574 πάλιν
1302 5521 1414 5582 τοῖς
1457 5518 1516 5585 ἐξ
1564 5517 1734 5570 ἐθνῶν
1758 5516 1819 5569 τὸ
1871 5514 1991 5567 λίαν

391 5613 662 5678 extende,
720 5613 980 5682 ἐπιφανὲς
1033 5607 1174 5666 εἶναι
1225 5612 1400 5680 λέγων
1447 5611 1507 5664 το
1569 5611 1669 5680 τῆς
1737 5609 1991 5678 θεότητος

2091 4608 2197 4650 teut
2226 4595 2412 4663 impie,
2438 4593 2599 4662 idque
2632 4609 2730 4664 pro
2763 4609 2828 4650 eo
2853 4595 3010 4664 plane
3037 4610 3102 4650 ac
3149 4595 3397 4650 decebat.
3439 4596 3496 4651 Si
3533 4597 3658 4667 quis

2087 4687 2230 4739 enim
2257 4694 2444 4739 votum
2483 4684 2774 4754 concipiat,
2825 4685 3023 4752 inquit,
3074 4686 3215 4740 etin
3256 4687 3508 4757 gregibus
3543 4687 3661 4742 suis

2088 4777 2283 4832 habeat
2317 4777 2643 4842 masculum,
2672 4777 2817 4831 etab
2849 4778 2997 4832 omni
3029 4777 3149 4834 labe
3185 4793 3399 4847 purum,
3443 4781 3569 4852 quis
3595 4780 3662 4837 ll-

2087 4873 2175 4927 lud
2197 4873 2304 4927 Deo
2321 4888 2426 4928 non
2448 4871 2628 4938 oﬂ‘ert,
2645 4872 2740 4927 sed
2767 4872 2920 4942 eligit
2940 4873 3122 4942 potius
3153 4889 3274 4945 qua:
3291 4874 3490 4928 nullius
3505 4876 3660 4945 pretii

2089 4967 2398 5032 videantur,
2425 4967 2559 5021 nihil
2598 4964 2742 5020 aliud
2771 4980 2933 5036 quam
2960 4965 3468 5022 Deucontumelism
3510 4966 3658 5022 facit.

2090 5057 2204 5112 Non
2223 5059 2391 5121 enim,
2418 5065 2474 5110 ut
2499 5057 2716 5126 quidam
2742 5057 2794 5110 in
2826 5058 3086 5124 tenebris,
3113 5058 3414 5119 erroribus,
3437 5057 3663 5124 impuris

2091 5147 2413 5204 idololatriis
2445 5159 2747 5213 versantes,
2805 5147 3074 5216 lapidibus
3120 5163 3318 5204 sensus
3348 5147 3661 5216 expertibus

2091 5240 2329 5295 advoluti
2363 5239 2630 5294 servimus
2659 5257 2673 5292 ι
2707 5239 2802 5294 sed
2841 5240 2949 5296 Deo
2979 5241 3333 5311 omnipotenti
3370 5237 3582 5309 potius,
3606 5248 3665 5295 et

2091 5331 2191 5393 illi,
2226 5345 2256 5384 ιι
2292 5345 2401 5399 quo
2438 5330 2682 5384 omnium
2731 5344 2911 5383 rerum
2954 5331 3103 5384 initia
3151 5330 3496 5400 originesqne
3546 5345 3663 5384 ma-

2091 5431 2312 5487 narunt,
2339 5407 2498 5490 (ιιιεώ
2536 5433 2772 5476 tremunt
2795 5422 2939 5487 cali,
2973 5423 3158 5476 tremit
3205 5434 3367 5490 terra,
3417 5421 3584 5494 833
3610 5433 3667 5476 et

2091 5500 2279 5568 omnes
2332 5526 2470 5582 quos
2511 5511 2596 5564 illa
2630 5512 2884 5566 sustinet.
2920 5508 3153 5566 Rursum
3193 5511 3260 5568 iis
3303 5511 3393 5582 qui
3419 5526 3487 5566 es
3534 5524 3671 5582 gett-

2092 5605 2234 5660 tibus
2255 5614 2404 5672 sunt,
2436 5619 2647 5674 magna;
2684 5603 2975 5673 probitatis
3000 5604 3365 5660 testimonium
3393 5609 3503 5674 dat,
3536 5605 3666 5658 dum

503 5795 621 5829 ⁶¹⁴⁶¹
651 5795 807 5851 Rom.
845 5812 941 5864 stt,
981 5797 1027 5850 l.
1107 5796 1153 5827 ⁸⁸
1185 5794 1201 5848 l
1233 5791 1373 5850 Petr.
1406 5808 1458 5860 v,
1501 5792 1554 5849 8.
1631 5790 1675 5822 ⁸⁵
1703 5789 1803 5844 lsa.
1835 5802 1994 5856 xxxv,
2031 5784 2146 5840 διδ.
