4042 6196
344 356 452 412 503
1355 354 1415 409 S.
1462 353 1740 409 CYRILLI
1794 353 2265 410 ALEXANDRINI
2306 354 2623 410 ARCIIIEP.
3510 354 3614 408 304

346 464 652 527 divinitatis
694 479 893 523 nomen
934 464 1075 536 apud
1105 467 1198 520 eos
1234 478 1512 532 magnum,
1555 463 1918 518 venerandum

2032 464 2203 534 ὄνομα
2243 466 2372 535 παρ’
2405 467 2606 528 αὐτοῖς,
2640 464 2833 517 σεπτόν
2856 481 2909 516 τε
2961 465 3053 517 καὶ
3113 463 3460 531 ἀξιάγαστον,
3490 470 3612 521 Δια-

345 572 400 615 ct
426 557 805 614 admirandum
838 569 963 612 esse
986 556 1298 612 conﬁrmat.
1333 556 1445 611 Hoc
1479 555 1621 610 idem
1670 571 1768 608 nos
1794 568 1918 624 quo-

2039 556 2350 627 κεισώμεθα
2378 558 2485 627 γὰρ
2511 558 2608 626 οὐχ
2641 558 2841 626 ἑτέρως
2863 558 3041 627 ἡμεῖς,
3081 557 3112 627 ἢ
3148 556 3290 609 κατὰ
3309 556 3497 611 τοῦτον
3525 560 3613 612 τὸν

344 666 475 721 que,
501 660 555 703 et
583 664 688 703 non
712 649 858 702 aliud
892 648 1212 703 sentiamus.
2008 649 2251 718 -τρόπον.

417 738 666 808 Suscepit
692 748 871 791 autem
895 745 950 791 et
983 735 1247 791 Dominus
1298 744 1481 791 noster
1502 735 1659 791 Jesns
1682 736 1918 792 Christus

2115 740 2430 809 Ἀπεδέχετο
2452 740 2509 793 δὲ
2539 740 2632 793 καὶ
2656 740 2683 791 ὁ
2720 738 2925 809 Κύριος
2952 737 3110 809 ἡμῶν
3145 737 3351 810 Ἰησοῦς
3380 739 3612 807 Χριστὸς

348 831 729 885 centurionum
759 829 1125 892 idololatram,
1150 828 1392 897 dixitque
1410 828 1631 896 insuper
1660 847 1672 883 :
1711 847 1729 879 ι
1759 829 1918 883 Amer

2030 831 2422 900 εἰδωλολάτρην
2480 832 2613 884 ὄντα
2661 831 2752 884 τὸν
2814 832 3235 901 ἑκατόνταρχον,
3295 833 3388 884 καὶ
3424 831 3488 902 δὴ
3518 834 3615 885 καὶ

349 924 471 977 dico
509 922 679 985 vobis,
700 937 804 976 non
835 921 1014 976 inveni
1049 929 1254 973 tantam
1300 922 1459 974 iidem
1503 923 1554 975 in
1600 921 1766 975 lsrael
1794 921 1861 973 ⁸⁵.
1906 940 1918 973 ι

2031 922 2285 991 ἔφασκεν·
2320 942 2336 973 ι
2386 923 2557 992 Ἀμὴν
2608 920 2750 990 λέγω
2781 923 2930 991 ὑμῖν,
2960 922 3091 991 παρ’
3122 921 3295 973 οὐδενὶ
3345 922 3615 993 τοσαύτην

344 1014 667 1070 Maledictus
696 1028 828 1082 ergo
876 1013 969 1082 qui
1022 1012 1133 1068 Deo
1166 1019 1481 1082 corruptum
1527 1026 1624 1067 seu
1675 1013 1918 1067 vitiosum

2032 1016 2214 1067 πίστιν
2233 1006 2392 1085 εὗρον
2426 1015 2482 1066 ὲν
2512 1013 2589 1085 τῷ
2639 1013 2874 1083 Ἰσραήλ.
2906 1031 2924 1065 ι
2965 1013 3266 1084 Ἑπάρατος
3300 1008 3392 1066 οὖν
3424 1013 3613 1067 δθύων

346 1105 647 1169 sacriﬁcat,
697 1120 816 1158 cum
862 1102 1033 1173 possit
1078 1103 1229 1157 illum
1275 1106 1547 1159 honorare
1580 1104 1928 1170 melioribus,

314 1197 612 1267 .siqnidem
638 1195 691 1248 in
722 1194 978 1264 gregibus
1008 1195 1148 1261 suis,
1176 1205 1233 1249 nt
1261 1194 1419 1250 modo
1453 1196 1654 1249 dictum
1688 1206 1792 1262 est,
1822 1196 1926 1248 im-

344 1286 674 1342 maculatum
727 1293 783 1338 et
836 1286 1135 1337 masculum
1194 1283 1376 1337 habet.
1417 1283 1821 1337 Observandum
1860 1282 1928 1336 ad

339 1378 670 1443 sacriﬁcium
710 1376 818 1444 peti
842 1373 1166 1439 masculum,
1200 1373 1327 1429 licet
1374 1375 1457 1428 lex
1498 1374 1607 1428 Deo
1642 1373 1928 1428 immolare

342 1471 504 1523 etiam
545 1468 801 1521 feminam
844 1467 1166 1535 prmceperit
1196 1465 1264 1523 '°.
1300 1465 1540 1520 Dicimus
1570 1465 1733 1535 igitur
1761 1466 1928 1519 sacri-

341 1561 466 1620 ﬁcia
498 1575 562 1613 ex
599 1569 749 1638 voto,
780 1560 885 1613 hoc
914 1570 1020 1626 est,
1062 1573 1211 1613 mere
1241 1558 1570 1623 voluntaria,
1610 1557 1926 1612 immacula-

345 1664 454 1708 tam
490 1664 545 1708 et
568 1653 862 1708 masculam
896 1653 1173 1707 victimam
1203 1652 1532 1722 postulasse,
1573 1660 1627 1705 et
1663 1660 1827 1722 typus
1856 1652 1923 1706 ad

340 1746 659 1801 oti‘erentem
691 1746 1025 1815 pertinebat,
1060 1746 1460 1815 quodammodo
1497 1747 1755 1803 hortante
1780 1747 1920 1817 lege,

2027 1106 2148 1175 Θεῷ
2174 1105 2269 1158 καὶ
2290 1104 2759 1177 κατεφθαρμένον,
2803 1105 2979 1157 καίτοι
3013 1105 3103 1156 τὸν
3138 1104 3301 1157 αὐτὸν
3330 1107 3443 1167 τοῖς
3464 1105 3613 1175 ἀμεί-

2029 1213 2144 1248 νοσι
2199 1196 2366 1265 τιμᾷν
2427 1195 2527 1265 (Ι),
2582 1196 2740 1265 εἴπερ
2785 1195 2841 1247 ὲν
2874 1194 3145 1263 ποιμνίοις
3179 1194 3309 1264 ἔχει,
3360 1196 3613 1266 καθάπερ

2027 1286 2164 1355 ἔφην
2198 1286 2421 1356 ἀρτίως,
2447 1286 2505 1338 τὸ
2533 1285 2766 1355 ἇμωμὸν
2802 1300 2861 1337 τε
2902 1286 2994 1337 καὶ
3030 1286 3215 1355 ἄρσεν.
3266 1285 3611 1354 Σημειωτέον

2026 1375 2100 1439 δὲ,
2134 1376 2216 1429 ὅτι
2242 1375 2301 1428 τὸ
2341 1376 2505 1445 ἄρσεν
2528 1376 2609 1438 εἰς
2642 1375 2834 1428 θυσίαν
2888 1377 3061 1439 αίτεῖ,
3108 1376 3283 1429 καίτοι
3310 1376 3404 1428 τοῦ
3443 1376 3610 1446 νόμου

2026 1467 2457 1537 προστεταχότος
2510 1466 2802 1520 καταθύειν
2854 1465 2973 1537 Θεῷ
3034 1466 3130 1521 καὶ
3180 1456 3369 1537 θήλεα.
3429 1469 3612 1538 Φαμὲν

2023 1553 2138 1621 οὖν,
2169 1558 2249 1611 ὅτι
2275 1560 2331 1610 αἱ
2361 1557 2481 1611 κατ’
2510 1556 2673 1627 εὐχὴν
2724 1557 2925 1621 θυσίαι,
2968 1556 3239 1621 τουτέστι,
3264 1556 3332 1609 τὰ
3365 1558 3609 1624 ἑκούσια,

2024 1649 2085 1701 τὸ
2114 1648 2343 1719 ἄμωμον
2368 1665 2429 1703 τε
2462 1648 2556 1701 καὶ
2595 1649 2761 1718 ἄρσεν
2784 1647 3029 1719 ἐδέχοντο
3051 1647 3219 1717 θῦμα,
3247 1648 3341 1700 καὶ
3364 1643 3431 1718 ἦν
3463 1650 3490 1701 ὁ
3519 1648 3612 1701 τύ-

2028 1760 2127 1806 πος
2156 1744 2237 1805 είς
2293 1740 2387 1795 τὸν
2441 1741 2805 1813 προσάγοντα,
2868 1741 3149 1811 μονονουχὶ
3192 1740 3611 1810 παρεγγυῶντος
3698 1763 3711 1771 ·

341 1841 407 1895 ad
436 1841 601 1894 Deum
628 1840 875 1894 volentes
904 1839 956 1893 in
983 1840 1206 1894 odorem
1258 1841 1548 1896 suavitatis
1598 1841 1916 1907 ascendere,

2025 1831 2119 1885 τοῦ
2142 1832 2329 1902 νόμου,
2355 1832 2436 1883 ὅτι
2456 1831 2561 1901 χρὴ
2583 1832 2707 1894 τοὺς
2734 1832 2813 1893 είς
2834 1829 3011 1901 ὀσμὴν
3039 1830 3267 1893 εὐωδίας
3297 1831 3610 1885 ἀναϐαίνειν

341 1929 527 1984 viriles
575 1939 629 1984 et
658 1929 828 1983 animi
879 1928 1388 1998 perturbationibus
1445 1928 1706 1999 majores,
1755 1936 1920 1997 atque

343 2024 410 2076 ab
441 2022 586 2076 omni
627 2021 1057 2091 reprehensione
1091 2019 1459 2075 alienissimos
1491 2035 1615 2075 esse
1640 2030 1917 2090 oportere.

348 2112 629 2167 Sacriﬁcia
682 2120 859 2166 autem
901 2125 1001 2181 pro
1046 2110 1309 2181 peccatis,
1341 2110 1410 2165 de
1440 2110 1597 2180 agnis
1643 2119 1700 2165 et
1750 2110 1920 2165 haedis

339 2202 599 2259 ietniiiam
634 2202 997 2258 admittebant
1022 2202 1202 2270 plane.
1242 2203 1421 2270 Atque
1459 2200 1575 2255 haec
1623 2201 1788 2260 etiam
1821 2201 1920 2254 im-

341 2296 654 2350 becillitatis
682 2293 1026 2349 oti‘er‘entium
1069 2292 1362 2348 insinuatio
1386 2293 1631 2362 quazdam
1660 2302 1797 2345 erat.
1835 2292 1920 2345 ln-

338 2390 509 2444 [irmte
537 2388 681 2443 enim
727 2396 860 2442 sunt
895 2385 1130 2449 feminae,
1178 2393 1233 2439 et
1259 2384 1500 2439 maribus
1543 2383 1739 2438 robore
1780 2383 1919 2437 infe—

338 2483 531 2535 riorcs.
561 2478 734 2535 Omne
760 2487 939 2533 autem
966 2487 1273 2546 peccatum,
1307 2484 1485 2531 mente
1509 2474 1784 2529 inﬁrmata
1819 2489 1917 2529 nec

336 2572 565 2642 amplius
598 2568 883 2641 spiritu-ale
913 2571 1078 2625 robur
1108 2577 1503 2637 conservante,
1533 2566 1915 2622 consciscitur.

998 2792 1149 2848 CAP.
1190 2790 1252 2846 li.

405 2926 570 2981 VEBS.
614 2925 665 2992 l,
705 2926 761 2979 3.
799 2927 864 2981 Et
893 2942 1031 2979 nunc
1065 2926 1376 2980 mandatum
1406 2927 1504 2980 hoc
1536 2926 1607 2982 ad
1640 2943 1745 2991 vos,
1769 2942 1798 2980 ο
1831 2944 1917 2981 sa-

336 3018 570 3073 cerdotes
596 3029 616 3068 :
651 3014 710 3070 Si
754 3032 855 3070 non
894 3017 1203 3084 audieritis,
1226 3028 1290 3075 ,et
1327 3018 1373 3071 si
1406 3034 1508 3070 non
1543 3018 1820 3085 posueritis
1860 3018 1915 3071 in

335 3130 425 3169 (σι’
453 3124 699 3177 vestrum,
737 3121 793 3166 ut
822 3112 954 3166 detis
991 3112 1213 3180 gloriam
1243 3112 1442 3165 nomini
1472 3127 1605 3175 meo,
1639 3112 1768 3165 dicit
1802 3112 1906 3165 Do-

2021 1924 2304 1987 ὲθέλοντας
2333 1923 2411 1992 τῷ
2439 1922 2581 1994 Θεῷ,
2627 1922 2906 1995 ἀνδρείους
2963 1939 3023 1976 τε
3075 1918 3250 1988 εἶναι,
3286 1926 3379 1976 καὶ
3420 1924 3610 1977 παθῶν

2019 2018 2294 2087 ἀμείνους,
2320 2018 2415 2071 καὶ
2445 2017 2637 2089 μώμου
2668 2016 2868 2080 παντὸς
2889 2016 3183 2072 ἀπωτάτω.
3205 2017 3272 2069 Ai
3298 2017 3354 2071 δέ
3378 2034 3441 2086 γε
3469 2018 3610 2089 ὑπὲρ

2021 2110 2306 2181 ἁμαρτιῶν
2361 2112 2768 2182 προσαγόμεναι
2827 2110 3027 2175 θυσίαι,
3079 2110 3140 2163 τὸ
3203 2110 3339 2180 θῆλυ
3390 2112 3610 2174 παντως

2020 2200 2264 2270 ἐδέχοντο
2297 2201 2405 2253 ἀπὸ
2431 2200 2539 2253 τῶν
2586 2201 2798 2272 ἀμνῶν,
2834 2202 2928 2255 καὶ
2972 2200 3081 2255 ἀπὸ
3127 2200 3236 2255 τῶν
3261 2202 3485 2272 ἐρίφων.
3516 2202 3609 2255 Αί-

2020 2307 2193 2363 νιγμα
2221 2292 2275 2344 δὲ
2310 2292 2404 2345 καὶ
2445 2293 2603 2346 τοῦτο
2632 2292 2730 2363 τῆς
2761 2292 2869 2348 τῶν
2906 2293 3293 2363 προσαγόντων
3326 2294 3609 2358 ἀσθενείας

2018 2379 2106 2453 ἦν.
2152 2382 2382 2436 Ἀναλκι
2431 2383 2542 2455 γὰρ
2574 2384 2636 2437 τὸ
2689 2383 2864 2452 θῆλυ,
2930 2384 3025 2437 καὶ
3071 2382 3181 2436 τῶν
3244 2383 3489 2455 ἀρσένων
3532 2383 3610 2447 ὡς

2020 2476 2077 2528 ὲν
2110 2475 2253 2545 ίσχύῐ
2289 2474 2561 2545 δεύτερον.
2603 2474 2876 2545 Ἀμαρτία
2899 2476 2955 2528 δὲ
2980 2477 3127 2528 πᾶσα
3152 2475 3326 2546 ὁρῷτο
3349 2474 3415 2528 ἂν
3442 2474 3608 2545 ἡσθε-

2020 2566 2247 2635 νηκότος
2270 2564 2362 2618 τοῦ
2391 2565 2504 2632 νοῦ,
2536 2567 2630 2619 καὶ⁸
2659 2565 2780 2618 οὔτε
2810 2583 2911 2618 που
2941 2565 3142 2635 μᾶλλον
3179 2565 3277 2635 τὴν
3315 2576 3607 2636 πνευματι-

2022 2657 2122 2726 κὴν
2165 2656 2429 2720 σώζοντος
2459 2657 2784 2727 εὐρωστίαν.

2630 2791 2853 2844 ΚΕΦΑΛ
2867 2830 2879 2845 .
2930 2786 3004 2845 Β’.

2092 2887 2201 2980 Καὶ
2232 2925 2349 2980 νῦν
2406 2925 2626 2993 ἐντολὴ
2680 2926 2833 2993 αὕτη
2893 2926 3039 2994 πρὸς
3079 2921 3255 2992 ὑμᾶς,
3310 2926 3363 2977 οἱ
3411 2923 3602 2991 ἱερεῖς·

2036 3018 2170 3071 Ἐὰν
2190 3016 2275 3086 μὴ
2306 3018 2630 3082 ἀκούσητε,
2698 3018 2797 3071 καί
2840 3018 2949 3071 ἐὰν
3001 3017 3088 3086 μὴ
3143 3015 3331 3085 θῆσθε
3379 3019 3464 3082 εις
3493 3015 3609 3083 τὴν

2023 3108 2276 3178 καρδίαν
2300 3110 2490 3181 ὑμῶν,
2507 3110 2615 3164 τοῦ
2643 3109 2855 3165 δοῦναι
2885 3111 3076 3175 δόξαν
3101 3109 3181 3175 τῷ
3203 3110 3448 3178 ὀνόματί
3465 3125 3604 3177 μου,

334 3207 511 3260 minus
539 3206 892 3273 omnipotens,
926 3204 1133 3256 mittam
1167 3218 1321 3271 super
1355 3219 1440 3257 vos
1469 3202 1910 3269 maledictionem,

2022 3203 2178 3272 λέγει
2236 3204 2454 3270 Κύριος
2486 3202 2929 3271 παντοκράτωρ,
2974 3203 3071 3257 καί
3101 3200 3489 3267 ἐξαποστελῶ
3513 3202 3605 3269 ἐφ’

332 3311 380 3354 et
400 3298 709 3353 maledicam
757 3296 1164 3350 benedictionem
1213 3306 1462 3362 vestram,
1500 3306 1547 3350 et
1599 3295 1914 3350 maledicam

335 3394 524 3460 ipsam.
587 3389 656 3443 Et
706 3390 973 3458 dissipabo
1007 3390 1415 3444 benedictionem
1455 3397 1703 3457 vestram,
1732 3401 1781 3442 et
1813 3406 1915 3442 non

332 3487 430 3540 erit
461 3486 516 3540 in
561 3485 727 3549 vobis,
770 3484 899 3554 quia
941 3500 1028 3538 vos
1072 3501 1175 3538 non
1222 3484 1417 3554 ponitis
1473 3483 1528 3536 in
1550 3499 1641 3536 cor
1664 3493 1911 3536 oestrum.

406 3752 546 3807 XVI.
589 3750 788 3819 Culpas
814 3751 1078 3803 hactenus
1107 3749 1376 3804 admissas
1408 3767 1474 3802 ex
1507 3749 1753 3804 bonitate
1777 3764 1913 3804 con-

334 3846 519 3907 donat,
570 3848 625 3894 et
667 3838 1104 3894 misericordiam
1149 3839 1357 3903 tribuit,
1393 3853 1709 3907 peccatores
1762 3840 1914 3909 quasi
1962 3834 1969 3839 ’

335 3935 404 3990 ad
436 3933 748 4002 primaevam
777 3934 1033 3985 virtutem
1077 3945 1358 3985 revocans.
1398 3929 1513 3985 Hoc
1538 3945 1662 3986 eum
1704 3932 1915 4004 signiti-

334 4041 461 4081 care
484 4038 705 4091 censeo,
739 4023 867 4078 dum
894 4022 1192 4077 clementer
1222 4022 1299 4077 ait
1327 4040 1340 4076 :
1370 4040 1388 4073 ι
1430 4022 1496 4077 Ει
1522 4037 1663 4077 nunc
1692 4022 1918 4077 mandu-

332 4124 447 4170 tum
471 4114 572 4169 hoc
598 4114 664 4169 ad
697 4128 812 4177 vos,
832 4127 865 4168 ο
891 4113 1224 4168 sacerdotes.
1260 4132 1279 4166 ι
1314 4112 1553 4167 Minatur
1570 4123 1749 4169 autem
1774 4114 1917 4169 dein-

334 4220 482 4274 ceps,
517 4206 617 4259 nisi
659 4204 842 4260 facere
904 4205 1072 4261 velint
1115 4220 1236 4275 qua:
1287 4220 1384 4261 eos
1434 4204 1616 4261 facere
1664 4216 1916 4263 constare

334 4304 568 4367 oportet,
599 4297 1023 4367 divinorumque
1059 4297 1409 4353 oraculorum
1432 4311 1650 4353 sensum
1682 4299 1733 4353 in
1761 4315 1915 4354 men-

336 4399 443 4444 tem
495 4398 549 4443 et
589 4404 686 4444 cor
743 4389 1061 4453 immittere,
1114 4389 1282 4461 835
1323 4400 1377 4445 et
1418 4390 1612 4459 seipsis
1662 4392 1915 4447 meliores

332 4479 642 4545 evaserint,
671 4488 724 4536 et
762 4479 856 4535 Dei
906 4479 1132 4551 gloriam
1166 4480 1547 4550 quzesiverint,
1586 4480 1758 4536 altare
1808 4496 1913 4536 non

2016 3289 2170 3360 ὑμᾶς
2202 3291 2317 3360 τὴν
2340 3291 2626 3360 κατάραν,
2667 3292 2764 3346 καὶ
2799 3291 3312 3361 ἐπικατιιράσομαι
3363 3292 3479 3359 τὴν
3503 3294 3604 3346 εὑ-

2015 3387 2231 3453 λογίαν
2258 3384 2444 3454 ὑμῶν,
2500 3386 2599 3439 καὶ
2643 3384 3055 3454 καταράσομαι
3096 3384 3309 3451 αὑτήν.
3343 3384 3449 3439 Καὶ
3476 3384 3605 3438 δια-

2015 3476 2296 3531 σκεδάσω
2323 3477 2441 3547 τὴν
2484 3480 2771 3549 εὐλογίαν
2796 3478 2983 3547 ὑμῶν,
3016 3478 3118 3532 καὶ
3170 3479 3283 3532 οὐκ
3319 3478 3490 3532 ἔσται
3537 3477 3610 3532 ἐν

2016 3567 2194 3634 ὑμῖν,
2246 3568 2338 3622 ὅτι
2397 3570 2566 3640 ὑμεῖς
2624 3573 2696 3626 οὐ
2749 3570 2986 3624 τίθεσθε
3056 3573 3143 3637 εις
3192 3570 3308 3638 τὴν
3353 3569 3609 3639 καρδίαν

2016 3659 2206 3727 ὑμῶν.

2088 3754 2205 3818 ΠΤ.
2235 3753 2473 3825 Παρίησι
2506 3754 2823 3823 φιλαγάθως
2852 3753 2950 3816 τὰς
2990 3752 3085 3805 ἐπὶ
3109 3754 3223 3816 τοῖς
3253 3753 3355 3823 ἤδη
3395 3751 3607 3821 φθάσα-

2019 3859 2104 3896 σιν
2130 3845 2331 3909 αἰτίας,
2365 3847 2460 3899 καὶ
2507 3846 2661 3916 νέμει
2711 3844 2800 3898 τὸν
2845 3844 3015 3906 ἔλεον.
3070 3844 3152 3907 είς
3208 3843 3384 3914 ἀρχὰς
3416 3844 3606 3914 ὥσπερ

2016 3935 2316 4000 ἐπιεικείας
2352 3937 2628 4000 ἀνατιθεὶς
2659 3938 2784 4000 τοὺς
2845 3937 3260 4007 ἡμαρτηκότας.
3315 3936 3477 3988 Τουτὶ
3506 3936 3605 4007 μὲν

2015 4021 2168 4096 οἶμαι
2194 4026 2407 4097 δηλοῦν,
2450 4028 2679 4095 λέγοντα
2708 4028 2964 4100 χρηστῶς
2994 4029 3076 4082 τόο
3135 4046 3156 4080 ι
3190 4028 3301 4082 Καὶ
3332 4029 3427 4082 νῦν
3458 4031 3491 4099 ἡ
3521 4030 3608 4082 ὲν-

2014 4118 2144 4189 τολὴ
2176 4118 2314 4190 αὕτη
2337 4119 2472 4189 πρὸς
2492 4120 2660 4190 ὑμᾶς,
2689 4123 2739 4174 οί
2770 4124 2953 4191 ίερεῖς.
2978 4141 2998 4173 ι
3038 4119 3278 4174 Ἀπειλεῖ
3311 4120 3368 4173 δὲ
3397 4120 3604 4181 λοιπὸν.

2015 4211 2091 4275 ώς
2123 4213 2172 4265 εἰ
2202 4212 2275 4283 μὴ
2330 4212 2538 4283 ἔχοιντο
2570 4215 2744 4267 ποιεῖν
2791 4214 2827 4268 ἀ
2881 4213 2986 4286 χρὴ
3019 4214 3307 4276 ποιοῦντας
3338 4213 3601 4283 ὁρᾶσθαι,

2017 4303 2111 4356 καὶ
2145 4305 2224 4366 είς
2278 4302 2403 4357 νοῦν
2460 4303 2570 4356 ἔσω
2611 4304 2859 4358 τίθεσθαι
2901 4307 2996 4357 καὶ
3044 4302 3275 4374 καρδίαν
3299 4303 3410 4355 τῶν
3446 4302 3604 4381 θείων

2017 4395 2509 4466 χρησμῳδημάτων
2562 4397 2663 4468 τὴν
2718 4397 2993 4465 αἴσθησιν,
3052 4394 3262 4447 ἔσοιντο
3315 4410 3376 4446 τε
3424 4391 3604 4447 αὐτῶν

2016 4486 2276 4556 ἀμείνους
2302 4487 2335 4558 ἢ
2365 4488 2556 4549 πάλαι,
2593 4488 2687 4541 καὶ
2730 4488 2828 4558 τὴν
2859 4487 2954 4540 τοῦ
2985 4486 3122 4541 Θεοῦ
3156 4487 3317 4553 δόξαν
3343 4484 3604 4556 ἐπιζητή·

340 4571 479 4628 ultra
513 4572 928 4642 vilipendentes,
977 4587 1154 4641 neque
1184 4580 1392 4627 temere
1418 4581 1472 4627 et
1501 4572 1639 4627 citra
1673 4572 1917 4641 explora-

2024 4595 2194 4644 σειαν,
2240 4579 2313 4650 μὴ
2362 4580 2899 4653 κατασμικρύνοντες
2954 4580 3035 4634 ἔτι
3086 4581 3147 4633 τὸ
3198 4580 3601 4651 θυσιαστήριον,

342 4667 543 4721 tionem
565 4666 772 4736 legibus
791 4664 996 4720 sancita
1029 4679 1184 4719 sacra
1208 4670 1552 4734 peragentes,
1581 4662 1918 4730 penitissime

338 4754 444 4809 iiiis
495 4754 914 4810 maledictorum
962 4762 1018 4808 et
1072 4766 1484 4806 succensurum.
1547 4750 1683 4805 Puto
1736 4762 1915 4806 autem

334 4859 460 4915 ego,
499 4843 729 4898 istorum
760 4844 1075 4907 verborum,
1124 4859 1145 4892 ι
1198 4842 1513 4897 Maledicere
1557 4843 1916 4899 bendictioni

336 4947 554 4999 vestrm,
582 4944 638 4991 et
655 4935 932 5003 dissipabo
961 4934 1159 5003 ipsam,
1192 4953 1211 4985 ι
1248 4934 1391 4989 bane
1421 4934 1649 4990 forsitan
1694 4946 1917 4991 senten-

339 5030 468 5083 tiam
522 5040 649 5083 esse
684 5044 697 5082 :
730 5025 841 5082 Deo
886 5025 1204 5095 quibusdam
1266 5026 1576 5083 felicitatem
1622 5039 1914 5096 annuente,

334 5122 559 5177 uberem
592 5127 916 5190 proventum
942 5118 996 5173 in
1027 5120 1173 5188 agris
1200 5119 1335 5184 fore,
1366 5129 1420 5174 et
1441 5121 1624 5175 omnia
1651 5136 1912 5192 prospere

334 5225 673 5277 successum,
698 5220 752 5267 et
788 5224 989 5279 pecora
1024 5210 1419 5266 incredibiliter
1448 5228 1672 5269 numero
1695 5227 1911 5271 auctum

335 5303 422 5369 iri,
455 5304 707 5373 ipsosque
749 5304 801 5357 in
828 5303 1150 5373 corporibus
1183 5302 1313 5357 nihil
1346 5304 1631 5360 adversum
1664 5308 1913 5362 noxium-

334 5405 439 5459 que
469 5408 749 5464 passuros.
778 5391 1074 5449 Aufereute
1102 5402 1281 5448 autem
1325 5393 1441 5461 ipso
1474 5394 1911 5455 benedictionem

439 5568 484 5599 ⁸⁵
522 5569 712 5649 Matth.
742 5588 858 5639 vui,
899 5574 985 5629 £0.
1062 5573 1109 5605 ⁸⁸
1136 5574 1311 5629 Levii.
1340 5590 1453 5630 nn
1507 5590 1660 5647 seqq.

405 5773 483 5846 (i)
518 5774 708 5833 Delicit
739 5777 961 5834 verbum
994 5778 1369 5849 impersonale.

2024 4669 2163 4740 μήτε
2196 4668 2302 4742 μὴν
2333 4670 2520 4734 ἀπλῶς
2548 4670 2580 4742 ῆ
2609 4671 2988 4735 ἀϐασανίστως
3039 4671 3319 4735 τελοῦντες
3341 4672 3410 4725 τὰ
3448 4686 3598 4724 νενοο

2024 4761 2282 4831 μισμένα,
2315 4763 2491 4833 πάντη
2511 4779 2571 4816 τε
2600 4765 2695 4818 καὶ
2743 4765 2960 4827 πάντως
2991 4764 3413 4835 κατηραμένους
3470 4764 3605 4816 ἀπο-

2021 4856 2180 4921 φανεί
2210 4855 2304 4907 καὶ
2357 4854 2464 4909 ὑπὸ
2504 4857 2655 4911 θείαν
2701 4857 2860 4921 ὄντας
2890 4858 3083 4928 ὀργήν.
3144 4850 3317 4926 Οἶμαι
3343 4856 3403 4909 δὲ
3430 4852 3603 4924 ἔγωγε

2017 4943 2213 5014 δηλοῦν
2232 4946 2317 5013 τὸ,
2347 4966 2366 4998 ι
2407 4948 2914 5021 Ἐπικαταράσομαι
2934 4950 3032 5021 τὴν
3044 4948 3296 5018 εὐλογίαν
3320 4945 3605 5019 ὑμῶν,καὶ

2018 5034 2358 5091 διασκεδάσω
2383 5039 2575 5112 αὐτὴν,
2616 5061 2635 5093 ι
2664 5042 2844 5095 ὲκεῖνο
2868 5042 3011 5112 τάχα
3049 5052 3175 5096 που.
3208 5039 3344 5093 Θεοῦ
3363 5039 3463 5110 μὲν
3496 5038 3605 5108 γὰρ

2018 5127 2415 5193 κατανεύοντος
2446 5131 2545 5202 τὴν
2573 5133 2874 5204 εὐημερίαν
2921 5134 3088 5199 τισὶν,
3121 5131 3415 5203 εὐφορήσει
3444 5129 3517 5182 τὰ
3547 5129 3606 5180 ὲν

2018 5218 2231 5290 ἀγροῖς,
2260 5221 2559 5293 εὐκαρπίαν.
2588 5239 2649 5276 τε
2699 5224 2915 5279 ἔσονται
2948 5227 3050 5301 καὶ
3095 5222 3361 5293 εὐθηνίαι,
3392 5220 3488 5273 καὶ
3527 5220 3607 5282 εἰς

2020 5308 2232 5380 πληθὺν
2248 5310 2556 5384 ἀμέτρητον
2583 5314 2838 5369 ἐπιδώσει
2859 5315 2929 5370 τὰ
2951 5315 3263 5387 θρέμματα,
3290 5311 3384 5364 καὶ
3400 5308 3607 5378 φθορᾶς

2020 5400 2231 5459 ἔσονται
2256 5404 2357 5475 τῆς
2385 5404 2492 5462 τῶν
2514 5408 2789 5478 σωμάτων
2808 5408 3066 5481 ἀμείνους
3100 5405 3277 5461 αὐτοί.
3320 5401 3610 5472 Ἀφιστάν-
