4042 6196
310 312 416 373 ’50⁵1

1303 314 1359 371 s.
1401 314 1687 372 CYKILLI'
1715 317 2181 374 ALEXANDRINI
2221 280 2538 376 Ᾰιιοιιιερ.

3444 320 3546 376 διε

312 430 591 499 explorare
617 428 747 482 vitia
768 444 873 484 non
893 429 1177 493 curabant,
1197 438 1253 482 et
1277 430 1589 491 mandatum
1619 432 1683 485 de
1702 432 1863 505 apbte

1984 431 2130 500 θυμα
2168 434 2241 503 μὴ
2274 430 2739 505 προσκομίζεσθαι
2776 432 2852 503 τῷ
2881 430 3270 502 θυσιαστηρίῳ,
3306 426 3403 484 καὶ
3435 435 3546 495 τοῖς

311 521 529 574 rematis
554 535 672 588 qua:
706 531 966 576 vocantur
989 520 1201 574 irritum
1240 520 1533 587 faciebant,
1562 533 1614 575 et
1644 536 1745 575 non
1764 522 1873 590 jam

306 611 449 682 quod
476 613 604 681 Deo,
635 616 727 667 sed
760 616 902 683 quod
945 614 1222 682 cupiditati
1271 630 1380 668 suae
1427 615 1693 669 arrideret
1737 630 1876 684 prae-

307 715 534 770 stantes,
572 706 903 760 stabilientes
935 711 988 758 et
1008 715 1321 760 constanter
1344 705 1620 761 observari
1650 707 1875 760 Studen-

259 863 262 868 _
308 804 408 859 tes,
460 809 597 863 quas
644 794 744 848 sibi
792 795 1186 864 commodiores
1252 795 1517 864 putabant
1578 795 1873 849 hostiarum

256 876 261 882 ί
305 899 499 938 carnes
536 884 825 954 eligebant.
856 884 999 939 lstud
1039 886 1089 938 in
1129 886 1602 953 reprehensionem
1632 886 1872 948 adducit,

304 984 358 1029 et
382 976 495 1031 ait:
539 994 558 1028 ι
588 976 724 1031 Ecce
753 992 850 1045 ego
875 991 1070 1047 separo
1095 978 1245 1031 vobis
1270 977 1573 1031 humerum.
1614 996 1632 1029 ι
1675 978 1874 1044 Separo

305 1069 502 1134 posuit,
533 1082 651 1137 pro,
687 1070 945 1134 separavi,
979 1077 1032 1123 ct
1057 1068 1233 1122 denuo
1267 1065 1386 1127 volo
1413 1068 1619 1122 servari
1645 1081 1871 1123 consue-

308 1160 567 1214 tudinem.
605 1158 956 1237 Superadjeci
998 1160 1174 1235 quasi,
1230 1160 1344 1214 sive
1385 1160 1583 1228 adjicio
1617 1176 1635 1210 ι
1669 1160 1873 1211 ventri-

304 1247 484 1302 culum
511 1262 726 1318 quoque
757 1248 807 1302 in
835 1247 1000 1304 facies
1027 1259 1257 1307 vestras.
1281 1268 1297 1300 ι
1320 1249 1583 1325 Quoniam
1603 1250 1743 1303 enim
1772 1249 1871 1317 ipsi

306 1339 630 1397 dedecorant
650 1340 836 1407 altare,
859 1340 976 1394 ideo
1002 1339 1143 1395 Deus
1164 1340 1313 1404 dicit,
1344 1341 1733 1408 «dispergam,»
1764 1339 1873 1391 vcl-

305 1438 363 1484 ut
412 1443 509 1496 par
547 1431 661 1499 pari
726 1430 987 1484 referens.
1039 1448 1057 1482 ι
1096 1430 1196 1496 Qui
1247 1431 1390 1483 enim
1441 1445 1527 1484 me
1575 1429 1874 1483 contemnit

304 1530 682 1575 contemnetur
708 1522 778 1573 ⁹¹.
834 1538 852 1573 ι
874 1551 944 1562 -
964 1539 983 1572 ι
1023 1504 1324 1589 Suscipiam
1359 1522 1539 1590 itaque
1569 1536 1663 1574 vos
1692 1520 1745 1573 in
1787 1520 1871 1573 id-

304 1610 481 1682 ipsum
508 1628 523 1665 :
560 1630 577 1663 ι
608 1612 709 1666 hoc
735 1620 837 1677 est,
864 1611 917 1665 in
959 1612 1059 1666 hoc
1079 1613 1198 1681 ipso
1230 1612 1477 1681 superior
1511 1611 1660 1676 liam,
1693 1620 1746 1665 et
1770 1611 1873 1663 im-

305 1702 425 1773 pios
461 1704 801 1776 redarguam.
833 1701 969 1777 Quia
1005 1701 1149 1755 enim
1174 1702 1347 1772 legem
1380 1703 1447 1756 de
1484 1702 1779 1770 seligendis
1805 1700 1870 1754 ad

1976 524 2328 592 τεταγμένοις
2366 526 2444 586 εἰς
2480 523 2787 596 ἱερουργίαν
2818 523 2887 576 τά
2912 522 3020 575 τῶν
3064 522 3319 592 θυμάτων
3349 522 3547 591 ἀφορί-

1976 612 2160 675 ζεσθαι
2194 613 2355 685 μέρη,
2379 614 2763 684 κατημέλησαν
2791 614 2890 683 μὲν
2919 613 3008 667 τοῦ
3032 613 3228 685 χρῆναι
3261 628 3547 681 μωμοσκοο

1975 706 2116 766 πεῖν,
2170 704 2468 773 ὴτεθήκασι
2525 703 2580 755 δὲ
2632 702 2729 773 τὴν
2763 704 2981 772 ἐντολὴν
3038 703 3146 756 τῶν
3195 700 3548 770 καλουμένων

1975 792 2387 862 ἀφαιρεμάτων,
2438 793 2498 844 οὐ
2557 791 2649 843 τοῦ
2702 791 2837 845 Θεοῦ
2876 791 3074 862 μᾶλλον
3123 790 3219 861 ἡδὺ
3254 790 3360 842 τῶν
3403 790 3546 843 ἰδίων

1976 880 2302 949 πράττοντες
2327 879 2451 950 θελη
2463 879 2666 949 μάτων,
2696 868 3051 950 κρατύνοντές
3079 896 3137 931 τε
3160 880 3252 932 καὶ
3281 876 3546 945 ἐμπεδοῦν

1976 970 2384 1034 σπουδάζοντες,
2418 970 2560 1041 άπερ
2586 972 2782 1035 αὐτοὺς
2805 971 3033 1040 ὠφελεῖν
3052 971 3227 1023 ἐδόκει
3253 969 3323 1023 τά
3350 971 3413 1021 ὲκ
3436 969 3543 1020 τῶν

1975 1062 2229 1132 θυμάτων
2259 1063 2665 1133 συναγείροντες
2712 1062 2867 1133 κρέα.
2894 1060 3064 1113 Τοῦτο
3115 1061 3350 1129 παράγει
3410 1059 3542 1127 πρὸς

1974 1153 2213 1222 ἔλεγχον,
2244 1153 2335 1205 καί
2365 1169 2548 1221 φησιν·
2616 1172 2634 1203 t
2685 1153 2814 1205 Ἰδοὺ
2847 1151 2957 1219 ἐγὼ
2999 1152 3242 1221 ἀφορίζω
3299 1151 3425 1218 ὑμῖν
3456 1149 3546 1200 τὸν

1973 1238 2140 1314 ὦμον.
2177 1262 2194 1293 ι
2247 1243 2320 1295 To
2366 1243 2443 1306 δὲ,
2474 1242 2747 1311 ἀφορίζῖυ,
2807 1243 2901 1295 νῦν
2953 1242 3201 1294 τέθεικεν
3258 1240 3376 1292 ἀντὶ
3425 1238 3541 1303 τοῦ,

1986 1335 2263 1403 Ἀφὼρισά
2284 1352 2343 1386 τε
2372 1335 2491 1405 ἤδη,
2527 1335 2621 1387 καὶ
2657 1336 2734 1397 είς
2762 1334 2921 1403 δεῦρο
2974 1333 3232 1403 βούλομαι
3258 1332 3544 1402 τηρεῖσθαι

1972 1423 2031 1475 τὸ
2070 1422 2207 1484 ἔθος.
2244 1423 2593 1494 Προσέρῤιψα
2630 1423 2687 1475 δὲ
2719 1422 2929 1492 ὥσπερ,
2958 1422 3077 1493 ἤτοι
3101 1423 3423 1492 προσρίπτω
3451 1424 3546 1475 καὶ

1972 1510 2032 1562 τὸ
2078 1528 2094 1560 ι
2133 1510 2388 1580 ἕνυστρον
2415 1512 2493 1572 είς
2513 1509 2583 1563 τὰ
2612 1509 2880 1579 πρόσωπα
2910 1509 3081 1581 ὐμῷν.
3123 1527 3142 1560 ι
3194 1509 3413 1579 Ἐπειδὴ
3434 1510 3544 1579 γὰρ

1972 1602 2296 1671 ἀτιμάζουσι
2333 1603 2485 1656 αὐτοὶ
2513 1603 2573 1656 τὸ
2610 1602 3011 1673 θυσιαστήριον,
3034 1602 3206 1673 ταύτῃ
3237 1619 3319 1655 τοι
3353 1603 3545 1673 «Σκορο

1973 1693 2145 1757 mm,»
2201 1694 2353 1763 φησὶ,
2385 1688 2497 1746 οἷον
2520 1692 2879 1764 ἀνθυϐρίζων.
2923 1713 2939 1744 ι
2995 1695 3052 1747 '0
3101 1694 3209 1764 γὰρ
3254 1694 3543 1758 ὲξουδενῶν

305 1808 459 1851 usum
487 1803 733 1849 vestrum
763 1776 1117 1859 obServastis,
1167 1801 1486 1865 partemque
1536 1793 1686 1848 vobis
1736 1807 1863 1847 con-

1975 1801 2061 1854 με,
2088 1786 2242 1853 φησὶ,
2260 1784 3169 1856 ὲξουδενωθήσεται.ι--ιΛὴψομαι
3191 1786 3254 1855 δὴ
3287 1782 3379 1838 οὖν
3402 1786 3545 1854 ὑμᾶς

301 1895 511 1937 cessam
545 1883 855 1956 neutiquam
890 1884 1195 1954 relinquere
1220 1884 1642 1950 sustinuistis,et
1676 1899 1867 1952 super-

300 1985 599 2026 vacaneum
626 1973 778 2027 vobis
811 1973 1026 2037 videtur
1057 1973 1188 2028 vitia
1230 1973 1498 2043 inspicere
1519 2012 1534 2039 ,
1574 1982 1869 2043 propterea

301 2061 640 2127 cognoscetis
676 2061 859 2116 clausa
897 2076 1018 2116 esse
1060 2077 1224 2131 super
1251 2077 1347 2116 vos
1388 2064 1566 2116 ostia:
1616 2063 1717 2115 hoc
1763 2072 1867 2127 est,

302 2147 610 2203 sacerdotio
661 2162 759 2203 vos
795 2149 1044 2203 exclusos
1095 2159 1150 2203 et
1191 2149 1393 2217 eiectos
1430 2165 1571 2203 esse.
1603 2151 1868 2217 Quoniam

299 2251 398 2309 ego
422 2236 539 2291 dedi
579 2238 890 2292 mandatum
942 2240 1061 2303 hoc,
1120 2241 1235 2294 sive
1280 2249 1681 2306 testamentum,
1730 2245 1872 2308 quod

299 2330 540 2399 disposui
568 2330 635 2384 ad
692 2329 927 2386 Levitas.
974 2331 1111 2399 Quid
1165 2333 1330 2401 igitur
1382 2332 1548 2387 inde?
1581 2331 1869 2385 Sciendum

298 2428 382 2471 est
405 2420 768 2484 diviuinorum
794 2420 1043 2474 altarium
1088 2421 1351 2476 ministris
1392 2420 1696 2476 faciendum
1730 2421 1871 2489 quod

298 2509 412 2567 vult
451 2507 613 2574 Deus,
654 2511 820 2582 836
874 2521 930 2567 et
976 2513 1244 2568 mandatis
1295 2512 1579 2567 dominicis
1647 2513 1869 2582 posuia-

296 2600 530 2654 heudum
566 2611 730 2670 atque
761 2591 1235 2658 contemnendum
1283 2617 1393 2674 pra:
1438 2603 1546 2657 illis
1608 2603 1864 2672 quidquid

296 2690 495 2760 alioqui
549 2692 678 2761 ipsis
707 2695 1046 2749 commodum
1081 2695 1316 2749 videtur.
1372 2694 1462 2748 Sic
1501 2696 1643 2750 enim
1691 2695 1863 2748 sancti

294 2792 454 2847 erunt
484 2797 765 2847 sacrorum
817 2786 1073 2850 ministri,
1119 2801 1218 2840 nec
1282 2786 1562 2855 pereuntia
1617 2786 1861 2857 diligent,

294 2886 393 2925 nec
414 2885 443 2941 ῃ
473 2873 612 2950 turpi
649 2886 859 2946 quwstu
886 2861 1233 2943 transversim
1256 2890 1505 2947 agentur.

1973 1878 2052 1938 είς
2084 1876 2139 1929 τὸ
2162 1876 2313 1942 αὐτὸ,
2376 1896 2397 1927 ι
2450 1877 2717 1940 τουτέστι,
2765 1878 2822 1928 ὲν
2845 1876 2993 1945 αὐτῷ
3049 1877 3114 1946 δὴ
3161 1877 3337 1947 τούτῳ
3388 1893 3543 1945 περιο

1973 1968 2190 2036 έσομαι,
2224 1969 2315 2020 καὶ
2347 1967 2673 2031 ἀσεϐοῦντας
2719 1967 2941 2035 ἐλέγξω.
2995 1968 3134 2020 Ἀνθ’
3166 1969 3288 2021 ὅτου
3342 1969 3449 2039 γάρ
3480 1968 3543 2037 δὴ

1970 2057 2064 2109 τδν
2100 2057 2197 2125 μὲν
2226 2058 2317 2109 ἐπὶ
2348 2060 2460 2119 Ιτοϊς
2492 2057 2829 2127 ἀφαιρέμασι
2882 2060 2994 2119 τοῖς
3020 2057 3173 2127 ὑμῶν
3205 2059 3542 2128 τετηρήκατε

1971 2149 2155 2218 νόμον,
2180 2150 2273 2200 καὶ
2311 2149 2410 2217 τῆς
2442 2148 2685 2217 δοθείσης
2742 2150 2868 2218 ὑμῖν
2917 2150 3132 2219 μερίδος
3182 2151 3302 2202 κατ’
3358 2149 3543 2202 οὐδένα

1970 2237 2167 2307 τρόπον
2222 2235 2480 2306 ἀνέχεσθε
2527 2237 3012 2308 καταρῤᾳθυμεῖν,
3062 2241 3267 2291 εἰκαῖον
3315 2239 3371 2291 δὲ
3414 2240 3543 2309 ὑμῖν

1969 2330 2116 2382 δοκεῖ
2175 2330 2235 2382 τὸ
2287 2330 2482 2400 χρῆναι
2536 2333 2960 2400 μωμοσκοπεῖν,
3012 2331 3283 2399 γνώσεσθε
3334 2332 3396 2401 δὴ
3451 2327 3543 2384 οὖν

1970 2421 2366 2490 κεκλεισμένων
2415 2421 2500 2487 ἐφ’
2550 2422 2676 2488 ὑμῖν
2733 2421 2842 2474 τῶν
2896 2419 3096 2491 θυρῶν,
3155 2422 3421 2482 τουτέστι,
3455 2423 3544 2474 ὲκ-

1968 2513 2273 2581 κλειόμενοί
2305 2532 2360 2567 τε
2398 2517 2490 2567 καὶ
2520 2514 2926 2585 ἐκπεμπόμενοι
2962 2519 3061 2585 τῆς
3095 2515 3402 2586 ίερουργίας
3443 2514 3538 2582 (1).

1973 2606 2094 2658 Ὀτι
2119 2604 2228 2673 ἐγὼ
2261 2605 2469 2658 δέδωκα
2492 2607 2590 2675 τὴν
2619 2606 2837 2677 ἐντολὴν
2876 2608 3100 2676 ταύτην,
3123 2608 3242 2677 ἦτοι
3275 2606 3375 2676 τὴν
3424 2606 3540 2659 διάο

1971 2695 2140 2758 θεσιν,
2172 2696 2237 2765 ἣν
2271 2696 2525 2766 διεθέμην
2560 2696 2695 2765 πρὸς
2759 2699 2884 2760 τοὺς
2929 2698 3180 2761 Λευίτας,
3230 2698 3295 2749 Τί
3339 2692 3431 2749 οῦν
3482 2695 3543 2748 τδ

1968 2785 2250 2851 ὲντεῦθεν;
2280 2786 2488 2838 Εξδέναι
2520 2786 2785 2855 προσήκει
2812 2789 2934 2849 τοὺς
2967 2791 3075 2850 τοῖς
3110 2787 3273 2849 θείοις
3300 2787 3541 2855 λειτουρ⁴

1969 2874 2200 2942 γοῦντας
2220 2874 2643 2945 θυσιαστηρίοις,
2675 2877 2704 2929 ὃ
2724 2894 2775 2929 τι
2803 2876 2863 2929 τδ
2885 2877 3000 2947 Θεῷ
3054 2878 3243 2931 δοκοῦν
3297 2877 3541 2947 ἐκπράτ-

291 2957 480 3028 τεσθαι
524 2960 666 3031 χρὴ,
721 2964 815 3015 καὶ
866 2962 976 3016 τῶν
1026 2965 1372 3018 Δεσποτικῶν
1460 2963 1897 3035 προσταγμάτων
1958 2963 2266 3035 ῥιπτεῖσθαι
2338 2966 2567 3016 κατόπιν
2629 2966 2773 3027 πᾶν,
2829 2967 2966 3038 ὅπερ
3027 2968 3223 3030 αὐτοὺς
3294 2967 3525 3037 ὠφελεῖν

292 3050 495 3121 ἑτέρως
537 3051 704 3106 δοκεῖ.
770 3053 930 3125 Ἰεροὶ
1002 3055 1113 3127 γὰρ
1159 3056 1331 3119 οῦτως
1358 3056 1570 3111 ἔσονται
1601 3054 1926 3126 λειτουργοὶ,
1972 3056 2067 3108 καὶ
2101 3057 2219 3125 οὐχὶ
2246 3055 2354 3109 τῶν
2400 3057 2751 3127 προσκαίρων
2802 3059 3047 3128 ἐρασταὶ,
3097 3062 3188 3115 καὶ
3238 3060 3541 3133 λημμάτων

289 3145 531 3216 σιίσχρῶν
560 3147 881 3220 ἡττώμενοι.

366 3258 526 3317 Vens.
562 3263 619 3319 5.
655 3262 1043 3320 Testamentum
1072 3281 1242 3322 meum
1283 3266 1386 3336 {uit
1420 3283 1537 3325 cum
1564 3283 1622 3322 eo
1657 3268 1769 3321 vim
1807 3277 1853 3321 et
1883 3254 1924 3315 C

289 3352 458 3418 pacis.

364 3462 549 3524 XVlll.
592 3466 859 3540 Loquitur
891 3470 959 3527 de
1005 3471 1071 3527 iis
1105 3474 1194 3541 qui
1228 3484 1413 3529 sancte
1447 3484 1500 3530 et
1532 3489 1657 3529 cum
1707 3474 1865 3529 laude

291 3562 650 3617 sacerdotium
702 3573 885 3628 erunt,
920 3564 1160 3635 illudque
1201 3582 1312 3622 rem
1368 3583 1489 3624 esse
1525 3583 1652 3622 vere
1692 3570 1863 3623 admi-

292 3652 512 3705 rabilem
541 3655 794 3718 ostendit,
826 3657 969 3724 quod
1010 3658 1225 3726 quidem
1256 3659 1325 3711 ad
1354 3658 1552 3729 legem,
1589 3670 1643 3714 et
1680 3661 1746 3714 ad
1780 3663 1861 3713 di-

287 3742 535 3803 vinarum
571 3743 972 3811 Scripturarum
1016 3745 1244 3801 fructum
1288 3749 1859 3816 confirmationemque

289 3831 543 3899 pertinet.
571 3832 728 3900 Nam,
748 3835 1083 3903 utsapienler
1098 3837 1285 3891 scribit
1305 3839 1499 3895 Paulus
1528 3861 1539 3896 :
1566 3860 1585 3893 ι
1608 3841 1714 3896 Lex
1733 3860 1857 3897 sau-

286 3932 395 3988 κιο,
422 3933 475 3977 et
495 3927 800 3980 mandatum
824 3935 1071 3980 sanctum
1093 3967 1107 3990 ,
1129 3937 1183 3980 et
1204 3928 1430 3997 justum,
1453 3941 1505 3986 et
1528 3934 1726 3987 bonum
1745 3936 1813 3984 θ’.
1835 3955 1852 3986 ι

286 4014 512 4079 Quando
534 4017 697 4086 igitur
726 4017 897 4071 visum
917 4027 996 4071 est
1017 4018 1083 4074 de
1100 4018 1226 4074 Levi
1244 4022 1408 4077 verba
1442 4022 1645 4089 facere,
1665 4041 1857 4080 sensus

284 4111 684 4175 percommode,
718 4110 875 4181 plane
907 4127 1011 4166 non
1045 4115 1108 4167 ad
1140 4114 1288 4169 illum
1321 4115 1409 4184 qui
1445 4130 1510 4169 ex
1530 4114 1694 4171 .Iacob
1727 4132 1856 4184 pro-

285 4200 521 4265 genitus.
558 4210 611 4255 et
643 4202 783 4257 inter
813 4203 1094 4259 duodecim
1134 4205 1273 4260 lilios
1298 4206 1414 4276 ejus
1438 4209 1852 4273 numerabatur,

283 4291 599 4348 referendus
641 4296 875 4366 est,jam
911 4297 1054 4351 enim
1086 4300 1174 4367 qui
1208 4301 1512 4356 sacerdotio
1564 4300 1854 4371 fungantur

281 4385 348 4439 de
377 4384 578 4441 familia
615 4385 739 4442 Levi
784 4390 913 4443 nulli
951 4400 1079 4445 sunt
1123 4393 1385 4459 omnino;
1448 4394 1851 4465 intelligendum

279 4487 459 4531 autent
505 4479 890 4544 sacerdotium,
924 4493 979 4536 et
1040 4482 1140 4537 hoc
1186 4484 1359 4552 ipsum
1407 4487 1546 4553 quod
1580 4497 1663 4541 est
1698 4502 1849 4541 sacra

2041 3262 2108 3315 Ἡ
2136 3259 2389 3328 διαθήκη
2439 3280 2558 3331 μου
2605 3259 2683 3335 ἦν
2706 3266 2833 3333 μετ’
2876 3265 3060 3319 αὐτοῦ
3096 3267 3203 3334 τῆς
3258 3268 3406 3337 ζωῆς
3440 3272 3535 3324 καὶ

1965 3352 2074 3421 τῆς
2102 3353 2367 3421 slptime-

2038 3466 2144 3519 lH'.
2195 3466 2539 3536 ’Λνακομίζει
2571 3468 2665 3522 τὸν
2688 3467 2843 3537 λόγον
2870 3470 2960 3521 ἐπὶ
2985 3472 3109 3535 τοὺς
3143 3472 3331 3539 ἁγίους
3351 3490 3407 3525 τε
3436 3476 3531 3527 καὶ

1964 3558 2265 3629 εὐδοκίμως
2330 3559 2767 3630 ίερατεύσαντας,
2804 3560 2895 3619 καὶ
2950 3559 3277 3630 άξιάγαστον
3320 3563 3534 3634 άληθῶς

1962 3649 2462 3719 ἁποεραίνειχρῆμα
2506 3649 2604 3718 τὴν
2651 3650 2980 3719 ἱερουργίαν,
3044 3652 3102 3705 τό
3152 3669 3213 3721 γε
3267 3646 3399 3724 ἦκον
3454 3656 3533 3718 είς

1962 3741 2123 3808 νόμον
2148 3741 2240 3793 καὶ
2269 3741 2366 3810 τὴν
2398 3743 2462 3792 ὲκ
2488 3740 2595 3793 τῶν
2624 3740 2782 3793 θείων
2812 3743 3304 3814 χρησμῳδημάτων
3343 3745 3529 3815 δνησιν

1961 3831 2055 3882 καὶ
2088 3831 2404 3898 ἀσφάλειαν.
2467 3832 2556 3895 Ὠς
2582 3831 2691 3902 γάρ
2719 3834 2746 3885 δ
2796 3833 3104 3900 σοφώτατος
3146 3836 3344 3907 γράφει
3384 3837 3532 3890 Παῦ-

1958 3919 2067 3981 λος·
2102 3939 2119 3970 ι
2169 3921 2226 3973 '0
2253 3921 2416 3991 νόμος
2464 3922 2637 3990 ἅγιος,
2697 3924 2788 3977 καὶ
2823 3926 2853 3999 ἡ
2884 3925 3077 3997 ἐντολὴ
3127 3927 3279 3993 ἁγία,
3309 3928 3403 3981 καὶ
3451 3929 3531 3981 δι-

1959 4010 2104 4076 καία,
2141 4014 2235 4063 καὶ
2292 4012 2493 4082 ἀγαθή.
2551 4032 2568 4063 ι
2621 4014 2789 4069 Ὅταν
2841 4014 3018 4069 τοίνυν
3078 4016 3224 4069 δοκεῖ
3278 4019 3530 4088 περὶτοῦ

1956 4103 2085 4154 Λευὶ
2114 4102 2378 4155 ποιεῖσθαι.
2407 4104 2534 4167 τοὺς
2571 4105 2783 4174 λόγους,
2833 4107 3116 4162 ἀναθετέον
3160 4106 3219 4163 εῦ
3248 4111 3390 4179 μάλα
3421 4112 3529 4164 τῶν

1956 4193 2241 4263 νοημάτων
2300 4195 2398 4264 τὴν
2449 4196 2710 4267 δύναμιν,
2769 4199 2888 4269 οὐχὶ
2936 4200 2998 4271 δή
3041 4218 3142 4255 που
3198 4203 3413 4265 πάντως
3444 4206 3531 4259 ἐπ’

1956 4286 2160 4337 ἐκεῖνον
2190 4285 2246 4349 ὃς
2280 4287 2446 4355 άνέιρυ
2478 4288 2575 4358 μὲν
2606 4289 2663 4353 ἐξ
2709 4290 2919 4355 Ἰακὼϐ,
2955 4294 3267 4365 ἐναρίθμιος
3312 4298 3367 4350 δὲ
3417 4302 3529 4361 τοῖς

1953 4374 2271 4429 δυοκαίδεκα
2293 4378 2513 4447 γέγονεν
2544 4381 2699 4442 υἱοῖς*
2732 4382 2790 4434 οὐ
2838 4384 2946 4454 γάρ
2980 4385 3347 4454 ἱερατεύουσιν
3371 4389 3524 4455 ὅλως·

1957 4468 2085 4537 συνή
2097 4485 2256 4537 σομεν
2286 4470 2341 4523 δὲ
2364 4473 2461 4541 τῆς
2484 4471 2780 4542 ἱερωσύνης
2805 4473 2865 4525 τὸ
2887 4475 3092 4545 χρῆμα,
3113 4479 3203 4530 καὶ
3227 4480 3356 4532 αὐτὸ
3372 4481 3527 4538 τοῦτο

281 4569 460 4623 facere
514 4570 565 4624 in
622 4585 848 4641 persona
912 4574 1034 4628 Levi
1088 4576 1486 4644 quodammodo
1536 4577 1845 4647 ﬁguratum.

1965 4558 2253 4628 Ξπερέστὶν
2279 4562 2557 4632 ἱερουργία
2594 4566 2868 4635 μονονουχὶ
2919 4567 3012 4619 καὶ
3061 4567 3526 4639 διαμορφούμενον

282 4678 301 4707 ι
339 4658 457 4712 Fuit
488 4661 668 4729 igitur,
698 4663 897 4733 inquit,
928 4666 992 4720 ad
1028 4667 1200 4734 ipsum
1241 4677 1617 4722 testamentum
1670 4686 1844 4724 meum

281 4749 401 4803 vitae
450 4760 505 4803 et
540 4754 707 4818 pacis.
755 4774 774 4806 ι
814 4753 1098 4823 Proposita
1154 4768 1237 4813 est
1283 4759 1425 4812 enim
1476 4761 1654 4814 verbis
1712 4761 1843 4817 Mosi

276 4841 617 4895 sanctissimo
646 4843 729 4898 lex
753 4847 956 4914 scripta
994 4849 1240 4902 ordinata
1269 4865 1366 4918 per
1407 4853 1625 4921 angelos
1649 4853 1715 4917 ’³,
1751 4869 1847 4923 per

274 4931 456 4986 Mosen
496 4943 676 4986 autem
704 4936 875 5002 posita
913 4935 1189 5002 lsraelitis,
1237 4942 1425 5005 vitam,
1463 4954 1516 4996 et
1555 4959 1740 5012 pacein
1781 4948 1846 5000 iis

273 5023 365 5090 qui
399 5024 714 5080 innocenter
746 5026 929 5083 vivere
957 5037 1011 5082 et
1039 5028 1363 5100 legislatoris
1395 5033 1728 5092 voluntatem
1749 5054 1843 5108 pro

277 5114 454 5183 regula
488 5115 591 5177 sibi
616 5132 915 5188 proponere
945 5119 1164 5186 vellent,
1204 5126 1550 5187 annuntians.

398 5452 433 5475 "'
466 5449 477 5497 l
511 5446 637 5518 lit‘g.
670 5465 729 5518 lt,
762 5449 854 5516 '50.

342 5627 416 5709 (ί)
442 5627 599 5709 Hunc
623 5631 796 5709 locum
821 5633 1053 5709 fortasse
1085 5638 1155 5709 ita
1180 5640 1373 5697 rectius
1403 5641 1545 5709 Ιιιᾳςιε
1570 5660 1581 5695 :
1608 5642 1826 5698 Κεκλει-

273 5700 471 5779 σμένας
518 5701 599 5772 ἐφ’
627 5701 759 5779 ὑμῖν
794 5705 887 5767 τὰς
917 5704 1105 5788 ϐάρεις,
1136 5708 1279 5778 ὑμᾶς
1322 5710 1374 5763 δὲ
1413 5700 1825 5783 ὲέκλειομὲνους

1954 4649 2028 4712 ὡς
2062 4653 2116 4705 ὲν
2149 4654 2421 4724 προσώπῳ
2450 4656 2600 4709 Λευί.
2642 4675 2659 4708 ι
2688 4653 2793 4711 Ἦν
2828 4660 3023 4724 τοίνυν,
3079 4663 3231 4731 φησι,
3266 4664 3400 4733 πρὶς
3432 4667 3527 4717 a0-

1952 4741 2043 4793 τδν
2074 4744 2104 4813 ἡ
2130 4743 2365 4805 διάθεσίς
2402 4763 2501 4815 μου
2533 4746 2632 4817 τῆς
2662 4747 2807 4820 ζωῆς
2826 4750 2919 4804 καὶ
2945 4752 3042 4821 τῆς
3072 4754 3310 4824 εἰρήνης.
3354 4773 3371 4805 ι
3423 4758 3524 4810 Λε-

1951 4831 2179 4903 λάληται
2216 4836 2314 4905 μὲν
2342 4837 2447 4909 γὰρ
2474 4837 2547 4902 ὡς
2575 4839 2709 4910 πρὸς
2744 4842 2945 4897 Μωσέο.
2979 4844 3069 4897 τὸν
3102 4845 3388 4914 ἱερώτατον
3421 4848 3524 4900 ὀὲν

1950 4922 2236 4992 γράμμασι
2268 4926 2448 4996 νόμος,
2483 4927 2820 5000 διακονηθεὶς
2876 4931 2941 4983 δι’
2974 4932 3237 5000 ἀγγέλων,
3289 4935 3520 4990 τέθειται

1949 5011 2003 5063 δὲ
2037 5012 2125 5065 διὰ
2153 5015 2376 5086 μεσίτην
2406 5019 2608 5072 Μωσέα
2639 5022 2748 5084 τοῖς
2791 5020 2849 5085 ἐξ
2872 5022 3099 5091 αἵματος
3140 5025 3374 5096 Ἰσραὴλ,
3416 5044 3519 5082 πα-

1954 5104 2244 5171 ραγγελίαν
2304 5105 2441 5176 ἔχων
2497 5106 2641 5178 ζωῆς
2694 5111 2786 5164 καὶ
2843 5113 3064 5186 είρήνης
3118 5117 3232 5179 τοῖς
3278 5117 3518 5171 ἐθέλουσι

1949 5195 2097 5279 βιοῦν
2129 5196 2302 5266 ὀρθῶς
2337 5200 2427 5252 καὶ
2454 5202 2649 5255 κανόνα
2692 5204 2960 5259 ποιεῖσθαι
3011 5208 3108 5277 τῆς
3146 5206 3350 5261 ἑαυτῶν
3376 5207 3517 5280 ζωῆς

1943 5286 2004 5340 τὸ
2033 5288 2108 5358 τῷ
2138 5288 2399 5363 νομοθέτῃ
2425 5292 2634 5349 δοκοῦν.

959 5449 1004 5483 ⁹¹
1040 5450 1195 5508 Rom.
1219 5469 1312 5521 vti,
1349 5452 1434 5508 1‘2.
1510 5456 1555 5487 ”
1580 5456 1751 5512 Galal.
1783 5473 1862 5524 ιιι,
1897 5460 1979 5515 l9.

1934 5646 2588 5770 ὖῗύῗῗῗυὶκπεμπομὲνους
2616 5652 2710 5730 τῆς
2741 5654 3068 5728 ἱερουργίας
3096 5670 3146 5715 et
3169 5661 3235 5715 ita
3266 5677 3361 5717 nos
3392 5662 3509 5727 red‘
