4042 6196
343 275 442 335 εει

1367 261 1426 315 S.
1463 256 1738 316 CYIILLI
1775 253 2248 314 ALEXANDRIM
2288 248 2611 308 ABGHIEP.

3507 239 3541 294 ὅ
3555 239 3614 293 1-2

345 403 430 449 est
456 408 471 446 :
508 409 528 443 ι
557 387 732 443 Nolite
759 391 970 455 putare,
993 381 1192 451 inquit,
1211 378 1338 449 quia
1363 379 1484 432 vesti
1513 379 1727 433 scivere
1750 377 1922 446 legem

2034 335 2559 454 κεχρησμῳδημένος
2583 419 2596 442 ,
2628 373 2913 431 ἀναπείσει
2941 369 3115 438 λέγων
3143 369 3171 422 ὁ
3202 366 3428 436 Σωτήρ·
3470 381 3489 416 t
3519 360 3611 434 Μὴ

348 493 439 540 aut
463 483 750 550 prOpbetas
781 496 798 531 :
827 491 932 530 non
955 474 1074 528 veni
1105 472 1334 534 solvere,
1361 471 1457 525 sed
1489 470 1734 538 implere.
1758 468 1929 524 Arnen

347 575 470 628 dico
491 571 667 634 vobis,
689 569 857 622 donec
883 553 1122 619 transeat
1146 562 1344 615 caelum
1367 571 1424 618 et
1445 571 1610 626 terra,
1632 560 1738 614 iota
1765 575 1928 613 unum

347 673 442 718 aut
473 677 610 716 unus
643 675 774 730 apex
815 673 918 713 non
950 653 1249 726 praeteribit
1287 667 1316 706 ιι
1356 653 1504 721 lege,
1538 653 1713 708 donec
1745 651 1928 707 omia

348 754 482 807 flant
501 752 542 807 '.
577 771 599 804 ι

419 928 486 983 1η
538 942 662 996 paco
715 925 949 993 dirigens
1006 919 1292 976 ambulavit
1349 932 1582 981 mecum,
1631 928 1678 970 et
1736 919 1928 974 multos

350 1020 530 1076 avertit
563 1019 627 1071 ab
658 1017 951 1079 iniquitate.

420 1109 560 1185 XXI.
612 1109 806 1162 Pacem
861 1106 1069 1174 agitare
1129 1118 1252 1158 cum
1307 1100 1418 1155 Deo
1468 1101 1729 1168 quidnam
1783 1101 1927 1156 aliud

351 1202 572 1271 intelligi
607 1200 775 1270 possit
805 1214 834 1252 a
867 1197 1022 1252 nobis
1051 1205 1105 1251 et
1132 1197 1200 1250 ab
1232 1191 1382 1259 aliis,
1410 1192 1456 1246 si
1487 1193 1578 1262 qni
1607 1191 1776 1262 838
1801 1201 1927 1247 sunt

351 1297 651 1352 divinarum
701 1292 1099 1363 Scripturarum
1146 1288 1535 1358 intelligenles,
1575 1301 1740 1355 quam
1789 1284 1923 1340 velle

351 1387 592 1456 cogitare
621 1394 675 1438 et
702 1383 878 1437 facere
902 1395 1022 1450 quae
1049 1380 1139 1436 ille
1166 1379 1295 1444 vult,
1319 1388 1374 1433 et
1402 1379 1542 1432 nulla
1574 1378 1627 1432 in
1659 1391 1718 1431 re
1748 1377 1922 1446 ipsum

351 1478 626 1533 offendere
651 1495 663 1530 :
697 1474 789 1531 sed
816 1472 1144 1529 contendere
1171 1472 1349 1541 putiuo
1378 1485 1557 1524 mores
1579 1467 1929 1523 commenda-

354 1573 502 1626 tione
560 1579 614 1623 et
666 1569 839 1636 gloria
894 1566 1084 1636 dignos
1139 1564 1352 1628 colere,
1408 1563 1685 1631 vitamque
1735 1558 1931 1626 degere

352 1662 752 1733 suspiciendam
819 1667 874 1713 et
935 1672 1056 1712 cmn
1125 1654 1332 1724 legibus
1393 1651 1634 1706 omnium
1698 1649 1931 1703 maxime

2032 474 2292 544 νομίσητε
2315 474 2395 526 ὅτι
2418 469 2581 542 ἦλθον
2609 464 2911 520 καταλῦσαι
2946 463 3035 515 τὸν
3057 461 3220 530 νόμον
3253 459 3286 530 ἢ
3321 458 3450 520 τοὺς
3477 472 3610 524 προ-

2031 567 2237 636 φήτας⁹
2271 566 2372 618 οὐκ
2397 560 2560 635 ἦλθον
2592 557 2914 618 καταλῦσαι,
2945 554 3079 608 ἀλλὰ
3110 550 3414 621 πληρῶσαι.
3438 547 3610 617 Ἀμὴν

2031 656 2140 728 γὰρ
2169 655 2312 724 λέγω
2341 656 2488 724 ὑμῖν,
2510 654 2613 715 ἓως
2641 651 2707 704 ἂν
2741 646 2988 720 παρέλθῃ
3013 649 3041 698 ὁ
3078 642 3306 714 οὐρανὸς
3335 639 3428 693 καὶ
3455 641 3488 709 ἡ
3513 639 3604 707 γῆ,

2034 749 2166 800 ίῶτα
2197 746 2255 800 ἓν
2284 747 2317 816 ἦ
2347 746 2442 817 μία
2473 743 2665 816 κεραία
2697 741 2756 794 οὐ
2791 739 2864 810 μὴ
2898 735 3142 808 παρέλθῃ
3167 732 3274 788 ἀπὸ
3297 729 3390 784 τοῦ
3419 730 3606 799 νόμου,

2029 838 2134 903 ἕως
2171 840 2238 892 ἂν
2278 840 2452 891 πάντα
2485 836 2733 906 γένηται.
2981 893 2988 898 ,

2114 931 2212 983 Ἐν
2253 929 2461 997 ειρήγῃ
2509 924 2894 980 κατευθύνων
2932 918 3226 988 ἐπορεύθη
3262 915 3389 984 μετ’
3439 909 3607 976 ἐμοῦ,

2030 1021 2132 1076 καὶ
2163 1018 2436 1084 πολλοὺς
2469 1015 2854 1083 ἀπέστρεψεν
2888 1010 3008 1067 ἀπὸ
3034 1007 3291 1071 ἀδικίας.

2102 1112 2232 1166 KA'.
2263 1111 2338 1165 Τὸ
2363 1107 2661 1180 εἰρηνεύειν
2692 1106 2832 1176 πρὸς
2853 1104 2986 1156 Θεὸν
3016 1102 3069 1154 τί
3109 1100 3175 1153 ἂν
3207 1100 3398 1167 ἕτερον
3441 1097 3611 1148 νοοῖτο

2035 1202 2171 1274 πρός
2201 1219 2258 1254 τε
2297 1200 2454 1271 ἡμῶν
2482 1197 2659 1252 αὐτῶν
2703 1197 2795 1250 καὶ
2832 1193 3056 1265 ἐτέρων,
3093 1191 3250 1260 οἷπερ
3279 1187 3343 1242 ἂν
3369 1182 3477 1240 εἷεν
3503 1185 3610 1237 τῶν

2031 1294 2190 1346 θείων
2216 1291 2426 1359 Λογίων
2453 1291 2834 1359 ἐπιστήμονες,
2871 1286 2904 1357 ἢ
2933 1284 2992 1338 τὸ
3015 1285 3229 1354 φρονεῖν
3261 1280 3478 1334 ἑλέσθαι
3517 1275 3608 1330 καὶ

2031 1385 2162 1456 δρᾷν
2209 1384 2244 1439 ἃ
2295 1383 2564 1454 βούλεται,
2611 1380 2704 1432 καὶ
2754 1377 2896 1432 κατὰ
2947 1376 3154 1446 μηδένα
3200 1373 3398 1443 τρόπον
3442 1384 3608 1440 προσ-

2030 1476 2249 1548 κρούειν
2280 1473 2448 1544 αύτῷ,
2494 1470 2794 1542 κατορθοῦν
2824 1469 2880 1522 δὲ
2917 1467 3116 1538 μᾶλλον
3165 1461 3480 1532 ἐπείγεσθαι
3510 1460 3608 1530 τὴν

2031 1569 2231 1622 εὐκλεᾶ
2249 1564 2539 1626 πολιτείαν,
2563 1564 2656 1617 καὶ
2672 1561 3003 1628 ἁξιάγαστόν
3023 1575 3082 1610 τε
3105 1558 3200 1610 καὶ
3227 1553 3606 1624 ἐννομωτάτην

2033 1659 2212 1728 ζωήνς
2245 1656 2403 1710 Οὕτω
2424 1656 2516 1709 καὶ
2542 1655 2570 1706 ὁ
2600 1653 2740 1716 θεῖος
2761 1654 2892 1722 ἡμῖν
2920 1646 3352 1720 προσπεφώνηκε
3381 1643 3604 1704 Παῦλος·

354 1751 812 1810 consentientem?
848 1750 922 1804 Ita
952 1761 1169 1818 quoque
1213 1759 1314 1800 nos
1347 1743 1641 1813 alloquitur
1672 1741 1870 1796 Paulus
1911 1758 1925 1796 :

2037 1770 2056 1803 ι
2081 1748 2471 1812 Δικαιωθέντες
2494 1743 2586 1801 οὖν
2616 1748 2680 1800 ἐκ
2703 1745 2960 1806 πίστεως,
2977 1742 3201 1812 εἰρήνην
3229 1739 3443 1808 ἔχωμεν
3473 1733 3610 1806 πρὸς

361 1869 379 1897 ‹
434 1844 726 1900 .lustiilcati
784 1856 916 1913 ergo
967 1855 1033 1895 ex
1093 1838 1234 1904 llde,
1283 1849 1468 1906 pacem
1523 1835 1818 1889 habeamus
1865 1832 1929 1886 ad

356 1939 522 1993 Deum
549 1937 592 1995 ⁸.
644 1953 662 1987 ι
715 1935 808 1988 Sic
853 1946 985 1987 sane
1028 1945 1150 1986 eum
1199 1929 1290 1997 qui
1341 1936 1424 1983 est
1466 1936 1656 1981 natura
1705 1936 1760 1981 et
1805 1938 1932 1978 vere

360 2029 616 2084 Dominus
672 2025 914 2095 agnitum
969 2024 1322 2078 bonoramust
1375 2021 1527 2086 Quod
1575 2019 1619 2072 si
1669 2026 1932 2072 creatura

357 2134 570 2187 quoque
621 2119 832 2172 divinos
881 2116 1114 2170 honores
1167 2113 1558 2182 impendimus,
1608 2111 1820 2179 impuro
1878 2117 1933 2163 et

354 2208 652 2262 detestabili
679 2215 902 2274 peccato
930 2203 1347 2274 cogitationibus
1369 2203 1570 2257 nostris
1594 2202 1928 2262 dominante,

357 2300 589 2355 Domino
624 2296 966 2360 resistimus,
995 2304 1051 2349 et
1084 2295 1229 2348 velut
1258 2294 1428 2348 aciem
1465 2292 1723 2347 adversus
1757 2292 1930 2359 ipsum

356 2391 423 2445 ad
451 2405 684 2461 pugnam
715 2388 1058 2451 instruimus,
1083 2386 1274 2440 duram
1310 2385 1577 2439 cervicem
1611 2393 1800 2438 contra
1828 2395 1926 2436 ex-

357 2483 659 2544 tendentes,
673 2487 727 2534 et
745 2479 1099 2549 pertinaciam
1119 2477 1574 2546 rebellionemque
1592 2482 1928 2530 exercentes.

357 2576 499 2630 Idem
546 2575 833 2629 confirmat
873 2570 1172 2626 Salvatoris
1213 2568 1508 2639 discipulus
1557 2567 1643 2622 bis
1683 2565 1863 2620 verbis
1912 2580 1928 2618 :

360 2689 379 2720 ι
421 2665 656 2722 Nescitis
695 2666 821 2734 quia
867 2663 1106 2719 amicitia
1155 2662 1312 2733 hujus
1355 2661 1542 2717 mundi
1586 2660 1799 2714 inimica
1847 2665 1933 2711 est

357 2761 501 2816 Deo?
524 2759 591 2814 Et
615 2757 706 2829 qui
736 2757 851 2811 vult
871 2755 1081 2811 amicus
1109 2768 1232 2810 esse
1259 2753 1419 2824 bujns
1449 2751 1653 2817 seaculi,
1682 2749 1933 2805 inimicus

359 2848 451 2904 Dei
484 2847 887 2903 constituitur’.
923 2867 943 2899 ρ
975 2843 1130 2912 Quod
1159 2844 1204 2900 si
1231 2845 1298 2898 ad
1333 2845 1708 2899 universorum
1750 2839 1934 2896 Domi-

359 2954 485 3000 num
511 2952 604 3008 per
634 2937 790 2991 fidem
817 2945 871 2990 el
897 2935 1103 3006 peccati
1135 2934 1454 3004 eiectionem
1487 2951 1584 2990 nos
1610 2933 1936 2990 converteri-

360 3043 497 3089 mus,
526 3025 656 3079 nibil
689 3041 746 3078 se
767 3023 1005 3091 objiciet,
1030 3038 1134 3077 nec
1153 3023 1448 3092 quidquam
1480 3038 1577 3077 nos
1601 3025 1716 3090 ejus
1747 3021 1934 3075 amici-

2032 1843 2186 1897 Θεόν·
2217 1841 2360 1895 οὕτω
2421 1842 2519 1913 μέν
2571 1839 2667 1894 τὸν
2709 1837 2867 1907 φύσει
2923 1837 3015 1889 καὶ
3067 1833 3284 1902 ἀληθῶς
3333 1831 3610 1899 Δεσπότην

2031 1935 2232 1998 εἰδότες
2265 1933 2534 2002 τιμῶμεν.
2574 1932 2934 1991 Ἀνάπτοντες
2981 1927 3037 1980 δὲ
3086 1927 3177 1979 καὶ
3214 1927 3280 1994 τῇ
3328 1921 3503 1976 κτίσει
3553 1919 3612 1973 τὸ

2035 2025 2219 2088 σέϐας,
2266 2025 2357 2076 καὶ
2406 2021 2854 2090 κατακρατούσης
2899 2018 3004 2070 τῶν
3057 2015 3342 2087 ἡμετέρων
3393 2011 3611 2066 ἐννοιῶν

2031 2118 2136 2186 τῆς
2162 2115 2389 2186 βεϐήλου
2411 2131 2470 2166 τε
2490 2115 2582 2168 καὶ
2601 2112 2862 2183 βδελυρᾶς
2881 2111 2994 2180 ἅμα
3005 2109 3176 2181 ρτίας,
3196 2105 3611 2176 ἀνθεστήκαμεν

2033 2207 2110 2277 τῷ
2156 2208 2401 2278 Δεσπότῃ
2427 2246 2442 2269 ,
2477 2206 2572 2258 καὶ
2611 2198 2723 2258 οἷον
2775 2199 3218 2271 ἀντανιστάμεθα
3262 2201 3400 2270 πρδς
3434 2198 3612 2268 μάχην

2033 2299 2178 2367 αὐτῷ
2199 2337 2213 2361 ,
2245 2297 2476 2367 σκληρὸν
2505 2291 2752 2368 αἴροντες
2778 2294 2866 2348 τὸν
2896 2293 3099 2364 αὐχένα
3118 2334 3133 2357 ,
3174 2293 3268 2346 καὶ
3299 2291 3359 2344 τὸ
3389 2289 3609 2351 ἀπειθὲς

2032 2392 2128 2443 καὶ
2153 2391 2401 2460 δυσήνιον
2433 2387 2762 2459 μελετῶντες
2787 2386 2888 2440 ἐτι.
2922 2387 3032 2438 Καὶ
3063 2383 3395 2441 πιστώσεται
3435 2381 3608 2444 λέγων

2032 2481 2126 2534 τοῦ
2168 2480 2421 2552 Σωτῆρος
2467 2480 2495 2532 ὁ
2543 2479 2788 2549 μαθητής
2809 2495 2822 2509 ο
2855 2497 2873 2528 ι
2908 2477 3020 2530 Οὐκ
3056 2475 3232 2529 οἴδατε
3267 2477 3347 2527 ὅτι
3379 2475 3410 2542 ἡ
3452 2471 3601 2541 φιλία

2033 2572 2126 2626 τοῦ
2160 2569 2368 2643 κόψον
2398 2570 2568 2642 ἐχθρὰ
2609 2569 2706 2624 τοῦ
2737 2568 2872 2625 Θεοῦ
2907 2570 3088 2634 ἐστιν;
3124 2565 3219 2619 καὶ
3260 2563 3452 2631 δς,ἐὰν
3496 2562 3609 2630 βου-

2031 2662 2176 2735 ληθῇ
2201 2657 2356 2734 ψίλα
2393 2658 2532 2716 εἶναι
2577 2660 2671 2715 τοῦ
2707 2660 2934 2731 κόσμου,
2978 2657 3168 2730 ἐχθρὸς
3200 2656 3292 2709 τοῦ
3321 2654 3456 2708 Θεοῦ
3483 2652 3613 2706 καθ-

2037 2751 2270 2810 ίσταται.
2317 2773 2336 2808 ι
2387 2752 2846 2822 Ἐπιστρέψαντες
2889 2750 2945 2803 δὲ
2993 2749 3129 2821 πρὸς
3176 2747 3267 2800 τὸν
3312 2745 3421 2799 τῶν
3474 2745 3609 2798 ὅλων

2031 2842 2166 2899 Θεδν
2195 2840 2283 2898 διὰ
2305 2845 2402 2915 τῆς
2422 2845 2675 2907 πίστεως,
2695 2842 2786 2896 καὶ
2815 2842 2912 2912 τῆς
2941 2839 3214 2911 ἁμαρτίας
3240 2837 3609 2911 ἀνῃρημένης,

2033 2937 2096 2988 τὸ
2127 2936 2458 3006 μεσολαϐοῦν
2489 2935 2663 2999 οὐδὲν,
2692 2933 2800 2986 οὐδ’
2829 2933 2895 2985 ἂν
2933 2930 3211 3002 ἀπείρξειέ
3243 2947 3327 2993 τις
3357 2929 3453 2998 τῆς
3479 2927 3611 2998 πρὸς

2035 3027 2199 3080 αὐτὸν
2252 3027 2625 3096 οἰκειότητος⁸
2683 3025 3004 3096 κολλώμεθα
3049 3023 3241 3094 ὥσπερ
3306 3022 3455 3092 αὐτῷ
3526 3021 3610 3074 διὰ

359 3116 431 3169 tia
466 3112 802 3184 prohibebit,
829 3113 925 3166 cui.
951 3112 1411 3183 agglutinabimur
1439 3110 1842 3181 quodammodo
1879 3110 1930 3164 in

2038 3122 2220 3190 πάσης
2266 3121 2598 3183 ἐπιεικείας,
2637 3118 2969 3190 βαδιούμεθά
3003 3134 3062 3171 τε
3099 3118 3165 3171 δι’
3205 3115 3422 3178 εὐθείας
3467 3113 3609 3176 ὁδοῦ,

357 3206 506 3260 omni
551 3221 748 3275 genere
788 3205 1075 3269 bonitatis,
1105 3212 1162 3257 et
1199 3213 1344 3258 recta
1387 3205 1470 3257 via
1516 3204 1844 3274 gradiemur,
1879 3207 1931 3254 et

2034 3213 2128 3264 καὶ
2152 3213 2248 3282 τὴν
2277 3212 2449 3282 καλὴν
2478 3211 2695 3280 ἀληθῶς
2724 3209 3111 3282 πορευσόμεθα
3132 3207 3339 3278 τρίϐον,
3377 3205 3613 3259 ἀπευθύ-

357 3311 456 3367 per
493 3296 792 3366 speciosam
832 3294 1082 3350 semitam
1125 3293 1550 3358 ambulabimus,
1582 3308 1680 3347 nos
1709 3293 1852 3361 ipsos
1883 3300 1931 3345 et

2034 3321 2214 3367 νοντες
2237 3307 2316 3367 είς
2339 3305 2538 3374 ἑαυτὴν
2571 3304 2797 3367 ἑαυτοὺς
2836 3305 2928 3356 καὶ
2952 3303 3191 3373 ἐτέρους.
3217 3299 3425 3370 Πρέποι
3467 3299 3514 3351 δ’
3550 3297 3612 3350 ἂν

363 3390 498 3449 alios
548 3390 614 3444 ad
661 3403 780 3442 eam
821 3387 1135 3458 dirigentes.
1170 3385 1228 3440 In
1271 3387 1356 3442 bis
1391 3395 1568 3441 autem
1609 3385 1936 3441 contendere

362 3480 612 3552 occupari
640 3495 750 3550 prae
775 3478 895 3534 aliis
921 3484 1142 3532 sanctos
1167 3477 1479 3533 sacerdotes
1509 3477 1694 3541 decet,
1721 3476 1787 3529 de
1817 3474 1935 3543 qni-

363 3575 461 3628 bus
489 3573 772 3628 verissime
798 3571 900 3626 dici
927 3578 1090 3640 queat
1122 3588 1136 3625 :
1173 3588 1192 3621 ι
1227 3569 1280 3622 In
1315 3582 1446 3637 pace
1475 3570 1712 3636 dirigens
1745 3568 1934 3619 ambu-

364 3666 495 3724 lavit
537 3679 778 3728 mecum,
807 3669 864 3718 et
908 3663 1106 3717 multos
1152 3659 1418 3716 convertit
1463 3661 1530 3713 ab
1571 3657 1870 3728 iniquitate.
1911 3677 1930 3709 ο

359 3753 575 3810 Subditi
636 3755 780 3806 enim
849 3750 1167 3820 plerumque
1231 3749 1643 3820 praepositorum
1714 3763 1934 3803 suorum

360 3849 530 3900 bonos
562 3857 738 3898 mores
772 3857 867 3913 per
901 3843 1088 3897 eadem
1120 3843 1342 3910 vestigia
1380 3850 1683 3908 sequuntur
1713 3859 1728 3895 :
1763 3850 1816 3895 et
1843 3842 1933 3908 qui

362 3937 623 3992 incedunt
658 3934 863 3990 direcla
895 3935 980 3988 via
1018 3934 1232 3989 salvant
1266 3932 1495 3997 multos,
1523 3946 1624 3986 nec
1655 3931 1938 3985 dilliculter

359 4047 424 4085 eo
455 4038 792 4098 permovent,
819 4036 876 4082 ut
901 4027 1006 4082 vita
1038 4025 1312 4096 petulante
1340 4034 1393 4079 et
1417 4023 1736 4079 exsecrabili
1772 4025 1936 4076 mori-

362 4124 568 4190 busque
610 4121 867 4190 improbis
910 4119 1155 4175 nuntium
1203 4118 1573 4181 remittentes,
1615 4114 1836 4169 meliora
1884 4125 1938 4170 et

363 4213 700 4282 suspicienda
750 4227 979 4282 quaeque
1030 4211 1168 4281 apud
1220 4211 1384 4265 Deum
1434 4220 1486 4266 et
1531 4208 1773 4263 homines
1820 4207 1937 4261 laus

362 4304 671 4367 comitetur,
697 4301 1004 4358 consectari
1035 4301 1239 4356 malint.

432 4395 594 4450 Vens.
622 4396 672 4450 7.
701 4395 958 4461 Quoniam
986 4394 1125 4448 labia
1155 4393 1438 4448 sacerdotis
1463 4393 1753 4446 custodiant
1775 4391 1939 4444 scien-

2038 3394 2273 3465 μάλιστσ.
2323 3395 2384 3447 τὸ
2436 3395 2491 3449 ἔν
2539 3411 2600 3462 γε
2649 3395 2859 3458 τούτοις
2899 3391 3036 3447 εἶναι
3072 3394 3254 3464 ζητεῖν
3293 3395 3404 3455 τοῖς
3447 3390 3613 3454 ὁσίοις

2037 3484 2367 3554 ἱερουργοῖς,
2409 3487 2536 3556 περὶ
2567 3479 2640 3538 ὧν
2673 3485 2738 3539 ἂν
2765 3485 2996 3553 λέγοιτο,
3049 3485 3146 3538 καὶ
3179 3483 3321 3554 μάλα
3349 3483 3576 3545 εἰκότως
3597 3497 3609 3513 ·

2040 3596 2058 3628 ι
2097 3576 2185 3630 Ἐν
2231 3578 2420 3648 εἰρήνῃ
2469 3577 2816 3629 κατευθύνων
2844 3576 3116 3648 ἐπορεύθη
3170 3577 3285 3647 μετ’
3326 3573 3483 3646 ἐμοῦ,
3520 3572 3614 3626 καὶ

2035 3667 2266 3731 πολλοὺς
2303 3667 2642 3738 ἐπέστρεψεν
2690 3668 2797 3721 ἀπὸ
2851 3668 3083 3729 ἀδικίας.
3123 3685 3141 3718 ι
3185 3664 3480 3736 Ἰχνηλατεῖ
3507 3663 3612 3734 γάρ

2035 3775 2153 3822 πως
2178 3758 2238 3812 τὸ
2266 3759 2503 3829 ὑπήκοον
2542 3758 2640 3821 τὰς
2673 3758 2782 3810 τῶν
2814 3757 3134 3827 ἡγουμένων
3159 3754 3481 3818 ἐπιεικείας,
3518 3751 3613 3806 καὶ

2034 3848 2192 3919 οἵπερ
2224 3847 2288 3902 ἂν
2319 3847 2564 3919 ἔρχοιντο
2587 3847 2654 3900 δι’
2678 3848 2894 3912 εὐθείας
2923 3845 3068 3910 ὀδοῦ,
3103 3845 3333 3910 σώζουσι
3364 3844 3609 3907 πολλοὺς,

2035 3940 2387 3994 ὰναπείθουσί
2437 3957 2495 3992 τε
2555 3939 2750 4011 ῥᾳδίως
2791 3940 2890 4011 τὴν
2944 3939 3148 4009 ἀσελγῆ
3199 3937 3294 3990 καὶ
3342 3936 3614 4006 ἐπάρατον

2036 4030 2272 4098 ἀφέντας
2313 4029 2456 4100 ζωὴν
2487 4031 2582 4083 καὶ
2609 4033 2738 4094 τοὺς
2766 4031 2864 4100 τῆς
2892 4030 3105 4091 ἀδικίας
3136 4028 3389 4100 τρόπους,
3409 4025 3615 4080 ἀνθελέ-

2039 4119 2161 4173 σθαι
2189 4136 2248 4173 τε
2281 4121 2376 4180 καὶ
2409 4122 2631 4191 ἀγαπᾷν
2659 4119 2726 4173 τὰ
2773 4121 2983 4190 ἀμείνω
3021 4121 3116 4174 καὶ
3161 4119 3483 4186 ἀξιάγαστα,
3514 4115 3611 4170 καὶ

2035 4206 2116 4273 οἷς
2147 4209 2212 4262 ἂν
2239 4209 2423 4262 ἕποιτο
2457 4209 2516 4263 τὸ
2545 4211 2886 4266 ἐπαινεῖσθαι
2929 4210 3040 4265 δεῖν
3083 4209 3236 4282 παρά
3263 4227 3320 4262 τε
3349 4207 3486 4280 Θεῷ,
3520 4210 3615 4262 καὶ

2037 4303 2365 4376 ἀνθρώποις.

2113 4397 2240 4450 Ὀτι
2275 4398 2448 4466 χείλη
2491 4396 2692 4466 ἱερέως
2725 4397 3060 4466 φυλάξεται
3102 4395 3347 4467 γνῶσιν,
3389 4394 3487 4449 καί
3517 4395 3613 4448 νό-

361 4492 522 4551 tium,
550 4498 597 4542 et
641 4487 798 4556 lugent
846 4488 1101 4557 requirent
1144 4501 1209 4541 ea:
1248 4501 1337 4540 ore
1377 4484 1521 4555 ejus,
1547 4484 1673 4553 quia
1722 4481 1931 4552 angelus

2039 4505 2156 4560 μον
2185 4462 2588 4557 saturitate;
2619 4462 2688 4543 ἐκ
2714 4462 3022 4559 στόματος
3043 4462 3251 4552 αύτοῦ,
3276 4462 3421 4541 διότι
3444 4485 3597 4557 ἀγγε-

359 4575 572 4632 Domini
600 4578 959 4647 amnt'pOIentis
986 4585 1080 4630 est.

427 4665 595 4722 XXII;
633 4668 876 4733 Quonam
926 4667 1084 4722 modo
1134 4666 1330 4721 multos
1383 4665 1738 4728 converterit,
1773 4674 1938 4730 atque

360 4753 718 4809 ambulaverit
762 4756 1002 4827 dirigens
1053 4755 1107 4808 in
1159 4767 1291 4821 pace
1337 4768 1456 4807 cum
1505 4751 1645 4819 Deo,
1685 4753 1935 4818 CXpOttil,

360 4846 543 4912 aitque
566 4859 687 4898 eum
716 4855 960 4912 gestasse
986 4845 1037 4898 in
1071 4844 1230 4898 labiis
1259 4844 1372 4898 sive
1403 4843 1454 4896 in
1484 4844 1661 4913 lingua
1694 4843 1934 4898 omnium

362 4936 428 4993 ad
460 4935 594 4989 bene
620 4933 902 4989 vivendum
931 4935 1314 5002 requisitorum
1349 4934 1629 5000 notitiam,
1660 4933 1934 5002 fuisseque

361 5024 722 5081 institutorem
754 5023 1154 5092 insipientium,
1179 5032 1234 5077 et
1259 5024 1577 5095 magistrum
1607 5023 1928 5088 infantium,

361 5125 416 5169 ct
445 5113 752 5170 volentibus
791 5113 923 5184 legis
948 5114 1083 5169 scita
1109 5112 1340 5181 discere,
1373 5128 1560 5169 verum
1593 5121 1649 5169 et
1683 5114 1750 5168 ab
1784 5116 1930 5168 onmi

360 5221 546 5262 errore
584 5207 1006 5262 remotissimum
1046 5217 1465 5278 praeceptorem,
1498 5222 1600 5261 non
1646 5207 1754 5262 alio
1795 5209 1932 5261 divi-

361 5315 554 5355 norum
601 5297 944 5354 oraculorum
997 5313 1215 5354 sensum
1269 5299 1713 5369 detorquentem,
1759 5313 1932 5366 neque

366 5394 642 5445 docentem
680 5409 699 5444 ι
739 5392 1042 5457 doctrinas,
1076 5392 1330 5446 mandata
1368 5391 1644 5445 hominum
1672 5392 1752 5444 '°:
1791 5409 1809 5441 ι
1839 5391 1932 5444 scd

369 5491 626 5549 tanquam
655 5484 904 5553 angelum
937 5483 1025 5540 Dei
1045 5525 1058 5547 ,
1087 5482 1341 5552 subjectis
1373 5482 1471 5536 sibi
1507 5481 1715 5553 populis
1742 5483 1934 5538 obscu-

470 5660 486 5692 ⁷
516 5657 707 5717 Matth.
738 5672 788 5725 v,
823 5659 907 5726 l7,
952 5661 1032 5716 ιδ.

1144 5661 1163 5692 ¹
1190 5660 1344 5716 Rom.
1374 5677 1424 5728 ν,
1453 5659 1496 5714 l.
1607 5663 1627 5691 ’
1653 5660 1767 5716 δάιε.
1793 5676 1862 5726 tv,
1896 5659 1949 5718 ιι.

2038 4583 2149 4644 ,λος
2181 4580 2404 4649 Κυρίου
2437 4580 2925 4650 παντοκράτορός
2953 4581 3104 4633 ἐστι.

2110 4671 2236 4724 KB’.
2293 4671 2427 4724 Τίνα
2480 4672 2544 4742 δὴ
2603 4672 2804 4744 τρόπον
2858 4672 3059 4736 πολλὰς
3111 4672 3207 4742 μὲν
3251 4668 3611 4742 ἀπέστρεψεν,

2039 4763 2522 4832 παραπεπόρευται
2556 4761 2612 4815 δὲ
2658 4762 3002 4816 κατευθύνων
3030 4763 3251 4834 εἰρήνην
3281 4763 3422 4816 κατὰ
3454 4759 3611 4827 Θεοῦ,

2036 4851 2348 4923 διατρανοῖ,
2400 4853 2609 4920 λέγων,
2658 4853 2734 4916 ὡς
2782 4854 3064 4922 πεφόρηκε
3111 4853 3210 4923 μὲν
3251 4855 3309 4906 ἐν
3358 4853 3611 4923 χείλεσιν,

2041 4941 2206 5011 ἤγουν
2231 4943 2322 4993 ἐπὶ
2347 4942 2614 5012 γλώττης,
2636 4943 2837 5007 παντὸς
2859 4944 2952 4997 τοῦ
2985 4945 3122 5014 πρὸς
3153 4943 3294 5014 ζωὴν
3318 4943 3612 5010 ἀναγκαίου

2039 5033 2138 5101 τὴν
2169 5030 2390 5100 γνῶσιν,
2420 5032 2611 5101 γέγονε
2640 5033 2696 5086 δέ
2729 5033 3022 5103 παιδευτὴς
3063 5034 3332 5104 ἀφρόνων,
3363 5032 3616 5086 διδάσκα-

2039 5121 2128 5186 λός
2165 5138 2224 5175 τε
2253 5123 2483 5193 νηπίων,
2531 5124 2625 5178 καὶ
2664 5127 2777 5188 τοῖς
2809 5126 3054 5181 ἐθέλουσι
3103 5125 3407 5197 ἀναμαθεῖν
3442 5123 3504 5178 τὸ
3536 5121 3618 5196 τῷ

2037 5213 2186 5285 νόμῳ
2210 5213 2402 5267 δοκοῦν
2432 5211 2644 5287 ἀληθής
2672 5217 2849 5271 τεκαὶ
2887 5217 3292 5280 ἀπλανέστατος
3320 5215 3612 5288 ἐξηγητὴς,

2037 5307 2134 5379 οὐκ
2181 5307 2415 5376 ἑτέρωσέ
2449 5325 2540 5361 ποι
2585 5309 2943 5382 μετατρὲπων
2973 5310 3080 5364 τῶν
3111 5309 3271 5363 θεῖων
3299 5310 3495 5378 λογίων
3522 5307 3615 5362 τὸν

2039 5397 2181 5460 νοῦν,
2211 5396 2332 5450 οὗτε
2382 5397 2486 5470 μὴν
2530 5398 2799 5453 διδάσκων
2845 5421 2862 5451 ι
2893 5399 3242 5464 διδασκαλίας
3263 5441 3276 5463 ,
3308 5399 3614 5469 ἐντάλματα

2039 5489 2367 5559 ἀνθρώπων·
2405 5509 2423 5542 ι
2462 5491 2600 5557 ἀλλ’,
2629 5489 2741 5546 οἷον
2775 5493 3004 5561 ἄγγελος
3037 5492 3194 5562 Θεοῦ,
3223 5491 3614 5546 διαλευκαίνων

2065 5663 2105 5694 ¹⁰
2134 5663 2234 5720 Ita.
2273 5681 2420 5731 .“tx,
2452 5667 2557 5733 l5;
2603 5666 2705 5720 Mal
2736 5667 2784 5721 It.
2815 5684 2898 5732 xv,
2937 5668 2986 5720 9.
