4042 6196
298 248 411 305 515
794 292 825 304 ..

1157 252 1713 316 COMMENTARIUS
1746 257 1813 313 IN
1853 259 2259 321 MALACH‘IAM
2300 262 2741 326 PROPHETAM.

3450 276 3553 336 εει

294 360 361 420 εὖ
394 363 553 457 μάλα
569 364 682 457 τοῖς
723 363 830 418 ὑπὸ
872 364 1031 437 χεῖρα
1070 365 1220 433 λαοῖς
1252 370 1312 424 τὸ
1350 368 1750 444 ἀμυδρῶςέσθ⁹
1779 377 1867 430 ὒτε
1899 430 1904 440 Α

1975 380 2115 434 riora
2148 380 2414 437 interdum
2446 382 2750 440 divinarum
2780 384 2947 457 839
2981 384 3383 455 Scripturarum
3410 391 3554 446 diiu-

292 454 814 527 χρησμῳδοΰμενον.
873 457 1229 527 ’Δπαγγέλλει
1284 462 1391 532 γὰρ
1445 463 1508 516 οὐ
1561 465 1623 518 τδ
1673 468 1873 521 οικεῖον

296 544 536 618 θέλημα,
561 545 683 601 οὔτε
716 546 822 618 μὴν
844 550 971 612 τοὺς
997 550 1105 603 ἀπὸ
1133 550 1387 618 γνώσεως
1429 554 1563 619 ιδίας
1589 557 1871 627 ἐρεύγεται

292 636 511 705 λόγους,
543 638 808 708 ὑπηρετεί
826 638 883 691 δὲ
914 639 1113 709 μᾶλλον
1133 643 1482 709 Δεσποτικοῖς
1514 645 1867 718 θεσπίσμασι.

291 726 471 795 θείην
508 725 555 778 δ’
580 725 666 788 ἀν,
703 728 785 779 ὅτι
816 727 912 780 καὶ
939 728 1136 798 ἀληθὲς
1159 732 1218 783 ἐν
1249 732 1460 798 τούτοις
1493 732 1553 787 τὸ
1581 736 1868 807 εἰρημένον

292 819 354 871 ἐν
391 817 559 888 βίϐλῳ
602 818 954 887 Παροιμιῶν·
988 837 1009 871 t
1039 819 1322 893 Θησαυρδς
1372 823 1707 896 ὲπιθυμητδς
1741 826 1869 879 ἀνα-

290 911 565 964 παύσεται
610 910 700 963 ἐπὶ
745 910 1010 981 στόματος
1057 914 1249 983 σοφοῦ,
1298 917 1532 986 ἄφρονες
1578 917 1636 971 δὲ
1678 918 1870 992 ἀνδρες

289 1001 651 1056 καταπίονται
700 1002 882 1057 αὐτόν.
918 1021 938 1055 ι
989 1003 1134 1074 Πρὸς
1182 1005 1404 1060 ὲπαίνου
1453 1006 1499 1060 δ’
1546 1007 1612 1060 ἀν
1659 1008 1869 1077 γένοιτο

287 1094 404 1157 τοῖς
441 1092 846 1163 ἀπαγγέλλουσί
874 1110 925 1147 τι
964 1095 1114 1167 παρὰ
1144 1095 1299 1164 Θεοῦ,
1335 1096 1397 1151 τὸ
1428 1097 1593 1169 μηδὲν
1620 1095 1702 1164 οἷς
1728 1101 1867 1171 ἀκη-

288 1183 453 1239 κόασι
487 1184 836 1255 προστιθέναι
866 1185 1047 1239 πλεῖον
1066 1216 1084 1247 ,-
1117 1189 1252 1259 μήτε
1295 1187 1399 1260 μὴν
1431 1187 1718 1260 ὑφαίρεσιν
1745 1208 1865 1245 τινα

287 1274 563 1329 ποιεῖσθαι
582 1274 805 1346 τολμᾷν,
823 1275 980 1329 τοῦτό
1002 1294 1082 1331 τοι
1120 1279 1316 1352 μικροῦ
1340 1282 1621 1345 παντελῶς
1651 1281 1866 1346 άξιοῦνυ

282 1379 379 1427 τις
408 1362 591 1432 λόγου.
643 1363 726 1417 Τά
754 1364 864 1420 τῶν
899 1366 1209 1438 Φαρισαίων
1252 1371 1442 1425 ἀνόσια
1488 1372 1652 1443 στίφη
1694 1372 1862 1446 λήρου

284 1453 371 1519 είς
414 1454 573 1508 τοῦτο
621 1456 955 1511 κατώλισθον
996 1458 1224 1530 ἀμαθῶς
1248 1501 1263 1527 ,
1323 1463 1400 1526 ὡς
1441 1463 1715 1517 διδάσκειν
1765 1464 1863 1534 μὲν

280 1545 652 1610 διδασκαλίας,
682 1548 989 1619 ἐντάλματα
1005 1548 1324 1621 ἀνθρώπιον,
1351 1553 1444 1606 καὶ
1463 1552 1550 1607 διὰ
1582 1553 1639 1607 δέ
1670 1571 1734 1623 γε
1763 1554 1863 1628 τὴν

283 1638 443 1707 σφῶν
466 1639 764 1708 παράδοσιν
788 1640 888 1705 τὰς
908 1641 1068 1707 θείας
1094 1642 1333 1712 ἀκυροῦν
1365 1645 1602 1710 ἐντολάς.
1622 1647 1862 1703 Τοιαῦτα

1972 470 2265 529 cidantem.
2290 472 2407 529 Non
2439 476 2582 531 enim
2618 490 2773 531 suam
2806 476 3139 532 voluntatem
3176 481 3424 544 nuntiat,
3450 496 3553 538 nec

1972 577 2082 615 suae
2113 565 2436 634 cognitionis
2468 582 2532 621 ac
2563 566 2803 622 scientiae
2838 582 3118 622 sermones
3152 578 3364 624 eructat
3399 588 3415 626 :
3453 571 3549 627 sed

1973 653 2149 721 potius
2194 655 2484 712 Dominicis
2523 657 2755 713 oraculis
2799 658 3042 712 inservit.
3087 657 3327 713 Dixerim
3386 675 3548 728 porro

1970 744 2134 798 etiam
2161 745 2214 799 in
2246 746 2329 801 bis
2348 762 2534 802 verum
2576 748 2798 816 reperiri
2823 750 2967 817 quod
2995 748 3045 802 in
3076 747 3213 803 libro
3237 749 3551 805 Proverbio-

1970 846 2087 886 rum
2116 842 2293 889 exstat
2317 851 2331 890 :
2361 852 2382 888 ι
2412 836 2722 891 Thesaurus
2749 836 3124 891 desiderabilis
3150 838 3464 906 requiescet
3492 837 3546 891 in

1968 937 2063 977 ore
2088 925 2367 993 sapientis:
2391 925 2539 980 stulti
2563 933 2741 979 autem
2763 924 2861 979 viri
2888 924 3221 979 devorabunt
3240 925 3389 978 illum
3412 926 3481 982 ".
3520 944 3541 978 ι

1970 1015 2102 1070 Nam
2144 1016 2270 1071 illud
2313 1017 2378 1071 ad
2424 1017 2635 1072 laudem
2679 1016 2769 1071 Dei
2817 1017 3036 1071 nomine
3080 1017 3356 1085 quidpiam
3408 1032 3545 1070 mm-

1970 1108 2211 1162 tiantlnm
2246 1109 2504 1176 pertinet,
2530 1108 2671 1177 quod
2706 1106 2841 1162 nihil
2872 1107 3070 1161 auditis
3102 1117 3413 1175 apponunt,
3444 1121 3547 1161 nec

1967 1199 2164 1269 aliquid
2199 1199 2520 1254 subtrahere
2548 1199 2783 1265 audent,
2807 1200 2950 1269 quod
2988 1198 3201 1254 scilicet
3234 1198 3287 1252 id
3317 1199 3545 1252 omnino

1967 1291 2115 1359 parvi
2147 1292 2435 1346 aestiment.
2462 1276 2855 1346 Pharisaeorum
2899 1291 3060 1359 impia
3091 1291 3248 1346 turba
3280 1304 3345 1344 eo
3376 1290 3542 1358 impe-

1967 1382 2104 1437 ritis:
2135 1383 2380 1453 devenit,
2409 1392 2467 1437 ut
2495 1382 2721 1447 doceret
2741 1382 3045 1447 doctrinas,
3078 1382 3329 1436 mandata
3370 1380 3548 1435 homi-

1965 1486 2121 1538 num,
2152 1479 2207 1525 et
2244 1480 2465 1542 propter
2503 1486 2657 1526 suam
2702 1471 3041 1526 traditionem
3088 1470 3180 1524 Dei
3228 1470 3542 1523 mandatum

1964 1561 2173 1617 irritum
2205 1561 2488 1618 faceret".
2513 1563 2568 1617 In
2598 1563 2699 1618 hoc
2729 1563 2873 1617 enim
2905 1563 3109 1619 crimen
3141 1561 3393 1617 Christus
3419 1560 3544 1614 illus

1964 1653 2191 1707 vocavit.
2225 1652 2361 1708 Tuta
2408 1664 2494 1709 est
2533 1655 2695 1724 igitur
2730 1653 2848 1716 lex,
2876 1670 2995 1722 qua:
3036 1653 3271 1723 quodam
3312 1652 3432 1706 loco
3477 1653 3544 1705 de

280 1728 394 1799 γὰρ
423 1729 649 1798 γέγονεν
667 1731 754 1783 ἐπ’
783 1732 966 1797 αὐτοῖς
992 1734 1141 1804 παρὰ
1163 1733 1399 1807 Χριστοῦ
1421 1735 1487 1789 τά
1514 1737 1855 1810 ἐγκλήματα.
1890 1728 1904 1782 Ῑ

1972 1742 2164 1798 divinis
2187 1744 2416 1798 oraculis
2444 1744 2643 1808 sanxit,
2668 1759 2771 1796 non
2801 1743 3126 1807 addendum,
3153 1757 3251 1795 nec
3275 1741 3537 1795 aufereno

295 1819 573 1892 Ἀσφαλὴς
594 1816 690 1875 οὖν
716 1823 743 1875 ό
764 1824 927 1893 νόμος
947 1840 960 1854 ·
995 1824 1099 1895 ἔφη
1127 1826 1233 1897 γάρ
1268 1843 1369 1879 που
1403 1828 1531 1899 περὶ
1559 1829 1668 1882 τῶν
1699 1829 1858 1883 θείων

1972 1833 2158 1889 dum“.
2181 1834 2497 1889 Custodient
2514 1835 2677 1905 igitur
2695 1834 2835 1888 labia
2850 1832 3442 1889 sacerdotisscientiam
3472 1830 3538 1863 “"

279 1911 503 1979 λογίων,
552 1912 614 1966 τὸ
661 1913 750 1967 ἐπ’
793 1914 972 1970 αὐτῶν
1015 1917 1201 1971 οὐκέτι
1251 1918 1585 1990 προσθεῖναι,
1630 1920 1726 1974 καὶ
1764 1922 1862 1975 ἀπ’

1972 1927 2112 1995 ἲεείε,
2129 1940 2290 1994 quam
2312 1928 2634 1981 annuntians
2657 1926 2790 1981 nihil
2809 1925 2977 1982 addit.
3000 1922 3203 1978 Idcirco
3227 1932 3279 1976 et
3301 1919 3530 1989 angelus

282 2002 465 2057 αὐτῶν
507 2004 609 2057 οὐκ
649 2003 798 2058 ἔστιν
833 2006 1070 2076 ἀφελεῖν.
1103 2007 1403 2073 Φυλάξεται
1434 2010 1615 2064 τοίνυν
1646 2010 1752 2065 τῶν
1787 2013 1862 2065 ἱε-

1972 2014 2051 2071 Dei
2087 2018 2472 2086 omnipotentis
2505 2017 2799 2088 appellatus
2837 2028 2949 2080 est,
2989 2016 3239 2084 quamvis
3273 2022 3528 2067 naturam

285 2092 425 2160 ρέων
471 2092 544 2146 τά
598 2094 751 2167 χείλη
807 2094 905 2167 τὴν
939 2096 1033 2150 τοῦ
1077 2097 1244 2169 νόμου
1289 2099 1512 2168 γνῶσιν,
1560 2101 1654 2156 καὶ
1696 2102 1859 2157 αὐτὸν

1972 2120 2246 2159 tumauam
2276 2117 2449 2175 gerat,
2472 2109 2722 2176 quoniam
2748 2108 3081 2165 voluntatem
3107 2103 3202 2159 Dei
3237 2101 3533 2173 perspicue

280 2183 619 2251 ἀπαγγέλλει
648 2184 959 2256 προστιθεὶς
989 2186 1164 2243 οὐδέν,
1182 2186 1366 2260 Ταύτῃ
1396 2205 1479 2242 τοι
1502 2188 1597 2243 καὶ
1622 2189 1857 2259 ἄγγελος

1972 2205 2201 2261 nuutat,
2225 2206 2282 2252 et
2300 2197 2476 2267 legem
2508 2199 2777 2252 sermonis
2802 2197 3154 2253 hortatricem
3179 2194 3360 2248 habet.

279 2272 607 2343 ὀνομάζεται
640 2275 847 2346 Κυρίου
876 2277 1339 2348 παντοκράτορος,
1365 2280 1538 2333 καίτοι
1572 2279 1671 2353 τὴν
1695 2280 1856 2352 φύσιν
1888 2283 2175 2357 ἄνθρωπος
2198 2287 2295 2356 ὢν,
2355 2289 2437 2343 δτι
2465 2289 2543 2360 τῷ
2575 2288 2695 2362 θεῷ
2748 2287 2939 2344 δοκοῦν
2968 2285 3301 2357 ἀπαγγέλλει
3331 2282 3541 2353 σαφῶς.

283 2365 377 2419 καὶ
400 2365 568 2435 νόμον
598 2364 709 2436 ἔχει
740 2365 839 2436 τῆς
859 2365 1106 2437 γλώττης
1129 2367 1192 2421 τὸ
1219 2368 1450 2439 κίνημα.

363 2494 552 2564 Ὑμεῖς
577 2494 646 2549 δὲ
666 2495 1011 2559 ἐξεκλίνατε
1031 2496 1101 2552 ἐκ
1130 2496 1241 2567 τῆς
1274 2497 1443 2562 όὸοῦι.
1469 2496 1569 2554 καὶ
1591 2500 1857 2569 ἠσθενή-

279 2604 435 2643 cate
468 2588 743 2653 πολλοὺς
771 2589 842 2642 ἐν
873 2589 1035 2658 νόμῳ
1055 2628 1071 2655 ,
1111 2588 1477 2660 διεφθείρατε
1510 2592 1626 2661 τὴν
1666 2591 1865 2659 διαθή-

282 2694 402 2745 κην
425 2678 531 2731 τοῦ
562 2678 725 2743 Λευὶ,
756 2678 919 2748 λέγει
954 2682 1172 2752 Κύριος
1210 2682 1658 2753 παντοκράτωρ.

353 2792 481 2846 KI".
525 2792 970 2865 Ἀντιπαρεξάγει
998 2795 1197 2867 τρόπον
1225 2797 1346 2851 τινὰ
1367 2800 1488 2861 ταῖς
1509 2796 1619 2853 τῶν
1649 2798 1862 2853 εὐδοκί-

286 2901 403 2950 μων
443 2885 764 2949 ὲπιεικείαις
808 2885 877 2939 τὰ
917 2885 1026 2940 τῶν
1066 2886 1327 2960 ῥᾳθύμων
1363 2887 1726 2959 ἐγκλήματα,
1762 2892 1860 2946 καὶ

281 2978 403 3039 ταῖς
456 2976 566 3030 τῶν
613 2978 914 3048 ἀμεινόνων
967 2978 1463 3050 ἀντιπαραθέσεσιν
1526 2980 1742 3052 ἐλέγχει
1797 2982 1862 3038 τὸ

2028 2500 2189 2557 Vens.
2221 2502 2276 2560 8.
2310 2500 2411 2556 Vos
2450 2512 2627 2555 autem
2668 2501 2975 2555 decliunstis
3009 2519 3039 2554 a
3071 2500 3187 2565 via,
3219 2511 3265 2554 et
3304 2501 3545 2569 inﬁrmas

1956 2593 2149 2662 fecistis
2173 2592 2359 2646 multos
2390 2593 2444 2645 in
2474 2591 2614 2661 lege,
2644 2593 2953 2660 corrupisti:
2981 2598 3350 2644 testamentum
3382 2590 3538 2657 Levi,

1955 2685 2081 2738 dicit
2114 2680 2369 2738 Dominus
2395 2684 2747 2747 omnipotens.

2024 2797 2216 2853 XXIII.
2260 2796 2628 2854 Laudatorum
2681 2798 2939 2868 probitati
2997 2796 3256 2851 inertium
3312 2796 3540 2852 crimina

1966 2897 2222 2958 tanquam
2254 2888 2306 2942 in
2334 2887 2451 2943 acie
2472 2888 2696 2943 adversa
2721 2888 2935 2952 statuit,
2960 2888 3350 2956 meliorquque
3372 2901 3542 2956 oppo-
3571 2935 3581 2945 .

1966 2980 2163 3035 sitione
2202 2980 2370 3034 malos
2408 2980 2673 3050 coarguit.
2709 2979 2860 3034 Sicut
2893 2980 3037 3034 enim
3075 2978 3163 3033 lux
3201 2978 3254 3032 in
3292 2977 3542 3034 tenebris

282 3064 509 3162 φαῦλον.
531 3068 741 3139 ’Ὠσπερ
772 3067 882 3139 γὰρ
908 3067 968 3122 τὸ
996 3069 1111 3137 φῶς
1133 3072 1191 3123 ὲν
1214 3070 1396 3124 σκότει
1423 3072 1625 3141 φαίνει,
1660 3072 1861 3127 «τελεῖ-
1886 3105 1904 3162 ε

1972 3080 2191 3141 apparet
2236 3072 2439 3142 magis,
2486 3090 2505 3123 ι
2554 3079 2609 3124 et
2652 3071 2820 3123 virtus
2866 3069 2918 3122 in
2964 3068 3282 3122 inﬁrmitate
3326 3068 3541 3136 perlici-

280 3173 375 3211 ται
419 3156 478 3210 δὲ
529 3159 588 3211 ἐν
627 3159 936 3223 ἀσθενείαις
985 3160 1019 3230 ή
1040 3160 1327 3241 βύναμις·
1362 3180 1383 3214 t
1440 3162 1584 3218 οὕτω
1625 3165 1722 3218 καὶ
1759 3163 1861 3235 τῆς

280 3247 491 3319 ἀρετῆς
536 3249 596 3302 τὸ
632 3250 828 3314 κάλλος
855 3252 1255 3324 ὲκφανεστέραν
1280 3253 1392 3325 ἔχει
1418 3253 1518 3326 τὴν
1551 3255 1727 3309 είδέαν
1758 3255 1859 3325 (1),

281 3343 334 3393 εί
361 3341 428 3414 δὴ
470 3342 804 3413 παρακέοιτό
839 3359 922 3420 τις
956 3343 1231 3415 φαυλότης
1268 3344 1302 3416 ἢ
1344 3345 1611 3417 ἁμαρτία.
1653 3346 1862 3401 Οὐκοῦν

281 3434 576 3488 διεὸίωσαν
613 3435 713 3504 μέν
739 3452 884 3500 τινες
917 3437 1280 3507 ἱεροπρεπῶς,
1298 3439 1354 3491 ὲν
1379 3438 1569 3511 είρήνῃ
1599 3438 1863 3493 κατευθύ-

283 3541 483 3588 νοντεςε
503 3524 731 3589 ἑαυτούς
760 3543 819 3579 τε
850 3528 944 3581 καὶ
971 3528 1056 3580 ἑτέ
1067 3544 1214 3599 ρους,
1238 3529 1331 3583 xui.
1364 3524 1505 3600 ἦσαν
1535 3530 1673 3600 μετὰ
1700 3529 1861 3594 Θεοῦ,

288 3617 382 3670 καὶ
424 3616 657 3680 πολλοὺς
698 3617 1045 3689 ἐπέστρεψαν
1078 3619 1188 3673 ἀπὸ
1237 3619 1470 3684 ἀδικίας.
1512 3621 1864 3692 Πεφορήκασι

286 3709 394 3780 γὰρ
436 3712 498 3763 ιν
544 3709 702 3781 χερσὶ
744 3708 968 3779 γνῶσιν,
1016 3710 1115 3764 καὶ
1165 3710 1414 3780 ἀκριϐεῖς
1452 3710 1709 3779 γεγόνασι
1756 3710 1863 3765 τῶν

288 3802 449 3855 θείων
480 3801 664 3873 νόμων
689 3802 1044 3874 ἐρμηνευταί.
1075 3803 1138 3856 οι
1166 3801 1222 3855 δὲ
1243 3801 1455 3873 δὴχμετ⁹
1481 3802 1745 3868 ἐκείνους,
1766 3804 1863 3858 καὶ

286 3893 425 3964 πρὸς
450 3892 549 3957 οὓς
589 3895 620 3948 ό
657 3894 812 3963 λόγος
835 3935 849 3958 ,
882 3894 1265 3949 ὲκκεκλίκασιν
1294 3896 1358 3948 ὲκ
1388 3894 1487 3966 τῆς
1517 3894 1638 3950 ὁδοῦ
1663 3936 1676 3958 ,
1716 3912 1862 3967 παρα

281 3984 519 4038 ὤλισθον
547 3985 657 4055 γάρ
675 3984 770 4038 τοῦ
797 3986 1025 4051 εἰκότος,
1046 3987 1187 4055 σφᾶς
1212 4003 1272 4039 τε
1303 3986 1499 4050 αὐτοὺς
1520 3986 1613 4041 καὶ
1632 3986 1857 4057 ἑτέρους

281 4070 349 4123 οὐ
380 4070 623 4142 μετρίως
668 4070 961 4142 ἠδικήκασι
987 4111 1003 4136 ,
1050 4075 1145 4128 καὶ
1191 4074 1419 4140 πολλοὺς
1469 4075 1775 4148 ἡσθένησαν
1808 4078 1866 4131 ὲν

281 4162 459 4234 νόμῳ,
493 4163 803 4227 τουτέστιν,
834 4164 1079 4229 ἀσθενεῖς
1126 4167 1223 4220 καὶ
1254 4166 1688 4236 ἀδρανεστάτους
1732 4169 1868 4223 ἀπο-

282 4252 606 4307 τετελέκασι
635 4253 763 4324 περί
806 4270 872 4322 γε
906 4254 966 4308 τὸ
995 4255 1104 4309 δεῖν
1134 4255 1351 4310 ἑλέσθαι
1406 4256 1555 4327 βιοῦν
1599 4258 1863 4329 ἐννόμως.

282 4344 353 4400 ει
400 4343 514 4415 γὰρ
554 4342 661 4409 ἔξω
690 4343 783 4398 τοῦ
821 4344 1125 4415 πρέποντος
1173 4346 1378 4415 οῖχεται
1424 4346 1487 4399 τὸ
1532 4346 1863 4418 ἡγούμενον,

1966 3167 2054 3212 tur
2076 3158 2121 3190 ”
2155 3176 2169 3213 :
2212 3176 2232 3210 ι
2272 3158 2344 3212 ita
2375 3157 2591 3212 virtutis
2625 3156 2923 3226 elegantia,
2953 3158 3000 3211 si
3034 3171 3137 3227 qua
3176 3158 3417 3226 nequitia
3452 3165 3545 3212 aut

1966 3259 2244 3319 peceatum
2276 3247 2437 3303 fuerit
2462 3263 2493 3305 e
2526 3249 2744 3319 regione
2768 3250 3021 3305 collatum
3048 3289 3064 3315 ,
3092 3248 3425 3318 spleudidior
3450 3264 3546 3317 ap-

1967 3348 2138 3411 paret.
2165 3342 2347 3406 Quare
2375 3340 2591 3410 quidam
2609 3381 2626 3407 ,
2656 3351 2713 3394 ut
2741 3340 3122 3397 sacerdotibus
3150 3341 3403 3395 decorum
3429 3350 3542 3406 est,

1966 3433 2134 3487 vitam
2166 3431 2524 3493 transierunt,
2555 3431 2606 3484 iu
2639 3445 2771 3500 pace
2797 3430 3117 3498 semetipsos
3147 3432 3391 3498 aliosque
3415 3430 3545 3484 diri-

1968 3531 2184 3593 gentes,
2218 3532 2272 3576 et
2304 3531 2459 3576 erant
2491 3537 2613 3576 cum
2653 3522 2793 3587 Deo,
2827 3531 2882 3577 et
2919 3521 3119 3574 multos
3157 3524 3225 3573 ab
3261 3522 3546 3591 iniquitate

1968 3621 2371 3668 converterunt.
2392 3612 2680 3666 Portabant
2701 3610 2844 3665 enim
2872 3609 3157 3665 scientiam
3189 3610 3241 3662 in
3271 3610 3542 3673 manibus,

1970 3682 2290 3774 divitiasque
2326 3704 2469 3775 leges
2505 3703 2740 3758 ﬁdeliter
2777 3701 3291 3771 interpretabantur.
3326 3699 3542 3757 Illorum

1970 3804 2148 3850 autem
2178 3810 2545 3859 successores,
2572 3794 2637 3848 ad
2665 3809 2801 3863 quos
2829 3794 2995 3848 etiam
3026 3803 3112 3849 est
3138 3808 3340 3856 sermo,
3367 3795 3434 3848 de
3458 3792 3543 3848 via

1970 3887 2336 3951 deﬂexeruut,
2367 3902 2429 3941 ac
2462 3888 2527 3941 de
2560 3902 2623 3941 co
2655 3887 2795 3956 qttml
2831 3896 3260 3942 consentaneum
3304 3897 3421 3940 erat
3455 3888 3549 3941 de-

1971 3976 2127 4046 lapsi,
2153 3977 2223 4032 ibi
2253 3978 2556 4047 semetipsis
2583 3977 2811 4044 aliisque
2841 3990 2945 4030 non
2977 3975 3324 4031 mediocriter
3349 3990 3545 4031 nocue-

1972 4079 2123 4132 runt,
2153 4079 2210 4124 et
2245 4083 2348 4123 non
2387 4083 2586 4139 paucos
2628 4069 2680 4120 in
2726 4067 2840 4136 lege
2884 4065 3254 4128 inlirmarunt,
3286 4066 3388 4120 hoc
3430 4073 3545 4129 est,

1971 4160 2268 4215 imbecilles
2299 4171 2353 4214 ct
2384 4160 2821 4228 languidissimos
2853 4158 2919 4211 ad
2955 4159 3119 4212 vitam
3165 4156 3372 4226 legibus
3411 4170 3546 4211 cou-

1974 4270 2163 4309 sonam
2209 4251 2575 4307 reddiderunt.
2602 4252 2738 4307 Nam
2780 4251 2825 4307 si
2865 4252 2957 4320 qui
3000 4264 3239 4320 prtesunt
3279 4264 3309 4303 a
3348 4248 3547 4304 decoro

1975 4342 2321 4399 transversim
2350 4343 2576 4406 abeant,
2598 4342 2871 4410 quomodo
2901 4341 3159 4397 credibile
3184 4351 3267 4396 est
3302 4340 3391 4408 qui
3422 4340 3548 4393 sub.

285 4435 408 4498 πῶς
436 4430 506 4507 ἦν
531 4435 675 4500 εἰκὸς
706 4435 780 4507 μὴ
810 4435 932 4506 οὐχὶ
958 4436 1131 4506 πάντη
1159 4453 1219 4490 τε
1245 4437 1342 4491 καὶ
1373 4436 1591 4501 πάντως
1624 4454 1867 4491 συναπο-
1902 4463 1904 4467 τ

1976 4445 2121 4497 sunt,
2142 4450 2246 4488 non
2282 4434 2458 4489 modis
2494 4435 2747 4491 omnibus
2776 4434 2934 4488 simul
2968 4435 3158 4498 ituros,
3187 4443 3244 4488 et
3275 4430 3363 4499 qui
3400 4438 3548 4485 sorte

287 4528 548 4598 φοιτῆσαι
575 4528 638 4583 τὸ
666 4529 926 4600 ὑπήκοον.
947 4527 1042 4582 καὶ
1070 4530 1181 4591 τοῖς
1213 4526 1511 4598 προῦχουσι
1544 4528 1870 4597 συγκατολι-

289 4620 439 4673 σθεῖν
467 4618 532 4672 τὸ
557 4620 615 4673 ὲν
645 4619 811 4691 μοίρᾳ.
835 4622 903 4690 τῇ
933 4618 1351 4690 καταδεεστέρα,
1382 4620 1480 4673 καὶ
1527 4618 1604 4682 ὡς
1646 4620 1705 4673 ἐν
1752 4635 1873 4674 συν-

288 4713 405 4766 ἐπει
452 4709 965 4781 μειονεκτούμενον;
995 4712 1206 4781 ’Ὥσπερ
1246 4710 1358 4782 γὰρ
1391 4710 1614 4781 ἕννομός
1660 4727 1721 4763 τε
1778 4713 1871 4765 καὶ

238 4862 249 4865 _
287 4804 437 4865 ὅσιος
469 4803 649 4873 ίερεὺς
679 4802 923 4873 μιμητὰς
954 4802 1245 4873 ἐργάζεται
1265 4801 1374 4855 τῶν
1408 4801 1558 4855 ἰδίων
1592 4801 1870 4873 κατορθω-

292 4894 487 4964 μάτων
514 4894 642 4957 τοὺς
669 4892 774 4946 ὑπὸ
804 4896 962 4964 χεῖρα
1001 4892 1164 4956 λαούς
1182 4909 1195 4922 ·
1219 4892 1363 4946 οὕτω
1394 4891 1488 4944 καὶ
1513 4891 1573 4944 τὺ
1602 4892 1867 4946 ἐναντίον.

292 4986 351 5039 Ei
400 4983 513 5055 γάρ
557 4985 712 5038 αὐτοὶ
758 4984 1121 5053 διεφθάρκασι
1153 4982 1253 5055 τὴν
1306 4981 1546 5036 διάθεσιν
1577 4981 1670 5036 τοῦ
1719 4984 1871 5047 Λευὶ,

288 5073 410 5136 πῶς
441 5069 508 5145 ἦν
539 5074 686 5137 etab;
711 5074 840 5137 τοὺς
884 5075 1011 5146 παρ’
1040 5073 1218 5127 αὐτῶν
1249 5072 1872 5145 μεμυσταγωγημένους

289 5166 492 5219 σεπτὸν
520 5164 773 5235 ἡγεῖσθαι
798 5164 889 5219 τὸν
912 5165 1076 5236 νόμον
1096 5182 1111 5228 ;

358 5279 474 5334 Kal
533 5277 647 5347 ἐγὼ
707 5276 937 5332 δέδωκα
1007 5274 1161 5346 ὑμᾶς
1215 5272 1734 5343 ἐξουδενωμένους
1785 5274 1873 5340 εις

402 5454 448 5487 ¹¹
487 5454 645 5520 Prov,
675 5469 788 5517 ut,
818 5451 908 5507 90.

368 5636 450 5698 (l)
478 5632 772 5697 Aubertus,
805 5628 1031 5684 ἔνδειαν.
1077 5627 1231 5684 Eutr.

1024 5453 1064 5485 ¹³
1108 5451 1295 5507 Matth.
1331 5467 1417 5518 xv,
1449 5450 1562 5507 6-9.
1644 5449 1687 5482 ¹⁸
1725 5450 1881 5520 Deut.
1908 5465 1981 5517 tv,
2007 5448 2059 5503 2.
2162 5450 2388 5505 Maluclt.
2423 5467 2482 5515 li,
2507 5449 2560 5504 7.

1974 4522 2140 4595 850
2170 4523 2456 4580 inferiores
2483 4532 2637 4588 sunt,
2661 4531 2716 4579 et
2746 4523 3101 4593 intelligentia
3134 4522 3309 4577 minus
3335 4520 3545 4585 valent,

1976 4630 2097 4671 cum
2139 4616 2588 4674 eminentioribus
2626 4632 2731 4671 una
2771 4615 3050 4684 lapsuros?
3087 4612 3548 4683 Quemadmodum

1977 4705 2119 4759 enim
2147 4709 2401 4761 sacerdos
2431 4706 2606 4777 legum
2640 4708 2936 4763 observans
2961 4714 3017 4759 et
3044 4712 3265 4760 sanctus
3295 4701 3549 4773 populum

1979 4797 2080 4852 sibi
2121 4796 2421 4863 subjectum
2461 4780 2682 4854 suorum
2730 4808 2877 4854 recte
2913 4797 3179 4852 factorum
3222 4796 3552 4850 imitatorem

1979 4885 2141 4957 edicit
2167 4928 2182 4954 ,
2209 4892 2282 4942 ita
2313 4896 2522 4944 contra.
2548 4890 2604 4945 Si
2636 4890 2779 4944 enim
2810 4887 2912 4959 ipsi
2942 4887 3367 4957 corrumpebant
3391 4894 3554 4939 testa-

1984 4989 2221 5034 mentum
2258 4978 2412 5048 Levi,
2438 4980 2707 5050 quomodo
2743 4982 2810 5035 ab
2854 4980 2923 5035 iis
2965 4980 3017 5035 iu
3063 4979 3234 5035 sacris
3275 4978 3554 5033 institutos

1982 5069 2544 5140 legem-venerabilem
2577 5075 2772 5129 ducere
2801 5082 2923 5128 erat
2949 5070 3274 5131 verisimile?

2057 5269 2215 5327 Vens.
2245 5272 2295 5329 9.
2327 5269 2397 5326 Et
2426 5288 2517 5343 ego
2553 5274 2686 5332 dedi
2720 5289 2803 5327 ιοοε
2846 5269 3253 5340 contemptibiles
3287 5269 3342 5321 in
3374 5280 3553 5323 omnes

2674 5450 2717 5481 “'
2750 5448 2793 5503 ll
2820 5451 2943 5504 Cor.
2973 5464 3067 5513 xtl,
3113 5445 3166 5501 9.
