4042 6196
417 264 527 320 315

1440 259 1497 313 S.
1541 256 1818 314 CYRILLI
1859 252 2329 310 ALEXANDBINI
2367 253 2686 310 ARCHIEP.

3568 252 3674 311 516

418 384 622 445 gentes,
649 385 743 439 pro
774 385 833 422 eo
867 369 1004 438 quod
1041 384 1125 422 vos
1159 385 1261 422 non
1296 370 1647 423 custodivistis
1682 370 1789 423 vias
1824 385 1992 433 meas,

2107 366 2295 420 πάντα
2334 368 2402 420 τὰ
2434 369 2601 434 ἔθνη,
2639 366 2765 421 ἀνθ’
2802 382 2889 418 ων
2930 365 3094 431 ὑμεῖς
3131 365 3241 418 οὑκ
3290 356 3674 434 ἐφυλάξασθσ

418 463 509 518 sed
537 460 870 530 accipiebatis
894 476 1170 529 personam
1199 460 1253 513 in
1281 458 1411 530 lege.

491 638 679 694 XXIV.
710 639 791 693 Ad
839 649 1050 707 patrum
1095 649 1316 708 peccata
1359 640 1525 705 redit,
1557 641 1810 710 ipsosque
1843 648 1998 692 vetu-

420 733 646 786 stiorum
698 729 986 784 criminum
1039 731 1313 783 admonet.
1367 730 1432 784 Et
1474 730 1730 798 quoniam
1780 729 1831 783 in
1884 730 2001 797 lege

422 822 768 877 custodienda
823 828 1136 874 consumes
1190 836 1296 875 non
1354 830 1542 886 erant,
1593 823 1715 875 ideo
1774 823 1999 876 traditos

422 912 652 967 afﬁrmat
687 912 790 964 illis
822 926 850 964 a
886 912 1082 979 quibus
1114 911 1167 965 in
1202 913 1571 981 captivitatem
1601 920 1727 966 sunt
1750 912 1999 978 abducti,

422 1003 636 1067 miseri,
662 1013 716 1058 et
742 1001 966 1071 abiecti,
995 1011 1048 1056 et
1078 1003 1222 1057 omni
1258 1003 1584 1071 indulgentia
1614 1002 1838 1056 exclusi.
1865 1002 2002 1068 Quid

423 1096 564 1149 enim
603 1094 1065 1147 incommodorum
1103 1095 1244 1161 passi
1279 1108 1383 1146 non
1419 1102 1573 1158 sunt,
1604 1103 1656 1145 et
1692 1109 1826 1163 quas
1862 1092 2007 1146 cala-

426 1184 637 1236 mitates
679 1182 920 1236 infelices
951 1184 1020 1236 illi
1062 1199 1164 1235 non
1193 1183 1583 1238 exantlarnnt?
1613 1184 1878 1237 Caeterum
1903 1223 1916 1247 ,
1958 1183 2001 1237 si

427 1290 591 1337 nosse,
611 1274 792 1339 vultis,
824 1275 1021 1342 inquit,
1051 1290 1244 1329 causas
1266 1276 1333 1329 ob
1358 1291 1494 1344 quas
1524 1275 1698 1329 iratus
1723 1284 1804 1329 est
1833 1275 2003 1338 vobis,

428 1365 659 1420 audietis
685 1366 951 1419 dicentem
982 1383 995 1419 :
1031 1383 1047 1415 ι
1080 1364 1215 1431 Quia
1242 1382 1334 1420 vos
1366 1381 1469 1420 non
1502 1367 1870 1421 custodivistis
1893 1367 2006 1421 vias

428 1471 597 1519 meas,
625 1457 717 1511 sed
750 1456 1099 1523 accipiebatis
1129 1472 1415 1524 personam
1450 1458 1501 1510 in
1537 1456 1673 1527 lege.
1711 1476 1727 1507 ι
1768 1457 1876 1511 lloc
1903 1466 2003 1521 est,

425 1548 644 1616 opinor,
691 1547 1000 1616 corrupisse
1050 1558 1431 1605 testamentum
1481 1546 1646 1615 Levi,
1695 1549 1833 1601 viam
1885 1548 2008 1602 vitae

427 1637 718 1690 secundum
766 1635 938 1705 legem
985 1645 1170 1691 tenere
1213 1636 1473 1700 noluisse,
1500 1646 1554 1691 et.
1590 1638 1641 1690 in
1685 1650 2008 1704 unoquoque

2099 459 2205 523 τὰς
2249 458 2428 524 ὁδούς
2474 476 2591 527 μου
2620 499 2634 523 ,
2691 458 2827 511 ἀλλ’
2869 456 3231 525 ἐλαμϐάνετε
3276 457 3567 525 πρόσωπα
3607 455 3676 511 ἐν

2098 550 2286 615 νόμῳ.

2172 634 2294 685 KA'.
2336 634 2460 685 Ἐπὶ
2507 634 2605 696 τὰς
2657 634 2762 687 τῶν
2810 633 3063 704 πατέρων
3118 633 3321 687 ἄνεισιν
3382 636 3675 707 ἁμαρτιας,

2102 723 2512 793 ὑπομιμνήσκει
2541 725 2595 777 δὲ
2623 728 2715 778 καὶ
2748 725 2942 789 αὑτοὺς
2971 725 3078 778 τῶν
3105 727 3476 798 ἀρχαιοτέρων
3508 730 3683 781 αῑτιαο

2105 816 2308 883 μάτων.
2355 815 2467 866 Καὶ
2513 816 2741 885 ἐπείπερ
2776 812 2915 886 ἦσαν
2959 817 3060 869 οὑκ
3099 817 3364 885 ἀσφαλεῖς
3410 819 3539 888 περὶ
3585 818 3683 889 τὴν

2102 900 2194 953 τοῦ
2222 902 2384 973 νόμου
2412 904 2664 973 τήρησιν,
2700 904 2870 975 ταύτῃ
2906 923 2988 958 τοι
3017 906 3261 959 δεδόσθαι
3297 908 3458 975 φησὶν
3484 909 3683 972 αὐτοὺς

2102 994 2213 1053 τοῖς
2258 994 2663 1063 ἀποκομίσασιν
2707 994 2786 1056 είς
2832 994 3211 1064 αἰχμαλωσίαν
3253 995 3536 1064 οἰκτροὺς,
3590 996 3687 1049 καὶ⁵

2105 1086 2594 1156 κατερῤιμμένους,
2629 1085 2726 1139 καὶ
2750 1085 2963 1154 φειδοῦς
2996 1085 3213 1154 ἀπάσης
3238 1086 3683 1149 ἐκπεπτωκότας.
3736 1108 3747 1117 ο

2104 1178 2169 1228 Τί
2219 1177 2328 1247 γὰρ
2376 1176 2483 1229 τῶν
2519 1176 2760 1247 ἀνιαρῶν
2795 1177 2855 1229 οὑ
2892 1176 3088 1245 συνέϐη
3142 1175 3336 1229 παθεῖν
3382 1177 3599 1241 αὑτοὺς,
3650 1178 3688 1247 ἢ

2106 1269 2286 1330 ποίαις
2343 1269 2391 1321 οί
2446 1268 2674 1332 τάλανες
2727 1271 2785 1321 ού
2855 1268 3288 1337 κεκοινωνήκασι
3345 1273 3686 1339 συμφοραῖςς

2120 1358 2260 1411 Ἀλλ’
2286 1361 2333 1411 εί
2365 1359 2664 1429 βούλοισθε,
2714 1360 2847 1430 φησὶ
2869 1398 2883 1421 ,
2916 1359 3214 1427 ἁναμαθεῖν
3243 1357 3341 1419 τὰς
3375 1358 3554 1421 αἰτίας
3584 1359 3689 1428 τῆς

2107 1451 2190 1519 ἐφ’
2227 1450 2379 1521 ὑμῶν
2410 1451 2784 1521 γεγενημένης
2826 1450 3017 1517 ὀργῆς,
3065 1447 3362 1502 ἀκούσεσθε
3400 1447 3685 1515 λέγοντος⁶

2114 1543 2296 1596 ιἈνθ’
2347 1537 2421 1596 ὧν
2476 1544 2633 1614 ὑμεῖς
2679 1544 2778 1596 οὑκ
2826 1541 3164 1610 ἐφυλάξασθε
3212 1540 3313 1603 τὰς
3357 1539 3509 1604 ὁδούς
3558 1557 3687 1609 μου,

2108 1634 2221 1686 ἀλλ’
2256 1633 2589 1703 ἐλαμϐάνετε
2622 1634 2889 1705 πρόσωπα
2923 1635 2980 1686 ἐν
3021 1633 3191 1703 νόμῳ.
3237 1650 3255 1683 ι
3294 1632 3336 1684 Τ
3341 1631 3482 1693 οὖτο,
3512 1628 3688 1702 οἶμαι,

430 1730 643 1796 negotio
675 1727 1010 1796 iniquissime
1039 1727 1314 1795 iudicasse
1351 1746 1363 1781 ε
1404 1729 1613 1781 tametsi
1650 1727 1791 1781 Deus
1826 1734 2003 1797 aperte

2108 1724 2223 1777 Em
2257 1726 2316 1777 τὸ
2346 1725 2656 1795 διαφθεῖραι
2696 1725 2793 1795 τὴν
2843 1725 3114 1795 διαθήκην
3164 1723 3258 1776 τοῦ
3300 1724 3455 1787 Λευὶ,
3502 1723 3564 1777 τὸ
3615 1725 3694 1794 μὴ

426 1817 573 1869 dicat
606 1834 619 1869 :
658 1833 675 1865 ι
715 1815 832 1869 Νοη
866 1817 1102 1887 accipies
1140 1831 1423 1885 personam
1459 1816 1512 1870 in
1539 1816 1776 1885 iudicio,
1808 1831 2000 1870 secun-

428 1909 550 1958 dum
598 1920 821 1974 parvum
864 1916 957 1960 aut
996 1922 1244 1977 magnum
1292 1922 1397 1961 non
1435 1905 1789 1975 iudicabis”.
1834 1927 1852 1959 ο
1904 1906 2003 1960 Per

427 2013 561 2064 mlas
589 2007 768 2052 autem
796 1997 981 2067 culpas
1012 1999 1257 2052 hosﬁbus
1282 1999 1510 2051 traditos
1539 2008 1593 2052 et
1616 1996 1856 2065 abiectos
1883 2011 2003 2051 esse

428 2090 585 2153 dicit,
625 2106 722 2159 per
765 2092 981 2144 easdem
1031 2092 1275 2160 apposite
1322 2093 1579 2156 minatur,
1615 2092 1715 2145 nisi
1766 2091 2004 2145 rationes

428 2179 636 2233 vivendi
667 2181 866 2234 rectius
898 2180 1251 2243 iustituerint,
1279 2196 1335 2235 se
1362 2182 1576 2234 illorum
1606 2182 1865 2251 supplicio
1899 2195 2002 2234 non

430 2280 883 2336 temperaturum.
912 2269 1215 2325 lnsolenter
1239 2272 1383 2325 enim
1417 2273 1466 2325 in
1499 2272 1665 2341 legem
1722 2281 2006 2341 peccantes

429 2361 618 2414 Idonea
649 2368 702 2413 et
731 2360 1214 2428 congruentissima
1245 2376 1403 2430 pmna
1431 2371 1705 2429 sequetur.

2109 1820 2294 1886 τηρεῖν
2324 1816 2537 1870 ἑλέσθαι
2566 1817 2663 1886 τῆς
2696 1818 2753 1868 ὲν
2778 1818 2927 1886 νόμῳ
2957 1816 3102 1886 ζωῆς
3148 1816 3244 1886 τὴν
3270 1817 3413 1881 ὁδὸν,
3448 1819 3697 1869 ἐκτοπω-

2107 1909 2274 1969 τάτας
2302 1906 2358 1959 δὲ
2389 1907 2510 1961 λίαν
2556 1908 2650 1961 καὶ
2696 1907 2794 1970 τὰς
2824 1909 2907 1976 ἐφ’
2943 1909 3159 1976 ἑκάστῳ
3202 1907 3487 1977 πράγματι
3519 1909 3693 1959 ποιεῖ-

2110 1999 2231 2052 σθαι
2276 1999 2507 2069 κρίσεις,
2543 1999 2724 2052 καίτοι
2778 1998 2913 2052 Θεοῦ
2960 1998 3212 2066 λέγοντος
3237 1998 3515 2067 ἐναργῶς*
3561 2017 3578 2049 ι
3614 1999 3688 2051 Οὑ

2108 2092 2255 2163 λήψῃ
2286 2092 2576 2162 πρόσωπον
2606 2093 2663 2143 ἐν
2703 2092 2905 2160 κρίσει,
2942 2089 3084 2144 κατά
3108 2090 3199 2141 τὸν
3234 2088 3428 2159 μικρὸν
3474 2089 3568 2142 καὶ
3598 2088 3691 2142 τὸν

2113 2182 2284 2251 μέγαν
2308 2182 2369 2233 οὑ
2396 2185 2618 2253 κρινεῖς.
2648 2201 2665 2233 ι
2697 2184 2773 2234 Δι’
2809 2175 2883 2235 ὧν
2909 2181 2964 2234 δέ
2996 2197 3159 2251 φησιν
3186 2180 3259 2242 ὡς
3297 2178 3503 2248 ταύτης
3528 2180 3693 2233 ἕνεκα

2108 2276 2207 2343 τῆς
2232 2262 2412 2336 αἰτίας
2445 2276 2679 2330 δέδονται
2700 2277 2811 2338 τοῖς
2839 2274 3055 2344 ἐχθροῖς
3084 2274 3179 2328 καὶ
3210 2274 3495 2342 γεγόνασιν
3518 2274 3690 2343 ἀπερ-

2115 2364 2408 2433 ριμμένοι,
2465 2367 2553 2419 διὰ
2596 2366 2799 2418 τούτων
2850 2364 3027 2417 αὑτῶν
3072 2364 3245 2433 εύφυᾶ
3304 2366 3536 2416 ποιεῖται
3592 2363 3692 2432 τὴν

425 2453 683 2523 ἀπειλὴν,
707 2453 782 2518 ὼς
823 2455 870 2505 εί
901 2454 972 2524 μὴ
1001 2454 1206 2507 ἕλοιντο
1254 2455 1402 2524 βιοῦν
1471 2454 1669 2525 ὀρθῶς,
1734 2454 1843 2506 οὐδ’
1871 2453 1937 2507 ἂν
2009 2452 2171 2521 αὐτὸς
2237 2460 2529 2531 ἀπόσχοιτο
2560 2459 2653 2514 τοῦ
2689 2458 2939 2521 κολάζειν
2970 2458 3186 2520 αὑτούς.
3222 2457 3451 2525 ’Έψεται
3485 2458 3543 2512 δὲ
3577 2460 3694 2521 τοῖς

427 2548 706 2621 ὑϐρίζουσι
738 2548 827 2601 τὸν
852 2548 1015 2619 νόμον
1046 2551 1215 2620 ήτοῖς
1244 2549 1402 2603 τοῦτο
1444 2550 1575 2621 δρᾷν
1609 2550 1823 2603 εἰωθόσι
1869 2549 2153 2621 πρέπουσά
2182 2572 2239 2607 τε
2275 2555 2370 2607 καὶ
2403 2554 2779 2625 ἁρμοδιωτάτη
2806 2553 2951 2624 δίκη.

500 2640 661 2695 Vnus.
710 2641 796 2695 10.
847 2641 1035 2696 Nonne
1084 2652 1230 2709 pater
1279 2659 1413 2695 unus
1470 2644 1700 2697 omnium
1750 2645 2008 2698 vestrum?

429 2729 617 2786 Nonne
645 2733 782 2786 Deus
809 2726 942 2787 unus
967 2735 1158 2787 creavit
1182 2750 1270 2787 vos
1292 2735 1315 2787 7
1338 2735 1513 2799 Quare
1539 2735 1822 2805 reliquistis
1848 2752 2009 2789 unus-

426 2824 643 2891 quisque
684 2824 903 2893 fratrem
947 2840 1122 2887 suum,
1168 2837 1219 2877 ut
1274 2826 1583 2892 pollueretis
1645 2836 2007 2880 testamentum

425 2925 632 2981 patrum
658 2918 983 2971 uestrorum?
1004 2917 1296 2972 Derclictus
1318 2930 1391 2972 est
1409 2918 1602 2985 ludas,
1623 2931 1668 2972 et
1690 2921 2008 2973 abominatio

429 3003 600 3071 {actus
624 3013 696 3058 est
720 3008 773 3058 in
795 3004 967 3060 Israel
993 3018 1043 3062 et
1066 3011 1118 3063 in
1144 3010 1463 3065 Jerusalem.

506 3178 672 3233 XXV.
711 3179 845 3234 Cum
883 3182 1249 3251 inciperemus
1281 3183 1334 3237 in
1371 3184 1687 3255 prophetam
1733 3202 2009 3243 commen-

432 3270 624 3323 tarium
650 3272 1015 3335 conscribere,
1041 3274 1373 3339 dicebamus,
1410 3285 1529 3345 post
1570 3278 1805 3332 reditum
1846 3294 1875 3333 e
1906 3279 2009 3334 Ba-

432 3360 626 3430 bylone
665 3362 731 3415 ab
757 3363 998 3433 Assyria,
1025 3364 1313 3428 lsraelitas,
1346 3367 2005 3438 parvipeudenteslegem,

430 3455 704 3508 extraneis
729 3454 987 3509 uxoribus
1005 3471 1059 3511 se
1085 3456 1435 3525 implicuisse.
1501 3457 1630 3524 Quae
1671 3473 1757 3512 res
1779 3460 2009 3513 amenti-

431 3545 528 3599 bus
570 3545 672 3600 illis
703 3560 767 3600 eo
808 3560 978 3615 usque
1019 3548 1367 3615 procedebat,
1413 3558 1470 3603 ut
1522 3565 1643 3603 cum
1687 3550 1808 3603 aliis
1849 3551 2006 3604 simul
2044 3534 2047 3541 ’

428 3637 735 3690 sacerdotes
769 3638 957 3691 eodem
1018 3650 1260 3703 ruerent,
1299 3639 1489 3708 etiam
1508 3642 1698 3695 ductas
1733 3641 1892 3713 84],
1930 3644 2009 3711 ip-

430 3741 516 3779 sas
549 3741 762 3795 quoque
818 3743 847 3781 e
881 3731 1143 3795 sanguine
1201 3731 1359 3784 Israel
1423 3748 1521 3800 pro
1574 3732 2006 3798 despeCtissimis

433 3817 714 3880 haberent,
767 3817 1033 3885 domoque
1074 3820 1352 3887 ejicereut,
1405 3832 1459 3875 ct
1505 3824 1556 3875 in
1608 3838 1792 3877 earum
1831 3825 2003 3879 locum

432 3908 743 3978 peregrinas
768 3909 1177 3964 introducerent
1209 3914 1605 3968 Ammonitidas
1634 3927 1686 3968 et
1723 3916 2004 3982 lduuncas,

428 4014 492 4052 ex
527 4014 632 4067 quo
656 4000 815 4055 Israel
845 4016 1167 4071 magnopere
1198 4004 1687 4060 contaminabatnr.
1714 4006 1827 4062 Non
1863 4011 2004 4063 enim

431 4090 532 4143 illae
558 4092 759 4159 patrios
791 4108 969 4145 tnores
992 4091 1337 4157 deserebant,
1365 4097 1457 4148 sed
1514 4096 1807 4150 ctiammnn
1870 4099 2003 4151 idola

432 4182 844 4244 venerabantur,
878 4194 930 4237 et
957 4184 1201 4237 militiam
1241 4186 1361 4239 σαθιί
1430 4188 1748 4253 adorabunt,
1803 4200 1856 4244 et
1915 4206 2005 4244 co-

429 4272 691 4339 gebantur
721 4287 857 4341 pene
894 4275 983 4342 qui
1015 4291 1135 4328 cum
1163 4274 1377 4331 feminis
1431 4278 1568 4333 adeo
1602 4291 2002 4347 mentecorru-

2182 2647 2329 2716 Οὐχὶ
2368 2648 2563 2715 πατὴρ
2596 2643 2683 2713 εἷς
2714 2645 2953 2699 πάντων
2995 2644 3193 2713 frater;
3228 2644 3372 2713 Οὐχί
3415 2643 3558 2709 Θεὸς
3591 2641 3682 2710 εἷς

2104 2740 2347 2793 ἔκτισεν
2386 2738 2576 2807 ὑμᾶς
2617 2740 2677 2793 Tl
2708 2739 2795 2792 ὅτι
2834 2738 3256 2807 ἐγκατελίπετε
3295 2737 3553 2802 ἕκαστος
3585 2737 3694 2790 τὸν

2105 2828 2372 2898 ἀδελφὸν
2418 2829 2625 2892 αὐτοῦ,
2679 2829 2785 2883 τοῦ
2826 2827 3177 2895 ,ϐεϐηλῶσαι
3220 2827 3336 2895 τὴν
3384 2827 3681 2896 διαθήκην

2105 2917 2225 2972 τῶν
2263 2919 2533 2987 πατέρων
2563 2917 2760 2987 ὑμῶν;
2800 2918 3252 2988 Ἐγκατελείρθη
3295 2917 3557 2983 Ἰούδας,
3593 2919 3694 2973 καί

2034 3040 2076 3098 C
2102 3011 2419 3081 βδέλυγμα
2446 3010 2681 3079 ἐγένετο
2723 3010 2792 3063 ἐν
2822 3009 2903 3076 τῷ
2939 3009 3191 3079 Ἰσραὴλ
3240 3009 3337 3062 καί
3366 3010 3437 3062 ἐν
3474 3010 3689 3077 Ἰερου-

2116 3106 2235 3156 σαλ
2242 3102 2320 3170 ἠμ
2329 3144 2342 3157 .

2188 3193 2317 3248 ΚΕ¹.
2373 3194 2688 3265 Ἀρχόμενοι
2732 3194 2834 3263 τῆς
2869 3192 2948 3256 είς
2995 3192 3085 3246 τὸν
3135 3194 3421 3264 προφήτην
3453 3209 3691 3263 συγγραο

2117 3287 2241 3356 φῆς,
2273 3287 2529 3357 ἐλέγομεν
2573 3288 2689 3351 ὅτι,
2727 3286 2865 3356 μετὰ
2897 3284 2994 3355 τὴν
3027 3286 3093 3338 ὲκ
3142 3283 3460 3347 Βαϐυλῶνος
3494 3286 3586 3338 καὶ
3627 3286 3693 3339 ὲκ

2114 3379 2219 3447 γῆς
2256 3377 2557 3448 Ἀσσυρίων
2585 3377 2868 3441 ἐπάνοδον,
2893 3376 3050 3443 ὀλίγα
3082 3379 3181 3447 τῆς
3209 3376 3441 3445 νομικῆς
3475 3379 3692 3448 φροντί-

2118 3487 2306 3530 σαντες
2352 3469 2592 3537 ὲντολῆς,
2626 3471 2674 3522 οί
2703 3467 2762 3533 ἐξ
2797 3468 3012 3539 Ἰσραὴλ
3041 3470 3160 3530 ταῖς
3192 3468 3533 3535 ἀλλογενέσιν
3564 3486 3688 3520 συν-

2114 3561 2403 3614 επλέκοντο
2428 3559 2660 3628 γυναιξί.
2702 3560 2811 3611 Καὶ
2845 3558 2980 3630 πρὸς
3029 3556 3190 3610 τοῦτο
3219 3558 3482 3628 ὲξιτήλοις
3510 3559 3691 3622 αὑτοῖς

2117 3651 2323 3723 προέϐη
2373 3652 2433 3704 τὸ
2486 3651 2779 3722 δρώμενον,
2830 3650 2905 3713 ὡς
2966 3650 3058 3702 καὶ
3106 3650 3305 3711 αὐτοὺς
3353 3652 3464 3713 τοῖς
3512 3650 3693 3713 ἄλλοις

2117 3741 2588 3811 συναποφέρεσθαι
2618 3740 2742 3802 τοὺς
2775 3740 3175 3810 ίερατεύοντας,
3206 3742 3303 3793 καὶ
3334 3739 3429 3803 τὰς
3462 3741 3559 3810 μὲν
3589 3742 3688 3811 ἤδη

2116 3833 2522 3903 συνῳκισμένας
2556 3831 2610 3886 αἳ
2638 3833 2731 3884 καὶ
2761 3827 2901 3901 ἦσαν
2933 3831 2992 3896 ἐξ
3041 3831 3274 3901 αἵματος
3311 3831 3540 3902 Ἰσραὴλ,
3572 3833 3684 3885 ἀτι-

2118 3924 2355 3992 μοτάτοις
2399 3922 2674 3991 ἡγεῖσθαι,
2726 3923 2820 3974 καὶ
2868 3920 3295 3990 ἀποπέμπεσθαι
3336 3920 3444 3972 τῶν
3474 3920 3687 3984 ἑστιῶν,

2115 4014 2496 4078 είσοικίζεσθαι
2522 4014 2576 4065 δὲ
2605 4014 2805 4082 μᾶλλον
2827 4014 2926 4076 τὰς
2955 4012 3265 4081 ἀλλογενεῖς
3298 4012 3692 4083 Ἀμμανίτιδας

2115 4104 2523 4173 καὶἸδουμαίας
2542 4119 2555 4132 ·
2580 4105 2673 4157 καὶ
2700 4103 2867 4174 πολλή
2898 4121 2981 4166 τις
3008 4102 3256 4156 ἐντεῦθεν
3281 4104 3313 4172 ἡ
3339 4103 3435 4155 τοῦ
3474 4104 3684 4175 Ἰσραὴλ

2116 4198 2415 4269 βεϐὴλωσις
2460 4192 2549 4267 ἧν.
2586 4196 2658 4248 Ού
2702 4197 2810 4267 γὰρ
2844 4196 3144 4266 κατέληγον
3190 4197 3390 4247 ἐκεῖναι
3436 4195 3542 4248 τῶν
3587 4212 3677 4247 παι

2113 4290 2299 4363 τρῴων
2338 4290 2628 4359 ὲθῶν,ξάλ).’
2656 4290 2944 4359 ὲλάτρευον
2980 4290 3078 4367 μὲν
3112 4287 3349 4352 εἰδώλοις
3380 4288 3481 4350 ἔτι,
3522 4306 3689 4358 προσ-

431 4363 535 4431 ptis
566 4363 890 4428 habitarent,
921 4365 1081 4421 simul
1102 4368 1370 4435 inquinari
1398 4380 1451 4424 ct
1496 4370 1661 4424 Deum
1698 4370 1993 4427 offendere.

2107 4384 2328 4438 εκύνουν
2353 4383 2409 4435 δὲ
2441 4384 2536 4436 καὶ
2564 4384 2629 4452 τῇ
2663 4384 2891 4453 στρατιᾷ
2936 4381 3025 4434 τοῦ
3056 4380 3311 4452 ούρανοῦ,
3346 4382 3439 4434 καὶ
3466 4377 3533 4450 ἦν
3568 4399 3687 4443 πως

431 4456 504 4511 De
531 4458 612 4512 bis
641 4461 692 4513 in
722 4459 873 4513 libris
905 4460 1089 4514 Esdrae
1117 4460 1282 4515 multa
1317 4461 1627 4516 scribuntur
1654 4463 1719 4516 “.
1773 4464 2007 4519 Accusat

431 4551 592 4619 igitur
619 4565 711 4606 eos
745 4552 1118 4606 universorum
1153 4552 1317 4616 Deus,
1339 4562 1395 4607 ut
1436 4569 1635 4608 uxores
1674 4555 2007 4611 Israelitidas

427 4644 541 4697 sive
574 4640 785 4698 iudicas
808 4653 1185 4712 aspernantes,
1210 4643 1439 4697 sceleste
1464 4654 1644 4696 autem
1679 4644 2008 4716 alienigena-

428 4748 545 4784 rum
575 4732 786 4786 liliabns
811 4734 1267 4797 adhaeresccutes,
1295 4748 1415 4787 cum
1446 4743 1625 4786 tamen
1693 4733 2000 4801 huiusmodi

427 4818 859 4886 coniunctionem
896 4823 979 4876 lex
1010 4824 1375 4877 interdiceret.
1404 4821 1601 4875 Verum
1630 4822 1734 4888 illi,
1771 4833 1879 4879 tam
1909 4840 2002 4880 ve-

426 4912 723 4965 nerandum
758 4914 1066 4967 mandatum
1090 4915 1271 4969 nescio
1294 4930 1399 4982 quo
1440 4916 1600 4968 modo
1624 4913 2000 4971 floccifacien-

428 5013 526 5067 tes,
553 5010 645 5056 aut
669 5002 955 5057 mulierum
983 5004 1164 5071 specie
1193 5005 1256 5056 ad
1288 5005 1595 5072 voluptates
1647 5005 1877 5061 lascivas
1902 5007 1999 5061 ab-

428 5095 895 5161 ripiebantur;aut
927 5093 1155 5150 fortasse
1178 5095 1477 5150 alienorum
1503 5096 1798 5167 amicitias,
1846 5114 1912 5153 ne
1943 5100 1993 5152 in

424 5189 569 5255 ipsos
587 5185 847 5240 bellarent
883 5194 1134 5254 tanquam
1159 5185 1270 5253 iam
1300 5187 1478 5241 socios
1517 5198 1569 5241 et
1596 5197 1817 5256 propter
1878 5206 1979 5243 nu-

421 5278 564 5344 ptias
588 5274 843 5330 aliinitate
865 5277 1308 5346 coniunctos,hac
1332 5278 1542 5333 ratione
1570 5290 1787 5348 captare
1810 5282 1996 5336 molie-

424 5367 637 5420 bantur.
672 5367 822 5433 Quod
846 5367 987 5422 aliud
1021 5367 1155 5420 nihil
1186 5378 1301 5422 erat
1325 5384 1485 5437 quam
1560 5370 1663 5423 lide
1726 5372 1995 5428 titubante

425 5456 739 5524 iniuriosius
774 5475 933 5531 agere
971 5475 1091 5515 cmn
1127 5459 1252 5525 Deo,
1291 5460 1448 5529 quasi
1473 5461 1564 5529 qui
1602 5476 1693 5515 eos
1757 5462 1823 5515 de
1878 5464 1996 5518 illo-

499 5630 540 5665 ⁸³
568 5632 720 5687 Deut.
744 5648 782 5698 ι,
824 5635 911 5690 l7.

2111 4472 2325 4541 ἀνάγκη
2358 4471 2483 4533 τοὺς
2518 4471 2639 4531 ταῖς
2690 4467 2833 4520 οὕτω
2866 4470 2963 4538 τὴν
2999 4468 3171 4538 φρένα
3210 4466 3688 4537 κατεφθαρμέναις

2110 4564 2495 4636 σονῳκηκότας
2554 4558 3117 4630 συγκαταμιαίνεσθαι
3172 4557 3265 4612 καὶ
3323 4556 3686 4630 προσκρούειν

2107 4656 2243 4725 Θεῷ.
2274 4656 2447 4718 Πολὺς
2475 4653 2531 4706 δέ
2554 4669 2616 4720 γε
2644 4652 2764 4703 λίαν
2792 4651 2820 4702 ό
2849 4650 2939 4703 ἐπί
2961 4666 3024 4718 γε
3053 4650 3295 4703 τουτοισὶ⁵
3318 4650 3509 4717 γέγονε
3533 4649 3689 4717 λόγος

2105 4750 2162 4800 ὲν
2204 4749 2317 4809 τοῖς
2350 4747 2554 4815 Ἔσδρα
2598 4743 2845 4814 βιϐλίοις.
2886 4743 3246 4795 Καταιτιᾶται
3280 4741 3461 4793 τοίνυν
3493 4740 3689 4803 αὑτοὺς

2103 4840 2131 4891 ό
2162 4838 2267 4891 τῶν
2297 4838 2434 4889 ὅλων
2461 4836 2612 4899 Θεὸς,
2642 4835 2717 4898 ὡς
2750 4834 2945 4903 γύναια
2976 4834 3072 4902 μὲν
3116 4831 3484 4900 ἀτιμάζοντας
3506 4830 3603 4893 τὰς
3629 4830 3687 4896 ἐξ

2103 4929 2335 4998 αἵματος
2377 4927 2590 4997 Ἰσραὴλ
2614 4927 2780 4997 ἤγουν
2808 4925 2901 4977 τοῦ
2939 4924 3131 4987 Ἰούδα,
3172 4922 3605 4994 προσκειμένους
3627 4920 3685 4973 δὲ

2102 5019 2328 5081 ἀνοσίως
2361 5020 2479 5080 ταῖς
2523 5017 2630 5069 τῶν
2664 5016 2976 5085 ἀλλοφύλων
3018 5016 3351 5088 θυγατράσι,
3385 5014 3559 5067 καίτοι
3589 5010 3684 5064 τοῦ

2102 5110 2267 5179 νόμου
2297 5109 2395 5177 τὴν
2428 5107 2641 5160 σύνοδον
2672 5106 3107 5173 ἀποφάσκοντος.
3147 5103 3287 5156 Ἀλλ’
3331 5103 3381 5154 oi
3409 5101 3513 5155 τῶν
3541 5098 3687 5153 οὑτω

2105 5194 2318 5248 σεπτῶν
2362 5195 2461 5247 οὑκ
2511 5190 2606 5247 οἷδ’
2657 5196 2804 5257 ὅπως
2853 5194 3319 5263 ὀλιγωρήσαντες,
3353 5192 3384 5244 θ
3431 5194 3545 5252 ταῖς
3576 5188 3685 5243 τῶν

2106 5286 2340 5354 γυναίων
2375 5284 2545 5357 ὥραις
2580 5285 2713 5355 πρὸς
2739 5284 2989 5352 ἀσελγεῖς
3016 5283 3209 5353 ἡδονὰς
3245 5280 3680 5352 ουνηρπάζοντο,

2107 5379 2137 5449 ἢ
2178 5377 2313 5447 τάχα
2347 5395 2449 5430 που
2481 5381 2599 5439 ταῖς
2632 5378 2693 5428 ἐκ
2724 5375 2831 5429 τῶν
2861 5376 3177 5444 ἀλλοφύλων
3208 5373 3415 5443 φιλίαις
3445 5369 3681 5440 ὑποτρὲο

2106 5483 2220 5536 χειν
2250 5466 2461 5536 ἢθελο),
2495 5466 2582 5523 ἴνα
2615 5466 2687 5536 μὴ
2727 5465 2987 5537 μάχοιντο
3034 5464 3169 5533 πρὸς
3214 5462 3411 5526 αὐτοὺς
3460 5460 3532 5523 ὡς
3577 5459 3678 5527 ἠδη

1005 5637 1045 5667 ¹⁸
1080 5639 1120 5690 ι.
1145 5637 1303 5692 Esdr.
1336 5653 1387 5703 Χ,
1419 5639 1600 5710 ﬁscqq
1628 5658 1643 5704 ;
1674 5640 1715 5695 ll
1745 5643 1894 5699 Esdr.
1935 5660 2003 5697 xu

2107 5674 2108 5684 η
2144 5654 2197 5699 ιιι
2231 5645 2299 5700 35
2325 5661 2509 5715 seqq;
2547 5644 2609 5697 ΙΙΙ
2640 5645 2787 5699 lisdr.
2817 5661 2889 5707 lx,
2924 5644 2955 5697 9
2978 5657 3126 5711 sum.
