4042 6196
268 274 380 329 327

1106 270 1672 331 COMMENTARIUS
1718 272 1787 327 IN
1826 273 2231 331 MALACHIAM
2274 275 2720 334 PROPHETAM.

3419 275 3525 331 318

267 384 628 455 γνωρίμους,
666 384 759 437 καὶ
794 384 893 457 τὴν
935 385 997 439 ἐκ
1033 386 1228 457 γάμων
1259 386 1482 458 ἔχοντας
1519 389 1854 461 ἀγχιστείαν.

1963 408 2078 446 rnm
2114 407 2273 451 manu
2312 396 2542 464 eripere,
2576 407 2672 448 seu
2710 388 2951 463 potentia
2982 386 3401 457 alienigenarum
3430 402 3527 444 su-

270 472 453 526 Τοῦτο
475 472 533 526 δὲ
568 475 664 527 καὶ
691 473 877 543 ἕτερον
902 475 1052 528 οὐδὲν
1081 476 1116 549 ἢ
1143 479 1261 540 ταῖς
1290 478 1686 547 ὀλιγοπιστίαις
1717 479 1852 533 καθ-

271 563 502 636 υΰρίσαι
532 563 695 628 Θεὸν,
728 564 805 629 ὡς
835 565 933 636 τῆς
977 566 1202 621 ἐκείνων
1235 568 1414 639 χειρὸς
1457 570 1735 635 ἐξελέσθαι
1777 571 1852 643 μὴ

271 654 615 724 δυνάμενον,
670 654 841 725 ήγουν
897 656 1179 725 ἀποφῆναι
1239 659 1553 728 κρείττονας
1622 661 1723 732 τῆς
1792 663 1851 730 ἐξ

272 742 596 813 ἀλλοφύλων
623 742 954 809 πλεονεξίας.
1000 746 1218 799 Ἐλύπει
1251 746 1314 818 δὴ
1355 744 1447 802 οὖν
1492 750 1634 804 κατά
1675 751 1854 805 πάντα

271 837 482 908 τρόπον
515 836 577 889 τὸ
609 836 802 907 χρῆμα
842 836 995 890 Θεὸν.
1034 837 1218 911 Ταύτῃ
1250 855 1334 892 τοι
1362 841 1582 911 καὶτῆς
1611 842 1855 912 ἐμφύτου

275 925 670 997 φιλοστοργίας
694 925 1026 993 ἀλογοῦντας
1053 925 1296 996 βλέπων,
1323 929 1458 1000 φησί
1476 948 1490 961 ο
1526 950 1544 982 ι
1567 933 1702 1001 Οὐχὶ
1723 932 1855 997 Θεὸς

273 1012 364 1081 εἷς
409 1017 624 1070 ἔκτισεν
670 1018 845 1087 ὑμᾶςς
878 1018 1013 1088 Οὐχὶ
1061 1019 1244 1090 πατὴρ
1291 1013 1373 1084 είς
1417 1021 1635 1075 πάντων
1669 1024 1854 1094 ὑμῶνξ

274 1107 349 1160 Τί
379 1108 465 1160 ὅτι
508 1107 896 1175 ἐγκατελίπετε
942 1108 1170 1172 ἕκαστος
1203 1109 1294 1164 τὸν
1329 1112 1558 1180 ἀδελφὸν
1604 1112 1797 1177 αὐτοῦς
1831 1133 1849 1165 ι

274 1193 381 1262 Εἷς
407 1198 507 1269 μὲν
536 1197 645 1269 γὰρ
668 1200 697 1252 ὁ
727 1197 944 1253 πάντων
970 1199 1086 1252 ἐστὶ
1114 1200 1457 1272 Δημιουργος
1475 1241 1490 1266 ,
1528 1204 1623 1256 καὶ
1663 1204 1780 1268 ἐνὸς
1806 1207 1855 1258 oi

273 1289 487 1351 πάντες
515 1289 805 1354 Δεσπότου,
840 1287 1165 1360 βουλομένου
1213 1291 1514 1346 συνδεῖσθαι
1541 1292 1602 1346 τὸ
1636 1294 1856 1365 ποιηθὲν

272 1382 364 1443 εἰς
394 1379 589 1433 ἕνωσιν
615 1380 709 1433 καὶ
742 1381 1048 1451 ὀμοψυχίαν
1076 1384 1189 1445 τοῖς
1215 1383 1317 1452 τῆς
1348 1384 1567 1455 ἀγάπης
1593 1384 1813 1454 δεσμοῖς
1838 1403 1852 1417 ·

275 1470 345 1522 Ei
378 1468 482 1541 μὲν
513 1469 623 1541 γὰρ
652 1465 793 1541 ἦσαν
823 1469 915 1523 δύο
941 1470 1054 1525 θεοὶ
1096 1472 1189 1526 καὶ
1221 1472 1421 1544 κύριοι,
1448 1474 1481 1545 ἢ
1514 1475 1606 1527 καὶ
1636 1475 1858 1539 πλείους

268 1560 385 1624 ἔτι,
415 1561 481 1615 τὸ
511 1561 737 1626 ἀπεικὸς
758 1562 909 1617 οὐδὲν
956 1566 1079 1628 ταῖς
1101 1563 1211 1618 τῶν
1244 1566 1585 1635 ποιησάντων
1609 1568 1858 1639 γνώμαις

276 1650 863 1724 συγκαταμερίζεσθαι
914 1651 985 1708 τά
1041 1655 1359 1725 ποιήματα,
1417 1656 1512 1710 καὶ
1559 1658 1660 1728 τὴν
1719 1658 1858 1731 πρὸς

274 1741 490 1813 ἄλληλα
526 1743 715 1797 στάσιν
741 1744 1071 1818 εὐαφόρμως
1119 1744 1488 1816 εἰσδέχεσθαι,
1522 1748 1663 1806 κατά
1705 1730 1859 1818 γετὸ
1889 1730 1931 1785 Β

274 1835 395 1899 τοῖς
441 1837 703 1909 κρατοῦσι
748 1836 959 1892 δοκοῦν,
1018 1837 1234 1909 Ἐπειδὴ
1279 1838 1336 1892 δὲ
1382 1832 1465 1901 εἷς
1514 1840 1661 1895 ἐστιν
1700 1834 1730 1894 ι
1768 1840 1893 1895 διάπ

281 1927 503 1980 πάντων
538 1928 633 1980 καὶ
664 1929 723 1980 ἐν
740 1928 885 1981 ίπᾶσι
914 1928 1009 1981 καὶ
1041 1928 1135 1981 ἐπὶ
1171 1929 1379 1993 πάντας
1409 1929 1563 1993 Θεὸς,
1602 1930 1729 1986 ποία
1775 1948 1860 1995 τις

285 2017 350 2071 ἂν
372 2016 589 2086 γένοιτο
611 2018 710 2087 τῆς
733 2017 998 2089 διχονοίας
1026 2019 1331 2090 πρόφασις;
1365 2020 1474 2073 Καὶ
1510 2020 1697 2093 ἐπειδὴ
1723 2022 1861 2093 πρὸς

281 2107 460 2179 τούτῳ
502 2107 598 2164 καὶ
639 2103 719 2172 εἷς
769 2109 798 2162 ὁ
845 2110 1064 2164 πάντων
1111 2111 1218 2165 τῶν
1257 2111 1523 2166 Ἰουδαίων
1556 2113 1673 2169 ἐστὶ
1719 2111 1860 2167 κατά

285 2202 468 2273 σάρκα
514 2199 717 2273 πατὴρ,
744 2201 1014 2265 τουτέστι,
1044 2204 1072 2256 ὁ
1102 2201 1388 2267 Θεσπέσιος
1427 2202 1698 2274 ’Δδραάμ,
1723 2203 1775 2256 τί
1798 2202 1860 2256 τὸ

279 2292 576 2347 ἀναπεῖθον
594 2294 696 2364 τὴν
722 2293 822 2364 τῆς
852 2295 1034 2363 φιλίας
1065 2294 1399 2367 εἰσδέχεσθαι
1426 2295 1618 2362 νόσον;
1648 2297 1717 2349 Ἥ
1743 2294 1859 2360 πῶς

280 2386 389 2440 οὐκ
419 2384 711 2440 ἀκόλουθον
745 2388 859 2450 τοῖς
902 2386 962 2454 ἐξ
1010 2386 1240 2456 αἵματος
1272 2386 1439 2455 ἐγγὺς
1474 2386 1547 2450 ὡς
1591 2387 1649 2439 ἐν
1694 2385 1861 2455 ὀφλή-

284 2494 460 2548 ματος
496 2476 647 2542 τάξει
685 2476 1069 2531 κατατίθεσθαι
1111 2478 1208 2548 τὴν
1257 2478 1506 2549 ἀγάπην;
1556 2478 1680 2541 Πῶς
1709 2477 1767 2531 δὲ
1797 2477 1858 2531 οὑ

286 2570 488 2641 μανίας
516 2569 683 2638 ἐγγὺς
722 2570 785 2623 τὺ
825 2572 944 2632 ταῖς
986 2569 1096 2623 τῶν
1128 2570 1442 2639 ἀλλοφύλων
1481 2569 1863 2641 ἐπιμαίνεσθαι

286 2660 615 2733 θυγατράσι,
649 2661 748 2725 τὰς
772 2661 913 2717 οίκοι
945 2679 1003 2715 τε
1034 2663 1129 2714 καὶ
1158 2664 1223 2714 ἐκ
1255 2662 1445 2730 γένους
1478 2663 1860 2733 ἀτιμάζοντας,

286 2753 378 2809 ἵνα
406 2752 723 2824 βεδηλὼσῃς
764 2753 934 2824 αὐτὴν
959 2753 1197 2807 διάθεσιν
1224 2754 1402 2807 αὐτῶν
1430 2753 1539 2808 τῶν
1577 2754 1860 2823 πατέρων;

286 2844 641 2915 Τετηρήκασι
681 2844 790 2915 γάρ
819 2845 1015 2897 ἐκεῖνοι
1046 2844 1113 2896 τὰ
1137 2847 1248 2908 τοῖς
1272 2843 1439 2909 θείοις
1472 2846 1659 2915 νόμοις
1679 2844 1863 2915 διηγο-

288 2935 531 3007 ρευμένα
560 2936 691 3007 περὶ
726 2936 1003 3004 γυναικῶν
1031 2934 1273 2989 ὀθνείων.
1298 2937 1534 2990 Ἤκουον
1561 2936 1692 3008 γάρ’
1717 2936 1860 3007 «Τὴν

286 3028 566 3100 θυγατέρα
598 3043 691 3082 σου
726 3028 788 3080 οὐ
823 3027 1014 3091 δώσεις
1047 3026 1122 3097 τῷ
1152 3026 1252 3097 υἱῷ
1277 3026 1443 3082 αὐτοῦ
1465 3044 1478 3057 ο
1509 3029 1604 3081 καὶ
1627 3026 1725 3090 τὴν
1764 3025 1860 3079 θυ-
1888 3061 1936 3122 C

284 3119 496 3191 γατέρα
524 3118 691 3172 αὑτοῦ
721 3118 782 3171 οὑ
813 3117 958 3189 λήψῃ
985 3117 1063 3187 τῷ
1094 3116 1192 3188 υίῷ
1233 3134 1349 3171 σου.
1391 3118 1717 3188 Ἀποστήσει
1755 3116 1861 3190 γὰρ

283 3209 379 3262 τὸν
424 3208 541 3262 υίὸν
593 3224 687 3260 σου
732 3207 828 3261 ἀπ’
883 3206 1039 3277 ἐμοῦ,
1097 3206 1192 3259 καὶ⁵
1248 3204 1532 3277 πορευθεὶς
1578 3204 1865 3276 λατρεύσει

284 3303 432 3365 θεοτς
474 3299 759 3372 ἐτέροις.,›
809 3300 873 3352 Ui
923 3298 980 3351 δὲ
1035 3299 1166 3368 παρ’
1207 3296 1359 3350 οὐδὲν
1404 3294 1760 3367 ποιησάμενοι
1804 3294 1864 3349 τδ

285 3391 588 3466 χρησμῴὁη
598 3409 693 3463 μα,
719 3392 1066 3461 πεπατὴκασι
1093 3389 1189 3444 τὸν
1214 3390 1397 3461 νόμον,
1422 3391 1534 3453 καὶ,
1555 3388 1617 3442 τό
1646 3405 1707 3458 γε
1730 3383 1865 3460 ἧκον

287 3487 367 3549 είς
407 3485 632 3549 αὐτοὺς,
667 3483 872 3555 ἀδρανῆ
917 3485 1008 3537 καὶ
1047 3482 1272 3554 βέϐηλον
1301 3480 1723 3534 άποτετελέκασι
1768 3478 1866 3547 τὴν

288 3574 578 3645 διαθήκην,
604 3572 895 3636 λυποῦντες
926 3574 1045 3635 ταῖς
1074 3569 1420 3643 παραϐάσεσι
1447 3568 1556 3622 τῶν
1580 3568 1758 3639 νόμων
1775 3567 1866 3619 τὸν

289 3667 532 3737 ἄριστον.
571 3661 982 3737 Κατατεθηπὼς
1014 3662 1069 3715 δὲ
1101 3661 1288 3732 ὥσπερ
1336 3661 1397 3714 τὸ
1433 3659 1728 3730 δρώμενον,
1775 3657 1867 3710 καὶ

290 3753 613 3824 ἀδικωτάτῳ
646 3753 791 3824 μίσει
834 3752 1321 3826 πλεονεκτούμενον
1356 3752 1567 3823 βλέπων
1596 3751 1655 3803 τὸ
1682 3750 1742 3815 ἐξ
1785 3748 1867 3801 αἵ-

292 3863 463 3917 ματος
501 3845 677 3900 Ἰούδα
721 3845 830 3899 τῶν
856 3846 1094 3914 γυναίων
1139 3846 1311 3909 ἔθνος,
1356 3843 1547 3911 ἐπάγει
1576 3842 1668 3895 καί
1697 3857 1862 3910 φησιο

296 3936 770 4007 ιἘγκατελείφθη
806 3936 1027 4000 Ἰούδας,
1062 3955 1080 3988 ι
1143 3935 1236 3989 καὶ
1278 3937 1335 3988 ἐν
1374 3936 1485 3998 τοῖς
1523 3933 1867 3985 κατοικοῦσιν

297 4027 678 4099 Ἰερουσαλὴμ,
707 4028 967 4098 Ὧ,φησὶ,
1013 4026 1312 4098 παραδόξου
1357 4022 1712 4096 πράγματοςί
1765 4021 1866 4075 οὐκ

301 4119 637 4188 ’Δσσυρίοις,
674 4120 734 4173 οὐ
772 4120 1029 4189 Πέρσαις,
1067 4119 1166 4172 οὐκ
1205 4116 1541 4187 Ἐλαμίταις,
1574 4115 1632 4168 οὐ
1660 4116 1773 4178 τοῖς
1802 4115 1866 4167 ἐκ

172 4268 185 4273 ρ
286 4209 553 4278 γειτόνων
595 4210 843 4280 ἐχθροῖς,
890 4210 1005 4267 ἀλλ’
1040 4208 1188 4280 αὐτῷ
1220 4206 1297 4278 τῷ
1340 4206 1574 4280 Ἰσραὴλ,
1620 4207 1713 4260 καὶ
1756 4206 1866 4268 τοῖς

286 4300 608 4354 κατοικοῦσι
642 4301 740 4374 τὴν
777 4300 1131 4374 Ἰερουσαλὴμ
1175 4298 1427 4370 βδελυρός
1473 4315 1534 4351 τε
1584 4300 1677 4351 καὶ
1731 4312 1863 4349 κατ-

1955 485 2196 552 periores
2238 485 2463 543 reddere
2511 484 2778 553 nequiret.
2832 479 3170 537 Omnlmodis
3205 479 3368 550 igitur
3412 476 3524 534 Deo

1955 574 2056 633 ista
2082 591 2165 631 res
2200 576 2437 631 dolebat.
2481 575 2637 632 Unde
2682 588 2776 629 eos
2846 573 3221 643 ingeneratum
3282 583 3523 623 amorem

1955 676 2300 721 contemnere
2320 680 2572 730 cernens,
2603 666 2677 720 ait
2710 682 2725 718 :
2763 680 2782 715 ι
2817 660 3006 716 Nonne
3039 675 3177 715 unus
3200 660 3342 713 Deus
3372 672 3527 712 crea-

1956 755 2031 809 vit
2085 755 2221 810 vos?
2250 754 2440 812 Nonne
2466 755 2626 810 Pater
2658 769 2796 809 unus
2822 749 3106 809 omnium?
3131 748 3267 815 Quid
3295 745 3527 814 estquod

1956 850 2325 918 unusquisque
2361 846 2656 917 reliquistis
2691 844 2913 899 fratrem
2941 840 3146 897 suum?
3186 858 3205 891 ι
3243 837 3389 893 Unus
3424 845 3529 892 ~est

1953 942 2099 996 enim
2124 942 2499 996 universorum
2528 937 2729 1008 ομπος,
2755 943 2808 992 et
2833 948 3022 990 omnes
3051 931 3212 985 unius
3249 928 3381 983 estis
3426 925 3530 980 Do-

1957 1032 2107 1095 mini,
2138 1030 2226 1098 qui
2279 1031 2420 1100 quod
2442 1029 2684 1085 condidit
2708 1033 2774 1081 ad
2801 1026 3056 1081 unionem
3096 1032 3152 1075 et
3181 1018 3525 1075 concordiam

1956 1118 2186 1173 vinculis
2218 1118 2499 1173 charitatis
2529 1115 2783 1182 colligare
2822 1114 2953 1167 vult.
2980 1111 3193 1165 Etenim
3237 1110 3281 1162 si
3344 1115 3529 1160 essent

1956 1208 2062 1264 duo
2105 1207 2177 1262 dii
2214 1222 2277 1262 ac
2302 1206 2525 1268 domini,
2555 1214 2645 1258 aut
2679 1205 2842 1258 etiam
2878 1202 3080 1271 plures,
3115 1200 3351 1253 alienum
3394 1194 3526 1247 nihil

1958 1297 2095 1354 foret
2131 1313 2217 1353 res
2245 1298 2491 1353 conditas
2514 1298 2667 1365 juxta
2699 1294 3038 1349 conditorum
3098 1289 3402 1343 voluntates
3448 1284 3529 1339 di-

1956 1387 2062 1443 vidi
2092 1402 2155 1442 ae
2179 1387 2411 1454 secerni,
2434 1395 2489 1440 et
2528 1384 2629 1439 levi
2666 1383 2954 1439 occasione
2980 1380 3083 1435 sibi
3139 1378 3373 1432 invicem
3423 1375 3522 1429 ad-

1958 1478 2185 1541 versari,
2218 1475 2629 1547 proutdominis
2652 1474 2785 1544 ipsis
2809 1472 3022 1526 liberet.
3047 1468 3313 1537 Quoniam
3346 1473 3525 1519 autem

1957 1584 2097 1625 unus
2121 1578 2204 1623 est
2232 1584 2327 1639 per
2351 1569 2530 1623 omnia
2558 1575 2613 1622 et
2634 1567 2686 1621 in
2741 1564 2994 1620 omnibus
3045 1569 3101 1615 et
3153 1572 3316 1628 super
3349 1554 3530 1611 omnia

1962 1662 2100 1716 Deus
2136 1660 2201 1728 ",
2239 1674 2359 1727 quae
2386 1658 2601 1713 tandem
2632 1672 2755 1713 esse
2781 1663 2945 1725 queat
2979 1649 3345 1707 dissensionis
3372 1658 3533 1702 occa-

1959 1752 2164 1809 sio?Et
2196 1749 2448 1820 quoniam
2476 1749 2699 1817 insuper
2721 1761 2862 1801 unus
2910 1752 2996 1799 est
3041 1743 3283 1798 omnium
3313 1737 3532 1792 Iudaeo-

1961 1859 2080 1901 rum
2116 1851 2269 1913 pater
2284 1840 2580 1897 secundum
2611 1852 2859 1902 carnem,
2890 1834 3108 1889 divinus
3132 1844 3326 1897 nempe
3355 1827 3533 1882 Abra-

1959 1936 2107 2000 ham,
2163 1932 2293 2003 quid
2347 1939 2432 1987 est
2480 1933 2623 2000 quod
2682 1927 2977 1983 amicitiam
3027 1918 3362 1979 labefactet‘!
3422 1919 3533 1972 Aut

1959 2027 2228 2097 quomodo
2245 2035 2579 2091 consequens
2603 2035 2706 2074 non
2735 2026 2819 2073 est
2847 2012 3261 2085 consanguineis
3291 2021 3530 2063 amorem

1959 2127 2017 2171 ut
2045 2115 2286 2171 debitum
2332 2110 2676 2183 persolvere?
2707 2106 2992 2177 Quomodo
3014 2112 3193 2157 autem
3242 2113 3347 2155 non
3396 2109 3534 2167 pene

1959 2206 2242 2271 furiosum,
2270 2202 2585 2260 domesticis
2623 2209 2677 2254 et
2710 2213 2776 2253 ex
2803 2197 2991 2252 eodem
3014 2202 3223 2264 'genere
3258 2184 3535 2258 prognatis

1959 2296 2276 2368 coniugibus
2305 2294 2596 2362 despectis,
2616 2304 2781 2361 super
2799 2298 3107 2342 exterorum
3145 2279 3354 2335 filiabus
3392 2276 3536 2330 insa-

1960 2363 2163 2453 ttire,ttt
2193 2391 2571 2440 testamentum
2604 2382 2777 2450 ipsum
2804 2384 3018 2446 patrum
3055 2369 3220 2443 842
3245 2363 3537 2437 proianesi

1959 2478 2228 2534 lllisenim
2248 2474 2443 2531 divinis
2466 2471 2669 2545 legibus
2690 2469 2755 2524 de
2808 2464 3106 2535 peregrinis
3145 2459 3404 2514 uxoribus
3454 2455 3538 2509 iu-

1963 2572 2191 2627 terdicta
2215 2576 2517 2624 servarunt.
2553 2558 3014 2623 Audiebantenim
3044 2573 3058 2609 :
3102 2572 3121 2606 ι
3160 2552 3353 2605 Filiam
3386 2556 3534 2600 tuam

1964 2678 2071 2718 non
2111 2660 2265 2715 dabis
2295 2658 2405 2712 [ilio
2437 2654 2553 2723 ejus
2586 2671 2599 2706 :
2646 2662 2697 2707 et
2750 2649 2912 2704 ﬁliam
2951 2644 3121 2714 ipsius
3149 2656 3254 2696 non
3296 2635 3534 2705 accipies

1964 2751 2074 2804 tilio
2113 2757 2222 2801 tuo.
2261 2744 2494 2799 Seducet
2514 2741 2660 2797 enim
2692 2739 2858 2792 lilium
2889 2744 3038 2789 tuum
3072 2747 3103 2786 α
3136 2746 3242 2798 me,
3268 2739 3321 2782 et
3344 2727 3535 2780 abiens

1963 2842 2164 2897 serviet
2185 2837 2289 2892 diis
2320 2833 2518 2889 alienis
2541 2831 2606 2886 ¹⁸.
2638 2848 2657 2882 ι
2697 2829 2798 2884 Ast
2831 2826 2891 2881 hi
2916 2822 3193 2881 oraculum
3239 2816 3391 2873 nihili
3452 2813 3535 2868 ia-

1964 2934 2170 2987 cientes
2198 2929 2371 2998 legem
2400 2923 2811 2982 conculcarnnt,
2875 2926 2932 2972 et
2984 2922 3250 2987 quantum
3304 2910 3358 2964 in
3404 2907 3537 2976 ipsis

1966 3024 2069 3080 fuit
2092 3027 2471 3077 teStamentum
2496 3014 2861 3072 inlirmarunt,
2888 3016 2944 3062 et
2973 3004 3258 3073 profanum
3284 2998 3536 3055 reddide-

1967 3127 2112 3179 runt,
2140 3126 2262 3167 eum
2293 3108 2383 3179 qui
2418 3105 2658 3177 optimus
2680 3111 2774 3179 est
2805 3100 2982 3168 legum
3006 3095 3297 3151 violatione
3331 3088 3538 3145 contri-

1964 3177 2188 3262 stantes.
2222 3177 2689 3270 ‘Ohstnpefactus'
2741 3197 2919 3246 autem
2983 3182 3372 3259 propemodum
3447 3179 3538 3233 tali

1966 3288 2132 3364 facto,
2158 3306 2210 3350 et
2238 3294 2363 3350 odio
2413 3268 2759 3357 iniquissimo
2799 3295 2973 3351 genus
3022 3276 3304 3331 mulierum
3352 3268 3541 3325 .Iudai-

1966 3363 2150 3449 carum
2185 3399 2501 3459 oppressum
2536 3392 2786 3442 cernens,
2808 3375 2922 3427 hinc
2953 3369 3143 3425 addit:
3183 3386 3201 3419 ι
3241 3363 3540 3420 Derelietus

1965 3495 2044 3540 est
2075 3482 2260 3545 ludas,
2292 3496 2311 3530 ι
2342 3486 2395 3531 et
2422 3473 2563 3543 apud
2594 3470 2901 3523 habitantes
2935 3459 3261 3522 Jerusalem,
3293 3471 3328 3510 ο
3392 3467 3530 3516 rem,

1968 3576 2162 3645 inquit,
2195 3566 2554 3637 inopinatam!
2599 3576 2703 3615 non
2739 3558 2880 3627 apud
2930 3552 3206 3625 Assyrios,
3248 3564 3355 3602 non
3408 3545 3540 3602 Per.

1968 3682 2078 3730 sas,
2110 3680 2213 3718 non
2238 3661 2520 3720 Elamitas,
2558 3669 2661 3708 non
2692 3649 2901 3705 vicinos
2929 3648 3135 3709 hostes,
3159 3641 3254 3697 sed
3302 3639 3358 3693 in
3423 3637 3540 3707 ipso

1966 3729 2132 3813 Israel
2169 3763 2223 3810 et
2276 3751 2650 3808 habitantibus
2692 3742 2998 3801 Jerusalem
3053 3729 3436 3793 ahominabilis
3484 3738 3540 3783 et

1965 3847 2187 3902 odiosus
2218 3843 2389 3897 factus
2416 3849 2519 3904 est,
2550 3840 2601 3892 id
2631 3844 2734 3898 est,
2763 3849 2936 3905 genus
2962 3846 3027 3884 ex
3064 3827 3199 3882 .Inda
3247 3834 3301 3879 et
3349 3819 3542 3877 mulie-

1969 3952 2084 3991 rum
2113 3932 2558 4004 propinquiorum
2587 3927 2771 3981 infelix
2803 3918 3117 3976 multitudo.
3176 3913 3330 3968 Scire
3361 3918 3538 3964 autem

1965 4028 2091 4100 licet
2109 4025 2354 4080 lsraelem
2377 4021 2557 4077 vocari
2582 4022 2765 4091 decem
2792 4014 2965 4069 tribus
2991 4023 3134 4080 qua},
3155 4015 3282 4060 ante
3300 4011 3541 4069 tempora

1967 4091 2315 4188 captivitatis,
2351 4110 2652 4165 Samariam
2682 4104 3007 4167 incolebant,
3035 4112 3172 4168 quas
3223 4102 3275 4148 ct
3331 4091 3539 4160 primus

1968 4177 2308 4275 ist-Assyrios
2336 4210 2389 4255 et
2419 4199 2602 4253 Medos
2651 4194 3003 4250 Salmanasar
3036 4183 3314 4242 transtulit
3337 4181 3400 4235 ¹⁹.
3437 4177 3544 4232 lla-

1968 4298 2204 4353 bitantes
2239 4306 2365 4346 vero
2397 4287 2695 4342 Jerusalem
2725 4282 2845 4337 illos
2866 4280 3111 4336 nominat
3174 4288 3310 4343 quos
3364 4270 3545 4325 Nabn-
3648 4308 3655 4313 .

286 4391 603 4462 ηχθημένος
627 4356 902 4463 γέγονενιό
940 4356 1487 4456 Ἰούδάςίτουτέσέιν,
1517 4389 1578 4441 τὸ
1605 4389 1662 4454 ἐξ
1695 4386 1863 4439 Ἰούδα

1969 4385 2327 4444 chodonosor,
2365 4387 2605 4444 tempore
2658 4381 2945 4441 postrema:
3005 4361 3368 4434 captivitatis.
3412 4356 3545 4411 sub-

474 4484 570 4537 καὶ
603 4446 649 4556 ﬂ.
672 4446 781 4539 tt'bv
807 4446 1158 4556 ἀγχιιιτέρων⁷
1180 4481 1415 4551 γυναίων
1443 4446 1602 4534 ἀθλία
1630 4446 1857 4548 πληθύς.

1962 4474 2194 4561 iugavit,
2218 4466 2589 4535 Hierosolyma
2622 4473 2675 4518 et
2702 4463 2816 4531 ipso
2843 4459 3024 4511 divino
3065 4452 3262 4521 templo
3285 4446 3540 4510 incensis,

298 4538 502 4628 Ἰστέον
533 4574 589 4628 δὲ
739 4538 955 4647 Ἰσραιίξλ
984 4538 1080 4646 μέν
1107 4538 1362 4643 ὀνομάζει
1392 4572 1491 4636 τὰς
1528 4571 1660 4625 δέκα
1690 4538 1863 4642 φυλάς

1962 4538 2103 4638 quos
2135 4575 2190 4618 et
2239 4564 2291 4618 in
2351 4558 2677 4632 Babylonem
2731 4550 2955 4606 abduxit
2985 4548 3054 4604 ’°.
3085 4546 3320 4599 Accusat
3354 4538 3540 4605 igitur,

286 4663 346 4717 αἲ
377 4667 769 4737 κατῳκήκασίν
792 4668 848 4721 ἐν
870 4670 937 4738 τῇ
966 4664 1269 4739 Σαμαρείᾳ,
1288 4666 1394 4736 πρὸ
1424 4664 1532 4718 τῶν
1553 4662 1654 4733 τῆς
1707 4662 1861 4731 αἰχμο

286 4749 527 4815 αλωσίας
560 4752 784 4822 καιρῶν,
812 4753 879 4815 ἀς
909 4753 1003 4806 καὶ
1037 4752 1253 4823 πρῶτον
1288 4753 1564 4822 ἀπῴκισεν
1584 4753 1613 4804 ὁ
1647 4740 1864 4819 Σαλμα-

290 4843 466 4915 νάσαρ
496 4845 580 4916 είς
619 4846 940 4916 Ἀσσυρίους
976 4845 1069 4899 καὶ
1108 4845 1346 4917 Μήδους.
1378 4844 1516 4907 Τοὺς
1544 4842 1603 4897 δέ
1634 4859 1698 4910 γε
1731 4858 1862 4895 κατ-

290 4933 577 4998 οικοῦντας
617 4936 966 5007 Ἰερουσαλὴμ
1000 4936 1242 4993 ἐκείνους
1278 4930 1414 4989 εἷναί
1440 4952 1573 5005 φησι
1603 4932 1697 4996 οὓς
1722 4927 1869 4987 εἶλεν

288 5024 319 5080 ἁ
344 5024 842 5097 Ναϐουχοδονόσορ,
890 5027 1030 5083 κατὰ
1061 5027 1152 5080 τὸν
1185 5025 1372 5096 καιρὸν
1418 5025 1518 5092 τῆς
1551 5023 1868 5087 τελευταίας

1970 4656 2078 4711 imo
2106 4666 2233 4707 vero
2253 4664 2356 4704 non
2384 4624 2574 4702 leviter
2598 4658 2693 4699 eos
2726 4642 3025 4695 insectatur
3068 4632 3233 4705 quod,
3306 4624 3546 4684 dimissis

1970 4761 2035 4802 ex
2075 4743 2209 4799 Jnda
2241 4740 2523 4801 uxoribus.
2568 4752 2634 4791 ex
2669 4730 2984 4802 alienigenis
3018 4732 3306 4797 prognatas
3343 4715 3547 4775 nefarie

1972 4838 2302 4899 asciverant,
2329 4828 2578 4902 quamvis
2606 4825 2848 4896 paternis
2886 4822 3000 4877 suis
3034 4818 3294 4877 moribus,
3327 4820 3386 4866 ut
3422 4817 3547 4864 ante

1973 4930 2105 4993 dixi,
2131 4899 2391 4982 tenaciter
2412 4922 2834 4984 adhaerentes,et
2856 4917 2909 4971 in
2932 4927 3091 4968 emno
3113 4904 3438 4967 idololatriae
3454 4899 3548 4956 ad-

1962 5023 2078 5097 huc
2114 5033 2234 5074 sese
2266 5015 2595 5070 volutantes.

287 5120 702 5189 αἰχμαλωσίας,
734 5091 1129 5194 κατεμπρήσας
1159 5121 1226 5175 τά
1261 5091 1629 5192 Ἰεροσόλυμα,
1656 5120 1748 5172 καὶ
1782 5093 2027 5171 αὑτὸνδὲ
2056 5116 2148 5169 τὸν
2211 5112 2353 5166 θεῖον
2413 5109 2707 5180 ἐμπρήσας
2772 5103 2924 5166 ναὸν,
2956 5100 3050 5164 οὓς
3089 5098 3185 5153 καὶ
3215 5091 3548 5194 ἀπεκόμιςξν

289 5207 370 5269 είς
406 5204 722 5263 Βαϐυλῶνα.
752 5174 1025 5273 Αίτιίὶτάιί
1056 5174 1255 5279 μάλλον
1275 5174 1413 5261 δὲόὐ
1448 5174 1673 5278 μετρίαν
1730 5205 1908 5259 αὐτῶν
1946 5206 2181 5258 ποιεῖται
2200 5201 2300 5273 τὴν
2322 5174 2600 5268 κατοίϐοείγν⁷
2653 5197 2734 5249 ὅτι
2763 5194 2852 5263 δὴ,
2886 5190 3141 5262 μεθέντες
3166 5185 3263 5245 τὰς
3293 5179 3352 5243 ἐξ
3379 5174 3545 5230 ’10⁸5ὂο

290 5302 585 5367 γυναῖκας,
629 5301 961 5373 είσεδέχοντο
994 5264 1325 5371 παρανόμως
1364 5264 1462 5360 τάξ
1488 5264 1565 5351 ἐκ¹
1606 5296 1714 5351 τῶν
1757 5294 2090 5365 ἀλλοφύλων,
2123 5264 2323 5353 καίτοι,
2379 5264 2630 5358 καθάπερ
2682 5285 2780 5357 ήδη
2850 5274 3254 5354 προεῖπον,τῶν
3279 5264 3546 5340 πατρῴων

288 5393 439 5449 ἐθῶν
481 5393 652 5465 ἀπρὶξ
698 5393 984 5463 ἐχομένας,
1035 5394 1132 5446 καὶ
1168 5394 1281 5455 τοῖς
1325 5391 1423 5462 τῆς
1471 5389 1913 5460 είδωλολατρείας
1953 5385 2236 5459 βορϐόροις
2266 5380 2754 5453 ἐγκυλινδουμένας
2786 5378 2887 5431 ἔτι.

363 5486 826 5559 Παραφυλακιιέον
856 5486 913 5539 δὲ
946 5485 1038 5538 καὶ
1065 5488 1196 5555 ἡμῖν
1221 5484 1402 5546 αὐτοῖς
1426 5485 1538 5546 τοῖς
1565 5483 1620 5533 ἐν
1646 5479 1865 5550 Χριστῷ

2042 5456 2350 5533 Cavendum
2375 5483 2553 5528 autem
2579 5479 2631 5526 et
2659 5469 2813 5523 nobis
2854 5465 2982 5534 ipsis
3015 5464 3068 5516 in
3095 5459 3314 5517 Christo
3342 5456 3547 5528 inslili-

365 5666 412 5699 "
448 5663 645 5732 Epltes.
678 5680 750 5729 tv,
788 5665 841 5720 6.
923 5663 963 5695 ⁸⁸
999 5665 1153 5716 Dent.
1182 5677 1278 5727 \‘lt,
1306 5659 1359 5723 '5,
1397 5658 1445 5711 ι.
1562 5657 1601 5687 ⁸³
1629 5653 1688 5710 ιν
1726 5656 1855 5724 Reg.

1962 5667 2038 5717 Ill,
2071 5649 2104 5706 9
2165 5667 2317 5721 seqq.
2399 5649 2442 5680 '°
2466 5646 2530 5701 IV
2566 5645 2695 5713 Reg.
2736 5657 2858 5705 xxv,
2884 5638 2922 5693 θ
2952 5653 3105 5709 seqq.
