4042 6196
473 279 577 334 5ί9

1486 281 1544 337 s.
1588 281 1866 340 omn.”
1905 279 2375 336 ALEXANDRINI
2416 267 2743 338 ARCHIEP.

3633 275 3740 331 320

467 392 607 447 catis
629 400 704 459 et,
731 406 828 462 per
857 391 1014 448 (idem
1043 393 1094 448 in
1119 393 1314 464 ipsum,
1336 396 1506 450 sancti
1533 396 1767 467 Spiritus
1793 413 2037 452 commu-

2152 394 2602 468 ςεδικαιωμένοις,
2644 394 2738 447 καὶ
2767 391 2855 445 διὰ
2881 390 2976 461 τῆς
3026 390 3104 454 είς
3150 389 3313 444 αὐτὸν
3348 389 3587 453 πίστεως
3635 390 3736 461 τὴν

469 482 683 535 nionem
717 481 1022 536 consecutis
1057 483 1122 550 ",
1150 497 1216 538 ne
1247 483 1703 538 commisceamur
1725 485 2049 553 quibusdam

469 587 630 626 sensu
661 574 948 642 perversis,
967 584 1020 628 et
1039 583 1216 628 mente
1244 574 1506 642 profanis,
1529 586 1581 632 et
1617 592 1644 628 a
1672 578 1774 632 {ide
1794 595 2050 648 germana

471 661 686 718 alienis.
718 662 1433 738 l-licnimsuntalienigente
1479 680 1533 724 et
1571 669 1748 740 lingua
1807 670 2048 738 barbari,

468 762 524 808 et
557 771 808 822 perversa
844 757 1156 826 loquuntur.
1182 761 1312 816 Cum
1337 763 1530 832 quibus
1547 764 1634 832 qui
1664 766 2047 820 commercium

471 844 739 910 habuerit,
776 847 1076 904 foedissime
1103 851 1392 919 polluetur.
1431 853 1704 924 Scriptum
1740 865 1825 911 est
1859 857 2047 910 enim:

475 955 495 988 ι
533 935 632 1002 Qui
671 939 907 1010 tetigerit
949 943 1123 1009 picem
1171 944 1538 1022 inqyinabitur
1571 948 1638 1002 ab
1670 961 1747 1008 ea
1782 949 1846 999 ".
1915 948 2048 1003 Cum

471 1029 1038 1099 ergoliceatfructum
1093 1032 1236 1088 ferre
1295 1036 1649 1099 spiritualiter
1702 1038 1753 1092 in
1790 1039 2049 1094 Ecclesiis

473 1119 693 1186 Christi,
726 1137 845 1191 quae
875 1126 1009 1180 ratio
1035 1124 1197 1180 fuerit
1229 1129 1365 1184 velle
1391 1129 1550 1184 aliter
1602 1130 1750 1186 velut
1783 1131 2047 1201 copulari,

474 1221 528 1268 et
553 1218 952 1272 communicare
989 1219 1231 1288 profanis
1259 1225 1571 1296 synagogis,
1597 1233 1654 1281 et
1673 1226 2047 1284 universorum

475 1302 640 1359 Deum
671 1308 929 1364 adversus
954 1325 1012 1364 se
1039 1315 1398 1381 exasperare?

542 1603 706 1676 8‘3
742 1607 905 1664 Vens.
938 1610 1025 1675 Η,
1091 1613 1175 1666 12.
1249 1614 1388 1680 Quia
1446 1621 1820 1677 contaminavit
1871 1623 2046 1679 Iudas

2153 487 2246 540 τοῦ
2307 487 2462 555 ἁγίου
2530 476 2866 554 Πνεύματος’
2907 480 3131 550 λαχοῦσι
3165 479 3441 552 κμέθεξιν,
3506 480 3567 534 τὸ
3625 481 3746 536 ἐπιο

2156 557 2656 648 μίσγεσθαίκτισιν,
2702 577 2863 644 οἵπερ
2910 575 2976 628 ἂν
3023 568 3133 625 εἷεν
3167 571 3596 642 διεστραμμένοι
3647 573 3739 626 τὸν

2152 668 2276 721 νοῦν
2319 668 2538 738 βέϐηλοι
2566 684 2626 720 τε
2653 667 2753 728 τὰς
2784 664 3020 735 φρένας,
3051 663 3142 716 καὶ
3177 662 3274 732 τὴν
3310 662 3493 714 πίστιν
3524 661 3742 732 ἔχοντες

2151 758 2251 810 οὐκ
2280 755 2464 826 ὀρθήν.
2485 755 2818 822 Ἀλλογενεῖς
2851 753 2958 824 γὰρ
2991 746 3138 805 οὗτοι
3175 751 3268 803 καὶ
3299 749 3737 822 βαρϐαρόφωνοι,

2152 849 2247 902 καὶ
2295 847 2585 908 λαλοῦντες
2645 843 3079 914 διεστραμμένα.
3137 835 3232 903 Οἷς
3286 843 3334 893 εἰ
3393 841 3742 912 ἐπιμίσγοιτό

2150 957 2257 1006 τις,
2324 941 2498 1008 πάντη
2542 955 2601 992 τε
2661 937 2755 991 καὶ
2803 936 3020 997 πάντως
3071 933 3600 1004 καταμιανθήσεται.
3653 933 3744 986 Γέ-
3801 989 3804 991 ,

2150 1049 2395 1103 γραπται
2443 1031 2578 1102 γάρ·
2624 1051 2642 1082 ι
2688 1030 2744 1082 Ὀ
2790 1029 3097 1098 ἁπτόμενος
3157 1026 3359 1096 πίσσης
3406 1025 3742 1095 μολυνθήσε-

2149 1141 2260 1176 ται.
2299 1141 2316 1173 ι
2365 1121 2514 1188 Ἐξὸν
2565 1117 2658 1174 οὖν
2705 1119 2811 1191 ἄρα
2863 1119 3232 1188 καρποφορεῖν
3266 1115 3473 1187 νοητῶς
3516 1117 3574 1168 ἐν
3616 1115 3742 1169 Ἐκ-

2151 1213 2401 1283 κλησίαις
2445 1211 2719 1283 Χριστοῦ,
2783 1212 2865 1272 τίς
2911 1209 3018 1280 γὰρ
3060 1210 3125 1261 ἂν
3175 1208 3384 1276 γένοιτο
3439 1206 3596 1274 λόγος
3646 1206 3742 1260 τοῦ

2151 1306 2325 1358 θέλειν
2354 1305 2552 1375 ἑτέρως
2589 1304 2749 1357 οἱονεί
2792 1321 2907 1367 πως
2934 1301 3302 1355 συνάπτεσθαι
3340 1301 3435 1354 καὶ
3461 1303 3742 1353 κοινωνεῖν

2151 1393 2400 1464 βεϐήλοις
2447 1395 2792 1461 συναγωγαῖς
2860 1391 2956 1445 καὶ
3031 1390 3364 1461 καταθήγειν
3405 1391 3490 1460 ἐφ’
3525 1391 3742 1452 ἑαυτοῖς

2149 1484 2238 1538 τὸν
2269 1483 2375 1537 τῶν
2406 1484 2541 1537 ὅλων
2567 1485 2736 1546 Θεόνς

2221 1618 2374 1672 Διότι
2417 1616 2795 1683 ἐϐεϐήλωσεν
2829 1615 3063 1681 Ἰούδας
3091 1613 3164 1668 τὰ
3193 1613 3332 1683 ἅγια
3365 1612 3607 1680 Κυρίου,
3641 1612 3742 1669 καὶ

472 1709 653 1747 sancta
681 1696 906 1764 Domini,
937 1711 984 1754 et
1019 1703 1207 1772 quibus
1233 1706 1441 1770 dilexit,
1472 1719 1520 1762 et
1561 1712 1764 1765 studuit
1808 1715 1860 1768 in
1921 1717 2045 1770 deos

2152 1704 2239 1775 οἷς
2275 1707 2574 1777 ἠγάπησε,
2617 1709 2714 1759 καὶ
2748 1705 3158 1772 ἐπετήδευσεν
3200 1707 3288 1769 είς
3339 1703 3514 1769 θεοὺς
3552 1703 3743 1756 ἁλλο-

473 1786 690 1841 alienos.
726 1789 998 1857 Dispudet
1031 1793 1286 1850 Dominus
1313 1799 1572 1853 hominem
1604 1803 1694 1867 qui
1745 1804 1876 1874 facit
1917 1807 2047 1872 hare,

472 1878 636 1932 donec
681 1880 990 1937 ltumilietur
1052 1901 1118 1940 θα
1194 1890 1552 1946 tabernaculis
1606 1893 1795 1960 Iacob,
1869 1909 1916 1951 et
1990 1916 2053 1953 ea:

471 1969 552 2023 his
622 1973 712 2042 qui
793 1976 1025 2044 aferunt
1090 1982 1411 2051 sacriﬁcium

474 2063 620 2116 texti.

1516 1986 1740 2043 Domino
1815 1995 2050 2062 omnipo-

542 2174 730 2232 XXVI.
757 2179 1014 2238 Odiosum
1047 2184 1245 2241 factum
1296 2189 1372 2242 ait
1425 2189 1639 2256 Jndam,
1676 2211 1781 2248 non
1810 2199 1878 2249 ab
1945 2200 2050 2254 alio

472 2264 924 2336 alienigenarum,
959 2275 1055 2327 sed
1085 2276 1152 2330 ab
1193 2277 1310 2344 ipso
1331 2275 1488 2344 Jnda,
1521 2283 1609 2349 qui
1646 2287 1942 2353 profanarit
1972 2289 2049 2342 lc-

470 2370 614 2423 gem,
647 2368 702 2411 et
741 2359 1098 2417 declinaverit
1126 2366 1192 2418 ad
1229 2370 1488 2424 amandas
1527 2372 1779 2429 mulieres
1810 2379 2049 2448 peregri-

471 2460 588 2509 nas,
621 2457 673 2500 et
697 2449 763 2502 ad
794 2449 983 2505 iisdem
1016 2457 1426 2524 gratiﬁcandum
1461 2462 1510 2514 in
1569 2465 1841 2529 omnibus,
1897 2484 2048 2523 ama-

472 2539 715 2608 veritqne
742 2543 1098 2600 defectionem
1129 2564 1157 2603 a
1186 2550 1316 2617 Deo,
1340 2561 1395 2606 et
1425 2567 1484 2608 se
1509 2555 1746 2612 cultibus
1780 2559 2045 2617 idolornn

471 2627 767 2690 devoverit.
819 2631 1052 2690 Adducti
1105 2648 1231 2692 sunt
1260 2642 1405 2696 enim
1463 2658 1526 2698 eo
1557 2646 1798 2715 quidam,
1828 2658 1886 2704 ut
1913 2650 2044 2718 dixi,

469 2733 755 2787 srquentes
781 2741 919 2794 quas
946 2729 1046 2783 sibi
1079 2730 1279 2803 injusto
1315 2737 1662 2794 matrimonio
1682 2742 2045 2812 sociaverant,

469 2818 522 2861 et
551 2822 737 2866 earum
758 2815 1019 2873 voluntati
1053 2835 1147 2886 per
1165 2824 1342 2877 omnia
1363 2827 1820 2888 obsecundantes.
1891 2833 2046 2890 Sicut

473 2897 725 2955 nimirum
753 2906 914 2960 etiam
951 2909 1000 2964 in
1034 2909 1247 2977 Settim,
1304 2915 1671 2986 iungebantur
1723 2922 2046 2979 Madianita-

472 3005 590 3044 rum
624 2994 739 3049 sive
763 2995 1116 3055 Moabitarum
1145 3004 1355 3060 ﬁliabus
1387 3010 1477 3076 qui
1505 3027 1567 3064 ex
1598 3011 1835 3083 [Egypto
1889 3016 2042 3071 liberi

2155 1803 2377 1870 τρίους.
2415 1800 2859 1866 Ἐξολοθρεύσει
2903 1799 3117 1866 Κύριος
3151 1797 3260 1851 τὸν
3286 1797 3602 1864 ἄνθρωπον
3636 1795 3748 1847 τὸν

2154 1892 2441 1946 ποιοῦντα
2486 1891 2700 1954 ταῦτα,
2733 1889 2844 1954 ἕως
2881 1889 2977 1944 καὶ
3021 1886 3354 1954 ταπεινωθῇ
3394 1887 3460 1939 ἐκ
3508 1899 3746 1950 σκηνω-

2147 1983 2352 2053 μάτων
2396 1979 2613 2044 Ἰακὼϐ,
2659 1980 2756 2032 καὶ
2796 1981 2865 2034 ἐκ
2917 1979 3348 2049 προσαγόντων
3391 1975 3612 2030 θυσίαν
3663 1970 3747 2036 τῷ

2153 2075 2353 2142 Κυρίῳ
2387 2070 2843 2140 παντοκράτορι.

2225 2185 2369 2250 KG’.
2412 2183 2767 2254 Μεμισῆσθαί
2813 2199 2944 2253 φησι
2981 2183 3075 2236 τδν
3111 2181 3332 2244 Ἰούδαν,
3360 2181 3421 2238 οὐ
3463 2181 3594 2251 παρ’
3622 2178 3743 2236 ἑτέ*

2109 2265 2113 2270 ’
2156 2291 2247 2344 ρον
2273 2291 2363 2326 του
2393 2275 2502 2326 τῶν
2525 2273 2848 2341 ἀλλογενῶν,
2878 2273 3014 2327 ἀλλὰ
3050 2274 3180 2341 παρ’
3213 2271 3379 2326 αὐτοῦ
3413 2270 3506 2324 τοῦ
3546 2269 3740 2335 Ἰούδα,

2153 2364 2561 2436 βεϐηλώσαντος
2599 2365 2688 2418 τὸν
2723 2365 2904 2434 νόμον,
2938 2365 3026 2418 διά
3075 2381 3139 2433 γε
3183 2363 3276 2417 τοῦ
3317 2361 3745 2435 προσκεκλίσθαι

2151 2457 2324 2525 φιλεῖν
2355 2459 2619 2524 γυναῖκας
2647 2455 2884 2518 ὀθνείοις,
2913 2455 3008 2508 καὶ
3040 2455 3107 2508 τὰ
3143 2455 3366 2507 ἐκείνων
3401 2453 3615 2506 ἑλέσθαι
3647 2452 3747 2524 ζη-

2149 2551 2284 2610 τεῖν,
2311 2546 2597 2615 ἀγαπῆσαί
2627 2561 2686 2599 τε
2715 2547 2814 2617 τὴν
2852 2547 3153 2600 ἀπόστασιν
3178 2545 3275 2616 τὴν
3316 2545 3422 2599 ἀπὸ
3461 2545 3552 2596 τοῦ
3580 2542 3742 2607 Θεοῦ,

2151 2637 2246 2691 καὶ
2281 2639 2398 2699 ταῖς
2440 2634 2549 2690 τῶν
2598 2634 2832 2688 εἰδώλων
2866 2634 3221 2705 προσκεῖσθαι
3268 2633 3564 2704 λατρείαις.
3608 2632 3743 2684 Ἀπ-

2151 2729 2472 2800 εκυμίζοντο
2502 2728 2632 2801 γὰρ,
2656 2727 2732 2791 ὡς
2770 2728 2931 2798 ἔφην,
2961 2729 3096 2798 πρὸς
3122 2726 3282 2780 τοῦτό
3315 2743 3458 2788 τινες
3485 2727 3605 2787 ταῖς
3633 2740 3742 2776 πα-

2151 2823 2402 2894 ρανόμως
2438 2821 2914 2892 συνηρμοσμέναις
2948 2820 3226 2890 ἑπόμενοι,
3253 2821 3346 2873 καὶ
3375 2821 3486 2881 τοῖς
3517 2815 3743 2871 ἐκείνων

2150 2913 2414 2985 θελήμασι
2465 2913 2639 2966 πάντα
2679 2911 2914 2974 σείοντες
2965 2912 3166 2965 κάλων.
3232 2909 3503 2979 Καθάπερ
3549 2907 3743 2978 ἀμέλει

2149 3003 2243 3055 καὶ
2276 3004 2333 3055 ἐν
2384 3002 2618 3063 Σεττεὶν,
2672 3001 3011 3071 συνήπτοντο
3072 3002 3171 3071 μὲν
3224 3003 3343 3063 ταῖς
3393 2998 3744 3054 Μαδιανιτῶν

471 3082 722 3151 exibant;
759 3088 848 3154 qui
879 3090 1038 3157 paulo
1063 3104 1180 3161 post
1204 3109 1267 3148 eo
1302 3097 1641 3154 delirationis
1671 3082 1724 3156 et
1751 3105 2046 3173 impietatis

2152 3095 2267 3165 ἤτοι
2299 3092 2604 3147 Μωαϐιτῶν
2639 3095 2883 3162 γυναιξὶν
2918 3095 2966 3146 οἱ
3000 3095 3058 3157 ἐξ
3092 3093 3366 3162 Αἰγύπτου
3399 3091 3747 3162 λελυτρωμέ-

390 3190 399 3200 ·
471 3174 744 3243 abierunt,
772 3190 829 3233 ιιι
859 3183 1385 3242 etiaminitiarcntur
1422 3189 1780 3263 Deelplregor.
1821 3196 2050 3268 Propter

473 3264 612 3321 istud
644 3267 848 3325 crimen
883 3272 1062 3328 miseri
1091 3277 1432 3346 perierunt”.
1465 3279 1646 3350 Itaque
1677 3286 2046 3343 universorum

475 3354 615 3413 Dcus
651 3359 762 3415 lucc
793 3361 1079 3420 facientem
1110 3377 1159 3423 et
1193 3385 1414 3440 operum
1453 3375 1588 3430 adeo
1617 3377 1922 3434 illicitorum
1947 3383 2049 3435 int—

471 3449 555 3516 pie
579 3454 878 3510 studiosum
905 3471 1252 3529 exsecratur;
1278 3474 1330 3518 et
1351 3467 1395 3520 si
1421 3467 1636 3537 quidem
1680 3469 1837 3524 fuerit
1869 3474 1932 3527 de
1951 3490 2045 3544 [ιο-
2082 3531 2091 3541 ,

471 3541 614 3611 pulo,
645 3546 814 3602 donec
845 3553 1237 3609 exterminetur
1263 3571 1293 3610 a
1335 3559 1700 3615 tabernaculis
1725 3560 1918 3626 Israel,
1949 3567 2048 3620 hoc

469 3643 571 3698 cst,
599 3638 768 3694 donec
799 3640 1038 3699 ftnnlitus
1087 3629 1295 3717 pereat,
1324 3659 1378 3705 et
1406 3667 1473 3705 ne
1513 3654 1790 3710 exstitisse
1825 3657 2045 3726 quidem

469 3728 697 3798 amplius
730 3734 956 3790 sciatur.
991 3737 1195 3808 Siquis
1227 3753 1407 3797 autem
1437 3745 1503 3798 de
1558 3745 1750 3802 ordine
1789 3750 2048 3804 sacerdo-

469 3827 579 3871 tum
617 3821 800 3888 fuerit,
829 3825 1002 3881 donec
1031 3830 1346 3887 lrumilietnr
1367 3850 1431 3888 ex
1462 3837 1543 3892 liis
1571 3839 1658 3906 qui
1699 3839 1935 3896 oil‘erunt
1963 3859 2046 3898 sa-

469 3909 732 3966 oriﬁcium
755 3917 984 3975 Domino
1010 3925 1394 3994 omnipotenti,
1431 3928 1481 3982 id
1522 3941 1626 3998 est,
1647 3934 1816 3990 donec
1862 3947 2047 4004 pereat

468 4010 522 4054 et
562 4018 594 4058 e
636 4010 878 4080 catalogo
927 4016 1270 4070 sacerdotum
1320 4033 1679 4092 expungatur.
1737 4025 1848 4080 Una
1902 4031 2044 4084 enim

467 4096 781 4154 sacerdotes
831 4103 1072 4172 quidam,
1134 4115 1190 4161 ut
1243 4110 1372 4176 dixi,
1414 4127 1535 4168 cum
1582 4115 1703 4172 aliis
1756 4120 1943 4175 eodem
1989 4105 2054 4179 se‘

465 4183 678 4250 piaculo
707 4203 814 4256 quo
881 4195 1108 4262 populus
1158 4198 1594 4268 obstrinxerunt,
1656 4208 2048 4282 mulierumque

467 4280 877 4348 peregrinarum
905 4289 1075 4344 amori
1108 4295 1548 4364 succuntbentes,
1580 4302 1804 4358 oracula
1859 4303 2045 4361 divina

469 4381 686 4434 prorsus
720 4373 1134 4444 vilipenderttnt.

536 4630 800 4704 Quocirca
836 4639 879 4694 si
913 4642 1228 4701 maledictus
1258 4658 1341 4703 est
1366 4652 1456 4720 qui
1489 4653 1652 4708 Deum
1684 4656 1861 4712 irritat
1893 4677 2047 4715 mun-

466 4721 743 4796 danasque
771 4732 992 4791 delicias
1022 4737 1138 4805 ejus
1158 4741 1326 4810 jussis
1361 4744 1621 4812 preeferre
1652 4763 1757 4803 non
1791 4751 2045 4807 reformi-

466 4812 577 4877 dat,
607 4829 673 4869 ne
692 4820 942 4876 virtutem
969 4841 1358 4898 aspernemur;
1392 4837 1505 4900 sed,
1529 4836 1632 4890 illis
1664 4840 1883 4896 omnino
1911 4858 2044 4905 con—

469 4907 705 4972 temptis,
763 4915 1074 4971 annitamur
1109 4923 1286 4989 potius
1324 4929 1658 4984 ornamentis
1720 4931 2045 4991 obedientize

466 4995 673 5050 animas
702 5011 912 5058 nostras
944 5006 1235 5066 illustrare.
1259 5013 1348 5069 Sic
1373 5019 1516 5070 enim
1566 5035 1594 5072 a
1627 5021 1912 5080 maledicto
1939 5025 2042 5079 im-

468 5103 656 5144 munes
687 5107 750 5144 ac
779 5092 977 5150 liberos
1028 5114 1091 5153 ex
1135 5109 1546 5165 mansuetudine
1598 5127 1693 5167 sua
1739 5115 1893 5170 bonis
1944 5134 2044 5175 nos

465 5183 841 5266 universorum
873 5187 1129 5249 Dominus
1164 5199 1448 5268 sagiuabit.

536 5387 699 5445 Vens.
739 5393 820 5449 15.
854 5394 920 5448 Et
971 5398 1081 5453 Ιιωσ
1108 5416 1224 5466 qua?
1253 5403 1462 5457 oderam
1498 5407 1795 5474 faciebatis.
1822 5411 2039 5478 Operie-

466 5477 598 5534 bolis
628 5481 875 5554 larrymia
901 5495 1068 5545 uitare
1105 5491 1336 5561 Domini,
1387 5507 1436 5550 et
1498 5497 1710 5566 planctu
1772 5511 1820 5556 et
1847 5477 2040 5572 pruritu

538 5660 579 5703 υ
607 5661 621 5726 l
653 5661 774 5720 Cor.
814 5685 884 5734 τι,
925 5674 1022 5736 ll;
1102 5673 1140 5726 11
1171 5676 1298 5729 Cor.
1323 5692 1393 5741 IV,
1450 5676 1530 5730 l3.

1610 5679 1653 5708 "
1691 5677 1855 5732 Earli.
1899 5695 2018 5743 xm,
2051 5682 2094 5734 l.

2152 3201 2250 3237 νοι.
2284 3183 2632 3236 Κατῶλισθον
2659 3184 2714 3236 δὲ
2748 3184 2889 3237 κατὰ
2929 3184 3102 3254 βραχὺ
3133 3184 3326 3254 ληρίας
3359 3185 3438 3247 είς
3462 3183 3620 3236 τοῦτο
3647 3182 3744 3234 καὶ

2150 3275 2372 3338 ἀνοσίας
2418 3275 2643 3348 φρενὸς,
2687 3275 2826 3329 ὥστε
2865 3277 2957 3328 καὶ
2998 3277 3318 3345 τελεσθῆναι
3372 3275 3450 3347 τῷ
3504 3275 3741 3345 Βεελφε-

2149 3365 2285 3437 γώρ.
2315 3365 2530 3434 Ταύτης
2566 3367 2729 3418 ἕνεκα
2762 3367 2861 3432 τῆς
2903 3367 3084 3430 αἰτίας
3114 3369 3162 3419 oi
3211 3366 3438 3429 τάλανες
3485 3364 3742 3418 διολώλα-

2152 3474 2256 3510 σιν.
2293 3457 2594 3528 Ἐπαρᾶται
2627 3457 2691 3526 δὴ
2721 3453 2814 3511 οὖν
2840 3459 2866 3510 ὁ
2901 3459 3010 3511 τῶν
3039 3459 3174 3511 ὅλων
3201 3459 3333 3521 Θεὸς
3363 3459 3454 3511 τὸν
3485 3457 3742 3510 ποιοῦντα

2148 3548 2320 3603 ταῦτα
2351 3552 2444 3603 καὶ
2467 3551 2575 3603 τῶν
2601 3549 2772 3613 οὕτως
2795 3551 3044 3606 ἐκτόπων
3069 3553 3490 3624 ἐγχειρημάτων
3513 3551 3743 3614 ἀνοσίως

2150 3643 2534 3716 ἐπιτηδευτήν·
2570 3646 2661 3697 κοιλ⁸
2695 3646 2850 3717 εἴπερ
2880 3663 2965 3708 τις
3000 3645 3087 3716 εἴη
3121 3645 3290 3700 τελῶν
3335 3647 3392 3698 ἐν
3430 3644 3597 3707 λαοῖς,
3633 3643 3742 3704 ἕως

2149 3733 2214 3786 ἂν
2259 3734 2552 3806 ὀλοθρενθῇ
2599 3737 2663 3790 ἐκ
2711 3736 3087 3808 σκηνωμάτων
3133 3736 3381 3809 Ἰσραὴλ,
3434 3734 3739 3797 τουτέστιν,

2149 3825 2254 3889 ἓως
2281 3827 2347 3880 ἂν
2378 3827 2641 3893 ὀλοτελῶς
2672 3829 2959 3884 ἀπόλλοιτο
2997 3830 3090 3884 καὶ
3136 3829 3233 3900 τὴν
3274 3827 3368 3881 τοῦ
3409 3826 3741 3898 γεγενῆσθαι

2153 3917 2375 3988 μνήμην
2406 3917 2791 3989 ζημιούμενος.
2818 3921 2880 3973 Εἰ
2916 3921 2979 3991 δή
3008 3938 3092 3984 τις
3135 3919 3220 3990 εἴη
3250 3918 3358 3973 τῶν
3388 3917 3741 3989 τεταγμένων

2149 4011 2228 4069 εἰς
2275 4010 2634 4080 ίερουργείαν,
2663 4011 2768 4075 ’έως
2803 4012 2868 4066 ἂν
2897 4013 3211 4083 ταπεινωθῇ
3245 4014 3309 4066 ἐκ
3353 4011 3742 4084 προσαγόντων

2149 4099 2340 4154 θυσίαν
2371 4100 2451 4171 τῷ
2482 4101 2671 4173 Κυρίῳ
2713 4105 3139 4176 παντοκράτορι,
3174 4105 3447 4169 τουτέστι,
3482 4105 3640 4175 ἄχρις
3673 4101 3740 4157 ἂν

2148 4192 2432 4248 ἀπόλλοιτο
2461 4193 2555 4246 καὶ
2579 4194 2687 4246 τῶν
2714 4195 3000 4266 ίερατικῶν
3031 4199 3372 4268 ἐκπέμποιτο
3399 4197 3736 4265 καταλόγων.

2149 4286 2592 4356 Συγκατώλισθον
2620 4287 2729 4360 γὰρ
2751 4293 2863 4350 τοῖς
2890 4291 3066 4354 ἄλλοις
3098 4292 3190 4348 καὶ
3217 4291 3325 4343 τῶν
3359 4293 3401 4343 is
3413 4289 3548 4360 ρέων
3572 4289 3736 4356 τινες,

2148 4381 2224 4443 ὡς
2249 4379 2404 4450 ἔφην,
2423 4381 2501 4442 είς
2522 4380 2591 4432 τὰ
2612 4379 2755 4432 λαῶν
2778 4383 3119 4454 ἐγκλήματα.
3145 4384 3237 4436 καὶ
3260 4382 3497 4452 γυναίων
3519 4382 3740 4435 ὀθνείων

2081 4461 2125 4516 Ῐ)
2153 4473 2413 4544 ἡττῶντο,
2446 4472 2551 4525 τῶν
2597 4470 2756 4526 θείων
2793 4475 3285 4546 χρησμῳδημάτων
3321 4475 3554 4529 εἰσάπαν
3583 4474 3737 4544 ﬁnget.-

2154 4564 2398 4634 δηκότες.

2223 4656 2430 4708 Οὐκοῦν
2463 4659 2510 4710 εί
2551 4659 2822 4728 ἐπάρατος
2848 4659 2875 4709 ὁ
2923 4655 3276 4726 παροτρύνων
3309 4656 3442 4709 Θεὸν
3486 4658 3581 4709 καὶ
3627 4656 3739 4719 τοῖς

2154 4748 2283 4818 παρ’
2314 4746 2479 4804 αὐτοῦ
2521 4746 2884 4818 θεσπίσμασιν
2925 4747 3242 4815 ἁντεξὰγειν
3291 4747 3586 4818 ἐπιχειρῶν
3640 4747 3741 4810 τὰς

2149 4841 2204 4889 ἐν
2238 4839 2428 4908 κόσμῳ
2460 4839 2689 4908 τρυφὰς,
2723 4839 2797 4910 μὴ
2829 4839 3226 4910 παραιτώμεθα
3258 4838 3354 4911 τὴν
3388 4837 3609 4909 ἀρετὴν,
3643 4837 3740 4891 καὶ

2148 4930 2304 4999 λόγος
2346 4931 2445 5001 μὲν
2495 4931 2718 4984 ἐκείνων
2752 4931 2990 5001 γενέσθω
3041 4932 3250 5003 μηδεὶς,
3298 4931 3652 5000 ἐπειγώμεθα
3680 4929 3738 4983 δὲ

2151 5019 2350 5093 μᾶλλον
2390 5026 2501 5088 τοῖς
2544 5025 2622 5088 είς
2671 5025 2981 5077 εὐπείθειαν
3041 5025 3326 5094 αὐχήμασι
3385 5024 3483 5088 τὰς
3529 5023 3754 5100 ἑαυτῶν.

2149 5116 2604 5186 καταφαιδρὺνειν
2663 5116 2861 5188 ψυχάς.
2919 5119 3293 5190 Ἀπρακτήσει
3343 5119 3450 5190 γὰρ
3489 5118 3630 5172 οῦτω
3678 5117 3740 5180 ἐξ

2151 5207 2312 5276 ἀρᾶς,
2341 5206 2577 5269 καὶτοῖς
2623 5204 2681 5271 ἐξ
2731 5207 2867 5270 ἰδίας
2914 5207 3252 5277 ἡμερότητος
3301 5207 3523 5275 ἀγαθοῖς
3560 5207 3587 5258 ὁ
3625 5203 3738 5257 τῶν

2153 5297 2286 5349 ὅλων
2325 5299 2468 5368 ἡμᾶς
2502 5301 2826 5352 καταπιανεῖ
2862 5301 3158 5369 Δεσπότης.

2224 5412 2328 5466 Kal
2381 5411 2567 5465 ταῦτα
2623 5410 2661 5466 ἅ
2703 5413 2958 5481 ἐμίσουν
3011 5412 3283 5467 ἐποιεῖτε.
3339 5411 3736 5466 Ἐκαλύπτετε

2151 5505 2403 5574 δάκρυσι
2439 5504 2502 5558 τὸ
2545 5506 2975 5576 θυσιαστήριον
3015 5506 3256 5574 Κυρίου,
3291 5505 3388 5558 καί
3429 5502 3731 5573 κλαυθμῷ.

2172 5681 2214 5710 ²³
2255 5681 2412 5736 Nam.
2449 5699 2573 5746 xxv,
2614 5682 2629 5736 l
2667 5699 2819 5752 seqq.
