4042 6196
515 305 622 364 3M

1505 293 1563 350 s.
1601 293 1876 353 CYmLLl
1913 291 2385 347 maxumum
2421 268 2746 346 ancmep.

3673 294 3777 351 ω

516 432 634 471 rum
659 413 993 477 conculcata,
1029 409 1184 477 quasi
1218 411 1324 466 Deo
1357 409 1502 465 nullo
1527 423 1555 463 a
1588 424 1646 464 se
1669 408 1872 462 scelere
1906 405 2062 460 ollen'

2191 407 2347 475 εὐχαὶ
2387 407 2494 459 ἀπὸ
2529 405 2877 477 μισθώματος
2921 406 3184 477 ἑταίρας·
3217 403 3392 469 οὕτως
3437 404 3539 460 οὐκ
3575 405 3643 460 ἃν
3682 409 3772 463 λο-

512 523 575 561 so
599 505 892 561 sacrificet.
925 503 1160 558 Timoris
1191 502 1406 573 plenum
1432 510 1516 556 est
1544 502 1724 572 igitur,
1757 500 1914 571 quasi
1967 500 2081 553 illo-

515 599 583 652 tis
615 595 857 650 manibus
896 594 1203 649 sacriﬁcare
1264 593 1391 647 Deo.
1445 593 1579 646 Puto
1615 594 1758 648 enim
1814 607 1912 662 ego
1960 593 2084 648 toris

512 687 737 749 viribus,
775 694 1030 754 quantum
1069 686 1326 753 consequi
1382 693 1624 752 possunt,
1658 685 1900 753 purgatis
1971 692 2080 737 lam

511 777 728 844 sapiens
763 775 1121 828 ministerium
1147 776 1526 844 peragendum.
1563 774 1712 829 Talis
1743 776 1885 827 enim
1927 786 2078 828 extra

509 865 884 919 omnecrimeu
908 864 1201 923 invenitur.
1235 879 1333 919 nec
1361 865 1496 918 iram
1551 865 1786 919 divinam
1846 864 2079 918 merebi-

509 970 560 1017 ιιι
571 971 614 1010 r.

2190 497 2402 568 γισθείη
2441 497 2681 568 καθαρός
2731 514 2792 550 τε
2840 499 2933 550 καὶ
2977 496 3275 568 ἀμώμητος
3317 497 3531 569 ἱερεὺς,
3579 502 3626 553 εί
3658 503 3770 564 τοῖς

2191 589 2355 653 θείοις
2398 591 2760 660 θεσπίσμασιν
2804 591 3086 662 μονονουχὶ
3122 593 3215 644 καὶ
3247 591 3529 666 ἐρρῶσθαι,
3558 594 3773 663 φράσας

2189 680 2283 733 καὶ
2315 679 2405 731 τὸν
2441 679 2719 750 πρέποντα
2755 683 2876 744 ταῖς
2910 681 3242 752 ἱερουργίαις
3269 682 3518 748 πατήσας
3546 681 3769 752 θεσμὸν,

2186 774 2261 836 ὡς
2298 773 2418 825 κατ’
2444 772 2630 825 ούδένα
2672 773 2870 844 τρόπον
2906 771 3362 844 προσκεκρουκὼς
3407 774 3674 844 προσάγοι
3711 773 3772 829 τὸ

2185 863 2350 933 Θῦμα.
2375 863 2608 935 Φοὸερὸν
2638 859 2730 917 οὖν
2763 865 2870 935 ἄρα
2912 865 2973 917 τὸ
3005 865 3249 928 ἀνίπτοις
3284 864 3472 936 ὥσπερ
3509 866 3616 935 ἄρα
3644 883 3775 937 χερ-

2184 955 2268 1005 σὶν
2295 956 2595 1023 ἱερουργεῖν
2616 955 2691 1024 τῷ
2717 953 2852 1023 Θεῷ.
2879 953 3088 1023 Χρῆναι
3113 953 3220 1024 γὰρ
3245 953 3418 1021 ἔγωγέ
3440 971 3583 1024 φημι
3605 955 3772 1008 παντὶ

509 1046 685 1098 σθένει
719 1046 1180 1118 κεκαθαρμένους,
1215 1049 1352 1102 κατά
1384 1065 1447 1116 γε
1477 1049 1537 1101 τὸ
1575 1048 1813 1117 ἐφικτὸν,
1847 1047 1947 1117 τῆς
1978 1046 2120 1100 οὕτω
2160 1047 2328 1116 σοφῆς
2360 1044 2625 1098 ἅπτεσθαι
2665 1045 3024 1114 λειτουργίας.
3054 1045 3200 1109 Ἔξω
3233 1045 3341 1116 γὰρ
3377 1045 3406 1096 ὁ
3432 1045 3640 1099 τοιόσδε
3671 1047 3769 1100 καὶ

505 1139 724 1209 ἀπάσης
759 1139 964 1203 αἰτίας,
1002 1141 1096 1193 καὶ
1139 1141 1248 1193 τῶν
1291 1140 1350 1205 ἐξ
1391 1141 1560 1213 ὀργῆς
1593 1141 1906 1212 εὑρίσκεται
1943 1141 2279 1210 κινημάτων.
3653 1137 3665 1148 ’

579 1232 737 1285 Vens.
768 1231 853 1294 14,
889 1231 976 1284 15.
1006 1232 1068 1284 Et
1085 1234 1296 1286 dixistis
1341 1249 1358 1286 :
1401 1232 1621 1300 PrOpter
1664 1232 1789 1301 quid
1823 1232 2074 1286 Dominus

505 1318 812 1386 testiﬁcatus
841 1329 914 1372 est
940 1321 1073 1372 inter
1103 1330 1148 1372 te
1184 1333 1229 1374 et
1263 1322 1398 1372 inter
1450 1337 1664 1375 uxorem
1714 1321 2076 1374 adolescentia:

504 1419 608 1463 tute
655 1425 813 1477 quam
859 1410 1157 1479 reliquisti?
1199 1410 1266 1463 Et
1309 1412 1420 1463 Ita'c
1464 1413 1722 1478 particeps
1758 1421 1846 1464 tua
1869 1423 1914 1464 et
1943 1427 2079 1464 uxor

503 1502 793 1554 testamenti
830 1503 984 1562 t~ui,et
1013 1518 1113 1556 non
1136 1503 1292 1556 aliter
1335 1503 1542 1571 fecit,et
1579 1503 1811 1570 reliquiae
1863 1505 2075 1571 spiritus

504 1593 598 1644 tui.
661 1592 727 1645 Et
794 1594 1056 1647 dixistis:
1107 1592 1246 1660 Quid
1285 1597 1431 1647 aliud
1477 1609 1634 1664 quam
1668 1611 1840 1650 semen
1889 1596 2078 1662 quwrit

503 1679 642 1734 Deus
667 1682 692 1733 .’

572 1769 814 1825 XXVIII.
852 1773 958 1827 Deo
1002 1773 1104 1827 ista
1140 1775 1337 1838 sacpius
1404 1773 1855 1843 reprehendente,
1897 1785 1950 1829 et
2009 1775 2074 1829 ad
2109 1811 2148 1865 Β

499 1866 581 1917 sui
607 1865 820 1932 generis
848 1865 1170 1933 diligendus,
1201 1876 1365 1936 atque
1385 1867 1450 1920 ad
1482 1876 1759 1921 contracta
1795 1882 1916 1919 cum
1940 1867 2073 1921 alie-

499 1957 710 2020 nigenis
742 1956 1085 2009 matrimonia
1111 1972 1229 2026 quae
1251 1967 1304 2010 et
1336 1959 1448 2027 ipsa
1479 1958 1658 2011 divina
1697 1958 1780 2011 lex
1851 1958 2072 2012 damnat

499 2047 790 2100 dissueuda
833 2047 1166 2114 impellente,
1204 2048 1365 2100 stulte
1419 2047 1822 2113 occurrebant;
1863 2065 1881 2098 ι
1933 2047 2071 2113 Quid

495 2135 641 2189 aliud
676 2151 837 2204 quam
867 2150 1050 2190 semen
1090 2139 1284 2206 quaerit
1329 2140 1468 2192 Deus
1492 2138 1574 2191 ’5?
1621 2157 1639 2189 ι
1702 2140 1906 2192 Dictum
1968 2151 2067 2202 eSt,

495 2226 686 2294 inquit,
713 2243 808 2295 per
843 2227 1151 2280 mandatum
1176 2227 1339 2282 Musis
1372 2245 1385 2280 :
1422 2248 1439 2280 ι
1487 2229 1602 2285 Non
1655 2232 1758 2285 erit
1825 2231 2067 2285 infecun-

493 2316 581 2379 da,
613 2332 709 2370 uec
733 2317 936 2371 Sterilis
977 2318 1028 2372 in
1056 2316 1212 2372 lsrael
1245 2319 1310 2371 ⁸⁷.
1355 2337 1374 2371 ι
1410 2319 1474 2373 Ει
1498 2323 1562 2376 ad
1602 2323 1874 2376 Abraham
1935 2323 2069 2376 alic-

503 2408 591 2462 ubi
649 2409 778 2464 dicit
803 2409 1175 2464 universorum
1209 2410 1388 2466 Deus:
1429 2431 1446 2462 ι
1477 2412 1834 2481 Multiplicans
1898 2414 2068 2468 multi-

493 2497 702 2563 plicabo
740 2511 922 2550 semen
951 2507 1122 2562 tuum,
1181 2501 1320 2552 sicut
1369 2501 1552 2555 stellas
1599 2502 1718 2556 cmli
1774 2503 2067 2556 multitudi-

491 2588 641 2641 ne".
677 2607 695 2639 ι
731 2588 996 2655 Quocirca
1060 2589 1302 2644 divinum
1370 2593 1677 2658 consilium,
1741 2593 1956 2663 iuquit,‘
1999 2595 2065 2648 ad

491 2679 890 2734 multitudinem
935 2689 990 2734 et
1021 2679 1314 2735 liberorum
1343 2685 1774 2750 procreationem
1824 2686 2061 2754 respicit,

490 2774 680 2842 utipsa
707 2773 1016 2827 Abrahan
1062 2773 1217 2828 factae
1275 2777 1651 2842 promissionis
1704 2777 1874 2845 gratia
1905 2777 2062 2832 linem

488 2871 873 2931 congruentem
902 2861 1255 2930 adipiscatur.
1292 2862 1397 2916 Sed
1437 2865 1552 2917 sive
1587 2880 1652 2916 ex
1683 2864 1894 2930 alienis,
1951 2867 2064 2920 sive

487 2964 554 3003 ex
581 2951 829 3016 cognatis
853 2949 953 3004 hoc
984 2964 1012 3001 a
1046 2949 1201 3004 nobis
1234 2961 1537 3019 praestetur,
1562 2953 1669 3006 Deo
1693 2954 1915 3020 perinde
1944 2965 2058 3021 est;

489 3041 648 3093 tinem
683 3040 826 3093 enim
852 3041 1118 3107 promissa
1142 3049 1567 3108 consequuntur.
1622 3060 1639 3092 ι
1671 3042 1894 3097 Dixistis
1962 3043 2062 3113 igi-

2256 1229 2364 1284 Καὶ
2408 1229 2644 1282 εἴπατε·
2685 1229 2932 1282 Ἕνεκεν
2980 1229 3146 1296 τίνος
3191 1221 3225 1282 d
3268 1228 3484 1296 Κύριος
3526 1230 3764 1300 διεμαρ-

2183 1322 2398 1390 τύρατο
2452 1322 2759 1390 ὰναμέσον
2804 1339 2919 1376 σου
2975 1323 3071 1376 καί
3125 1323 3432 1392 ἀναμέσων
3478 1327 3768 1393 γυναικὸς

2182 1414 2468 1482 νεότητός.
2517 1429 2631 1467 σου
2682 1412 2762 1480 ἣν
2799 1414 3188 1484 ἐγκατέλιπες
3204 1431 3225 1479 ;
3273 1416 3383 1468 Καὶ
3439 1417 3591 1484 αὕτη
3637 1434 3760 1471 κοι-

2182 1504 2373 1568 νωνός
2429 1518 2545 1557 σου
2603 1505 2700 1558 καί
2749 1504 2904 1573 γυνὴ
2959 1505 3249 1572 διαθήκης
3296 1523 3442 1570 σου,
3495 1509 3592 1560 καί
3649 1510 3763 1562 οὐκ

2183 1595 2383 1660 ἄλλως
2413 1595 2686 1662 ἐποίησε,
2733 1597 2830 1649 καὶ
2883 1598 3222 1665 ὑπόλειμμα
3269 1599 3612 1667 πνεύματος
3654 1603 3765 1654 at)-

2180 1686 2312 1738 τοῦ.
2344 1686 2448 1738 Καὶ
2477 1687 2682 1739 εἴπατε
2703 1703 2716 1717 ο
2755 1687 2815 1740 Τί
2831 1687 2985 1742 ἄλλο
3013 1687 3051 1755 ἣ
3079 1688 3316 1758 σπέρμα
3344 1689 3502 1757 ζητεῖ
3524 1695 3556 1744 ὁ
3584 1694 3730 1758 Θεός
3746 1709 3765 1755 ;

2253 1777 2386 1830 KH'.
2439 1777 2869 1846 Ἐπαιτιωμέιιου
2913 1777 3049 1831 Θεοῦ
3091 1779 3157 1831 τά
3189 1780 3364 1833 τοιάδε
3397 1781 3625 1851 συχνῶς,
3667 1784 3764 1836 καὶ

2178 1868 2560 1932 ἀναπείθοντος
2603 1869 2703 1938 μὲν
2733 1870 2952 1941 ἀγαπᾷν
2985 1871 3083 1934 τὰς
3116 1873 3178 1924 ὲκ
3217 1873 3424 1941 γένους,
3455 1877 3760 1946 ἀποφοιτᾷν

2175 1959 2229 2012 δὲ
2261 1959 2366 2012 τῶν
2393 1959 2688 2031 ἀλλοτρίων
2719 1963 2814 2013 καὶ
2842 1962 3300 2032 ἀπονοσφίζεσθαι
3327 1965 3518 2034 γάμων
3546 1965 3640 2027 οὓς
3667 1967 3760 2020 καὶ
3853 2031 3866 2037 _

2175 2050 2336 2113 αὐτὸς
2371 2051 2398 2102 ό
2441 2051 2582 2113 θεῖος
2619 2052 2932 2123 ἀπεκήρυξε
2966 2055 3158 2123 νόμος,
3197 2055 3584 2120 ἀσυνετοῦντες
3627 2059 3753 2129 ἔφα-

2177 2157 2304 2193 σκον
2327 2157 2340 2169 °
2377 2158 2395 2192 ι
2429 2143 2493 2194 Τί
2521 2142 2648 2196 ἄλλο
2685 2143 2716 2213 ἢ
2752 2144 2974 2214 σπέρμα
3008 2143 3161 2213 ζητεῖ
3191 2148 3219 2198 ό
3251 2146 3410 2213 Θεός;
3445 2167 3463 2199 ι
3495 2149 3754 2220 Εἴρηται,

2174 2232 2328 2301 φησὶ,
2363 2233 2451 2287 διά
2482 2235 2579 2304 τῆς
2614 2235 2859 2299 Μωσέως
2891 2237 3110 2309 ἐντολῆς
3130 2258 3143 2270 ο
3183 2258 3201 2288 ι
3231 2240 3344 2293 Ούκ
3376 2241 3530 2294 ἔσται
3565 2244 3758 2312 ἄγονος

2171 2322 2290 2374 οὐδὲ
2323 2326 2508 2394 στεῖρα
2539 2328 2599 2376 ἐν
2627 2327 2766 2389 υἱοῖς
2802 2327 3072 2398 Ἰσραήλ.»
3108 2328 3249 2398 Ἔφη
3277 2330 3334 2384 δέ
3369 2348 3470 2384 που
3499 2333 3592 2386 καὶ
3621 2336 3758 2404 πρὸς

2184 2413 2436 2482 Ἀϐραὰμ
2459 2417 2487 2467 ό
2518 2414 2626 2468 τῶν
2649 2417 2786 2469 ὅλων
2817 2417 2948 2482 Θεός
2967 2435 2984 2449 ⁸
3023 2438 3041 2470 ι
3073 2420 3367 2491 Πληθύνων
3410 2425 3664 2494 πληθυνῶ
3694 2429 3756 2479 τὸ

2171 2505 2390 2575 σπέρμα
2418 2523 2531 2572 σου,
2557 2507 2689 2560 ὡσεὶ
2711 2507 2780 2561 τά
2806 2510 2982 2581 ἄστρα
3012 2511 3104 2564 τοῦ
3131 2513 3360 2582 ούρανοῦ
3391 2517 3468 2587 τῷ
3497 2517 3708 2587 πλήθει.
3726 2539 3744 2569 ο

2167 2596 2375 2648 Οὐκοῦν
2401 2598 2429 2648 ό
2463 2597 2634 2662 θεῖος,
2669 2601 2828 2671 φησὶ,
2883 2602 3086 2664 σκοπὸς
3132 2605 3212 2667 εἰς
3265 2605 3475 2675 πληθὺν
3504 2609 3608 2678 ὁρᾷ
3656 2611 3752 2663 καὶ

2167 2688 2534 2755 παιδογονίαν,
2563 2689 2650 2742 ἴνα
2677 2692 2768 2744 καὶ
2792 2693 2872 2754 είς
2895 2693 3070 2763 πέρας
3090 2695 3276 2762 ἄγοιτο
3298 2697 3359 2750 τὸ
3382 2699 3589 2770 πρέπον
3610 2702 3751 2773 αύτῇ

2166 2779 2264 2848 τῆς
2317 2782 2453 2851 πρὸς
2503 2781 2751 2854 Ἀϐραὰμ
2795 2786 3128 2854 ἐπαγγελίας
3177 2790 3206 2859 η
3253 2790 3430 2860 χάρις.
3469 2792 3608 2846 Ἀλλ’
3651 2795 3756 2847 εἴτ’

2164 2867 2257 2923 οὖν
2297 2872 2354 2937 ἐξ
2379 2872 2691 2944 ἀλλοτρίων,
2718 2875 2828 2929 εἴτε
2863 2876 2920 2943 ἐξ
2952 2880 3229 2948 ὁμογενῶν
3258 2883 3418 2936 τοῦτο
3451 2886 3750 2957 πράττοιτο

2163 2962 2299 3032 πρὸς
2342 2964 2515 3034 ὑμῶν,
2558 2965 2840 3038 ἀδιαφορεῖ
2875 2968 2951 3039 τῷ
2995 2969 3135 3040 Θεῷ,
3180 2972 3488 3043 διεξάγεται
3529 2979 3636 3049 γὰρ
3669 2981 3757 3044 είς

2164 3053 2342 3122 πέρας
2388 3055 2450 3106 τὸ
2497 3055 2924 3128 ἐπηγγελμένον.
2983 3081 3001 3113 ι
3035 3063 3235 3118 Εἴπατε
3295 3068 3497 3134 τοίνυν,
3545 3070 3752 3140 φησίν·

489 3140 594 3193 tur,
627 3129 803 3197 inquit
860 3146 873 3181 :
913 3128 1033 3194 Qua
1065 3130 1130 3184 de
1158 3143 1316 3183 causa
1347 3129 1606 3186 Dominus
1641 3133 1963 3187 testiﬁcatus
1980 3144 2062 3188 est

2168 3143 2391 3196 Ἕνεκεν
2427 3146 2570 3211 τίνος
2595 3151 2622 3200 ό
2655 3149 2856 3221 Κύριος
2882 3151 3283 3228 διεμαρτύρατο
3308 3158 3412 3212 ἀνά
3445 3128 3620 3230 μέσον.
3652 3162 3753 3218 σοῦ

486 3219 628 3273 inter
666 3228 718 3272 te
743 3227 797 3272 et
825 3231 1047 3272 uxorem
1081 3218 1458 3274 adolescentia:
1487 3229 1588 3275 tua:
1620 3238 1779 3292 quam
1839 3225 2066 3293 reliqui-

485 3308 592 3362 sti?
627 3327 649 3360 ι
681 3310 751 3362 At
779 3308 824 3362 si
861 3309 966 3362 hoc
991 3308 1212 3363 libuerit.
1242 3310 1442 3376 dicere,
1473 3327 1642 3381 quare
1700 3313 1959 3370 Dominus
1985 3326 2064 3370 le-

484 3399 858 3462 stiiicatussit,
889 3401 1190 3470 etjusserit
1225 3403 1370 3457 nullo
1425 3405 1580 3460 modo
1647 3406 1922 3463 dimittere
1975 3410 2061 3464 cui

484 3492 835 3560 coliabitatis,
888 3494 1224 3564 respondebo
1276 3504 1330 3550 et
1381 3512 1481 3566 ego
1529 3499 1596 3553 ad
1652 3498 1796 3553 lioc:
1849 3500 2058 3570 Cogita,

484 3599 507 3634 ι
539 3584 800 3650 Quoniam
825 3585 937 3654 ipsa
966 3595 1047 3639 est
1074 3585 1342 3656 particeps
1369 3603 1464 3642 seu
1498 3589 1647 3642 socia
1677 3597 1790 3656 tua,
1820 3599 1876 3646 et
1924 3607 2061 3647 uxor

483 3674 786 3727 testamenti
817 3689 908 3727 seu
938 3673 1161 3728 foederis
1199 3676 1296 3740 tui,
1329 3693 1347 3728 ι
1382 3677 1481 3731 hoc
1509 3687 1614 3743 est,
1641 3694 1743 3732 una
1796 3695 1927 3735 caro
1978 3692 2058 3735 te-

479 3775 602 3813 cum
633 3761 704 3824 ”,
734 3771 788 3812 et
815 3761 968 3828 juxta
1000 3761 1172 3831 legem
1207 3765 1629 3830 contubernalis,
1664 3777 1717 3822 et
1764 3785 1868 3824 non
1899 3770 2059 3827 aliter

481 3849 782 3903 fabricatus
804 3860 888 3903 est
921 3865 1042 3904 eam
1102 3851 1264 3907 Deus.
1314 3855 1408 3908 Est
1468 3870 1651 3924 porro,
1699 3867 1759 3912 ut
1799 3851 2055 3931 arbiiror,

477 3939 639 3993 etiam
681 3955 699 3990 ι
757 3939 1000 4009 reliquize
1040 3943 1264 4011 spiritus
1307 3942 1442 4013 ejus,
1496 3964 1516 3998 ι
1551 3957 1607 4001 et
1665 3956 2052 4018 propemodum

478 4046 704 4101 corpore
725 4039 781 4086 et
813 4032 992 4086 anima
1019 4034 1102 4088 vir
1156 4037 1542 4092 commiscetur
1598 4055 1720 4094 cum
1774 4056 1839 4096 ea
1889 4057 2050 4112 quam

477 4123 577 4191 ipsi
607 4123 738 4192 legis
757 4123 945 4193 religio
967 4125 1259 4193 copulavit.
1283 4127 1452 4199 846
1491 4129 1555 4184 Ει
1598 4133 2049 4199 quemadmodum

477 4230 639 4268 unum
659 4230 855 4284 corpus
880 4217 1034 4285 dunt,
1064 4217 1142 4272 sic
1163 4219 1343 4290 aliquo
1373 4224 1530 4277 modo
1556 4223 1720 4277 etiam
1767 4239 1870 4278 una
1929 4226 2050 4279 ani-

477 4320 584 4371 ma,
613 4320 796 4359 amore
817 4317 1000 4360 mutuo
1045 4307 1164 4362 illos
1193 4311 1596 4380 colligante,-et
1621 4313 1801 4368 divina
1833 4313 1947 4384 lege
1994 4315 2044 4370 in

472 4398 816 4451 concordiam
875 4397 1234 4455 devinciente.
1264 4399 1542 4472 Reliquias
1593 4404 1776 4474 itaque
1821 4407 2044 4476 spiritus
2087 4441 2093 4444 -

472 4490 570 4543 viri
598 4505 822 4545 uxorem
850 4501 1032 4557 vocat,
1085 4503 1139 4548 et
1168 4496 1320 4563 quasi
1365 4495 1648 4550 dimidium
1683 4496 1799 4565 ejus
1849 4501 2043 4553 anima:
2071 4484 2120 4544 D

471 4591 689 4650 propter
723 4583 1231 4650 unionem,scilicet
1285 4602 1404 4654 qua:
1423 4591 1710 4644 concordia
1760 4590 2040 4647 charitatis

469 4673 614 4726 velut
642 4690 804 4728 unum
831 4676 1012 4731 ellicit.
1044 4675 1122 4732 Ne
1148 4679 1310 4749 igitur
1342 4679 1462 4748 plus
1492 4696 1654 4749 quam
1711 4684 1846 4738 ratio
1895 4686 2037 4752 pati-

469 4772 556 4816 tur
581 4764 1062 4836 Denmculpatote.
1115 4781 1170 4822 ut
1228 4772 1320 4838 qui
1374 4788 1596 4826 uxorem
1659 4774 2038 4832 adolescentia:

465 4869 596 4919 suae,
627 4854 847 4910 foederis
867 4873 930 4912 ac
959 4861 1182 4929 spiritus
1238 4864 1576 4932 participem,
1630 4877 1686 4920 et
1734 4882 1898 4924 carne
1933 4871 2034 4926 sibi

465 4947 673 5001 unitam
708 4948 865 5001 domo
889 4962 1250 5019 removentes,
1284 4953 1516 5011 fortasse
1577 4957 1816 5028 iniquius
1853 4962 2036 5028 objur-

463 5047 570 5106 get.
598 5037 860 5092 Exisumo
881 5051 1061 5095 autem
1123 5059 1222 5111 ego
1268 5049 1728 5115 sapientissimum
1788 5052 2032 5122 Paulum,

463 5129 590 5182 bim:
620 5140 950 5198 permounn,
981 5135 1265 5190 mandasse
1300 5136 1367 5191 iis
1394 5140 1482 5206 qui
1514 5141 1564 5194 in
1585 5142 1862 5198 Christum
1916 5161 2036 5201 cre-

459 5220 706 5275 diderant
738 5238 757 5278 :
791 5239 812 5273 ¢
847 5222 1113 5294 Alligatus
1143 5241 1202 5281 es
1254 5230 1450 5283 uxori?
1479 5233 1584 5287 noli
1621 5251 1862 5304 quaerere
1883 5237 2034 5293 solu-

2173 3235 2267 3287 καὶ
2303 3237 2405 3290 ἀνά
2444 3239 2608 3308 μέσον
2636 3245 2893 3308 γυναικὸς
2935 3248 3186 3319 νεότητός
3217 3267 3335 3316 σου,
3371 3251 3437 3322 ἢν
3467 3253 3752 3321 ἐγκατέλι-

2169 3339 2295 3394 πες;
2327 3347 2345 3379 ι
2387 3330 2525 3383 Ἀλλ’
2552 3333 2712 3405 εἴπερ
2741 3335 2948 3390 ἕλοισθε
2979 3339 3137 3393 τοῦτο
3159 3342 3337 3411 λέγειν
3365 3343 3649 3410 τὸ,ἓνεγεν
3669 3347 3754 3401 τί-

2158 3427 2252 3482 ’νος
2281 3420 2697 3495 διεμαρτύρατο,
2731 3427 2823 3480 καὶ
2859 3431 3192 3502 προστέταχε
3231 3434 3307 3505 μὴ
3349 3435 3459 3488 δεῖν
3495 3437 3750 3508 ἀποπέμ-

2163 3510 2358 3564 πεσθαι
2411 3512 2508 3583 τὴν
2549 3520 2976 3591 συνῳκισμένην,
3028 3524 3145 3594 ἐρῶ,
3173 3525 3309 3596 πρὸς
3351 3527 3509 3581 τοῦτο
3550 3530 3744 3598 κάγώ’

2175 3600 2454 3673 Ἐννόησον
2485 3624 2502 3656 ι
2531 3607 2650 3660 ’Ὁτι
2681 3609 2820 3679 αὓτη
2846 3615 3100 3679 κοινωνός
3132 3631 3226 3669 σου
3260 3619 3353 3671 καὶ
3385 3621 3521 3690 γυνὴ
3551 3620 3745 3692 διαθήο

2161 3709 2262 3764 κης
2293 3711 2407 3759 σου,
2436 3716 2454 3748 ι
2487 3701 2784 3765 τουτέστιν,
2811 3705 3121 3778 ὁμόσαρκός
3159 3725 3241 3761 σοι
3275 3711 3368 3764 καὶ
3403 3712 3544 3766 κατὰ
3573 3714 3743 3783 νόμον

2160 3787 2570 3857 συνῳκισμένη,
2612 3791 2706 3844 καὶ
2747 3793 2847 3845 οὐκ
2879 3793 3053 3858 ἄλλως
3085 3798 3254 3868 αὐτὴν
3303 3799 3740 3874 δεδημιούργηκε

2157 3873 2306 3937 Θεός.
2335 3877 2489 3930 Ἔστι
2525 3879 2612 3944 δὲ,
2656 3877 2831 3952 οἶμαι,
2881 3885 2974 3938 καὶ
3021 3905 3038 3939 ι
3067 3889 3381 3960 ὑπόλειμμα
3429 3873 3742 3965 πνεύματος

2155 3966 2397 4061 autem.
2450 3970 2543 4023 καὶ
2595 3977 2879 4046 μονονουχὶ
2941 3980 3314 4050 συγκέκραται
3370 4001 3488 4048 πως
3520 3987 3549 4039 ό
3595 3989 3739 4061 ἀνὴρ

2155 4059 2432 4128 σαρκικῶς
2473 4078 2531 4114 τε
2587 4065 2681 4117 καὶ
2730 4066 2976 4137 ψυχικῶς
3013 4074 3078 4143 τῇ
3122 4075 3260 4128 κατά
3304 4075 3465 4146 νόμον
3509 4059 3738 4151 λατρεία

2154 4154 2593 4226 συνηρμοσμένη.
2639 4159 2746 4211 Καὶ
2781 4159 2970 4233 ὥσπερ
2997 4163 3054 4216 ἓν
3083 4168 3339 4234 γεγόνασι
3379 4169 3558 4240 σῶμα,
3590 4171 3736 4225 οὕτω

2148 4243 2347 4312 τρόπον
2376 4245 2498 4299 τινά
2533 4251 2627 4301 καὶ
2664 4251 2761 4320 μία
2801 4251 2966 4325 ψυχὴ,
3013 4257 3336 4329 συνδεούσης
3366 4261 3563 4326 αὐτοὺς
3593 4265 3738 4333 ἀγά-

2150 4350 2303 4428 πης,
2337 4338 2428 4390 καὶ
2472 4340 2638 4410 νόμου
2690 4343 2835 4397 θείου
2897 4347 3242 4417 συλλέγοντος
3287 4355 3367 4414 εἰς
3406 4355 3727 4428 όμοψυχίαν.

2158 4425 2504 4500 ’Υπόλειμμα
2533 4432 2710 4487 τοίνυν
2768 4437 3078 4509 πνεύματος
3109 4441 3202 4495 τοῦ
3248 4445 3439 4516 ἀνδρὸς
3485 4451 3586 4520 τὴν
3631 4466 3731 4518 γυ-

2144 4521 2306 4573 ναῖκα
2334 4521 2487 4611 καλεῖ
2521 4525 2616 4577 καὶ
2652 4527 2814 4581 οἱονεὶ
2861 4530 3028 4600 μέρος
3069 4533 3165 4603 τῆς
3201 4535 3363 4590 αὐτοῦ
3402 4537 3602 4611 ψυχῆς,
3641 4542 3730 4598 διά

2143 4622 2202 4702 τε
2247 4609 2346 4676 τὴν
2393 4610 2585 4664 ἕνωσιν
2631 4615 2729 4685 τὴν
2767 4616 2843 4679 ὡς
2894 4617 2950 4672 ἐν
2984 4636 3079 4688 γε,
3124 4624 3298 4694 φημὶ,
3342 4629 3405 4698 τῇ
3447 4609 3589 4682 κατὰ
3628 4631 3730 4702 τὴν

2143 4697 2363 4771 ἀγάπην
2388 4701 2679 4776 ὀμοψυχίᾳ.
2704 4706 2795 4776 Μὴ
2823 4710 3002 4765 τοίνυν
3029 4713 3172 4783 πέρα
3199 4715 3293 4768 τοῦ
3316 4697 3526 4784 δέοντος
3559 4697 3731 4787 ἰόντες

2142 4787 2301 4856 λόγου
2356 4795 2704 4848 καταιτιᾶσθε
2743 4799 2896 4863 θεὸν,
2941 4801 3016 4866 ὡς
3049 4805 3187 4874 τάχα
3241 4825 3341 4862 που
3392 4810 3488 4864 καὶ
3522 4813 3728 4878 ἀδίκως

2142 4878 2558 4964 ἐπιπλήττοντος
2593 4889 2705 4949 τοῖς
2733 4889 3119 4961 ἀποπέμπουσι
3149 4896 3250 4968 τῆς
3281 4886 3463 4965 ἑστίας
3489 4906 3724 4971 γυναῖκα

2141 4967 2408 5040 νεότητος,
2439 4974 2532 5026 καὶ
2563 4975 2824 5050 διαθήκης
2853 4983 2946 5036 καὶ
2975 4986 3284 5057 πνεύματος
3317 4994 3592 5059 κοινωνὸν,
3627 4997 3724 5049 καὶ

2135 5061 2426 5156 ἒιωθεῖσαν
2465 5071 2762 5140 σαρκικῶς.
2791 5071 2960 5146 Οἶμαι
2989 5079 3046 5132 δὲ
3076 5081 3249 5150 ἔγωγε
3280 5083 3370 5137 τὸν
3409 5086 3720 5156 σοφώτατον

2122 5153 2364 5222 Παῦλον,
2396 5163 2753 5232 κεκινημένον
2787 5167 3057 5234 ἐντεῦθεν,
3088 5174 3386 5229 ἐπιστεῖλαι
3417 5181 3529 5243 τοῖς
3559 5197 3721 5235 πεπι-

2134 5245 2522 5342 στευκόσινείς
2548 5253 2783 5323 Χριστόν
2804 5273 2817 5288 ο
2861 5277 2880 5310 ι
2908 5261 3125 5315 Δέδεσαι
3164 5268 3414 5335 γυναικί;
3452 5270 3526 5342 μὴ
3561 5271 3716 5342 ζήτει

461 5312 661 5369 tionem
680 5314 747 5372 ³⁸.
783 5314 897 5370 »Ἐι
929 5317 1123 5374 alicubi
1157 5317 1407 5376 Salvator
1435 5341 1449 5377 :
1481 5341 1500 5374 ι
1527 5325 1845 5399 Quicunque
1874 5331 2035 5386 dimi-

2165 5334 2301 5430 ύσιν.
2324 5358 2342 5390 ι
2383 5312 2526 5414 Ἔφη
2571 5312 2628 5398 δέ
2665 5364 2768 5401 που
2811 5351 2905 5403 καὶ
3452 5312 3715 5426 τ’ίδξ

454 5405 588 5492 serit
619 5422 842 5464 uxorem
889 5425 1066 5478 suam,
1122 5425 1346 5486 excepta
1405 5432 1571 5476 causa
1626 5421 2027 5492 fornicationis,

453 5487 588 5546 facit
615 5509 732 5548 eam
762 5501 1023 5555 moscliari
1054 5518 1069 5557 :
1100 5512 1155 5558 et
1183 5506 1274 5574 qui
1311 5506 1588 5566 dimissam
1618 5512 1856 5583 duxerit,
1890 5487 2027 5572 mm;

560 5667 805 5727 "Exod.
844 5689 1026 5745 xxxiv,
1062 5681 1146 5736 l6.
1257 5687 1302 5718 ’ν
1332 5685 1500 5744 Exod.
1559 5706 1693 5759 xm,
1731 5693 1822 5750 26.

1939 5698 1984 5732 ⁸⁸
2030 5699 2164 5756 Gen.
2207 5718 2319 5769 xw,
2349 5705 2438 5760 10.

2137 5428 2383 5525 ἀπολύσῃ
2417 5434 2514 5504 τὴν
2560 5441 2792 5504 γυναῖκα
2830 5442 3016 5506 αὐτοῦ,
3062 5428 3531 5520 παρεκτὸς-λόγου
3575 5469 3709 5525 πορ-

2135 5521 2304 5589 νείας,
2335 5529 2478 5581 ποιεῖ
2505 5529 2676 5602 αὐτὴν
2711 5535 3093 5608 μοιχευθῆναν
3129 5540 3222 5594 καὶ
3250 5544 3278 5595 ό
3303 5521 3711 5616 ἀπολελυμένην

2541 5711 2583 5741 ¹⁹
2617 5710 2752 5765 Gen.
2782 5727 2842 5781 tt,
2880 5713 2972 5781 23,
3009 5714 3098 5770 24.
3213 5719 3256 5752 ³⁸
3284 5721 3302 5776 l
3333 5719 3454 5776 Cor.
3483 5736 3580 5790 vn,
3610 5720 3702 5780 37.
