4042 6196
397 280 502 335 5⁸27

1411 269 1470 325 s.
1514 267 1790 325 enim
1827 246 2292 326 ALEXANDBINI
2334 267 2642 322 AltClllEl’.

3564 276 3669 331 328

399 408 462 446 eo
486 389 625 461 quod
646 387 826 442 dicitis
857 401 874 439 :
911 385 1096 441 Omnis
1128 387 1219 458 qui
1256 387 1384 454 facit
1439 386 1661 450 malum,
1697 387 1886 438 bonum
1926 385 1982 438 in

2097 387 2194 438 Ἑν
2215 383 2294 450 τῷ
2322 385 2525 453 λέγειν
2553 382 2704 452 ὑμᾶς
2726 399 2739 412 ’
2779 381 2901 447 Πᾶς
2939 381 3124 435 ποιῶν
3159 381 3444 450 πονηρὸν,
3480 387 3672 439 καλὸν·

401 490 676 549 compectu
717 480 947 544 Domini,
985 489 1031 533 et
1065 480 1119 535 in
1155 481 1284 552 ipsis
1314 481 1413 550 ipsi
1441 479 1775 549 conpleatis,
1815 487 1861 532 et
1892 478 1984 531 ubi

401 585 475 627 est
508 573 644 626 Dens
664 573 932 641 justitiw?

478 703 669 758 XXXI.
714 703 885 772 Supra
919 702 1200 767 annotavi,
1243 717 1347 755 non
1381 715 1506 763 uno,
1538 701 1629 753 sed
1661 698 1846 752 multis
1877 683 1988 752 mo-

405 797 489 850 tlis
548 797 925 848 universorum
983 790 1148 844 Deum
1195 803 1383 845 contra
1430 799 1676 859 posteros
1724 789 1852 845 Levi
1898 807 1989 845 cx-

408 889 721 940 acerbatum
755 901 896 938 esse.
925 884 990 938 Et
1015 884 1356 937 sacerdotum
1390 882 1631 936 imbelles
1663 883 1870 936 animas
1901 898 1990 936 ca-

407 980 638 1045 stigans,
689 979 910 1031 aiebat:
949 995 968 1028 ι
1002 977 1064 1030 Et
1109 976 1424 1030 inferebatis
1454 990 1574 1043 qua:
1616 984 1764 1043 rapta
1811 985 1987 1036 erant,

409 1079 464 1124 et
486 1069 698 1132 clauda,
733 1079 785 1122 et
812 1067 1008 1121 debilia
1036 1064 1100 1119 ³³.
1135 1084 1154 1118 ι
1191 1065 1255 1118 Et
1283 1064 1510 1118 addebat
1543 1064 1626 1116 bis
1656 1081 1670 1118 :
1705 1082 1723 1114 ι
1754 1063 1820 1117 Ει
1849 1063 1990 1118 acci-

409 1160 641 1228 piebatis
692 1175 978 1228 personam
1033 1158 1084 1212 in
1131 1156 1344 1225 iege“.
1378 1173 1397 1207 ι
1441 1153 1777 1208 llonorantes
1822 1156 1988 1218 enim,

411 1263 469 1302 ut
509 1249 765 1304 credibile
789 1261 889 1314 cst,
915 1261 969 1304 et
1000 1250 1373 1318 intempestive
1399 1254 1703 1300 reverentes
1730 1247 1988 1314 quosdam

410 1359 531 1396 sese
580 1344 993 1404 convenientes,
1041 1343 1320 1396 Ienuiores
1369 1344 1631 1397 scelerate
1667 1342 1990 1395 condemna-

414 1434 564 1498 bam,
620 1443 673 1486 et
707 1435 1027 1502 premebant
1065 1431 1349 1500 quosdam,
1403 1447 1508 1486 non
1561 1449 1625 1486 ex
1678 1433 1991 1501 praescripto

409 1525 543 1592 legis
568 1525 710 1592 justa
733 1522 1044 1592 judicantes
1073 1521 1116 1552 ³⁸
1144 1559 1158 1586 ,
1190 1525 1283 1575 sed
1311 1522 1361 1574 in
1394 1531 1599 1590 partem
1634 1521 1989 1590 potentiorem

411 1623 466 1664 et
500 1614 738 1680 iniquam
768 1613 1094 1664 sententiam
1124 1610 1462 1678 proferentes
1495 1626 1507 1661 :
1544 1618 1634 1662 aut
1667 1611 1802 1663 forte
1826 1610 1990 1661 etiam

2089 475 2345 531 ἐνώπιον
2378 474 2622 542 Κυρίου,
2661 472 2757 524 καὶ
2792 471 2863 524 ἐν
2901 471 3106 536 αὺτσῖς
3141 471 3322 536 αὐτὸς
3347 472 3666 541 εὐδόκησε.

2087 568 2183 621 καὶ
2223 567 2338 620 ποῦ
2368 566 2540 620 ἔστιν
2565 567 2596 618 ὁ
2625 563 2768 630 Θεὸς
2793 561 2904 630 τῆς
2945 562 3369 630 δικαιοσύνηςς

2161 706 2283 758 AA'.
2325 702 2540 764 Φθάσας
2571 700 2725 770 ἔφην,
2774 700 2849 762 ὡς
2877 699 2937 752 ού
2969 698 3090 752 καθ’
3126 698 3220 751 ἕνα
3262 699 3484 768 τρόπον,
3531 696 3675 753 κατά

2091 796 2318 858 πολλοὺς
2363 791 2419 846 δὲ
2460 792 2756 861 μᾶλλλον,ὸ
2799 790 2904 843 τῶν
2953 790 3088 843 ὅλων
3136 790 3267 851 Θεὸς
3309 791 3404 842 ἐπὶ
3446 791 3572 855 τοὺς
3611 793 3672 861 ἐξ

2091 891 2319 958 αἵματος
2346 884 2439 937 τοῦ
2482 884 2613 937 Λευὶ
2642 882 3107 952 κατεπικραίνετο.
3153 881 3264 934 Καὶ
3306 885 3424 944 ταῖς
3455 882 3563 933 τῶν
3597 886 3669 935 ia-

2094 965 2341 1053 ρουργῶν
2371 977 2630 1047 ἀθυμίαις
2671 975 3042 1044 ἐπισκήπτων,
3082 972 3317 1041 ἔφασκε·
3360 991 3377 1022 ι
3410 973 3519 1026 Καὶ
3556 975 3674 1026 εἰσ-

2092 1073 2315 1142 εφέρετε
2357 1069 2427 1124 τὰ
2469 1069 2843 1140 ἁρπάγματα,
2883 1065 2977 1118 καὶ⁵
3008 1066 3076 1118 τὰ
3115 1065 3293 1134 χωλά,
3331 1066 3425 1118 καὶ
3469 1066 3538 1118 τά
3584 1069 3675 1119 ὲν-

2091 1163 2411 1234 οχλούμενα.
2437 1181 2455 1214 ι
2494 1161 2846 1232 Προσεπῆγεν
2869 1157 2926 1210 δὲ
2958 1156 3165 1219 τούτοις
3183 1172 3197 1187 ⁸
3239 1177 3258 1208 ι
3289 1157 3398 1210 Καὶ
3427 1157 3672 1225 ἐλαμϐά-

2091 1273 2212 1309 νετε
2249 1255 2539 1326 πρόσωπον
2579 1253 2635 1304 ὲν
2669 1250 2835 1319 νόμῳ.
2864 1267 2882 1300 ι
2920 1246 3196 1318 Τιμῶντες
3247 1249 3376 1318 γὰρ,
3429 1249 3571 1302 κατά
3610 1248 3673 1302 τὸ

2091 1347 2259 1409 εἰκὸς,
2305 1348 2400 1399 καὶ
2428 1345 2493 1397 δι’
2531 1343 2710 1404 αἰδοῦς
2735 1341 2968 1411 ἀκαίρου
2996 1340 3308 1408 ποιούμενοι
3347 1340 3456 1393 τῶν
3497 1356 3669 1411 προσ-

2096 1440 2280 1491 ιόντων
2320 1436 2492 1500 τινὰς,
2529 1433 2881 1497 κατεδίκαξον
2915 1433 3011 1502 μὲν
3047 1433 3143 1500 οὐχ
3175 1431 3332 1494 ὁσίως
3364 1432 3471 1484 τῶν
3508 1431 3670 1484 ἀσθε-

2094 1529 2387 1600 νεστέρων,
2419 1529 2513 1580 καὶ
2548 1525 2858 1588 πλεονεξίας
2879 1523 3081 1590 ὲπῆγόν
3109 1539 3268 1585 τισιν,
3298 1523 3355 1575 οὐ
3386 1522 3454 1574 τὰ
3487 1522 3671 1574 δίκαια

2095 1618 2402 1688 κρίνοντες,
2451 1616 2592 1669 κατά
2635 1631 2699 1682 γε
2750 1614 2840 1667 τὸν
2881 1612 3065 1683 νόμον,
3107 1612 3223 1664 ἀλλ’
3268 1611 3534 1682 ἑτεραλκῆ
3575 1611 3672 1664 καὶ

413 1704 730 1774 diripienles
763 1703 1106 1758 hmreditates
1134 1702 1442 1770 neutiquam
1475 1702 1541 1756 ad
1569 1717 1626 1756 se
1659 1701 1985 1754 attineutes:

2094 1709 2270 1762 ἄνισον
2297 1707 2392 1776 τὴν
2424 1705 2602 1775 ψῆφον
2639 1703 2962 1774 ἐκφέροντες
2981 1719 2993 1732 ·
3024 1702 3056 1773 ἢ
3090 1703 3229 1772 τάχα
3257 1720 3361 1754 που
3391 1703 3485 1754 καὶ
3512 1701 3669 1773 διαρ-

413 1798 710 1865 gaudentes
735 1804 916 1848 autem
969 1809 1134 1862 super
1169 1792 1327 1847 donis
1355 1801 1410 1845 et
1449 1807 1511 1846 ea
1554 1792 1899 1860 accipientes,
1931 1798 1989 1844 et

413 1886 700 1939 sacerdotii
751 1883 1051 1939 honoribus
1080 1884 1389 1948 abutentes,
1422 1895 1476 1937 et
1514 1898 1677 1952 supra
1718 1880 1988 1950 subjectos

411 1988 470 2028 se
500 1974 804 2028 elfereutes.
840 1971 995 2026 Hunc
1039 1975 1091 2026 in
1124 1973 1342 2027 modum
1375 1973 1538 2025 vitam
1570 1973 1823 2040 degentes
1855 1971 1987 2026 adeo

413 2063 668 2116 infamem
715 2071 768 2117 et
810 2062 1018 2133 legibus
1051 2061 1517 2126 adversissimam,
1549 2059 1719 2131 848
1745 2059 1987 2113 videntes

415 2156 636 2224 quidam
688 2153 943 2223 injuriam
981 2153 1148 2223 passi,
1184 2164 1390 2206 tantum
1436 2168 1539 2204 non
1572 2150 1785 2204 attoniti
1829 2150 2012 2203 mira-

414 2245 638 2298 bantur.
683 2241 793 2298 Nec
852 2245 996 2298 enim
1053 2244 1592 2312 repreliendebantur
1640 2255 1670 2293 a
1730 2241 1858 2303 Deo,
1892 2253 1990 2293 nec

413 2335 812 2404 puniebantur,
873 2345 931 2389 ut
977 2334 1155 2389 solent
1207 2334 1496 2404 aliquando
1550 2341 1986 2400 contemptores;

413 2429 541 2497 quin
595 2429 770 2498 potius
818 2429 977 2483 rebus
1022 2428 1276 2482 secundis
1319 2427 1628 2491 utebantur,
1652 2435 1706 2480 et
1741 2425 1991 2496 vivebant

414 2535 536 2572 cum
583 2519 873 2590 voluptate.
923 2519 1126 2574 Idcirco
1169 2535 1312 2589 aegre
1341 2519 1597 2584 ferentes,
1646 2517 1990 2574 immensam-

413 2624 518 2678 que
546 2610 638 2663 Dei
680 2611 1066 2680 benignitatem
1101 2608 1239 2663 forte
1271 2609 1510 2679 amplius
1536 2610 1774 2682 cogitare
1807 2607 1992 2663 nolen-

418 2710 521 2766 tes,
553 2705 935 2769 propemodum
961 2701 1124 2755 etiam
1149 2715 1214 2754 ex
1242 2701 1624 2770 desperatione
1649 2699 1988 2754 clamabant:

421 2810 440 2844 ι
469 2792 660 2847 Omnis
684 2795 776 2862 qui
809 2795 943 2849 facit
972 2797 1198 2861 malum,
1236 2794 1435 2848 bonmu
1482 2791 1534 2844 in
1564 2799 1855 2859 conspectu
1885 2789 1992 2844 Do-

418 2887 575 2948 mini,
605 2895 660 2939 et
692 2886 746 2939 iu
779 2887 908 2955 ipsis
934 2888 1034 2954 ipsi
1065 2886 1425 2954 complacuit;
1460 2903 1479 2936 ι
1507 2883 1604 2937 hoc
1628 2892 1730 2948 est,
1768 2883 1990 2938 forsitan

413 2985 472 3030 et
522 2987 860 3043 perpetrator
919 2979 1182 3032 malorum
1232 2977 1405 3030 bonus
1467 2984 1552 3028 est
1603 2976 1655 3027 in
1701 2984 1991 3040 conspectu

421 3063 669 3129 Domini;
713 3075 768 3119 et
800 3081 964 3135 super
1011 3070 1144 3119 adeo
1176 3064 1458 3118 inhoneste
1491 3061 1798 3115 viventibus
1842 3063 1988 3114 lieta-
2017 3059 2059 3116 C

420 3166 527 3210 tur.
561 3156 696 3210 Nam
737 3158 782 3211 si
826 3158 929 3211 hoc
974 3171 1161 3210 verum
1191 3170 1302 3210 non
1349 3163 1452 3219 est,
1491 3154 1686 3223 inquit,
1721 3171 1740 3205 ι
1777 3152 1876 3207 Ubi
1906 3161 1992 3206 est

417 3248 560 3303 Deus
585 3247 854 3315 iustitiae?
889 3267 908 3300 ι
939 3248 1233 3318 Oportebat
1258 3246 1426 3309 enim,
1457 3246 1747 3314 oportebat
1770 3243 1992 3313 iustitiae

418 3341 844 3410 dispensatorem
880 3353 986 3394 non
1021 3341 1157 3392 adeo
1193 3337 1517 3392 tolerantem
1557 3351 1678 3391 esse
1721 3337 1775 3390 in
1806 3351 1988 3391 sacer-

420 3435 634 3486 dotibus
673 3432 872 3496 avaris,
918 3439 973 3487 et
1015 3430 1186 3484 altare
1219 3427 1599 3497 polluentibus,
1629 3435 1684 3481 et
1717 3425 1896 3495 iniqua
1929 3439 1992 3479 ac

419 3526 688 3597 scelerata
725 3534 780 3578 et
809 3523 910 3592 legi
940 3519 1234 3592 pugnantia
1265 3519 1608 3574 committere
1641 3533 1850 3574 summo
1878 3527 1993 3571 stu-

419 3619 510 3671 dio
555 3617 898 3670 conantibus.
962 3614 1026 3667 Et
1079 3612 1193 3666 h;ec
1246 3611 1462 3680 quidem
1517 3610 1742 3664 crimina
1795 3608 1994 3663 fuerint

418 3707 815 3776 desperationis
866 3704 1103 3771 ipsorum
1153 3701 1476 3756 incessentis
1525 3701 1755 3755 animos.
1809 3698 1994 3775 Scien-

418 3797 546 3851 dum
599 3807 804 3859 autem,
843 3793 1002 3863 juxta
1036 3794 1370 3862 propositum
1413 3791 1702 3848 verborum
1751 3806 1990 3855 sensum,

418 3887 641 3942 irritare
669 3885 858 3951 Deum,
890 3885 982 3954 qui
1020 3886 1156 3939 adeo
1195 3883 1460 3950 imperitis
1489 3882 1712 3937 vocibus
1746 3891 1989 3937 utuntur.

420 3979 614 4033 Fertne
644 3979 787 4031 enim
812 3990 865 4033 et
892 3979 1174 4046 increpare
1197 3984 1442 4029 statuunt
1465 3974 1782 4029 tolerantem
1805 3974 1991 4040 Deum,

419 4074 512 4139 qui
567 4072 867 4127 errantium
916 4072 1330 4125 conversionem
1382 4067 1770 4137 benignissime
1815 4076 1869 4121 et
1902 4083 1994 4122 eo-

420 4180 538 4218 rum
585 4165 677 4232 qui
719 4165 771 4218 in
825 4172 1103 4232 peccatum
1157 4159 1394 4230 prolapsi
1439 4169 1584 4223 sunt,
1623 4158 1688 4212 ad
1737 4158 1993 4212 salutaria

426 4271 702 4310 recursum
750 4264 1049 4324 exspectat.
1090 4253 1312 4306 Diviuus
1352 4253 1532 4319 itaque
1589 4249 1788 4304 Paulus
1833 4265 1995 4318 super

422 4348 760 4416 torpentibus
795 4356 849 4400 et
891 4361 921 4398 a
967 4346 1284 4416 paenitentia
1341 4343 1733 4414 refugientibus
1763 4343 1990 4397 dolens:

2089 1799 2352 1862 πάζοντες
2383 1797 2506 1860 τοὺς
2549 1795 2844 1866 οὐδαμόθεν
2887 1794 3070 1857 αὐτοῖς
3105 1796 3480 1864 προσήκοντας
3537 1793 3670 1863 κλή-

2089 1905 2252 1961 ρους’
2291 1888 2610 1957 ἐφηδόμενον.
2656 1886 2711 1939 δὲ
2743 1885 2837 1938 καὶ
2875 1884 3253 1955 δωροδοκίαις,
3289 1885 3382 1936 καὶ
3415 1887 3535 1946 ταῖς
3572 1884 3668 1952 τῆς

2091 1987 2389 2059 ἱερωσύνης
2413 1988 2596 2056 τιμαῖς
2619 1980 3106 2053 κατακεχρημένοι,
3133 1979 3226 2034 καὶ
3248 1979 3352 2032 τῶν
3379 1978 3484 2031 ὑπὸ
3511 1981 3671 2048 χεῖρα

2090 2080 2565 2151 κατεπαιρόμενοι.
2609 2076 2823 2145 Ταύτην
2851 2074 3064 2144 ἔχοντες
3091 2070 3186 2124 τοῦ
3235 2071 3348 2140 βίου
3381 2069 3479 2138 τὴν
3521 2071 3671 2136 ἀγωο

2089 2169 2193 2240 γὴν
2233 2167 2329 2237 τὴν
2368 2166 2511 2219 οὕτω
2547 2164 2780 2218 δυσκλεᾶ
2808 2163 2902 2214 καὶ
2941 2161 3359 2230 ὲκνομωτάτην,
3390 2155 3670 2210 καταθεώμ-

2093 2259 2242 2330 μενοί
2293 2274 2434 2320 τινες
2468 2255 2575 2309 τῶν
2623 2255 2720 2314 τὰς
2757 2253 2967 2315 ἀδικίας
3014 2251 3526 2320 ύπομεμινηκότων,
3570 2263 3670 2318 μο-

2091 2349 2304 2419 νονουχὶ
2334 2346 2733 2417 κατεθήπεσαν.
2767 2343 2841 2398 Ού
2871 2341 2977 2413 γὰρ
3005 2336 3072 2411 ἦν
3101 2357 3186 2404 τις
3206 2341 3303 2408 ,ἐπ’
3333 2339 3514 2403 αὐτοῖς
3547 2338 3669 2392 ὲπί-

2091 2441 2286 2509 πληξις
2322 2437 2472 2507 παρά
2514 2433 2648 2489 Θεοῦ
2700 2432 2796 2487 καὶ
2835 2432 2902 2484 τὰ
2937 2431 2996 2497 ἐξ
3031 2429 3229 2500 ὀργῆς,
3266 2428 3378 2481 ἐσθ’
3405 2429 3492 2481 ὅτε
3528 2444 3667 2498 συμ-

2093 2532 2343 2586 ϐαίνοντα
2372 2531 2488 2593 τοῖς
2523 2525 2735 2580 εἰωθόσι
2769 2524 3126 2592 καταφρονεῖν
3147 2535 3161 2552 ⁸
3198 2515 3336 2590 ἦσαν
3371 2519 3427 2572 δὲ
3467 2520 3668 2589 μᾶλλον

2093 2623 2151 2674 ἐν
2193 2618 2458 2688 εὐπαθείᾳ
2490 2618 2582 2670 καὶ
2617 2616 2868 2685 τρυφαῖς.
2921 2611 3062 2681 Πρὸς
3101 2609 3168 2679 δὴ
3219 2610 3286 2662 τά
3319 2609 3541 2662 τοιαῦτα
3585 2609 3672 2662 δε-

2093 2713 2521 2785 δυσφορηκὸτες,
2565 2709 2662 2763 καὶ
2696 2709 2793 2779 τὴν
2837 2705 3166 2775 ἀσύγκριτον
3216 2703 3526 2773 ἡμερότητα
3575 2702 3668 2756 τοῦ

2094 2805 2230 2859 Θεοῦ
2260 2806 2400 2874 τάχα
2440 2820 2540 2854 που
2571 2799 2751 2853 λοιπὸν
2802 2800 2878 2860 εἰς
2916 2797 3040 2849 νοῦν
3073 2796 3217 2865 ἔχειν
3265 2797 3366 2847 οῦκ
3406 2795 3670 2864 ἀνεχόμε·

2096 2913 2195 2961 νοι,
2235 2881 2533 2967 μοιθονουχὶ’
2557 2891 2650 2944 καὶ
2681 2888 3164 2960 κατακεκράγασιν
3199 2887 3262 2938 ὲκ
3306 2885 3674 2956 μικροψυχίας

2095 2989 2370 3056 λέγοντες·
2413 3003 2431 3036 ι
2467 2985 2580 3044 Πᾶς
2615 2981 2781 3035 ποιῶν
2821 2979 3076 3051 πονηρὸν,
3109 2976 3272 3030 καλὸν
3317 2975 3548 3029 ὲνὼπιον
3580 2977 3677 3029 αὑ.

2093 3078 2208 3144 τοῦ,
2240 3078 2333 3130 καὶ
2361 3079 2418 3128 ὲν
2457 3075 2640 3137 αὐτοῖς
2670 3073 2828 3134 αὐτὸς
2860 3071 3149 3142 ηύδόκησε,
3180 3087 3198 3118 ι
3233 3068 3498 3128 τουτέστι,
3536 3069 3677 3137 τάχα

2095 3187 2198 3223 που
2235 3170 2328 3222 καὶ
2370 3166 2574 3234 ἀγαθὸς
2603 3167 2660 3217 ὲν
2701 3163 2999 3232 ὀφθαλμοῖς
3032 3161 3123 3214 τοῦ
3154 3158 3289 3213 Θεοῦ
3323 3161 3351 3211 ὁ
3379 3161 3486 3212 τῶν
3519 3177 3676 3231 novi-‘-

2097 3260 2205 3332 ρῶν
2232 3259 2498 3330 ἐργάτηςο
2542 3255 2799 3324 ipsam:
2835 3253 2891 3306 δὲ
2928 3255 3041 3314 τοῖς
3086 3250 3260 3311 οὕτως
3291 3251 3532 3323 αἰσχρῶς
3561 3253 3676 3304 δια-

2095 3352 2244 3406 ϐιοῦν
2275 3347 2590 3421 ᾑρημένοις.
2633 3347 2697 3398 Ei
2727 3346 2834 3416 γὰρ
2878 3344 2951 3416 μὴ
3002 3342 3180 3408 τοῦτο,
3215 3346 3400 3413 φησιν,
3450 3343 3670 3416 ἀληθὲς,

2101 3465 2119 3497 ι
2155 3443 2264 3497 Ποῦ
2313 3442 2459 3496 ἔστιν
2501 3441 2530 3493 ὸ
2569 3437 2703 3501 Θεὸς
2748 3440 2848 3508 τῆς
2889 3434 3268 3504 δικαιοσύνης;
3297 3453 3319 3486 ι
3359 3433 3504 3488 Ἐδει
3543 3435 3673 3505 γὰρ,

2093 3535 2200 3590 ἔδει
2219 3534 2315 3604 τῆς
2340 3529 2684 3599 δικαιοσύνης
2708 3528 2799 3580 τὸν
2830 3528 3092 3598 πρύτανιν
3119 3527 3194 3598 μὴ
3218 3525 3468 3580 τοσοῦτον
3503 3525 3676 3590 aveat-

2095 3627 2332 3696 κακῆσαι
2391 3619 2770 3676 πλεονεκτοῦσι
2833 3621 3168 3690 ἱερουργοῖς,
3227 3618 3323 3671 καὶ
3384 3618 3676 3687 καταμιαε-

2094 3731 2244 3768 νουσι
2268 3713 2330 3766 τὸ
2369 3710 2772 3780 θυσιαστήριον,
2805 3708 2966 3762 ἀδικά
2995 3724 3054 3760 τε
3100 3709 3194 3760 καὶ
3239 3709 3430 3761 ἀνόσια
3473 3709 3567 3762 καὶ
3607 3708 3677 3762 τὰ

2095 3804 2201 3870 ἔξω
2260 3803 2426 3872 νόμου
2478 3801 2610 3871 δρᾷν
2657 3800 2740 3852 ὅτι
2793 3797 3028 3869 μάλιστα
3079 3796 3512 3862 διεσπουδακόσι.
3564 3799 3678 3853 Καὶ

2093 3896 2248 3950 ταυτὶ⁸
2280 3895 2378 3964 μὲν
2413 3889 2522 3946 εἷεν
2553 3893 2620 3946 ἂν
2647 3891 2747 3960 τῆς
2779 3889 3162 3960 ὲπισυμϐἁσης
3195 3891 3377 3954 αὐτοῖς
3415 3889 3680 3961 μικροψυ-

2095 3987 2218 4056 χίας
2267 3986 2611 4056 ὲγκλήματα.
2662 3983 2858 4036 ’ἰστέον
2895 3983 2951 4036 δὲ
2983 3983 3096 4047 ὅτι,
3132 3983 3274 4035 κατά
3321 3998 3384 4049 γε
3424 3982 3524 4051 τὴν
3565 3980 3678 4034 τῶν

2097 4077 2470 4149 προκειμένων
2495 4073 2746 4145 δύναμιν,
2779 4073 3175 4144 παροτρύνουσι
3209 4072 3297 4126 τὸν
3316 4072 3451 4124 Θεὸν
3480 4073 3528 4125 οἱ
3556 4075 3678 4135 ταῖς

2096 4169 2266 4232 οὓτως
2291 4165 2633 4228 ἀπαιδεύτοις
2655 4164 2984 4234 κεχρημένοι
3006 4167 3228 4232 φωναῖς
3250 4164 3545 4232 Μονονουχὶ
3567 4165 3677 4233 γὰρ

2098 4262 2192 4316 καὶ
2225 4263 2484 4331 ἐπιτιμᾷν
2523 4257 2826 4326 ἐγνώκασιν
2859 4257 3268 4322 ἀνεξικακοῦντι
3296 4256 3414 4326 Θεῷ
3447 4261 3678 4327 περιμὲο

2099 4355 2242 4407 νοντί
2275 4369 2333 4406 τε
2367 4353 2464 4406 καὶ
2500 4351 2644 4422 μάλα
2693 4350 2944 4421 χρηστῶς
2975 4350 3084 4402 τῶν
3117 4349 3546 4420 πεπλανημένων
3577 4349 3676 4418 τὴν

425 4459 443 4492 ι
472 4439 607 4493 Num
653 4439 868 4493 divitias
913 4439 1172 4493 bonitatis
1220 4439 1338 4507 eius
1370 4448 1421 4492 et
1469 4436 1742 4506 patientiae
1789 4446 1846 4490 et
1883 4436 1992 4488 lou-

2106 4442 2462 4514 ἐπιστροφὴν,
2488 4443 2597 4494 τῶν
2619 4443 2698 4505 είς
2728 4440 3001 4511 ἁμαρτίαν
3029 4439 3432 4510 ὠλισθηκότων,
3464 4438 3562 4508 τὴν
3595 4440 3678 4502 si;

420 4531 752 4602 gauimitatis
822 4531 1144 4594 contemnis,
1209 4530 1464 4598 ignorans
1512 4529 1636 4596 quia
1689 4527 1993 4595 benignitas

423 4624 513 4677 Dei
560 4626 627 4678 ad
668 4625 1045 4693 paenitentiam
1079 4634 1130 4675 te
1163 4620 1353 4675 ducit?
1387 4620 1692 4674 Secundum
1740 4619 1992 4671 duritiam

420 4725 599 4766 autem
643 4724 697 4767 et
749 4715 1094 4782 impmnitens
1133 4728 1228 4767 cor
1274 4725 1461 4774 tuum,
1511 4709 1847 4762 tbesaurizas
1897 4707 1994 4762 tibi

421 4789 689 4870 ipsiiram
731 4805 784 4854 in
829 4804 916 4857 die
953 4805 1046 4856 ira:
1077 4812 1132 4856 et
1182 4801 1527 4856 revelationis
1561 4799 1765 4866 etjusti
1799 4798 1994 4867 judicii

422 4894 514 4947 Dei
537 4891 604 4945 ".
639 4910 657 4942 ι
695 4894 878 4959 itaque
927 4894 1089 4946 etiam
1135 4903 1299 4960 atque
1331 4894 1497 4945 etiam
1541 4891 1992 4960 vehementerque

423 4984 585 5037 Deum
632 4981 909 5036 offendunt
942 4985 1033 5051 qui
1069 4984 1206 5036 adeo
1253 4982 1504 5036 inanibus
1529 4981 1660 5036 dant
1703 4998 1893 5038 manus
1935 4993 1992 5039 et

418 5074 598 5143 iingua
629 5071 886 5127 elfrenata
925 5074 1027 5141 ipsi
1063 5075 1455 5138 convitiautur,
1491 5084 1548 5127 et
1587 5085 1809 5142 peccato
1843 5084 1990 5130 tene-

421 5168 619 5220 buntur
651 5167 741 5237 qui
783 5165 958 5221 morbi
986 5164 1306 5220 occasiones
1338 5164 1468 5233 ipsis
1492 5167 1772 5220 dederunt.

2101 4537 2170 4590 τὰ
2199 4537 2406 4606 ἀμείνω
2434 4534 2795 4605 μεταδρομήν.
2820 4531 2930 4585 Καὶ
2961 4531 3132 4599 γοῦνὸ
3155 4531 3436 4592 θεσπέσιος
3465 4529 3681 4594 Παῦλος

2099 4630 2213 4688 τοῖς
2234 4626 2450 4679 ὀκνοῦσί
2474 4641 2534 4676 τε
2565 4626 2659 4676 καὶ
2679 4621 3061 4691 ἀναδυομένοις
3088 4621 3167 4675 ἔτι
3202 4621 3300 4690 τὴν
3331 4620 3677 4689 μετάγνωσιν

2101 4716 2358 4785 ἐπετίμα,
2388 4714 2560 4780 λέγων
2580 4729 2592 4742 ·
2634 4731 2652 4763 ι
2683 4712 2743 4764 Ei
2773 4711 2866 4764 τοῦ
2907 4710 3140 4764 πλούτου
3179 4710 3280 4780 τῆς
3311 4710 3679 4782 χρηστότητος

2100 4804 2264 4860 αὑτοῦ
2287 4805 2382 4856 καὶ
2407 4804 2505 4873 τῆς
2529 4802 2728 4872 ἀνοχῆς
2753 4804 2846 4854 καὶ
2867 4801 2965 4870 τῆς
2991 4801 3372 4872 μακροθυμίας
3402 4816 3664 4871 καταφρο

2097 4898 2227 4959 νεϊς,
2259 4893 2468 4962 ἀγνοῶν
2499 4894 2581 4946 ὅτι
2612 4893 2672 4945 τὸ
2707 4893 2941 4963 χρηστὸν
2977 4893 3071 4944 τοῦ
3102 4891 3235 4944 Θεοῦ
3266 4893 3346 4954 είς
3385 4891 3678 4963 μετάνοιάν

2099 5005 2157 5040 σε
2183 4987 2340 5055 ἄγεις
2371 4985 2513 5039 κατά
2543 4983 2599 5036 δὲ
2626 4983 2724 5054 τὴν
2751 4984 3094 5055 σκληρότητά
3130 5001 3221 5036 σου
3255 4985 3350 5037 καὶ
3374 4983 3686 5053 ἀμετανόη-

2097 5095 2188 5131 τον
2221 5075 2469 5147 καρδίαν,
2520 5075 2864 5145 θησαυρίζεις
2923 5072 3134 5144 σεαυτῷ
3182 5075 3349 5144 ὀργὴν
3387 5075 3444 5125 ὲν
3487 5072 3678 5143 ἡμέρᾳ

2098 5169 2268 5240 ὀργῆς
2300 5167 2394 5220 καὶ
2413 5166 2800 5235 ἀποκαλύψεως
2823 5165 2919 5219 καὶ
2936 5165 3334 5235 δικαιοκρισίας
3357 5165 3448 5218 τοῦ
3466 5163 3668 5216 Θεοῦυ»

419 5255 630 5308 οὐκοῦν
671 5255 1107 5328 προσκρούσουσι
1142 5253 1242 5325 μὲν
1270 5255 1445 5326 πάντη
1476 5257 1572 5310 καὶ
1606 5257 1819 5322 πάντως
1856 5260 1906 5311 oi
1931 5262 2050 5324 ταῖς
2089 5259 2233 5314 οὕτω
2258 5259 2493 5330 ψυχραῖς
2533 5256 2830 5330 ἡττώμενοι
2859 5258 2953 5311 καὶ
2991 5257 3242 5328 ἀχάλινον
3287 5255 3379 5308 ἐπὶ
3417 5254 3537 5324 Θεῷ
3572 5255 3674 5325 τὴν

418 5345 662 5412 ¹κλῶπαν
689 5350 930 5416 ἀνέντες,
960 5349 1132 5420 ἔνοχοι
1155 5348 1211 5401 δὲ
1251 5347 1629 5418 πλημμελείας
1661 5345 1770 5405 εἷεν
1805 5351 1870 5405 ἂν
1901 5354 1949 5405 οἱ
1977 5353 2074 5424 τῆς
2107 5353 2421 5424 ἀρρωστίας
2446 5353 2629 5416 αὐτοῖς
2655 5351 2884 5415 διδόντες
2912 5350 3008 5415 τὰς
3046 5350 3316 5421 ἀφορμάς.

495 5435 787 5494 Vivenduiu
823 5443 984 5511 igitur
1015 5451 1199 5499 sancte
1229 5448 1284 5495 et
1322 5453 1469 5496 recta
1508 5444 1592 5495 via
1627 5443 1979 5498 incedendum

551 5639 596 5673 ⁸³
621 5638 848 5695 Malacli.
890 5658 932 5708 I,
963 5643 1049 5698 1'5.
1162 5644 1208 5676 “
1241 5641 1464 5700 Malach.
1513 5657 1572 5710 ιι,
1603 5643 1657 5700 9.

1767 5643 1811 5676 ⁸³
1847 5643 2003 5700 Deut.
2039 5658 2080 5710 ι,
2110 5644 2196 5700 16.

2158 5445 2279 5517 Χρὴ
2323 5444 2388 5515 δὴ
2423 5440 2516 5498 οῦν
2546 5445 2655 5514 ἀρα
2696 5443 2886 5513 διαζῇν
2931 5441 3097 5512 ἀγίως
3133 5443 3226 5496 καὶ
3265 5435 3577 5512 ὀρθοποδεῖν
3611 5433 3672 5490 ὲν

2306 5643 2351 5676 ³⁸
2385 5643 2536 5697 llum.
2577 5658 2642 5708 Il,
2675 5642 2732 5707 4,
2771 5641 2826 5694 5.’
