4042 6196
295 326 400 385 839

1159 324 1710 384 COMMENTARIUS
1747 326 1815 382 IN
1855 324 2259 384 MALACIIIAM
2305 325 2746 383 PROPIIETAM.

3459 326 3565 382 330

308 437 608 513 Ἐκκλησία
659 436 786 503 τοὺς
839 439 1171 505 ἀπολέκτους
1226 442 1543 513 ίερουργοὺς
1589 443 1707 512 ἦτοι
1761 444 1887 508 τοὺς

2005 460 2044 499 tt
2081 442 2315 499 Ecclesia
2346 441 2533 497 electis
2564 438 2939 496 sacerdotibus
2961 441 3073 495 sive
3105 441 3172 497 ad
3198 443 3563 499 sacerdotium

295 528 669 605 κεκλημένους
696 532 778 595 είς
821 530 1142 604 ἱερωσύνην.
1168 533 1421 587 Ἔσονται
1459 534 1567 605 γὰρ
1606 532 1779 598 οὕτως
1808 535 1887 598 είς

295 624 653 678 ὑποτύπωσιν
684 622 986 692 εὐκοσμίας
1023 623 1116 676 καὶ
1153 623 1372 693 ἁπάσης
1401 623 1601 693 ἀρετῆς
1641 625 1753 687 τοῖς
1784 623 1889 677 ὑπὸ

295 717 455 786 χεῖρα
499 712 676 777 λαοῖς,
720 711 769 765 οἳ
804 714 899 766 καὶ
952 712 1041 766 τὸν
1091 712 1200 766 τῶν
1239 712 1376 766 ὅλων
1424 713 1888 786 καταγεραίρουσι

295 807 450 869 Θεὸν,
496 806 597 877 τῆς
645 804 756 859 τῶν
811 804 1003 877 ἱερέων
1056 804 1331 870 πολιτείας
1380 803 1441 859 τὸ
1487 806 1741 877 λαμπρὸν
1796 805 1891 859 καὶ

298 898 577 970 ἐξαίρετον
624 895 1032 966 καταθεώμενοι
1066 897 1279 960 κάλλος.
1308 897 1421 951 Καὶ
1468 894 1649 963 τοῦτο,
1695 892 1885 966 οἶμαι,

297 992 415 1045 ιστὶ
438 990 502 1042 τὺ
528 988 615 1043 διὰ
639 987 741 1059 τῆς
764 987 858 1041 τοῦ
882 988 1133 1060 Σωτῆρος
1159 989 1344 1061 φωνῆς
1368 987 1543 1061 όρθῶς
1569 988 1885 1059 εἰρημένον

301 1103 321 1137 t
350 1082 643 1154 Δαμψάτω
667 1080 728 1134 τὸ
761 1079 878 1151 φῶς
908 1080 1062 1151 ὑμῶν
1085 1079 1398 1153 ἔμπροσθεν
1428 1081 1538 1134 τῶν
1561 1080 1886 1153 ἀνθρώπων,

295 1178 445 1240 δπως
492 1176 646 1229 ἴδωσι
675 1174 743 1228 τὶι
781 1173 923 1227 καλὰ
950 1172 1088 1245 ἔργα
1121 1173 1307 1245 ὑμῶν,
1345 1175 1442 1228 καὶ
1482 1174 1749 1239 δοξάσωσι
1796 1174 1890 1228 τὸν

292 1268 521 1338 Πατέρα
565 1265 722 1337 ὑμῶν
777 1265 869 1318 τὸν
910 1267 969 1319 ὲν
1013 1269 1128 1329 τοῖς
1169 1268 1437 1337 οὐρανοῖς.
1466 1287 1484 1319 ι
1520 1269 1731 1340 Ὥσπερ
1780 1268 1890 1342 γὰρ

293 1358 745 1422 σκανδαλίζονται
781 1355 919 1418 λαοὶ,
954 1356 1055 1428 ζῇν
1089 1357 1361 1427 ἑλομένων
1392 1358 1635 1424 ἐκτόπως
1667 1359 1776 1413 τῶν
1819 1362 1893 1413 ἱε-

297 1450 468 1524 ρέων·
517 1447 658 1502 οὕτω
690 1447 949 1519 πλείστην
997 1464 1056 1500 τε
1105 1449 1237 1518 ὅσην
1286 1448 1382 1502 καὶ
1430 1449 1548 1502 λίαν
1598 1450 1888 1521 ἀμφιλαφῆ

295 1540 622 1615 κερδανοῦσι
648 1540 747 1612 τὴν
772 1538 979 1612 ὄνησιν,
1008 1541 1057 1593 εί
1087 1540 1150 1611 δή
1171 1559 1272 1594 που
1304 1540 1592 1596 θεάσαιντο
1626 1542 1891 1615 πληροῦν-

293 1654 397 1700 τας
442 1636 506 1689 τὸ
556 1620 782 1705 ἀγαθὺν’,
811 1632 906 1685 καὶ
953 1630 1143 1704 διαζῇ-ι
1177 1632 1514 1704 ἡγουμένους
1557 1633 1633 1698 ὠς
1675 1634 1891 1688 ἁνδάνει

908 1858 1161 1915 ΚΕΦΑΛ.
1208 1859 1281 1914 Γ.

379 1996 542 2054 Ἰδοὺ
581 1995 697 2070 ἐγὼ
748 1992 1067 2052 ἀποστελῶ
1113 1995 1376 2065 ἄγγελόν
1416 2012 1557 2066 μου,
1615 1996 1711 2050 καὶ
1764 1994 1894 2051 ext-

306 2089 589 2159 ϐλέψεται
622 2087 768 2143 ὁδὸν
797 2088 913 2157 πρὸ
945 2088 1271 2157 προσώπου
1288 2105 1429 2158 μου.
1461 2088 1571 2143 Kal
1602 2086 1896 2162 ἐξαίφνης

302 2181 435 2251 ἥξει
469 2183 559 2248 εἰς
607 2179 715 2234 τὸν
750 2180 904 2234 ναὸν
944 2179 1163 2234 ἑαυτοῦ
1207 2180 1448 2246 Κύριος,
1493 2178 1567 2233 ὃν
1598 2179 1767 2249 ὑμεῖς
1799 2178 1895 2249 ζη-

298 2273 477 2339 τεῖτε,
508 2272 607 2327 καί
632 2274 666 2327 ὁ
693 2274 981 2343 Ἀγγελος
1012 2271 1122 2340 τῆς
1154 2270 1470 2340 διαθήκης,
1504 2272 1578 2325 6r
1605 2271 1772 2341 ὑμεῖς
1806 2272 1898 2327 θέ-

373 2456 504 2512 ΛΒπ.
546 2454 890 2526 Εὐαφόρμως
931 2455 1054 2509 λίαν
1086 2456 1181 2537 ἐπὶ
1209 2455 1386 2510 τὸτοῦ
1420 2457 1660 2529 Χριστοῦ
1695 2459 1899 2532 μυστή-

303 2564 427 2619 ριον
460 2550 492 2601 6
532 2547 634 2612 τῆς
667 2546 1037 2618 προκειμένης
1091 2548 1222 2618 ἡμῖν
1271 2549 1609 2619 προφητείας
1661 2567 1901 2620 μεταπε·

303 2640 537 2712 φοίτηκε
569 2639 747 2708 λόγος.
785 2632 983 2707 Γέγονε
1016 2638 1126 2709 γὰρ
1157 2624 1289 2710 ἡμῖν
1319 2639 1470 2710 παρὰ
1506 2638 1599 2692 τοῦ
1634 2638 1770 2692 Θεοῦ
1802 2640 1899 2695 καὶ

302 2731 525 2800 Πατρός
551 2731 582 2782 6
623 2729 974 2801 Ἐμμανουὴλ
1010 2747 1027 2782 ι
1061 2728 1380 2799 δικαιοσύνη
1408 2746 1467 2781 τε
1500 2729 1595 2782 καὶ
1628 2729 1900 2802 ἁγιασμὸς

304 2823 407 2877 καὶ
434 2816 839 2892 ἀπολύτρωσις,¹
873 2841 893 2875 ι
929 2822 1026 2876 καὶ
1060 2809 1244 2894 ῥύπου
1265 2823 1463 2887 παντὸς
1496 2824 1899 2897 ἁποκάθαρσις,

306 2915 410 2970 καὶ
434 2914 721 2987 ἁμαρτιῶν
748 2906 1027 2979 ἀπόθεσις,
1064 2915 1160 2968 καὶ
1186 2914 1294 2968 τῶν
1322 2915 1609 2985 αἰσχιόνων
1635 2912 1900 2989 ἀποϐολὴ,

309 3008 413 3063 καὶ
438 3008 557 3071 ὁδὸς
587 3010 666 3072 είς
690 3007 759 3062 τὰ
788 3009 995 3079 ἀμείνω
1019 3009 1115 3062 καὶ
1165 2990 1610 3080 πρεπωδέστερα,
1637 3008 1730 3062 καὶ
1760 3008 1903 3079 θύρα

308 3115 399 3162 τις
429 3097 621 3170 ὥσπερ
660 3100 756 3152 καλ⁵
785 3099 1002 3170 εἰσϐολὴ
1037 3099 1173 3171 πρὸς
1202 3100 1348 3171 ζωὴν
1381 3099 1619 3167 αἰώνιον,
1658 3102 1810 3156 πᾶσά
1840 3117 1902 3173 τε

1994 535 2215 591 vocatis.
2251 535 2341 590 Sic
2372 534 2515 588 enim
2547 531 2780 588 subditis
2821 531 3068 603 exemplo
3096 543 3257 588 erunt
3303 545 3359 589 et
3392 534 3564 591 forma

1991 627 2295 684 honestatis
2340 626 2625 695 omnisque
2672 624 2913 689 virtutis,
2954 625 3043 696 qui
3092 634 3147 679 et
3191 626 3565 683 universorum

1993 717 2100 771 Deo
2141 716 2504 788 gratulantur,
2554 732 2677 770 cum
2733 714 2944 771 illu5tre
2990 726 3044 772 et
3084 716 3359 787 singulare
3406 719 3572 774 decus
3630 740 3635 745 ·

1992 823 2181 864 eorum
2232 812 2357 865 vita:
2404 807 2866 878 contemplantur.
2924 810 2986 864 Et
3022 810 3123 864 hoc
3174 819 3279 874 est,
3319 819 3377 864 ut
3418 820 3570 881 puto,

1990 900 2131 969 quod
2164 914 2296 955 voce
2331 900 2631 956 Salvatoris
2674 901 2841 970 probe
2871 900 3076 954 dictum
3112 900 3347 972 legimus
3376 919 3390 956 :
3429 919 3448 954 ι
3482 903 3575 958 Sic

1992 991 2172 1048 luceat
2230 993 2323 1047 lux
2381 1001 2560 1048 vestra
2613 1007 2795 1047 coram
2853 992 3199 1057 hominibus,
3245 1003 3304 1048 ut
3356 992 3575 1049 videant

1990 1100 2154 1155 opera
2180 1099 2357 1141 vestra
2393 1086 2529 1141 bona
2559 1094 2613 1141 et
2638 1085 2944 1154 gloriﬁcent
2970 1085 3189 1141 Patrem
3213 1097 3454 1141 vestrum
3480 1086 3573 1155 qui

1993 1175 2045 1230 in
2075 1177 2232 1231 cmlis
2261 1187 2347 1233 est
2371 1178 2437 1231 ³⁷.
2476 1196 2496 1229 ι
2532 1177 2995 1244 Quemadmodum
3041 1178 3186 1233 enim
3215 1178 3385 1251 849
3415 1194 3576 1235 scan-

1991 1256 2259 1323 dalizatur
2298 1268 2547 1341 populus,
2586 1284 2708 1323 cum
2743 1269 3052 1325 sacerdotes
3083 1285 3273 1340 parum
3316 1271 3579 1327 innocen-

1995 1365 2078 1412 ter
2116 1359 2337 1425 vivunt,
2377 1360 2450 1414 ita
2498 1360 2925 1417 emolumentum
2973 1362 3129 1433 longe
3178 1364 3473 1417 maximum
3525 1370 3583 1419 et

1993 1451 2229 1520 amplam
2270 1453 2558 1507 utilitatem
2607 1456 2985 1525 consequitur,
3017 1456 3064 1511 si
3108 1455 3368 1512 bonitatis
3403 1455 3581 1511 ollicio

1994 1541 2282 1613 fungentes
2327 1542 2495 1609 videt,
2543 1550 2598 1599 et
2638 1542 3018 1601 existimantes
3070 1544 3142 1599 ita
3187 1543 3475 1600 vivendum
3524 1551 3582 1597 ut

1994 1633 2104 1689 Deo
2130 1634 2324 1704 placet.

2635 1857 2787 1915 CAP.
2849 1860 2933 1913 III.

2069 1987 2234 2043 Vnus.
2279 1989 2330 2044 Ι.
2378 1987 2514 2044 Ecce
2544 2007 2637 2062 ego
2662 1993 2810 2048 mitto
2842 1995 3083 2067 angelum
3109 2015 3301 2063 meum,
3333 2009 3382 2055 et
3402 2017 3584 2069 sperno

1996 2077 2196 2132 labitur
2226 2080 2363 2133 viam
2400 2090 2521 2135 ante
2545 2082 2736 2151 faciem
2762 2102 2952 2141 meum.
2983 2085 3052 2142 Et
3084 2089 3263 2142 statim
3306 2092 3471 2146 veniet
3512 2093 3583 2146 ad

1999 2172 2251 2240 templum
2293 2190 2447 2227 suum
2489 2172 2766 2241 Dominus,
2805 2194 2956 2247 quem
2996 2196 3084 2234 eos
3115 2182 3379 2251 qua'ritis,
3407 2194 3454 2239 et
3485 2187 3589 2238 Λιι-

1996 2263 2143 2333 gelus
2187 2268 2506 2333 testamenti,
2539 2285 2688 2335 quem
2723 2286 2811 2324 vos
2842 2272 3019 2327 vultis.

2072 2442 2288 2506 XXXII.
2323 2447 2677 2521 Perapposite
2714 2453 2782 2507 ad
2817 2451 3019 2509 Christi
3071 2454 3390 2527 mysterium
3422 2460 3585 2513 verba

2002 2537 2104 2594 ista
2134 2543 2450 2611 prophetica
2482 2545 2834 2600 transierunt.
2863 2540 3064 2601 Factus
3090 2555 3173 2602 est
3198 2548 3341 2603 enim
3368 2548 3523 2604 nobis
3555 2567 3585 2604 ι

2003 2631 2115 2687 Deo
2150 2641 2205 2687 et
2251 2630 2414 2699 Patre
2476 2635 2795 2691 Emmanuel
2844 2635 3079 2705 justitia,
3125 2647 3180 2691 et
3227 2639 3588 2696 sanctiﬁcatio

2003 2734 2058 2780 et
2091 2725 2519 2797 redemptio"',
2550 2737 2605 2783 et
2642 2728 2822 2785 omnis
2848 2729 3207 2786 immunditia:
3232 2733 3547 2789 emundatio
3569 2774 3587 2801 ,

2003 2829 2464 2889 peccatorumque
2494 2820 2781 2890 depositio,
2807 2831 2858 2877 et
2883 2822 3294 2880 inhonestorutn
3327 2825 3585 2896 abjectto,

2003 2919 2060 2966 et
2103 2910 2171 2965 ad
2220 2912 2443 2967 meliora
2501 2928 2565 2967 ac
2607 2914 2917 2970 decentiora
2964 2917 3208 2985 quaedam
3255 2917 3361 2982 via,
3412 2926 3469 2974 et
3518 2920 3588 2976 ad

2003 3010 2265 3057 attentam
2323 3003 2492 3057 vitam
2544 3019 2641 3058 ceu
2694 3006 2860 3075 janua
2916 3017 2971 3060 et
3026 3007 3324 3078 ingressus,
3385 3017 3442 3064 et
3492 3026 3591 3081 per

2004 3092 2181 3164 ipsum
2220 3105 2464 3149 correcta
2501 3104 2629 3150 sunt
2657 3098 2862 3162 omnia,
2900 3106 2950 3151 et
2985 3113 3208 3154 eversus
3242 3100 3442 3155 diaboli
3486 3103 3588 3155 do-

307 3193 382 3247 Gt'
413 3191 583 3246 αὐτοῦ
623 3193 847 3261 γέγονεν
875 3193 1268 3265 ἐπανόρθωσις,
1301 3194 1397 3248 καὶ
1426 3194 1741 3260 πλεονεξίας
1773 3196 1905 3248 ἀνα-

2009 3187 2268 3253 tninatus,
2299 3196 2353 3241 et
2391 3187 2609 3241 inventa
2648 3188 2885 3258 jnstitia.
2916 3188 3123 3256 Quibus
3151 3193 3295 3245 enim
3327 3193 3590 3248 mirabili-

308 3282 514 3354 τροπὴ.
547 3282 642 3361 καὶ
664 3282 1012 3354 δικαιοσύνης
1039 3282 1277 3355 εὕρεσις.
1310 3285 1419 3337 Καὶ
1443 3284 1495 3337 τί
1523 3286 1631 3356 γὰρ
1651 3285 1771 3355 οὐχὶ
1795 3284 1906 3337 τῶν

307 3375 785 3447 τεθαυμασμένων
832 3375 899 3428 δι’
928 3376 1094 3430 αὑτοῦ
1141 3376 1632 3449 πεπλουτήκαμεν;
1687 3395 1706 3430 t
1774 3377 1905 3431 Ἰδοὺ

308 3466 517 3530 τοίνυν,
554 3468 710 3535 φησι,
759 3466 1040 3519 ἀποστελῶ
1070 3466 1163 3520 τὸν
1200 3466 1432 3535 ἄγγελόν
1471 3485 1594 3538 μου,
1645 3466 1740 3521 καὶ
1782 3469 1904 3520 ἐπι-

307 3558 572 3629 σλέψεται
604 3558 723 3613 όόὸν
755 3559 862 3630 πρὸ
912 3544 1205 3630 προσώπου
1257 3576 1380 3630 μου.
1428 3577 1447 3611 ι
1498 3561 1683 3612 Ἐοικε
1728 3559 1783 3612 δὲ
1814 3558 1904 3613 διὰ

307 3651 519 3705 τούτων
575 3650 679 3721 τὴν
726 3650 823 3703 τοῦ
855 3644 1033 3722 ,αγίου
1090 3650 1400 3705 Βαπτιστοῦ
1445 3650 1713 3704 ποιεῖσθαι
1765 3667 1900 3721 προ-

312 3726 685 3815 αναιρὼνησιν.
726 3744 870 3814 Ἔφη
907 3744 1019 3815 γάρ
1065 3761 1170 3796 που
1224 3742 1320 3795 καὶ
1362 3741 1524 3805 αὐτὸς
1571 3744 1599 3796 6
1630 3742 1901 3812 Χριστός³

322 3852 343 3886 ι
381 3830 550 3899 Οὗτός
586 3835 702 3888 ἐστι
736 3837 865 3905 περὶ
903 3831 963 3889 οὗ
995 3834 1307 3905 γέγραπται
1331 3851 1344 3866 ·
1388 3852 1405 3885 t
1459 3835 1589 3888 Ἰδοὺ
1629 3834 1741 3904 ἐγὼ
1771 3836 1906 3888 ἀπο-

316 3924 492 3978 στελῶ
520 3925 614 3978 τὸν
655 3924 888 3993 ἄγγελόν
921 3942 1024 3995 μου
1060 3925 1167 3996 πρὸ
1190 3923 1483 3996 προσώπου
1513 3942 1628 3989 σου,
1659 3924 1717 3990 ὃς
1747 3942 1905 3979 κατα-

315 4015 578 4070 σκευάσει
598 4014 712 4085 ’τὴν
739 4015 856 4069 ὁδόν
889 4033 983 4069 σου
1014 4015 1323 4088 ἔμπροσθέν
1356 4020 1474 4071 σου.
1515 4036 1534 4069 ι
1569 4017 1755 4079 Οὖτως
1775 4019 1909 4088 ἡμῖν

311 4108 481 4162 αὐτὸν
530 4108 626 4160 καὶ
670 4110 700 4161 6
752 4106 1036 4172 θεσπέσιος
1103 4109 1333 4171 Ἡσαΐας
1385 4110 1649 4180 ἐσήμηνε,
1693 4108 1906 4178 λέγων·

314 4219 337 4253 s
387 4200 554 4271 Φωνή
603 4200 834 4272 βοῶντος
879 4202 938 4255 ἐν
986 4203 1052 4273 τῇ
1110 4202 1341 4273 ἐρήμην
1395 4202 1755 4272 Ἑτοιμάσατε
1809 4199 1908 4272 τὴν

313 4292 435 4347 ὁδὸν
475 4293 706 4364 Κυρίου,
750 4292 967 4357 εὐθείας
1015 4295 1220 4346 ποιεῖτε
1265 4294 1363 4356 τὰς
1396 4291 1612 4364 τρίϐους
1649 4292 1742 4346 τοῦ
1773 4292 1907 4346 Θεοῦ

313 4384 502 4456 ἡμῶν.
554 4403 575 4436 ι
626 4378 700 4438 Οὗ
746 4384 814 4457 δὴ
857 4384 1164 4454 γεγονότος,
1215 4385 1368 4455 φησι,
1409 4384 1505 4438 καὶ
1549 4385 1688 4463 πρὸς
1736 4383 1909 4456 βραχῦ

311 4475 723 4547 δεδραμηκότος
759 4476 855 4531 τοῦ
883 4476 1166 4545 ἀγγέλλειν
1188 4476 1260 4531 τὰ
1283 4476 1461 4531 τοιάδε
1499 4476 1911 4549 προστεταγμέο

310 4582 433 4631 νου,
498 4585 520 4617 ο
581 4566 869 4640 Ἐξαίφνης
912 4569 1055 4639 ἣξει,
1100 4569 1253 4638 φησὶ,
1300 4570 1380 4633 είς
1432 4568 1525 4622 τὸν
1569 4568 1696 4621 ναὸν
1736 4567 1904 4621 αὑτοῦ

314 4658 544 4731 Κύριος,
573 4658 634 4711 ὃν
663 4659 821 4731 ὑμεῖς
850 4659 1084 4732 ζητεῖτε,
1115 4661 1211 4714 καὶ
1243 4661 1272 4713 6
1306 4660 1536 4731 ἄγγελος
1574 4657 1676 4730 τῆς
1709 4658 1901 4729 διαθήσ

316 4764 442 4821 κης,
475 4749 538 4802 ὃν
568 4749 725 4819 ὑμεῖς
757 4748 991 4804 θέλετε.»
1031 4750 1434 4823 Διισχυρίζεται
1461 4750 1518 4804 δὲ
1545 4755 1640 4805 καὶ
1665 4753 1694 4804 ὁ
1720 4750 1901 4821 μακά-

321 4852 434 4907 ριος
498 4837 775 4909 Ἰωάννης,
825 4839 1000 4909 λέγων
1046 4842 1159 4903 τοῖς
1207 4840 1522 4914 ἐρχομένοις
1571 4840 1665 4894 ἐπὶ
1706 4840 1768 4894 τὸ
1804 4840 1901 4911 τῆς

323 4930 618 4999 μετανοίας
670 4928 990 5004 βάπτισμα*
1047 4950 1066 4985 ι
1136 4928 1279 5001 Ἐγὼ
1341 4930 1590 5003 βαπτίζω
1648 4931 1793 5003 ὑμᾶς
1854 4932 1913 4984 ὲν

322 5018 511 5076 ωατισ
544 5022 724 5076 ὀπίσω
753 5039 855 5095 μου
886 5022 1109 5095 ἔρχεται
1140 5025 1302 5096 ἀνὴρ,
1328 5017 1390 5077 οὗ
1419 5024 1521 5078 οὐκ
1558 5024 1675 5097 είμὶ
1729 5023 1911 5088 ἱκανὸς

320 5110 407 5168 ινα
445 5110 629 5177 κύψας
657 5112 804 5169 λύσω
846 5116 937 5170 τὸν
967 5116 1168 5187 ίμάντα
1198 5118 1294 5172 τοῦ
1329 5118 1677 5190 ὑποδήματος
1708 5116 1876 5174 αὑτοῦ
1895 5130 1910 5146 ⁸

322 5204 530 5268 lascivo;
560 5206 705 5277 ὑμᾶς
732 5205 983 5277 βαπτίσει
1009 5209 1069 5265 ἐν
1097 5207 1378 5280 Πνεῦμα-τι
1410 5209 1550 5281 ἁγίῳ
1575 5215 1672 5264 καὶ
1694 5208 1848 5281 πυρί.
1880 5227 1901 5262 ι

322 5296 521 5369 Συνίης
550 5293 665 5363 οὖν,
693 5299 840 5363 ὅπως
871 5299 1103 5353 κατόπιν
1130 5299 1292 5366 εὐθὺς
1327 5301 1420 5354 καὶ
1454 5301 1733 5372 μονονουχὶ
1767 5300 1909 5355 κατὰ

326 5389 493 5455 πόδας
517 5389 617 5444 τοῦ
638 5391 1100 5463 προαγγέλλοντος
1120 5391 1364 5456 ἐϐάδιζεν
1384 5393 1412 5446 6
1435 5393 1689 5464 Χριστὸς,
1718 5393 1909 5447 ἑαυτὸν

330 5482 508 5554 ἀφανῆ
540 5484 801 5549 καθιστὰς
830 5488 945 5550 τοῖς
975 5486 1078 5540 ἀνὰ
1122 5488 1303 5541 πᾶσαν
1346 5489 1446 5559 τὴν
1501 5487 1780 5551 Ἰουδαίαν,
1815 5486 1909 5541 καὶ

333 5566 438 5627 οἷον
455 5574 717 5647 ιξαίφνης
744 5578 836 5630 καὶ
865 5578 1143 5641 ἀδοκήτως
1173 5579 1614 5649 ἐπιφαινόμενος.
1644 5579 1908 5648 ’Δγγελόν

406 5751 449 5785 ³9
481 5748 673 5807 liatth.
705 5767 761 5817 ν,
792 5752 879 5807 16.

743 5846 1015 5909 ΡΑτιιοι..
1053 5846 1172 5907 Gn.
1208 5847 1441 5910 LXXII.

973 5753 1039 5786 ‘7‘
1071 5751 1306 5819 ICor.t,
1357 5754 1448 5810 50.
1524 5754 1567 5788 ⁸⁸
1601 5753 1789 5813 Matth.
1836 5771 1910 5824 ιι,

2005 5753 2052 5814 D.
2123 5755 2165 5788 "
2188 5756 2287 5812 lsa.
2312 5772 2400 5820 κιο,
2434 5757 2487 5817 3.
2517 5772 2530 5812 :
2562 5753 2755 5843 Mittit.
2792 5770 2877 5823 nt,
2912 5753 2966 5813 5.

2007 3276 2109 3332 bus
2142 3293 2239 3347 per
2291 3279 2468 3349 ipsum
2511 3279 2824 3347 locupletati
2875 3298 2981 3336 non
3031 3284 3260 3338 sumus?
3293 3285 3384 3338 Ait
3412 3300 3543 3356 ergo
3573 3302 3592 3341 :

2013 3386 2032 3420 ι
2063 3369 2203 3424 Ecce
2235 3384 2335 3439 ego
2369 3371 2576 3424 mittam
2608 3372 2857 3441 angelum
2898 3390 3099 3440 meum,
3133 3385 3188 3429 et
3221 3378 3595 3445 speculabitur

2006 3459 2149 3513 viam
2184 3471 2310 3515 ante
2348 3462 2544 3525 facient
2585 3479 2782 3517 meum.
2818 3481 2838 3515 ι
2878 3463 3087 3530 Quibus
3124 3468 3305 3523 verbis
3340 3479 3592 3525 sanctum

2008 3550 2303 3621 Baptistatn
2357 3554 2571 3609 videtur
2614 3558 2998 3624 prmnuntiarc.
3052 3555 3191 3611 Nam
3240 3568 3295 3613 et
3343 3560 3594 3617 Christus

2011 3645 2126 3713 ipse
2163 3646 2365 3701 alicubi
2397 3663 2411 3700 :
2453 3664 2471 3697 ι
2509 3646 2607 3701 llic
2643 3655 2725 3701 est
2762 3648 2827 3702 tle
2856 3664 2964 3718 quo
2997 3649 3259 3717 scriptum
3296 3660 3382 3704 est
3410 3664 3425 3704 :
3453 3650 3595 3707 Ecca

2010 3750 2112 3805 ego
2157 3737 2366 3790 mittam
2415 3738 2667 3808 angelum
2705 3753 2884 3792 meum
2936 3749 3062 3792 ante
3094 3739 3288 3795 faciem
3323 3752 3490 3810 luam,
3536 3754 3597 3797 ut

2010 3837 2277 3898 praeparet
2309 3828 2452 3882 viam
2486 3839 2632 3883 tuatn
2666 3839 2791 3884 ante
2821 3841 2873 3885 te
2895 3830 2960 3887 ⁸⁸.
2987 3849 3008 3883 ι
3041 3829 3120 3886 De
3149 3834 3338 3887 eodem
3378 3835 3595 3890 divinus

2010 3917 2220 3978 Isaias:
2255 3940 2274 3974 t
2310 3921 2419 3977 Vox
2475 3923 2761 3978 clamantis
2811 3924 2862 3978 in
2917 3925 3135 3980 deserto
3167 3943 3182 3981 :
3213 3925 3409 3981 Parata
3451 3928 3594 3984 viam

2014 4015 2251 4078 Domini,
2296 4026 2473 4070 rectas
2511 4016 2674 4071 facite
2717 4018 2941 4071 semitas
2988 4015 3080 4070 Dei
3115 4017 3287 4071 nostri
3315 4017 3382 4071 ⁸³.
3415 4036 3436 4071 ι
3472 4017 3593 4085 Quo

2014 4103 2178 4169 Iacto,
2203 4108 2401 4177 inquit,
2429 4118 2625 4161 etcum
2652 4108 2924 4177 paululum
2951 4108 3259 4163 cucurrerit
3279 4109 3370 4177 qui
3394 4112 3461 4163 ad
3489 4111 3593 4164 ista

2014 4201 2312 4253 nuntianda
2350 4201 2677 4255 constitutus
2707 4208 2791 4255 est
2821 4221 2833 4255 :
2870 4217 2889 4250 ι
2925 4200 3120 4255 Statim
3154 4201 3334 4277 veniet
3368 4202 3436 4257 ad
3467 4212 3599 4258 tent-

2012 4289 2159 4360 plum
2195 4305 2351 4344 suum
2396 4290 2677 4356 Dominus,
2711 4308 2868 4359 quem
2901 4306 2997 4346 vos
3025 4293 3289 4361 quaeritis,
3335 4304 3392 4348 et
3418 4295 3596 4362 Ange-

2012 4381 2096 4437 lus
2132 4384 2467 4452 testamenti,
2501 4397 2664 4452 quem
2710 4399 2805 4437 vos
2835 4384 3018 4437 vultis.
3052 4402 3071 4435 ι
3102 4382 3407 4439 Conﬁrmat
3451 4386 3592 4439 idem

2017 4485 2073 4531 et
2105 4472 2580 4539 beatus-Joannes,
2614 4474 2681 4528 ad
2713 4474 3040 4543 baptismum
3083 4476 3417 4545 pmnitentite
3452 4475 3595 4531 accl-

2014 4567 2270 4639 piendum
2303 4563 2636 4621 conﬂuentes
2664 4567 2744 4621 sic
2777 4565 3151 4634 compellans:
3184 4584 3204 4618 ι
3238 4559 3348 4636 Ego
3375 4566 3592 4638 baptitn

2012 4675 2108 4714 vos
2141 4660 2193 4713 in
2233 4674 2396 4729 aqua,
2452 4668 2570 4730 post
2603 4672 2687 4711 me
2722 4667 2904 4713 autem
2937 4658 3116 4720 veniet
3154 4659 3257 4723 vir,
3289 4656 3443 4727 cujus
3484 4674 3590 4716 non

2012 4764 2132 4803 sum
2168 4747 2365 4818 dignus
2405 4758 2463 4802 ut
2506 4748 2867 4818 procumbens
2912 4747 3118 4803 solvam
3163 4748 3450 4819 corrigiam
3477 4748 3597 4821 ejus

2014 4841 2370 4897 calceamenti
2404 4858 2417 4895 :
2447 4840 2536 4895 ille
2567 4856 2662 4895 vos
2713 4840 3006 4911 baptizabit
3055 4840 3109 4895 in
3157 4841 3366 4910 Spiritu
3405 4849 3596 4897 sancto

2011 4915 2202 5003 etigni
2225 4930 2291 4988 δ’.
2325 4952 2343 4985 ι
2370 4930 2646 5003 Perspicis
2673 4932 2838 5004 igitur
2890 4934 3164 5004 quomodo
3189 4942 3309 5003 post
3338 4933 3521 4989 statim
3542 4940 3597 4989 et

2014 5034 2223 5081 tantum
2271 5041 2378 5079 non
2410 5040 2441 5080 e
2472 5024 2703 5094 vestigio
2737 5024 2991 5080 Christus
3028 5026 3396 5095 praenuntiam
3436 5036 3595 5080 secu-

2012 5126 2100 5172 tus
2132 5119 2226 5182 sit.
2260 5130 2320 5174 se
2356 5117 2532 5186 ipsum
2582 5116 2845 5172 hactenus
2876 5116 3135 5171 latentem
3168 5118 3370 5171 sistens
3390 5111 3593 5170 ludatis

2010 5207 2307 5275 universis,
2337 5206 2505 5281 850
2533 5216 2586 5264 et
2615 5209 2771 5278 quasi
2799 5207 3081 5278 repentino
3116 5219 3183 5260 ac
3207 5205 3272 5261 tle
3302 5199 3592 5271 improviso

2016 5317 2306 5372 apparens.
2362 5300 2625 5370 Augelnm
2679 5309 2860 5355 autem
2916 5297 3253 5353 nominatum
3307 5303 3594 5347 sacrosan-

2014 5402 2162 5447 ctutn
2195 5390 2495 5459 Baptistatn
2521 5390 2775 5457 dicimus,
2809 5405 2915 5445 non
2949 5396 3170 5457 propter
3190 5392 3438 5441 naturam
3468 5380 3592 5454 qui-

2014 5484 2159 5550 dem,
2223 5499 2287 5538 ex
2329 5482 2555 5537 muliere
2582 5482 2726 5537 enim
2763 5492 2919 5535 natus
2953 5480 3116 5534 homo
3141 5475 3369 5548 proinde
3398 5483 3457 5528 ut
3487 5487 3589 5535 nos

2015 5576 2148 5640 luit,
2188 5574 2285 5629 sed
2319 5576 2578 5646 quoniam
2609 5575 2686 5628 illi
2721 5573 2849 5627 talia
2887 5572 3040 5627 nobis
3065 5565 3397 5639 praedicandi
3452 5579 3615 5656 nunc.

3080 5751 3126 5783 ι·
3162 5748 3352 5807 Matth.
3387 5763 3472 5822 tn,
3510 5736 3602 5811 ἐξ.

3162 5840 3225 5906 11
