4042 6196
444 359 544 418 τιΞί

1443 345 1500 403 S.
1541 346 1818 404 CYRILLI
1856 341 2327 400 ALEXANDRINI
2370 340 2686 398 ARCIHEP.

3615 343 3723 398 332

450 473 727 542 tiandiqne
777 483 972 524 munus
1020 482 1104 522 est
1159 465 1494 534 impositum.
1545 463 1629 518 Ab
1663 460 1838 517 oﬂiciu
1873 461 2036 530 igitur

2150 477 2212 529 γε
2249 459 2354 532 μὴν
2385 455 2703 529 ὠνομᾶσθαί
2745 471 2923 526 φαμεν
2962 455 3051 507 τὸν
3084 453 3370 508 θεσπέσιον
3403 454 3720 526 Βαπτιστὴν

449 563 770 622 vocabulum
801 561 1022 626 inditur,
1066 573 1163 613 nec
1195 567 1444 612 naturam
1488 555 1802 625 angelorum
1832 553 2030 625 signifi-

450 671 558 718 cat.
593 659 890 714 Venturum
929 669 1091 725 porro
1125 653 1192 707 ad
1235 650 1492 721 templum
1538 665 1694 704 suum
1737 648 1888 712 dicit,
1937 657 2029 709 aut

2133 552 2195 603 οὐ
2229 549 2318 604 διά
2346 566 2409 618 γε
2442 548 2539 618 τὴν
2565 545 2725 616 φύσιν
2767 544 3078 617 (γεγένηται
3111 543 3219 616 γὰρ
3246 545 3310 599 ὲκ
3340 543 3597 612 γυναικὸς
3627 546 3722 598 καὶ

2131 637 2199 714 ἦν
2231 640 2518 712 ἄνθρωπος
2552 639 2672 694 καθ’
2702 639 2902 710 ἡμᾶς),
2939 637 3054 690 ἀλλ’
3079 637 3162 690 ὅτι
3193 637 3292 708 τὴν
3318 636 3412 690 τοῦ
3441 637 3512 691 τὰ
3543 637 3725 691 τοιάδε

451 752 573 823 quia
627 751 861 805 Verbum
909 760 1038 802 caro
1086 745 1287 799 factum
1339 739 1514 808 est“,
1565 750 1618 794 ct
1671 751 1926 808 tanquam
1977 737 2030 791 in

2143 733 2512 804 Βιακηρύττειν
2561 733 2654 785 καὶ
2710 729 3076 801 ἀπαγγέλλειν
3131 731 3260 800 ἡμῖν
3319 729 3725 800 ὲγκεχείρισται

452 821 648 915 templo
679 843 823 914 quod
868 856 899 896 e
941 837 1248 894 castissimo
1299 843 1501 888 saneta:
1527 831 1764 899 Virginis
1806 846 2033 901 corpore

2143 823 2496 895 λειτουργίαν.
2550 821 2760 877 Οὐκοῦν
2797 822 2906 877 ἀπὸ
2947 823 3040 875 τοῦ
3086 827 3410 892 πράγματος
3440 824 3474 893 ἡ
3507 821 3722 891 κλῆσις,

453 943 788 1006 susceperat,
828 931 1126 986 habitavit:
1163 936 1256 982 aut
1293 926 1344 980 in
1379 923 1599 979 homine
1633 922 1898 991 perfecto,
1939 922 2032 990 qni

453 1045 515 1083 ex
547 1038 796 1096 corpore,
824 1022 1067 1091 inquam,
1095 1028 1151 1073 et
1189 1015 1372 1070 anima
1420 1011 1734 1068 immediate
1768 1021 1821 1065 et
1852 1010 2034 1064 divina

453 1117 790 1190 providentia
845 1117 1259 1181 coagmentatus
1309 1121 1434 1162 esse
1486 1104 1730 1160 creditus
1780 1113 1890 1166 est;
1943 1108 2038 1155 aut

454 1211 711 1283 templum
765 1205 1086 1275 simpliciter
1147 1201 1392 1255 nominat
1449 1195 1783 1260 Jerusalem,
1851 1201 2036 1261 utpote

451 1313 693 1360 sanctam
721 1309 775 1354 et
803 1298 903 1352 'sibi
927 1295 1230 1349 dedicatam
1265 1289 1542 1345 civitatem
1567 1304 1582 1354 ;
1615 1294 1708 1340 aut
1735 1283 2032 1339 Ecclesium

449 1396 599 1449 velut
635 1392 684 1446 in
715 1400 842 1461 typo
873 1401 992 1442 suo.
1029 1385 1294 1440 Caeterum
1340 1381 1631 1434 adventum
1668 1393 1765 1433 seu
1798 1390 2036 1446 pra‘sen-

451 1471 583 1542 tiam
623 1499 773 1539 suam
806 1476 1176 1550 compluribus
1205 1472 1470 1528 mirandis
1508 1470 1765 1540 operibus
1795 1467 2036 1539 promul-

452 1576 619 1647 gavit,
653 1591 670 1625 ι
709 1569 1028 1625 Prazdicaus
1064 1563 1419 1633 Evangelium
1456 1561 1627 1631 regni.
1663 1574 1865 1614 sanans
1917 1573 2035 1613 om-

455 1685 551 1724 nes
595 1668 813 1722 morbos
855 1671 908 1717 et
951 1674 1167 1715 omnem
1214 1657 1528 1726 languorem
1572 1653 1625 1706 in
1662 1651 1884 1722 p0pulo,
1919 1668 1936 1702 ι
1981 1658 2038 1704 ul

457 1764 718 1829 scriptum
771 1759 940 1814 est".
999 1753 1191 1811 Veniet
1238 1752 1406 1822 igitur
1471 1745 1765 1810 Dominus,
1826 1743 2034 1812 inquit,

2134 915 2228 968 καὶ
2260 915 2360 967 οὐκ
2387 915 2574 978 οὐσίας
2607 913 2852 983 ἀγγέλων
2881 914 3034 968 ἕσται
3070 916 3398 985 σημαντικὴ.
3438 914 3630 978 ’Ἦξειν
3662 929 3728 981 γε

2138 1007 2246 1077 μὴν
2280 1010 2360 1070 εἰς
2393 1007 2483 1060 τὸν
2531 1008 2656 1060 ναὸν
2687 1006 2852 1060 αὐτοῦ
2887 1024 3042 1078 φησι,
3093 1007 3125 1078 ῆ
3172 1009 3253 1062 ὃτι
3283 1009 3474 1076 γέγονε
3514 1007 3653 1079 σὰρξ
3701 1011 3730 1060 6

2135 1099 2328 1168 Λόγος,
2375 1100 2472 1154 καὶ
2509 1099 2797 1170 κατῴκησε
2845 1100 3096 1170 καθάπερ
3142 1100 3199 1152 ὲν
3240 1101 3352 1170 ναῶ
3400 1100 3477 1171 τῷ
3523 1101 3587 1152 ὲκ
3630 1100 3730 1170 τῆς

2137 1189 2298 1258 ἁγίας
2333 1190 2609 1260 Παρθένου
2643 1191 2902 1260 πανάγνῳ
2949 1189 3198 1260 σώματι’
3244 1191 3412 1261 ῆγουν
3454 1189 3729 1262 ἀνθρώπῳ

2137 1282 2350 1354 τελείῳ,
2377 1283 2454 1354 τῷ
2477 1285 2541 1336 ἐκ
2567 1283 2767 1355 ψυχῆς,
2802 1283 2966 1352 λέγω,
2993 1284 3086 1337 καὶ
3125 1283 3380 1354 σώματος
3415 1283 3637 1352 ἀμέσως
3668 1300 3731 1337 τι

2140 1373 2234 1426 καὶ
2293 1373 2653 1445 οἰκονομικῶς
2701 1373 2946 1446 ἡνῶσθαι
2996 1374 3449 1445 πεπιστευμένῳ·
3505 1375 3538 1444 ἣ
3603 1375 3730 1429 ναὸν

2142 1465 2326 1529 ἁπλῶς
2360 1465 2615 1536 ὀνομάζει
2637 1467 2735 1538 τὴν
2753 1463 2864 1521 οἷον
2889 1466 3039 1538 ίερὰν
3061 1467 3155 1520 καλ⁸
3188 1467 3556 1537 ἀνακειμένην
3580 1467 3732 1538 αὐτῷ

2139 1556 2313 1621 πόλιν,
2349 1555 2506 1627 δῆλον
2545 1556 2604 1610 δὲ
2649 1557 2731 1610 ὅτι
2770 1557 2871 1629 τήν
2925 1541 3315 1629 Ἰερουσαλήμ·
3351 1559 3517 1629 ἤγουν
3561 1557 3637 1621 ὼς
3671 1560 3729 1612 ὲν

2137 1649 2294 1720 τύπῳ
2325 1649 2403 1720 τῷ
2433 1649 2568 1720 πρὸς
2599 1649 2812 1720 εκείνην
2844 1648 2942 1720 τὴν
2987 1649 3334 1720 Ἐκκλησίαν.
3377 1650 3645 1704 Ἐποιεῖτο
3671 1649 3732 1704 δὲ

2140 1741 2240 1810 τῆς
2289 1741 2480 1794 ἑαυτοῦ
2529 1740 2832 1812 παρουσίας
2871 1741 2971 1811 τὴν
3019 1742 3322 1813 ἀνάρρησιν
3373 1741 3731 1813 πολυτρόπως

453 1872 613 1928 quem
671 1868 763 1908 ros
805 1848 1079 1920 quaeritis,
1134 1860 1203 1900 ex
1250 1839 1698 1913 pusillanimitate
1752 1839 2034 1890 dicentes:

2143 1833 2542 1904 τερατουργῶν,
2576 1851 2593 1884 ι
2635 1832 2943 1903 Κηρύσσων
2975 1833 3034 1885 τὸ
3064 1832 3399 1902 Εὑαγγέλιον
3429 1834 3529 1904 τῆς
3575 1833 3734 1903 βασι-

459 1926 489 2002 ι-
517 1949 614 2006 Ubi
643 1955 725 2002 est
755 1946 897 1999 Deus
924 1936 1190 2008 justitiae?
1223 1955 1242 1989 ›
1283 1933 1478 1987 Veniet
1513 1940 1690 1985 autem
1732 1943 1795 1982 ac
1825 1926 2039 1980 docebit

454 2051 572 2108 quae
601 2050 762 2106 supra
797 2033 970 2100 legem
1012 2036 1066 2084 et
1102 2040 1266 2095 supra
1318 2023 1546 2078 umbras
1592 2035 1657 2075 ac
1698 2028 1855 2090 typos
1891 2026 2036 2073 sunt.

456 2132 573 2186 Erit
622 2129 824 2198 quippe
865 2121 1104 2192 Angelus
1147 2115 1497 2178 testamenti,
1547 2113 1688 2183 quod
1739 2111 1866 2167 olim
1909 2123 2041 2167 voce

459 2222 549 2274 Dei
586 2227 640 2273 et
675 2215 855 2271 Patris
881 2209 1300 2282 praenuntiatum
1337 2214 1441 2260 est.
1474 2204 1719 2268 Quodam
1744 2201 1888 2256 enim
1921 2201 2039 2255 loco

455 2322 737 2365 sacrorum
786 2305 1066 2358 doctorem
1113 2299 1293 2352 Mosen
1338 2297 1420 2352 sic
1471 2294 1810 2362 alloquitur:
1856 2309 1875 2343 ι
1905 2291 2040 2346 Pro-

453 2410 676 2476 phetam
714 2399 821 2455 illis
847 2394 1124 2451 suscitabo
1145 2391 1211 2445 de
1236 2387 1498 2444 fratribus
1530 2387 1766 2456 ipsorum
1793 2384 1936 2439 sicut
1964 2394 2034 2449 tc,

448 2475 506 2550 et
539 2507 733 2566 ponam
769 2487 932 2543 verba
983 2498 1101 2539 mea
1147 2479 1202 2537 in
1261 2495 1355 2544 ore
1393 2478 1533 2548 ejus,
1576 2487 1630 2529 et
1673 2475 1926 2544 loquetur
1960 2475 2040 2530 eis

457 2584 750 2642 secundum
797 2577 980 2635 omnia
1013 2589 1134 2646 qua:
1177 2585 1487 2644 praecepero
1534 2567 1676 2623 ei”.
1709 2587 1726 2621 ι
1770 2567 1903 2622 Esse
1943 2582 2040 2620 au-

463 2689 568 2732 tem
609 2673 888 2730 Christum
922 2665 1061 2722 Novi
1099 2662 1432 2719 Testamenti
1480 2658 1774 2729 Angelum,
1811 2665 2042 2712 testatur

459 2781 511 2824 et
549 2767 718 2824 lsains
751 2764 898 2818 hunc
943 2760 996 2814 in
1049 2757 1266 2813 modum
1299 2754 1364 2809 de
1409 2752 1497 2807 illo
1541 2751 1767 2822 loquens
1801 2767 1825 2803 :t
1849 2768 1866 2800 ι
1905 2749 2042 2815 Quia

457 2872 671 2917 onmem
711 2855 904 2910 stolam
941 2858 1326 2920 congregatam
1361 2843 1506 2910 dolo,
1560 2853 1616 2897 et
1655 2841 2042 2896 veSIimentum

459 2966 582 3006 eum
626 2941 1058 3001 commutatione
1092 2937 1403 2999 restituent,
1435 2942 1488 2988 et
1515 2933 1720 2996 volent,
1760 2931 1806 2986 si
1843 2931 2044 2984 fuerint

459 3041 582 3110 igne
614 3032 918 3096 combusti,
950 3029 1078 3100 quia
1116 3043 1250 3097 puer
1289 3036 1446 3079 natus
1475 3032 1558 3076 est
1591 3023 1767 3087 nobis,
1813 3029 1868 3075 et
1901 3020 2043 3074 [ilius

455 3132 618 3184 datus
650 3132 733 3179 est
766 3120 946 3186 nobis,
994 3118 1148 3186 cujus
1182 3114 1466 3184 imperium
1518 3110 1720 3165 factum
1765 3119 1848 3164 est
1879 3124 2042 3178 super

2140 1926 2308 1990 λείας,
2352 1925 2443 1978 καὶ
2475 1925 2791 1996 θεραπεύων
2836 1927 3018 1981 πᾶσαν
3074 1926 3230 1979 νόσον
3273 1926 3368 1979 καὶ
3415 1927 3596 1979 πᾶσαν
3629 1941 3734 1994 μα-

2139 2017 2332 2072 λακίαν
2363 2019 2420 2071 ὲν
2451 2016 2530 2089 τῷ
2559 2017 2694 2090 λαῷ,
2734 2037 2752 2070 ι
2789 2018 2930 2073 καθὰ
2972 2022 3306 2089 γέγραπται.
3349 2019 3508 2084 ’Ἥξει
3550 2018 3731 2072 τοίνυν

2139 2111 2168 2163 6
2203 2109 2428 2182 Κύριος,
2475 2113 2630 2182 φησι,
2674 2110 2732 2163 ὃν
2770 2110 2926 2180 ὑμεῖς
2961 2110 3194 2180 ζητεῖτε,
3237 2110 3489 2179 λέγοντες
3527 2111 3592 2164 ὲκ
3639 2128 3729 2180 μι-

2141 2201 2476 2272 κροψυχίας·
2518 2220 2538 2254 ι
2582 2201 2692 2254 Ποῦ
2740 2202 2885 2255 ἔστιν
2914 2203 2942 2254 6
2973 2201 3107 2265 Θεὸς
3143 2202 3244 2273 τῆς
3279 2201 3662 2272 δικαιοσύνης;
3707 2219 3724 2254 ι

2142 2292 2299 2359 Ἥξει
2332 2292 2388 2345 δὲ
2426 2292 2694 2346 διδάσκων
2739 2293 2807 2346 τὰ
2856 2293 2996 2364 ὑπὲρ
3031 2293 3194 2364 νόμον
3239 2293 3336 2346 καὶ
3372 2292 3440 2346 τὰ
3469 2293 3729 2346 ἐπέκεινα

2142 2386 2301 2449 σκιᾶς
2335 2385 2428 2439 καὶ
2460 2383 2667 2438 τύπων.
2699 2385 2894 2438 Ἔσται
2918 2384 3027 2456 γὰρ
3055 2385 3320 2456 διαθήκης
3350 2385 3601 2453 ἄγγελος,
3632 2383 3731 2454 τῆς

2142 2479 2309 2532 πάλαι
2341 2476 2794 2548 προηγγελμένης
2835 2477 2922 2530 διὰ
2948 2477 3150 2547 ’φωνῆς
3185 2477 3277 2530 τοῦ
3311 2475 3447 2528 Θεοῦ
3484 2476 3578 2530 καὶ
3615 2477 3731 2530 Πα-

2143 2571 2267 2641 τρός
2334 2570 2479 2639 Ἔφη
2525 2569 2634 2639 γάρ
2667 2585 2768 2621 που
2804 2569 2941 2640 πρὸς
2979 2568 3072 2622 τὸν
3124 2569 3448 2638 ἱεροφάντην
3493 2568 3730 2622 Μωσέαο

2149 2681 2166 2714 ι
2203 2663 2510 2734 Προφήτην
2525 2662 2708 2725 αὐτοῖς
2735 2661 3027 2732 ἀναστήσω
3059 2662 3122 2713 ὲκ
3144 2661 3250 2714 τῶν
3281 2660 3525 2731 ἀδελφῶν
3550 2661 3734 2714 αὐτῶν

2143 2758 2330 2832 ὥσπερ
2379 2759 2459 2822 σεε
2491 2757 2584 2810 καὶ
2615 2756 2766 2828 θήσω
2794 2757 2919 2819 τοὺς
2956 2755 3146 2824 λόγους
3199 2773 3302 2826 μου
3346 2757 3426 2820 εἰς
3460 2756 3521 2810 τὸ
3555 2757 3736 2827 στόμα

2144 2849 2330 2916 αὐτοῦ,
2359 2850 2452 2904 καὶ
2483 2848 2707 2919 λαλήσει
2737 2850 2920 2912 αὐτοῖς
2958 2849 3098 2902 κατὰ
3139 2848 3319 2902 πάντα
3352 2849 3454 2902 ὅσα
3485 2847 3737 2903 ἐντείλω-

2148 2960 2247 3014 μαι
2289 2941 2457 3013 αὐτῷ.
2499 2960 2517 2992 ι
2555 2941 2677 2994 Ὅτι
2705 2940 2761 2992 δὲ
2796 2939 3005 3010 Καινῆς
3036 2941 3310 3012 Διαθήκης
3346 2940 3578 3010 ἅγγελος
3609 2937 3676 3014 ἦν
3706 2943 3737 2996 6

2145 3033 2400 3104 Χριστὸς,
2452 3036 2708 3103 σαφηνιεῖ
2752 3031 2927 3101 λέγων
2965 3034 3058 3086 καὶ
3105 3035 3132 3087 6
3181 3033 3451 3105 μακάριος
3507 3035 3737 3099 Ἡσαΐας

2147 3127 2275 3194 περὶ
2322 3123 2523 3176 αὐτοῦ·
2584 3141 2602 3175 ι
2661 3123 2785 3177 ’Ότι
2837 3126 3016 3178 πᾶσαν
3066 3125 3257 3196 στολὴν
3294 3126 3737 3197 ἐπισυνηγμένην

461 3224 748 3276 humerum
805 3212 947 3282 ejus,
1009 3219 1063 3264 et
1112 3215 1337 3262 vocatur
1387 3219 1583 3259 nomen
1640 3202 1758 3272 ejus
1802 3201 2038 3271 Angelus

2145 3215 2300 3285 δόλῳ,
2334 3214 2431 3267 καλ⁸
2466 3214 2680 3286 ἱμάτιον
2715 3217 2854 3286 μετὰ
2893 3217 3243 3288 καταλλαγῆς
3269 3218 3612 3285 ἀποτίσουσι,
3641 3219 3740 3274 καὶ

460 3307 641 3380 magni
697 3301 1026 3366 consilii“,
1063 3319 1082 3352 ι
1152 3298 1270 3353 sine
1335 3295 1500 3351 dubio
1568 3293 1662 3348 Dei
1728 3301 1784 3347 et
1840 3291 2038 3346 Patris.

459 3403 693 3460 Proinde
736 3399 900 3455 etiam
951 3392 1168 3450 dicebat
1201 3409 1214 3444 :
1250 3408 1268 3442 ι
1303 3391 1344 3442 Α
1416 3386 1626 3455 meipso
1677 3400 1784 3440 non
1827 3383 2038 3454 loquor,

459 3497 552 3552 sed
603 3493 694 3565 qui
739 3490 889 3547 misit
934 3501 1019 3542 me
1062 3484 1244 3551 Pater,
1278 3483 1393 3552 ipse
1441 3479 1570 3535 mihi
1622 3478 1879 3548 praecepit
1913 3475 2042 3546 quid

459 3588 638 3645 dicam
665 3594 722 3641 et
761 3582 891 3654 quid
925 3579 1116 3649 loquar
1139 3575 1207 3631 “.
1241 3594 1260 3628 ›
1294 3574 1410 3630 Non
1441 3573 1584 3629 enim
1615 3582 1730 3628 erat
1776 3571 2044 3624 humanus

459 3691 638 3734 sermo
667 3671 994 3734 Salvatoris,
1029 3667 1122 3722 sed
1156 3677 1410 3736 tanquam
1451 3679 1480 3718 a
1514 3663 1623 3718 Deo
1660 3670 1714 3718 et
1752 3659 1914 3716 Patre
1949 3675 2046 3730 per

459 3769 656 3822 Filium
703 3759 1002 3816 naturalem
1047 3757 1112 3811 ad
1144 3771 1241 3810 nos
1281 3757 1464 3810 ﬁebat.
1507 3753 1742 3809 Verbum
1781 3754 1926 3807 enim
1963 3759 2044 3806 est

457 3857 577 3924 cjns
601 3854 693 3921 qui
727 3850 917 3922 genuit
943 3848 1156 3918 ipsum;
1189 3855 1241 3900 et
1269 3847 1426 3900 tidem
1453 3847 1614 3901 faciet
1641 3862 1738 3915 per
1763 3844 2040 3909 Davidcm,

464 3965 482 4000 ι
511 3946 796 4003 Eructarit
819 3957 916 3998 cor
943 3955 1119 3995 meum
1145 3938 1390 4005 verbum,
1414 3939 1613 3993 bonum
1635 3936 1700 3989 ιθ.
1734 3957 1753 3988 ι

2150 3307 2491 3378 θελήσουσιν,
2529 3308 2577 3359 εἰ
2616 3308 2952 3379 ἐγενήθησαν
2998 3311 3385 3380 πυρίκαυστοι.
3437 3311 3561 3364 Ὀτι
3609 3329 3739 3366 παι-

2147 3398 2259 3452 δίον
2288 3398 2552 3469 ὲγεννήθη
2593 3400 2748 3469 ἡμῖν,
2799 3399 2912 3464 υἱὸς
2962 3401 3057 3454 καὶ⁵
3101 3401 3256 3473 ἐδόθη
3291 3403 3443 3472 ἡμῖν,
3480 3396 3542 3456 οῦ
3590 3403 3738 3475 ἀρχὴ

2149 3489 2385 3562 ἐγενήθη
2410 3492 2501 3544 ἐπὶ
2532 3489 2624 3544 τοῦ
2662 3489 2812 3562 ὤμου
2845 3488 3034 3556 αὑτοῦ,
3067 3494 3158 3546 καὶ
3193 3493 3437 3549 καλεῖται
3462 3494 3524 3547 τὸ
3563 3495 3741 3566 ὄνομα

2151 3581 2315 3636 αὐτοῦ
2351 3582 2593 3654 μεγάλης
2623 3582 2818 3653 βουλῆς
2850 3583 3132 3653 ¹Ἄγγελος,
3177 3605 3195 3637 ι
3229 3585 3388 3657 δῆλον
3416 3587 3472 3640 δὲ
3510 3587 3591 3640 ὅτι
3636 3587 3739 3656 τῆς

2149 3673 2244 3727 τοῦ
2271 3673 2405 3728 Θεοῦ
2428 3675 2520 3728 καὶ
2552 3674 2783 3746 Πατρός.
2811 3675 3098 3762 Τοιγάρτᾳ
3123 3678 3219 3732 καὶ
3243 3677 3478 3747 ἔφασκεν
3498 3695 3511 3707 ο
3547 3697 3568 3730 ι
3614 3678 3738 3732 Ἀπ’

2151 3763 2388 3834 ἐμαυτοῦ
2427 3765 2487 3816 οὐ
2521 3764 2688 3828 λαλῶ,
2727 3764 2842 3817 ἀλλ’
2880 3767 2908 3818 6
2945 3765 3162 3836 πέμψας
3213 3785 3280 3838 με
3329 3768 3541 3840 Πατὴρ,
3573 3768 3738 3832 αὑτός

2153 3874 2240 3927 μοι
2272 3857 2495 3928 ἐντολὴν
2533 3857 2734 3911 δέδωκε
2785 3858 2838 3912 τί
2871 3859 3010 3913 εἴπω
3067 3862 3160 3914 καὶ
3205 3861 3256 3914 τί
3286 3860 3520 3931 λαλήσω.
3577 3880 3597 3914 ι
3657 3863 3738 3917 οὐ

2149 3949 2257 4018 γὰρ
2293 3945 2361 4020 ἦν
2396 3949 2733 4020 ἀνθρώπινος
2781 3951 2873 4004 τοῦ
2910 3953 3163 4023 Σωτῆρος
3216 3956 3245 4008 6
3277 3953 3430 4023 λόγος
3453 3969 3464 3983 ·
3513 3956 3628 4009 ἀλλ’
3658 3956 3740 4020 ὡς

456 4043 522 4095 ὲκ
551 4036 686 4093 Θεοῦ
728 4037 822 4090 καὶ
855 4033 1067 4105 Πατρὶς
1098 4033 1164 4086 δι’
1204 4028 1334 4086 Υἰοῦ
1365 4031 1460 4084 τοῦ
1489 4030 1630 4085 κατὰ
1661 4031 1821 4102 φύσιν
1851 4034 2039 4103 γέγονε
2078 4041 2215 4110 πρὸς
2269 4044 2437 4114 ἡμᾶς.
2472 4042 2641 4111 Λόγος
2673 4044 2781 4114 γάρ
2816 4046 2931 4098 ὲστι
2994 4046 3089 4099 τοῦ
3124 4046 3516 4118 γεγεννηκότος
3548 4049 3737 4117 αὐτὸν,

457 4134 554 4188 καὶ
579 4131 908 4186 πιστῶσεται
939 4128 1112 4196 λέγων
1137 4126 1223 4180 διὰ
1254 4126 1435 4195 φωνῆς
1458 4124 1552 4178 τοῦ
1583 4126 1746 4180 Δασίδ
1767 4145 1778 4158 ’
1817 4145 1836 4179 ι
1886 4125 2245 4200 Ἐξηρεύξατο
2272 4137 2304 4204 ἡ
2333 4135 2531 4206 καρδία
2565 4153 2667 4206 μου
2700 4136 2857 4204 λόγον
2890 4136 3111 4206 ἀγαθόν.
3162 4155 3180 4188 ι

426 4269 436 4273 -
529 4225 696 4280 Vens.
735 4223 794 4276 2.
846 4221 978 4275 Ecce
1017 4223 1172 4286 venit,
1223 4221 1350 4274 dicit
1388 4220 1647 4276 Dominus
1693 4225 2042 4293 omnipotens,

426 4295 503 4374 ἶει
534 4318 651 4389 quis
685 4316 960 4369 sustinebit
988 4314 1126 4368 diem
1155 4315 1403 4370 introitus
1433 4315 1588 4384 ejus?
1628 4315 1730 4369 Aut
1765 4318 1882 4384 quis
1918 4318 2043 4372 sub-

457 4415 599 4467 sistet
638 4413 688 4464 in
729 4409 926 4463 visione
954 4406 1107 4474 ejus?

2233 4230 2378 4285 Ἰδοὺ
2409 4231 2668 4300 ἔρχεται,
2705 4231 2866 4300 λέγει
2907 4232 3123 4301 Κύριος
3149 4233 3589 4303 παντοκράτωρ.
3631 4237 3734 4290 και

2148 4322 2239 4386 τίς
2301 4320 2587 4390 ὑπομενεῖ
2649 4321 2881 4391 ἡμέραν
2939 4325 3183 4378 εἰσόδου
3241 4325 3464 4390 αὑτοῦ;
3518 4328 3594 4381 Ἦ
3643 4329 3742 4394 τίς

2145 4413 2561 4480 ὐποστήσεται
2591 4414 2660 4467 ἐν
2700 4412 2774 4483 τῇ
2818 4415 3079 4482 ὀπτασίᾳ
3105 4414 3331 4479 αὑτοῦ;

528 4501 689 4575 85].
739 4497 977 4555 XXXIII.
1030 4498 1162 4552 iluic
1211 4497 1388 4552 simile
1437 4509 1491 4552 et
1535 4499 1824 4554 admodum
1875 4500 2036 4554 aliine

2216 4505 2338 4558 Al".
2381 4505 2609 4576 Ὅμοιον
2641 4505 2817 4574 τούτῳ
2861 4507 2954 4559 καὶ
2988 4505 3137 4574 μάλα
3175 4507 3518 4578 προσεοικὸς,
3561 4508 3621 4560 τὸ
3643 4507 3736 4562 διὰ

459 4595 707 4667 estquod
742 4594 936 4663 legitur
970 4591 1110 4660 apud
1147 4589 1341 4644 Isaiam
1373 4609 1386 4645 :
1423 4610 1440 4641 ι
1473 4589 1886 4656 Confortamini,
1924 4608 2041 4646 nta-

459 4704 561 4743 nus
599 4687 840 4741 remissae
879 4695 933 4739 et
974 4698 1145 4753 genua
1185 4682 1466 4734 dissoluta.
1502 4681 1899 4748 Consolamini,
1939 4699 2038 4753 pu-

460 4779 758 4831 sillanimes
805 4786 1004 4840 mente,
1059 4773 1464 4839 confortatnini,
1520 4787 1586 4826 ne
1633 4773 1870 4831 timentis
1905 4776 1947 4807 ‘7
2017 4792 2038 4829 ι

460 4871 525 4924 Et
563 4879 780 4920 rursum
829 4863 952 4917 alibi
985 4879 999 4916 :
1042 4881 1060 4913 ι
1094 4861 1230 4916 Ecce
1255 4861 1392 4914 Deus
1421 4871 1602 4916 noster
1631 4877 1754 4916 cum
1795 4867 2039 4919 domina—

452 4984 463 5022 ι
481 4947 606 5018 idne
620 4957 692 5013 ⁸⁸.
707 4975 725 5010 ι
747 4953 878 5009 Nam
903 4966 957 5006 ut
977 4953 1133 5022 plane
1152 4951 1281 5022 ipsis
1299 4950 1632 5020 adfuturum,
1649 4953 1754 5008 imo
1776 4953 1883 5023 jnm
1908 4972 2016 5025 pne
2030 4988 2042 4994 -

457 5058 671 5110 samem
696 5045 1006 5108 ostendens,
1031 5042 1352 5097 clarissimis
1377 5043 1552 5098 verbis
1573 5047 1883 5112 pronuntiat
1909 5058 2041 5102 tem-

459 5159 560 5213 pns
587 5144 852 5196 adventus
880 5134 998 5205 ejus
1027 5134 1080 5188 in
1110 5135 1367 5188 mundum
1398 5136 1541 5189 hunc
1563 5151 1666 5191 non
1701 5139 1789 5192 diu
1816 5139 2038 5194 dilatum

460 5236 549 5289 iri.
582 5231 846 5288 Virtutem
871 5232 1050 5280 autem
1087 5224 1406 5280 mconomiae
1433 5225 1550 5293 ejus
1572 5227 1896 5298 quibusdam
1933 5246 2037 5285 non

462 5327 576 5380 fore
615 5317 1021 5392 despicabilem,
1052 5332 1152 5374 nec
1174 5317 1472 5372 incredulis
1497 5320 1856 5390 tolerabilem,
1884 5325 2041 5380 docet

461 5416 577 5467 ita:
613 5432 631 5464 ι
675 5412 743 5467 Et.
781 5410 905 5482 quis
947 5409 1235 5465 sustinebit
1272 5409 1414 5464 diem
1455 5411 1709 5467 introitus
1741 5413 1894 5482 ejus?
1936 5417 2042 5469 Ant

464 5503 587 5562 quis
618 5503 874 5560 subsistet
911 5503 965 5557 in
998 5502 1203 5558 visione
1233 5499 1391 5570 ejus?
1422 5517 1439 5554 ι
1473 5501 1758 5560 Introitum
1803 5509 2038 5576 appellnt

468 5591 739 5663 Uuigeniti
776 5594 828 5646 in
865 5594 1007 5649 hunc
1043 5593 1301 5649 mundum
1332 5609 1453 5648 cum
1490 5610 1653 5652 carne
1689 5597 1992 5669 ingressum
2023 5619 2033 5653 :

497 5785 514 5798 ν
543 5723 611 5798 ’⁵⁸
640 5721 802 5774 Joan.
838 5727 988 5798 l1“.
1062 5727 1105 5758 δ’
1135 5727 1321 5798 Matth.
1355 5743 1426 5789 ιν,
1457 5728 1547 5781 9.3.

472 5786 638 5850 “isti.
672 5808 832 5855 xxxv,
862 5795 947 5846 54.
1091 5800 1133 5827 ⁵⁸
1176 5797 1276 5852 lsn.
1325 5786 1420 5864 at,
1463 5802 1540 5852 λυ.

337 6083 482 6149 ἐκ

2146 4595 2332 4666 φωνῆς
2391 4596 2650 4660 Ἠσαῖας’
2692 4615 2710 4648 ι
2763 4596 3062 4666 Ἰσ-ίύσατε,
3094 4601 3272 4670 χεῖρες
3313 4599 3602 4669 ἁνειμέναι
3639 4600 3742 4652 καὶ

2145 4689 2350 4755 γόνατα
2386 4687 2826 4758 παραλελυμὲνα.
2863 4671 3312 4761 Παρακαλέσατε,
3345 4691 3395 4742 οἱ
3423 4689 3738 4762 ὀλιγόψυχοι

2145 4781 2211 4849 τῇ
2237 4778 2467 4850 διανοίᾳ,
2496 4779 2772 4849 ἰσχύσατε,
2803 4780 2877 4852 μὴ
2901 4781 3174 4850 φοϐεῖσθε.
3198 4801 3216 4835 ι
3255 4783 3364 4836 Καὶ
3387 4778 3508 4836 αὖθ’
3535 4784 3700 4853 ἑτέρα
3722 4800 3736 4812 ·

2154 4889 2171 4919 ι
2223 4868 2354 4921 Ἰδοὺ
2388 4870 2416 4922 6
2451 4869 2584 4933 Θεὺς
2623 4871 2779 4942 ἡμῶν
2815 4873 2954 4944 μετὰ
2985 4875 3202 4944 κυρίας.
3239 4894 3256 4925 ι
3306 4874 3398 4939 Ὠς
3424 4874 3534 4947 γὰρ
3569 4876 3743 4932 αὑτὸν

2147 4958 2213 5029 δὴ
2262 4965 2408 5030 paulo.
2453 4962 2846 5032 παρεσόμενον,
2883 4964 3083 5035 μᾶλλον
3115 4965 3172 5018 δὲ
3202 4965 3297 5020 καὶ
3343 4965 3443 5036 ήδη
3488 4965 3743 5034 παρόντα

2146 5051 2380 5116 δεικνὺς,
2419 5052 2778 5123 ἀποφαίνεται
2809 5057 2996 5125 σαφῶς
3026 5057 3110 5110 ὅτι
3139 5057 3233 5112 καὶ
3259 5060 3287 5110 6
3314 5057 3418 5128 τῆς
3441 5056 3744 5127 ἐπιδημίας

2147 5140 2312 5194 αὐτοῦ
2335 5143 2430 5212 τῆς
2456 5145 2513 5196 ἐν
2541 5145 2673 5215 τῷδε
2717 5145 2795 5218 τῷ
2825 5147 3013 5218 κόσμῳ
3038 5150 3229 5219 καιρὸς
3259 5150 3358 5202 οὐκ
3388 5151 3467 5212 εἰς
3501 5149 3743 5219 ἀνάϐλη-

2148 5251 2232 5288 σιν
2262 5234 2414 5290 ἔσται
2447 5238 2685 5308 μακράν.
2724 5239 2845 5292 Ὅτι
2874 5240 2931 5292 δὲ
2960 5240 3056 5312 τῆς
3096 5241 3411 5312 οἰκονομίας
3441 5242 3476 5311 ή
3506 5240 3744 5311 δύναμις

2144 5324 2244 5378 οὐκ
2284 5327 2763 5399 εὐκαταφρόνητος
2813 5330 2966 5385 ἔσται
3019 5333 3182 5394 τισὶν,
3243 5332 3353 5386 οὐδ’
3409 5331 3478 5386 ἂν
3523 5332 3748 5401 γένοιτο

2144 5421 2256 5483 τοῖς
2292 5421 2608 5474 ἀπειθοῦσιν
2678 5422 2870 5494 οἰστὴ,
2929 5422 3174 5477 διδάσκει
3241 5423 3415 5493 λέγων
3475 5441 3489 5457 ·
3552 5443 3570 5475 ι
3623 5425 3744 5477 Καὶ

2143 5511 2228 5575 τίς
2280 5511 2544 5582 ὑπομενεί
2595 5515 2805 5586 ἡμέραν
2872 5515 3077 5569 εἰσόδου
3133 5516 3402 5588 αὐτοῦ;ἢ
3450 5517 3533 5580 τίς
3595 5517 3740 5570 ὑπο-

2149 5601 2408 5672 στήσεται
2453 5605 2510 5656 ἐν
2544 5607 2611 5676 τῇ
2661 5605 2897 5678 ὀπτασίᾳ
2928 5605 3133 5672 αὐτοῦ;
3176 5627 3195 5660 ι
3231 5609 3342 5662 Καὶ
3385 5606 3590 5660 εἴσοδον
3630 5606 3738 5677 μὲν

1629 5729 1672 5762 ⁸³
1711 5731 1866 5787 Deut.
1905 5751 2060 5801 sunt,
2097 5733 2177 5790 i8.
2233 5737 2276 5768 “
2311 5739 2412 5794 lsa.
2443 5755 2517 5806 Ix,
2545 5737 2595 5804 5,
2631 5740 2680 5794 6.
2735 5741 2777 5772 ⁸³
2809 5739 2964 5797 Joan.
2991 5759 3090 5811 xtl,
3124 5745 3212 5800 49.
3250 5743 3450 5800 “Paul.
3483 5755 3634 5809 XLIV,
3666 5738 3730 5797 ἰ.
