4042 6196
317 257 425 312 335

1175 250 1727 308 COMMENTARIUS
1763 249 1832 306 ιιι
1873 249 2285 311 MALACUMM
2323 245 2771 308 PROPHETAM.

3487 239 3594 297 531

317 368 581 442 ὀνομάζει
625 371 723 442 τὴν
773 372 830 424 ὲν
872 369 1003 440 τῷδε
1043 371 1121 441 τῷ
1157 371 1347 442 κόσμῳ
1380 372 1517 444 μετά
1569 372 1770 444 σαρκὸς
1797 372 1911 426 εἰσ-

2025 373 2284 430 visionem
2318 379 2497 428 autem
2533 369 2682 424 velut
2713 365 3130 436 apparitionem.
3170 363 3303 420 Nam
3340 381 3463 420 cum
3504 380 3594 421 se-

319 463 484 534 δολὴν
515 455 610 517 τοῢ
638 461 978 532 Μονογενοῦς
1003 479 1017 493 ο
1063 463 1330 518 ὀπτασίαν
1363 465 1443 528 δὲ,
1476 465 1576 537 τὴν
1597 459 1709 518 οἷον
1731 464 1911 535 ἐμφά-

318 572 490 610 νειαν.
540 556 799 625 Ἀὀρατος
833 555 938 625 γὰρ
979 554 1120 609 κατά
1149 555 1310 624 φύσιν
1345 555 1623 625 ὑπάρχων,
1661 555 1736 618 ὡς
1757 555 1910 620 Θεὸς,

317 648 543 718 γέγονεν
567 645 836 718 ἐμφανὴς,
861 645 959 718 τὴν
985 647 1122 716 πρὸς
1147 648 1293 718 ἡμᾶς
1315 647 1572 718 ὁμοίωσιν
1601 646 1909 701 ἀναλαϐών.

319 740 790 811 Προανακέκραγε
821 740 878 792 δὲ
920 739 1076 792 τοῦτο
1111 739 1300 809 σαφῶς
1332 739 1426 793 καὶ
1471 742 1498 792 6
1546 739 1818 811 Μελῳδδς,
1855 740 1914 793 ὲν

319 833 596 904 πνεύματι
645 833 856 902 λέγων·
895 851 913 884 ι
967 832 1024 886 ’0
1066 832 1197 895 Θεὸς
1234 833 1496 903 ἐμφανῶς
1540 833 1681 904 ἥξει,
1718 835 1746 886 6
1781 831 1914 897 Θεὸς

317 926 499 998 ἡμῶν,
530 927 626 980 καὶ
649 926 709 978 ού
745 925 1600 996 παρασιωπήσεται.ι-ιΓέγονε
1635 925 1742 996 γάρ
1776 925 1914 998 σάρξ

317 1018 346 1069 6
367 1015 562 1082 Λόγος,
592 1015 734 1068 καθά
765 1031 929 1084 φησιν
959 1017 986 1069 6
1013 1015 1300 1078 θεσπέσιος
1336 1013 1606 1086 Ἰωάννης,
1631 1017 1725 1069 καὶ
1749 1015 1914 1087 ὲσκή-

317 1122 494 1157 νωσεν
529 1106 591 1156 ὲν
627 1105 779 1174 ἡμῖν,
831 1122 849 1155 ι
885 1108 978 1157 καὶ¹
1011 1105 1069 1156 ὲν
1113 1103 1299 1156 δούλου
1329 1103 1517 1172 γέγονε
1551 1107 1756 1176 μορφῇ.
1803 1105 1915 1159 Καὶ

315 1200 434 1260 τοῖς
474 1195 576 1266 μὲν
609 1194 922 1266 ἠγαπηκόσι
959 1194 1061 1266 τὴν
1099 1195 1426 1262 ἐπιφάνειαν
1455 1195 1618 1248 αὑτοῦ
1658 1196 1914 1268 φορτικὸς

321 1289 423 1359 μὲν
451 1287 707 1358 οὐδαμῶς
729 1303 742 1316 ·
773 1287 965 1356 γέγονε
994 1287 1052 1341 δὲ
1095 1287 1297 1357 μᾶλλον
1320 1287 1484 1359 ἤπιός
1511 1305 1570 1340 τε
1601 1287 1694 1342 καὶ
1717 1291 1911 1359 πρᾶος,

317 1383 416 1436 καὶ
450 1381 597 1452 ζωῆς
648 1381 748 1451 τῆς
794 1383 874 1446 είς
907 1381 1079 1434 αἰῶνα
1115 1381 1301 1453 δοτήρ.
1349 1381 1495 1452 Ἔφη
1532 1381 1589 1434 δέ
1637 1399 1738 1435 που
1786 1383 1915 1454 περὶ

316 1473 488 1528 αὐτοῦ
526 1474 621 1527 καὶ
658 1475 686 1525 6
715 1472 848 1535 Θεὸς
892 1475 986 1527 καὶ
1019 1475 1243 1545 Πατήρο
1283 1493 1302 1526 ι
1355 1475 1487 1528 Ἰδοὺ
1521 1477 1548 1528 6
1581 1477 1716 1538 Παῖς
1751 1493 1852 1546 μου
1887 1478 1916 1530 6

316 1566 630 1635 ἀγαπητὸς,
661 1566 718 1616 ὲν
817 1565 1115 1636 ηὐδόκησα.
1144 1566 1256 1619 Οὐκ
1289 1567 1482 1638 ἐρίσει,
1510 1567 1628 1620 οὐδὲ
1664 1568 1913 1639 κραυγά-

319 1677 425 1724 σει,
463 1658 586 1712 οὐδὲ
621 1659 1022 1730 ἀκουσθήσεται
1050 1658 1155 1723 ἔξω
1187 1661 1220 1730 ἡ
1251 1659 1404 1731 φωνὴ
1428 1659 1614 1715 αὑτοῦ.
1651 1661 1915 1732 Κάλαμω

2016 466 2252 522 cundum
2296 473 2546 518 naturam
2575 461 2647 517 sit
2676 458 3100 530 iuaspectsbilis,
3135 468 3192 514 ut
3225 459 3388 525 Deus,
3421 460 3594 516 nostri

2013 558 2370 614 similitudine
2399 566 2700 629 assumpta,
2721 552 3067 625 aspectabilis
3091 553 3282 608 evasit.
3319 552 3434 609 Hoc
3463 553 3593 609 item

2016 648 2302 717 perSpicue
2349 645 2650 700 Modulator
2695 652 2824 699 ante
2871 641 3252 712 proclamavit,
3297 641 3350 696 in
3402 641 3595 710 spiritu

2019 741 2242 795 dicens:
2288 757 2306 790 ι
2341 739 2482 794 Deus
2528 737 2819 793 manifeste
2860 737 3060 800 veniet,
3103 737 3244 791 Deus
3289 745 3496 799 noster,
3543 745 3598 788 et

2017 849 2124 888 non
2161 821 2342 888 silebit
2365 832 2467 886 ⁸³.»
2502 823 2660 896 Nam,
2688 840 2744 884 ut
2771 831 2847 884 ait
2885 829 3102 884 divinus
3122 826 3383 889 Joannes.
3410 845 3435 880 s
3465 825 3598 881 Ver—

2015 927 2144 983 bum
2185 943 2314 982 caro
2347 924 2549 980 factum
2586 933 2691 988 est,
2722 932 2778 979 et
2815 922 3079 978 habitavit
3110 922 3163 976 in
3203 923 3451 986 nobis“,
3485 939 3506 973 ι
3543 931 3600 976 et

2015 1021 2220 1076 factum
2245 1020 2404 1076 estin
2434 1017 2606 1074 forma
2633 1019 2774 1073 servi
2802 1017 2871 1074 “.
2897 1017 2976 1072 Ac
2999 1016 3348 1087 diligentibus
3376 1015 3595 1086 quidem

2015 1114 2514 1168 manifestationem
2567 1111 2684 1180 ejus
2729 1111 2952 1164 minime
3003 1125 3304 1176 onerosus;
3350 1109 3598 1180 quinimo

2015 1206 2255 1260 clemens
2293 1213 2348 1259 et
2393 1214 2707 1258 mansuetus
2745 1201 2865 1268 fuit,
2905 1212 2957 1256 et
2989 1202 3155 1256 vitam
3195 1211 3458 1258 retentam
3493 1203 3600 1259 illis

2016 1299 2337 1368 impertivit.
2383 1297 2459 1353 De
2505 1313 2616 1368 quo
2660 1297 2787 1352 item
2829 1296 2972 1352 Deus
3017 1305 3070 1352 et
3126 1296 3288 1350 Pater
3341 1298 3541 1352 alicubi
3579 1315 3596 1352 :

2023 1407 2043 1440 ι
2079 1388 2216 1442 Ecce
2249 1386 2421 1442 Filius
2451 1403 2602 1442 meus
2631 1387 2885 1453 dilectus,
2921 1388 2972 1440 in
2998 1402 3104 1457 quo
3129 1387 3454 1457 complacui.
3481 1388 3599 1444 Non

2017 1482 2326 1546 contendet,
2380 1494 2556 1550 neque
2596 1480 2876 1547 clamabit,
2924 1494 3100 1550 neque
3153 1483 3406 1536 audietur
3459 1481 3598 1538 foris

2019 1588 2123 1629 vox
2149 1571 2286 1641 ejus.
2326 1573 2660 1627 Arundinem
2697 1582 3010 1642 quassatam
3049 1589 3154 1628 non
3187 1573 3513 1643 confringet,
3543 1585 3599 1630 et

2019 1667 2186 1721 linum
2228 1665 2499 1736 fumigans
2539 1682 2646 1720 non
2689 1667 3028 1736 exstinguet;
3084 1669 3177 1722 sed
3225 1670 3276 1722 in
3313 1671 3596 1725 veritatem

321 1749 794 1820 συντεθλασμένον
824 1751 884 1802 ού
909 1749 1185 1814 κατεάξει,
1221 1751 1314 1804 καὶ
1342 1750 1487 1803 λίνον
1515 1750 1821 1820 τυφόμενον
1850 1751 1910 1804 ού

2025 1759 2210 1813 educet
2249 1735 2514 1825 judicium
2557 1759 2627 1813 ".
2661 1775 2680 1809 ι
2717 1758 2788 1812 At
2826 1735 2972 1812 enim
3013 1758 3242 1813 salutem
3285 1774 3379 1826 per
3420 1760 3595 1828 ipsum

319 1844 545 1898 σϐέσει·
587 1842 704 1896 ἀλλ’
750 1844 830 1906 είς
877 1842 1136 1914 ἀλήθειαν
1186 1841 1384 1907 ἐξοίσει
1432 1843 1635 1914 κρίσιν.
1691 1862 1708 1894 ι
1766 1843 1914 1915 Πλὴν

320 1941 431 2000 τοῖς
465 1934 795 2008 ἀτιμάζουσι
827 1934 923 2007 τὴν
949 1935 1015 1988 δι’
1045 1935 1210 1988 αὑτοῦ
1247 1936 1543 2007 σωτηρίαν,
1584 1935 1678 1988 καὶ
1703 1934 1802 2007 τὴν
1825 1935 1915 1990 διὰ

327 2030 562 2091 πίστεως
600 2027 920 2099 καθαίρεσιν
959 2027 1020 2080 ού
1068 2028 1452 2099 προσιεμένοις
1488 2027 1685 2098 συνέϐη
1722 2025 1914 2083 παθεῖν

321 2123 389 2175 τὰ
420 2122 604 2175 πάντα
655 2122 914 2192 αἴσχιστα
961 2119 1069 2174 τῶν
1115 2121 1322 2174 κακῶν.
1369 2118 1664 2173 Διολὼλασι
1710 2119 1817 2192 γὰρ
1865 2121 1914 2172 οἱ

320 2214 574 2277 τάλανες.
616 2214 907 2284 Τοιγάρτοι
947 2212 1043 2266 καὶ
1077 2211 1280 2282 ἔφασκε
1314 2214 1436 2276 ταῖς
1481 2211 1746 2266 Ἰουδαίων
1780 2211 1913 2280 ἀγέ-

317 2304 442 2368 λαις
463 2322 477 2336 ο
518 2323 536 2355 ι
585 2303 759 2374 Ἀμὴν
788 2303 930 2372 λέγω
963 2303 1212 2374 ύμῖν,δτι
1249 2304 1346 2357 ἐὰν
1370 2302 1445 2374 μὴ
1472 2303 1798 2374 πιστεύσητε
1831 2303 1914 2356 ὃτι

321 2395 436 2465 ὲγώ
481 2398 619 2467 είμι,
670 2397 727 2448 ὲν
761 2399 880 2459 ταῖς
923 2397 1222 2467 ἁμαρτίαις
1275 2396 1429 2466 ὑμῶν
1470 2396 1852 2450 ἀποθανεῖσθε.
1890 2414 1910 2448 ι

322 2489 474 2560 Ἔφη
511 2489 566 2542 δέ
601 2505 702 2542 που
738 2488 830 2542 καὶ
858 2489 886 2542 6
931 2488 1182 2559 Ἰωάννης
1203 2503 1216 2514 ’
1248 2506 1266 2540 ι
1323 2490 1381 2542 Ὀ
1412 2488 1795 2552 πιστεύωνίείς
1823 2487 1916 2540 τὸν

321 2580 478 2645 Υίὸν,
510 2580 568 2634 οὐ
601 2579 865 2654 κρίνεται·
901 2580 930 2632 6
975 2580 1032 2634 δὲ
1071 2581 1146 2652 μὴ
1177 2580 1472 2643 πιστεύων,
1509 2581 1612 2652 ἤδη
1641 2581 1913 2651 κέκριται,

321 2671 408 2724 ὅτι
432 2672 512 2745 μὴ
541 2670 905 2725 πεπίστευκεν
926 2673 1007 2735 είς
1027 2671 1088 2724 τὸ
1109 2672 1279 2743 ὄνομα
1304 2670 1397 2725 τοῦ
1427 2670 1557 2724 Υἱοῦ
1580 2669 1674 2724 τοῦ
1697 2670 1852 2724 Θεοῦ.
1892 2689 1912 2724 ι

324 2763 680 2836 Προσεφόνθει
726 2764 783 2816 δὲ
813 2764 907 2817 καὶ
939 2764 1122 2826 αὐτοῖς
1169 2766 1283 2827 τοῖς
1329 2762 1390 2828 ἐξ
1429 2763 1678 2834 Ἰσραήλο
1717 2781 1736 2813 ι
1777 2762 1916 2833 Ἤδη

324 2857 380 2910 δὲ
419 2859 453 2929 η
488 2857 646 2927 ἀξίνη
673 2856 809 2929 πρὸς
844 2856 943 2927 τὴν
976 2855 1133 2926 ῥίζαν
1163 2855 1271 2909 τῶν
1303 2855 1535 2928 δένδρων
1569 2858 1766 2908 κεῖται.
1802 2855 1918 2908 Πᾶν

323 2947 420 3005 οὖν
471 2951 688 3022 δένδρον
746 2950 821 3021 μὴ
875 2948 1064 3002 ποιοῦν
1111 2948 1324 3020 καρπὸν
1381 2949 1544 3002 καλὸν
1594 2949 1920 3002 ἐκκόπτεται

324 3043 422 3096 καὶ
452 3043 532 3104 είς
563 3035 674 3114 πῦρ
711 3039 985 3110 βάλλεται.
1029 3057 1048 3090 ι
1084 3038 1296 3092 Οὐκοῦν
1323 3040 1434 3101 τοίς
1467 3039 1564 3109 μὲν
1602 3036 1919 3092 ἀπειθοῦσιν

325 3137 606 3207 ἀφόρητος
644 3133 738 3186 καὶ
770 3133 829 3185 ού
861 3132 984 3186 λίαν
1010 3130 1188 3194 οίστὸς
1220 3130 1320 3201 τῆς
1353 3148 1410 3184 τε
1452 3130 1655 3184 εἰσόδου
1700 3131 1792 3184 καὶ
1822 3131 1920 3201 τῆς

322 3230 596 3293 ὀπτασίας
640 3227 805 3282 αὑτοῦ
845 3227 1068 3297 γέγονεν
1104 3227 1132 3278 6
1172 3225 1384 3295 καιρός.
1432 3225 1750 3296 Ἠλέγχοντο
1789 3226 1921 3296 γὰρ,

324 3320 405 3384 ὡς
465 3319 624 3374 αὐτοὶ
675 3319 776 3382 τὰς
830 3315 980 3386 σφῶν
1035 3314 1340 3380 διολλύντες
1389 3314 1600 3386 ψυχὰς,
1653 3316 1746 3370 καὶ
1805 3318 1926 3378 ταῖς

327 3412 540 3468 ἑαυτῶν
596 3409 892 3483 ἁμαρτίαις
939 3407 1421 3479 ὲντεθνηξόμενοι,
1470 3408 1560 3460 διά
1608 3424 1689 3460 τοι
1735 3406 1796 3460 τὸ
1848 3406 1924 3478 μὴ

329 3503 552 3558 ἑλέσθαι
580 3506 794 3573 φρονεῖν
837 3499 1014 3573 ὀρθῶς
1044 3497 1430 3571 προσήκασθαί
1463 3516 1523 3552 τε
1552 3499 1632 3562 εἰς
1663 3496 1788 3554 νοῦν
1830 3499 1926 3552 καὶ

331 3597 562 3670 καρδίαν
609 3595 709 3668 τὴν
757 3595 844 3650 διά
898 3595 1136 3658 πίστεως
1180 3594 1468 3665 κάθαρσιν.
1525 3612 1544 3646 ι
1601 3593 1698 3658 Τίς
1743 3592 1922 3646 τοίνυν

333 3690 621 3761 ὑπομενεῖ,
653 3689 839 3760 φησὶν,
865 3687 1078 3758 ἡμέραν
1111 3686 1320 3739 είσόδου
1351 3683 1552 3749 αὐτούς
1581 3685 1653 3738 Ἢ
1678 3684 1762 3748 τίς
1791 3686 1925 3737 ὐπο-

333 3785 598 3853 στησεται
630 3783 687 3836 ἐν
719 3783 784 3852 τῇ
827 3780 1063 3851 ὀπτασίᾳ
1098 3779 1301 3845 uinci);
1345 3799 1366 3831 ι
1420 3777 1704 3844 Τουτέστι,
1735 3777 1820 3841 τίς
1858 3776 1923 3849 δὴ

331 3877 443 3949 ἄρα
489 3874 746 3929 τοσοῦτον
794 3873 947 3926 ἔσται
997 3871 1168 3935 δεινός
1209 3889 1271 3924 τε
1318 3871 1413 3924 καὶ
1463 3869 1699 3942 ἀπηνὴς,
1745 3869 1820 3932 ὡς
1864 3870 1923 3926 ὲν

331 3966 516 4037 καιρῷ
558 3966 654 4030 καὶ
703 3963 889 4036 ἡμέρᾳ
932 3962 1032 4033 τῆς
1083 3964 1163 4026 είς
1210 3962 1413 4033 κόσμον
1458 3959 1710 4031 είσὸολῆς
1758 3958 1923 4013 αὑτοῦ

332 4061 515 4133 (δῆλον
542 4059 599 4112 δὲ
627 4058 709 4109 ὅτι
745 4057 849 4126 τῆς
881 4053 1020 4127 μετά
1055 4053 1372 4127 σαρκὸς,δι’
1396 4049 1464 4126 ἦς
1488 4053 1556 4108 ἂν
1589 4053 1800 4124 γένοιτο
1830 4053 1926 4107 καὶ

2013 1849 2422 1918 adipiscendam
2469 1849 2912 1920 aspernantibus,
2964 1852 3448 1921 purgationemque
3503 1867 3597 1922 per

2019 1942 2178 1997 tidem
2231 1943 2626 2012 rejicientibus,
2660 1944 2902 1999 omnium
2960 1945 3225 2000 malorum
3291 1945 3596 2001 foedissima

2017 2036 2224 2104 perpeti
2286 2037 2534 2107 contigit.
2597 2036 2886 2092 Perierunt
2937 2039 3084 2093 enim
3139 2039 3345 2094 miseri.
3416 2040 3598 2105 Quare

2015 2128 2180 2184 etiam
2221 2127 2532 2183 Judzeorum
2586 2130 2759 2185 turbis
2797 2129 3055 2185 dicebat:
3091 2149 3110 2183 ι
3140 2135 3312 2188 Amen
3342 2130 3464 2187 dico
3510 2148 3596 2188 vo-

2017 2221 2125 2284 bis,
2164 2222 2264 2276 nisi
2311 2222 2656 2278 credideritis
2703 2224 2828 2292 quia
2869 2239 2971 2294 ego
3011 2240 3153 2290 sum,
3197 2226 3502 2280 moriemini
3545 2226 3597 2280 in

2016 2314 2262 2384 peccatis
2285 2316 2478 2370 vestris
2503 2317 2572 2374 ⁸³.
2601 2336 2620 2369 ι
2647 2317 2710 2372 Ει
2730 2317 3180 2374 alicubiJosnnes
3205 2335 3220 2374 :
3249 2337 3268 2370 ι
3300 2319 3399 2386 Qui
3429 2320 3602 2374 credit

2018 2408 2072 2461 in
2093 2405 2310 2472 Filium,
2340 2424 2446 2463 non
2472 2408 2776 2479 judicatur;
2807 2409 2898 2480 qui
2924 2419 3104 2465 autem
3133 2428 3235 2465 non
3262 2414 3459 2478 credit,
3483 2413 3599 2478 jam

2013 2503 2290 2568 judicatus
2317 2511 2421 2568 est,
2454 2503 2580 2572 quia
2605 2517 2710 2557 non
2740 2504 2972 2558 credidit
3004 2504 3058 2557 in
3094 2506 3313 2559 nomine
3339 2507 3600 2576 unigeniti

2017 2593 2142 2650 Filii
2176 2596 2271 2650 Dei
2296 2595 2361 2650 “.
2402 2613 2422 2647 ι
2455 2596 2601 2650 Dixit
2629 2594 2890 2650 lsraelitis
2915 2611 3131 2665 quoque
3157 2615 3170 2650 :
3200 2615 3220 2648 ι
3247 2597 3365 2652 Jam
3392 2599 3604 2652 securis

2021 2688 2090 2742 ad
2133 2688 2370 2744 radicem
2402 2689 2656 2743 arborum
2689 2689 2862 2759 posita
2895 2699 3002 2745 est.
3041 2688 3233 2745 Omnis
3266 2691 3410 2744 enim
3437 2690 3603 2744 arbor

2020 2798 2143 2853 quae
2188 2799 2294 2839 non
2341 2783 2473 2839 facit
2523 2784 2758 2838 fructum
2819 2785 3044 2848 bonum,
3095 2785 3378 2840 excidetnr
3432 2794 3488 2840 et
3549 2787 3601 2838 in

2023 2879 2200 2948 ignem
2227 2879 2473 2932 mittetur
2492 2880 2562 2934 ".
2592 2897 2611 2932 ι
2634 2879 2930 2934 incredulis
2955 2895 3086 2949 ergo
3109 2889 3323 2949 tempus
3343 2880 3600 2934 introitus

2022 2980 2078 3024 et
2127 2970 2351 3025 visionis
2392 2969 2511 3038 ejus
2562 2970 2900 3025 intolerabile
2949 2980 3003 3026 et
3061 2987 3251 3040 parum
3319 2969 3604 3024 ferendum

2026 3062 2242 3118 accidit.
2301 3063 2860 3131 Reprelicndebautur
2906 3063 3082 3128 enim,
3129 3072 3314 3132 utpote
3368 3064 3458 3132 qui
3507 3063 3608 3133 ipsi

2023 3172 2155 3212 suas
2186 3157 2399 3211 animas
2427 3157 2736 3226 perderent,
2765 3164 2820 3209 et
2847 3155 2898 3208 in
2932 3155 3170 3224 peccatis
3202 3155 3312 3208 suis
3335 3155 3608 3221 morituri,

2025 3248 2152 3318 quia
2183 3249 2317 3302 bene
2344 3261 2557 3316 sapere,
2589 3257 2643 3302 et
2675 3246 2728 3300 in
2761 3247 3001 3300 animum
3027 3255 3188 3314 atque
3208 3261 3306 3301 cor
3332 3247 3607 3316 purgatio-

2025 3354 2150 3396 nem
2188 3355 2283 3409 per
2309 3341 2467 3394 tidem
2495 3340 2783 3393 admittere
2804 3341 3196 3392 detrectarent.
3227 3338 3394 3410 852
3428 3359 3447 3390 ι
3475 3340 3608 3406 Quis

2028 3433 2192 3502 igitur
2225 3431 2534 3496 sustinebit,
2576 3431 2775 3500 inquit,
2829 3431 2970 3485 diem
3007 3434 3272 3484 adventus
3315 3432 3468 3501 ejus?
3505 3433 3612 3485 Aut

2029 3525 2151 3592 quis
2178 3525 2467 3578 sustinebit
2500 3523 2552 3576 in
2583 3524 2790 3578 visione
2815 3521 2972 3591 ejus?
3005 3543 3022 3574 ι
3050 3523 3162 3577 lloc
3187 3532 3290 3585 est,
3320 3524 3444 3592 quis
3476 3525 3611 3578 adeo

2029 3613 2198 3669 durus
2223 3623 2279 3669 et
2303 3613 2546 3679 immitis,
2580 3623 2637 3666 ut
2662 3623 2902 3684 tempore
2923 3625 2974 3669 et
2997 3615 3085 3670 die
3118 3615 3236 3684 ejus
3265 3616 3316 3668 in
3351 3617 3608 3670 mundum

2032 3706 2308 3777 ingressus
2340 3707 2494 3778 (cum
2529 3721 2692 3763 carne
2728 3709 3000 3772 videlicet,
3045 3724 3141 3778 per
3171 3723 3332 3777 quam
3375 3719 3431 3763 et
3464 3711 3610 3778 tangi

2033 3815 2128 3854 seu
2162 3801 2331 3855 videri
2355 3801 2566 3872 possit)
2599 3800 2900 3856 subsistere
2942 3801 3174 3857 infracto
3205 3803 3387 3858 animo
3411 3805 3615 3872 queat?

2031 3890 2293 3947 Punietur
2341 3893 2526 3962 itaque
2568 3893 2917 3956 omnimodis.
2973 3901 3028 3948 et
3073 3892 3302 3948 acerbas
3347 3893 3614 3948 vecordia

2029 3995 2142 4036 suae
2167 3995 2356 4051 poenas
2390 3981 2520 4037 luet.

331 4149 534 4213 ἁπτὸς,
560 4149 729 4217 ἤγουν
771 4145 989 4218 ὁρατὸς)
1030 4145 1331 4214 ὑποστῆναι
1359 4162 1419 4198 τε
1468 4145 1564 4198 καὶ
1608 4144 1932 4216 ἀθραύστως
1969 4143 2141 4217 ἔχειν;
2174 4147 2585 4218 Κολασθησεται
2653 4145 2748 4201 οὖν
2791 4147 2967 4218 πάντη
3029 4165 3090 4201 τε
3129 4149 3221 4201 καὶ
3250 4148 3489 4212 πάντως,
3523 4148 3616 4199 καὶ

331 4243 542 4312 πικρὰς
569 4241 668 4309 τῆς
702 4238 962 4300 ἀπονοίας
1001 4238 1216 4290 ἀποτιεῖ
1250 4235 1424 4298 δίκας.

409 4335 566 4387 Διότι
604 4329 788 4395 αὐτὸς
813 4330 1224 4398 εἰσπορεύεται
1262 4329 1344 4395 ὡς
1374 4328 1496 4398 πῦρ
1519 4327 1928 4398 χωνευτηρίυυ

2111 4325 2273 4380 Vsus.
2311 4325 2365 4378 5.
2400 4323 2540 4390 Quia
2578 4324 2687 4392 ipse
2709 4323 3032 4393 ingredietur
3053 4325 3207 4390 quasi
3233 4325 3369 4393 ignis
3413 4329 3615 4395 conﬂa-

335 4424 441 4478 καὶ
470 4425 549 4488 ὡς
581 4425 701 4478 πόα
746 4421 1128 4476 πλυνόντων.
1171 4420 1470 4474 Καθιεῖται
1507 4419 1787 4490 χωνεύων
1830 4415 1929 4470 καὶ

332 4513 688 4586 καθαρίζων,
733 4514 813 4579 ὡς
847 4511 914 4566 τὸ
953 4513 1239 4583 ἀργύριον
1283 4514 1381 4566 καὶ
1413 4513 1493 4578 ὡς
1532 4509 1601 4564 τὸ
1648 4509 1927 4580 χρυσίον,

336 4606 442 4661 καὶ
491 4606 804 4672 καθαρίσει
838 4602 981 4669 τοὺς
1019 4603 1193 4669 υἱοὺς
1225 4604 1393 4667 Acut,
1423 4603 1522 4658 καὶ
1553 4602 1684 4674 χεεῖ
1706 4601 1930 4668 αὐτοὺς

334 4701 548 4768 ὥσπερ
575 4699 640 4752 τὸ
676 4698 934 4766 χρυσίον
963 4696 1063 4751 καὶ
1092 4696 1160 4751 τὸ
1193 4690 1495 4768 ἀργύριον.

412 4793 536 4847 AA'.
578 4789 880 4859 Πεποίηται
916 4788 1017 4858 μὲν
1051 4791 1109 4844 ἐν
1155 4789 1366 4853 τούτοις
1397 4790 1474 4854 ὡς
1513 4789 1573 4855 ἐξ
1616 4791 1933 4863 ὁμοιότητος

339 4882 454 4937 τῶν
502 4879 624 4935 καθ’
672 4881 816 4952 ἡμᾶς
848 4879 1191 4951 πραγμάτων
1241 4881 1271 4934 6
1318 4880 1496 4949 λόγος,
1527 4881 1840 4956 ἀπόρρητον
1877 4882 1935 4938 δὴ

344 4971 651 5046 μυστηρίου
676 4971 908 5044 δήλωσιν
939 4970 1308 5042 είσκομίσειεν
1350 4972 1417 5027 ἂν
1447 4975 1558 5037 τοῖς
1589 4975 1938 5045 νουνεχεστὰ-

338 5083 484 5143 pate.
527 5064 792 5136 Ἀργύρου
827 5065 925 5136 μὲν
955 5065 1067 5136 γὰρ
1097 5065 1193 5119 καὶ
1217 5065 1444 5137 χρυσίου
1477 5066 1759 5122 ποιοῦνται
1786 5068 1934 5123 δοκι-

343 5164 556 5234 μασίαν
582 5163 633 5216 οἱ
665 5160 836 5216 ταῦτα
864 5162 1040 5231 σοφοὶ,
1070 5161 1204 5232 πυρὶ
1234 5161 1640 5232 κατατήκοντες
1669 5163 1778 5218 πᾶν
1813 5164 1937 5217 ὅσον

341 5260 408 5310 ὲν
437 5255 620 5316 αὐτοῖς
651 5255 766 5305 ἐστι
793 5251 1045 5322 κίϐδηλόν
1070 5269 1131 5306 τε
1165 5251 1259 5304 καὶ
1289 5251 1708 5320 ἀκαλλέστερον.
1732 5252 1853 5324 Πῦρ
1879 5251 1938 5306 δὲ

339 5346 412 5400 τὸ
441 5345 584 5398 θεῖον
627 5342 721 5397 καί
768 5342 1080 5414 οὐρανόθεν,
1127 5341 1463 5412 τουτέστι,ή
1513 5341 1602 5397 διὰ
1640 5339 1732 5395 τιῦ
1781 5341 1939 5409 ἁγίου

342 5441 672 5512 Πνεύματος
718 5441 898 5513 χάρις,
949 5440 1073 5496 καθ’
1115 5441 1182 5505 ἢν
1231 5440 1298 5495 ἂν
1347 5439 1557 5508 γένοιτο
1596 5439 1688 5495 καὶ
1728 5439 1938 5505 ζῶντας

425 5642 470 5670 ⁸³
509 5637 652 5692 Psnl.
679 5653 828 5710 ηιξ,
854 5638 955 5710 3.“
1065 5635 1222 5710 Joan.
1268 5653 1305 5700 I,
1328 5637 1433 5710 14.
1495 5638 1538 5671 ³¹
1565 5638 1795 5710 Philipp.
1831 5655 1890 5705 ιι,
1921 5639 1974 5693 7.

351 5709 403 5746 ⁸⁸
429 5710 586 5766 Joan.
626 5724 708 5768 ιιι,
738 5707 822 5762 18.
911 5708 958 5740 ⁸⁸
984 5707 1170 5764 Matth.
1205 5723 1289 5768 ιιι,
1321 5706 1408 5763 10.

2036 4420 2158 4474 torii
2200 4428 2250 4473 et
2292 4419 2442 4490 quasi
2477 4418 2638 4473 herba
2680 4418 2998 4474 lavantium.
3051 4415 3260 4472 Sedebit
3301 4420 3536 4485 con/laus
3568 4429 3618 4473 et

2036 4513 2354 4575 emundans,
2387 4513 2526 4566 sicut
2552 4521 2825 4581 argentum
2855 4520 2901 4564 et
2923 4510 3060 4565 sicut
3087 4525 3275 4564 aurum
3302 4523 3319 4560 :
3355 4520 3404 4562 et
3435 4527 3610 4564 emun-

2037 4604 2182 4658 dabit
2226 4603 2366 4672 ﬁlios
2405 4601 2554 4666 Levi,
2594 4601 2897 4670 etcfundct
2932 4617 3021 4656 cos
3049 4601 3182 4655 sicut
3218 4617 3410 4654 aurum
3441 4611 3489 4654 ct
3529 4619 3620 4656 ar-

2031 4708 2262 4766 gentum.
3179 4687 3187 4694 ’

2108 4786 2350 4844 XXXIV.
2395 4787 2470 4846 Ex
2498 4785 2856 4842 similitudine
2879 4798 3058 4839 rerum
3089 4796 3399 4844 nostrarum
3438 4800 3621 4844 sermo

2039 4882 2298 4949 'rshitur,
2333 4889 2390 4943 et
2429 4879 2618 4935 arcani
2657 4877 2940 4948 cujusdam
2983 4879 3230 4950 mysterii
3261 4880 3618 4951 signiﬁcatio-

2037 4990 2164 5032 nem
2195 4974 2594 5046 complectitur,
2628 4974 2674 5028 si
2705 4973 2827 5043 quis
2858 4974 3001 5029 dicta
3043 4975 3340 5044 prudenter
3366 4983 3622 5028 escutcns

2041 5069 2215 5127 norit.
2246 5067 2546 5137 Argentum
2581 5067 2730 5122 enim
2767 5073 2825 5119 et
2861 5081 3053 5121 aurum
3090 5066 3320 5135 probant
3354 5077 3450 5118 seu
3492 5076 3622 5117 exa-

2045 5162 2256 5217 minant
2280 5175 2460 5216 rerum
2496 5160 2720 5214 istarum
2745 5158 2902 5227 periti
2931 5158 3192 5222 artitices,
3216 5156 3339 5226 igne
3359 5152 3622 5222 collique-

2046 5255 2309 5310 l'acicntes
2345 5265 2400 5308 et
2433 5262 2816 5308 consumentcs
2853 5251 3115 5321 quidquid
3153 5252 3205 5304 in
3245 5247 3375 5317 ipsis
3410 5245 3622 5301 adulte-

2046 5350 2224 5402 rinum
2265 5357 2319 5402 et
2357 5347 2636 5400 sordidum
2675 5354 2779 5400 est.
2826 5343 3047 5397 Divinas
3075 5351 3254 5396 autem
3299 5347 3354 5393 et
3385 5337 3626 5394 cwlestis

2045 5442 2210 5511 ignis,
2257 5440 2360 5495 hoc
2397 5449 2503 5505 est,
2551 5439 2724 5509 gratia
2769 5451 2864 5505 per
2897 5434 3160 5504 Spiritum
3208 5440 3477 5499 sanctum,
3516 5445 3623 5500 qua

2080 5611 2132 5679 ιε’
2155 5638 2254 5695 lsa.
2284 5654 2422 5709 mi,
2452 5636 2574 5698 1-5;
2608 5633 2798 5690 Matth.
2831 5649 2927 5696 xu,
2962 5631 3055 5688 18.
3125 5631 3171 5665 ³³
3196 5631 3350 5689 Joau.
3379 5649 3494 5700 ιἰιι,
3530 5631 3623 5687 ει.
