4042 6196
417 279 538 359 σει

1459 299 1520 356 8.
1555 297 1838 356 'CYRILLI
1877 298 2352 384 ALEXANDRINI
2390 301 2715 360 ARCHIEP.

3597 302 3709 362 τεο

425 424 703 496 possimus
734 422 898 479 etiam
933 423 1177 480 viventes
1203 436 1302 480 nos
1330 421 1384 478 ln
1407 422 1601 495 spiritu
1625 427 2020 493 consummari,

2133 429 2271 498 ἡμᾶς
2302 428 2682 482 ἀποτελεῖσθαι
2715 427 2791 498 τῷ
2825 425 3126 498 Πνεύματι,
3150 425 3279 480 ὅταν
3305 423 3384 490 είς
3419 425 3546 480 νοῦν
3578 428 3711 483 καθα

421 518 506 582 ‘si.
523 515 741 573 Christo
761 514 1112 582 immittente,
1131 514 1184 570 in
1202 523 1440 570 mentem
1462 525 1628 584 alque
1643 529 1739 570 cor
1755 524 2024 585 penetret,

433 623 588 679 tunc,
638 609 918 674 nimirum,
969 617 1100 663 tunc
1141 622 1358 663 omnem
1411 608 1624 679 peccati
1675 608 1911 664 scoriam
1959 623 2022 663 ex

435 700 727 771 praeteritis
775 699 1021 770 lapsibus
1076 707 1420 754 contractam
1460 699 1679 754 deterit.
1716 699 1895 770 Atque
1951 698 2026 752 ita

435 803 700 865 purgatos
729 793 895 849 etiam
927 793 1344 864 probatissimos
1372 791 1574 858 reddit,
1598 801 1650 846 et
1679 801 1886 846 tantum
1918 805 2025 846 non

433 887 707 959 spirituali
756 885 994 958 quodam
1043 885 1206 940 modo
1253 883 1415 938 aliter
1447 882 1516 938 ad
1565 883 1862 938 novitatem
1905 882 2028 938 vita:

433 981 682 1048 fabricat,
721 991 776 1034 et
808 993 935 1032 vasa
967 978 1223 1046 deinceps
1255 977 1488 1046 insignia
1517 985 1572 1030 et
1604 975 1939 1030 sanctificata
1973 981 2029 1031 et

432 1072 490 1128 in
529 1073 792 1127 honorem
833 1078 1148 1139 comparata
1187 1077 1242 1123 et
1286 1083 1499 1140 magna:
1551 1069 1766 1134 domui,
1802 1067 1907 1122 hoc
1948 1075 2031 1122 est

433 1165 711 1228 Ecclesiae,
742 1164 902 1219 utilia
939 1162 1104 1218 efﬁcit
1129 1162 1199 1216 ⁵⁸.
1231 1179 1250 1213 ι
1293 1161 1432 1217 Hinc
1463 1161 1672 1217 scilicet
1700 1161 1942 1216 divinum
1976 1169 2031 1216 et

431 1258 533 1314 sub
559 1257 977 1327 intelligentiam
1009 1256 1294 1312 cadentem
1327 1255 1508 1325 ignem
1540 1263 1764 1309 sanctus
1789 1252 2028 1308 Joannes

432 1353 782 1424 significavit,
809 1366 929 1405 cum
951 1351 1195 1407 diceret:
1229 1367 1248 1401 ι
1278 1350 1391 1420 Ego
1419 1349 1636 1418 baptizo
1663 1364 1760 1404 vos
1787 1348 1838 1402 in
1864 1363 2025 1419 aqua.

427 1442 563 1498 Post
604 1455 691 1496 me
733 1439 915 1494 veniet
950 1440 1050 1505 vir,
1093 1438 1250 1508 cujus
1289 1454 1396 1493 non
1424 1453 1544 1492 sum
1577 1438 1771 1507 dignus
1808 1447 1865 1492 ut
1901 1451 2028 1506 pro-

431 1536 702 1590 cumbens
732 1533 939 1588 solvam
979 1532 1270 1601 corrigiam
1317 1530 1671 1586 calceatuenti
1718 1530 1855 1600 ejus.
1914 1527 2031 1598 Ipse

433 1641 530 1682 vos
552 1625 848 1696 baptizabit
865 1624 917 1678 in
939 1623 1144 1695 Spiritu
1164 1633 1352 1679 sancto
1371 1635 1424 1679 et
1443 1624 1628 1693 igni”.
1645 1643 1663 1676 ι
1688 1623 2031 1677 Meminimus

433 1731 488 1774 et
509 1718 783 1775 Christum
810 1719 991 1773 dicere
1019 1739 1032 1774 :
1066 1737 1084 1770 ι
1116 1718 1299 1790 Ignem
1328 1719 1449 1773 veni
1476 1718 1693 1772 mittere
1718 1717 1771 1771 in
1799 1727 2020 1783 terram,

2128 519 2298 573 ίκοιτο
2331 519 2427 573 καὶ
2473 519 2724 591 καρδίαν,
2756 519 2988 583 ὲνιέντος
3029 517 3287 590 Χριστοῦ,
3315 517 3437 572 τότε
3473 518 3559 591 δὴ,
3590 521 3710 575 τότε

2124 609 2305 664 πάντα
2335 611 2433 682 μὲν
2460 611 2553 664 τὸν
2579 611 2638 677 ἐξ
2667 610 2940 682 ἁμαρτίας
2969 611 3261 682 διασμήχει
3287 610 3478 682 ῥύπον,
3503 611 3597 665 καὶ
3624 612 3713 666 τὸν

2126 704 2190 755 ἐκ
2217 702 2324 755 τῶν
2365 703 2464 774 ἤδη
2500 703 2988 775 προεπταισμένων
3008 701 3223 773 δαπανᾷ
3261 702 3560 774 μολυσμόν.
3606 705 3714 757 Κι-

2126 793 2263 848 καθα
2272 811 2507 865 ρμενους
2530 813 2590 848 τε
2615 795 2758 848 οὓτω
2783 797 2877 849 καὶ
2903 794 3308 866 δοκιμωτάτους
3332 797 3460 860 τοὺς
3488 796 3713 867 ἔχοντας

2126 887 2398 953 ἀποτελεῖ,
2442 886 2535 939 καὶ
2581 885 2860 956 μονονουχὶ
2893 885 3288 955 μεταχαλκεύει
3325 886 3530 957 νοητῶς
3575 887 3713 958 πρὸς

2125 979 2454 1051 καινοτάτην
2485 978 2650 1049 ζωὴν,
2680 979 2774 1031 καὶ
2815 977 2983 1048 σκεύη
3017 978 3202 1031 λοιπὸν
3247 978 3538 1048 ἀποφαίνει
3570 978 3716 1048 λαμ-

2129 1070 2245 1141 πρά
2287 1071 2381 1124 καὶ
2413 1071 2724 1142 ήγιασμένα
2761 1071 2856 1122 καλ⁸
2894 1073 2973 1134 εἰς
3021 1071 3186 1142 τιμὴν
3231 1072 3716 1142 κατεσκευασμένα

2127 1166 2271 1235 οἰκίᾳ
2303 1181 2363 1217 τε
2398 1166 2465 1233 τῆ
2511 1165 2723 1237 μεγάλῃ
2761 1166 3029 1236 χρήσιμα,
3060 1165 3344 1218 τουτέστιν
3373 1168 3440 1236 τῇ
3481 1165 3718 1238 Ἐκκληο

2132 1254 2242 1326 σία.
2275 1256 2447 1309 Τούτο
2469 1255 2532 1326 δὴ
2563 1254 2622 1308 τὸ
2644 1255 2782 1308 θεῖόν
2811 1271 2871 1308 τε
2898 1257 2992 1309 καὶ
3021 1258 3211 1327 νοητὸν
3236 1259 3582 1327 κατεσήμανε
3605 1257 3717 1330 πῦρ

2127 1347 2156 1400 ὁ
2185 1347 2471 1412 θεσπέσιος
2507 1347 2782 1418 Ἰωάννης,
2811 1348 2984 1417 λέγων
3005 1365 3018 1378 °
3055 1368 3073 1400 ι
3128 1348 3268 1417 Ἐγὼ
3296 1349 3542 1420 βαπτίζω
3571 1350 3716 1420 ὑμᾶς

2129 1441 2188 1492 ὲν
2236 1440 2410 1495 ὕδατι.
2470 1441 2676 1494 Ὀπίσω
2731 1458 2832 1512 μου
2875 1442 3094 1512 ἔρχεται
3139 1442 3298 1513 ἀνὴρ,
3345 1438 3406 1496 οὗ
3457 1443 3558 1495 οὐκ
3602 1445 3719 1514 είμὶ

2133 1530 2315 1594 ἱκανὸς
2343 1533 2429 1584 ἵνα
2461 1531 2638 1601 κύψας
2674 1531 2824 1586 λύσω
2852 1533 2941 1585 τὸν
2967 1534 3165 1603 ἱμάντα
3204 1534 3314 1586 τῶν
3354 1533 3718 1604 ὑποδημάτων

2130 1623 2318 1679 αὑτοῦ.
2351 1624 2525 1688 Αὐτὸς
2564 1625 2708 1694 ὑμᾶς
2749 1625 3004 1694 βαπτίσει
3039 1627 3096 1678 ὲν
3128 1625 3407 1697 ΙΙνεύματι
3441 1626 3578 1697 ἁγίῳ
3622 1627 3717 1679 καὶ

2131 1719 2284 1785 πυρί.
2324 1736 2342 1768 ι
2377 1716 2720 1787 Μεμνήμεθα
2749 1717 2804 1769 δὲ
2839 1719 2932 1770 καὶ
2958 1717 3122 1770 αὑτοῦ
3163 1718 3412 1786 λέγοντος
3449 1719 3544 1771 τοῦ
3584 1719 3720 1790 Χρι-

435 1812 652 1884 etquid
686 1811 835 1876 volo,
877 1811 986 1866 nisi
1025 1821 1084 1865 ιιι
1121 1809 1452 1866 accendatur
1477 1809 1560 1863 '3?
1589 1828 1607 1862 ι
1649 1811 1856 1879 Itaque,
1894 1824 2026 1878 quo-

2133 1808 2258 1861 στοῦ
2282 1825 2294 1836 ·
2331 1827 2348 1858 ι
2386 1807 2504 1878 Πῦρ
2526 1803 2688 1878 ἦλθον
2713 1806 2927 1876 βάλλειν
2959 1810 3051 1860 ἐπὶ
3078 1810 3177 1879 τὴν
3207 1807 3333 1876 γῆν,
3361 1809 3454 1860 καὶ
3475 1807 3528 1860 τί
3557 1807 3715 1871 Θέλω.

434 1907 581 1962 niam
609 1905 869 1960 Israelita;
906 1904 1220 1960 Levitarum
1252 1903 1650 1957 immunditiam
1679 1903 1794 1957 sive
1821 1902 2021 1972 iniqui-

434 2009 597 2055 tatem
629 2013 734 2054 non
759 1996 875 2052 leve
906 1994 1320 2049 fundamentum
1345 1993 1644 2062 ponebant,
1665 1991 1773 2046 imo
1791 2005 1887 2062 per
1905 1990 2023 2045 illus

433 2093 811 2147 universorum
845 2089 1015 2144 Deum
1053 2088 1270 2141 irritare
1302 2101 1409 2140 non
1445 2082 2023 2150 desinebant,'contu-

433 2185 657 2239 meliose
698 2182 983 2248 loquentes
1009 2188 1066 2232 et
1087 2177 1271 2232 dicere
1311 2191 1418 2230 non
1447 2186 1698 2230 verentes
1731 2192 1745 2229 :
1783 2173 1802 2226 ι
1836 2174 2025 2230 Omnis

431 2276 523 2346 qui
557 2273 692 2328 facit
723 2270 947 2335 malum,
981 2271 1183 2324 bonum
1221 2282 1406 2322 coram
1443 2265 1558 2331 illo,
1598 2276 1652 2320 et
1681 2267 1734 2319 in
1775 2265 1882 2320 illis
1909 2266 2026 2335 ipse

431 2368 537 2423 sibi
557 2362 908 2435 complacuit,
928 2373 984 2416 et
1003 2360 1092 2415 tibi
1119 2370 1202 2415 est
1225 2357 1602 2427 Deusjustitite
1617 2358 1705 2412 “i
1730 2376 1747 2410 ι
1780 2357 2025 2427 prmdicit

435 2459 637 2530 utiliter
681 2456 916 2527 quodam
953 2463 1198 2524 tempore
1227 2450 1548 2506 aﬂ‘ulsurum
1596 2450 1896 2514 Christum,
1931 2449 2024 2520 qui

435 2558 925 2621 peccatumomnc
970 2555 1216 2600 nostrum
1256 2545 1290 2597 ‘e
1335 2541 1513 2596 medio
1551 2539 1715 2610 tollit,
1765 2538 1931 2610 853
1971 2546 2026 2594 et

433 2641 746 2697 sacerdotes
776 2653 908 2693 suos
941 2635 1270 2707 purissimos
1299 2632 1494 2699 reddit,
1526 2647 1730 2703 eosque
1752 2639 1808 2685 ut
1835 2647 2025 2687 aurum

434 2747 526 2791 aut
544 2743 825 2806 argent-um
847 2732 899 2786 in
921 2730 1043 2800 igne
1062 2729 1277 2798 probat,
1299 2727 1415 2800 sive
1433 2727 1692 2796 probatos
1713 2734 1767 2780 et
1791 2724 2026 2780 illustres

438 2829 617 2885 reddit
652 2828 720 2882 δ’.
766 2824 932 2888 Tales,
958 2823 1102 2878 enim
1139 2821 1395 2877 Ecclesia:
1435 2821 1749 2874 sacerdotes
1786 2815 2025 2871 universi

434 2916 636 2976 debent
661 2932 804 2982 esse,
823 2914 1333 2987 quibusliceatjure
1364 2912 1568 2980 optimo
1595 2925 1862 2980 usurpare
1893 2909 2026 2964 illud

439 3011 788 3066 Davidicum:
821 3028 840 3062 ι
869 3007 1119 3063 Probasti
1153 3021 1272 3072 nos,
1313 3005 1487 3071 Deus;
1527 3006 1649 3074 igne
1681 3019 1780 3058 nos
1813 3002 2023 3056 exatni-

437 3104 578 3160 nasti
610 3114 668 3157 ut
699 3099 1003 3156 examinari
1033 3099 1170 3152 solet
1190 3107 1473 3167 argentum
1505 3098 1606 3151 ⁸³.»
1634 3095 1784 3149 Filiis
1808 3096 2025 3165 quidem

2131 1899 2180 1951 εί
2213 1899 2312 1970 ἤδη
2348 1899 2597 1969 άνήφοη;
2641 1918 2658 1950 ι
2695 1899 2923 1964 Οὐκοῦν,
2957 1899 3186 1971 ἐπείπερ
3213 1901 3263 1953 οἱ
3286 1899 3343 1964 ἐξ
3373 1901 3602 1970 αἵματος
3624 1899 3718 1954 τοῦ

2131 1990 2190 2058 ἐξ
2233 1990 2451 2063 Ἰσραὴλ
2473 1993 2573 2063 τῆς
2612 1990 2722 2044 τῶν
2747 1992 2986 2045 Λευῖτῶν
3015 1993 3381 2064 ἀκαθαρσίας,
3408 1995 3573 2064 ἤγουν
3600 1994 3718 2048 ἀει-

2131 2084 2280 2147 κίας,
2309 2081 2371 2134 ού
2404 2083 2630 2153 μετρίαν
2653 2081 2931 2135 ἐποιοῦντο
2955 2082 3054 2153 τὴν
3080 2082 3408 2153 καταϐολὴν,
3434 2082 3634 2152 μᾶλλον
3663 2081 3718 2136 δὲ

2131 2175 2197 2229 δι’
2232 2175 2474 2239 ἐκείνους
2510 2174 2944 2248 παροτρύνοντες
2992 2175 3259 2229 διετέλουν
3303 2176 3395 2230 τὸν
3425 2176 3533 2228 τῶν
3581 2175 3719 2228 ὅλων

2131 2263 2284 2324 Θεὸν,
2318 2263 2566 2334 παλίμφη
2578 2265 2652 2334 μά
2687 2281 2745 2317 τε
2776 2264 3068 2328 λαλοῦντές
3089 2283 3213 2319 τινα
3249 2266 3342 2319 καὶ
3369 2264 3723 2334 ἀποτολμῶν-

2131 2372 2222 2418 τες
2258 2355 2438 2424 λέγειν
2465 2371 2478 2386 ·
2533 2375 2551 2408 ι
2601 2357 2716 2421 Πᾶς
2760 2359 2928 2411 ποιῶν
2971 2359 3226 2429 πονηρὸν,
3278 2359 3440 2412 καλὸν
3489 2357 3720 2412 ἐνώπιον

2131 2446 2319 2510 αὐτοῦ,
2363 2449 2456 2500 καὶ
2481 2448 2539 2501 ὲν
2585 2449 2769 2512 αὐτοῖς
2796 2451 2960 2514 αὐτὸς
2984 2451 3273 2521 ηὐδόκησε,
3313 2452 3406 2505 καί
3436 2450 3538 2505 ποῦ
3572 2453 3719 2506 ἔστιν

2131 2538 2160 2590 ὁ
2192 2537 2324 2602 Θεὸς
2371 2539 2470 2611 τῆς
2519 2539 2904 2612 δικαιοσύνης;
2959 2560 2978 2593 ι
3030 2541 3390 2613 προαγορεύει
3434 2544 3719 2614 χρησίμως

2131 2632 2214 2686 ὅτι
2248 2631 2390 2687 κατὰ
2419 2635 2643 2705 καιροὺς
2674 2633 2972 2704 ἐπιλάμψει
2997 2634 3250 2706 Χριστὸς,
3281 2636 3309 2686 6
3355 2637 3533 2689 πᾶσαν
3561 2636 3720 2706 ἡμῶν

2132 2726 2230 2796 τὴν
2265 2727 2539 2797 ἁμαρτίαν
2572 2727 2636 2780 ὲκ
2675 2728 2842 2798 μέσου
2876 2726 3066 2790 τιθεὶς,
3101 2729 3194 2780 καὶ
3226 2728 3536 2797 πανάγνους
3576 2729 3720 2781 ἁπο-

2133 2817 2304 2872 τελῶν
2353 2819 2477 2881 τοὺς
2525 2817 2684 2880 ίδίους
2736 2818 3086 2889 ίερουργοὺς,
3136 2817 3230 2870 καὶ
3278 2812 3388 2871 οἷον
3445 2817 3644 2890 χρυσὸν
3684 2817 3724 2888 ἢ

2134 2912 2372 2981 ἄργυρον
2413 2911 2471 2963 ὲν
2503 2911 2637 2982 πυρὶ
2677 2909 2988 2981 δοκιμάζων
3036 2911 3254 2974 αὐτοὺς,
3299 2912 3419 2983 ἤτοι
3462 2913 3724 2982 δοκίμους

2133 3002 2415 3055 ἀποτελῶν
2465 3003 2560 3055 καὶ
2614 3000 3160 3074 λελαμπρυσμένους.
3210 3002 3452 3056 Τοιοῦτοι
3503 3005 3610 3073 γάρ
3643 3005 3727 3068 ὡς

2135 3093 2337 3145 ἐπίπαν
2367 3095 2468 3164 τῆς
2509 3094 2835 3164 Ἐκκλησίας
2883 3097 2934 3167 οἱ.
2972 3095 3297 3166 λειτουργοὶ,
3325 3090 3405 3159 οἷς
3453 3095 3516 3149 ἂν
3543 3097 3729 3167 ἁρμό-

436 3195 617 3270 Aaron
645 3177 947 3262 gestamen
985 3199 1102 3242 erat
1151 3189 1289 3243 stola
1338 3187 1548 3257 legibus
1591 3187 1909 3258 praescripta
1959 3188 2024 3240 ε’.

2136 3201 2268 3250 σειε,
2304 3185 2398 3238 καὶ
2442 3186 2585 3255 μάλα
2615 3186 2861 3253 εἰκότως,
2900 3189 3079 3240 ἐκεῖνο
3111 3191 3287 3240 εἰπεῖν
3315 3190 3377 3241 τὸ
3419 3189 3508 3241 διὰ
3537 3189 3728 3259 φωνῆς

439 3286 673 3342 Selectis
719 3293 899 3337 autem
941 3281 995 3335 in
1031 3279 1256 3335 Christo
1280 3289 1334 3334 et
1372 3279 1680 3334 sacerdotio
1723 3279 2024 3345 destinatis,

439 3381 813 3436 indumentum
864 3373 1244 3445 splendidum,
1270 3371 1608 3426 sacerdotale
1652 3380 1707 3426 et
1747 3379 2023 3438 sanctum,

437 3470 692 3526 Christus
723 3469 860 3538 ipse.
899 3464 1267 3533 Quamobrem
1308 3473 1361 3517 et
1393 3478 1488 3532 per
1528 3463 1698 3533 lyram
1740 3462 2028 3518 Psallentis

439 3566 580 3619 licus
637 3545 696 3618 et
747 3558 911 3615 Pater
967 3557 1033 3613 de
1089 3556 1334 3612 Ecclesia
1381 3570 1445 3610 ex
1494 3555 1745 3625 gentibus
1803 3553 2026 3609 aiebat:

444 3677 462 3709 ι
495 3635 821 3712 Sacerdotes
855 3653 971 3722 ejus
1015 3652 1236 3704 induam
1284 3649 1548 3716 salutem,
1589 3658 1641 3703 et
1692 3648 1866 3703 sancti
1911 3648 2031 3718 ejus

439 3747 800 3804 exsultatione
848 3741 1203 3797 exsultabunt
1245 3740 1314 3793 “.
1352 3759 1370 3791 ι
1408 3739 1735 3794 Sanctorum
1767 3739 1911 3794 enim
1939 3755 2028 3794 sa-

437 3839 720 3902 cerdotum
749 3832 898 3886 salus
929 3838 984 3886 et
1021 3833 1396 3884 indumentum
1428 3831 1748 3884 admirabile
1783 3831 2034 3884 Christus

439 3939 556 3995 est;
603 3927 713 3982 imo
743 3922 1215 3996 decensantictus
1253 3921 1494 3976 omnium
1545 3921 1807 3975 ﬁdelium.
1859 3940 1878 3974 ι
1904 3922 2034 3988 Qui-

440 4034 654 4089 cunque
709 4009 886 4083 enim,
937 4013 1138 4083 inquit,
1189 4013 1242 4067 in
1298 4010 1538 4073 Christo
1569 4008 1828 4081 baptizati
1879 4013 2030 4082 estis,

438 4114 716 4169 Christum
749 4108 999 4164 induistis
1030 4106 1095 4158 “.
1130 4121 1149 4155 ι

2134 3278 2230 3332 τοῦ
2262 3278 2446 3344 Δαὸὶδ,
2477 3280 2558 3332 ὅτι
2590 3297 2608 3330 ι
2657 3280 3020 3352 Ἐδοκίμασας
3047 3284 3216 3352 ἡμᾶς,
3247 3284 3276 3335 6
3303 3282 3456 3346 Θεὸς,
3501 3281 3730 3354 ἐπύρω-

2137 3388 2238 3435 σας
2268 3372 2414 3442 ἡμᾶς
2446 3372 2522 3434 ὡς
2553 3371 2820 3443 πυροῦται
2869 3374 2932 3426 τὸ
2980 3374 3263 3446 ἀργύριον.
3305 3395 3322 3426 ι
3355 3375 3582 3445 Φόρημα
3623 3376 3728 3444 μὲν

2135 3462 2245 3535 γάρ
2276 3466 2390 3527 τοῖς
2440 3463 2499 3530 ἐξ
2555 3463 2766 3536 Ἀαρὼν
2813 3467 2846 3537 ή
2895 3467 3036 3520 κατά
3081 3466 3244 3536 νόμον
3278 3465 3462 3536 στολή.
3501 3466 3626 3528 Τοῖς
3657 3483 3722 3533 γε

2138 3553 2244 3624 μὴν
2283 3554 2604 3619 ἀπολέκτοις
2653 3557 2711 3609 ἐν
2755 3556 2973 3627 Χριστῷ
3017 3558 3111 3610 καὶ
3137 3557 3490 3626 τεταγμένοις
3531 3556 3610 3618 είς
3646 3556 3729 3607 ιε·-

2135 3647 2395 3718 ρουργίαν
2440 3647 2644 3717 ἄμφιόν
2685 3648 2801 3699 ἐστι
2848 3647 3118 3720 λαμπρὸν,
3155 3647 3479 3720 ἱεροπρεπές
3522 3665 3579 3701 τε
3628 3648 3729 3702 καὶ

2135 3741 2479 3808 ἄγιον,αύτδς
2507 3743 2534 3793 6
2556 3740 2811 3811 Χριστός.
2844 3739 3133 3813 Τοιγάρτοι
3158 3742 3250 3795 καὶ
3279 3741 3483 3810 ἔφασκε
3511 3741 3598 3795 διὰ
3619 3741 3728 3811 τῆς

2131 3833 2226 3885 τοῦ
2266 3834 2560 3903 ψάλλοντος
2593 3829 2761 3905 λύρας
2785 3833 2813 3883 6
2845 3829 3100 3896 Θεὸςκαὶ
3131 3835 3322 3904 Πατὴρ
3362 3833 3490 3902 περλ⁹
3517 3833 3613 3903 τῆς
3656 3828 3724 3892 ἐξ

2131 3921 2301 3977 ἐθνῶν
2353 3925 2682 3996 Ἑκκλησίας
2701 3926 2722 3952 ”
2754 3944 2785 4002 ι¹
2819 3925 2958 3988 Τοὺς
2986 3927 3152 3996 ἱερεῖς
3179 3920 3353 3997 αὐτῆς
3382 3925 3587 3979 ἐνδύσω
3615 3941 3725 3976 σω-

2129 4016 2354 4086 τηρίαν,
2404 4019 2500 4071 καὶ
2547 4020 2594 4070 oi
2629 4019 2764 4071 ὅσιοι
2796 4013 2966 4089 αὐτῆς
3004 4011 3724 4087 ἀγαλλιάσειάγαλλιάσονὲ

2128 4125 2239 4161 ται.
2278 4129 2296 4161 ι
2330 4111 2583 4181 Σωτηρία
2603 4111 2713 4182 γὰρ
2761 4111 2923 4175 αὐτὸς
2963 4114 2992 4165 6
3035 4104 3416 4184 Χριστὸςτῶν
3445 4111 3616 4179 ἁγίων
3648 4112 3725 4162 is-
3761 4093 3772 4097 ﬁ

443 4205 712 4278 ρουργῶν,
737 4203 942 4273 ἅμφιον
969 4199 1030 4252 τὸ
1056 4196 1407 4265 άξιάγαστον,
1439 4195 1641 4267 μᾶλλον
1664 4195 1720 4248 δὲ
1746 4198 1837 4250 καὶ
1865 4197 2074 4268 πρέπον
2110 4201 2219 4253 τῶν
2268 4197 2729 4259 πεπιστευκότων.
2761 4225 2777 4254 ι
2817 4205 2974 4258 Ὅσοι
2999 4207 3129 4278 γὰρ,
3157 4200 3340 4276 φησιν,
3375 4206 3456 4268 είς
3485 4202 3726 4277 Χριστὸν

442 4296 826 4366 ἐϐαπτίσθητε,
861 4291 1097 4364 Χριστὸν
1129 4287 1474 4344 ἐνεδύσασθε.
1517 4309 1538 4341 ι

510 4391 678 4446 Vens.
710 4390 764 4444 4.
806 4385 878 4442 Ει
920 4395 1072 4442 erunt
1107 4384 1336 4439 Domino
1383 4383 1658 4454 oﬂ'erenm
1703 4385 2026 4454 sacriﬁcium

2201 4367 2314 4435 Ral
2342 4381 2590 4435 ἔσονται
2617 4382 2697 4448 τῷ
2733 4383 2923 4450 Κυρίῳ
2954 4382 3364 4452 προσάγοντες
3395 4386 3616 4439 θυσίαν
3651 4389 3726 4441 ἐν

442 4484 752 4556 iujustitia.
785 4481 852 4537 Et
875 4478 1101 4551 placebit
1143 4477 1370 4532 Domino
1399 4477 1725 4546 sacriﬁcium
1755 4479 1934 4543 Juda,
1979 4489 2029 4532 et

440 4577 737 4632 Jerusalem
761 4577 892 4630 sicut
919 4575 1031 4628 dies
1069 4572 1250 4627 saeculi
1277 4583 1322 4625 et
1354 4572 1490 4625 sicut
1514 4573 1643 4625 anni
1672 4573 1891 4640 priores.

518 4756 734 4812 XXXV.
776 4755 1278 4817 Consecrabuulur,
1308 4753 1504 4823 inquit,
1546 4749 1655 4806 Deo
1687 4768 1702 4806 :
1747 4754 1848 4805 hoc
1883 4754 2025 4808 enim

442 4861 574 4920 puto
589 4849 691 4902 sibi
720 4847 876 4912 velle,
905 4864 924 4897 ι
951 4845 1254 4900 EruntDeo
1281 4844 1594 4899 oﬂ'erentes.
1623 4863 1644 4898 ι
1675 4844 2029 4902 Consecrabi-

444 4956 567 4998 mur
604 4939 739 5007 Dco,
777 4938 824 4993 si
855 4937 1088 5007 amplius
1128 4937 1286 4992 nobis
1317 4951 1426 4991 non
1457 4935 1729 5003 vivamus,
1768 4946 1824 4993 et
1854 4940 2030 4994 modis

443 5033 700 5089 omnibus
729 5028 1055 5085 charitatem
1079 5041 1209 5094 erga
1242 5026 1392 5082 illum
1425 5027 1760 5097 excolamus,
1795 5030 2030 5102 totisque

445 5126 655 5181 viribus
713 5122 882 5193 probe
931 5129 1194 5191 praestare
1255 5119 1542 5189 cupiamus
1596 5135 1718 5190 quae
1762 5122 1853 5178 illo
1891 5123 2027 5182 vult.

445 5217 580 5274 Tale
599 5217 728 5288 quid
753 5215 923 5271 etiam
944 5213 1159 5268 divinus
1185 5211 1388 5266 Paulus
1409 5213 1475 5267 de
1503 5214 1744 5268 omnium
1778 5224 2026 5270 nostrum

449 5306 734 5364 Salvatore
754 5306 974 5362 Christo
1004 5325 1017 5361 :
1049 5321 1069 5355 ι
1106 5299 1260 5358 Unus
1289 5300 1434 5355 enim
1464 5315 1561 5372 pro
1590 5302 1844 5358 omnibus
1875 5315 2025 5356 mor~

452 5409 576 5451 tuus
601 5409 704 5462 est,
733 5408 792 5452 ut
824 5408 880 5452 et
905 5396 997 5466 qui
1033 5397 1222 5450 vivunt
1246 5394 1359 5464 jam
1383 5407 1511 5449 non
1545 5393 1651 5448 sibi
1688 5393 1894 5460 vivant,
1931 5394 2026 5447 sed

449 5488 502 5540 ci
538 5490 626 5555 qui
663 5504 758 5555 pro
790 5489 919 5558 ipsis
952 5493 1200 5542 mortuus
1230 5493 1313 5540 est
1335 5491 1390 5538 et
1423 5485 1815 5540 resurrexit".
1845 5502 1864 5536 ι
1906 5484 2028 5540 Suae

555 5686 600 5714 "
635 5683 791 5736 llum.
824 5701 898 5745 ιιι,
924 5684 1012 5745 21,
1041 5684 1131 5739 ἓξ.
1210 5686 1253 5715 ⁸⁷
1276 5683 1467 5738 Matth.
1490 5698 1572 5746 ιιι,
1603 5681 1691 5736 Η.

2132 4473 2513 4543 δικαιοσύνῃ.
2547 4475 2650 4528 Καὶ
2692 4473 2896 4543 ἀρέσει
2933 4475 3014 4539 τῷ
3051 4475 3246 4542 Κυρίῳ
3273 4476 3459 4529 θυσία
3501 4476 3721 4540 Ἰούδα,

2132 4568 2231 4622 καί
2270 4568 2668 4637 Ἰερουσαλὴμ
2696 4564 2902 4633 καθὼς
2922 4570 2982 4622 αἱ
3004 4568 3214 4637 ἡμέραι
3251 4567 3355 4622 τοῦ
3384 4567 3598 4637 αἰῶνος
3620 4575 3723 4626 καὶ

2133 4657 2430 4725 καθὼςτὰ
2459 4660 2564 4728 ἔτη
2594 4661 2665 4712 τὰ
2699 4659 3059 4728 ἔμπροσθεν,
3207 4673 3210 4676 ν
3292 4675 3295 4677 -
3403 4687 3406 4690 ,
3557 4675 3560 4678 .

2204 4753 2328 4805 ΛΕ’.
2385 4750 2810 4815 Ἀνιιικείιιονται⁸
2870 4753 3022 4822 φησι,
3080 4751 3158 4822 τῷ
3202 4752 3352 4823 Θεῷο
3399 4753 3560 4810 τοῦτο
3615 4756 3730 4827 γάρ

2131 4832 2394 4917 οἶμαιτδ,
2421 4832 2439 4896 ι
2474 4845 2730 4900 Ἔσονται
2759 4845 2838 4917 τῷ
2863 4844 3054 4917 Κυρίῳ
3080 4846 3469 4917 προσάγοντες.
3505 4865 3526 4899 ι
3562 4837 3726 4901 Ἀνα-

2137 4935 2437 5007 βιασόμεθα
2487 4935 2545 4990 δὲ
2589 4934 2668 5006 τῷ
2711 4934 2853 5006 Θεῷ,
2891 4935 3093 5001 ζῶντες
3125 4937 3225 5006 μὲν
3263 4938 3478 5003 ἑαυτοῖς
3513 4927 3726 5005 οὐκέτι,

2131 5025 2536 5097 προσκείμενοι·
2551 5025 2608 5078 δὲ
2631 5026 2941 5098 ὁλοτρόπως
2977 5027 3071 5079 καὶ
3104 5029 3170 5098 τῇ
3210 5029 3291 5091 είς
3315 5029 3479 5083 αὐτὸν
3510 5029 3726 5101 ἀγάπῃ,

2137 5116 2230 5168 καὶ
2283 5116 2446 5170 παντὶ
2495 5116 2563 5188 δὴ
2613 5115 2790 5170 σθένει
2839 5115 3464 5190 κατορθοῦνῂρημένοι
3503 5119 3574 5173 τά
3611 5121 3730 5184 τοίς

2146 5204 2309 5270 θείοις
2353 5205 2520 5261 αὐτοῦ
2563 5205 2824 5262 δοκοῦντα
2869 5207 3156 5279 νεύμασιν.
3206 5211 3350 5281 Ἔφη
3387 5209 3728 5264 τιτοιοῦτον

2141 5300 2236 5354 καὶ
2259 5301 2288 5353 6
2317 5289 2604 5364 θεσπέσιος
2631 5298 2842 5364 Παῦλος
2882 5303 3012 5374 περὶ
3037 5301 3132 5356 τοῦ
3159 5302 3380 5358 πάντων
3409 5304 3566 5376 ἡμῶν
3606 5304 3728 5358 Σω-

2145 5394 2305 5464 τῆρος
2353 5393 2626 5463 Χριστοῦ·
2667 5411 2686 5444 ι
2723 5388 2818 5458 Εἷς
2857 5395 2969 5468 γὰρ
2997 5394 3138 5467 ὑπὲρ
3177 5395 3398 5450 πάντων
3428 5397 3723 5459 ἀπέθανεν,

2143 5483 2230 5538 ἵνα
2260 5487 2309 5536 oi
2357 5484 2558 5549 ζῶντες
2599 5486 2794 5557 μηκέτι
2835 5489 3047 5552 ἑαυτοῖς
3081 5486 3266 5557 ζῶσιν,
3304 5489 3438 5543 ἀλλὰ
3472 5489 3550 5560 τῷ
3581 5489 3728 5560 ὑπὲρ

1768 5684 1815 5716 ⁸⁸
1837 5683 1967 5738 Luc.
2007 5699 2026 5737 ι

2133 5683 2218 5737 49.
2295 5683 2343 5714 ⁸⁸
2367 5681 2610 5755 Malach.
2635 5700 2692 5755 ιι,
2719 5683 2804 5755 l7.
2881 5684 2926 5716 ⁸³
2961 5683 3193 5755 zacltar.
3219 5703 3340 5755 xm,
3379 5687 3431 5742 9.
3509 5684 3723 5744 “Psal.

451 5775 572 5822 ut,
611 5758 694 5810 it).
775 5753 816 5784 "
844 5753 1011 5808 Lci‘tl.
1048 5771 1157 5821 xtl,
1197 5755 1284 5809 Si.
1365 5753 1410 5785 “
1441 5752 1588 5810 Psai.
1617 5768 1802 5823 cxxxt,
1838 5756 1922 5808 16.
1999 5756 2018 5785 ⁶

2141 5756 2265 5807 alat.
2300 5768 2382 5816 ιιι,
2407 5752 2496 5806 27.

2579 5754 2622 5784 σε
2649 5753 2693 5805 ιι
2726 5754 2850 5807 αυτ.
2894 5770 2944 5824 v,
2989 5754 3072 5816 ιδ,
