4042 6196
414 313 530 383 .339
1451 317 1510 374 s.
1549 313 1827 374 cvntLu
1865 312 2337 369 ALEXANDRINI
2375 304 2698 367 ARCltlEP.
3589 299 3696 356 sto

422 435 570 489 testis
597 431 748 489 velas:
767 449 922 504 super
945 435 1203 506 veneﬁcis,
1224 445 1271 492 st
1297 452 1452 503 super
1473 437 1762 502 adulteros,
1787 444 1835 488 et
1852 447 1992 501 ευριπ

2104 431 2338 502 μάρτυς
2379 428 2570 499 ταχὺς
2611 425 2714 480 ἐπὶ
2759 422 2865 490 τὰς
2894 418 3270 492 φαρμακοὺς,
3320 418 3417 472 καὶ
3448 415 3549 470 ἐπὶ
3585 417 3696 482 τὰς

420 541 508 580 eos
540 527 630 598 qui
651 525 841 596 jnraut
863 527 916 581 in
952 529 1159 600 nomine
1185 543 1295 582 meo
1333 528 1389 582 in
1428 526 1720 590 mendacio,
1764 535 1811 579 et
1847 537 1992 593 δίψει

2097 519 2478 592 μοιχαλίδας,
2514 520 2612 573 καὶ
2650 513 2750 569 ἐπι
2779 513 2922 580 τοὺς
2954 511 3291 582 ὀμνύοντας
3332 507 3413 575 τῷ
3445 507 3695 577 ὀνόματι

419 633 506 672 eos
552 620 644 690 qui
687 621 891 687 privam
926 609 1160 676 mercede
1189 621 1590 685 mercenarium,
1631 627 1676 674 et
1709 618 1798 688 qui
1827 615 1992 686 ορρνί·

2097 632 2215 684 μου
2249 611 2348 667 ἐπὶ
2376 609 2606 680 ψεύδει,
2641 607 2738 662 καὶ
2763 605 2862 661 ἐπὶ
2905 604 3048 672 τοὺς
3078 600 3572 669 ἀποστεροῦντας
3598 617 3694 668 μι-

417 805 667 872 pupillos,
705 816 753 860 et
783 809 875 878 qui
909 819 1206 878 pervertunt
1243 782 1512 880 judicium
1550 782 1785 871 aduente,
1834 805 1992 880 855

2101 797 2324 867 χήραν,
2367 795 2464 849 καὶ
2508 793 2651 860 τοὺς
2702 788 3167 853 κονδυλίζοντας
3215 783 3541 854 ὀρφανοὺς,
3591 782 3696 836 και

415 906 464 950 et
487 899 575 968 qui
599 915 701 952 non
727 900 903 953 timent
931 917 1030 968 me,
1057 901 1181 955 dicit
1209 901 1462 957 Dominus
1488 903 1833 970 omnipotens.

489 1072 728 1130 XXXVI.
769 1073 835 1131 Et
875 1076 990 1132 haec
1035 1078 1422 1134 convenienter
1461 1092 1630 1148 scopo
1679 1090 1858 1131 rerum
1912 1075 2000 1131 di-

415 1176 635 1221 cuntur.
657 1167 750 1224 Sic
779 1169 922 1224 enim
960 1169 1324 1239 loquebantur
1359 1170 1670 1237 ignorantes
1696 1165 1954 1222 lsraelitac
1980 1182 1995 1222 :

420 1278 438 1310 ι
471 1258 662 1316 Omnis
708 1262 798 1331 qui
837 1260 969 1316 facit
1001 1261 1231 1326 malum,
1266 1263 1464 1318 bonum
1497 1270 1581 1316 est
1627 1274 1810 1316 coram
1857 1260 1997 1328 ipso,

414 1362 468 1406 ct
509 1353 560 1408 in
607 1354 739 1423 ipsis
787 1354 902 1426 ipse
937 1355 1262 1425 complacuit
1315 1355 1438 1412 sibi.
1485 1354 1553 1408 Et
1590 1353 1678 1410 ubi
1725 1364 1808 1407 est
1853 1352 1999 1407 Dens

409 1444 635 1512 jnstitia:
657 1447 742 1500 "1?
766 1466 784 1499 ι
817 1446 947 1514 Quae
975 1447 1192 1504 occasio
1221 1447 1382 1516 hujus
1429 1446 1583 1503 verbi
1614 1454 1724 1502 tam
1755 1444 1996 1516 protervi

415 1536 597 1602 fuerit,
623 1537 732 1608 jam
768 1538 1157 1610 explicavimus
1188 1557 1203 1594 :
1233 1539 1585 1594 nihilominus
1613 1539 1792 1592 denuo
1824 1535 2000 1606 expli-

412 1629 679 1683 cabimus.
711 1629 844 1684 Cum
873 1630 1186 1685 sacerdotes
1215 1628 1434 1698 quidam
1463 1639 1516 1683 et
1549 1627 1640 1697 qui
1669 1625 1998 1681 claritudine

413 1723 679 1776 honorum
725 1721 959 1793 fastigiis
1003 1737 1166 1788 supra
1195 1722 1330 1778 alios
1366 1719 1702 1786 eminebant,
1741 1719 1997 1776 licentius

2101 890 2242 955 τοὺς
2272 888 2672 951 ἐκκλίνοντας
2699 885 2903 953 κρίσιν
2941 880 3356 950 προσηλύτου,
3401 876 3502 930 καὶ
3547 875 3695 942 τοὺς

2095 981 2182 1051 μὴ
2228 981 2639 1050 φοϐουμένους
2664 993 2762 1046 με,
2795 975 2960 1045 λέγει
2996 973 3214 1042 Κύριος
3243 968 3690 1036 παντοκράτωρ.

2173 1074 2312 1142 Δεῖ.
2363 1073 2519 1128 Κατὰ
2554 1071 2758 1125 σκοπὸν
2810 1068 2919 1123 τῶν
2959 1067 3304 1139 πραγμάτων
3361 1063 3574 1135 πρόεισι
3626 1061 3693 1132 δὴ

2097 1165 2264 1220 «saw
2286 1166 2379 1218 καὶ
2405 1167 2462 1218 ἐν
2491 1163 2701 1226 τούτοις
2723 1163 2856 1232 ἡμῖν
2886 1163 2914 1214 ό
2934 1159 3112 1229 λόγος.
3142 1159 3424 1220 Ἐφασκον
3454 1155 3552 1224 μὲν
3583 1154 3692 1223 γὰρ

2097 1251 2497 1327 ἀμαθαίνοντες
2535 1255 2583 1308 oi
2629 1255 2686 1321 ἐξ
2729 1253 2964 1324 Ἰσραήλ·
3004 1272 3021 1303 ι
3061 1252 3177 1313 Πᾶς
3229 1249 3398 1302 ποιῶν
3429 1246 3691 1317 πονηρὸν,

2107 1364 2190 1402 ιια⁸
2221 1348 2386 1407 καλὸν
2419 1349 2650 1401 ὲνὼπιον
2674 1346 2860 1408 αὑτοῦ,
2894 1347 2989 1399 καὶ
3033 1345 3091 1397 ἐν
3136 1344 3322 1406 αὐτοῖς
3350 1341 3512 1405 αὐτὸς
3534 1339 3696 1410 ηὐδό-

2099 1457 2258 1512 κησε.
2295 1441 2406 1494 Καὶ
2439 1439 2540 1494 ποῦ
2581 1438 2728 1492 ἔστιν
2759 1442 2786 1492 ὁ
2813 1437 2946 1501 Θεὸς
2995 1435 3096 1506 τῆς
3127 1432 3511 1502 δικαιοσύνης;
3538 1449 3554 1480 ι
3581 1429 3692 1484 Καὶ

2099 1534 2252 1604 τῐςή
2307 1533 2584 1604 πρόφασις
2642 1531 2742 1602 τῆς
2807 1530 2952 1584 οὕτω
3022 1529 3202 1598 δεινῆς
3264 1526 3688 1598 ἀθυροστομίας,

2099 1629 2316 1699 εἴρηται
2353 1626 2451 1697 μὲν
2478 1626 2602 1697 ῆδτγ
2635 1624 2778 1694 πλὴν
2806 1623 3088 1694 εἰρήσεται
3115 1619 3294 1675 πάλιν.
3332 1618 3550 1688 Ἐπειδὴ
3581 1618 3694 1688 γὰρ

2100 1719 2426 1790 ἀφυλάκτως
2457 1719 2601 1782 τινὲς
2624 1717 2734 1772 τῶν
2765 1714 3088 1787 ίερουργῶν,
3124 1714 3219 1768 καὶ
3252 1713 3434 1783 μέντοι
3467 1711 3577 1764 τῶν
3599 1709 3693 1764 ἄλ-

411 1813 477 1869 ad
519 1830 680 1868 omne
721 1830 890 1885 genus
939 1816 1317 1885 perversitatis
1357 1823 1413 1870 et
1451 1813 1691 1869 audaciae
1739 1828 1859 1869 sese
1896 1813 1992 1867 da-

2100 1789 2229 1876 λων,
2263 1811 2312 1864 οἳ
2362 1808 2774 1877 διαφανέστεροί
2831 1823 2891 1858 τε
2925 1801 3066 1876 ἦσαν
3095 1805 3191 1858 καὶ
3233 1805 3354 1865 ταῖς
3388 1801 3693 1863 ἁνωτάταις

411 1916 562 1967 rent.
610 1917 665 1962 et
698 1909 976 1965 videretur
1024 1908 1164 1964 Deus
1205 1908 1325 1979 plus
1363 1922 1519 1977 aequo
1553 1921 1680 1976 erga
1731 1907 1850 1962 illos
1899 1923 1996 1976 pa-

411 2002 553 2056 tiens
597 2001 703 2072 (est
735 2003 880 2057 enim
921 2003 1114 2068 bonus,
1157 2003 1420 2068 clemens,
1462 2007 1518 2056 et
1563 1999 1719 2066 lenis,
1751 2008 1806 2054 et
1848 1997 2001 2053 beni-

411 2090 607 2161 gnus),
662 2093 783 2146 ideo
828 2092 1050 2160 quidam
1103 2107 1334 2147 summa:
1383 2091 1778 2160 desperationis
1832 2093 1997 2144 verba

410 2178 747 2234 eﬂutiebant.
774 2180 1044 2235 Caeterum
1083 2180 1376 2251 aliquando
1414 2182 1726 2236 sacerdotes
1764 2180 1879 2235 fore
1915 2181 1999 2234 in-

413 2271 710 2339 trgriores,
747 2280 1146 2328 transmutante
1195 2288 1289 2330 eos
1327 2272 1544 2329 Christo
1592 2274 1645 2327 in
1698 2274 1996 2328 novitatem

412 2363 559 2429 vitae,
590 2372 646 2417 et
678 2363 746 2418 ad
793 2364 1140 2432 disciplinam
1183 2365 1467 2421 honestam
1512 2374 1565 2420 et
1594 2367 1659 2420 ad
1709 2379 1888 2420 mores
1919 2367 1999 2419 vi-

413 2461 632 2520 tamque
674 2451 1000 2508 laudabilem
1043 2453 1427 2518 transierente,
1475 2454 1710 2509 dilucide
1754 2469 1997 2510 comme-

411 2542 890 2614 tnorat.,Asseclas
932 2555 1114 2599 autem
1148 2545 1402 2616 nequitia:
1442 2555 1571 2600 tunc
1604 2561 1708 2601 non
1751 2557 2000 2614 receptu-

411 2650 562 2702 rum,
606 2650 707 2690 nec
755 2635 1005 2693 laudibus
1051 2637 1425 2707 dignaturum,
1461 2650 1555 2693 aut
1597 2652 1784 2693 eorum
1826 2639 1996 2692 ratio-

408 2741 533 2780 nem
578 2726 884 2782 habiturum
915 2747 930 2782 :
960 2729 1089 2798 quin
1127 2727 1494 2800 judicaturum
1538 2731 1736 2800 potius,
1783 2739 1838 2784 et
1874 2731 1999 2785 vitae

409 2833 690 2890 perperam
739 2831 877 2876 actae
935 2834 1124 2891 poenas
1181 2832 1534 2887 exacturum,
1586 2821 1827 2876 declarat
1874 2835 1996 2875 cum

408 2909 577 2966 dicit:
618 2929 640 2964 ι
669 2911 736 2966 Et
767 2915 1022 2968 accedam
1054 2914 1121 2968 ad
1170 2929 1264 2968 vos
1322 2913 1374 2967 in
1418 2913 1692 2984 judicio,s
1732 2914 1835 2968 hoc
1881 2922 1994 2977 est,

402 3001 566 3072 iudex
597 3003 874 3070 accedam,
913 3022 932 3057 ι
966 3004 1031 3059 Ει
1065 3020 1164 3059 ero
1197 3006 1353 3059 testis
1392 3007 1570 3072 velox,
1598 3024 1616 3057 ι
1652 3016 1846 3075 sponte
1875 3019 1994 3058 mea

406 3104 463 3149 et
512 3108 541 3147 a
593 3094 810 3148 nemine
866 3095 1186 3150 advocatus.
1237 3095 1514 3164 improbos
1555 3097 1699 3152 enim
1742 3099 1810 3152 ad
1861 3111 1992 3166 sup-
2021 3137 2062 3195 Ο

407 3186 568 3256 plicia
603 3187 874 3242 sententia
924 3202 1042 3242 mea
1076 3189 1470 3244 condemnabo.
1505 3189 1567 3244 Et
1599 3189 1864 3258 judicium
1898 3206 1992 3246 su-

403 3291 502 3347 per
532 3277 664 3347 ipsis
699 3275 991 3348 prol‘eram,
1026 3294 1130 3334 non
1169 3281 1276 3336 alio
1319 3279 1572 3350 quopiam
1616 3295 1805 3334 eorum
1859 3281 1989 3335 vitia

405 3373 734 3442 detegente:
773 3371 867 3426 sed
905 3373 1087 3427 sciens
1122 3371 1245 3438 illa,
1291 3382 1351 3427 ut
1389 3371 1552 3438 Deus,
1609 3371 1900 3428 manifesta
1938 3383 1994 3428 et

403 3464 640 3528 occulta,
680 3471 735 3518 et
775 3463 903 3520 hinc
950 3465 1172 3521 cuilibet
1225 3463 1494 3522 scelerum
1543 3480 1766 3521 suorum
1814 3466 1989 3522 teStis.

401 3557 603 3614 Paulus
649 3573 863 3629 quoque
899 3559 1090 3615 scribit
1143 3558 1433 3628 aliquando
1483 3556 1893 3614 manifestatum
1927 3558 1991 3612 iri

402 3662 529 3706 ante
567 3653 807 3707 tribunal
843 3651 1044 3721 judicia
1085 3652 1342 3708 mortales
1386 3667 1484 3723 per
1529 3651 1720 3706 orbem
1767 3654 1990 3708 univer-

401 3761 493 3800 sus
515 3747 583 3808 ",
631 3745 864 3799 invicem
911 3763 930 3796 ι
965 3746 1387 3813 cogitationibus
1442 3748 1853 3813 accusantibus,
1899 3754 1992 3803 aut

400 3837 565 3892 etiam
603 3835 1044 3902 defendentibus,
1084 3839 1136 3890 in
1169 3839 1256 3894 die
1293 3855 1398 3909 qua
1436 3839 1703 3909 judicabit
1731 3841 1876 3896 Dens
1904 3857 1994 3897 oc-

400 3927 546 3982 culta
589 3927 892 3995 hominum,
923 3929 1219 3984 secundum
1262 3930 1644 3999 Evangelium,
1684 3949 1779 4000 per
1807 3931 1988 3989 Jesnm

400 4017 676 4073 Christum
704 4017 771 4072 ".
805 4037 824 4070 ι
877 4019 1152 4090 Perpende
1199 4022 1470 4089 quomodo
1516 4022 1720 4090 quique
1757 4023 1989 4086 occulte,

398 4111 600 4180 quique
642 4108 930 4166 manifeste
977 4118 1372 4180 peccaverunt,
1413 4110 1466 4163 in
1507 4110 1774 4178 judicium
1821 4113 1991 4166 addu-

400 4215 546 4265 ctum
584 4203 651 4257 iri
692 4212 939 4258 testatur.
968 4202 1209 4258 Primum
1250 4205 1468 4273 quidem
1507 4205 1777 4260 veneﬁcas
1810 4214 1862 4260 et
1894 4205 1990 4259 ad-

399 4293 606 4346 ulteras
653 4293 917 4347 nominat.
953 4291 1159 4350 Deinde
1205 4293 1453 4364 iurantes
1489 4295 1541 4349 in
1575 4297 1860 4352 mendacio
1891 4313 1986 4353 seu

399 4383 668 4453 periuros.
696 4384 800 4438 Ista
834 4383 1048 4440 occulta
1076 4397 1202 4442 sunt
1229 4395 1284 4441 et
1316 4387 1454 4442 clam
1493 4397 1820 4457 perpetrata.
1854 4387 1987 4455 Quis

396 4477 543 4532 enim
593 4478 808 4532 tandem
857 4477 1034 4548 palam
1070 4478 1332 4534 venelicia
1385 4479 1674 4534 exerceat?
1720 4489 1812 4533 aut
1848 4495 1985 4550 quo-

2098 1907 2286 1976 τιμαῖς
2318 1902 2711 1974 ὲμπρέποντες,
2764 1899 2859 1952 ἐπὶ
2908 1899 3088 1952 πάντα
3117 1897 3316 1969 τρόπον
3370 1894 3694 1965 σκαιότητος

2100 1997 2194 2052 καὶ
2231 1993 2650 2066 ἐγχειρημάτων
2700 1991 2906 2063 ᾔεσαν,
2940 1991 3191 2060 ἐφαίνετο
3219 1989 3274 2042 δὲ
3308 1991 3451 2060 πέρα
3483 1988 3686 2059 μέτρου

2100 2087 2234 2152 Θεὸς
2285 2086 2686 2156 ἀνεξικακήσας
2723 2085 2907 2147 αὐτοῖς
2955 2081 3245 2154 (ἔστιγὰρ
3282 2080 3504 2150 ἀγαθὸς,
3548 2097 3692 2154 χρη-

2102 2181 2244 2244 στὸς,
2280 2181 2375 2234 καὶ
2422 2177 2691 2248 ἐπιεικὴς,
2752 2176 2848 2230 καὶ
2893 2173 3344 2246 φιλάνθρωπος),
3401 2167 3692 2244 ταύτῃτοι

2098 2273 2244 2336 τινὲς
2259 2273 2383 2335 τοὺς
2411 2249 2470 2337 ἐξ
2497 2269 2737 2341 ἀκράτου
2766 2268 3132 2340 μικροψυχίας
3153 2265 3451 2339 ὴρεύγοντο
3472 2266 3687 2333 λόγους.

2113 2364 2251 2417 Ἀλλ’
2284 2364 2365 2416 ὅτι
2404 2362 2502 2432 μὲν
2531 2360 2682 2414 ἔσται
2728 2360 2870 2413 κατὰ
2909 2360 3133 2429 καιροὺς
3184 2359 3577 2428 μεταφοίτησις
3610 2358 3691 2420 εἰς

2097 2457 2156 2512 τὸ
2188 2456 2408 2526 ἄμεινον
2465 2453 2573 2507 τῶν
2630 2452 2982 2523 τεταγμένων
3026 2452 3105 2514 είς
3159 2450 3490 2522 ἱερουργίαν,
3525 2465 3691 2519 μετα-

2098 2547 2424 2610 πλάττοντος
2459 2546 2654 2609 αὐτοὺς
2684 2545 2764 2608 εἰς
2803 2543 3101 2613 καινότητα
3132 2543 3278 2609 ζωῆς
3300 2540 3395 2595 τοῦ
3425 2539 3688 2612 Χριστοῦ,

2097 2641 2192 2695 καὶ
2225 2638 2609 2711 μετατιθέντος
2645 2638 2725 2700 είς
2748 2636 3050 2706 εὐκοσμίαν
3078 2635 3174 2688 καὶ
3203 2637 3283 2697 εἰς
3306 2633 3505 2687 εὐκλεᾶ
3534 2631 3689 2686 πολι-

2097 2732 2245 2787 τείαν
2273 2732 2367 2786 καὶ
2393 2729 2556 2801 ζωὴν,
2584 2729 2996 2800 διαμεμήνυκεν
3023 2727 3291 2800 ἐναργῶς.
3323 2727 3445 2780 Ὅτι
3484 2726 3540 2780 δὲ
3563 2727 3691 2810 τοὺς

2097 2825 2197 2896 τῆς
2222 2825 2553 2894 φαυλότητος
2592 2821 2950 2892 ὲπιτηδευτὰς
2984 2823 3082 2874 οὐκ
3110 2821 3174 2874 ἂν
3207 2820 3519 2888 ἀποδέξοιτο
3545 2821 3688 2884 τότε,

2097 2918 2207 2972 οὐδ’
2251 2916 2317 2970 ἂν
2368 2914 2653 2982 ἀξιώσειεν
2687 2912 2927 2966 ἐπαίνων
2978 2931 3036 2966 τε
3061 2913 3156 2966 καὶ
3205 2912 3387 2981 λόγου,
3436 2913 3614 2982 κρινεῖ
3633 2911 3691 2964 δὲ

2100 3009 2300 3081 μᾶλλον
2329 3007 2546 3072 αὐτοὺς,
2567 3005 2664 3059 καὶ
2693 3005 2800 3059 τῶν
2829 3005 3074 3069 ἐκτόπως
3103 3004 3454 3076 βεϐιωμένων
3481 3003 3694 3076 agamq-

2099 3119 2180 3154 σει
2241 3099 2412 3162 δίκας,
2450 3098 2729 3169 διατρανοῖ
2763 3095 2959 3165 λέγων·
3029 3116 3046 3146 ι
3083 3097 3194 3150 Καὶ
3246 3096 3507 3169 προσάξω
3553 3097 3691 3166 πρὸς
3763 3131 3776 3140 ι

2097 3193 2243 3264 ὑμᾶς
2269 3193 2329 3244 ὲν
2363 3189 2579 3260 κρίσει,
2608 3209 2625 3241 ι
2660 3189 2962 3254 τουτέστιν,
2985 3187 3061 3252 ὡς
3093 3189 3284 3262 κριτὴς
3319 3189 3691 3260 προσενεχθή·

2098 3302 2281 3356 σομαι,
2319 3302 2338 3334 ι
2379 3283 2473 3336 καὶ
2495 3283 2688 3354 ἔσομαι
2735 3283 2947 3354 μάρτυς
2993 3285 3182 3355 ταχὺς,
3219 3304 3238 3336 s
3270 3284 3566 3356 αὐτόμολος
3596 3284 3693 3355 δη-

2095 3379 2267 3432 λονότι
2293 3376 2388 3432 καὶ
2439 3376 2530 3430 ὑπ’
2555 3376 2770 3440 οὐδενὸς
2805 3376 3167 3448 κεκλημένος,
3221 3377 3691 3448 Καταψηφιοῢμαι

2093 3469 2203 3541 γὰρ
2241 3469 2349 3523 τῶν
2397 3468 2648 3542 πονηρῶν
2674 3468 2772 3539 τὴν
2825 3469 3000 3541 δίκην.
3034 3469 3237 3541 Καὶητδ
3269 3470 3367 3540 μὲν
3395 3471 3482 3523 ἐπ’
3508 3471 3691 3535 αὐτοῖς

2093 3562 2289 3630 ἐξοίσω
2309 3561 2370 3615 τὸ
2401 3564 2595 3632 κρῖμα,
2619 3560 2718 3631 οὐχ
2749 3562 2938 3632 ἐτέρου
2968 3561 3113 3625 τινὸς
3135 3561 3203 3615 τὰ
3227 3563 3282 3613 ὲν
3306 3561 3492 3623 αὐτοῖς
3523 3562 3691 3628 ὲγκαο

2094 3653 2410 3717 λύπτοντος,
2440 3651 2555 3705 ἀλλ’
2589 3650 2768 3714 εἰδὼς,
2797 3650 2871 3716 ὡς
2926 3651 3076 3716 Θεὸς,
3111 3653 3328 3723 ἐμφανῆ
3355 3669 3415 3704 τε
3466 3651 3559 3704 καὶ
3587 3668 3691 3710 ,κε-

2095 3746 2410 3818 κρυμμένα,
2447 3744 2543 3799 καὶ
2601 3743 2829 3798 διὰ-τοῦ
2895 3745 3198 3808 συνειδότος
3246 3744 3692 3816 καταμαρτυρῶν

2095 3841 2326 3894 ἑκάστου
2357 3836 2466 3891 τῶν
2495 3836 2917 3908 ἡμαρτηκότων.
2947 3837 3089 3908 Ἔφη
3115 3837 3170 3891 δέ
3197 3855 3300 3890 που
3322 3839 3420 3892 καὶ
3450 3840 3479 3890 ό
3501 3837 3694 3890 Θεσπέ-

2095 3952 2210 3998 σιος
2244 3933 2478 3995 Παῦλος,
2517 3929 2966 4002 παραστήσεσθαι
2997 3929 3137 3982 κατὰ
3171 3929 3399 4000 καιροὺς
3421 3929 3500 4000 τῷ
3523 3931 3690 4001 κριτῇ

2091 4023 2218 4083 τοὺς
2242 4021 2344 4074 ἀνὰ
2370 4021 2550 4072 πᾶσαν
2584 4017 2682 4086 τὴν
2730 4019 2852 4089 γῆν,
2897 4019 3100 4088 μεταξὺ
3135 4017 3381 4090 ἀλλήλων
3415 4039 3434 4071 ι
3465 4019 3572 4072 τῶν
3598 4018 3693 4072 λο-

2093 4111 2307 4180 γισμῶν
2365 4107 2840 4181 κατηγορούντων,
2899 4109 2932 4181 ἢ
2985 4108 3081 4162 καὶ
3129 4110 3589 4181 ἀπολογουμένων
3628 4111 3693 4166 ὲν

2092 4202 2276 4274 ἡμέρᾳ⁴
2366 4204 2546 4274 κρινεῖ
2600 4204 2628 4256 ό
2668 4202 2800 4266 Θεὸς
2851 4202 2920 4256 τὰ
2951 4203 3173 4274 κρυπτὰ
3215 4202 3326 4256 τῶν
3356 4201 3686 4276 ἀνθρώπων,

2093 4294 2235 4348 κατὰ
2284 4295 2346 4348 τὸ
2398 4294 2730 4364 Εὖαγγέλιὸν
2779 4312 2906 4366 μου,
2964 4294 3054 4348 διὰ
3115 4294 3292 4366 Ἰησοῦ
3356 4295 3615 4365 Χριστοῦ.
3668 4315 3688 4347 ι

2096 4383 2288 4456 ’Ἂθρει
2315 4383 2371 4437 δὲ
2400 4383 2549 4447 ὅπως
2573 4383 2700 4448 τούς
2731 4402 2786 4437 τε
2843 4382 2912 4438 τὰ
2959 4383 3178 4456 κρυπτὰ
3206 4385 3300 4438 καὶ
3341 4385 3559 4456 ἐμφανῆ
3595 4402 3692 4438 πε-

2093 4476 2558 4549 πλημμεληκότας
2602 4476 3108 4548 παρενεχθήσεσθαί
3139 4496 3305 4549 φησιν
3347 4481 3424 4543 εἰς
3480 4479 3690 4549 κρίσιν.

399 4570 560 4624 modo
601 4569 925 4624 adulterium
953 4570 1302 4626 committens
1333 4571 1502 4640 aspici
1545 4571 1613 4624 ab
1648 4571 1830 4640 aliquo
1861 4587 1984 4625 sus-

2097 4567 2325 4641 Πρώτας
2366 4567 2595 4638 μὲνγὰρ
2629 4567 2884 4639 ὀνομάζει
2933 4569 3258 4639 φαρμακοὺς
3297 4570 3391 4622 καὶ
3445 4567 3691 4639 μοιχαλίο

399 4660 606 4714 tineat?
640 4660 904 4716 Existimo
964 4670 1144 4716 autem
1188 4662 1368 4716 .etiam
1423 4672 1730 4730 pejerantcs
1797 4663 1986 4716 conari

397 4752 585 4804 latere.
615 4751 774 4806 Tales
808 4761 867 4804 ut
899 4753 1096 4808 stultos
1149 4753 1500 4822 reprehendit
1536 4754 1726 4807 beatus
1769 4753 1934 4807 David
1970 4773 1982 4808 :

401 4861 419 4892 ι
442 4842 745 4911 lntelligite,
773 4844 1090 4912 insipientes
1111 4845 1163 4898 in
1188 4844 1474 4914 populo,et
1497 4844 1667 4910 stulti,
1697 4844 1987 4914 aliquando

394 4933 588 5001 sapite.
627 4929 796 5003 856
843 4932 946 5000 Qui
991 4933 1253 5002 plantavit
1279 4950 1490 4998 aurem,
1532 4950 1635 4988 non
1678 4935 1986 4990 audit?ant

394 5027 484 5096 qui
513 5025 666 5080 ﬁnxit
691 5025 928 5092 oculum,
959 5042 1063 5080 non
1087 5026 1395 5082 considerat
1414 5027 1494 5081 '7?
1517 5047 1538 5080 ι
1568 5025 1706 5082 Nihil
1732 5038 1816 5082 est
1837 5029 1980 5091 enim

395 5119 622 5174 omnino
654 5117 798 5188 quod
832 5116 973 5172 Deus
1004 5133 1110 5174 non
1165 5119 1364 5184 videat,
1397 5130 1451 5176 et
1481 5121 1632 5176 solus
1663 5121 1874 5176 occulta
1926 5129 1982 5177 et

397 5224 583 5282 aperta
629 5222 846 5285 peccata
889 5213 1075 5268 videt:
1110 5214 1202 5268 sed
1253 5212 1343 5268 illa
1395 5215 1611 5284 quidem
1648 5215 1984 5273 clandestine

398 5319 452 5362 et
481 5308 636 5377 quasi
671 5307 722 5363 in
756 5307 996 5363 tenebris
1029 5305 1334 5376 designata.
1361 5307 1620 5379 Adiungit
1649 5309 1843 5365 deinde
1877 5310 1983 5366 illis

400 5397 688 5452 manifesta
751 5413 999 5468 quoque,
1057 5397 1302 5468 privare,
1364 5399 1618 5467 inquam,
1670 5401 1984 5471 opmarium

400 5487 680 5554 mercede;
716 5491 1007 5544 avaritiam
1050 5497 1105 5545 et
1154 5489 1528 5558 tyrannidem,
1565 5505 1726 5560 quam
1762 5493 1980 5561 quidem

398 5575 659 5630 adversus
715 5577 1117 5646 imbecilliores,
1141 5581 1344 5648 _vidnas
1397 5591 1523 5650 puta
1571 5591 1625 5634 ct
1683 5583 1978 5650 orphanos,

2095 4659 2223 4724 δας,
2251 4658 2368 4713 εἶτα
2392 4661 2519 4722 τοὺς
2550 4658 2851 4729 ὀμνύοντας
2907 4659 3000 4712 ἐπὶ
3059 4659 3268 4729 ψεύδει.
3311 4659 3694 4731 Κεκρυμμένα

2095 4751 2347 4806 δὲταῦτα
2371 4751 2464 4804 καὶ
2505 4750 2808 4820 λεληθότως
2861 4750 3136 4824 δρώμενα.
3165 4752 3260 4816 Τίς
3301 4752 3410 4824 γὰρ
3440 4752 3507 4806 ἂν
3549 4753 3694 4817 ὅλως

2095 4841 2442 4917 γοητεύσειεν
2493 4843 2787 4914 ὲμφανῶς;
2838 4843 2870 4916 ἢ
2924 4845 3040 4910 πῶς
3097 4845 3165 4898 ἂν
3210 4846 3384 4900 ἕλοιτο
3437 4847 3692 4916 μοιχαλὶς

2092 4937 2322 5009 ὁρᾶσθαι
2350 4937 2484 5007 πρός
2507 4954 2678 5003 τινος;
2717 4937 2804 4990 Ἐν
2830 4938 3034 5008 σπουδῇ
3095 4938 3171 5002 δὲ,
3208 4933 3382 5008 οἶμαι,
3419 4937 3481 4990 τὸ
3501 4936 3692 4989 λαθεῖν

2092 5028 2186 5082 καὶ
2203 5031 2318 5092 τοῖς
2337 5027 2655 5099 ψευδορκεῖν
2680 5027 2998 5098 ᾑρημένοις.
3029 5029 3449 5092 Ἀσυνετοῦντας
3470 5029 3526 5082 δὲ
3555 5027 3691 5092 τοὺς

2087 5120 2366 5186 τοιούτους
2396 5121 2688 5191 ἁπελέγχει
2728 5120 2901 5188 λέγων
2928 5124 2956 5175 ό
2987 5122 3254 5193 μακάριος
3292 5121 3476 5174 Δαϐίδ·
3505 5141 3524 5172 ι
3547 5121 3686 5173 Σύν-

2090 5232 2178 5268 ετε
2205 5215 2290 5287 δὴ,
2345 5215 2577 5286 ἄφρονες
2607 5217 2662 5268 ἐν
2691 5215 2767 5284 τῷ
2789 5215 2924 5287 λαῷ,
2968 5217 3060 5270 καὶ
3094 5215 3291 5287 μωροὶ,
3318 5217 3447 5270 ποτὲ
3478 5215 3688 5288 φρονή-

2091 5329 2240 5365 σατε.
2289 5311 2346 5365 Ὀ
2371 5309 2647 5378 φυτεύσας
2675 5310 2737 5364 τὸ
2763 5305 2874 5374 οὖς,
2919 5311 3040 5381 οὐχὶ
3078 5310 3306 5376 ἀκούει;
3340 5309 3372 5381 ἢ
3408 5312 3436 5363 ό
3465 5309 3690 5374 πλάσας

2089 5403 2388 5475 ὀφθαλμὸν,
2451 5405 2574 5475 οὐχὶ
2609 5407 2900 5470 κατανοεῖ;
2937 5423 2956 5455 s
2991 5404 3272 5458 ’Λποπτον
3300 5403 3410 5475 γὰρ
3434 5402 3513 5474 τῷ
3559 5401 3686 5472 Θεῷ

2090 5493 2369 5558 παντελῶς
2403 5495 2577 5558 οὐδὲν,
2616 5492 2725 5548 οἶδε
2749 5494 2806 5547 δὲ
2833 5494 2996 5564 μόνος
3017 5495 3086 5548 τὰ
3112 5495 3474 5566 κεκρυμμένα
3498 5492 3590 5546 καὶ
3611 5491 3685 5545 τὰ

2088 5586 2305 5657 ἐμφανῆ
2343 5585 2452 5638 τῶν
2480 5587 2685 5640 κακῶν·
2720 5587 2833 5641 ἀλλ’
2879 5590 3062 5642 ἐκεῖνα
3121 5588 3218 5658 μὲν
3259 5589 3327 5643 τὰ
3378 5585 3684 5648 λεληθότως

479 5746 517 5781 ⁷⁵
545 5749 773 5808 Malach.
807 5771 864 5819 ll,
900 5760 980 5813 l7.
1061 5763 1104 5793 ⁷⁵
1138 5759 1180 5813 il
1216 5759 1342 5815 Cor.
1371 5776 1419 5826 v,
1458 5758 1540 5814 l0.
1622 5758 1857 5814 "noun.
1886 5774 1945 5825 tt,
1979 5757 2065 5822 iii,
2107 5753 2190 5811 l6.
2269 5761 2312 5788 ⁷⁷
2342 5759 2484 5813 Psal.
2526 5777 2676 5824 xcm,
2715 5761 2767 5828 8,
2798 5761 2849 5815 9.
