4042 6196
320 198 423 256 341

1157 196 1718 254 COMMENTANUS
1758 197 1826 254 IN
1868 200 2279 259 MALACHIAM
2319 198 2774 259 PROPHETAM.

3502 196 3610 254 342

318 314 515 380 καλῶς
547 314 606 367 ἐν
637 314 820 367 σκότει
849 313 1122 385 δρώμενα.
1173 317 1519 388 Προσεπάγει
1566 335 1626 388 γε
1667 319 1774 391 μὴν
1819 319 1922 398 αὐ-

2029 322 2368 378 adbiberent.
2403 320 2499 378 His
2535 320 2684 376 addit
2719 319 2882 374 etiam
2916 327 3290 388 pervcrtentes
3334 327 3482 375 recta
3521 317 3612 386 ju-

318 410 434 472 τοῖς
464 407 559 462 καὶ
587 407 656 460 τά
687 405 926 476 ἐμφανῆ,
973 407 1035 461 τὸ
1077 407 1486 481 ἀποστερῆσαι,
1520 412 1688 482 φημὶ,
1724 412 1915 483 μισθὸν

322 499 624 573 μισθωτοῦ,
652 497 963 565 πλεονεξίαν
987 518 1046 554 τε
1090 501 1184 555 καὶ
1236 503 1718 568 καταδυναστείαν,
1756 507 1821 578 ῆν
1850 505 1917 559 ἂν

320 594 564 650 ποιοῖντό
608 611 755 658 τινες
806 595 946 648 κατά
969 595 1078 648 τῶν
1127 596 1556 671 ἀσθενεστέρων,
1610 599 1793 671 χηρῶν
1827 600 1916 672 δὴ,

319 687 493 760 λέγω,
525 686 620 739 καὶ
640 686 914 757 ὀρφανῶν.
954 687 1286 760 Προστίθησι
1330 691 1386 744 δὲ
1416 691 1627 757 τούτοις
1671 693 1760 746 καὶ
1791 693 1917 758 τοὺς

319 765 751 850 διαστρέφοντας
779 780 846 833 τὰ
873 779 1008 851 ὀρθὰ
1043 781 1151 836 τῶν
1182 783 1488 854 χριμάτων,
1544 785 1638 840 καὶ
1678 787 1805 848 τοὺς
1843 788 1919 858 μὴ

321 868 693 940 φοϐουμένους
728 870 909 923 αὐτόν.
936 864 1092 924 Οὗτοι
1120 871 1164 924 δ’
1207 872 1272 925 ἂν
1301 871 1410 926 εἶεν
1444 875 1536 928 καὶ
1565 877 1614 929 οί
1642 876 1764 931 καθ’
1789 877 1911 930 ἐτε-

323 963 416 1031 ρόν
442 978 562 1014 τινα
586 961 787 1032 τρόπον
821 962 973 1034 παρά
999 979 1064 1031 γε
1117 965 1244 1028 τοὺς
1269 965 1472 1036 ἀρτίως
1518 969 1654 1038 ἡμῖν
1683 967 1908 1041 εἰρημές

2021 409 2181 482 dieia,
2214 425 2269 471 et
2311 431 2416 470 non
2450 415 2706 470 timentes
2734 427 2878 469 eum.
2914 411 3073 467 Tales
3103 420 3265 468 erunt
3307 411 3400 482 qui
3439 408 3604 466 etiam

2022 507 2130 561 alio
2183 506 2340 560 modo
2383 520 2545 573 quam
2591 519 2734 558 nunc
2775 503 3116 558 ostendimus
3158 501 3326 555 Deum
3378 500 3608 555 violant.

2022 598 2112 652 Ait
2144 613 2272 669 ergo
2299 617 2311 652 :
2345 597 2451 652 Ero
2473 596 2661 666 judex.
2694 605 2748 650 et
2780 594 2936 650 testis
2975 593 3156 658 velox,
3182 602 3235 648 et
3271 592 3606 647 voluntarius

2023 701 2188 759 super
2221 687 2493 744 veneﬁcas
2523 695 2578 743 et
2613 687 2949 753 libidinosas,
2987 679 3454 754 peccatorumque
3475 682 3608 737 alio-

2022 798 2142 838 rum
2179 783 2473 839 studiosos.
2527 781 2813 839 Probabile
2847 789 2932 837 est
2971 794 3105 837 sane
3155 776 3464 847 huiusmodi
3513 775 3610 830 ila-

2023 875 2153 946 gitia
2199 876 2460 946 quosdam
2501 873 2590 928 illa
2640 881 2800 928 aetate
2851 887 3015 926 ausos
3050 871 3354 941 suscipere,
3399 876 3454 924 et
3489 881 3610 935 pro-

2023 975 2146 1036 pter
2177 966 2322 1037 ipsos
2356 967 2554 1020 multos
2591 965 2698 1020 Deo
2741 963 3106 1019 maledixisse.

318 1069 444 1115 νους
469 1050 766 1115 λυποῦντες
809 1051 959 1106 Θεόν.
999 1053 1232 1124 Ἐσομαι
1267 1055 1466 1121 τοίνυν,
1511 1059 1666 1130 φησὶ,
1698 1059 1914 1130 κριτὴς,
1957 1056 2052 1111 καὶ
2121 1057 2333 1129 μάρτυς
2371 1059 2562 1129 ταχὺς,
2622 1056 2718 1111 καὶ
2782 1054 3081 1127 αὐτόμολος
3141 1053 3232 1107 ἐπὶ
3285 1051 3613 1124 φαρμακοὺς

317 1148 414 1199 καὶ
447 1143 786 1216 μοιχαλίδας,
813 1146 1065 1210 καὶτοὺς
1101 1146 1210 1200 τῶν
1237 1148 1442 1219 ἐτέρων
1491 1150 1677 1205 κακῶν
1747 1150 2123 1223 ἐπιτηδευτάς.
2169 1153 2330 1216 Εἰκὸς
2377 1152 2434 1205 δὲ
2498 1151 2562 1222 δὴ
2621 1151 2801 1204 τοιάδε
2871 1150 2991 1203 κατ’
3028 1149 3205 1201 ἐκεῖνο
3266 1145 3460 1219 καιροῦ
3489 1145 3610 1200 τολ-

319 1237 534 1310 μᾶσθαι
570 1237 723 1308 παρά
745 1253 875 1300 τισι,
898 1238 992 1291 καὶ
1012 1239 1097 1291 ἐπ’
1119 1239 1302 1304 αὐτοῖς
1329 1241 1578 1310 γενέσθαι
1605 1243 1746 1298 κατά
1769 1242 1904 1297 Θεοῦ
1942 1242 2041 1315 τὴν
2067 1244 2176 1298 τῶν
2199 1244 2408 1298 πολλῶν
2431 1241 2831 1313 γλωσσαλγίαν.

390 1332 488 1384 Δεῖ
519 1330 584 1401 δὴ
610 1325 703 1383 οῦν
727 1330 835 1402 ἄρα
857 1329 1020 1384 παντὶ
1053 1331 1230 1386 σθένει
1288 1336 1678 1406 παραιτεῖσθαι
1715 1336 1784 1391 τὰ
1819 1352 1916 1392 πο-

318 1423 486 1497 νηρά,
507 1424 602 1476 καὶ
623 1425 737 1487 τοῖς
764 1422 1041 1493 ἀμείνοσιν
1064 1425 1393 1498 ἐπιτρέχειν,
1412 1427 1509 1482 καὶ
1526 1429 1704 1483 ἀποπε
1714 1430 1916 1502 ραίνειν

318 1515 642 1584 ἐπείγεσθαι
674 1515 743 1569 τὰ
766 1515 831 1568 δι’
857 1508 931 1570 ὧν
967 1516 1033 1570 ἂν
1063 1517 1272 1586 γένοιτό
1319 1537 1404 1584 τις
1449 1521 1673 1578 ἐπαίνου
1716 1524 1918 1587 παντὸς

319 1607 414 1662 καὶ
446 1607 752 1671 ἐπιεικείας
799 1605 1072 1678 ἔμπλεως.
1121 1608 1439 1683 Ἀμοιρήσει
1473 1613 1581 1684 γὰρ
1635 1613 1778 1667 οῦτω
1822 1616 1918 1669 καὶ

317 1700 430 1754 τῶν
489 1701 556 1753 ἐκ
616 1699 766 1763 θείας
808 1699 981 1772 ὀργῆς
1023 1701 1501 1774 ἐποισθησομένων
1537 1707 1650 1770 τοῖς
1703 1704 1918 1760 εἰωθόσι

319 1792 687 1863 πλημμελεῖν.
719 1792 911 1845 Ἔσται
937 1793 993 1846 δὲ
1022 1793 1131 1847 ἔσω
1158 1795 1253 1848 καὶ
1277 1795 1456 1868 γερῶν
1488 1797 1584 1850 καὶ
1616 1797 1796 1870 δόξης,
1841 1792 1917 1854 ὧν

321 1886 386 1939 ἂν
415 1884 631 1955 ἐπιδοίη
657 1883 790 1948 Θεὸς
822 1887 931 1948 τοῖς
953 1885 1240 1955 ἀγαπῶσιν
1269 1888 1452 1942 αὐτόν.

395 1978 550 2030 Διότι
583 1975 700 2047 ἐγὼ
750 1978 967 2046 Κύριος
996 1981 1028 2032 ό
1064 1977 1206 2046 Θεὸς
1243 1979 1448 2050 ὑμῶν,
1515 1982 1613 2036 καὶ
1671 1983 1783 2037 οὐκ
1811 1983 1915 2039 ἀλ-

323 2069 621 2140 λοιοῦμαι.
670 2069 780 2123 Καὶ
835 2069 1025 2140 ὑμεῖς,
1065 2073 1120 2125 οὶ
1174 2073 1292 2124 υἱοὶ
1345 2073 1580 2138 Ἰακὼϐ,
1635 2076 1746 2128 οὐκ
1807 2075 1919 2129 ἁπ-

321 2163 538 2232 ἐχεσθε
569 2160 690 2216 ἀπὸ
720 2159 838 2214 τῶν
859 2160 1106 2215 ἀδικιῶν
1139 2161 1255 2216 τῶν
1277 2163 1550 2233 πατέρων
1569 2164 1754 2236 ὑμῶν.
1784 2167 1918 2233 Ἐξ-

319 2254 603 2309 mlh-ate
645 2253 866 2323 νόμιμὰ
883 2271 1026 2323 μου,
1068 2255 1164 2309 καὶ
1191 2255 1301 2310 οὐκ
1339 2255 1748 2326 ἐφυλάξασθε.

392 2347 520 2401 AZ'.
573 2344 848 2416 Ἐξίστησι
879 2347 1042 2400 πάλιν
1066 2349 1262 2413 αὐτοὺς
1294 2348 1526 2402 ἀνοσίων
1581 2351 1798 2405 ἐννοιῶν
1824 2352 1920 2407 καὶ

324 2439 552 2513 προσέτι
605 2441 890 2512 ῥημάτων.
950 2442 1022 2495 Τὸ
1060 2442 1168 2512 γὰρ
1220 2443 1429 2498 οἴεσθαί
1478 2463 1596 2509 πως
1631 2444 1918 2516 ἢμετατε-

320 2530 568 2604 τράφθαι
609 2533 699 2586 τὸν
747 2533 858 2586 τῶν
901 2534 1038 2588 ὅλων
1083 2535 1216 2589 Θεὸν
1246 2536 1355 2590 ἀπό
1410 2554 1474 2605 γε
1514 2537 1608 2591 τοῦ
1641 2539 1816 2593 θέλειν
1849 2539 1920 2594 τὰ

322 2622 509 2694 ἀγαθά
544 2621 680 2695 πρὸς
704 2623 766 2676 τὸ
788 2623 1048 2688 ἐναντίον,
1107 2624 1200 2677 καὶ
1233 2625 1452 2697 ἀγαπᾷν
1472 2627 1568 2696 μὲν
1590 2627 1773 2680 οὐκέτι
1818 2628 1920 2697 τὴν

322 2715 697 2788 δικαιοσύνην,
746 2715 1107 2788 ἀποδέχεσθαι
1149 2715 1205 2770 δὲ
1254 2717 1378 2780 τοὺς
1435 2718 1532 2786 τῆς
1587 2718 1921 2789 φαυλότητος

326 2809 590 2880 ἐραστὰς,
642 2809 760 2874 πῶς
793 2811 894 2863 οὐκ
944 2810 1175 2881 ἀμαθὲς,
1239 2810 1440 2880 μᾶλλον
1477 2811 1533 2864 δὲ
1588 2811 1798 2882 ἀπηχὲς
1826 2812 1920 2866 καὶΙ

327 2901 549 2955 ἀνόσιον
592 2901 873 2964 παντελῶς
905 2902 1118 2973 καὶτῆς
1176 2903 1438 2956 ἀνωτάτω
1472 2902 1790 2968 δυσσεϐείας
1823 2922 1920 2975 με-

329 2994 712 3066 μεστωμένονς
743 2994 913 3048 Ὅταν
941 2994 1118 3048 τοίνυν
1165 2994 1270 3048 ὑπὸ
1297 2996 1480 3067 κρίσιν
1541 2997 1688 3068 ἴδητε
1721 2998 1920 3053 καλου.

329 3090 549 3163 μένους,
581 3089 854 3160 pushed;
904 3105 963 3141 τε
1005 3089 1135 3159 παρ’
1168 3088 1298 3158 ὑμῖν
1353 3092 1703 3160 φαρμακοὶς,
1755 3091 1924 3163 ἤγουν

325 3183 572 3254 ἐπῳδοὺς
623 3180 860 3251 (γύναια
890 3179 947 3233 δὲ
979 3181 1198 3244 πάντως
1243 3179 1449 3251 ψιθυρά
1503 3199 1563 3234 τε
1624 3183 1717 3235 καλ⁸
1747 3182 1926 3254 βωμο.

323 3272 462 3344 λόχα
474 3272 674 3343 ταυτὶ),
698 3274 789 3326 καὶ
811 3273 937 3335 τοὺς
960 3271 1066 3324 τῶν
1097 3272 1298 3340 ἐτέρων
1333 3272 1520 3326 κακῶν
1544 3274 1922 3346 ἐπιτηδευτάς,

322 3364 475 3428 τότε,
507 3367 694 3436 φησὶν,
722 3362 1092 3432 ἐπιγνώσεσθε
1129 3363 1217 3418 διὰ
1260 3365 1600 3436 πραγμάτων
1633 3366 1813 3419 αὐτῶν
1843 3367 1923 3420 ὅτι

323 3458 441 3527 ἐγὼ
469 3457 675 3529 Κύριος
707 3458 736 3510 ὁ
769 3455 902 3520 Θεὸς
933 3455 1107 3526 ὑμῶν,
1139 3455 1167 3507 ὁ
1195 3455 1362 3509 πάλαι
1396 3474 1456 3510 τε
1482 3458 1578 3510 καὶ
1606 3456 1701 3511 νῦν
1722 3457 1924 3527 ἀγαθός

324 3566 388 3605 τε
413 3549 552 3621 ὁμοῦ
588 3550 682 3603 καὶ
718 3547 1026 3619 φιλάρετος.
1083 3546 1158 3600 Οὐ
1206 3549 1314 3619 γὰρ
1365 3541 1484 3601 οῖδα
1529 3550 1798 3622 τροπὴνῆ
1833 3549 1925 3603 ἀλ-

324 3640 567 3694 λοίωσιν.
607 3640 747 3693 Ἀλλ’
771 3638 882 3707 ἐγὼ
932 3639 1030 3709 μὲν
1069 3638 1186 3708 εἰμὶ
1231 3639 1521 3704 διαπαντὸς
1566 3641 1660 3694 καὶ
1715 3642 1923 3712 ἀμετα-

330 3731 545 3795 στάτως
567 3731 715 3784 τοῦθ’
743 3733 880 3802 ὅπερ
910 3728 1046 3799 εἰμί·
1076 3730 1233 3800 ὑμεῖς
1258 3732 1336 3795 δὲ,
1361 3733 1516 3802 φησὶ,
1541 3732 1720 3786 καίτοι
1759 3751 1924 3805 γεγο-

326 3823 482 3888 νότες
516 3824 576 3890 ἐξ
613 3823 831 3890 Ἰακὼϐ,
885 3825 1076 3897 ἀνδρὸς
1127 3823 1374 3895 φιλοθέου
1402 3823 1496 3878 κα)⁴
1549 3823 1779 3892 ἀγαθοῦ,
1829 3824 1924 3879 καὶ

327 3915 706 3988 μεμισηκότος
747 3916 834 3969 ἀεὶ
852 3915 913 3969 τὸ
934 3917 1165 3990 ἐξήνιον,
1189 3916 1285 3970 καὶ
1313 3915 1434 3986 Θεῷ
1462 3915 1830 3982 δουλεύοντος,
1861 3918 1923 3971 οὐ

321 4009 437 4065 τῶν
461 4008 672 4063 ἐκείνου
698 4008 916 4080 τρόπων
979 4010 1238 4078 γεγόνατε
1267 4007 1528 4078 ζηλωταίο
1570 4008 1826 4080 μιμεῖσθε
1867 4009 1926 4063 δὲ

328 4101 536 4174 μᾶλλον
573 4101 682 4154 τῶν
709 4101 831 4155 καθ’
850 4102 994 4173 ὑμᾶς
1026 4102 1278 4173 πατέρων
1300 4101 1361 4156 τὸ
1388 4100 1612 4165 ἀπειθὲς
1657 4099 1752 4156 καὶ
1798 4101 1924 4156 δυσο

322 4197 572 4263 ἀγωγον.
597 4193 658 4247 Οἳ
701 4193 796 4246 καὶ
837 4194 1043 4265 ταύτης
1090 4193 1254 4248 ἐνεκα
1285 4194 1382 4265 τῆς
1411 4192 1592 4259 αἰτίας
1639 4192 1925 4263 ἀπῴχοντο

327 4291 431 4362 μὲν
456 4289 813 4360 αἰχμάλωτοι,
860 4291 958 4362 τὴν
982 4289 1311 4360 ἐνεγκοῦσαν
1355 4289 1609 4359 ἀφέντες,
1645 4287 1924 4342 δεδουλεύ⁶

323 4400 461 4435 κασι
494 4381 550 4436 δὲ
595 4385 707 4445 τοῖς
747 4383 1012 4454 ᾑρηκόσιν
1069 4382 1305 4454 ἐχθροῖς.

325 4475 490 4543 ὑμεῖς
522 4493 540 4526 ι
582 4476 646 4528 ἐκ
667 4474 773 4528 τῶν
794 4474 943 4545 ἐμῶν
984 4475 1252 4546 νομίμων,
1277 4473 1374 4528 καὶ
1401 4474 1502 4527 οὐκ
1528 4471 1920 4542 ἐφυλάξασθε.»

326 4567 546 4621 Οὐκοῦν
574 4567 602 4618 ὁ
638 4567 738 4638 μὲν
757 4567 890 4631 Θεὸς
918 4567 1186 4639 ἄτρεπτος
1213 4568 1320 4632 ἀεὶ,
1353 4566 1446 4620 καὶ
1477 4565 1640 4618 οἱονεὶ
1659 4562 1927 4634 πεπηγὼς

327 4663 412 4723 εἰς
432 4661 494 4714 τὸ
529 4660 754 4728 ἀγαθὸν,
787 4661 879 4713 καὶ
908 4659 1243 4731 ἀκράδαντος
1269 4661 1348 4723 εἰς
1373 4656 1722 4728 δικαιοσύνην
1750 4671 1760 4682 '
1787 4657 1837 4709 οἱ
1868 4655 1926 4708 δὲ

326 4755 618 4825 γεγόνασι,
654 4752 936 4824 μονονουχὶ
962 4753 1023 4806 τὸ
1051 4754 1320 4824 ἄτρεπτον
1347 4754 1404 4805 ἐν
1457 4750 1655 4822 καρδίᾳ⁵
1691 4766 1927 4821 τετηρη-

328 4849 512 4912 κότες,
546 4848 761 4917 καὶτῆς
783 4846 890 4901 τῶν
917 4846 1169 4919 πατέρων
1204 4846 1551 4916 ἀνοσιότητος
1579 4843 1795 4916 ἄριστοι
1827 4859 1923 4916 μι-

329 4942 526 5012 μηταί.

403 5033 576 5086 Τοῦτό
611 5051 712 5087 που
765 5035 999 5106 Χριστὸς
1051 5034 1369 5105 εὑρίσκεται
1415 5031 1926 5101 λέγων.Ταλανιςει

328 5127 435 5198 μὲν
466 5128 576 5200 γάρ
623 5129 849 5193 εἰκότως
901 5130 961 5182 τὸ
1015 5129 1338 5184 ἀπαίδευτον
1378 5127 1486 5181 τῶν
1540 5127 1925 5198 Γραμματέων

327 5222 428 5274 καὶ
451 5221 763 5292 Φαρισαίων
791 5223 1172 5294 ἐργαστήριον.
1214 5221 1361 5292 Ἔφη
1391 5222 1449 5274 δὲ
1491 5209 1684 5284 οῦτωςσ
1725 5239 1744 5273 ι
1791 5219 1927 5275 Οὐαὶ

325 5314 485 5383 ὑμῖν,
519 5315 875 5384 Γραμματείς
936 5317 1032 5369 καὶ
1068 5316 1354 5386 Φαρισαῖοι
1385 5313 1698 5384 ὑποκριταὶ,
1733 5313 1814 5367 ὅτι
1844 5313 1926 5366 oi-

281 5395 292 5404 -
326 5405 612 5479 κοδομεῖτε
642 5408 768 5470 τοὺς
800 5409 1004 5476 τάφους
1029 5409 1137 5462 τῶν
1177 5407 1504 5481 προορητῶν,
1543 5401 1924 5477 καὶ’κοσμε⁷τε

323 5498 401 5551 τὰ
424 5501 672 5569 μνημεῖα
698 5498 804 5552 τῶν
825 5500 1069 5559 δικαίων,
1100 5501 1194 5554 καὶ
1225 5500 1430 5567 λέγετε·
1458 5500 1520 5552 Εἰ
1544 5495 1686 5570 ἦμέν
1722 5500 1780 5552 ἐν
1805 5499 1927 5561 ταῖς

326 5591 573 5662 ἡμέραις
606 5592 714 5645 τῶν
752 5593 1005 5666 πατέριον
1036 5592 1214 5665 ἡμῶν.
1251 5611 1352 5647 ουκ
1376 5593 1440 5646 ἂν
1475 5591 1654 5663 ἥμεθα
1680 5593 1927 5644 κοινωνοὶ

329 5678 512 5734 αὐτῶν
546 5683 604 5733 ἐν
631 5681 708 5753 τῷ
761 5683 952 5754 αἵματι
1001 5683 1110 5736 τῶν
1157 5683 1468 5755 προφητῶν.
1504 5683 1665 5735 Ὥστε
1715 5697 1924 5752 μαρτυ-

2095 1337 2361 1405 Quocirca
2410 1352 2547 1406 opus
2596 1346 2680 1392 est
2722 1336 2870 1392 onmi
2903 1338 3252 1391 contentione
3294 1333 3538 1404 refugere
3583 1350 3614 1386 ει

2021 1428 2204 1499 pravis
2238 1429 2513 1497 operibus,
2557 1437 2612 1483 et
2658 1428 2725 1482 ad
2773 1429 2940 1498 proba
2975 1427 3256 1490 festinare,
3299 1432 3353 1480 et
3385 1425 3517 1479 eniti
3548 1439 3610 1478 ea

2025 1529 2284 1590 praestare
2317 1535 2411 1590 per
2447 1534 2569 1590 quae
2615 1519 2739 1590 quis
2790 1519 2937 1574 omni
2975 1528 3031 1574 et
3074 1519 3316 1574 bonitate
3350 1527 3406 1572 et
3454 1516 3613 1571 laude

2025 1610 2351 1666 cumuletur.
2382 1609 2473 1666 Sic
2512 1610 2657 1666 enim
2703 1611 2897 1667 evadet
2951 1609 3212 1680 supplicia
3268 1625 3387 1680 quae
3426 1625 3456 1663 a
3505 1609 3613 1663 Deo

2025 1702 2165 1755 irato
2201 1701 2578 1772 peccatoribus
2630 1701 2967 1772 inﬂiguntur.
3020 1700 3212 1770 Capiet
3266 1710 3445 1756 autem
3493 1700 3610 1770 glo-

2026 1793 2161 1848 riam
2216 1802 2269 1848 et
2301 1793 2520 1863 prmmia
2567 1793 2766 1863 quibus
2803 1793 2944 1850 Deus
2987 1807 3048 1849 se
3103 1793 3390 1863 diligentes
3424 1809 3611 1850 mune-

2025 1894 2204 1942 ratur.

2097 1977 2260 2034 Vens.
2294 1979 2348 2034 6.
2397 1977 2661 2046 Quoniam
2693 1995 2788 2049 ego
2837 1978 3092 2034 Dominus
3145 1977 3280 2032 Deus
3330 1988 3514 2040 vester,
3562 1985 3610 2030 et

2026 2087 2128 2125 non
2156 2081 2350 2126 mutor.
2382 2070 2446 2124 Et
2495 2088 2612 2137 vos,
2650 2071 2750 2141 ﬁlii
2792 2069 2981 2137 Jacob,
3032 2087 3141 2125 non
3174 2070 3518 2125 abstinebatis
3547 2071 3610 2124 ab

2025 2165 2392 2235 iniquitatibus
2431 2175 2645 2232 patrum
2685 2174 2998 2219 vestrorum.
3043 2161 3363 2220 Declinastis
3409 2181 3442 2218 a
3485 2163 3613 2234 legi-

2026 2259 2170 2312 timis
2200 2259 2350 2321 meis,
2377 2268 2425 2311 et
2467 2273 2569 2311 non
2601 2256 2924 2310 custodistis.

2099 2347 2359 2405 XXXVII.
2403 2350 2589 2404 Denuo
2623 2349 2768 2418 ipsos
2795 2348 2863 2402 ab
2898 2347 3076 2418 impiis
3111 2347 3534 2418 cogitationibus
3560 2356 3614 2400 et

2025 2443 2207 2498 verbis
2236 2443 2542 2511 detorquet.
2589 2439 2724 2494 Nam
2763 2439 3077 2495 existimare
3105 2454 3228 2495 esse
3267 2440 3612 2494 immutatum

2026 2535 2407 2590 universorum
2445 2534 2611 2588 Deum
2637 2549 2667 2587 a
2701 2533 2975 2588 voluntate
3003 2533 3126 2588 boni
3161 2533 3213 2586 in
3251 2534 3612 2595 contrarium.

2027 2641 2128 2682 nec
2166 2627 2232 2680 de
2275 2635 2470 2680 caetero
2515 2625 2738 2694 diligere
2763 2624 3053 2693 justitiam,
3092 2623 3387 2694 {avareque
3417 2639 3609 2681 conse-

2026 2716 2326 2775 ctatoribus
2370 2717 2768 2786 improbitatis,
2813 2718 3087 2787 quomodo
3144 2733 3249 2772 non
3298 2717 3611 2788 imperitiae.

2029 2810 2136 2865 imo
2175 2809 2518 2874 absurditati,
2554 2820 2607 2864 et
2639 2824 2852 2864 summo
2885 2809 3102 2878 sceleri,
3128 2820 3183 2865 et
3218 2825 3474 2866 extremae
3507 2812 3612 2865 im-

2027 2901 2212 2972 pietati
2249 2901 2627 2956 ascribendum
2660 2901 2780 2957 est?
2826 2902 3053 2968 Quando
3094 2904 3274 2972 igitur,
3315 2904 3511 2972 inquit,
3542 2905 3611 2958 ad

1949 2991 2285 3078 Cjudicium
2333 2993 2514 3047 vocari
2559 2993 2801 3048 videritis
2855 2992 3156 3057 veneﬁcas,
3209 3008 3304 3048 seu
3360 2994 3608 3048 incauta-

2030 3090 2192 3145 lriees
2226 3099 2440 3144 vestras
2474 3089 2623 3160 (sunt
2654 3097 2834 3144 autem
2873 3089 3203 3143 muliercula:
3237 3088 3354 3143 ista
3384 3090 3616 3155 garrulae

2027 3191 2081 3238 et
2108 3180 2534 3252 assentatrices),
2565 3190 2619 3236 et
2654 3181 2778 3238 aliis
2812 3181 3030 3252 ﬂagitiis
3059 3181 3268 3248 allixos,
3296 3190 3426 3236 tunc
3455 3177 3616 3235 rebus

2027 3272 2159 3344 ipsis
2208 3274 2549 3342 cognoscetis
2589 3275 2716 3344 quia
2747 3289 2848 3343 ego
2881 3290 3001 3330 sum
3048 3276 3308 3330 Dominus
3350 3275 3492 3330 Deus
3517 3290 3614 3330 ve-

2025 3375 2159 3430 ster,
2187 3375 2242 3422 et
2279 3366 2408 3420 olim
2452 3376 2504 3421 et
2550 3381 2694 3422 nunc
2732 3366 2906 3422 bonus
2944 3366 3102 3422 simul
3138 3375 3188 3422 et
3238 3369 3506 3424 bonorum
3552 3383 3616 3424 ac

2026 3460 2244 3516 virtutis
2284 3473 2493 3514 amans.
2525 3457 2720 3514 Nescio
2749 3459 2894 3514 enim
2929 3459 3284 3513 mutationem
3321 3470 3414 3513 aut
3453 3461 3617 3516 vicis.

2026 3552 2335 3608 situdinem.
2362 3553 2475 3622 Ego
2528 3550 2673 3606 enim
2705 3563 2920 3618 semper
2945 3557 3000 3604 et
3025 3549 3161 3603 citra
3193 3549 3612 3606 mutabilitatem

2025 3659 2145 3698 sum
2190 3643 2334 3714 quod
2383 3657 2503 3697 sum
2546 3659 2562 3696 :
2602 3655 2699 3696 vos
2738 3649 2942 3706 autem,
2995 3639 3204 3710 inquit,
3261 3641 3511 3712 quamvis
3544 3657 3612 3698 ea

2025 3733 2192 3790 Jacob
2223 3733 2586 3805 progenerati,
2626 3733 2846 3788 homine
2878 3733 2965 3802 pio
2993 3742 3047 3788 et
3075 3733 3238 3801 bono,
3269 3743 3324 3790 et
3347 3733 3440 3804 qui
3474 3749 3615 3789 sem-

2025 3843 2124 3897 per
2165 3827 2566 3885 contumaciam
2599 3827 2713 3881 odit
2740 3841 2806 3881 ac
2839 3825 2949 3882 Deo
2982 3827 3242 3892 servivit,
3276 3826 3443 3899 857
3475 3829 3620 3884 illius

2027 3933 2210 3974 mores
2244 3917 2553 3988 exprimere
2585 3932 2691 3973 non
2724 3917 2885 3972 enixe
2920 3917 3232 3986 studuistis;
3272 3921 3368 3974 sed
3396 3930 3618 3988 patrum

2025 4023 2333 4070 vestrorum
2400 4010 2826 4067 inobedientiam
2881 4019 2938 4065 et
2987 4011 3342 4080 pertinaciam
3410 4012 3614 4068 imitari

2027 4106 2302 4162 mavultis.
2329 4103 2432 4171 Qui
2464 4112 2518 4160 et
2548 4105 2649 4159 hac
2682 4104 2748 4158 de
2778 4118 2941 4160 causa
2972 4104 3172 4175 captivi
3199 4103 3389 4175 patriae
3415 4103 3620 4160 ﬁnibus

2028 4207 2408 4263 excesserunt,
2438 4206 2493 4252 et
2527 4197 2775 4252 hostibus
2811 4213 2841 4250 a
2874 4197 3074 4266 quibus
3128 4209 3284 4254 erant
3321 4197 3613 4271 subjugati,

2028 4291 2343 4349 servitutem
2382 4289 2707 4344 servierunt.
2759 4307 2780 4341 ι
2807 4289 3126 4346 Declinastis
3163 4306 3327 4362 porro
3362 4301 3417 4347 et
3450 4308 3546 4348 vos
3586 4312 3614 4345 a

1382 4379 1721 4446 Ἐξεκλίνατε
1749 4379 1806 4432 δὲ
1831 4381 1926 4433 καὶ

2031 4381 2288 4454 legitimis
2321 4380 2482 4445 meis,
2512 4389 2570 4434 et
2600 4396 2663 4435 ea
2697 4397 2802 4434 non
2831 4383 3164 4437 custodistis.
3188 4402 3208 4436 ι
3257 4383 3443 4453 Itaque
3473 4383 3614 4438 Deus

2029 4475 2246 4545 quidem
2267 4482 2322 4528 et
2345 4472 2698 4527 immutabilis
2718 4485 2956 4540 semper,
2983 4483 3037 4530 et
3058 4473 3204 4528 velut
3227 4475 3281 4528 in
3311 4475 3456 4528 bono
3477 4473 3611 4528 ﬁsus

2027 4581 2093 4622 ac
2150 4566 2395 4622 ﬁrmatus
2433 4573 2487 4619 et
2523 4565 2877 4620 inconcussus
2911 4565 2963 4620 in
3008 4564 3221 4634 justitia
3259 4584 3272 4621 :
3310 4565 3385 4619 illi
3425 4573 3613 4621 contra

2031 4667 2238 4714 tantum
2283 4674 2389 4713 non
2442 4656 2939 4714 immutabilitatem
2982 4657 3038 4711 in
3090 4657 3256 4712 corde
3301 4669 3610 4722 servarunt,

2027 4761 2081 4806 et
2112 4759 2327 4819 patrum
2363 4748 2571 4806 scelera
2609 4748 2993 4806 strenuissime
3027 4759 3156 4806 sunt
3197 4749 3392 4808 secuti.

2098 5024 2212 5081 Hoc
2249 5023 2504 5080 Christus
2535 5023 2770 5093 quodam
2807 5024 2926 5079 loco
2965 5023 3122 5081 dixit.
3166 5024 3355 5080 Merito
3383 5037 3615 5092 namque

2029 5117 2346 5174 Scribarum
2371 5126 2426 5171 et
2458 5116 2852 5172 Pharisaeorum
2886 5115 3108 5173 stultam
3143 5130 3364 5186 operam
3397 5115 3448 5169 in
3485 5115 3612 5169 aedi-

2030 5211 2243 5266 ﬁcando
2295 5209 2643 5265 lamentatur.
2693 5208 2786 5263 Sic
2833 5218 3014 5263 autem
3061 5208 3137 5261 ait
3179 5225 3193 5262 :
3238 5226 3257 5258 ι
3299 5205 3388 5260 Vae
3431 5205 3610 5271 vobis,

2029 5303 2236 5360 Scriba:
2271 5313 2325 5359 et
2370 5301 2626 5357 Pharisaei
2670 5301 2987 5374 hypocrita},
3032 5299 3157 5368 quia
3204 5297 3485 5351 aediﬁcatis
3529 5310 3614 5352 se-

2029 5397 2212 5466 pulcra
2249 5397 2654 5466 prophetarum,
2699 5402 2753 5447 et
2783 5391 2992 5446 ornatis
3043 5399 3387 5442 monumenta
3438 5388 3615 5456 justo-

2031 5505 2189 5554 rum,
2235 5498 2290 5544 et
2337 5487 2517 5543 dicitis
2563 5501 2578 5538 :
2625 5486 2680 5539 Si
2733 5485 3019 5538 fuissemus
3058 5483 3108 5536 in
3161 5480 3351 5536 diebus
3399 5491 3615 5551 patrum

2031 5593 2379 5644 nostrorum.
2425 5597 2530 5636 non
2578 5593 2820 5634 essemus
2860 5576 2990 5630 socii
3031 5589 3217 5630 eorum
3258 5574 3312 5628 iu
3349 5574 3614 5644 sanguine

2032 5677 2438 5750 prophetarum.
2475 5671 2658 5748 Itaque
2688 5667 2995 5727 testimonio
3025 5667 3155 5726 estis
3182 5665 3619 5742 vobismctipsis,
