4042 6196
1158 246 1707 314 COMMENTARIUS
1745 257 1816 315 ΙΝ
1851 258 2260 322 ΜΔΕΔΟΒΙΑΜ
2298 258 2745 326 PROPHETAM.

3489 272 3597 333 846

295 355 455 461 ‘Seitv,
476 356 616 461 διότι
648 357 831 461 ὑμεῖς..
843 361 1161 435 πτερνίςετέ
1196 384 1263 438 με
1286 386 1303 437 ;
1340 388 1359 422 ι
1386 370 1462 426 Τὸ
1483 373 1540 427 δέ
1560 376 1892 446 πτερνιζειν

1996 399 2082 440 me
2096 385 2121 441 ἳ
2136 403 2157 439 ι
2182 383 2543 454 Supplantarc
2564 394 2650 442 est
2669 385 2933 454 diripere,
2959 398 3052 443 aut
3074 391 3347 461 decipere,
3368 400 3423 446 et
3446 392 3595 447 arbi-

297 447 417 502 ιστὶ
442 450 506 502 τὸ
536 449 984 526 συναρπάζειν,ῆ
1013 458 1347 526 φενακίζειν,
1380 461 1591 519 οἴεσθαί
1621 483 1682 521 τε
1706 466 1893 524 λαθεῖν

288 539 663 611 ψευδομένους
692 543 876 613 τυχὸν,
911 544 944 615 ἢ
968 544 1061 599 καί
1090 565 1141 602 τι
1178 549 1421 622 δρῶντάς
1441 573 1564 611 τινα
1593 557 1704 612 τῶν
1731 563 1889 615 ἐκτο-

291 631 581 689 πωτάτων.
607 634 719 688 Καὶ
750 636 880 705 γοῦν
902 636 1141 694 ἐνεκότει
1174 644 1273 713 μὲν
1304 648 1333 700 ὁ
1361 647 1532 701 Ἢσαῦ
1558 649 1636 720 τῷ
1670 651 1886 719 Ἰακὼϐ,

291 722 393 777 τοῦ
420 723 482 776 δέ
519 724 735 793 φθονεῖν
781 729 881 803 τὴν
906 734 1178 803 πρόφασιν
1225 736 1593 809 ἐξηγούμενος
1624 741 1884 811 ἔφασκεν⁹

303 833 324 867 ι
375 816 693 888 Ἐπτέρνισε
719 822 828 894 γάρ
851 842 918 895 με
959 826 1057 897 ἤδη
1079 827 1332 900 δεύτερον
1360 829 1539 897 τοῦτο,
1564 833 1634 886 τά
1658 850 1715 887 τε
1738 853 1886 907 πρωο

293 906 521 961 τοτόκιά
536 926 647 996 μου
679 911 892 983 εἴληφε,
921 917 1013 970 καὶ
1042 916 1137 971 νῦν
1165 919 1356 990 εἴληφε
1385 924 1479 976 καὶ
1512 923 1613 996 τὴν
1633 906 1886 996 εὐλογίαν

294 1012 425 1067 μου.
459 1015 481 1049 ι
531 993 659 1071 ⁷Δρ“
686 997 782 1056 οὖν
830 1005 1133 1075 περιέσται,
1175 1010 1330 1080 φησι,
1385 993 1673 1085 ἄνθρωπος
1711 993 1883 1086 Θεοῦ,

292 1087 468 1159 ῆγουν
497 1093 833 1163 συναρπάσει
854 1097 945 1150 τὸν
968 1098 1145 1153 πάντα
1175 1102 1389 1169 εἰδότας
1430 1105 1496 1158 Τί
1530 1106 1708 1162 τοίνυν
1726 1110 1885 1180 ὑμεῖς

290 1180 395 1273 ἐμὲ
417 1185 734 1255 πτερνίζετε
754 1203 769 1253 ;
791 1188 1004 1259 Χρῆναι
1032 1191 1088 1245 δὲ
1112 1193 1482 1265 ὑπολαμϐάνω
1516 1198 1651 1269 πρὸς
1678 1201 1882 1273 ἀκριϐῆ

288 1271 625 1345 διασάφησιν
656 1277 767 1331 τῶν
792 1281 1169 1351 προκειμένων
1201 1286 1334 1354 ἡμῖν
1364 1287 1580 1341 ἐννοιῶν
1614 1271 1762 1343 ἄττα
1789 1271 1884 1346 καί

287 1363 389 1417 νῦν
411 1367 610 1433 είπεῖν,
642 1367 680 1423 ἀ
712 1371 806 1424 καὶ
841 1372 899 1426 ἐν
926 1377 1040 1438 τοῖς
1080 1375 1175 1429 τοῦ
1209 1376 1415 1448 Ἐσδρα
1443 1380 1756 1451 γέγραπται
1788 1385 1868 1438 Βι-

286 1456 486 1523 6).ίοις.
524 1460 743 1532 Ἐπειδὴ
777 1464 884 1537 γὰρ
906 1467 1177 1540 ἐπανῆκον
1220 1471 1299 1534 είς
1348 1472 1446 1542 τὴν
1498 1474 1753 1530 Ἰουδαίαν
1782 1476 1882 1548 τὴν

285 1550 655 1606 Βαϐυλωνίων
700 1555 928 1624 ἀφέντες
961 1558 1066 1630 γῆν
1116 1564 1165 1615 οἱ
1208 1563 1267 1630 ἐξ
1314 1563 1706 1639 Ἰερουσαλὴμ,
1738 1587 1876 1624 κατ-

282 1643 543 1711 ῳκήκασι
573 1644 673 1715 μὲν
696 1647 754 1699 ἐν
780 1651 891 1712 τοῖς
916 1648 1332 1723 Ἱεροσολύμοις.
1352 1654 1677 1730 Ἐγήγερται
1701 1659 1756 1712 δέ
1786 1661 1879 1714 καὶ

283 1734 313 1784 ὁ
349 1733 501 1798 θεῖος
528 1736 677 1801 ναὸς,
710 1740 805 1794 καὶ
831 1737 899 1813 ῆν
925 1744 982 1796 ἐν
1011 1746 1204 1818 κόσμῳ
1233 1747 1418 1802 λοιπὸν
1440 1750 1508 1803 τὰ
1540 1751 1649 1804 τῶν
1686 1753 1879 1823 ἱερέων

285 1827 569 1898 τάγματα,
600 1830 746 1900 ᾠδοί,
784 1836 878 1887 καὶ
914 1836 1248 1908 ἱεροψάλται,
1282 1841 1373 1893 καὶ
1402 1842 1449 1894 oi
1497 1847 1609 1907 τοῖς
1637 1845 1878 1900 πυλῶσιν

292 1920 678 1991 ἐφεστηκότες.
710 1920 843 1978 Εἶτα
872 1927 926 1980 τί
948 1928 1008 1981 τὸ
1035 1930 1172 1999 μετά
1200 1927 1390 1999 τοῦτο;
1429 1934 1693 2006 Ῥᾴθυμοι
1715 1938 1880 2007 γεγό-

297 2027 442 2066 νασιν
475 2015 525 2067 οἱ
556 2015 955 2088 λελυτρωμένοι
978 2020 1105 2092 περί
1140 2038 1205 2090 γε
1231 2023 1290 2077 τὸ
1329 2024 1441 2077 δεῖν
1462 2026 1571 2089 τῶν
1603 2027 1763 2082 θείων
1783 2029 1879 2083 ἀνέ

177 2128 190 2138 -
292 2103 543 2175 τέχεσθαι
567 2104 975 2177 θεσπισμάτων.
1001 2113 1076 2165 Οὐ
1094 2113 1205 2185 γὰρ
1224 2132 1350 2185 τετη
1360 2116 1561 2187 ρήκασι
1581 2118 1673 2171 τὸν
1690 2119 1876 2191 νόμον,

288 2191 597 2265 λελόγισται
625 2199 682 2253 δὲ
712 2204 846 2273 παρ’
876 2204 1030 2258 οὐδὲν
1056 2207 1242 2272 αὐτοῖς
1265 2209 1365 2280 τῆς
1392 2210 1630 2281 ἀρχαίας
1656 2214 1879 2285 ἐντολῆς

286 2287 321 2356 ή
354 2288 690 2359 παράϐασις,
716 2294 811 2346 καὶ
846 2296 1213 2368 παρεκόμιζον
1238 2299 1337 2369 μὲν
1357 2302 1435 2364 είς
1473 2301 1664 2357 Θυσίαν
1721 2305 1878 2372 μόλις

287 2378 383 2430 καὶ
404 2376 656 2451 ὀκνηρῶς
685 2382 756 2436 τά
783 2385 980 2454 τυφλὰ,
1011 2388 1105 2441 καὶ
1151 2390 1490 2461 ἁρπάγματα
1515 2432 1530 2457 ,
1562 2395 1657 2448 καὶ
1705 2397 1874 2467 χωλά,

284 2468 383 2522 καὶ
413 2470 483 2524 τὰ
528 2472 911 2547 ἐνοχλούμενα.
960 2474 1095 2532 Εἶτα
1137 2481 1420 2553 κείραντες
1462 2485 1520 2537 ὲν
1567 2487 1777 2559 ἀγροῖς,
1818 2490 1876 2544 ἐν

284 2559 429 2632 ὥρᾳ,
458 2564 554 2618 τὸν
581 2564 821 2639 άσταχυν
855 2571 951 2624 καλ¹
993 2572 1103 2644 μὴν
1157 2576 1251 2627 καλ⁸
1274 2575 1343 2628 τά
1377 2574 1543 2647 ἔτερα
1567 2579 1677 2633 τῶν
1705 2598 1875 2652 σπερ-

288 2655 500 2724 μάτων,
523 2658 943 2730 ἀποτρυγῶντες
967 2663 1024 2718 δὲ
1053 2665 1148 2717 καί
1174 2666 1472 2736 ἀμπέλους,
1498 2670 1594 2723 καὶ
1621 2672 1748 2735 τοὺς
1776 2673 1877 2745 τῆς

285 2746 476 2813 ἐλαίας
506 2754 755 2821 καρποὺς
785 2755 1150 2822 ἐκθλίὸοντες,
1180 2760 1240 2812 οὐ
1274 2760 1508 2825 δεκάτας
1558 2764 1836 2835 προσῆγον
1856 2807 1872 2832 ,

283 2839 359 2892 οὐ
386 2838 488 2904 τάς
519 2843 664 2896 κατά
708 2845 874 2922 νόμον
912 2849 1201 2920 ἀπαρχὰς,
1251 2851 1338 2907 ἵνα
1377 2852 1569 2923 ἔχοντα
1611 2854 1709 2925 τὴν
1742 2857 1873 2911 atie-

284 2929 516 2999 ἀρκειαν
544 2932 615 2987 τὰ
638 2933 748 2987 τῶν
785 2937 973 3007 ἱερέων
1010 2940 1270 3011 τάγματα
1292 2985 1308 3010 ,
1357 2945 1748 3018 προσιζήσειαν
1773 2949 1872 3019 μὲν

1998 483 2129 531 trart
2146 476 2419 533 fallaciam
2434 492 2593 547 posse
2607 480 2863 550 deceptos
2876 478 3043 535 latere
3068 479 3318 554 forsitan,
3339 483 3594 554 quamvis

1993 570 2262 639 quispiam
2292 570 2715 626 insolentissima
2744 573 2994 641 quaedam
3023 574 3379 629 commiserit.
3405 575 3593 644 itaque

1991 661 2330 717 irascebatur
2355 662 2493 717 Esau
2519 662 2711 727 .iacub,
2738 674 2793 717 et
2819 666 3034 720 invidia:
3059 666 3405 720 occasionem
3429 682 3591 723 enar-

1990 767 2118 807 raus
2157 754 2409 807 dicebat:
2447 770 2467 804 ι
2500 753 2875 823 Snpplantavit
2921 755 3066 810 enim
3107 770 3192 810 me
3238 754 3409 808 altera
3450 756 3588 812 vice.

1988 842 2350 915 Primogenita
2384 860 2501 900 mea
2530 856 2656 900 ante
2685 847 2826 909 tulit,
2854 856 2908 901 et
2948 863 3092 902 nunc
3124 850 3389 916 subripuit
3423 851 3589 904 bene-

1987 933 2280 989 dictionem
2319 933 2582 990 meam".
2608 955 2627 987 ι
2649 935 2781 989 Num
2817 937 2981 1007 igitur
3013 938 3174 993 homo
3206 941 3307 993 erit
3341 940 3589 1008 superior

1990 1027 2119 1091 Deo,
2148 1025 2345 1095 inquit,
2375 1036 2472 1081 aut
2498 1028 2719 1096 diripict
2749 1030 2931 1083 omnia
2958 1032 3417 1099 scietttent?Qnit|
3455 1046 3585 1103 ergo

1986 1135 2085 1173 vos
2114 1134 2200 1173 mc
2238 1120 2630 1189 supplautatis?
2661 1120 2928 1177 Existimo
2958 1136 3141 1178 autem
3177 1126 3242 1178 ad
3285 1126 3581 1195 pleniorem

1986 1210 2409 1267 declarationem
2463 1213 2755 1281 proposita:
2805 1216 3091 1270 sentcntiae
3140 1217 3385 1284 quaedam
3422 1226 3583 1274 “nunc

1985 1317 2199 1372 quoque
2231 1302 2499 1357 alierenda
2532 1304 2585 1356 in
2625 1304 2881 1370 medium,
2928 1321 3049 1376 quae
3074 1307 3127 1360 in
3169 1306 3347 1363 Libris
3396 1306 3585 1364 Esdra!

1983 1395 2183 1462 scripta
2214 1405 2453 1450 exstant.
2481 1394 2752 1466 Babylone
2784 1397 2834 1449 in
2869 1395 3110 1451 Iudaeam
3142 1398 3580 1472 iiierosoiymite

1956 1486 2187 1541 ’reversi
2230 1485 2664 1558 Hierosolymam
2715 1490 3051 1544 habitarunt.
3099 1490 3448 1546 Etlilicatum
3493 1501 3581 1548 est

1983 1576 2225 1630 divinum
2282 1577 2567 1648 tetnplum,
2621 1588 2677 1632 et
2717 1577 2987 1633 ﬂorebant
3023 1581 3282 1650 deinceps
3325 1583 3579 1638 sacerdo-

1986 1676 2094 1721 tum
2145 1667 2382 1731 ordines,
2433 1680 2709 1735 cantores,
2762 1672 2948 1738 psalta:
3002 1679 3054 1724 et
3110 1671 3398 1738 jauitures.
3437 1673 3577 1739 Quid

1983 1759 2206 1829 postea?
2248 1761 2524 1815 Servitute
2569 1760 2783 1815 liberati
2818 1764 2871 1816 in
2908 1763 3107 1816 divinis
3151 1766 3387 1819 oraculis
3423 1779 3577 1820 exse-

1981 1851 2211 1921 quendis
2253 1852 2456 1907 inertes
2484 1864 2796 1908 evaserunt.
2835 1853 2944 1909 Nec
2980 1858 3123 1909 enim
3168 1855 3341 1924 legem
3384 1872 3577 1911 serva-

1981 1943 2133 2008 baut,
2170 1953 2225 1997 et
2274 1952 2432 1998 vetus
2474 1944 2790 1999 mandatum
2830 1961 2928 2015 per
2976 1946 3160 2000 indum
3210 1948 3577 2019 transgredie-

1982 2036 2198 2100 bantur,
2221 2046 2271 2090 et
2300 2036 2365 2089 ad
2399 2036 2728 2091 sacrificium
2759 2052 2903 2104 (egre
2949 2047 3374 2108 cunctanterque
3405 2055 3573 2106 circa,

1981 2138 2133 2197 rapta
2171 2137 2227 2182 et
2259 2128 2457 2183 debilia
2491 2129 2893 2183 ministrabant.
2926 2129 3152 2194 Deinde,
3181 2144 3278 2185 suo
3309 2141 3572 2200 tempore,

1980 2217 2033 2272 in
2062 2220 2210 2289 agris
2252 2229 2463 2290 segetes
2487 2221 2703 2290 aliaque
2730 2223 3002 2290 legumina
3033 2224 3329 2289 dementes,
3358 2233 3413 2279 ct
3444 2240 3575 2280 uvas

1979 2309 2314 2379 colligentes,
2339 2317 2394 2364 et
2421 2310 2599 2364 oleum
2629 2312 3020 2379 exprimentes,
3040 2328 3140 2367 nec
3164 2312 3428 2378 decimas,
3450 2327 3572 2379 nec,

1978 2404 2275 2457 secundum
2312 2402 2508 2474 legem,
2548 2405 2820 2474 primitias
2861 2406 3261 2474 persolvebat",
3516 2416 3576 2462 ut

1979 2498 2320 2550 sacerdotum
2353 2498 2571 2551 ordines
2607 2498 2751 2567 quod
2783 2499 2919 2551 satis
2949 2508 3096 2553 esset
3138 2499 3425 2564 baberent,
3453 2499 3571 2553 cul-

1980 2595 2203 2657 tumque
2239 2588 2478 2641 divinum
2506 2588 2642 2642 citra
2675 2588 3023 2642 solitudinem
3052 2589 3574 2658 distractionemth

1976 2678 2346 2745 celebrarent,
2383 2680 2624 2750 atquein
2666 2680 2986 2734 ministeriis
3025 2659 3141 2751 lege
3178 2681 3443 2735 institutis
3477 2696 3569 2735 as-

1975 2771 2133 2825 siduo
2170 2781 2547 2827 versarentur.
2584 2771 2741 2826 Nullo
2776 2773 2942 2842 igitur
2973 2773 3163 2827 borum
3201 2773 3402 2837 oblato,
3436 2772 3573 2827 divi-

1977 2877 2168 2916 norum
2216 2862 2466 2916 altarium
2505 2863 2737 2917 ministri
2780 2865 2920 2918 sacri
2957 2864 3130 2917 delusi
3181 2875 3327 2929 sunt,
3365 2871 3418 2917 et
3465 2877 3568 2932 po-

1976 2944 2131 3023 pulus
2163 2954 2233 3007 ita
2263 2954 2551 3009 destitutus
2596 2953 2828 3020 mansit,
2862 2971 2981 3008 eum
3019 2970 3117 3010 nec
3148 2970 3300 3009 sacra
3338 2969 3565 3024 perage.

284 3021 717 3094 ἀπερισπάστως
743 3031 865 3093 ταῖς
885 3032 965 3094 εἱς
1015 3031 1148 3087 Θεὸν
1178 3033 1479 3107 λατρείαις,
1518 3039 1870 3111 προσμένωσι

285 3110 337 3131 ,ι
376 3114 491 3131 _,,.,
549 3115 564 3131 .
688 3118 702 3131 .
1091 3120 1102 3131 .
1320 3126 1332 3131 -
1407 3129 1415 3131 ξ
1484 3126 1498 3131 _
1750 3129 1756 3131 .

1979 3021 2189 3110 rentur,
2218 3061 2318 3102 nec
2348 3045 2490 3101 aliud
2526 3046 2802 3117 quidpiam
2839 3048 2906 3101 ad
2941 3048 3032 3101 Dei
3072 3048 3299 3116 gloriam
3340 3058 3569 3117 pr:esta-

281 3110 341 3165 δὲ
368 3114 494 3177 ταῖς
545 3115 611 3169 ἐκ
645 3118 812 3187 νόμου
862 3120 1229 3192 τεταγμέναις
1276 3126 1457 3189 αὐτοῖς
1484 3126 1871 3201 λειτουργίαις.

282 3204 517 3271 οὐδενὸς
537 3209 828 3281 τοιγαροῦν
850 3218 1418 3287 προσκεκομισμένου,
1441 3222 1878 3296 κατεσκευάσθη-

283 3312 387 3349 σαν
425 3297 477 3350 oi
510 3297 621 3352 τῶν
653 3299 815 3355 θείων
874 3302 1276 3379 θυσιαστηρίων
1330 3311 1626 3385 ἱερουργοὶ,
1670 3314 1876 3387 ἔρημός

280 3405 342 3442 τε
370 3387 551 3454 οὕτως
569 3391 994 3466 ἀπομεμένηκεν
1024 3400 1052 3451 ὁ
1081 3398 1231 3465 λαδς,
1260 3401 1323 3455 οὐ
1362 3402 1555 3469 θυσίας
1607 3406 1873 3478 τελουμέ-

281 3496 402 3550 νης,
438 3482 539 3553 οὐχ
575 3483 761 3555 ἐτέρου
792 3487 936 3552 τινὸς
969 3488 1247 3561 δρωμένου
1307 3493 1418 3547 τῶν
1459 3498 1539 3560 είς
1595 3496 1754 3564 δόξαν
1783 3516 1874 3552 τε·

282 3571 526 3627 λούντων
551 3574 707 3632 Θεοῦ.
746 3580 1149 3653 Κατειροείρετο
1197 3583 1261 3656 δὴ
1302 3582 1396 3639 οὖν
1442 3587 1658 3643 ἅπαντα
1688 3589 1874 3645 λοιπὸν

284 3664 353 3718 τὰ
378 3667 439 3719 ἐν
461 3667 675 3739 ἀγροῖς,
706 3668 851 3743 λιμῷ
872 3690 931 3726 τε
956 3675 1367 3741 κατεπιέζοντο,
1400 3679 1497 3733 καὶ
1526 3678 1590 3752 δὴ
1641 3682 1737 3735 καὶ
1793 3685 1875 3748 είς

284 3754 443 3811 τοῦτο
471 3757 808 3816 κατώλισθον
844 3764 1090 3835 ἀνάγκης
1118 3783 1179 3819 τε
1234 3768 1330 3821 καὶ
1388 3770 1644 3842 ἀπορίας,
1676 3772 1753 3836 ὡς
1780 3774 1874 3827 καὶ

281 3847 426 3901 αὐτὰ
464 3850 751 3919 βούλεσθαι
778 3857 892 3918 τοῖς
923 3855 1106 3927 ἔχουσι
1136 3859 1345 3932 τροφὰς
1377 3862 1783 3934 ἀπεμπωλῆσαι
1804 3863 1875 3918 τά

278 3941 470 4005 τέκνα,
507 3944 703 4015 μέχρις
733 3945 799 4002 ἂν
842 3949 1079 4022 Ἔσδρας
1108 3954 1190 4016 εἰς
1241 3951 1496 4025 αἴσθησιν
1536 3955 1875 4027 κεκλημένος

276 4032 378 4103 τῆς
412 4033 568 4099 θείας
593 4037 783 4108 ὀργῆς,
826 4039 1105 4113 ἐπέσκηψε
1139 4044 1268 4116 περὶ
1297 4044 1506 4100 τούτων
1557 4049 1671 4111 τοῖς
1703 4050 1871 4118 ὴγου·

280 4124 469 4193 μένοις
501 4126 597 4180 τοῦ
661 4130 898 4203 Ἰσραήλ.
948 4134 1364 4206 Προσεκόμισάν
1405 4156 1462 4191 τε
1520 4137 1662 4193 οὕτω
1720 4140 1874 4211 μόλις

273 4214 516 4280 δεκάτας
544 4218 638 4272 καὶ
671 4221 948 4295 ἀπαρχὰς,
984 4226 1075 4279 καὶ
1099 4225 1284 4280 λοιπὸν
1308 4226 1631 4299 εἰσέδραμον
1660 4231 1873 4301 ἱερουρ-

275 4309 384 4379 γοὶ,
418 4310 659 4382 ἔστησάν
710 4332 770 4370 τε
819 4316 889 4371 τά
947 4319 1149 4390 συνήθη
1212 4319 1446 4392 δρῶντες
1506 4322 1564 4374 ἐν
1622 4321 1699 4393 τῷ
1733 4321 1868 4392 ναῷ.

1979 3146 2127 3192 retur
2147 3137 2213 3191 ⁸⁸.
2249 3137 2386 3193 liinc
2416 3140 2594 3192 omnia
2630 3139 2681 3192 in
2712 3141 2856 3210 agris
2886 3140 3281 3202 nim-iebautnr,
3306 3149 3361 3192 et
3388 3139 3558 3194 fames

1976 3224 2260 3296 saeviebat;
2291 3229 2417 3298 quin
2440 3244 2503 3283 eo
2535 3230 2880 3286 necessitatis
2930 3241 2987 3285 et
3021 3230 3216 3298 inopiae
3244 3230 3568 3297 redigebatr-

1978 3329 2086 3386 tur,
2120 3331 2178 3377 ut
2218 3322 2363 3392 ipsos
2416 3336 2632 3391 quoque
2681 3321 2880 3377 liberos
2927 3323 3183 3377 alimenta
3243 3323 3567 3378 habentibus

1977 3413 2217 3466 vendere
2261 3427 2367 3466 non
2394 3456 2397 3457 ν
2428 3412 2763 3480 refugerent,
2794 3413 2970 3468 donec
3011 3414 3230 3479 Esdras,
3275 3415 3452 3467 divina
3487 3415 3567 3467 ira

1979 3513 2290 3572 perspecta,
2344 3517 2508 3570 super
2556 3504 2637 3557 bis
2683 3505 2958 3573 principes
3011 3504 3177 3559 Israel
3235 3505 3563 3570 objurgavit.

1977 3592 2152 3661 Atque
2180 3592 2252 3646 ita
2283 3592 2519 3656 demum,
2550 3605 2856 3660 quanquam
2892 3592 3006 3656 vix,
3037 3591 3264 3646 decimae
3288 3601 3347 3644 et
3376 3589 3567 3657 primi-

1978 3685 2068 3739 tiae
2102 3685 2319 3750 oblatas,
2345 3695 2401 3738 et
2429 3699 2494 3738 ex
2524 3698 2588 3736 eo
2612 3683 2925 3739 sacerdotes
2953 3685 3004 3739 in
3039 3683 3295 3753 templum
3330 3682 3566 3751 regressi

1979 3787 2144 3838 stare.
2173 3786 2226 3831 et
2258 3787 2515 3832 consueta
2551 3794 2772 3832 munera
2802 3777 2955 3833 obire
2984 3787 3264 3845 creperum
3287 3775 3354 3831 ⁸⁸.
3391 3776 3568 3844 inquit

1976 3883 2126 3937 ergo,
2151 3886 2170 3919 ι
2199 3866 2379 3934 Quare
2397 3883 2491 3922 vos
2510 3882 2595 3922 me
2616 3869 3020 3937 supplautatis?
3045 3889 3063 3922 ›
3088 3869 3276 3923 Aunus
3306 3884 3564 3925 consum-

1976 3969 2155 4015 matus
2182 3967 2285 4025 est,
2335 3957 2539 4014 fructus
2561 3959 2796 4025 collecti,
2825 3971 2878 4015 et
2910 3960 3048 4027 apud
3087 3974 3184 4013 vos
3215 3960 3392 4013 adhuc
3437 3967 3567 4013 sunt

1975 4053 2199 4109 decima:
2249 4061 2305 4108 et
2332 4054 2583 4123 primitiae
2630 4054 2836 4123 legibus
2882 4054 3097 4107 debita».
3141 4070 3161 4104 ι
3192 4052 3257 4107 Et
3300 4053 3354 4106 iu
3404 4052 3566 4107 domo

1975 4157 2162 4198 eorum
2191 4142 2325 4208 erit,
2374 4143 2583 4211 inquit,
2629 4145 2818 4212 rapina
2868 4157 3092 4201 eorum:
3120 4159 3140 4193 ι
3184 4156 3247 4195 ac
3286 4142 3331 4196 si
3373 4141 3563 4197 dicat:

1973 4234 2364 4304 Comporlastis
2412 4235 2629 4304 quidem
2681 4237 2734 4290 in
2773 4236 2964 4291 domos
2996 4245 3204 4291 vestras
3250 4233 3479 4302 fructus,
3508 4244 3565 4290 et

1975 4325 2315 4379 arbitramini
2365 4325 2594 4379 forsitan
2652 4328 2804 4381 vobis
2853 4341 2947 4381 eos
3004 4327 3181 4381 salvos
3230 4336 3285 4381 et
3338 4335 3455 4380 tato
3508 4326 3563 4380 in

283 4419 301 4450 ι
341 4400 445 4454 Διά
465 4403 520 4455 τί
540 4405 741 4471 τοίνυν,
778 4409 967 4480 φησὶν,
1001 4410 1161 4480 ὑμεῖς
1211 4411 1312 4482 ἐμὲ
1344 4412 1696 4484 πτερνίζετε;
1739 4432 1758 4465 ι
1800 4414 1874 4467 Τὸ

1979 4418 2181 4472 aedibus
2216 4418 2485 4486 repositos
2510 4418 2646 4474 fore.
2677 4417 3037 4481 Evaucscent,
3062 4429 3116 4472 et
3144 4434 3172 4470 a
3200 4418 3404 4486 rapinis
3429 4413 3565 4470 nibil

277 4493 401 4558 ἔτος
440 4497 817 4572 συνετελέσθη,
855 4501 1204 4573 συνήχθησαν
1231 4505 1281 4556 οἱ
1310 4504 1538 4574 καρποὶ,
1596 4506 1691 4559 καὶ
1739 4498 1871 4579 παρ’

276 4584 411 4655 ὑμῖν
442 4586 525 4641 ἔτι
556 4589 626 4642 τά
653 4592 965 4658 ἐπιδέκατα,
989 4594 1082 4648 καὶ
1110 4596 1167 4649 αἱ
1202 4595 1341 4650 κατὰ
1371 4597 1569 4667 νόμους
1597 4597 1867 4669 ἀπαρχαί.

1979 4507 2248 4564 different.
2266 4510 2585 4580 Aliiigemini
2608 4512 2752 4567 enim
2779 4510 2944 4576 fante,
2968 4510 3182 4564 tametsi
3206 4511 3420 4563 inventa
3438 4521 3561 4562 cum

1978 4599 2176 4655 sudore
2205 4599 2518 4670 collegistis.

285 4700 302 4732 ι
335 4682 452 4735 Καὶ
480 4682 540 4735 ἐν
568 4680 644 4753 τῷ
682 4683 815 4753 οἴκῳ
842 4685 1008 4739 αὐτοῦ
1039 4685 1192 4741 ἔσται
1212 4729 1227 4754 ,
1293 4688 1480 4761 φησὶν,
1519 4691 1549 4760 ή
1625 4687 1903 4761 διαρπαγὴ
1975 4688 2162 4742 αὑτοῦ·
2186 4707 2205 4741 δ
2242 4690 2429 4757 ὅμοιον
2455 4691 2528 4756 ὡς
2556 4691 2604 4744 εἱ
2659 4690 2827 4760 λέγοιο
2881 4689 3319 4761 Συνεκομίσασθε
3374 4688 3474 4761 μὲν
3504 4689 3563 4757 ἐξ

280 4772 470 4845 ἀγρῶν
508 4772 714 4840 ἐντοῖς
742 4776 911 4840 οἴκοις
937 4779 1064 4842 τοὺς
1117 4783 1382 4851 καρποὺς,
1429 4781 1569 4854 τάχα
1629 4800 1733 4837 που
1767 4783 1861 4836 καὶ
1898 4780 2077 4835 οἴεσθε
2140 4780 2410 4848 σώζεσθαί
2447 4801 2509 4837 τε
2573 4785 2703 4855 ὑμῖν
2738 4785 2936 4845 αὐτοὺς
2958 4785 3051 4839 καὶ
3077 4781 3138 4839 εὖ
3193 4783 3405 4838 κεῖσθαι
3443 4782 3564 4838 λίαν

282 4865 337 4918 ἐν
368 4866 572 4929 αὐταῖς
593 4869 714 4930 ταῖς
737 4868 952 4932 οἰκίαις.
993 4870 1498 4943 Ἀφανισθήσονται,
1562 4875 1656 4928 καὶ
1713 4874 1863 4928 οὐδὲν
1899 4873 2213 4945 διαρπαγῆς
2263 4873 2456 4929 διοίσει
2519 4875 2581 4930 τὸ
2642 4876 2854 4951 χρῆμα.
2900 4875 3423 4949 Καταπιεσθήσεσθε
3452 4877 3564 4950 γὰρ

281 4958 445 5030 λιμῷ.
467 4958 646 5012 καίτοι
676 4959 1113 5029 συνενεγκόντες,
1144 4963 1296 5035 φησὶ,
1329 4965 1386 5018 ἐν
1409 4964 1592 5036 ἱδρῶτι
1622 4964 1775 5037 μόλις
1803 4964 1871 5019 τὰ
1909 4962 2209 5036 εὑρημένα.

347 5053 630 5126 Εἰσόμεθα
674 5048 768 5109 οὖν
824 5055 1119 5111 κάντεῦθεν
1161 5054 1350 5129 ἡμεῖς
1378 5058 1454 5122 ὡς
1489 5061 1546 5114 ἐν
1606 5061 1872 5133 μεγάλαις

281 5148 484 5212 αἰτίαις
514 5147 757 5202 κείσεται
785 5148 847 5201 τὸ
887 5149 962 5219 μὴ
1017 5149 1315 5219 προσάγειν
1360 5149 1479 5223 Θεῷ
1524 5152 1593 5206 τὰ
1652 5154 1872 5226 εὐχαριι

282 5240 482 5310 στήρια
503 5238 598 5291 καὶ
621 5237 683 5291 δν
730 5238 798 5292 ἂν
832 5238 1120 5310 χαρίσαιτο
1141 5238 1241 5311 τὴν
1269 5239 1545 5311 ἀρκοῦσαν
1573 5242 1870 5314 ἀπονέμειν

280 5327 470 5401 χώραν
492 5329 574 5392 εἰς
598 5327 754 5394 δόξαν
785 5328 975 5385 αὑτοῦ.
1019 5330 1164 5384 Ἀλλ’
1192 5332 1241 5384 εἱ
1280 5331 1378 5401 μὲν
1403 5332 1559 5386 τοῦτο
1588 5332 1735 5406 δρῴη
1746 5352 1866 5403 μεν,

282 5417 465 5488 πάντη
516 5435 577 5472 τε
633 5419 728 5474 καὶ
775 5418 996 5484 πάντως
1050 5421 1335 5494 εὐλογήσει
1389 5423 1484 5477 καὶ
1537 5424 1869 5495 ἀμφιλαφῶς

284 5509 560 5577 χαριεῖται
594 5507 663 5562 τά
692 5509 895 5583 ἀγαθά.
944 5512 1007 5566 Ei
1046 5510 1103 5565 δὲ
1128 5512 1192 5582 δὴ
1228 5512 1324 5585 τὴν
1357 5516 1516 5585 χεῖρα
1557 5516 1868 5571 συστείλαν-

2053 5059 2333 5116 Discemus
2387 5059 2512 5116 binc
2552 5060 2717 5115 etiam
2769 5075 2868 5115 nos
2908 5061 3089 5132 magni
3143 5060 3390 5117 criminis
3422 5061 3562 5116 'ioco

1970 5151 2273 5206 ducendum
2304 5167 2409 5206 non
2441 5151 2640 5208 offerre
2674 5152 2782 5207 Deo
2818 5152 3015 5221 quibus
3051 5152 3433 5222 gratitudinem
3465 5165 3559 5207 no-

1970 5251 2139 5297 stram
2164 5244 2520 5310 ostendimus,
2546 5253 2601 5300 et
2624 5260 2812 5315 agrum
2837 5260 2996 5315 quem
3022 5244 3112 5298 ille
3133 5243 3296 5298 victui
3330 5240 3559 5298 ferendo

1971 5333 2325 5391 subicientem
2352 5337 2651 5400 donaverit,
2679 5337 2746 5390 ad
2774 5335 3000 5406 gloriam
3034 5334 3123 5389 Dei
3152 5333 3376 5391 referre.
3403 5330 3560 5402 Quod

1972 5426 2018 5480 si
2053 5426 2335 5491 faciamus,
2380 5428 2707 5485 omnimodis
2755 5427 3038 5483 benedicet
3073 5434 3128 5481 et
3173 5422 3377 5479 aﬂ’atim
3421 5425 3558 5481 bom
3598 5479 3600 5481 ,

1974 5516 2253 5590 largietur.
2304 5518 2399 5577 Sin
2427 5530 2886 5586 autem,‘-manum
2923 5518 3330 5586 contrahentes,
3374 5528 3560 5575 nostro

355 5680 401 5714 ⁸³
429 5680 569 5740 Gen.
609 5698 776 5752 xxvtt,
807 5685 893 5741 56.
973 5687 1021 5719 ⁸⁵
1047 5686 1091 5742 ii
1119 5686 1274 5745 Esdr.
1305 5705 1424 5758 xm,
1470 5690 1533 5746 l5
1587 5658 1740 5764 seqq.
1816 5693 1859 5724 ³⁸
1895 5692 2110 5753 llr-3dr.
2147 5713 2194 5764 v,
2236 5697 2255 5751 l
2316 5713 2479 5769 seqq.
