4042 6196
473 291 577 347 347

1506 277 1564 334 8.
1605 274 1881 334 CYBILLI
1920 265 2398 330 ALEXANDBINI
2433 261 2754 322 ARCHIEP.
3660 251 3767 309 iis

477 396 844 453 tantummodo
886 396 1045 466 genio
1089 399 1310 462 accepta
1362 390 1779 457 reservabimus,
1811 405 1908 446 nec
1938 388 2050 443 ala-

2183 400 2266 449 ἐς,
2299 382 2488 453 μόναις
2509 381 2630 442 ταῖς
2655 375 2865 430 ἑαυτῶν
2898 373 3131 443 τρυφαῖς
3156 370 3216 423 τὸ
3244 369 3400 422 δοθὲν
3427 369 3766 440 τηρήσομεν,

471 489 639 546 eriter
663 488 790 543 aliis
823 487 917 542 Dei
958 485 1099 541 dona
1129 480 1735 540 cornmunicaverimus.

549 665 710 722 Vnus.
750 662 935 718 10—12.
978 660 1311 716 Revertimiui
1343 674 1502 729 porro
1534 659 1586 712 in
1631 659 1751 720 hoc,
1785 656 1909 709 dicit
1951 655 2057 708 Do-

475 756 648 809 minus
693 757 1041 820 omnipotens.
1071 751 1131 807 Si
1174 769 1275 806 non
1310 751 1545 818 aperiam
1594 750 1732 804 vobis
1767 758 2061 802 cataractas

476 850 610 914 cali,
642 861 692 903 et
733 849 1001 917 e/Iundant
1036 846 1175 901 vobis
1211 844 1620 897 benedictionem
1662 858 1861 904 meam,
1899 840 2062 892 donec

477 941 715 1011 suiﬁciat.
736 941 800 993 Et
830 935 1214 992 dividamvobis
1241 937 1294 989 in
1325 937 1518 989 cibum.
1546 931 1610 986 Et
1637 951 1738 986 non
1763 932 2064 998 disperdam

477 1033 618 1088 vobis
653 1034 884 1100 fructum
930 1042 1086 1085 terra:
1122 1039 1326 1090 vestrm,
1355 1037 1401 1081 et
1444 1043 1545 1080 non
1591 1024 1948 1093 iuﬁrmabitur
1983 1038 2065 1075 ve-

477 1131 588 1175 stra
627 1123 774 1175 vinea
832 1122 886 1173 in
921 1137 1070 1189 agro,
1113 1120 1238 1172 dicit
1289 1117 1543 1171 Dominus
1599 1115 1943 1180 omnipotens.
1997 1114 2062 1165 Et

481 1214 655 1266 beatos
697 1213 870 1264 dicent
912 1228 998 1266 vos
1028 1227 1205 1265 omnes
1236 1220 1431 1278 gentes,
1464 1207 1587 1278 quia
1623 1207 1770 1260 eritis
1812 1205 1936 1258 milii
1977 1219 2064 1258 vos

481 1316 622 1359 terra
651 1302 1030 1369 desiderabilis,
1058 1302 1182 1356 dicit
1213 1301 1468 1355 Dominus
1501 1301 1842 1365 omnipotens.

551 1567 718 1640 860
745 1564 988 1622 XXXIX.
1030 1563 1228 1620 Iterum
1293 1564 1518 1619 crimina
1576 1563 1832 1629 remittit,
1876 1573 1930 1617 et
1972 1579 2066 1618 eos

481 1663 627 1718 omni
651 1663 804 1730 culpa
823 1657 1076 1721 absolvit,
1107 1655 1504 1726 promittitque,
1533 1655 1784 1710 contritis
1799 1655 2068 1709 oblivione

2163 473 2274 528 οὐτ’
2304 473 2369 527 ἂν
2400 471 2717 540 ἐπιδοίημεν
2743 465 3040 537 προθύμως
3075 466 3190 528 τοῖς
3225 460 3410 524 ἄλλοις
3440 460 3520 521 είς
3549 459 3768 530 μέθεξιν

2161 567 2228 620 τὰ
2264 564 2419 636 παρὰ
2457 563 2592 616 Θεοῦ
2619 562 2944 632 δωρήματα.

2247 656 2685 724 Ἐπιστρέψατε
2717 651 2794 720 δὴ
2829 652 2898 704 ἐν
2928 651 3138 713 τούτῳ,
3175 645 3338 717 λέγει
3363 647 3584 714 Κύριος
3620 661 3772 698 :rar-

2163 748 2481 820 τοκράτωρ.
2531 747 2674 801 Ἐὰν
2697 743 2782 814 μὴ
2834 743 3059 807 dir-uilio)
3101 739 3244 809 ὑμῖν
3298 739 3442 804 τοὺς
3473 735 3773 806 καταρῤά-

2165 860 2314 907 κτας
2339 841 2443 895 τοῦ
2471 837 2755 909 οὐρανοῦ,
2790 836 2888 889 καὶ
2928 832 3118 902 ἐκχεῶ
3161 831 3280 898 τὴν
3318 830 3612 898 εὐλογίαν
3645 845 3771 897 μου

2165 933 2326 1002 ὑμῖν,
2355 932 2464 996 ἕως
2518 930 2624 984 τοῦ
2671 927 3060 994 ἱκανωθῆναι.
3119 925 3225 979 Καὶ
3268 921 3568 976 διαστελῶ
3625 919 3775 989 ὑμῖν

2164 1023 2526 1092 ειςβρῶσιν.
2562 1020 2670 1076 Καὶ
2727 1021 2800 1074 οὐ
2842 1019 2928 1087 μὴ
2970 1013 3278 1085 διαφθαρῶ
3319 1015 3462 1086 ὑμῖν
3492 1014 3598 1068 τὸν
3629 1031 3775 1081 acap-

2165 1117 2286 1171 πὸν
2317 1114 2424 1183 τῆς
2453 1111 2586 1182 γῆς,
2618 1110 2718 1165 καὶ
2751 1112 2823 1164 οὐ
2846 1109 2933 1179 μὴ
2984 1107 3305 1177 ἀσθενήσῃ
3351 1106 3520 1177 ὑμῶν
3585 1106 3622 1171 ἡ
3661 1106 3776 1176 ἆμ-

2166 1213 2353 1274 πελος
2413 1207 2450 1273 ἡ
2481 1205 2550 1259 ἐν
2591 1202 2671 1269 τῷ
2717 1201 2914 1272 ἀγρῷ,
2955 1200 3118 1270 λέγει
3163 1200 3383 1266 Κύριος
3426 1194 3773 1264 παντοκρὰο

2165 1317 2301 1369 τωρ.
2370 1297 2479 1354 Καὶ
2543 1293 2956 1365 μακαριοῦσιν
3003 1290 3162 1362 ὑμᾶς
3213 1291 3411 1345 πάντα
3460 1290 3533 1343 τὰ
3581 1289 3727 1356 ἔθνη
3757 1328 3774 1351 .

2165 1394 2315 1447 διότι
2347 1392 2565 1447 ἔσεσθε
2591 1386 2758 1457 ὑμεῖς
2786 1384 2862 1456 γῆ
2898 1384 3144 1453 θελητὴ,
3184 1382 3347 1454 λέγει
3374 1383 3594 1450 Κύριος
3627 1396 3778 1433 xar-

2165 1484 2485 1555 τοκράτωρ.

2238 1575 2359 1632 ΛΘ’.
2390 1575 2556 1630 Πάλιν
2606 1573 2820 1646 ἀνίησιν
2849 1571 3216 1642 ἐγκλημάτων
3241 1610 3255 1634 ,
3300 1567 3396 1621 καὶ
3425 1565 3775 1620 ἀπαλλάττει

2175 1671 2271 1741 μὲν
2293 1669 2489 1732 αὐτοὺς
2521 1666 2736 1736 ἁπάσης
2764 1664 2964 1728 αἰτίας,
2995 1664 3340 1734 ὑπισχνεῖται
3371 1660 3428 1713 δὲ
3459 1658 3555 1712 κοιλ¹
3593 1660 3782 1729 ἀμνη-

480 1753 720 1822 injuriis,
743 1729 926 1820 optata
963 1751 1322 1812 donaturum,
1351 1757 1402 1801 et
1436 1763 1533 1801 eos
1575 1761 1735 1816 supra
1765 1761 1926 1814 quam
1964 1745 2066 1799 dici

2183 1759 2414 1820 σικάκως
2439 1753 2750 1827 χαριεῖσθαι
2784 1753 2851 1806 τὰ
2867 1754 2999 1833 κατ’
3033 1752 3222 1822 εὐχὴν,
3241 1752 3334 1803 καὶ
3363 1751 3485 1812 ταῖς
3511 1748 3780 1802 ἐπέκεινα

480 1843 653 1915 possit
696 1841 1058 1896 muniﬁcentia
1110 1855 1206 1895 sua
1258 1848 1648 1894 recreaturum.
1708 1836 1829 1890 Vult
1887 1846 2068 1890 autem

480 1936 604 1990 illos
648 1935 761 2004 ipsa
802 1934 1138 2003 experientia
1174 1941 1229 1986 et
1270 1933 1432 1986 rebus
1468 1931 1679 1984 discere
1729 1927 2066 1982 fertilitatem

481 2028 735 2084 utilitatis
759 2026 1155 2098 plenissimam.
1188 2022 1254 2078 Et
1276 2064 1291 2088 ,
1340 2023 1384 2077 si
1417 2023 1517 2077 hoc
1550 2019 1729 2076 facere
1780 2037 1884 2075 non
1917 2037 2072 2076 recu-

481 2131 625 2185 sent,
660 2121 965 2192 pluviarum
995 2118 1383 2174 abundantiam
1415 2129 1469 2171 et
1500 2117 1932 2171 benedictionem
1964 2117 2071 2170 lar-

481 2227 603 2282 gain
649 2211 896 2280 spondet,
945 2221 1004 2264 ut
1047 2209 1452 2264 esculentorum
1493 2211 1630 2264 satis
1678 2219 1732 2263 et
1782 2209 2071 2277 plusquam

481 2304 618 2360 satis
663 2303 930 2366 habeant,
977 2302 1308 2370 omninoque
1339 2300 1552 2371 frugum
1611 2311 1766 2355 terra:
1808 2312 2070 2370 quantum

482 2395 652 2449 velint
685 2395 1007 2464 percipiant.
1043 2411 1062 2444 ι
1098 2391 1337 2446 Dividam
1371 2393 1538 2458 enim,
1577 2391 1772 2460 inquit,
1803 2391 1854 2444 iu
1889 2390 2071 2444 cibum

482 2489 659 2544 vobis.
688 2507 706 2542 ι
742 2486 988 2542 Verbum
1024 2487 1272 2542 Dividam
1327 2484 1716 2553 interpretare,
1761 2494 1852 2538 aut
1901 2482 2073 2552 Sepa-

484 2581 651 2644 rabo;
681 2588 772 2632 aut
796 2580 920 2648 quia
946 2593 1066 2646 qua:
1089 2592 1117 2630 e
1144 2588 1285 2630 terra
1312 2578 1626 2646 gignuntur,
1657 2575 2076 2644 unumquodque

484 2687 640 2727 suum
679 2681 892 2741 tempus
931 2670 1094 2724 habet
1125 2684 1233 2738 quo
1264 2669 1346 2723 vel
1381 2670 1581 2723 crescit
1612 2667 1695 2722 vel
1737 2667 2071 2722 maturescit.

485 2764 631 2821 Nihil
679 2780 842 2836 porro
891 2763 1203 2818 detrimenti
1255 2777 1539 2832 passurum
1589 2769 1748 2816 terra:
1800 2759 2072 2826 fructum,

484 2873 734 2928 magnam
781 2858 910 2912 item
951 2856 1065 2911 fore
1113 2870 1338 2909 uvarum
1372 2854 1579 2923 copiam
1605 2893 1621 2917 ,
1669 2861 1724 2908 et
1777 2852 1988 2907 vineam
2024 2852 2075 2905 in

485 2948 632 3019 agris
657 2947 1176 3010 luculentissimam,
1207 2959 1261 2999 ut
1293 2946 1361 2999 ad
1397 2946 1766 2998 maturitatem
1806 2942 2078 3014 perductis

2171 1849 2331 1916 λόγου
2365 1843 2791 1916 κατευφραίνειν
2849 1840 3211 1912 φιλοτιμίαις.
3273 1839 3532 1893 Βούλεται
3586 1839 3643 1892 δὲ
3685 1837 3782 1891 διὰ

2173 1939 2368 2010 πείρας
2392 1936 2590 1998 αὐτοὺς
2614 1935 2708 1988 καὶ
2747 1933 3090 2005 πραγμάτων
3130 1932 3459 2003 ἀναμαθεῖν,
3509 1929 3587 1992 ῶς
3616 1929 3779 1982 ἔσται

2175 2030 2390 2092 πάντως
2422 2029 2605 2092 αὐτοῖς
2633 2027 2693 2080 τὸ
2721 2027 3094 2097 καρποφορεῖν
3128 2025 3476 2095 ὀνησιφόρον.
3539 2023 3652 2076 Καὶ
3673 2065 3689 2090 ,
3725 2025 3778 2076 ει

2171 2122 2332 2175 τοῦτο
2353 2121 2484 2192 δρᾷν
2507 2119 2732 2182 ἕλοιντο,
2763 2116 3096 2172 καταδῶσειν
3129 2116 3525 2185 ἐπαγγέλλεται
3552 2117 3648 2170 καὶ
3675 2115 3777 2187 τὴν

2171 2212 2282 2266 τῶν
2312 2212 2481 2266 ὐετῶν
2535 2209 2765 2279 ἄφθονον
2793 2207 3099 2280 χορηγίαν,
3154 2206 3444 2277 ἀμφιλαφῆ
3489 2206 3545 2258 δὲ
3589 2208 3776 2276 νεῖμαι

2173 2304 2273 2375 τὴν
2302 2302 2573 2371 εὐλογίαν,
2607 2301 2682 2366 ὡς
2716 2300 2859 2372 ἔχειν
2900 2301 3101 2366 αὐτοὺς
3149 2300 3255 2352 τῶν
3307 2297 3585 2366 ἐδωδίμων
3614 2297 3780 2368 12,790-

2173 2412 2264 2448 νον
2315 2395 2412 2466 τὴν
2467 2393 2824 2464 αὐτάρκειαν,
2886 2394 2981 2447 καὶ
3029 2391 3365 2458 ἁπαξαπλῶς
3420 2391 3528 2444 τῶν
3563 2392 3626 2443 ἐκ
3670 2392 3777 2461 γῆς

2174 2487 2395 2557 ἀγαθῶν
2445 2485 2544 2557 τὴν
2601 2485 2932 2556 ἀποχρῶσαν
2981 2485 3220 2556 μέθεξιν.
3265 2505 3282 2535 ι
3317 2483 3593 2538 Διαστελῶ
3622 2483 3734 2554 γὰρ
3760 2524 3777 2546 ,

2177 2579 2362 2648 φησὶν.
2393 2578 2523 2648 ὑμῖν
2552 2579 2631 2642 είς
2661 2577 2884 2649 βρῶσιν.
2918 2597 2936 2628 ι
2975 2577 3048 2630 Τὸ
3081 2577 3136 2630 δὲ
3162 2574 3460 2630 διαστελῶ
3497 2576 3712 2647 νοήσεις
3741 2575 3779 2648 ἢ

2190 2669 2449 2741 Ἀφοριῶν
2483 2669 2650 2740 ἤγουν
2681 2670 2762 2722 ὅτι
2795 2667 2901 2721 τῶν
2961 2668 3024 2722 ἐκ
3079 2669 3182 2738 γῆς
3213 2668 3500 2739 φυομένων
3541 2667 3781 2720 ἕκαστον

2178 2761 2310 2815 ἴδιον
2333 2760 2444 2832 ἔχει
2479 2760 2690 2830 καιρὸν,
2719 2759 2843 2814 καθ’
2866 2760 2924 2814 δν
2955 2759 2987 2830 ἢ
3019 2760 3230 2830 γίνεται
3271 2759 3486 2832 τυχὸνῆ
3512 2761 3776 2813 πεπαίνε-

2177 2873 2288 2908 ται.
2317 2855 2438 2908 Ὅτι
2466 2853 2522 2907 δὲ
2559 2852 2762 2924 βλάϐης
2815 2853 3033 2924 ἀπάσης
3079 2853 3318 2924 ἀμείνων
3353 2853 3505 2906 ἔσται
3543 2854 3642 2924 τῆς
3674 2853 3782 2923 γῆς

2178 2948 2207 3000 δ
2236 2945 2468 3016 καρπὸς,
2507 2944 2846 3016 πολύϐοτρυς
2873 2945 2950 3010 δὲ,
3004 2945 3099 2998 καὶ
3155 2943 3470 3017 εὐοινιπάτη
3503 2944 3625 2998 λίαν
3649 2947 3683 3015 ἡ
3720 2946 3782 3000 ὲν

487 3039 761 3103 omnibus.
804 3038 1104 3107 pollicetur,
1135 3046 1191 3091 et
1227 3038 1451 3105 posthac
1483 3037 1674 3090 beatos
1715 3034 1792 3088 ait
1841 3035 1978 3098 fore,
2011 3048 2075 3088 ac

2183 3036 2370 3106 ἀγροῖς
2401 3035 2665 3104 ἄμπελος,
2694 3035 3036 3106 ὑπισχνεῖται
3097 3035 3307 3104 σαφῶς,
3357 3035 3431 3098 ῶς
3481 3039 3561 3100 εἰς
3602 3036 3782 3108 πέρας

486 3129 633 3185 velut
667 3140 866 3184 terram
901 3127 1313 3183 desiderabilem
1349 3127 1684 3182 nominatum
1719 3126 1806 3191 iri,
1843 3126 1944 3182 hoc
1971 3136 2073 3195 est,

495 3240 681 3281 amore
713 3225 955 3293 dignam,
992 3232 1210 3295 propter
1253 3223 1526 3278 fructuum
1574 3225 1881 3278 ubertatem
1910 3231 1964 3278 et
2001 3222 2079 3277 fc-

488 3317 846 3374 cunditatem.

559 3497 664 3567 Qui
721 3497 884 3568 igitur
935 3495 1098 3550 habet
1162 3493 1372 3550 viscera
1434 3493 1858 3562 misericordiae,
1916 3493 2079 3550 talem

490 3589 646 3658 plane
689 3583 1001 3658 experietur
1048 3586 1258 3653 Deum,
1318 3595 1374 3642 et
1423 3586 1718 3641 cumulabit
1767 3586 1820 3641 in
1890 3588 2077 3652 caelis,

489 3684 807 3750 fructusque
850 3680 1098 3733 laborum
1146 3693 1367 3734 suorum
1421 3678 1805 3743 manducabit,
1845 3687 1905 3734 ut
1945 3680 2082 3734 scri-

490 3780 640 3841 ptum
677 3782 760 3825 est
779 3769 844 3820 ⁸⁸.
881 3768 990 3820 Nec
1037 3767 1182 3822 illum
1230 3768 1490 3822 immitem
1533 3778 1588 3824 et
1639 3770 2074 3825 amentissimum

490 3863 711 3916 divitem
769 3859 1090 3919 imitabitur,
1138 3873 1298 3926 quem
1340 3859 1393 3911 in
1453 3859 1709 3926 parabola
1761 3863 2079 3932 evangeliea

493 3951 746 4008 Salvator
777 3951 956 4004 villam
990 3965 1145 4005 suam
1182 3947 1494 4018 implevisse
1545 3959 1748 4004 narrat.
1795 3951 1885 4006 ille
1934 3954 2079 4007 enim

487 4047 673 4102 aiebat
706 4062 720 4100 :
760 4043 948 4111 «Quid
989 4041 1225 4098 faciam?
1276 4041 1558 4096 Destruam
1610 4043 1807 4098 horrea
1847 4059 1995 4109 mea,
2028 4054 2084 4100 et

493 4138 694 4206 majora
724 4136 940 4197 faciam,
967 4145 1022 4189 et
1048 4134 1225 4189 dicam
1249 4133 1443 4188 animae
1474 4148 1605 4188 mea:
1631 4151 1644 4188 :
1668 4134 1885 4201 Anima,
1917 4136 2083 4192 habes

491 4232 662 4284 multa
705 4227 841 4282 bona
891 4227 1128 4296 reposita
1184 4225 1237 4280 in
1289 4239 1460 4279 annos
1497 4225 1777 4293 plurimos.
1830 4226 2081 4294 comede,

495 4320 640 4385 bibe,
672 4318 854 4373 laetare
874 4317 941 4370 ⁸⁷.
970 4335 988 4368 ι
1025 4315 1292 4385 Cogitanti
1335 4326 1515 4369 autem
1551 4315 1678 4370 talia
1721 4327 1774 4371 et
1810 4315 2081 4387 ignoranti

2181 3127 2584 3198 ὲνηνεγμὲνων,
2639 3125 2942 3198 μακαρίους
2983 3127 3042 3180 τέ
3084 3145 3248 3197 φησιν
3282 3127 3502 3183 ἔσεσθαι
3543 3128 3734 3183 λοιπὸν
3761 3171 3781 3196 ,

2181 3220 2270 3272 καὶ
2297 3213 2388 3273 οἷά
2419 3236 2541 3272 τινα
2598 3218 2702 3289 γῆν
2758 3218 2991 3291 θελητὴν
3035 3219 3438 3290 ὀνομάζεσθαι,
3490 3221 3780 3291 τουτέστι,

2177 3310 2277 3382 τὴν
2304 3310 2623 3382 ἀξιέραστον
2653 3309 2740 3366 διά
2763 3328 2820 3365 τε
2847 3311 2945 3383 τὴν
2999 3313 3332 3384 εὐκαρπίαν,
3362 3314 3473 3382 ,καὶ
3504 3315 3588 3368 ὅτι
3633 3332 3783 3382 γονιο

2183 3403 2432 3475 μωτάτη.

2250 3491 2460 3546 Οὐκοῦν
2497 3491 2551 3546 εῐ
2576 3509 2659 3556 τις
2693 3491 2808 3562 ἔχει
2857 3493 3143 3566 σπλάγχνα
3191 3496 3514 3568 οἰκτιρμῶν,
3549 3497 3787 3571 τοιούτῳ

2181 3585 2246 3656 δὴ
2275 3589 2490 3648 πάντως
2539 3583 2915 3654 περιτεύξεται
2945 3585 3022 3658 τῷ
3053 3586 3193 3658 Θεῷ.
3249 3588 3342 3641 καὶ
3379 3588 3780 3658 άποσωρεύσει

2185 3678 2281 3747 μὲν
2304 3677 2362 3728 ὲν
2385 3677 2654 3746 οὐρανοῖς,
2689 3676 2920 3744 φάγεται
2949 3676 3006 3728 δὲ
3051 3678 3180 3742 τούς
3223 3679 3472 3750 καρποὺς
3502 3679 3608 3731 τῶν
3634 3681 3785 3732 ἰδίων

2183 3770 2380 3833 πόνων,
2434 3769 2577 3822 κατὰ
2628 3769 2688 3820 τὸ
2719 3769 3130 3839 γεγραμμένον.
3180 3772 3292 3825 Καὶ
3342 3771 3443 3825 οὐκ
3479 3771 3630 3826 ἔσται
3661 3776 3784 3827 κατ’

2183 3861 2390 3912 ἐκεῖνον
2447 3859 2538 3914 τὸν
2569 3861 2752 3930 ἀπηνῆ
2803 3877 2860 3913 τε
2903 3860 2995 3914 καὶ
3047 3862 3378 3916 ἀνούστατον
3414 3863 3693 3929 πλούσιον,
3725 3864 3787 3918 ὃν

2181 3952 2281 4022 τὴν
2310 3950 2490 4021 χώραν
2523 3952 2969 4022 ὲμπεφορηκέναι
3005 3953 3169 4024 φησὶν
3204 3956 3231 4007 ὁ
3272 3954 3462 4027 Σωτὴρ
3507 3956 3564 4007 ὲν
3598 3973 3786 4028 παρα-

2184 4042 2365 4106 ϐολαῖς
2389 4043 2791 4111 εὐαγγελικαῖς.
2823 4044 2882 4096 ’0
2903 4045 3002 4114 μὲν
3018 4045 3128 4117 γάρ
3160 4045 3386 4116 ἔφασκε⁸
3416 4068 3433 4098 ι
3453 4047 3518 4100 Τί
3545 4051 3785 4119 ποιήσως

2184 4133 2412 4188 Καθελῶ
2450 4151 2551 4204 μου
2603 4135 2701 4198 τὰς
2750 4135 3072 4207 ἀποθήκας,
3137 4140 3228 4192 καὶ
3277 4138 3534 4210 μείζονας
3582 4141 3788 4196 οἰκοδο-

2188 4225 2367 4296 μήσω,
2399 4224 2493 4276 καὶ
2549 4223 2661 4294 ἐρῶ
2707 4227 2773 4296 τῇ
2822 4225 2970 4296 ψυχῇ
3010 4244 3132 4298 μου·
3163 4228 3349 4300 Ψυχὴ,
3413 4229 3558 4299 ἔχεις
3603 4231 3789 4298 ἀγαίδα

2186 4315 2414 4384 κείμενα
2443 4315 2521 4376 είς
2550 4313 2645 4385 ἔτη
2671 4314 2861 4380 πολλὰ,
2895 4319 3056 4385 φάγε,
3088 4318 3200 4379 πίε,
3229 4319 3548 4390 εὐφραίνου.
3578 4338 3596 4371 ι
3655 4321 3759 4373 Σκε

493 4415 696 4478 futura,
736 4412 914 4466 Deus:
951 4427 970 4462 ι
1003 4409 1210 4474 Stulte,
1252 4408 1458 4478 inquit,
1493 4408 1595 4462 hac
1631 4419 1789 4464 nocte
1839 4417 2075 4479 repetent

2195 4407 2450 4478 πτομένῳ
2505 4407 2562 4461 δὲ
2605 4407 2672 4461 τὰ
2731 4408 2959 4463 τοιαῦτα
3014 4411 3110 4464 καὶ
3155 4411 3545 4481 ἀμαθαίνοντι,
3613 4414 3748 4473 Θεὸς

491 4522 525 4560 a
579 4515 630 4560 te
679 4505 916 4557 animam
975 4512 1171 4556 tuam:
1227 4516 1348 4570 quae
1400 4511 1578 4554 autem
1641 4503 1878 4569 parasti,
1929 4502 2083 4569 cujus

493 4596 759 4652 erant“?
786 4615 805 4648 ι
839 4595 1234 4662 Quamobrem,
1278 4602 1335 4646 ut
1374 4593 1652 4657 dicebam,
1707 4593 2085 4649 benedictione

493 4692 683 4763 plenus
709 4700 794 4748 est
820 4707 916 4744 sua
948 4690 1378 4746 communicans.
1402 4689 1738 4742 Talis-etiam
1773 4690 2084 4758 spirituales

499 4786 700 4838 imbres
737 4799 833 4839 cor
865 4783 982 4851 ejus
1031 4781 1322 4851 irrigantes
1363 4791 1420 4834 et
1468 4777 1672 4832 affatim
1718 4781 2085 4835 exhilarantes

495 4875 753 4943 accipiet,
793 4874 1120 4942 pietatisque
1173 4871 1386 4926 fructus
1423 4871 1704 4940 producet,
1757 4871 1891 4926 alias
1927 4871 2084 4926 aliter

495 4978 549 5023 et
585 4965 730 5020 velut
771 4965 1008 5028 divisim,
1041 4965 1236 5033 partint
1275 4965 1565 5030 cltaritate,
1600 4964 1795 5034 partim
1831 4963 2084 5033 benigni-

497 5071 611 5118 tate
641 5068 696 5114 et
735 5057 1070 5112 humanitate
1105 5057 1406 5125 reciproca,
1444 5056 1869 5130 fortitudinetu
1904 5068 1958 5113 et
1989 5074 2084 5128 pa-

500 5152 689 5209 tientia
718 5148 1027 5207 excellens:
1059 5150 1272 5218 eritque
1299 5149 1440 5203 sicut
1471 5160 1613 5205 terra
1645 5149 1802 5205 beata
1836 5151 2082 5222 frugibus

496 5255 554 5303 et
601 5243 1013 5308 fecundissima,
1065 5242 1354 5310 clarusque
1401 5251 1456 5297 et
1507 5243 1756 5310 celebris,
1811 5253 1866 5299 et
1897 5260 2081 5300 revera

499 5333 658 5406 longe
692 5333 1056 5390 beatissimus.
1092 5350 1110 5383 ι
1144 5331 1333 5386 Melius
1369 5341 1450 5387 est
1485 5333 1628 5387 enim
1662 5349 1857 5389 nomen
1882 5333 2080 5390 bonum

497 5441 660 5496 quam
688 5429 884 5485 divitiae
914 5427 1152 5491 multae,»
1186 5433 1242 5480 ut
1271 5425 1530 5494 scriptum
1557 5435 1638 5481 est
1661 5424 1706 5457 '°

581 5691 628 5726 “
661 5692 801 5747 Psal.
841 5708 1045 5762 cxxvu,
1095 5695 1147 5749 ἓ.
1226 5694 1268 5727 ⁸⁷
1305 5692 1435 5750 Luc.
1479 5709 1578 5758 xu,
1619 5693 1802 5747 I7-l9.

1881 5691 1925 5723 "
1953 5690 2084 5749 Ibid.
2137 5691 2225 5746 20.

2192 4520 2210 4553 ι
2255 4500 2493 4570 Ἀφρον,
2531 4501 2726 4570 φησὶ,
2797 4500 2969 4573 ταύτῃ
3021 4505 3088 4573 τῇ
3123 4503 3282 4556 νυκτὶ
3338 4504 3439 4574 τὴν
3478 4505 3662 4576 ψυχήν
3699 4523 3788 4558 σου

2186 4593 2511 4646 ἀπαιτοῦσιν
2550 4593 2657 4646 ἀπὸ
2689 4591 2802 4646 σοῦ’
2845 4594 2880 4648 ὃ.
2912 4595 2966 4647 δὲ
3003 4594 3331 4666 ἡτοίμασας,
3371 4597 3475 4648 τίνι
3539 4596 3725 4656 Eant;
3766 4621 3781 4647 ι

2188 4683 2420 4750 Οὐκοῦν,
2456 4684 2532 4744 ὡς
2561 4685 2717 4756 ἔφην,
2741 4685 2996 4754 εὐλογίας
3023 4687 3274 4757 ἔμπλεως
3294 4688 3322 4738 δ
3356 4690 3694 4754 κοινωνικός.
3731 4691 3785 4741 ’0

2187 4774 2430 4837 τοιοῦτος
2458 4773 2567 4838 ἕξει
2606 4777 2698 4828 καὶ
2749 4779 2976 4848 νοητοὺς
3029 4779 3218 4839 ὐετούς
3265 4777 3639 4850 κατάρδοντας
3692 4783 3780 4850 τὴν

2191 4866 2419 4938 καρδίαν
2453 4867 2544 4919 καὶ
2589 4868 2790 4933 ἱκανῶς
2841 4871 3366 4941 κατευφραίνοντας,
3403 4871 3500 4924 καὶ
3532 4874 3661 4937 τούς
3692 4874 3785 4942 τῆς

2191 4958 2472 5022 εὐσεϐείας
2503 4958 2728 5012 ἐκδώσει
2755 4961 3023 5031 καρποὺς.
3056 4961 3245 5016 ἄλλοτε
3287 4962 3464 5026 ἄλλως
3494 4964 3591 5016 καὶ
3623 4965 3790 5018 οἱονεί

2197 5064 2314 5110 πως
2341 5047 2777 5119 διεσταλμένα-υς,
2817 5051 2976 5104 τοῦτο
3009 5051 3106 5122 μὲν
3131 5053 3342 5124 ἀγάπῃ,
3375 5053 3535 5105 τοῦτο
3560 5053 3617 5106 δὲ
3651 5073 3793 5126 χρη-

2199 5139 2414 5210 στότητι
2475 5141 2567 5194 καὶ
2631 5141 2973 5214 φιλαλληλία,
3013 5142 3236 5215 ἀνδρεία
3288 5162 3348 5198 τε
3396 5146 3491 5198 καὶ
3537 5147 3790 5218 ὑπομονῇ

2189 5231 2522 5303 διαπρέπων·
2577 5232 2727 5286 ἔσται
2759 5234 2814 5287 δὲ
2854 5229 2940 5290 οἷά
2967 5253 3052 5297 τις
3094 5235 3372 5308 εὖκαρπος
3413 5236 3508 5291 καὶ
3540 5254 3789 5307 γονιμω-

2188 5326 2324 5397 τάτη
2360 5327 2451 5396 γῆ,
2488 5326 2737 5396 λαμπρός
2790 5343 2849 5380 τε
2881 5329 2975 5381 καὶ
3027 5328 3311 5400 διαϐόητος
3346 5328 3436 5383 καὶ
3473 5330 3790 5402 τρισμακά-

2197 5435 2305 5489 ριος
2335 5417 2570 5485 ἀληθῶς.
2609 5436 2624 5466 ι
2651 5416 2880 5488 Αἱρετὸν
2917 5419 3024 5493 γὰρ
3073 5421 3248 5493 ὄνομα
3293 5421 3455 5476 καλὸν
3490 5423 3523 5494 ἢ
3559 5417 3790 5476 πλοῦτος

2193 5509 2378 5572 πολὺς,
2413 5529 2431 5561 ι
2466 5507 2648 5572 καθὼς
2676 5509 3005 5584 γέγραπται.

2305 5689 2349 5724 ⁸⁹
2387 5689 2548 5746 Prov.
2579 5708 2711 5757 uti,
2747 5691 2794 5746 i.
