4042 6196
290 237 404 293 ὖ⁴9
1113 250 1668 308 COMMENTARIUS
1708 250 1778 307 IN
1817 247 2226 307 MALACHIAM
2272 247 2720 307 PROPIIETAM.
3481 254 3589 309 350

378 362 733 432 ἐϐαρύνετε
764 365 856 418 ἐπ’
879 366 984 436 ἐμὲ
1020 370 1164 436 τοὺς
1199 371 1424 441 ,λόγους
1474 373 1663 441 ὑμῶν,
1716 370 1880 441 λέγει
1911 373 1959 429 Δ

2059 366 2222 423 Vsus.
2259 367 2448 423 15-15.
2501 366 2875 438 Ingravabatis
2915 385 3070 436 super
3095 388 3176 424 nte
3210 372 3360 426 verba
3391 381 3578 438 vestra,

289 456 535 521 Κύριος,
601 455 700 509 καὶ
757 457 984 514 εἴπατεο
1058 461 1162 516 Ἕν
1205 465 1322 518 τίνι
1384 463 1885 532 κατελαλήσαμεν

1990 453 2116 506 dicit
2156 452 2436 515 Dominus,
2475 463 2524 506 et
2559 453 2772 505 dixistis
2807 467 2827 506 :
2870 450 2938 505 In
2981 467 3084 522 quo
3132 452 3360 507 oblocuti
3405 470 3586 507 sumus

289 547 447 600 κατὰ
468 546 626 612 σοῦ;
675 548 918 604 Εἴπατε·
971 554 1235 622 Μάταιος
1290 559 1323 611 ό
1373 555 1685 612 δουλεύων
1723 553 1883 618 Θεῷ,

1990 556 2172 600 contra
2220 548 2308 600 te?
2339 544 2609 599 Diaistis:
2652 545 2830 600 Vanus
2865 545 2955 614 qui
2999 547 3157 598 servit
3206 544 3335 610 Deo,
3378 555 3426 598 et
3460 546 3586 614 quid

293 637 396 692 sca!
442 639 503 692 τί
537 638 764 706 πλέον,
811 643 902 696 ὅτι
958 644 1348 716 ἐφυλάεαμεν
1400 647 1472 701 τὰ
1527 645 1889 716 gold-mata

1991 639 2410 710 amplius,86l
2432 641 2554 703 quia
2576 639 2945 692 custodirimus
2963 640 3212 690 mandata
3237 637 3375 705 ejus,
3396 647 3442 690 et
3466 638 3587 705 quia

291 730 509 794 αὑτοῦ,
535 731 633 784 καὶ
669 731 821 787 διότι
852 735 1263 806 ἐπορεύθημεν
1302 738 1486 793 ἱκέται
1534 738 1650 805 πρὸ
1696 753 1886 806 προσ-

1992 731 2372 784 ambulaoituns
2413 732 2672 797 supplices
2698 741 2818 784 ante
2857 731 3044 797 faciem
3087 728 3298 781 Domini
3351 729 3588 788 omnino-

289 819 463 874 ώπου
495 822 718 888 Κυρίου
741 825 1256 894 παντοκράτορος;
1289 829 1396 882 Καὶ
1437 828 1554 881 νῦν
1588 829 1761 897 ἡμεῖς
1777 844 1885 897 μα‹

1994 822 2264 876 tentisNII
2285 839 2422 876 nunc
2453 838 2545 874 nos
2575 825 2748 875 beatos
2766 824 2993 876 dicimus
3024 823 3241 883 alienos,
3277 833 3322 874 et
3350 822 3590 885 eamdi/i-

291 909 616 978 καρίζομεν
640 912 1023 981 ἀλλοτρίους,
1052 918 1148 971 καὶ
1177 919 1710 988 ἀνοικοδομοῦνταῖ
1747 917 1887 973 πάνυ

1991 926 2184 967 cantur
2213 931 2390 967 omnes
2420 916 2510 984 qui
2557 915 2765 983 faciunt
2812 916 2994 984 iniqua
3022 925 3068 967 et
3101 914 3404 967 restiterunt
3441 913 3546 967 Deo
3568 953 3583 979 ,

291 1017 398 1066 τες
427 1001 745 1070 ποιοῦντες
781 1004 1005 1075 ἄνομα,
1041 1009 1136 1062 καί
1171 1010 1560 1078 ἀντέστησαν
1598 1010 1678 1077 τῷ
1730 1010 1852 1076 Θεῷ
1872 1052 1884 1076 ,

1990 1017 2042 1062 et
2073 1008 2205 1062 salvi
2237 1009 2367 1076 [acti
2393 1020 2533 1062 sunt.
2574 1007 2701 1062 Haec
2740 1008 2966 1062 oblocuti
2996 1017 3113 1060 sunt
3147 1009 3235 1074 qui
3269 1008 3447 1060 timent
3481 1006 3585 1059 Do-

292 1094 397 1148 καὶ
422 1094 765 1164 ἐσώθησαν.
806 1098 998 1154 Ταῦτα
1031 1103 1466 1172 κατελὰλησίιν
1506 1109 1562 1160 ot
1590 1107 1881 1175 φοϐούμε-

1991 1103 2214 1163 minum,
2242 1104 2594 1173 unusquisque
2621 1104 2689 1158 ad
2723 1105 3020 1174 proximum
3049 1119 3223 1186 suum.
3259 1101 3328 1156 Et
3362 1100 3586 1154 attendit

289 1202 392 1239 νοι
419 1187 530 1240 τὸν
557 1186 795 1256 Κύριον,
826 1190 1086 1260 ἕκαστος
1124 1195 1270 1263 πρὸς
1317 1197 1424 1249 τὸν
1473 1199 1741 1265 πλησίον
1784 1199 1885 1251 αὑ-

1008 1210 1086 1260 ὀς
1124 1195 1270 1263 πρὸς
1317 1197 1424 1249 τὸν
1473 1199 1741 1265 πλησίον
1784 1199 1890 1251 αὑ·
1994 1192 2275 1256 Dominus,
2304 1203 2352 1247 et
2383 1194 2604 1249 audivit.

287 1276 425 1331 τοῦ.
457 1279 569 1332 Καί
605 1283 914 1353 προσέσχε
940 1286 1174 1354 Κύριος,
1205 1288 1300 1340 καί
1327 1288 1677 1354 είσήνουσε.

260 1395 268 1440 ι
363 1369 457 1424 Μ’.
507 1372 637 1424 Ὅτε
685 1374 839 1437 τινὰς
887 1375 993 1428 τῶν
1042 1378 1338 1449 γνωρίμων
1395 1380 1770 1452 ὠλισθήκότας
1809 1386 1856 1437 εί

2069 1370 2186 1427 XL.
2213 1371 2457 1438 Quando
2480 1373 2748 1441 quosdam
2782 1382 2938 1428 notos
2966 1384 3019 1427 et
3045 1372 3250 1427 amicos
3281 1373 3334 1426 in
3391 1386 3585 1440 pecca-

285 1465 579 1536 ἁμαρτίαν
608 1469 946 1541 ἐπανορθοῦν
980 1472 1142 1546 ἐθέλῃ
1180 1474 1335 1538 Θεὸς,
1373 1477 1747 1548 παρακομίζει
1789 1479 1881 1548 μὲν

1994 1473 2106 1520 tum
2149 1463 2430 1532 prolapsos
2471 1466 2746 1534 corrigere
2791 1465 2904 1518 vult
2939 1464 3100 1527 Dens,
3126 1467 3180 1519 in
3220 1464 3458 1518 medium
3483 1465 3580 1517 ad.

286 1559 374 1618 εἰς
407 1557 577 1626 μέσον
605 1559 676 1612 τὰ
713 1560 1132 1632 διεπταισμένα,
1163 1564 1426 1637 διελέγχει
1453 1568 1509 1621 δὲ
1546 1569 1754 1637 σαφῶς,
1787 1570 1882 1624 ,καὶ

1995 1557 2150 1612 ducit
2182 1557 2443 1617 admissa,
2477 1565 2530 1610 et
2554 1566 2743 1627 aperte
2773 1557 3065 1625 redarguit,
3109 1570 3162 1612 et
3191 1556 3582 1626 expostulaudo

288 1643 408 1700 οἷον
441 1648 670 1721 πλήττει
703 1657 970 1724 μομφαῖς,
1000 1655 1086 1708 ἵνα
1117 1659 1229 1721 τοῖς
1271 1658 1418 1723 ίδίοις
1450 1661 1884 1732 ὲπερυθριῶντες

1994 1648 2392 1718 quodammodo
2421 1649 2564 1713 ferit,
2599 1659 2656 1701 ιιι
2690 1648 2899 1702 delictis
2932 1651 3045 1704 suis
3079 1648 3463 1702 erubescentes
3514 1649 3582 1703 ad

292 1741 402 1810 πλη
412 1713 596 1813 μμελή
606 1713 771 1813 μασιν
781 1713 997 1816 ’ἕλξων-τό
1018 1764 1076 1800 τε
1105 1713 1440 1822 μεταφοιτᾷσν
1464 1713 1567 1806 ἐπὶ.⁵
1582 1713 1887 1824 τᾷιάμείνω

1996 1743 2216 1798 meliora
2247 1755 2301 1797 et
2335 1745 2551 1799 utiliora
2590 1741 2825 1795 transire
2861 1742 3046 1805 velint,
3074 1752 3128 1794 et
3163 1741 3231 1792 ita
3266 1741 3384 1807 ejus
3420 1739 3583 1794 mise-

295 1837 388 1887 καὶ
416 1834 840 1907 χρησιμώτερα,
884 1839 1110 1893 σωθεῖέν
1142 1859 1200 1895 τε
1232 1842 1394 1907 οὕτω,
1433 1845 1526 1898 τὸν
1552 1846 1683 1918 παρ’
1717 1847 1884 1901 αὑτοῦ

1993 1837 2224 1892 rirordia
2258 1839 2526 1906 exquisita
2565 1878 2578 1900 ,
2615 1835 2842 1890 salutem
2878 1833 3188 1887 obtineant.
3220 1834 3451 1886 Accusat
3485 1831 3584 1901 igi-

303 1926 638 1996 ζητήσαντες
690 1928 854 1983 ἔλεον.
905 1931 1158 2000 Αἰτιᾶται
1209 1935 1389 1988 τοίνυν
1437 1937 1530 1990 καὶ
1576 1939 1660 2004 ἐφ’
1713 1939 1886 2011 ἑτέρῳ

1992 1939 2082 1985 tur
2113 1941 2166 1986 et
2200 1941 2416 2000 propter
2441 1931 2584 1985 aliud
2609 1929 2900 1992 lsraelitas,
2921 1936 2978 1982 et
3031 1927 3176 1981 velut
3234 1940 3580 1980 communem

304 2019 404 2069 τινὶ
440 2019 571 2082 τοὺς
617 2019 676 2086 ἐξ
715 2019 968 2093 Ἰσραὴλ,
1001 2025 1094 2077 καὶ
1141 2027 1331 2097 κοινὴν
1380 2027 1569 2101 ὥσπερ
1620 2031 1742 2084 τινὰ
1790 2032 1884 2084 καὶ

1992 2025 2277 2092 quamdam
2305 2023 2535 2092 posteris
2594 2039 2809 2092 quoque
2857 2023 3095 2090 ipsorum
3157 2019 3580 2085 increpationem

295 2115 405 2175 τοῖς
436 2114 555 2182 μετ’
586 2114 786 2178 αὐτοὺς
811 2115 1088 2185 ὲξυφαίνει
1127 2120 1225 2190 τὴν
1255 2122 1565 2192 ἐπίπληξιν,
1607 2124 1666 2177 τὸ
1693 2125 1884 2197 χρῆμα

1991 2116 2252 2179 contexit,
2285 2129 2404 2167 cum
2438 2113 2606 2168 sciret
2637 2113 2688 2166 id
2727 2111 3072 2167 commodum
3105 2119 3160 2165 et
3182 2109 3417 2165 salutare
3441 2107 3586 2162 futu-

295 2201 454 2267 εἰδὼς
487 2204 772 2274 ἑπωερελὲς
804 2207 976 2261 ἅπασι
1000 2210 1094 2262 καὶ
1135 2213 1420 2283 σωτήριον.
1453 2215 1593 2268 Ὅσα
1625 2217 1733 2287 γὰρ
1771 2221 1884 2281 τοῖς

1993 2223 2112 2261 rum
2144 2207 2416 2261 omnibus.
2453 2205 2808 2272 Qumcuuque
2846 2205 2989 2260 enim
3025 2202 3262 2270 antiquis
3291 2202 3397 2256 illis
3422 2202 3475 2255 in
3521 2199 3584 2254 ii-

293 2292 404 2362 πρὸ
457 2294 619 2363 ἡμῶν
671 2295 986 2367 συμϐέϐηκε
1032 2301 1299 2365 τυπικῶς,
1347 2304 1519 2358 ταῦτα
1573 2307 1882 2378 γέγραπται

1992 2313 2124 2370 gnra
2153 2299 2518 2370 contigerunt,
2544 2297 2610 2352 ad
2657 2308 2898 2351 nostram
2946 2297 3344 2366 correptionem
3383 2295 3584 2362 scripta

295 2386 436 2456 πρὸς
489 2386 773 2440 νουθεσίαν
823 2390 1028 2460 ἡμῶν,
1078 2392 1224 2447 καθά
1275 2413 1438 2466 φησιν
1487 2400 1515 2451 6
1573 2400 1884 2468 σοφώτατος

1991 2401 2136 2453 stunt,
2157 2391 2294 2445 sicut
2340 2401 2396 2446 et
2439 2391 2874 2460 sapientissimus
2915 2390 3115 2444 Paulus
3164 2387 3330 2442 ait".
3364 2385 3585 2442 Incusat

295 2476 532 2540 Παῦλος.
578 2480 828 2534 Αἰτιᾶται
872 2481 1051 2536 τοίνυν
1081 2483 1206 2548 τοὺς
1247 2486 1755 2558 ἀθυροστομοῦντας
1795 2493 1886 2544 αὑο

1989 2499 2120 2551 ergo
2148 2501 2240 2540 eos
2269 2496 2321 2538 et
2342 2485 2521 2553 lingua
2550 2483 2952 2538 incontinentes
2974 2491 3030 2536 et
3062 2481 3244 2535 verbis
3277 2478 3583 2533 maledictis

292 2568 423 2632 τοὺς
443 2570 538 2621 καὶ
563 2569 952 2642 παλιμφήμοις
971 2574 1182 2644 ῥήμασι
1211 2577 1532 2631 καταλαλεῖν
1549 2581 1880 2650 ᾑρημένους.

1991 2575 2222 2629 deditos.
2247 2575 2424 2643 lnquit
2451 2574 2630 2628 enim:
2669 2593 2688 2625 ι
2724 2571 3050 2642 Ingravastis
3094 2586 3258 2639 super
3305 2585 3389 2622 me
3420 2571 3581 2624 verba

300 2660 680 2730 «Έδαρύνατε
738 2663 869 2734 γὰρ,
939 2667 1126 2735 φησιν,
1191 2669 1276 2720 ἐπ’
1339 2671 1437 2739 ἐμὲ
1503 2675 1632 2736 τοὺς
1692 2673 1884 2743 λόγους

1993 2677 2224 2720 vestra.»
2248 2666 2365 2732 Quo
2393 2678 2575 2720 autem
2608 2665 2768 2720 modo
2789 2665 2860 2718 illi
2893 2663 3326 2719 obtrectarunt?‘
3343 2663 3580 2728 Dixistis,

297 2750 479 2820 ὑμῶν.
515 2770 533 2803 ι
575 2751 682 2804 Καὶ
704 2755 856 2818 ποῖος
885 2750 954 2826 ἦν
982 2757 1090 2827 ἄρα
1120 2759 1218 2827 τῆς
1254 2761 1636 2827 καταλαλιᾶςό
1657 2766 1880 2838 τρόπος;

1990 2758 2168 2827 inquit
2203 2776 2216 2812 :
2251 2776 2270 2810 ι
2303 2759 2484 2812 Vanus
2517 2767 2597 2812 est
2633 2758 2722 2826 qui
2758 2758 2925 2812 servit.
2953 2755 3115 2819 Deo,»
3152 2767 3202 2809 et
3243 2755 3374 2810 nihil
3409 2755 3584 2809 facere

300 2863 322 2896 s
365 2843 606 2907 Εἴπατε,
658 2848 825 2915 φησί·
876 2849 1119 2915 Μάταιος
1156 2853 1185 2904 6
1229 2853 1494 2907 δουλεύων
1537 2857 1686 2928 Θεῷ,
1725 2878 1743 2910 ι
1789 2860 1885 2914 καὶ

1992 2851 2130 2905 lucri
2161 2851 2252 2920 qui
2282 2852 2391 2904 vult
2427 2850 2808 2920 obtemperare
2848 2849 3116 2902 mandatis
3148 2848 3284 2917 ejus,
3309 2847 3413 2902 hoc
3454 2854 3540 2901 est
3566 2889 3579 2912 ,

292 2938 379 2992 ὅτι
419 2939 676 3009 περιττὸν
702 2941 854 2994 οὐδὲν
884 2943 941 2994 ὲν
973 2944 1050 3014 τῷ
1079 2945 1365 3014 βούλεσθαι
1399 2953 1585 3020 τηρεῖν
1616 2951 1684 3004 τὰ
1716 2952 1885 3021 φυλά-

1991 2945 2282 3014 ριιιεεεριίε
2307 2959 2406 3013 per
2436 2943 2607 3013 legem
2640 2943 2902 2997 divinitus
2936 2942 3166 2996 traditis.
3199 2942 3279 2997 Ad
3315 2942 3429 2996 lucc
3461 2941 3578 2996 ina-

293 3044 488 3098 γματα
531 3029 734 3093 αὑτοῦ,
779 3033 1024 3086 τουτέστι
1087 3034 1155 3088 τὰ
1189 3036 1278 3090 διὰ
1312 3038 1477 3109 νόμου
1516 3039 1880 3111 θεσπίσματα.

1993 3054 2062 3093 ηε
2092 3048 2194 3101 εει,
2223 3037 2457 3100 dixistis,
2495 3036 2800 3105 supplicare
2828 3034 2928 3099 illi,
2955 3034 3005 3086 id
3039 3043 3142 3097 est,
3173 3049 3361 3102 preces
3388 3032 3583 3088 oli‘erre

293 3121 518 3175 Εξκαῖόν
565 3124 684 3176 ἐστι
731 3125 869 3196 πρὸς
913 3125 1107 3198 τούτῳ,
1158 3130 1314 3197 φατὲ,
1363 3132 1458 3184 καὶ
1507 3133 1568 3186 τὸ
1623 3137 1886 3188 ἱκετεύειν

1989 3149 2089 3204 pro
2127 3132 2323 3202 quibus
2351 3129 2589 3184 libuerit.
2612 3129 2703 3182 Est
2724 3143 2856 3182 sane
2884 3127 3272 3182 verat-issinms
3296 3126 3580 3183 universo-

291 3214 486 3279 αὐτὸν,
513 3216 762 3269 τουτέστι
813 3217 914 3280 τὰς
946 3218 1089 3289 ὑπὲρ
1127 3214 1202 3273 ὦν
1239 3221 1306 3274 ἂν
1338 3221 1545 3276 ἕλοισθε
1587 3225 1886 3294 προσάγειν

1989 3240 2108 3278 rum
2140 3224 2307 3288 Deus,
2337 3223 2461 3276 dum
2492 3222 2605 3276 haec
2630 3221 2792 3285 dicit,
2828 3230 2877 3274 et
2925 3219 3006 3275 sic
3048 3228 3266 3272 accusat
3300 3216 3578 3275 lsraelem.

293 3307 473 3370 λιτὰς.
507 3310 615 3361 Καὶ
650 3309 858 3380 ἀληθὴς
886 3312 984 3382 μὲν
1021 3313 1238 3378 πάντως
1267 3315 1294 3366 6
1330 3313 1435 3368 τῶν
1463 3315 1600 3369 ὅλων
1627 3318 1760 3382 Θεὸς
1781 3359 1794 3381 ,
1836 3320 1884 3371 εί

1987 3315 2158 3383 Quam
2192 3327 2374 3371 autem
2408 3315 2743 3369 blaterantes
2788 3312 2992 3380 peccati
3045 3311 3128 3365 sui
3174 3311 3579 3365 excusationem

292 3401 455 3453 ταυτί
491 3417 546 3452 τε
578 3401 725 3469 λέγοι
753 3443 766 3464 ,
800 3403 896 3456 καὶ
932 3405 1261 3476 καταιτιῴτο
1289 3407 1415 3471 τοὺς
1447 3407 1506 3472 ἐξ
1545 3410 1782 3480 Ἰσραήλ.
1819 3411 1884 3464 Τί

1986 3409 2350 3479 praetendant,
2414 3405 2706 3458 videndum
2759 3413 2862 3456 est.
2916 3401 3060 3456 Mille
3119 3413 3308 3470 gentes
3364 3401 3582 3469 regebat

372 3492 436 3563 δὴ
468 3496 584 3556 τοῖς
615 3495 1117 3568 πεφλυαρηκὸσινή
1148 3500 1248 3568 τῆς
1283 3499 1554 3570 ἁμαρτίας
1585 3503 1880 3571 πρόφασις,

1987 3502 2132 3556 Deus
2165 3522 2178 3556 :
2207 3503 2300 3554 sed
2328 3515 2394 3553 ex
2423 3498 2678 3552 omnibus
2709 3511 2868 3548 uuam
2900 3495 3087 3562 elegit,
3128 3509 3250 3562 quae
3284 3503 3473 3546 vocata
3499 3503 3583 3548 est

298 3586 594 3654 ἀναγκαῖον
620 3589 818 3640 εἰπεῖν.
851 3589 1038 3659 Μυρία
1074 3591 1172 3660 μὲν
1202 3591 1310 3662 γὰρ
1334 3593 1696 3645 κατεϐὁσκετο
1721 3594 1877 3665 γένη⁶

1985 3608 2133 3663 pars,
2160 3601 2214 3644 et
2245 3588 2538 3650 funiculus,
2579 3597 2632 3640 et
2665 3587 2954 3640 luereditas
3004 3588 3124 3655 ejus
3148 3586 3192 3618 ⁹¹
3216 3621 3230 3636 .
3289 3583 3418 3637 Eam
3477 3585 3580 3640 sibi

298 3678 410 3730 ἀλλ’
456 3681 520 3732 ἐκ
567 3680 784 3733 πάντων
817 3681 875 3733 ἓν
898 3681 958 3735 τὸ
995 3681 1054 3748 ἐξ
1097 3683 1314 3754 Ἰσραὴλ
1354 3685 1648 3750 ἐπελέξατο
1674 3689 1700 3739 6
1727 3685 1880 3753 Θεὸς,

1985 3677 2314 3732 vindicatum
2352 3678 2472 3746 lege
2510 3676 2770 3742 instituit,
2805 3691 2903 3748 per
2929 3677 3219 3745 prophetas
3240 3679 3415 3734 eidem
3448 3691 3581 3730 con-

296 3767 606 3839 ὠνόμασται
647 3769 703 3823 δὲ
731 3773 915 3843 μερὶς,
946 3773 1042 3826 καὶ
1075 3775 1388 3845 σχοίνισμα,
1425 3777 1520 3830 καὶ
1553 3778 1751 3849 κλῆρος
1781 3780 1881 3831 αὐ-

1986 3770 2168 3825 suluit.
2199 3770 2336 3838 Quid
2392 3778 2570 3823 autem
2611 3770 2678 3824 ad
2708 3771 2820 3824 haec
2853 3769 3078 3824 insanus
3101 3767 3582 3825 lsrael?Adoravit

291 3857 406 3912 τοῦ.
447 3861 892 3929 υξκειωσάμενος
922 3862 978 3915 δὲ
1012 3863 1473 3936 πεπαιδαγώγηκε
1513 3865 1696 3936 νόμον,
1737 3866 1884 3934 ὠφέο

1987 3860 2234 3915 tnilitiam
2264 3860 2658 3924 cmli,servivit
2686 3861 2865 3922 idolis,
2890 3862 3023 3914 dixit
3053 3861 3435 3930 sculptilibus:
3473 3857 3583 3915 Vos

290 3949 426 4020 λησε
460 3949 550 4003 διὰ
582 3951 900 4022 προφητῶν.
930 3953 1040 4005 Καὶ
1069 3953 1122 4005 τί
1160 3954 1298 4026 πρὸς
1327 3954 1503 4008 ταῦτα
1537 3957 1820 4028 πέπρακεν
1853 3960 1882 4012 6

1985 3954 2117 4006 estis
2149 3953 2222 4008 dii
2250 3955 2421 4008 nostri
2443 3954 2514 4009 ".
2542 3955 2638 4008 Ast
2677 3954 3056 4008 universorum
3088 3955 3229 4008 Deus
3273 3969 3438 4023 super
3473 3963 3581 4007 tam

289 4042 649 4112 ἀπόπληκτος
686 4043 939 4116 ’ῐσραήλς
977 4046 1400 4118 Προσκεκύνηκε
1429 4049 1495 4118 τῇ
1527 4051 1757 4120 στρατιᾷ
1786 4049 1880 4104 τοῦ

1986 4047 2210 4103 nefariis
2239 4049 2538 4103 sceleribus
2566 4064 2674 4103 non
2708 4047 2983 4101 immerito
3008 4046 3338 4117 indignatus,
3401 4045 3582 4102 multis

287 4130 524 4205 οὐρανοῦ
545 4172 560 4197 ,
593 4131 955 4203 λελὰτρευκεν
996 4133 1262 4198 εἰδώλοις,
1302 4135 1404 4206 ἔφη
1437 4139 1548 4199 τοῖς
1581 4137 1843 4204 γλυπτοῖς
1863 4157 1877 4171 ο

1986 4139 2158 4193 modis
2181 4139 2233 4192 in
2268 4153 2362 4193 eos
2390 4141 2723 4204 vindicabat,
2753 4148 2806 4194 et
2836 4139 2902 4192 ad
2939 4138 3316 4208 ptenitcntiam
3350 4138 3582 4194 vocabat

300 4227 496 4296 Ὑμεῖς
545 4225 670 4278 ἐστε
703 4223 816 4278 θεοὶ
855 4226 1033 4296 ἡμῶν.
1082 4229 1496 4298 Ἀγανακτήσας
1527 4230 1751 4295 είκῦτως
1787 4232 1881 4285 ἐπὶ

1985 4231 2149 4295 fame,
2181 4233 2530 4299 corruptione
2574 4233 2718 4287 aeris
2746 4275 2761 4300 ,
2819 4233 3092 4288 fructuum
3137 4233 3360 4302 penuria
3381 4271 3396 4296 ,
3428 4231 3581 4285 locu-

285 4320 398 4380 τοῖς
422 4315 571 4371 οὕτω
595 4316 788 4380 δεινοῖς
822 4319 1148 4389 ἁνοσιουργή
1159 4336 1324 4389 μασιν
1357 4321 1385 4372 6
1414 4320 1523 4374 τῶν
1556 4321 1693 4374 ὅλων
1723 4323 1876 4388 Θεὸς,

1983 4325 2104 4390 stis,
2128 4332 2182 4378 et
2206 4323 2434 4388 brucbo,
2464 4323 2635 4377 ictero
2673 4333 2728 4378 et
2758 4341 2942 4380 eruca.
2979 4325 3229 4379 Nondum
3284 4324 3428 4378 enim
3485 4339 3579 4379 eos

288 4409 547 4462 ἐπαίδευε
583 4408 958 4479 πολυτρόπως,
974 4410 1156 4463 καλῶν
1187 4413 1268 4474 είς
1295 4413 1638 4482 μετάγνωσιν
1671 4414 1871 4484 λιμοϊς,

1983 4431 2142 4470 manu
2176 4415 2352 4468 valida
2376 4415 2542 4470 ferire
2564 4416 2752 4479 voluit,
2785 4417 2878 4471 sed
2913 4417 3311 4485 quodammodo
3348 4416 3579 4470 terricu-

289 4497 741 4568 ἁνεμοφθορίαις,
774 4497 1003 4569 καρπῶν
1032 4499 1292 4564 ἐνδείαις,
1334 4501 1545 4574 ἀκρίσι,
1586 4503 1681 4555 καὶ
1718 4503 1878 4573 βρού-

1986 4505 2260 4573 lamentis,
2289 4517 2344 4560 et
2389 4507 2466 4560 ira
2503 4515 2820 4575 temperata,
2861 4509 3036 4561 adlmc
3094 4509 3159 4562 ad
3211 4507 3579 4576 persequenda

286 4608 384 4659 χιε),
423 4590 646 4660 Ξκτέρῳ,
675 4592 771 4644 καὶ
796 4592 1070 4661 κάμπαις.
1107 4592 1274 4647 Οὔπω
1295 4595 1405 4666 γὰρ
1433 4595 1689 4667 πλήττειν
1714 4597 1875 4668 ἤθελε

1985 4603 2120 4673 ipsis
2150 4601 2530 4669 conducibilia,
2561 4612 2724 4672 atque
2749 4603 2815 4656 ad
2847 4617 3034 4655 verum
3080 4609 3136 4655 et
3169 4611 3362 4653 natura
3410 4597 3577 4652 Deum

286 4682 429 4753 χειρὶ
467 4683 669 4752 στερεᾷ
695 4722 710 4744 ,
747 4684 1030 4753 μονονουχί
1059 4701 1117 4736 τε
1145 4686 1240 4738 καὶ
1269 4687 1588 4756 μετασοϐεῖν
1618 4691 1730 4752 τοῖς
1757 4689 1876 4742 δαί-

1984 4696 2313 4764 diligendum
2359 4696 2596 4764 adigere.
2625 4696 2791 4766 862
2816 4694 2955 4761 Quia
2985 4709 3114 4748 vero
3139 4693 3440 4748 mediocres
3465 4693 3580 4763 pla-

291 4791 411 4840 μασι
444 4772 548 4843 (ι).
594 4775 686 4827 καὶ
715 4775 1052 4846 συμμέτροις
1076 4775 1155 4830 ἔτι
1189 4779 1488 4848 κινήμασιν
1525 4780 1618 4833 ἐπὶ
1650 4780 1710 4833 τὸ
1743 4781 1879 4852 δρᾷν

1984 4805 2083 4861 gas
2123 4791 2572 4852 contemnebant,
2625 4797 2681 4844 et
2735 4791 3063 4860 impotenter
3090 4789 3143 4842 in
3197 4803 3356 4842 omne
3411 4803 3580 4858 genus

290 4864 506 4918 ἑλέσθαι
547 4865 610 4918 τὸ
639 4865 904 4934 ὠφελοῦν,
940 4867 1156 4920 καὶτὸν
1202 4867 1361 4936 φύσει
1414 4888 1472 4924 τε
1519 4874 1610 4926 καὶ
1657 4873 1878 4944 ἀληθῶς

1986 4883 2313 4953 itnpuritatis
2340 4883 2587 4947 ruebant,
2619 4897 2712 4937 eos
2755 4883 2805 4936 in
2832 4882 3206 4950 captivitatem
3245 4880 3409 4944 misit,
3466 4895 3581 4934 ma-

286 4957 572 5027 ἀγαπῆσαι
592 4957 748 5011 Θεόν.
784 4958 1001 5029 Ἐπειδὴ
1036 4959 1091 5012 δὲ
1121 4960 1297 5023 οὐδεὶς
1323 4956 1390 5031 ἦν
1421 4965 1605 5028 αὐτοῖς
1630 4967 1748 5020 οὐδὲ
1780 4968 1876 5022 τοῦ

1987 4973 2252 5043 nibusque
2301 4972 2719 5042 Babyloniomm
2772 4974 2984 5028 obtulit.
3024 4972 3320 5042 Postquam
3374 4985 3581 5035 autem,

289 5050 608 5121 συμμέτρου
641 5049 720 5115 (2)
757 5050 1092 5120 πλήττεσθαι
1129 5052 1308 5122 λόγος,
1343 5054 1628 5125 ἀπῴχοντο
1655 5058 1710 5110 δὲ
1738 5059 1872 5128 ἀχα-

1982 5062 2090 5117 Deo
2125 5066 2436 5128 miserante,
2463 5064 2515 5118 in
2560 5063 2798 5118 Judteam
2830 5075 2957 5118 sunt
2999 5064 3264 5128 revocati,
3305 5071 3356 5117 et
3390 5063 3578 5115 urbem

285 5142 446 5206 λίνως
471 5145 553 5208 εἰς
587 5145 698 5198 πᾶν
728 5140 866 5210 είδος
899 5144 1261 5218 ἀκαθαρσίας,
1307 5147 1554 5218 ἐπεμψεν
1599 5150 1680 5212 είς
1709 5152 1874 5220 αίχμ-

1981 5155 2402 5223 reaediﬂcarunt,
2468 5158 2835 5227 templumque
2877 5157 3206 5217 excitarunt,
3268 5155 3446 5208 denuo
3509 5152 3577 5206 ad

285 5235 548 5303 αλωσίαν,
604 5237 701 5292 καὶ
733 5238 840 5291 ὑπὸ
879 5241 1038 5308 χεῖρα
1090 5241 1276 5292 πεσεῖν
1331 5241 1718 5298 παρεσκεύασε
1776 5243 1875 5314 τὴν

1985 5246 2252 5317 ignaviam
2298 5247 2551 5312 revoluti,
2576 5260 2700 5304 vota
2739 5263 2842 5303 non
2910 5247 3296 5317 impleverunt,
3329 5258 3428 5299 nec
3474 5241 3576 5317 legi

354 5397 404 5430 "
437 5395 478 5450 ll
511 5395 640 5452 Cor.
673 5412 726 5461 ε,
767 5397 856 5450 ll.
935 5398 978 5429 ⁹¹
1016 5399 1170 5453 Deut.
1216 5414 1391 5463 xxx”,
1440 5399 1492 5454 9.
1573 5400 1619 5431 "
1655 5401 1720 5454 ιν
1758 5401 1886 5472 Reg.
1934 5419 1950 5457 ι

597 5412 640 5450 r.
673 5412 726 5461 ε,
767 5397 856 5450 ll.
935 5398 978 5429 ⁹¹
1016 5399 1170 5453 Deut.
1216 5414 1391 5463 xxx”,
1440 5399 1492 5454 9.
1573 5400 1619 5431 "
1655 5401 1720 5454 ιν
1758 5401 1886 5472 Reg.
1934 5419 2070 5469 xm,
2104 5404 2187 5463 l6.

364 5555 440 5619 (l)
476 5554 802 5625 Corruptam
837 5564 967 5624 puto
1007 5570 1190 5610 vocem
1223 5573 1235 5608 :
1276 5555 1413 5611 forte
1442 5555 1726 5627 legendum
1757 5556 1868 5607 δεί-

1986 5561 2318 5632 συμμέτρως
2361 5561 2442 5616 vcl
2492 5560 2590 5613 συν
2646 5561 2856 5631 μέτρῳ,
2908 5559 3036 5622 quia
3084 5575 3216 5632 pero
3265 5561 3411 5616 nulla
3461 5573 3579 5618 erat

292 5640 499 5702 post.“
599 5694 610 5702 .
681 5695 691 5702 Δ
849 5694 891 5702 υ
1121 5694 1156 5702 _
1228 5696 1238 5702 Δ
1316 5694 1347 5702 η
1456 5695 1470 5702 -

1986 5628 2126 5696 apud
2149 5628 2233 5686 eos
2270 5633 2424 5697 ratio,
2462 5635 2600 5700 quod
2633 5628 2707 5686 uel
2732 5628 3019 5686 mediocres
3037 5628 3227 5702 plagas
3247 5633 3581 5698 occiperent.

360 5694 763 5764 (ijﬁolclcrius
815 5694 1076 5765 (Monum.
1113 5694 1257 5751 Eccl.
1307 5694 1401 5750 Gr.
1447 5695 1528 5762 II,
1569 5697 1696 5767 562)
1744 5697 1874 5767 legit
