  <div class='ocr_page' id='page_1' title='image "/cluster/home/n/w/nwhite01/storage/ocr_20150623/72/hvd.32044073502015/181.png"; bbox 0 0 4042 6196; ppageno 0'>
   <div class='ocr_carea' id='block_1_1' title="bbox 438 236 538 293">
    <p class='ocr_par' dir='ltr' id='par_1_1' title="bbox 438 236 538 293">
     <span class='ocr_line' id='line_1_1' title="bbox 438 236 538 293; baseline -0.01 0"><span class='ocrx_word' id='word_1_1' title='bbox 438 236 538 293; x_wconf 67' lang='grc'><strong>551</strong></span> 
     </span>
    </p>
   </div>
   <div class='ocr_carea' id='block_1_2' title="bbox 1470 238 2732 299">
    <p class='ocr_par' dir='ltr' id='par_1_2' title="bbox 1470 238 2732 299">
     <span class='ocr_line' id='line_1_2' title="bbox 1470 238 2732 299; baseline 0 -3"><span class='ocrx_word' id='word_1_2' title='bbox 1470 241 1530 296; x_wconf 77' lang='lat'><strong>5.</strong></span> <span class='ocrx_word' id='word_1_3' title='bbox 1571 238 1850 297; x_wconf 65' lang='grc' dir='ltr'>οῐιιιιιιι</span> <span class='ocrx_word' id='word_1_4' title='bbox 1890 238 2366 299; x_wconf 73' lang='lat' dir='ltr'><strong>ALEXANDRINI</strong></span> <span class='ocrx_word' id='word_1_5' title='bbox 2405 241 2732 298; x_wconf 75' lang='lat' dir='ltr'><strong>ARCHIEP.</strong></span> 
     </span>
    </p>
   </div>
   <div class='ocr_carea' id='block_1_3' title="bbox 3603 235 3708 295">
    <p class='ocr_par' dir='ltr' id='par_1_3' title="bbox 3603 235 3708 295">
     <span class='ocr_line' id='line_1_3' title="bbox 3603 235 3708 295; baseline -0.038 0"><span class='ocrx_word' id='word_1_6' title='bbox 3603 235 3708 295; x_wconf 64' lang='lat'><strong>33!</strong></span> 
     </span>
    </p>
   </div>
   <div class='ocr_carea' id='block_1_4' title="bbox 441 352 2051 432">
    <p class='ocr_par' dir='ltr' id='par_1_4' title="bbox 441 352 2024 428">
     <span class='ocr_line' id='line_1_4' title="bbox 441 352 2024 428; baseline 0.003 -19"><span class='ocrx_word' id='word_1_7' title='bbox 441 356 496 409; x_wconf 88' lang='lat' dir='ltr'><strong>lu</strong></span> <span class='ocrx_word' id='word_1_8' title='bbox 528 352 755 410; x_wconf 78' lang='lat' dir='ltr'><strong>decimis</strong></span> <span class='ocrx_word' id='word_1_9' title='bbox 790 363 845 411; x_wconf 87' lang='lat' dir='ltr'><strong>et</strong></span> <span class='ocrx_word' id='word_1_10' title='bbox 891 355 1146 426; x_wconf 86' lang='lat' dir='ltr'><strong>prlmltlls</strong></span> <span class='ocrx_word' id='word_1_11' title='bbox 1193 355 1490 413; x_wconf 75' lang='lat' dir='ltr'><strong>oﬂ&#39;erendis</strong></span> <span class='ocrx_word' id='word_1_12' title='bbox 1552 367 1874 428; x_wconf 87' lang='lat' dir='ltr'><strong>paruerunt,</strong></span> <span class='ocrx_word' id='word_1_13' title='bbox 1927 358 2024 414; x_wconf 84' lang='lat' dir='ltr'><strong>sed</strong></span> 
     </span>
    </p>
   </div>
   <div class='ocr_carea' id='block_1_5' title="bbox 2158 352 3711 432">
    <p class='ocr_par' dir='ltr' id='par_1_5' title="bbox 2158 357 3711 432">
     <span class='ocr_line' id='line_1_5' title="bbox 2158 357 3711 432; baseline -0.006 -16"><span class='ocrx_word' id='word_1_14' title='bbox 2158 359 2502 418; x_wconf 66' lang='grc' dir='ltr'>Βαϐυλωνίαν.</span> <span class='ocrx_word' id='word_1_15' title='bbox 2560 363 2778 432; x_wconf 78' lang='grc' dir='ltr'><strong>Ἐπειδὴ</strong></span> <span class='ocrx_word' id='word_1_16' title='bbox 2826 363 2879 414; x_wconf 66' lang='lat' dir='ltr'><strong>Si</strong></span> <span class='ocrx_word' id='word_1_17' title='bbox 2939 359 3236 432; x_wconf 70' lang='grc' dir='ltr'><strong>κέκληνται</strong></span> <span class='ocrx_word' id='word_1_18' title='bbox 3288 357 3453 412; x_wconf 81' lang='grc' dir='ltr'>πάλιν</span> <span class='ocrx_word' id='word_1_19' title='bbox 3496 357 3576 421; x_wconf 75' lang='grc' dir='ltr'><strong>εις</strong></span> <span class='ocrx_word' id='word_1_20' title='bbox 3613 358 3711 427; x_wconf 67' lang='grc' dir='ltr'><strong>τὴν</strong></span> 
     </span>
    </p>
   </div>
   <div class='ocr_carea' id='block_1_6' title="bbox 440 445 2028 518">
    <p class='ocr_par' dir='ltr' id='par_1_6' title="bbox 440 445 2028 518">
     <span class='ocr_line' id='line_1_6' title="bbox 440 445 2028 518; baseline 0.003 -16"><span class='ocrx_word' id='word_1_21' title='bbox 440 445 602 516; x_wconf 82' lang='lat' dir='ltr'><strong>pigri,</strong></span> <span class='ocrx_word' id='word_1_22' title='bbox 632 456 689 501; x_wconf 84' lang='lat' dir='ltr'><strong>et</strong></span> <span class='ocrx_word' id='word_1_23' title='bbox 715 449 802 502; x_wconf 79' lang='lat' dir='ltr'><strong>vix</strong></span> <span class='ocrx_word' id='word_1_24' title='bbox 838 449 904 503; x_wconf 88' lang='lat' dir='ltr'><strong>ad</strong></span> <span class='ocrx_word' id='word_1_25' title='bbox 935 449 1264 504; x_wconf 75' lang='lat' dir='ltr'><strong>sacriﬁcium</strong></span> <span class='ocrx_word' id='word_1_26' title='bbox 1293 449 1596 512; x_wconf 79' lang='lat' dir='ltr'><strong>venientes.</strong></span> <span class='ocrx_word' id='word_1_27' title='bbox 1640 450 1856 518; x_wconf 88' lang='lat' dir='ltr'><strong>clauda,</strong></span> <span class='ocrx_word' id='word_1_28' title='bbox 1884 465 2028 506; x_wconf 61' lang='lat' dir='ltr'><strong>emes</strong></span> 
     </span>
    </p>
   </div>
   <div class='ocr_carea' id='block_1_7' title="bbox 439 538 2028 607">
    <p class='ocr_par' dir='ltr' id='par_1_7' title="bbox 439 538 2028 607">
     <span class='ocr_line' id='line_1_7' title="bbox 439 538 2028 607; baseline 0.002 -15"><span class='ocrx_word' id='word_1_29' title='bbox 439 546 495 594; x_wconf 82' lang='lat' dir='ltr'><strong>et</strong></span> <span class='ocrx_word' id='word_1_30' title='bbox 527 538 720 592; x_wconf 79' lang='lat' dir='ltr'><strong>debilia</strong></span> <span class='ocrx_word' id='word_1_31' title='bbox 747 542 1052 596; x_wconf 86' lang='lat' dir='ltr'><strong>mactabam</strong></span> <span class='ocrx_word' id='word_1_32' title='bbox 1073 552 1158 602; x_wconf 68' lang='grc' dir='ltr'><strong>εει</strong></span> <span class='ocrx_word' id='word_1_33' title='bbox 1175 542 1426 596; x_wconf 79' lang='lat' dir='ltr'><strong>cumha-c</strong></span> <span class='ocrx_word' id='word_1_34' title='bbox 1449 541 1741 596; x_wconf 90' lang='lat' dir='ltr'><strong>insolenter</strong></span> <span class='ocrx_word' id='word_1_35' title='bbox 1765 542 2028 607; x_wconf 80' lang='lat' dir='ltr'><strong>lacerent,</strong></span> 
     </span>
    </p>
   </div>
   <div class='ocr_carea' id='block_1_8' title="bbox 443 627 2032 689">
    <p class='ocr_par' dir='ltr' id='par_1_8' title="bbox 443 627 2032 689">
     <span class='ocr_line' id='line_1_8' title="bbox 443 627 2032 689; baseline 0.004 -6"><span class='ocrx_word' id='word_1_36' title='bbox 443 627 799 686; x_wconf 73' lang='lat' dir='ltr'><strong>nihilominus</strong></span> <span class='ocrx_word' id='word_1_37' title='bbox 837 631 977 686; x_wconf 86' lang='lat' dir='ltr'><strong>Deus</strong></span> <span class='ocrx_word' id='word_1_38' title='bbox 1001 631 1144 686; x_wconf 74' lang='lat' dir='ltr'><strong>fante</strong></span> <span class='ocrx_word' id='word_1_39' title='bbox 1171 641 1227 686; x_wconf 90' lang='lat' dir='ltr'><strong>et</strong></span> <span class='ocrx_word' id='word_1_40' title='bbox 1262 633 1556 688; x_wconf 86' lang='lat' dir='ltr'><strong>sterilitate</strong></span> <span class='ocrx_word' id='word_1_41' title='bbox 1605 649 1699 689; x_wconf 89' lang='lat' dir='ltr'><strong>eos</strong></span> <span class='ocrx_word' id='word_1_42' title='bbox 1735 634 2032 689; x_wconf 69' lang='lat' dir='ltr'><strong>ulcisceba-</strong></span> 
     </span>
    </p>
   </div>
   <div class='ocr_carea' id='block_1_9' title="bbox 445 721 2038 794">
    <p class='ocr_par' dir='ltr' id='par_1_9' title="bbox 445 721 2038 794">
     <span class='ocr_line' id='line_1_9' title="bbox 445 721 2038 794; baseline 0.003 -20"><span class='ocrx_word' id='word_1_43' title='bbox 445 731 553 775; x_wconf 90' lang='lat' dir='ltr'><strong>tur.</strong></span> <span class='ocrx_word' id='word_1_44' title='bbox 579 721 704 789; x_wconf 88' lang='lat' dir='ltr'><strong>Qui,</strong></span> <span class='ocrx_word' id='word_1_45' title='bbox 737 723 950 778; x_wconf 85' lang='lat' dir='ltr'><strong>tametsi</strong></span> <span class='ocrx_word' id='word_1_46' title='bbox 979 725 1258 790; x_wconf 85' lang='lat' dir='ltr'><strong>deberent,</strong></span> <span class='ocrx_word' id='word_1_47' title='bbox 1285 725 1554 794; x_wconf 84' lang='lat' dir='ltr'><strong>siquidem</strong></span> <span class='ocrx_word' id='word_1_48' title='bbox 1601 737 1784 780; x_wconf 91' lang='lat' dir='ltr'><strong>essent</strong></span> <span class='ocrx_word' id='word_1_49' title='bbox 1809 726 1956 786; x_wconf 80' lang='lat' dir='ltr'><strong>boni.</strong></span> <span class='ocrx_word' id='word_1_50' title='bbox 1984 735 2038 780; x_wconf 93' lang='lat' dir='ltr'><strong>et</strong></span> 
     </span>
    </p>
   </div>
   <div class='ocr_carea' id='block_1_10' title="bbox 445 815 2036 882">
    <p class='ocr_par' dir='ltr' id='par_1_10' title="bbox 445 815 2036 882">
     <span class='ocr_line' id='line_1_10' title="bbox 445 815 2036 882; baseline 0.003 -16"><span class='ocrx_word' id='word_1_51' title='bbox 445 828 567 882; x_wconf 59' lang='lat' dir='ltr'><strong>quae</strong></span> <span class='ocrx_word' id='word_1_52' title='bbox 601 815 706 868; x_wconf 84' lang='lat' dir='ltr'><strong>sibi</strong></span> <span class='ocrx_word' id='word_1_53' title='bbox 767 816 1139 871; x_wconf 86' lang='lat' dir='ltr'><strong>conducerent</strong></span> <span class='ocrx_word' id='word_1_54' title='bbox 1195 833 1301 872; x_wconf 89' lang='lat' dir='ltr'><strong>non</strong></span> <span class='ocrx_word' id='word_1_55' title='bbox 1335 819 1665 882; x_wconf 78' lang='lat' dir='ltr'><strong>ignorarent.</strong></span> <span class='ocrx_word' id='word_1_56' title='bbox 1707 818 1926 871; x_wconf 80' lang='lat' dir='ltr'><strong>mutatis</strong></span> <span class='ocrx_word' id='word_1_57' title='bbox 1981 817 2036 871; x_wconf 90' lang='lat' dir='ltr'><strong>in</strong></span> 
     </span>
    </p>
   </div>
   <div class='ocr_carea' id='block_1_11' title="bbox 447 907 2038 973">
    <p class='ocr_par' dir='ltr' id='par_1_11' title="bbox 447 907 2038 973">
     <span class='ocr_line' id='line_1_11' title="bbox 447 907 2038 973; baseline 0.003 -13"><span class='ocrx_word' id='word_1_58' title='bbox 447 907 638 961; x_wconf 84' lang='lat' dir='ltr'><strong>melius</strong></span> <span class='ocrx_word' id='word_1_59' title='bbox 668 907 932 973; x_wconf 88' lang='lat' dir='ltr'><strong>consiliis,</strong></span> <span class='ocrx_word' id='word_1_60' title='bbox 971 908 1138 962; x_wconf 78' lang='lat' dir='ltr'><strong>Deum</strong></span> <span class='ocrx_word' id='word_1_61' title='bbox 1187 924 1217 962; x_wconf 92' lang='lat' dir='ltr'><strong>a</strong></span> <span class='ocrx_word' id='word_1_62' title='bbox 1249 925 1310 964; x_wconf 90' lang='lat' dir='ltr'><strong>se</strong></span> <span class='ocrx_word' id='word_1_63' title='bbox 1336 908 1598 964; x_wconf 82' lang='lat' dir='ltr'><strong>oﬂ&#39;ensum</strong></span> <span class='ocrx_word' id='word_1_64' title='bbox 1647 911 1824 964; x_wconf 89' lang='lat' dir='ltr'><strong>colere</strong></span> <span class='ocrx_word' id='word_1_65' title='bbox 1853 925 1918 964; x_wconf 89' lang='lat' dir='ltr'><strong>ac</strong></span> <span class='ocrx_word' id='word_1_66' title='bbox 1947 925 2038 964; x_wconf 89' lang='lat' dir='ltr'><strong>ve-</strong></span> 
     </span>
    </p>
   </div>
   <div class='ocr_carea' id='block_1_12' title="bbox 449 995 2034 1066">
    <p class='ocr_par' dir='ltr' id='par_1_12' title="bbox 449 995 2034 1066">
     <span class='ocr_line' id='line_1_12' title="bbox 449 995 2034 1066; baseline 0.001 -16"><span class='ocrx_word' id='word_1_67' title='bbox 449 996 651 1059; x_wconf 85' lang='lat' dir='ltr'><strong>nerari,</strong></span> <span class='ocrx_word' id='word_1_68' title='bbox 682 995 1055 1064; x_wconf 89' lang='lat' dir='ltr'><strong>imprudenter</strong></span> <span class='ocrx_word' id='word_1_69' title='bbox 1076 999 1143 1052; x_wconf 89' lang='lat' dir='ltr'><strong>de</strong></span> <span class='ocrx_word' id='word_1_70' title='bbox 1204 997 1295 1051; x_wconf 89' lang='lat' dir='ltr'><strong>illo</strong></span> <span class='ocrx_word' id='word_1_71' title='bbox 1333 997 1836 1066; x_wconf 84' lang='lat' dir='ltr'><strong>conquerebantur.</strong></span> <span class='ocrx_word' id='word_1_72' title='bbox 1901 997 2034 1052; x_wconf 88' lang='lat' dir='ltr'><strong>Cum</strong></span> 
     </span>
    </p>
   </div>
   <div class='ocr_carea' id='block_1_13' title="bbox 448 1086 2039 1155">
    <p class='ocr_par' dir='ltr' id='par_1_13' title="bbox 448 1086 2039 1155">
     <span class='ocr_line' id='line_1_13' title="bbox 448 1086 2039 1155; baseline 0.001 -14"><span class='ocrx_word' id='word_1_73' title='bbox 448 1086 593 1141; x_wconf 84' lang='lat' dir='ltr'><strong>enim</strong></span> <span class='ocrx_word' id='word_1_74' title='bbox 630 1087 872 1140; x_wconf 88' lang='lat' dir='ltr'><strong>viderent</strong></span> <span class='ocrx_word' id='word_1_75' title='bbox 929 1095 1116 1155; x_wconf 78' lang='lat' dir='ltr'><strong>gentes</strong></span> <span class='ocrx_word' id='word_1_76' title='bbox 1164 1087 1372 1142; x_wconf 86' lang='lat' dir='ltr'><strong>vicinas</strong></span> <span class='ocrx_word' id='word_1_77' title='bbox 1419 1097 1473 1142; x_wconf 89' lang='lat' dir='ltr'><strong>et</strong></span> <span class='ocrx_word' id='word_1_78' title='bbox 1520 1087 1687 1141; x_wconf 89' lang='lat' dir='ltr'><strong>Deum</strong></span> <span class='ocrx_word' id='word_1_79' title='bbox 1735 1087 2039 1143; x_wconf 90' lang='lat' dir='ltr'><strong>nescientes</strong></span> 
     </span>
    </p>
   </div>
   <div class='ocr_carea' id='block_1_14' title="bbox 451 1177 2037 1250">
    <p class='ocr_par' dir='ltr' id='par_1_14' title="bbox 451 1177 2037 1250">
     <span class='ocr_line' id='line_1_14' title="bbox 451 1177 2037 1250; baseline 0.001 -18"><span class='ocrx_word' id='word_1_80' title='bbox 451 1177 714 1248; x_wconf 79' lang='lat' dir='ltr'><strong>sculptilia</strong></span> <span class='ocrx_word' id='word_1_81' title='bbox 741 1180 920 1248; x_wconf 70' lang='lat' dir='ltr'><strong>potius</strong></span> <span class='ocrx_word' id='word_1_82' title='bbox 951 1179 1200 1243; x_wconf 85' lang='lat' dir='ltr'><strong>adorare,</strong></span> <span class='ocrx_word' id='word_1_83' title='bbox 1231 1189 1282 1233; x_wconf 91' lang='lat' dir='ltr'><strong>et</strong></span> <span class='ocrx_word' id='word_1_84' title='bbox 1320 1179 1642 1250; x_wconf 83' lang='lat' dir='ltr'><strong>gravissimo</strong></span> <span class='ocrx_word' id='word_1_85' title='bbox 1673 1195 1858 1233; x_wconf 88' lang='lat' dir='ltr'><strong>errore</strong></span> <span class='ocrx_word' id='word_1_86' title='bbox 1888 1180 2037 1234; x_wconf 88' lang='lat' dir='ltr'><strong>labo-</strong></span> 
     </span>
    </p>
   </div>
   <div class='ocr_carea' id='block_1_15' title="bbox 454 1271 2036 1340">
    <p class='ocr_par' dir='ltr' id='par_1_15' title="bbox 454 1271 2036 1340">
     <span class='ocr_line' id='line_1_15' title="bbox 454 1271 2036 1340; baseline -0.001 -14"><span class='ocrx_word' id='word_1_87' title='bbox 454 1285 596 1336; x_wconf 84' lang='lat' dir='ltr'><strong>rare,</strong></span> <span class='ocrx_word' id='word_1_88' title='bbox 630 1271 984 1326; x_wconf 85' lang='lat' dir='ltr'><strong>nihilominus</strong></span> <span class='ocrx_word' id='word_1_89' title='bbox 1016 1281 1192 1324; x_wconf 88' lang='lat' dir='ltr'><strong>tamen</strong></span> <span class='ocrx_word' id='word_1_90' title='bbox 1225 1271 1580 1340; x_wconf 88' lang='lat' dir='ltr'><strong>voluptariam</strong></span> <span class='ocrx_word' id='word_1_91' title='bbox 1619 1273 1782 1326; x_wconf 83' lang='lat' dir='ltr'><strong>vitam</strong></span> <span class='ocrx_word' id='word_1_92' title='bbox 1813 1272 2036 1339; x_wconf 75' lang='lat' dir='ltr'><strong>agitare,</strong></span> 
     </span>
    </p>
   </div>
   <div class='ocr_carea' id='block_1_16' title="bbox 453 1362 2042 1433">
    <p class='ocr_par' dir='ltr' id='par_1_16' title="bbox 453 1362 2042 1433">
     <span class='ocr_line' id='line_1_16' title="bbox 453 1362 2042 1433; baseline 0.001 -14"><span class='ocrx_word' id='word_1_93' title='bbox 453 1363 621 1419; x_wconf 82' lang='lat' dir='ltr'><strong>stulte</strong></span> <span class='ocrx_word' id='word_1_94' title='bbox 665 1364 952 1418; x_wconf 84' lang='lat' dir='ltr'><strong>dicebant:</strong></span> <span class='ocrx_word' id='word_1_95' title='bbox 995 1382 1015 1416; x_wconf 82' lang='grc' dir='ltr'><strong>ι</strong></span> <span class='ocrx_word' id='word_1_96' title='bbox 1054 1362 1241 1418; x_wconf 85' lang='lat' dir='ltr'><strong>Vanus</strong></span> <span class='ocrx_word' id='word_1_97' title='bbox 1266 1375 1350 1418; x_wconf 90' lang='lat' dir='ltr'><strong>est</strong></span> <span class='ocrx_word' id='word_1_98' title='bbox 1378 1401 1394 1428; x_wconf 86' lang='lat'><strong>,</strong></span> <span class='ocrx_word' id='word_1_99' title='bbox 1434 1364 1528 1433; x_wconf 90' lang='lat' dir='ltr'><strong>qui</strong></span> <span class='ocrx_word' id='word_1_100' title='bbox 1590 1365 1759 1419; x_wconf 86' lang='lat' dir='ltr'><strong>servit</strong></span> <span class='ocrx_word' id='word_1_101' title='bbox 1814 1365 1941 1419; x_wconf 88' lang='lat' dir='ltr'><strong>Deo.</strong></span> <span class='ocrx_word' id='word_1_102' title='bbox 1973 1365 2042 1420; x_wconf 85' lang='lat' dir='ltr'><strong>Et</strong></span> 
     </span>
    </p>
   </div>
   <div class='ocr_carea' id='block_1_17' title="bbox 452 1455 2043 1526">
    <p class='ocr_par' dir='ltr' id='par_1_17' title="bbox 452 1455 2043 1526">
     <span class='ocr_line' id='line_1_17' title="bbox 452 1455 2043 1526; baseline 0.004 -22"><span class='ocrx_word' id='word_1_103' title='bbox 452 1457 582 1526; x_wconf 81' lang='lat' dir='ltr'><strong>quid</strong></span> <span class='ocrx_word' id='word_1_104' title='bbox 620 1455 969 1512; x_wconf 81' lang='lat' dir='ltr'><strong>emolumenti</strong></span> <span class='ocrx_word' id='word_1_105' title='bbox 1020 1456 1383 1524; x_wconf 86' lang='lat' dir='ltr'><strong>percepimus,</strong></span> <span class='ocrx_word' id='word_1_106' title='bbox 1431 1457 1557 1524; x_wconf 85' lang='lat' dir='ltr'><strong>quia</strong></span> <span class='ocrx_word' id='word_1_107' title='bbox 1611 1457 1859 1509; x_wconf 87' lang='lat' dir='ltr'><strong>mandata</strong></span> <span class='ocrx_word' id='word_1_108' title='bbox 1925 1456 2043 1526; x_wconf 85' lang='lat' dir='ltr'><strong>ejus</strong></span> 
     </span>
    </p>
   </div>
   <div class='ocr_carea' id='block_1_18' title="bbox 453 1548 2043 1619">
    <p class='ocr_par' dir='ltr' id='par_1_18' title="bbox 453 1548 2043 1619">
     <span class='ocr_line' id='line_1_18' title="bbox 453 1548 2043 1619; baseline -0.002 -14"><span class='ocrx_word' id='word_1_109' title='bbox 453 1549 906 1605; x_wconf 79' lang='lat' dir='ltr'><strong>custodivimusl</strong></span> <span class='ocrx_word' id='word_1_110' title='bbox 946 1569 965 1600; x_wconf 71' lang='grc' dir='ltr'><strong>ι</strong></span> <span class='ocrx_word' id='word_1_111' title='bbox 1005 1548 1116 1604; x_wconf 81' lang='lat' dir='ltr'><strong>Nos</strong></span> <span class='ocrx_word' id='word_1_112' title='bbox 1149 1549 1294 1603; x_wconf 87' lang='lat' dir='ltr'><strong>enim</strong></span> <span class='ocrx_word' id='word_1_113' title='bbox 1333 1549 1436 1616; x_wconf 79' lang='lat' dir='ltr'><strong>legi</strong></span> <span class='ocrx_word' id='word_1_114' title='bbox 1462 1549 1844 1619; x_wconf 88' lang='lat' dir='ltr'><strong>obsequentes.</strong></span> <span class='ocrx_word' id='word_1_115' title='bbox 1880 1549 2043 1602; x_wconf 84' lang='lat' dir='ltr'><strong>steri-</strong></span> 
     </span>
    </p>
   </div>
   <div class='ocr_carea' id='block_1_19' title="bbox 454 1641 2040 1712">
    <p class='ocr_par' dir='ltr' id='par_1_19' title="bbox 454 1641 2040 1712">
     <span class='ocr_line' id='line_1_19' title="bbox 454 1641 2040 1712; baseline 0 -16"><span class='ocrx_word' id='word_1_116' title='bbox 454 1641 664 1696; x_wconf 89' lang='lat' dir='ltr'><strong>litatem</strong></span> <span class='ocrx_word' id='word_1_117' title='bbox 717 1652 772 1697; x_wconf 90' lang='lat' dir='ltr'><strong>et</strong></span> <span class='ocrx_word' id='word_1_118' title='bbox 803 1643 1146 1697; x_wconf 87' lang='lat' dir='ltr'><strong>incommoda</strong></span> <span class='ocrx_word' id='word_1_119' title='bbox 1193 1645 1451 1712; x_wconf 89' lang='lat' dir='ltr'><strong>patimur.</strong></span> <span class='ocrx_word' id='word_1_120' title='bbox 1490 1643 1851 1697; x_wconf 86' lang='lat' dir='ltr'><strong>Discessimus</strong></span> <span class='ocrx_word' id='word_1_121' title='bbox 1876 1644 2040 1696; x_wconf 87' lang='lat' dir='ltr'><strong>etiam</strong></span> 
     </span>
    </p>
   </div>
   <div class='ocr_carea' id='block_1_20' title="bbox 2145 448 3716 523">
    <p class='ocr_par' dir='ltr' id='par_1_20' title="bbox 2145 448 3716 523">
     <span class='ocr_line' id='line_1_20' title="bbox 2145 448 3716 523; baseline -0.005 -15"><span class='ocrx_word' id='word_1_122' title='bbox 2145 453 2430 517; x_wconf 83' lang='grc' dir='ltr'>Ἰουδαίαν,</span> <span class='ocrx_word' id='word_1_123' title='bbox 2458 454 2594 508; x_wconf 88' lang='grc' dir='ltr'>Θεοῦ</span> <span class='ocrx_word' id='word_1_124' title='bbox 2632 453 3102 523; x_wconf 82' lang='grc' dir='ltr'>κατοικτείροντος</span> <span class='ocrx_word' id='word_1_125' title='bbox 3121 489 3137 514; x_wconf 85' lang='grc'><strong>,</strong></span> <span class='ocrx_word' id='word_1_126' title='bbox 3167 450 3510 521; x_wconf 76' lang='grc' dir='ltr'>ἀνετείχισάν</span> <span class='ocrx_word' id='word_1_127' title='bbox 3533 465 3594 504; x_wconf 76' lang='grc' dir='ltr'><strong>τι</strong></span> <span class='ocrx_word' id='word_1_128' title='bbox 3615 448 3716 518; x_wconf 79' lang='grc' dir='ltr'><strong>τὴν</strong></span> 
     </span>
    </p>
   </div>
   <div class='ocr_carea' id='block_1_21' title="bbox 2133 545 3718 618">
    <p class='ocr_par' dir='ltr' id='par_1_21' title="bbox 2133 545 3718 618">
     <span class='ocr_line' id='line_1_21' title="bbox 2133 545 3718 618; baseline -0.003 -18"><span class='ocrx_word' id='word_1_129' title='bbox 2133 547 2308 612; x_wconf 90' lang='grc' dir='ltr'>πόλιν,</span> <span class='ocrx_word' id='word_1_130' title='bbox 2345 548 2440 601; x_wconf 77' lang='grc' dir='ltr'>καὶ</span> <span class='ocrx_word' id='word_1_131' title='bbox 2488 547 2842 618; x_wconf 82' lang='grc' dir='ltr'>ἀνεδείμαντο</span> <span class='ocrx_word' id='word_1_132' title='bbox 2881 547 2972 600; x_wconf 80' lang='grc' dir='ltr'><strong>τὸν</strong></span> <span class='ocrx_word' id='word_1_133' title='bbox 3016 545 3166 612; x_wconf 68' lang='grc' dir='ltr'>ναὸν,</span> <span class='ocrx_word' id='word_1_134' title='bbox 3218 546 3380 599; x_wconf 82' lang='grc' dir='ltr'>πάλιν</span> <span class='ocrx_word' id='word_1_135' title='bbox 3414 545 3718 616; x_wconf 74' lang='grc' dir='ltr'><strong>ἐτράποντο</strong></span> 
     </span>
    </p>
   </div>
   <div class='ocr_carea' id='block_1_22' title="bbox 2133 637 3720 711">
    <p class='ocr_par' dir='ltr' id='par_1_22' title="bbox 2133 637 3720 711">
     <span class='ocr_line' id='line_1_22' title="bbox 2133 637 3720 711; baseline 0 -19"><span class='ocrx_word' id='word_1_136' title='bbox 2133 638 2272 704; x_wconf 74' lang='grc' dir='ltr'>πρὸς</span> <span class='ocrx_word' id='word_1_137' title='bbox 2301 639 2362 692; x_wconf 86' lang='grc' dir='ltr'><strong>τδ</strong></span> <span class='ocrx_word' id='word_1_138' title='bbox 2393 639 2658 711; x_wconf 72' lang='grc' dir='ltr'>ῥᾴθυμον,</span> <span class='ocrx_word' id='word_1_139' title='bbox 2689 639 2748 692; x_wconf 87' lang='grc' dir='ltr'><strong>ού</strong></span> <span class='ocrx_word' id='word_1_140' title='bbox 2775 637 3110 709; x_wconf 76' lang='grc' dir='ltr'>πληροῦντες</span> <span class='ocrx_word' id='word_1_141' title='bbox 3131 640 3430 710; x_wconf 79' lang='grc' dir='ltr'><strong>εὐχὰς,οὐχ</strong></span> <span class='ocrx_word' id='word_1_142' title='bbox 3461 637 3720 706; x_wconf 73' lang='grc' dir='ltr'>ἑπόμενοι</span> 
     </span>
    </p>
   </div>
   <div class='ocr_carea' id='block_1_23' title="bbox 2133 727 3718 800">
    <p class='ocr_par' dir='ltr' id='par_1_23' title="bbox 2133 727 3718 800">
     <span class='ocr_line' id='line_1_23' title="bbox 2133 727 3718 800; baseline 0.003 -21"><span class='ocrx_word' id='word_1_143' title='bbox 2133 729 2248 791; x_wconf 86' lang='grc' dir='ltr'>τοῖς</span> <span class='ocrx_word' id='word_1_144' title='bbox 2277 727 2364 781; x_wconf 78' lang='grc' dir='ltr'>διὰ</span> <span class='ocrx_word' id='word_1_145' title='bbox 2402 729 2569 799; x_wconf 91' lang='grc' dir='ltr'>νόμου</span> <span class='ocrx_word' id='word_1_146' title='bbox 2617 728 2976 798; x_wconf 87' lang='grc' dir='ltr'>θεσπίσμασι,</span> <span class='ocrx_word' id='word_1_147' title='bbox 3010 729 3380 800; x_wconf 83' lang='grc' dir='ltr'><strong>προσάγοντες</strong></span> <span class='ocrx_word' id='word_1_148' title='bbox 3413 730 3648 791; x_wconf 78' lang='grc' dir='ltr'><strong>δεκάτας</strong></span> <span class='ocrx_word' id='word_1_149' title='bbox 3684 727 3718 798; x_wconf 78' lang='grc' dir='ltr'>ἢ</span> 
     </span>
    </p>
   </div>
   <div class='ocr_carea' id='block_1_24' title="bbox 2135 819 3723 892">
    <p class='ocr_par' dir='ltr' id='par_1_24' title="bbox 2135 819 3723 892">
     <span class='ocr_line' id='line_1_24' title="bbox 2135 819 3723 892; baseline 0.001 -20"><span class='ocrx_word' id='word_1_150' title='bbox 2135 819 2424 890; x_wconf 81' lang='grc' dir='ltr'>ἀπαρχάς·</span> <span class='ocrx_word' id='word_1_151' title='bbox 2478 821 2592 874; x_wconf 79' lang='grc' dir='ltr'>ἀλλ’</span> <span class='ocrx_word' id='word_1_152' title='bbox 2627 822 2874 891; x_wconf 70' lang='grc' dir='ltr'>ὀκνηροί,</span> <span class='ocrx_word' id='word_1_153' title='bbox 2909 822 3004 874; x_wconf 77' lang='grc' dir='ltr'><strong>καὶ</strong></span> <span class='ocrx_word' id='word_1_154' title='bbox 3038 823 3192 892; x_wconf 87' lang='grc' dir='ltr'>μόλις</span> <span class='ocrx_word' id='word_1_155' title='bbox 3226 823 3318 874; x_wconf 71' lang='grc' dir='ltr'><strong>ἐπὶ</strong></span> <span class='ocrx_word' id='word_1_156' title='bbox 3348 822 3406 875; x_wconf 73' lang='grc' dir='ltr'><strong>τὸ</strong></span> <span class='ocrx_word' id='word_1_157' title='bbox 3439 821 3591 874; x_wconf 86' lang='grc' dir='ltr'>θύειν</span> <span class='ocrx_word' id='word_1_158' title='bbox 3627 824 3723 892; x_wconf 62' lang='lat' dir='ltr'><strong>sp-</strong></span> 
     </span>
    </p>
   </div>
   <div class='ocr_carea' id='block_1_25' title="bbox 2137 913 3724 984">
    <p class='ocr_par' dir='ltr' id='par_1_25' title="bbox 2137 913 3724 984">
     <span class='ocr_line' id='line_1_25' title="bbox 2137 913 3724 984; baseline 0.001 -19"><span class='ocrx_word' id='word_1_159' title='bbox 2137 913 2380 982; x_wconf 84' lang='grc' dir='ltr'>χόμενοι,</span> <span class='ocrx_word' id='word_1_160' title='bbox 2409 913 2502 966; x_wconf 76' lang='grc' dir='ltr'><strong>καὶ</strong></span> <span class='ocrx_word' id='word_1_161' title='bbox 2532 913 2982 980; x_wconf 75' lang='grc' dir='ltr'>κατασφάξαντες</span> <span class='ocrx_word' id='word_1_162' title='bbox 3015 914 3084 967; x_wconf 74' lang='grc' dir='ltr'><strong>τὰ</strong></span> <span class='ocrx_word' id='word_1_163' title='bbox 3113 913 3284 984; x_wconf 81' lang='grc' dir='ltr'>χωλά,</span> <span class='ocrx_word' id='word_1_164' title='bbox 3312 914 3380 966; x_wconf 78' lang='grc' dir='ltr'><strong>τὰ</strong></span> <span class='ocrx_word' id='word_1_165' title='bbox 3409 913 3604 980; x_wconf 68' lang='grc' dir='ltr'>τυφλὰ,</span> <span class='ocrx_word' id='word_1_166' title='bbox 3623 915 3724 967; x_wconf 76' lang='grc' dir='ltr'>καὶ</span> 
     </span>
    </p>
   </div>
   <div class='ocr_carea' id='block_1_26' title="bbox 2136 1003 3726 1074">
    <p class='ocr_par' dir='ltr' id='par_1_26' title="bbox 2136 1003 3726 1074">
     <span class='ocr_line' id='line_1_26' title="bbox 2136 1003 3726 1074; baseline 0.001 -18"><span class='ocrx_word' id='word_1_167' title='bbox 2136 1003 2208 1056; x_wconf 86' lang='grc' dir='ltr'>τὰ</span> <span class='ocrx_word' id='word_1_168' title='bbox 2245 1004 2606 1074; x_wconf 79' lang='grc' dir='ltr'>ὲνοχλούμενα</span> <span class='ocrx_word' id='word_1_169' title='bbox 2634 1044 2648 1068; x_wconf 86' lang='lat'><strong>,</strong></span> <span class='ocrx_word' id='word_1_170' title='bbox 2683 1006 2778 1058; x_wconf 70' lang='lat' dir='ltr'><strong>xui.</strong></span> <span class='ocrx_word' id='word_1_171' title='bbox 2819 1005 2992 1058; x_wconf 87' lang='grc' dir='ltr'>ταῦτα</span> <span class='ocrx_word' id='word_1_172' title='bbox 3021 1006 3264 1073; x_wconf 76' lang='grc' dir='ltr'><strong>δρῶντας</strong></span> <span class='ocrx_word' id='word_1_173' title='bbox 3294 1007 3540 1068; x_wconf 79' lang='grc' dir='ltr'><strong>ἐκτόπως</strong></span> <span class='ocrx_word' id='word_1_174' title='bbox 3569 1005 3726 1058; x_wconf 75' lang='grc' dir='ltr'>οὐδὲν</span> 
     </span>
    </p>
   </div>
   <div class='ocr_carea' id='block_1_27' title="bbox 2138 1089 3726 1168">
    <p class='ocr_par' dir='ltr' id='par_1_27' title="bbox 2138 1089 3726 1168">
     <span class='ocr_line' id='line_1_27' title="bbox 2138 1089 3726 1168; baseline 0 -20"><span class='ocrx_word' id='word_1_175' title='bbox 2138 1089 2301 1166; x_wconf 81' lang='grc' dir='ltr'>ἦττον</span> <span class='ocrx_word' id='word_1_176' title='bbox 2347 1097 2597 1150; x_wconf 77' lang='grc' dir='ltr'><strong>ἐπαίδευε</strong></span> <span class='ocrx_word' id='word_1_177' title='bbox 2626 1096 2756 1158; x_wconf 77' lang='grc' dir='ltr'>Θεὸς</span> <span class='ocrx_word' id='word_1_178' title='bbox 2794 1097 2940 1168; x_wconf 81' lang='grc' dir='ltr'>λιμῷ</span> <span class='ocrx_word' id='word_1_179' title='bbox 2983 1115 3044 1150; x_wconf 90' lang='grc' dir='ltr'>τε</span> <span class='ocrx_word' id='word_1_180' title='bbox 3080 1099 3175 1150; x_wconf 76' lang='grc' dir='ltr'><strong>καὶ</strong></span> <span class='ocrx_word' id='word_1_181' title='bbox 3208 1098 3477 1168; x_wconf 78' lang='grc' dir='ltr'><strong>ἀκαρπίᾳ.</strong></span> <span class='ocrx_word' id='word_1_182' title='bbox 3515 1097 3580 1150; x_wconf 81' lang='grc' dir='ltr'>υἱ</span> <span class='ocrx_word' id='word_1_183' title='bbox 3631 1095 3726 1159; x_wconf 66' lang='grc' dir='ltr'>δὲ,</span> 
     </span>
    </p>
   </div>
   <div class='ocr_carea' id='block_1_28' title="bbox 2141 1183 3728 1258">
    <p class='ocr_par' dir='ltr' id='par_1_28' title="bbox 2141 1183 3728 1258">
     <span class='ocr_line' id='line_1_28' title="bbox 2141 1183 3728 1258; baseline -0.001 -18"><span class='ocrx_word' id='word_1_184' title='bbox 2141 1187 2320 1240; x_wconf 88' lang='grc' dir='ltr'>καίτοι</span> <span class='ocrx_word' id='word_1_185' title='bbox 2362 1187 2502 1251; x_wconf 87' lang='grc' dir='ltr'>δέον,</span> <span class='ocrx_word' id='word_1_186' title='bbox 2534 1187 2694 1258; x_wconf 80' lang='grc' dir='ltr'><strong>εἴπερ</strong></span> <span class='ocrx_word' id='word_1_187' title='bbox 2724 1183 2864 1258; x_wconf 80' lang='grc' dir='ltr'>ἦσαν</span> <span class='ocrx_word' id='word_1_188' title='bbox 2895 1189 3090 1257; x_wconf 74' lang='grc' dir='ltr'>ἀγαθοὶ</span> <span class='ocrx_word' id='word_1_189' title='bbox 3138 1189 3235 1241; x_wconf 74' lang='grc' dir='ltr'><strong>καὶ</strong></span> <span class='ocrx_word' id='word_1_190' title='bbox 3278 1188 3386 1240; x_wconf 80' lang='grc' dir='ltr'><strong>τῶν</strong></span> <span class='ocrx_word' id='word_1_191' title='bbox 3415 1190 3728 1258; x_wconf 74' lang='grc' dir='ltr'>συμφερόν-</span> 
     </span>
    </p>
   </div>
   <div class='ocr_carea' id='block_1_29' title="bbox 2140 1277 3734 1346">
    <p class='ocr_par' dir='ltr' id='par_1_29' title="bbox 2140 1277 3734 1346">
     <span class='ocr_line' id='line_1_29' title="bbox 2140 1277 3734 1346; baseline -0.003 -15"><span class='ocrx_word' id='word_1_192' title='bbox 2140 1294 2248 1331; x_wconf 85' lang='grc' dir='ltr'><strong>των</strong></span> <span class='ocrx_word' id='word_1_193' title='bbox 2289 1279 2671 1346; x_wconf 83' lang='grc' dir='ltr'>ἐπιστήμονες,</span> <span class='ocrx_word' id='word_1_194' title='bbox 2718 1281 2837 1341; x_wconf 89' lang='grc' dir='ltr'>ταῖς</span> <span class='ocrx_word' id='word_1_195' title='bbox 2884 1279 2965 1340; x_wconf 83' lang='grc' dir='ltr'><strong>εἰς</strong></span> <span class='ocrx_word' id='word_1_196' title='bbox 3015 1279 3076 1330; x_wconf 79' lang='grc' dir='ltr'><strong>τὸ</strong></span> <span class='ocrx_word' id='word_1_197' title='bbox 3118 1279 3342 1346; x_wconf 77' lang='grc' dir='ltr'>ἄμεινον</span> <span class='ocrx_word' id='word_1_198' title='bbox 3395 1277 3734 1346; x_wconf 78' lang='grc' dir='ltr'>ἀναδρομαῖς</span> 
     </span>
    </p>
   </div>
   <div class='ocr_carea' id='block_1_30' title="bbox 2145 1368 3734 1440">
    <p class='ocr_par' dir='ltr' id='par_1_30' title="bbox 2145 1368 3734 1440">
     <span class='ocr_line' id='line_1_30' title="bbox 2145 1368 3734 1440; baseline -0.003 -17"><span class='ocrx_word' id='word_1_199' title='bbox 2145 1368 2471 1440; x_wconf 90' lang='grc' dir='ltr'>θεραπεύειν</span> <span class='ocrx_word' id='word_1_200' title='bbox 2488 1369 2864 1439; x_wconf 85' lang='grc' dir='ltr'>λελυπημένον</span> <span class='ocrx_word' id='word_1_201' title='bbox 2887 1369 2976 1422; x_wconf 71' lang='grc' dir='ltr'>τὸν</span> <span class='ocrx_word' id='word_1_202' title='bbox 3006 1370 3113 1422; x_wconf 81' lang='grc' dir='ltr'><strong>τῶν</strong></span> <span class='ocrx_word' id='word_1_203' title='bbox 3135 1370 3274 1422; x_wconf 84' lang='grc' dir='ltr'>ὅλων</span> <span class='ocrx_word' id='word_1_204' title='bbox 3292 1368 3446 1425; x_wconf 71' lang='grc' dir='ltr'>Θεὸν.</span> <span class='ocrx_word' id='word_1_205' title='bbox 3469 1368 3734 1420; x_wconf 77' lang='grc' dir='ltr'><strong>ἀσύνετον</strong></span> 
     </span>
    </p>
   </div>
   <div class='ocr_carea' id='block_1_31' title="bbox 2144 1457 3737 1531">
    <p class='ocr_par' dir='ltr' id='par_1_31' title="bbox 2144 1457 3737 1531">
     <span class='ocr_line' id='line_1_31' title="bbox 2144 1457 3737 1531; baseline 0 -18"><span class='ocrx_word' id='word_1_206' title='bbox 2144 1460 2427 1514; x_wconf 76' lang='grc' dir='ltr'>ἐποιοῦντο</span> <span class='ocrx_word' id='word_1_207' title='bbox 2480 1461 2579 1531; x_wconf 84' lang='grc' dir='ltr'>τὴν</span> <span class='ocrx_word' id='word_1_208' title='bbox 2631 1461 2925 1528; x_wconf 82' lang='grc' dir='ltr'>καταϐοήν.</span> <span class='ocrx_word' id='word_1_209' title='bbox 2993 1461 3210 1528; x_wconf 80' lang='grc' dir='ltr'><strong>Ἐπειδὴ</strong></span> <span class='ocrx_word' id='word_1_210' title='bbox 3261 1461 3371 1530; x_wconf 87' lang='grc' dir='ltr'>γὰρ</span> <span class='ocrx_word' id='word_1_211' title='bbox 3421 1457 3606 1531; x_wconf 78' lang='grc' dir='ltr'>ἑώρων</span> <span class='ocrx_word' id='word_1_212' title='bbox 3664 1461 3737 1513; x_wconf 68' lang='grc' dir='ltr'>τὰ</span> 
     </span>
    </p>
   </div>
   <div class='ocr_carea' id='block_1_32' title="bbox 2143 1550 3707 1622">
    <p class='ocr_par' dir='ltr' id='par_1_32' title="bbox 2143 1550 3707 1622">
     <span class='ocr_line' id='line_1_32' title="bbox 2143 1550 3707 1622; baseline -0.001 -18"><span class='ocrx_word' id='word_1_213' title='bbox 2143 1551 2397 1622; x_wconf 76' lang='grc' dir='ltr'>περίοικα</span> <span class='ocrx_word' id='word_1_214' title='bbox 2423 1551 2532 1603; x_wconf 84' lang='grc' dir='ltr'><strong>τῶν</strong></span> <span class='ocrx_word' id='word_1_215' title='bbox 2571 1550 2742 1604; x_wconf 78' lang='grc' dir='ltr'>ἐθνῶν</span> <span class='ocrx_word' id='word_1_216' title='bbox 2770 1551 2865 1604; x_wconf 73' lang='grc' dir='ltr'><strong>καὶ</strong></span> <span class='ocrx_word' id='word_1_217' title='bbox 2907 1550 2998 1604; x_wconf 78' lang='grc' dir='ltr'><strong>τὸν</strong></span> <span class='ocrx_word' id='word_1_218' title='bbox 3028 1551 3159 1604; x_wconf 73' lang='grc' dir='ltr'>Θεὸν</span> <span class='ocrx_word' id='word_1_219' title='bbox 3194 1553 3294 1604; x_wconf 75' lang='grc' dir='ltr'><strong>οὐκ</strong></span> <span class='ocrx_word' id='word_1_220' title='bbox 3322 1551 3519 1614; x_wconf 77' lang='grc' dir='ltr'><strong>εἰδότα,</strong></span> <span class='ocrx_word' id='word_1_221' title='bbox 3563 1565 3707 1620; x_wconf 88' lang='grc' dir='ltr'>προσ</span> 
     </span>
    </p>
   </div>
   <div class='ocr_carea' id='block_1_33' title="bbox 2145 1642 3737 1713">
    <p class='ocr_par' dir='ltr' id='par_1_33' title="bbox 2145 1642 3737 1713">
     <span class='ocr_line' id='line_1_33' title="bbox 2145 1642 3737 1713; baseline -0.002 -17"><span class='ocrx_word' id='word_1_222' title='bbox 2145 1642 2412 1696; x_wconf 82' lang='grc' dir='ltr'>κυνοῦντα</span> <span class='ocrx_word' id='word_1_223' title='bbox 2449 1643 2504 1696; x_wconf 84' lang='grc' dir='ltr'><strong>δὲ</strong></span> <span class='ocrx_word' id='word_1_224' title='bbox 2538 1643 2738 1712; x_wconf 80' lang='grc' dir='ltr'>μᾶλλον</span> <span class='ocrx_word' id='word_1_225' title='bbox 2767 1646 2879 1704; x_wconf 81' lang='grc' dir='ltr'>τοῖς</span> <span class='ocrx_word' id='word_1_226' title='bbox 2919 1643 3202 1710; x_wconf 76' lang='grc' dir='ltr'><strong>γλυπτοῖς,</strong></span> <span class='ocrx_word' id='word_1_227' title='bbox 3239 1644 3333 1696; x_wconf 68' lang='grc' dir='ltr'>καὶ</span> <span class='ocrx_word' id='word_1_228' title='bbox 3366 1645 3465 1713; x_wconf 83' lang='grc' dir='ltr'>τὴν</span> <span class='ocrx_word' id='word_1_229' title='bbox 3494 1643 3737 1712; x_wconf 79' lang='grc' dir='ltr'>ἐσχάτην</span> 
     </span>
    </p>
   </div>
   <div class='ocr_carea' id='block_1_34' title="bbox 454 1719 2051 1805">
    <p class='ocr_par' dir='ltr' id='par_1_34' title="bbox 454 1733 2041 1804">
     <span class='ocr_line' id='line_1_34' title="bbox 454 1733 2041 1804; baseline -0.001 -15"><span class='ocrx_word' id='word_1_230' title='bbox 454 1737 507 1789; x_wconf 84' lang='lat' dir='ltr'><strong>in</strong></span> <span class='ocrx_word' id='word_1_231' title='bbox 540 1736 934 1804; x_wconf 79' lang='lat' dir='ltr'><strong>captivitatem,</strong></span> <span class='ocrx_word' id='word_1_232' title='bbox 971 1736 1187 1789; x_wconf 83' lang='lat' dir='ltr'><strong>tametsi</strong></span> <span class='ocrx_word' id='word_1_233' title='bbox 1242 1735 1460 1789; x_wconf 84' lang='lat' dir='ltr'><strong>assidue</strong></span> <span class='ocrx_word' id='word_1_234' title='bbox 1499 1733 1728 1788; x_wconf 89' lang='lat' dir='ltr'><strong>Domino</strong></span> <span class='ocrx_word' id='word_1_235' title='bbox 1793 1736 2041 1804; x_wconf 83' lang='lat' dir='ltr'><strong>omnipo-</strong></span> 
     </span>
    </p>
   </div>
   <div class='ocr_carea' id='block_1_35' title="bbox 2158 1719 3735 1805">
    <p class='ocr_par' dir='ltr' id='par_1_35' title="bbox 2158 1734 3735 1805">
     <span class='ocr_line' id='line_1_35' title="bbox 2158 1734 3735 1805; baseline -0.001 -16"><span class='ocrx_word' id='word_1_236' title='bbox 2158 1734 2411 1789; x_wconf 76' lang='grc' dir='ltr'>νοσοῦντα</span> <span class='ocrx_word' id='word_1_237' title='bbox 2444 1736 2734 1805; x_wconf 81' lang='grc' dir='ltr'>πλάνησιν,</span> <span class='ocrx_word' id='word_1_238' title='bbox 2765 1737 2823 1787; x_wconf 82' lang='grc' dir='ltr'>ὲν</span> <span class='ocrx_word' id='word_1_239' title='bbox 2847 1734 3166 1799; x_wconf 74' lang='grc' dir='ltr'>εὐπαθείαις</span> <span class='ocrx_word' id='word_1_240' title='bbox 3197 1735 3325 1788; x_wconf 77' lang='grc' dir='ltr'>ὄντα</span> <span class='ocrx_word' id='word_1_241' title='bbox 3357 1739 3450 1788; x_wconf 73' lang='grc' dir='ltr'><strong>καὶ</strong></span> <span class='ocrx_word' id='word_1_242' title='bbox 3477 1737 3735 1805; x_wconf 78' lang='grc' dir='ltr'>τρυφαῖς,</span> 
     </span>
    </p>
   </div>
   <div class='ocr_carea' id='block_1_36' title="bbox 455 1827 2048 1898">
    <p class='ocr_par' dir='ltr' id='par_1_36' title="bbox 455 1827 2048 1898">
     <span class='ocr_line' id='line_1_36' title="bbox 455 1827 2048 1898; baseline 0.001 -17"><span class='ocrx_word' id='word_1_243' title='bbox 455 1827 585 1882; x_wconf 88' lang='lat' dir='ltr'><strong>tenti</strong></span> <span class='ocrx_word' id='word_1_244' title='bbox 619 1828 886 1898; x_wconf 87' lang='lat' dir='ltr'><strong>supplices</strong></span> <span class='ocrx_word' id='word_1_245' title='bbox 913 1828 1342 1881; x_wconf 88' lang='lat' dir='ltr'><strong>advolveremur.</strong></span> <span class='ocrx_word' id='word_1_246' title='bbox 1378 1828 1598 1889; x_wconf 87' lang='lat' dir='ltr'><strong>Contra,</strong></span> <span class='ocrx_word' id='word_1_247' title='bbox 1623 1829 1712 1897; x_wconf 89' lang='lat' dir='ltr'><strong>qui</strong></span> <span class='ocrx_word' id='word_1_248' title='bbox 1746 1829 1936 1882; x_wconf 85' lang='lat' dir='ltr'><strong>horum</strong></span> <span class='ocrx_word' id='word_1_249' title='bbox 1968 1829 2048 1882; x_wconf 83' lang='lat' dir='ltr'><strong>ni-</strong></span> 
     </span>
    </p>
   </div>
   <div class='ocr_carea' id='block_1_37' title="bbox 460 1917 2047 1988">
    <p class='ocr_par' dir='ltr' id='par_1_37' title="bbox 460 1917 2047 1988">
     <span class='ocr_line' id='line_1_37' title="bbox 460 1917 2047 1988; baseline 0.001 -16"><span class='ocrx_word' id='word_1_250' title='bbox 460 1918 535 1973; x_wconf 87' lang='lat' dir='ltr'><strong>hil</strong></span> <span class='ocrx_word' id='word_1_251' title='bbox 555 1917 778 1984; x_wconf 81' lang='lat' dir='ltr'><strong>faciunt,</strong></span> <span class='ocrx_word' id='word_1_252' title='bbox 817 1935 920 1974; x_wconf 91' lang='lat' dir='ltr'><strong>non</strong></span> <span class='ocrx_word' id='word_1_253' title='bbox 941 1919 1122 1988; x_wconf 79' lang='lat' dir='ltr'><strong>plagas</strong></span> <span class='ocrx_word' id='word_1_254' title='bbox 1149 1919 1408 1983; x_wconf 90' lang='lat' dir='ltr'><strong>sentiunt,</strong></span> <span class='ocrx_word' id='word_1_255' title='bbox 1431 1936 1532 1974; x_wconf 91' lang='lat' dir='ltr'><strong>non</strong></span> <span class='ocrx_word' id='word_1_256' title='bbox 1565 1920 1832 1975; x_wconf 73' lang='lat' dir='ltr'><strong>miserias.</strong></span> <span class='ocrx_word' id='word_1_257' title='bbox 1851 1919 2047 1983; x_wconf 75' lang='lat' dir='ltr'><strong>Quam-</strong></span> 
     </span>
    </p>
   </div>
   <div class='ocr_carea' id='block_1_38' title="bbox 452 2009 2045 2066">
    <p class='ocr_par' dir='ltr' id='par_1_38' title="bbox 452 2009 2045 2066">
     <span class='ocr_line' id='line_1_38' title="bbox 452 2009 2045 2066; baseline 0.003 -5"><span class='ocrx_word' id='word_1_258' title='bbox 452 2011 640 2064; x_wconf 89' lang='lat' dir='ltr'><strong>obrem</strong></span> <span class='ocrx_word' id='word_1_259' title='bbox 673 2009 860 2066; x_wconf 88' lang='lat' dir='ltr'><strong>beatos</strong></span> <span class='ocrx_word' id='word_1_260' title='bbox 885 2025 1231 2065; x_wconf 85' lang='lat' dir='ltr'><strong>numeramus</strong></span> <span class='ocrx_word' id='word_1_261' title='bbox 1256 2010 1486 2065; x_wconf 88' lang='lat' dir='ltr'><strong>alienos.</strong></span> <span class='ocrx_word' id='word_1_262' title='bbox 1527 2028 1547 2062; x_wconf 76' lang='grc' dir='ltr'>ι</span> <span class='ocrx_word' id='word_1_263' title='bbox 1591 2011 1655 2066; x_wconf 86' lang='lat' dir='ltr'><strong>Et</strong></span> <span class='ocrx_word' id='word_1_264' title='bbox 1711 2012 2045 2066; x_wconf 67' lang='lat' dir='ltr'><strong>remdilican-</strong></span> 
     </span>
    </p>
   </div>
   <div class='ocr_carea' id='block_1_39' title="bbox 457 2098 2046 2168">
    <p class='ocr_par' dir='ltr' id='par_1_39' title="bbox 457 2098 2046 2168">
     <span class='ocr_line' id='line_1_39' title="bbox 457 2098 2046 2168; baseline 0.001 -16"><span class='ocrx_word' id='word_1_265' title='bbox 457 2110 539 2152; x_wconf 90' lang='lat' dir='ltr'><strong>tes</strong></span> <span class='ocrx_word' id='word_1_266' title='bbox 569 2099 658 2168; x_wconf 90' lang='lat' dir='ltr'><strong>qui</strong></span> <span class='ocrx_word' id='word_1_267' title='bbox 680 2098 884 2154; x_wconf 78' lang='lat' dir='ltr'><strong>faciunt</strong></span> <span class='ocrx_word' id='word_1_268' title='bbox 905 2099 1084 2168; x_wconf 88' lang='lat' dir='ltr'><strong>iniqua</strong></span> <span class='ocrx_word' id='word_1_269' title='bbox 1109 2102 1426 2156; x_wconf 87' lang='lat' dir='ltr'><strong>restiterunt</strong></span> <span class='ocrx_word' id='word_1_270' title='bbox 1445 2099 1556 2156; x_wconf 87' lang='lat' dir='ltr'><strong>Deo</strong></span> <span class='ocrx_word' id='word_1_271' title='bbox 1573 2112 1626 2155; x_wconf 93' lang='lat' dir='ltr'><strong>et</strong></span> <span class='ocrx_word' id='word_1_272' title='bbox 1643 2102 1838 2155; x_wconf 83' lang='lat' dir='ltr'><strong>salvati</strong></span> <span class='ocrx_word' id='word_1_273' title='bbox 1859 2112 2006 2157; x_wconf 87' lang='lat' dir='ltr'><strong>sunt.</strong></span> <span class='ocrx_word' id='word_1_274' title='bbox 2027 2118 2046 2154; x_wconf 80' lang='grc'><strong>&gt;</strong></span> 
     </span>
    </p>
   </div>
   <div class='ocr_carea' id='block_1_40' title="bbox 457 2190 2051 2261">
    <p class='ocr_par' dir='ltr' id='par_1_40' title="bbox 457 2190 2051 2261">
     <span class='ocr_line' id='line_1_40' title="bbox 457 2190 2051 2261; baseline 0.003 -18"><span class='ocrx_word' id='word_1_275' title='bbox 457 2190 781 2259; x_wconf 85' lang='lat' dir='ltr'><strong>llepugnant</strong></span> <span class='ocrx_word' id='word_1_276' title='bbox 810 2191 954 2245; x_wconf 84' lang='lat' dir='ltr'><strong>enim</strong></span> <span class='ocrx_word' id='word_1_277' title='bbox 991 2193 1232 2258; x_wconf 76' lang='lat' dir='ltr'><strong>profecto</strong></span> <span class='ocrx_word' id='word_1_278' title='bbox 1295 2192 1479 2261; x_wconf 77' lang='lat' dir='ltr'><strong>gloria:</strong></span> <span class='ocrx_word' id='word_1_279' title='bbox 1532 2193 1624 2246; x_wconf 87' lang='lat' dir='ltr'><strong>Dei</strong></span> <span class='ocrx_word' id='word_1_280' title='bbox 1676 2194 2051 2261; x_wconf 76' lang='lat' dir='ltr'><strong>multipliciter</strong></span> 
     </span>
    </p>
   </div>
   <div class='ocr_carea' id='block_1_41' title="bbox 455 2281 2048 2352">
    <p class='ocr_par' dir='ltr' id='par_1_41' title="bbox 455 2281 2048 2352">
     <span class='ocr_line' id='line_1_41' title="bbox 455 2281 2048 2352; baseline 0.002 -17"><span class='ocrx_word' id='word_1_281' title='bbox 455 2282 546 2350; x_wconf 90' lang='lat' dir='ltr'><strong>qni</strong></span> <span class='ocrx_word' id='word_1_282' title='bbox 577 2295 782 2346; x_wconf 88' lang='lat' dir='ltr'><strong>errant,</strong></span> <span class='ocrx_word' id='word_1_283' title='bbox 812 2291 866 2337; x_wconf 90' lang='lat' dir='ltr'><strong>et</strong></span> <span class='ocrx_word' id='word_1_284' title='bbox 885 2281 1250 2338; x_wconf 86' lang='lat' dir='ltr'><strong>coullatilibus</strong></span> <span class='ocrx_word' id='word_1_285' title='bbox 1277 2285 1646 2347; x_wconf 75' lang='lat' dir='ltr'><strong>sacrilicant,¢</strong></span> <span class='ocrx_word' id='word_1_286' title='bbox 1690 2284 1756 2338; x_wconf 86' lang='lat' dir='ltr'><strong>Et</strong></span> <span class='ocrx_word' id='word_1_287' title='bbox 1786 2283 1930 2352; x_wconf 83' lang='lat' dir='ltr'><strong>ligno</strong></span> <span class='ocrx_word' id='word_1_288' title='bbox 1962 2286 2048 2338; x_wconf 88' lang='lat' dir='ltr'><strong>di-</strong></span> 
     </span>
    </p>
   </div>
   <div class='ocr_carea' id='block_1_42' title="bbox 457 2374 2048 2445">
    <p class='ocr_par' dir='ltr' id='par_1_42' title="bbox 457 2374 2048 2445">
     <span class='ocr_line' id='line_1_42' title="bbox 457 2374 2048 2445; baseline 0.005 -20"><span class='ocrx_word' id='word_1_289' title='bbox 457 2381 586 2426; x_wconf 87' lang='lat' dir='ltr'><strong>cunt</strong></span> <span class='ocrx_word' id='word_1_290' title='bbox 619 2390 632 2427; x_wconf 89' lang='lat'><strong>:</strong></span> <span class='ocrx_word' id='word_1_291' title='bbox 664 2374 804 2428; x_wconf 88' lang='lat' dir='ltr'><strong>Deus</strong></span> <span class='ocrx_word' id='word_1_292' title='bbox 827 2390 979 2429; x_wconf 87' lang='lat' dir='ltr'><strong>meus</strong></span> <span class='ocrx_word' id='word_1_293' title='bbox 1007 2389 1066 2430; x_wconf 85' lang='lat' dir='ltr'><strong>es</strong></span> <span class='ocrx_word' id='word_1_294' title='bbox 1090 2384 1166 2438; x_wconf 94' lang='lat' dir='ltr'><strong>tu,</strong></span> <span class='ocrx_word' id='word_1_295' title='bbox 1201 2375 1430 2445; x_wconf 85' lang='lat' dir='ltr'><strong>etlapidi</strong></span> <span class='ocrx_word' id='word_1_296' title='bbox 1459 2393 1471 2430; x_wconf 94' lang='lat'>:</span> <span class='ocrx_word' id='word_1_297' title='bbox 1497 2375 1574 2430; x_wconf 91' lang='lat' dir='ltr'><strong>Tu</strong></span> <span class='ocrx_word' id='word_1_298' title='bbox 1605 2377 1836 2442; x_wconf 68' lang='lat' dir='ltr'><strong>genuiSti</strong></span> <span class='ocrx_word' id='word_1_299' title='bbox 1871 2392 1955 2431; x_wconf 91' lang='lat' dir='ltr'><strong>me</strong></span> <span class='ocrx_word' id='word_1_300' title='bbox 1980 2378 2048 2433; x_wconf 84' lang='lat'><strong>”.</strong></span> 
     </span>
    </p>
   </div>
   <div class='ocr_carea' id='block_1_43' title="bbox 461 2462 2047 2536">
    <p class='ocr_par' dir='ltr' id='par_1_43' title="bbox 461 2462 2047 2536">
     <span class='ocr_line' id='line_1_43' title="bbox 461 2462 2047 2536; baseline 0.003 -18"><span class='ocrx_word' id='word_1_301' title='bbox 461 2462 590 2519; x_wconf 69' lang='grc' dir='ltr'>Ηεεο</span> <span class='ocrx_word' id='word_1_302' title='bbox 618 2463 858 2520; x_wconf 79' lang='lat' dir='ltr'><strong>oblocuti</strong></span> <span class='ocrx_word' id='word_1_303' title='bbox 887 2476 1034 2530; x_wconf 91' lang='lat' dir='ltr'><strong>sunt,</strong></span> <span class='ocrx_word' id='word_1_304' title='bbox 1074 2467 1276 2536; x_wconf 88' lang='lat' dir='ltr'><strong>inquit,</strong></span> <span class='ocrx_word' id='word_1_305' title='bbox 1315 2469 1406 2536; x_wconf 92' lang='lat' dir='ltr'><strong>qui</strong></span> <span class='ocrx_word' id='word_1_306' title='bbox 1443 2468 1636 2522; x_wconf 87' lang='lat' dir='ltr'><strong>timent</strong></span> <span class='ocrx_word' id='word_1_307' title='bbox 1682 2469 1988 2523; x_wconf 88' lang='lat' dir='ltr'><strong>Dominum.</strong></span> <span class='ocrx_word' id='word_1_308' title='bbox 2027 2489 2047 2522; x_wconf 70' lang='grc' dir='ltr'><strong>ι</strong></span> 
     </span>
    </p>
   </div>
   <div class='ocr_carea' id='block_1_44' title="bbox 460 2553 2053 2628">
    <p class='ocr_par' dir='ltr' id='par_1_44' title="bbox 460 2553 2053 2628">
     <span class='ocr_line' id='line_1_44' title="bbox 460 2553 2053 2628; baseline 0.004 -20"><span class='ocrx_word' id='word_1_309' title='bbox 460 2553 638 2610; x_wconf 82' lang='lat' dir='ltr'><strong>Habet</strong></span> <span class='ocrx_word' id='word_1_310' title='bbox 683 2566 864 2610; x_wconf 85' lang='lat' dir='ltr'><strong>autem</strong></span> <span class='ocrx_word' id='word_1_311' title='bbox 911 2559 1187 2612; x_wconf 82' lang='lat' dir='ltr'><strong>accusatio</strong></span> <span class='ocrx_word' id='word_1_312' title='bbox 1240 2558 1375 2612; x_wconf 84' lang='lat' dir='ltr'><strong>nihil</strong></span> <span class='ocrx_word' id='word_1_313' title='bbox 1423 2569 1618 2628; x_wconf 72' lang='lat' dir='ltr'><strong>prazter</strong></span> <span class='ocrx_word' id='word_1_314' title='bbox 1679 2559 2053 2624; x_wconf 83' lang='lat' dir='ltr'><strong>maledictum,</strong></span> 
     </span>
    </p>
   </div>
   <div class='ocr_carea' id='block_1_45' title="bbox 460 2650 2057 2721">
    <p class='ocr_par' dir='ltr' id='par_1_45' title="bbox 460 2650 2057 2721">
     <span class='ocr_line' id='line_1_45' title="bbox 460 2650 2057 2721; baseline 0.004 -18"><span class='ocrx_word' id='word_1_315' title='bbox 460 2650 824 2721; x_wconf 90' lang='lat' dir='ltr'><strong>morbumque</strong></span> <span class='ocrx_word' id='word_1_316' title='bbox 847 2651 1160 2721; x_wconf 76' lang='lat' dir='ltr'><strong>pestiferum</strong></span> <span class='ocrx_word' id='word_1_317' title='bbox 1212 2653 1491 2708; x_wconf 82' lang='lat' dir='ltr'><strong>evidenter</strong></span> <span class='ocrx_word' id='word_1_318' title='bbox 1544 2656 1903 2711; x_wconf 89' lang='lat' dir='ltr'><strong>demonstrat.</strong></span> <span class='ocrx_word' id='word_1_319' title='bbox 1957 2655 2057 2710; x_wconf 90' lang='lat' dir='ltr'><strong>Est</strong></span> 
     </span>
    </p>
   </div>
   <div class='ocr_carea' id='block_1_46' title="bbox 459 2744 2055 2812">
    <p class='ocr_par' dir='ltr' id='par_1_46' title="bbox 459 2744 2055 2812">
     <span class='ocr_line' id='line_1_46' title="bbox 459 2744 2055 2812; baseline 0.003 -17"><span class='ocrx_word' id='word_1_320' title='bbox 459 2744 604 2796; x_wconf 79' lang='lat' dir='ltr'><strong>enim</strong></span> <span class='ocrx_word' id='word_1_321' title='bbox 639 2753 855 2812; x_wconf 67' lang='lat' dir='ltr'><strong>aegrota:</strong></span> <span class='ocrx_word' id='word_1_322' title='bbox 913 2744 1130 2809; x_wconf 88' lang='lat' dir='ltr'><strong>mentis,</strong></span> <span class='ocrx_word' id='word_1_323' title='bbox 1161 2754 1215 2800; x_wconf 85' lang='lat' dir='ltr'><strong>et</strong></span> <span class='ocrx_word' id='word_1_324' title='bbox 1265 2745 1429 2800; x_wconf 88' lang='lat' dir='ltr'><strong>anin.i</strong></span> <span class='ocrx_word' id='word_1_325' title='bbox 1473 2747 1609 2800; x_wconf 87' lang='lat' dir='ltr'><strong>ehrii</strong></span> <span class='ocrx_word' id='word_1_326' title='bbox 1659 2747 1768 2800; x_wconf 90' lang='lat' dir='ltr'><strong>Deo</strong></span> <span class='ocrx_word' id='word_1_327' title='bbox 1821 2747 2055 2801; x_wconf 88' lang='lat' dir='ltr'><strong>invisum</strong></span> 
     </span>
    </p>
   </div>
   <div class='ocr_carea' id='block_1_47' title="bbox 463 2835 2059 2910">
    <p class='ocr_par' dir='ltr' id='par_1_47' title="bbox 463 2835 2059 2910">
     <span class='ocr_line' id='line_1_47' title="bbox 463 2835 2059 2910; baseline 0.004 -23"><span class='ocrx_word' id='word_1_328' title='bbox 463 2835 908 2901; x_wconf 77' lang='lat' dir='ltr'><strong>reiectamentum</strong></span> <span class='ocrx_word' id='word_1_329' title='bbox 935 2846 1123 2892; x_wconf 89' lang='lat' dir='ltr'><strong>contra</strong></span> <span class='ocrx_word' id='word_1_330' title='bbox 1156 2837 1322 2893; x_wconf 89' lang='lat' dir='ltr'><strong>Deum</strong></span> <span class='ocrx_word' id='word_1_331' title='bbox 1347 2839 1642 2908; x_wconf 89' lang='lat' dir='ltr'><strong>quidquam</strong></span> <span class='ocrx_word' id='word_1_332' title='bbox 1675 2839 1840 2910; x_wconf 87' lang='lat' dir='ltr'><strong>loqui.</strong></span> <span class='ocrx_word' id='word_1_333' title='bbox 1864 2841 1934 2895; x_wconf 88' lang='lat' dir='ltr'><strong>Se</strong></span> <span class='ocrx_word' id='word_1_334' title='bbox 1963 2857 2059 2894; x_wconf 90' lang='lat' dir='ltr'><strong>au-</strong></span> 
     </span>
    </p>
   </div>
   <div class='ocr_carea' id='block_1_48' title="bbox 463 2923 2058 3003">
    <p class='ocr_par' dir='ltr' id='par_1_48' title="bbox 463 2923 2058 3003">
     <span class='ocr_line' id='line_1_48' title="bbox 463 2923 2058 3003; baseline 0.004 -23"><span class='ocrx_word' id='word_1_335' title='bbox 463 2937 571 2980; x_wconf 87' lang='lat' dir='ltr'><strong>tem</strong></span> <span class='ocrx_word' id='word_1_336' title='bbox 627 2927 761 2982; x_wconf 87' lang='lat' dir='ltr'><strong>tales</strong></span> <span class='ocrx_word' id='word_1_337' title='bbox 807 2923 1088 3003; x_wconf 79' lang='lat' dir='ltr'><strong>sermones</strong></span> <span class='ocrx_word' id='word_1_338' title='bbox 1135 2945 1242 2983; x_wconf 84' lang='lat' dir='ltr'><strong>non</strong></span> <span class='ocrx_word' id='word_1_339' title='bbox 1273 2930 1468 2993; x_wconf 90' lang='lat' dir='ltr'><strong>obiter,</strong></span> <span class='ocrx_word' id='word_1_340' title='bbox 1505 2932 1598 2985; x_wconf 90' lang='lat' dir='ltr'><strong>sed</strong></span> <span class='ocrx_word' id='word_1_341' title='bbox 1653 2934 1890 2985; x_wconf 88' lang='lat' dir='ltr'><strong>studiose</strong></span> <span class='ocrx_word' id='word_1_342' title='bbox 1963 2949 2058 2986; x_wconf 90' lang='lat' dir='ltr'><strong>au-</strong></span> 
     </span>
    </p>
   </div>
   <div class='ocr_carea' id='block_1_49' title="bbox 2149 1826 3740 1896">
    <p class='ocr_par' dir='ltr' id='par_1_49' title="bbox 2149 1826 3740 1896">
     <span class='ocr_line' id='line_1_49' title="bbox 2149 1826 3740 1896; baseline 0 -16"><span class='ocrx_word' id='word_1_343' title='bbox 2149 1827 2390 1896; x_wconf 60' lang='grc' dir='ltr'>ἐψασκον</span> <span class='ocrx_word' id='word_1_344' title='bbox 2420 1827 2733 1890; x_wconf 72' lang='grc' dir='ltr'>ἀσυνέτωςο</span> <span class='ocrx_word' id='word_1_345' title='bbox 2778 1846 2796 1878; x_wconf 82' lang='grc' dir='ltr'><strong>ι</strong></span> <span class='ocrx_word' id='word_1_346' title='bbox 2834 1827 3079 1887; x_wconf 58' lang='lat' dir='ltr'><strong>nmmo;</strong></span> <span class='ocrx_word' id='word_1_347' title='bbox 3103 1829 3130 1879; x_wconf 87' lang='grc' dir='ltr'>ὁ</span> <span class='ocrx_word' id='word_1_348' title='bbox 3155 1826 3421 1880; x_wconf 76' lang='grc' dir='ltr'><strong>δουλεύων</strong></span> <span class='ocrx_word' id='word_1_349' title='bbox 3455 1826 3595 1895; x_wconf 79' lang='grc' dir='ltr'><strong>Θεῷ.</strong></span> <span class='ocrx_word' id='word_1_350' title='bbox 3625 1828 3740 1880; x_wconf 73' lang='grc' dir='ltr'>Καὶ</span> 
     </span>
    </p>
   </div>
   <div class='ocr_carea' id='block_1_50' title="bbox 2147 1914 3732 1986">
    <p class='ocr_par' dir='ltr' id='par_1_50' title="bbox 2147 1914 3732 1986">
     <span class='ocr_line' id='line_1_50' title="bbox 2147 1914 3732 1986; baseline -0.001 -18"><span class='ocrx_word' id='word_1_351' title='bbox 2147 1917 2201 1969; x_wconf 87' lang='grc' dir='ltr'><strong>τί</strong></span> <span class='ocrx_word' id='word_1_352' title='bbox 2238 1917 2420 1969; x_wconf 84' lang='grc' dir='ltr'>πλεῖον</span> <span class='ocrx_word' id='word_1_353' title='bbox 2459 1918 2540 1970; x_wconf 84' lang='grc' dir='ltr'><strong>ὅτι</strong></span> <span class='ocrx_word' id='word_1_354' title='bbox 2573 1916 2920 1986; x_wconf 77' lang='grc' dir='ltr'>ὲφυλάξαμεν</span> <span class='ocrx_word' id='word_1_355' title='bbox 2969 1917 3038 1969; x_wconf 71' lang='grc' dir='ltr'><strong>τὰ</strong></span> <span class='ocrx_word' id='word_1_356' title='bbox 3086 1916 3419 1986; x_wconf 80' lang='grc' dir='ltr'>φυλάγματα</span> <span class='ocrx_word' id='word_1_357' title='bbox 3463 1914 3669 1978; x_wconf 67' lang='grc' dir='ltr'>αὐτοῦς</span> <span class='ocrx_word' id='word_1_358' title='bbox 3711 1934 3732 1967; x_wconf 76' lang='lat' dir='ltr'><strong>s</strong></span> 
     </span>
    </p>
   </div>
   <div class='ocr_carea' id='block_1_51' title="bbox 2163 1996 3740 2080">
    <p class='ocr_par' dir='ltr' id='par_1_51' title="bbox 2163 1996 3740 2080">
     <span class='ocr_line' id='line_1_51' title="bbox 2163 1996 3740 2080; baseline -0.003 -16"><span class='ocrx_word' id='word_1_359' title='bbox 2163 2010 2353 2080; x_wconf 84' lang='grc' dir='ltr'><strong>Ἡμεῖς</strong></span> <span class='ocrx_word' id='word_1_360' title='bbox 2403 2009 2532 2080; x_wconf 80' lang='grc' dir='ltr'>γὰρ,</span> <span class='ocrx_word' id='word_1_361' title='bbox 2585 2010 2771 2079; x_wconf 72' lang='grc' dir='ltr'>φησὶν,</span> <span class='ocrx_word' id='word_1_362' title='bbox 2827 1996 3310 2079; x_wconf 64' lang='grc' dir='ltr'>οἷ’νομοφύλακες</span> <span class='ocrx_word' id='word_1_363' title='bbox 3372 2011 3431 2061; x_wconf 76' lang='grc' dir='ltr'>ἐν</span> <span class='ocrx_word' id='word_1_364' title='bbox 3480 2009 3740 2079; x_wconf 75' lang='grc' dir='ltr'>ἀπορίαις</span> 
     </span>
    </p>
   </div>
   <div class='ocr_carea' id='block_1_52' title="bbox 2153 2099 3738 2172">
    <p class='ocr_par' dir='ltr' id='par_1_52' title="bbox 2153 2099 3738 2172">
     <span class='ocr_line' id='line_1_52' title="bbox 2153 2099 3738 2172; baseline -0.003 -18"><span class='ocrx_word' id='word_1_365' title='bbox 2153 2102 2318 2171; x_wconf 75' lang='grc' dir='ltr'>ἐσμὲν</span> <span class='ocrx_word' id='word_1_366' title='bbox 2360 2103 2454 2155; x_wconf 71' lang='grc' dir='ltr'><strong>καὶ</strong></span> <span class='ocrx_word' id='word_1_367' title='bbox 2501 2100 2757 2169; x_wconf 81' lang='grc' dir='ltr'><strong>πληγαῖς.</strong></span> <span class='ocrx_word' id='word_1_368' title='bbox 2813 2101 3089 2172; x_wconf 82' lang='grc' dir='ltr'>ᾩχήμεθα</span> <span class='ocrx_word' id='word_1_369' title='bbox 3127 2100 3185 2152; x_wconf 75' lang='grc' dir='ltr'>δὲ</span> <span class='ocrx_word' id='word_1_370' title='bbox 3235 2100 3330 2153; x_wconf 74' lang='grc' dir='ltr'><strong>καὶ</strong></span> <span class='ocrx_word' id='word_1_371' title='bbox 3375 2099 3738 2170; x_wconf 81' lang='grc' dir='ltr'><strong>αἰχμάλωτοι,</strong></span> 
     </span>
    </p>
   </div>
   <div class='ocr_carea' id='block_1_53' title="bbox 2151 2191 3742 2266">
    <p class='ocr_par' dir='ltr' id='par_1_53' title="bbox 2151 2191 3742 2266">
     <span class='ocr_line' id='line_1_53' title="bbox 2151 2191 3742 2266; baseline -0.004 -17"><span class='ocrx_word' id='word_1_372' title='bbox 2151 2196 2330 2249; x_wconf 85' lang='grc' dir='ltr'>καίτοι</span> <span class='ocrx_word' id='word_1_373' title='bbox 2381 2196 2820 2266; x_wconf 81' lang='grc' dir='ltr'><strong>προσπίπτοντες</strong></span> <span class='ocrx_word' id='word_1_374' title='bbox 2871 2196 2958 2248; x_wconf 66' lang='grc' dir='ltr'>ἀεὶ</span> <span class='ocrx_word' id='word_1_375' title='bbox 2989 2194 3084 2246; x_wconf 75' lang='grc' dir='ltr'>καὶ</span> <span class='ocrx_word' id='word_1_376' title='bbox 3133 2193 3310 2245; x_wconf 77' lang='grc' dir='ltr'>ἱκέται</span> <span class='ocrx_word' id='word_1_377' title='bbox 3343 2191 3621 2261; x_wconf 84' lang='grc' dir='ltr'>γινόμενοι</span> <span class='ocrx_word' id='word_1_378' title='bbox 3664 2191 3742 2260; x_wconf 81' lang='grc' dir='ltr'><strong>τῷ</strong></span> 
     </span>
    </p>
   </div>
   <div class='ocr_carea' id='block_1_54' title="bbox 2153 2282 3744 2357">
    <p class='ocr_par' dir='ltr' id='par_1_54' title="bbox 2153 2282 3744 2357">
     <span class='ocr_line' id='line_1_54' title="bbox 2153 2282 3744 2357; baseline -0.003 -17"><span class='ocrx_word' id='word_1_379' title='bbox 2153 2285 2344 2356; x_wconf 85' lang='grc' dir='ltr'>Κυρίῳ</span> <span class='ocrx_word' id='word_1_380' title='bbox 2393 2287 2815 2357; x_wconf 81' lang='grc' dir='ltr'>παντοκράτορι.</span> <span class='ocrx_word' id='word_1_381' title='bbox 2853 2286 2916 2338; x_wconf 86' lang='grc' dir='ltr'><strong>Οἱ</strong></span> <span class='ocrx_word' id='word_1_382' title='bbox 2961 2284 3016 2338; x_wconf 78' lang='grc' dir='ltr'>δὲ</span> <span class='ocrx_word' id='word_1_383' title='bbox 3068 2283 3178 2336; x_wconf 81' lang='grc' dir='ltr'>τῶν</span> <span class='ocrx_word' id='word_1_384' title='bbox 3219 2283 3477 2336; x_wconf 77' lang='grc' dir='ltr'><strong>τοιούτων</strong></span> <span class='ocrx_word' id='word_1_385' title='bbox 3506 2282 3744 2353; x_wconf 78' lang='grc' dir='ltr'>δρῶντες</span> 
     </span>
    </p>
   </div>
   <div class='ocr_carea' id='block_1_55' title="bbox 2153 2373 3741 2450">
    <p class='ocr_par' dir='ltr' id='par_1_55' title="bbox 2153 2373 3741 2450">
     <span class='ocr_line' id='line_1_55' title="bbox 2153 2373 3741 2450; baseline -0.003 -19"><span class='ocrx_word' id='word_1_386' title='bbox 2153 2378 2323 2444; x_wconf 72' lang='grc' dir='ltr'>οὐδὲν,</span> <span class='ocrx_word' id='word_1_387' title='bbox 2366 2378 2426 2431; x_wconf 86' lang='grc' dir='ltr'><strong>ού</strong></span> <span class='ocrx_word' id='word_1_388' title='bbox 2461 2378 2676 2450; x_wconf 80' lang='grc' dir='ltr'>πληγὴν</span> <span class='ocrx_word' id='word_1_389' title='bbox 2723 2377 2962 2447; x_wconf 78' lang='grc' dir='ltr'>ἔχουσιν,</span> <span class='ocrx_word' id='word_1_390' title='bbox 2995 2377 3056 2428; x_wconf 85' lang='grc' dir='ltr'><strong>ού</strong></span> <span class='ocrx_word' id='word_1_391' title='bbox 3091 2376 3272 2430; x_wconf 84' lang='grc' dir='ltr'>πόνον.</span> <span class='ocrx_word' id='word_1_392' title='bbox 3310 2373 3519 2428; x_wconf 75' lang='grc' dir='ltr'>Οὐκοῦν</span> <span class='ocrx_word' id='word_1_393' title='bbox 3557 2391 3741 2443; x_wconf 81' lang='grc' dir='ltr'>μακα-</span> 
     </span>
    </p>
   </div>
   <div class='ocr_carea' id='block_1_56' title="bbox 2158 2465 3745 2541">
    <p class='ocr_par' dir='ltr' id='par_1_56' title="bbox 2158 2465 3745 2541">
     <span class='ocr_line' id='line_1_56' title="bbox 2158 2465 3745 2541; baseline -0.002 -20"><span class='ocrx_word' id='word_1_394' title='bbox 2158 2469 2378 2541; x_wconf 76' lang='grc' dir='ltr'>ρίζομεν</span> <span class='ocrx_word' id='word_1_395' title='bbox 2409 2469 2745 2540; x_wconf 79' lang='grc' dir='ltr'><strong>ἀλλοτρίους.</strong></span> <span class='ocrx_word' id='word_1_396' title='bbox 2773 2488 2790 2520; x_wconf 76' lang='grc' dir='ltr'>ι</span> <span class='ocrx_word' id='word_1_397' title='bbox 2820 2468 2930 2522; x_wconf 69' lang='grc' dir='ltr'><strong>Καὶ</strong></span> <span class='ocrx_word' id='word_1_398' title='bbox 2957 2465 3436 2536; x_wconf 80' lang='grc' dir='ltr'>ἀνοικοδομοῦντες</span> <span class='ocrx_word' id='word_1_399' title='bbox 3463 2466 3745 2529; x_wconf 85' lang='grc' dir='ltr'>ποιοῦντες</span> 
     </span>
    </p>
   </div>
   <div class='ocr_carea' id='block_1_57' title="bbox 2157 2556 3745 2630">
    <p class='ocr_par' dir='ltr' id='par_1_57' title="bbox 2157 2556 3745 2630">
     <span class='ocr_line' id='line_1_57' title="bbox 2157 2556 3745 2630; baseline -0.006 -16"><span class='ocrx_word' id='word_1_400' title='bbox 2157 2559 2372 2628; x_wconf 81' lang='grc' dir='ltr'>ἄνομα,</span> <span class='ocrx_word' id='word_1_401' title='bbox 2411 2561 2754 2630; x_wconf 79' lang='grc' dir='ltr'>ἀντέστησαν</span> <span class='ocrx_word' id='word_1_402' title='bbox 2799 2557 2938 2628; x_wconf 78' lang='grc' dir='ltr'>Θεῷ,</span> <span class='ocrx_word' id='word_1_403' title='bbox 3001 2559 3096 2610; x_wconf 81' lang='grc' dir='ltr'>καὶ</span> <span class='ocrx_word' id='word_1_404' title='bbox 3144 2556 3450 2625; x_wconf 74' lang='grc' dir='ltr'>ἐσώθησαν.</span> <span class='ocrx_word' id='word_1_405' title='bbox 3500 2575 3517 2606; x_wconf 76' lang='grc' dir='ltr'><strong>ι</strong></span> <span class='ocrx_word' id='word_1_406' title='bbox 3573 2556 3745 2608; x_wconf 79' lang='grc' dir='ltr'><strong>Ἀντι-</strong></span> 
     </span>
    </p>
   </div>
   <div class='ocr_carea' id='block_1_58' title="bbox 2157 2644 3745 2719">
    <p class='ocr_par' dir='ltr' id='par_1_58' title="bbox 2157 2644 3745 2719">
     <span class='ocr_line' id='line_1_58' title="bbox 2157 2644 3745 2719; baseline -0.002 -18"><span class='ocrx_word' id='word_1_407' title='bbox 2157 2650 2456 2718; x_wconf 85' lang='grc' dir='ltr'>πράττουσι</span> <span class='ocrx_word' id='word_1_408' title='bbox 2502 2648 2612 2718; x_wconf 73' lang='grc' dir='ltr'><strong>γὰρ</strong></span> <span class='ocrx_word' id='word_1_409' title='bbox 2662 2648 2801 2702; x_wconf 72' lang='grc' dir='ltr'>κατὰ</span> <span class='ocrx_word' id='word_1_410' title='bbox 2845 2648 3101 2719; x_wconf 85' lang='grc' dir='ltr'>ἀλήθειαν</span> <span class='ocrx_word' id='word_1_411' title='bbox 3144 2650 3211 2717; x_wconf 81' lang='grc' dir='ltr'>τῇ</span> <span class='ocrx_word' id='word_1_412' title='bbox 3273 2645 3368 2698; x_wconf 90' lang='grc' dir='ltr'><strong>τοῦ</strong></span> <span class='ocrx_word' id='word_1_413' title='bbox 3423 2645 3558 2698; x_wconf 88' lang='grc' dir='ltr'>Θεοῦ</span> <span class='ocrx_word' id='word_1_414' title='bbox 3615 2644 3745 2716; x_wconf 77' lang='grc' dir='ltr'><strong>δόξῃ</strong></span> 
     </span>
    </p>
   </div>
   <div class='ocr_carea' id='block_1_59' title="bbox 2160 2737 3743 2812">
    <p class='ocr_par' dir='ltr' id='par_1_59' title="bbox 2160 2737 3743 2812">
     <span class='ocr_line' id='line_1_59' title="bbox 2160 2737 3743 2812; baseline -0.005 -17"><span class='ocrx_word' id='word_1_415' title='bbox 2160 2742 2303 2796; x_wconf 78' lang='grc' dir='ltr'>κατὰ</span> <span class='ocrx_word' id='word_1_416' title='bbox 2346 2740 2576 2804; x_wconf 72' lang='grc' dir='ltr'>πολλοὺς</span> <span class='ocrx_word' id='word_1_417' title='bbox 2619 2741 2854 2812; x_wconf 78' lang='grc' dir='ltr'><strong>τρόπους</strong></span> <span class='ocrx_word' id='word_1_418' title='bbox 2880 2742 2928 2792; x_wconf 78' lang='lat' dir='ltr'><strong>oi</strong></span> <span class='ocrx_word' id='word_1_419' title='bbox 2966 2737 3332 2809; x_wconf 80' lang='grc' dir='ltr'>πλανώμενοι,</span> <span class='ocrx_word' id='word_1_420' title='bbox 3371 2737 3604 2799; x_wconf 74' lang='grc' dir='ltr'>καὶτοῖς</span> <span class='ocrx_word' id='word_1_421' title='bbox 3638 2754 3743 2806; x_wconf 85' lang='grc' dir='ltr'><strong>χω-</strong></span> 
     </span>
    </p>
   </div>
   <div class='ocr_carea' id='block_1_60' title="bbox 2160 2826 3746 2904">
    <p class='ocr_par' dir='ltr' id='par_1_60' title="bbox 2160 2826 3746 2904">
     <span class='ocr_line' id='line_1_60' title="bbox 2160 2826 3746 2904; baseline -0.004 -18"><span class='ocrx_word' id='word_1_422' title='bbox 2160 2836 2376 2896; x_wconf 86' lang='grc' dir='ltr'>νευταῖς</span> <span class='ocrx_word' id='word_1_423' title='bbox 2409 2833 2780 2904; x_wconf 75' lang='grc' dir='ltr'>προσάγοντες</span> <span class='ocrx_word' id='word_1_424' title='bbox 2804 2832 2901 2896; x_wconf 79' lang='grc' dir='ltr'><strong>τὰς</strong></span> <span class='ocrx_word' id='word_1_425' title='bbox 2934 2831 3148 2892; x_wconf 83' lang='grc' dir='ltr'>θυσίας,</span> <span class='ocrx_word' id='word_1_426' title='bbox 3187 2850 3204 2882; x_wconf 80' lang='grc' dir='ltr'><strong>ι</strong></span> <span class='ocrx_word' id='word_1_427' title='bbox 3246 2831 3357 2884; x_wconf 74' lang='grc' dir='ltr'><strong>Καὶ</strong></span> <span class='ocrx_word' id='word_1_428' title='bbox 3386 2828 3463 2899; x_wconf 80' lang='grc' dir='ltr'>τῷ</span> <span class='ocrx_word' id='word_1_429' title='bbox 3490 2828 3630 2897; x_wconf 80' lang='grc' dir='ltr'>ξύλῳ</span> <span class='ocrx_word' id='word_1_430' title='bbox 3660 2826 3746 2880; x_wconf 77' lang='grc' dir='ltr'><strong>λέ-</strong></span> 
     </span>
    </p>
   </div>
   <div class='ocr_carea' id='block_1_61' title="bbox 2164 2922 3749 2996">
    <p class='ocr_par' dir='ltr' id='par_1_61' title="bbox 2164 2922 3749 2996">
     <span class='ocr_line' id='line_1_61' title="bbox 2164 2922 3749 2996; baseline -0.003 -17"><span class='ocrx_word' id='word_1_431' title='bbox 2164 2943 2379 2996; x_wconf 83' lang='grc' dir='ltr'><strong>γοντες·</strong></span> <span class='ocrx_word' id='word_1_432' title='bbox 2416 2926 2546 2988; x_wconf 86' lang='grc' dir='ltr'>Θεός</span> <span class='ocrx_word' id='word_1_433' title='bbox 2577 2943 2676 2996; x_wconf 85' lang='grc' dir='ltr'><strong>μου</strong></span> <span class='ocrx_word' id='word_1_434' title='bbox 2708 2922 2757 2978; x_wconf 77' lang='grc' dir='ltr'>εἱ</span> <span class='ocrx_word' id='word_1_435' title='bbox 2786 2927 2869 2989; x_wconf 74' lang='grc' dir='ltr'>σὺ,</span> <span class='ocrx_word' id='word_1_436' title='bbox 2905 2925 3000 2978; x_wconf 70' lang='grc' dir='ltr'><strong>καὶ</strong></span> <span class='ocrx_word' id='word_1_437' title='bbox 3030 2923 3106 2990; x_wconf 78' lang='grc' dir='ltr'><strong>τῷ</strong></span> <span class='ocrx_word' id='word_1_438' title='bbox 3138 2923 3270 2992; x_wconf 82' lang='grc' dir='ltr'>λίθῳ</span> <span class='ocrx_word' id='word_1_439' title='bbox 3291 2941 3305 2954; x_wconf 72' lang='grc' dir='ltr'><strong>ο</strong></span> <span class='ocrx_word' id='word_1_440' title='bbox 3348 2925 3419 2976; x_wconf 73' lang='grc' dir='ltr'><strong>ΣΞ)</strong></span> <span class='ocrx_word' id='word_1_441' title='bbox 3447 2923 3749 2992; x_wconf 81' lang='grc' dir='ltr'>ἐγέννησόις</span> 
     </span>
    </p>
   </div>
   <div class='ocr_carea' id='block_1_62' title="bbox 462 3013 2051 3110">
    <p class='ocr_par' dir='ltr' id='par_1_62' title="bbox 462 3018 2051 3088">
     <span class='ocr_line' id='line_1_62' title="bbox 462 3018 2051 3088; baseline 0.002 -14"><span class='ocrx_word' id='word_1_442' title='bbox 462 3018 704 3074; x_wconf 84' lang='lat' dir='ltr'><strong>scultare</strong></span> <span class='ocrx_word' id='word_1_443' title='bbox 731 3018 995 3074; x_wconf 79' lang='lat' dir='ltr'><strong>allirmate</strong></span> <span class='ocrx_word' id='word_1_444' title='bbox 1028 3021 1342 3088; x_wconf 89' lang='lat' dir='ltr'><strong>pronuntiat</strong></span> <span class='ocrx_word' id='word_1_445' title='bbox 1379 3037 1393 3073; x_wconf 89' lang='lat'><strong>:</strong></span> <span class='ocrx_word' id='word_1_446' title='bbox 1437 3041 1456 3073; x_wconf 81' lang='grc' dir='ltr'><strong>ι</strong></span> <span class='ocrx_word' id='word_1_447' title='bbox 1494 3021 1559 3074; x_wconf 89' lang='grc' dir='ltr'>Ει</span> <span class='ocrx_word' id='word_1_448' title='bbox 1594 3023 1823 3076; x_wconf 87' lang='lat' dir='ltr'><strong>attemlit</strong></span> <span class='ocrx_word' id='word_1_449' title='bbox 1877 3023 2051 3077; x_wconf 88' lang='lat' dir='ltr'><strong>Domi-</strong></span> 
     </span>
    </p>
   </div>
   <div class='ocr_carea' id='block_1_63' title="bbox 2158 3013 3750 3110">
    <p class='ocr_par' dir='ltr' id='par_1_63' title="bbox 2168 3013 3750 3088">
     <span class='ocr_line' id='line_1_63' title="bbox 2168 3013 3750 3088; baseline -0.003 -18"><span class='ocrx_word' id='word_1_450' title='bbox 2168 3035 2398 3088; x_wconf 78' lang='grc' dir='ltr'><strong>με.ι--‹</strong></span> <span class='ocrx_word' id='word_1_451' title='bbox 2412 3017 2618 3084; x_wconf 84' lang='grc' dir='ltr'>Ταῦτα,</span> <span class='ocrx_word' id='word_1_452' title='bbox 2650 3018 2802 3086; x_wconf 72' lang='grc' dir='ltr'>φησὶ,</span> <span class='ocrx_word' id='word_1_453' title='bbox 2821 3016 3197 3086; x_wconf 86' lang='grc' dir='ltr'>κατελάλησαν</span> <span class='ocrx_word' id='word_1_454' title='bbox 3227 3017 3276 3068; x_wconf 81' lang='lat' dir='ltr'><strong>oi</strong></span> <span class='ocrx_word' id='word_1_455' title='bbox 3306 3013 3632 3085; x_wconf 80' lang='grc' dir='ltr'>φοϐούμενοι</span> <span class='ocrx_word' id='word_1_456' title='bbox 3656 3014 3750 3066; x_wconf 70' lang='grc' dir='ltr'>τὸν</span> 
     </span>
    </p>
   </div>
   <div class='ocr_carea' id='block_1_64' title="bbox 465 3108 2065 3182">
    <p class='ocr_par' dir='ltr' id='par_1_64' title="bbox 465 3108 2065 3182">
     <span class='ocr_line' id='line_1_64' title="bbox 465 3108 2065 3182; baseline 0.006 -22"><span class='ocrx_word' id='word_1_457' title='bbox 465 3123 587 3176; x_wconf 87' lang='lat' dir='ltr'><strong>nus,</strong></span> <span class='ocrx_word' id='word_1_458' title='bbox 651 3118 703 3162; x_wconf 93' lang='lat' dir='ltr'><strong>et</strong></span> <span class='ocrx_word' id='word_1_459' title='bbox 738 3108 966 3162; x_wconf 83' lang='lat' dir='ltr'><strong>audivit.</strong></span> <span class='ocrx_word' id='word_1_460' title='bbox 1019 3109 1155 3174; x_wconf 83' lang='lat' dir='ltr'><strong>Quia</strong></span> <span class='ocrx_word' id='word_1_461' title='bbox 1187 3110 1424 3178; x_wconf 82' lang='lat' dir='ltr'><strong>Spiritus</strong></span> <span class='ocrx_word' id='word_1_462' title='bbox 1457 3111 1664 3165; x_wconf 87' lang='lat' dir='ltr'><strong>Domini</strong></span> <span class='ocrx_word' id='word_1_463' title='bbox 1696 3113 1920 3182; x_wconf 84' lang='lat' dir='ltr'><strong>replevit</strong></span> <span class='ocrx_word' id='word_1_464' title='bbox 1973 3129 2065 3169; x_wconf 83' lang='lat' dir='ltr'><strong>or-</strong></span> 
     </span>
    </p>
   </div>
   <div class='ocr_carea' id='block_1_65' title="bbox 466 3202 2060 3271">
    <p class='ocr_par' dir='ltr' id='par_1_65' title="bbox 466 3202 2060 3271">
     <span class='ocr_line' id='line_1_65' title="bbox 466 3202 2060 3271; baseline 0.003 -15"><span class='ocrx_word' id='word_1_465' title='bbox 466 3205 584 3256; x_wconf 87' lang='lat' dir='ltr'><strong>bem</strong></span> <span class='ocrx_word' id='word_1_466' title='bbox 607 3211 962 3267; x_wconf 84' lang='lat' dir='ltr'><strong>terrarum,et</strong></span> <span class='ocrx_word' id='word_1_467' title='bbox 980 3202 1081 3257; x_wconf 93' lang='lat' dir='ltr'><strong>hoc</strong></span> <span class='ocrx_word' id='word_1_468' title='bbox 1110 3207 1251 3271; x_wconf 91' lang='lat' dir='ltr'><strong>quod</strong></span> <span class='ocrx_word' id='word_1_469' title='bbox 1276 3205 1514 3257; x_wconf 84' lang='lat' dir='ltr'><strong>continet</strong></span> <span class='ocrx_word' id='word_1_470' title='bbox 1541 3206 1740 3270; x_wconf 84' lang='lat' dir='ltr'><strong>oumia,</strong></span> <span class='ocrx_word' id='word_1_471' title='bbox 1774 3207 2060 3261; x_wconf 84' lang='lat' dir='ltr'><strong>scientiam</strong></span> 
     </span>
    </p>
   </div>
   <div class='ocr_carea' id='block_1_66' title="bbox 472 3292 2066 3367">
    <p class='ocr_par' dir='ltr' id='par_1_66' title="bbox 472 3292 2066 3367">
     <span class='ocr_line' id='line_1_66' title="bbox 472 3292 2066 3367; baseline 0.005 -20"><span class='ocrx_word' id='word_1_472' title='bbox 472 3292 642 3347; x_wconf 84' lang='lat' dir='ltr'><strong>habet</strong></span> <span class='ocrx_word' id='word_1_473' title='bbox 669 3293 815 3348; x_wconf 92' lang='lat' dir='ltr'><strong>vocis</strong></span> <span class='ocrx_word' id='word_1_474' title='bbox 845 3295 946 3347; x_wconf 72' lang='grc'><strong>⁸⁸.»</strong></span> <span class='ocrx_word' id='word_1_475' title='bbox 975 3293 1125 3360; x_wconf 84' lang='lat' dir='ltr'><strong>Quod</strong></span> <span class='ocrx_word' id='word_1_476' title='bbox 1154 3295 1198 3350; x_wconf 89' lang='lat' dir='ltr'><strong>si</strong></span> <span class='ocrx_word' id='word_1_477' title='bbox 1228 3297 1355 3362; x_wconf 91' lang='lat' dir='ltr'><strong>quid</strong></span> <span class='ocrx_word' id='word_1_478' title='bbox 1383 3297 1641 3351; x_wconf 87' lang='lat' dir='ltr'><strong>adversus</strong></span> <span class='ocrx_word' id='word_1_479' title='bbox 1670 3297 1908 3351; x_wconf 85' lang='lat' dir='ltr'><strong>divinam</strong></span> <span class='ocrx_word' id='word_1_480' title='bbox 1949 3299 2066 3367; x_wconf 86' lang='lat' dir='ltr'><strong>ejus</strong></span> 
     </span>
    </p>
   </div>
   <div class='ocr_carea' id='block_1_67' title="bbox 465 3383 2066 3455">
    <p class='ocr_par' dir='ltr' id='par_1_67' title="bbox 465 3383 2066 3455">
     <span class='ocr_line' id='line_1_67' title="bbox 465 3383 2066 3455; baseline 0.005 -21"><span class='ocrx_word' id='word_1_481' title='bbox 465 3383 694 3453; x_wconf 82' lang='lat' dir='ltr'><strong>gloriam</strong></span> <span class='ocrx_word' id='word_1_482' title='bbox 733 3383 938 3439; x_wconf 89' lang='lat' dir='ltr'><strong>dictum</strong></span> <span class='ocrx_word' id='word_1_483' title='bbox 978 3383 1162 3447; x_wconf 77' lang='lat' dir='ltr'><strong>fuerit.</strong></span> <span class='ocrx_word' id='word_1_484' title='bbox 1199 3385 1247 3437; x_wconf 92' lang='lat' dir='ltr'><strong>id</strong></span> <span class='ocrx_word' id='word_1_485' title='bbox 1271 3385 1375 3439; x_wconf 90' lang='lat' dir='ltr'><strong>erit</strong></span> <span class='ocrx_word' id='word_1_486' title='bbox 1417 3400 1578 3454; x_wconf 81' lang='lat' dir='ltr'><strong>grave</strong></span> <span class='ocrx_word' id='word_1_487' title='bbox 1607 3395 1660 3439; x_wconf 92' lang='lat' dir='ltr'><strong>et</strong></span> <span class='ocrx_word' id='word_1_488' title='bbox 1702 3401 1866 3455; x_wconf 72' lang='grc' dir='ltr'>ιιι-ονε</span> <span class='ocrx_word' id='word_1_489' title='bbox 1921 3388 2066 3442; x_wconf 86' lang='lat' dir='ltr'><strong>into-</strong></span> 
     </span>
    </p>
   </div>
   <div class='ocr_carea' id='block_1_68' title="bbox 466 3476 2064 3548">
    <p class='ocr_par' dir='ltr' id='par_1_68' title="bbox 466 3476 2064 3548">
     <span class='ocr_line' id='line_1_68' title="bbox 466 3476 2064 3548; baseline 0.003 -19"><span class='ocrx_word' id='word_1_490' title='bbox 466 3476 746 3531; x_wconf 87' lang='lat' dir='ltr'><strong>lerandum</strong></span> <span class='ocrx_word' id='word_1_491' title='bbox 795 3477 889 3543; x_wconf 66' lang='lat' dir='ltr'><strong>illi,</strong></span> <span class='ocrx_word' id='word_1_492' title='bbox 949 3477 1198 3548; x_wconf 88' lang='lat' dir='ltr'><strong>quamvis</strong></span> <span class='ocrx_word' id='word_1_493' title='bbox 1245 3477 1690 3532; x_wconf 87' lang='lat' dir='ltr'><strong>tolerantissimus</strong></span> <span class='ocrx_word' id='word_1_494' title='bbox 1746 3477 2064 3544; x_wconf 73' lang='lat' dir='ltr'><strong>iniuriarum</strong></span> 
     </span>
    </p>
   </div>
   <div class='ocr_carea' id='block_1_69' title="bbox 464 3568 2068 3640">
    <p class='ocr_par' dir='ltr' id='par_1_69' title="bbox 464 3568 2068 3640">
     <span class='ocr_line' id='line_1_69' title="bbox 464 3568 2068 3640; baseline 0.004 -18"><span class='ocrx_word' id='word_1_495' title='bbox 464 3583 588 3622; x_wconf 85' lang='lat' dir='ltr'><strong>esse</strong></span> <span class='ocrx_word' id='word_1_496' title='bbox 623 3569 817 3624; x_wconf 88' lang='lat' dir='ltr'><strong>soleat.</strong></span> <span class='ocrx_word' id='word_1_497' title='bbox 852 3568 1119 3637; x_wconf 84' lang='lat' dir='ltr'><strong>Quocirca</strong></span> <span class='ocrx_word' id='word_1_498' title='bbox 1149 3571 1309 3626; x_wconf 80' lang='lat' dir='ltr'><strong>dicit:</strong></span> <span class='ocrx_word' id='word_1_499' title='bbox 1345 3589 1363 3621; x_wconf 82' lang='grc' dir='ltr'><strong>ι</strong></span> <span class='ocrx_word' id='word_1_500' title='bbox 1400 3570 1768 3640; x_wconf 79' lang='lat' dir='ltr'><strong>lugravabatis</strong></span> <span class='ocrx_word' id='word_1_501' title='bbox 1793 3587 1955 3640; x_wconf 88' lang='lat' dir='ltr'><strong>super</strong></span> <span class='ocrx_word' id='word_1_502' title='bbox 1982 3588 2068 3628; x_wconf 90' lang='lat' dir='ltr'><strong>me</strong></span> 
     </span>
    </p>
   </div>
   <div class='ocr_carea' id='block_1_70' title="bbox 468 3657 2067 3733">
    <p class='ocr_par' dir='ltr' id='par_1_70' title="bbox 468 3657 2067 3733">
     <span class='ocr_line' id='line_1_70' title="bbox 468 3657 2067 3733; baseline 0.005 -23"><span class='ocrx_word' id='word_1_503' title='bbox 468 3657 632 3712; x_wconf 88' lang='lat' dir='ltr'><strong>verba</strong></span> <span class='ocrx_word' id='word_1_504' title='bbox 662 3671 862 3714; x_wconf 89' lang='lat' dir='ltr'><strong>vestra.</strong></span> <span class='ocrx_word' id='word_1_505' title='bbox 897 3678 916 3711; x_wconf 74' lang='grc' dir='ltr'><strong>ι</strong></span> <span class='ocrx_word' id='word_1_506' title='bbox 951 3659 1197 3714; x_wconf 80' lang='lat' dir='ltr'><strong>Ollicium</strong></span> <span class='ocrx_word' id='word_1_507' title='bbox 1236 3677 1366 3731; x_wconf 80' lang='lat' dir='ltr'><strong>ergo</strong></span> <span class='ocrx_word' id='word_1_508' title='bbox 1395 3673 1641 3716; x_wconf 87' lang='lat' dir='ltr'><strong>nostrum</strong></span> <span class='ocrx_word' id='word_1_509' title='bbox 1677 3671 1784 3727; x_wconf 86' lang='lat' dir='ltr'><strong>est,</strong></span> <span class='ocrx_word' id='word_1_510' title='bbox 1818 3665 2067 3733; x_wconf 87' lang='lat' dir='ltr'><strong>quamvis</strong></span> 
     </span>
    </p>
   </div>
   <div class='ocr_carea' id='block_1_71' title="bbox 467 3753 2068 3819">
    <p class='ocr_par' dir='ltr' id='par_1_71' title="bbox 467 3753 2068 3819">
     <span class='ocr_line' id='line_1_71' title="bbox 467 3753 2068 3819; baseline 0.002 -12"><span class='ocrx_word' id='word_1_511' title='bbox 467 3753 744 3807; x_wconf 90' lang='lat' dir='ltr'><strong>laboribus</strong></span> <span class='ocrx_word' id='word_1_512' title='bbox 767 3763 821 3807; x_wconf 89' lang='lat' dir='ltr'><strong>et</strong></span> <span class='ocrx_word' id='word_1_513' title='bbox 844 3754 1076 3807; x_wconf 89' lang='lat' dir='ltr'><strong>miseriis</strong></span> <span class='ocrx_word' id='word_1_514' title='bbox 1105 3755 1496 3819; x_wconf 88' lang='lat' dir='ltr'><strong>conliictemur,</strong></span> <span class='ocrx_word' id='word_1_515' title='bbox 1519 3757 1624 3811; x_wconf 88' lang='lat' dir='ltr'><strong>Deo</strong></span> <span class='ocrx_word' id='word_1_516' title='bbox 1658 3772 1754 3812; x_wconf 90' lang='lat' dir='ltr'><strong>nos</strong></span> <span class='ocrx_word' id='word_1_517' title='bbox 1774 3759 1840 3812; x_wconf 90' lang='lat' dir='ltr'><strong>ad</strong></span> <span class='ocrx_word' id='word_1_518' title='bbox 1865 3758 2068 3811; x_wconf 86' lang='lat' dir='ltr'><strong>utilita-</strong></span> 
     </span>
    </p>
   </div>
   <div class='ocr_carea' id='block_1_72' title="bbox 468 3844 2068 3915">
    <p class='ocr_par' dir='ltr' id='par_1_72' title="bbox 468 3844 2068 3915">
     <span class='ocr_line' id='line_1_72' title="bbox 468 3844 2068 3915; baseline 0.003 -17"><span class='ocrx_word' id='word_1_519' title='bbox 468 3854 576 3898; x_wconf 89' lang='lat' dir='ltr'><strong>tem</strong></span> <span class='ocrx_word' id='word_1_520' title='bbox 607 3854 846 3896; x_wconf 87' lang='lat' dir='ltr'><strong>nostram</strong></span> <span class='ocrx_word' id='word_1_521' title='bbox 867 3844 1218 3913; x_wconf 84' lang='lat' dir='ltr'><strong>corripiente,</strong></span> <span class='ocrx_word' id='word_1_522' title='bbox 1249 3862 1350 3898; x_wconf 88' lang='lat' dir='ltr'><strong>nou</strong></span> <span class='ocrx_word' id='word_1_523' title='bbox 1381 3862 1552 3915; x_wconf 79' lang='lat' dir='ltr'><strong>uSque</strong></span> <span class='ocrx_word' id='word_1_524' title='bbox 1577 3847 1712 3901; x_wconf 89' lang='lat' dir='ltr'><strong>adeo</strong></span> <span class='ocrx_word' id='word_1_525' title='bbox 1729 3849 1910 3901; x_wconf 87' lang='lat' dir='ltr'><strong>animo</strong></span> <span class='ocrx_word' id='word_1_526' title='bbox 1934 3865 2068 3903; x_wconf 90' lang='lat' dir='ltr'><strong>con-</strong></span> 
     </span>
    </p>
   </div>
   <div class='ocr_carea' id='block_1_73' title="bbox 469 3932 2068 4009">
    <p class='ocr_par' dir='ltr' id='par_1_73' title="bbox 469 3932 2068 4009">
     <span class='ocr_line' id='line_1_73' title="bbox 469 3932 2068 4009; baseline 0.005 -21"><span class='ocrx_word' id='word_1_527' title='bbox 469 3932 964 4007; x_wconf 72' lang='lat' dir='ltr'><strong>cidere,863nec</strong></span> <span class='ocrx_word' id='word_1_528' title='bbox 980 3947 1171 4006; x_wconf 85' lang='lat' dir='ltr'><strong>putare</strong></span> <span class='ocrx_word' id='word_1_529' title='bbox 1202 3938 1420 3992; x_wconf 87' lang='lat' dir='ltr'><strong>virtutis</strong></span> <span class='ocrx_word' id='word_1_530' title='bbox 1451 3949 1556 3991; x_wconf 90' lang='lat' dir='ltr'><strong>tam</strong></span> <span class='ocrx_word' id='word_1_531' title='bbox 1578 3950 1848 3993; x_wconf 88' lang='lat' dir='ltr'><strong>amantem</strong></span> <span class='ocrx_word' id='word_1_532' title='bbox 1877 3957 2068 4009; x_wconf 81' lang='lat' dir='ltr'><strong>asper-</strong></span> 
     </span>
    </p>
   </div>
   <div class='ocr_carea' id='block_1_74' title="bbox 467 4026 2067 4100">
    <p class='ocr_par' dir='ltr' id='par_1_74' title="bbox 467 4026 2067 4100">
     <span class='ocr_line' id='line_1_74' title="bbox 467 4026 2067 4100; baseline 0.003 -18"><span class='ocrx_word' id='word_1_533' title='bbox 467 4026 588 4082; x_wconf 86' lang='lat' dir='ltr'><strong>nari</strong></span> <span class='ocrx_word' id='word_1_534' title='bbox 621 4027 810 4091; x_wconf 85' lang='lat' dir='ltr'><strong>bonos,</strong></span> <span class='ocrx_word' id='word_1_535' title='bbox 826 4030 917 4084; x_wconf 89' lang='lat' dir='ltr'><strong>sed</strong></span> <span class='ocrx_word' id='word_1_536' title='bbox 943 4031 1120 4098; x_wconf 86' lang='lat' dir='ltr'><strong>potius</strong></span> <span class='ocrx_word' id='word_1_537' title='bbox 1153 4030 1381 4083; x_wconf 86' lang='lat' dir='ltr'><strong>sollicite</strong></span> <span class='ocrx_word' id='word_1_538' title='bbox 1412 4029 1690 4098; x_wconf 89' lang='lat' dir='ltr'><strong>inquirere</strong></span> <span class='ocrx_word' id='word_1_539' title='bbox 1719 4030 1770 4083; x_wconf 92' lang='lat' dir='ltr'><strong>in</strong></span> <span class='ocrx_word' id='word_1_540' title='bbox 1800 4046 1906 4100; x_wconf 91' lang='lat' dir='ltr'><strong>quo</strong></span> <span class='ocrx_word' id='word_1_541' title='bbox 1926 4033 2067 4098; x_wconf 88' lang='lat' dir='ltr'><strong>apud</strong></span> 
     </span>
    </p>
   </div>
   <div class='ocr_carea' id='block_1_75' title="bbox 472 4117 2060 4191">
    <p class='ocr_par' dir='ltr' id='par_1_75' title="bbox 472 4117 2060 4191">
     <span class='ocr_line' id='line_1_75' title="bbox 472 4117 2060 4191; baseline 0.003 -19"><span class='ocrx_word' id='word_1_542' title='bbox 472 4119 638 4172; x_wconf 85' lang='lat' dir='ltr'><strong>Deum</strong></span> <span class='ocrx_word' id='word_1_543' title='bbox 666 4117 1071 4182; x_wconf 77' lang='lat' dir='ltr'><strong>ollenderimus,</strong></span> <span class='ocrx_word' id='word_1_544' title='bbox 1093 4130 1147 4175; x_wconf 91' lang='lat' dir='ltr'><strong>et</strong></span> <span class='ocrx_word' id='word_1_545' title='bbox 1173 4121 1245 4173; x_wconf 90' lang='lat' dir='ltr'><strong>ita</strong></span> <span class='ocrx_word' id='word_1_546' title='bbox 1276 4136 1398 4173; x_wconf 89' lang='lat' dir='ltr'><strong>eum</strong></span> <span class='ocrx_word' id='word_1_547' title='bbox 1437 4119 1706 4191; x_wconf 82' lang='lat' dir='ltr'><strong>mitigare,</strong></span> <span class='ocrx_word' id='word_1_548' title='bbox 1742 4130 1794 4176; x_wconf 92' lang='lat' dir='ltr'><strong>et</strong></span> <span class='ocrx_word' id='word_1_549' title='bbox 1842 4123 2060 4176; x_wconf 84' lang='lat' dir='ltr'><strong>miseri-</strong></span> 
     </span>
    </p>
   </div>
   <div class='ocr_carea' id='block_1_76' title="bbox 469 4211 2070 4281">
    <p class='ocr_par' dir='ltr' id='par_1_76' title="bbox 469 4211 2070 4281">
     <span class='ocr_line' id='line_1_76' title="bbox 469 4211 2070 4281; baseline 0.003 -19"><span class='ocrx_word' id='word_1_550' title='bbox 469 4211 709 4264; x_wconf 79' lang='lat' dir='ltr'><strong>cordiam</strong></span> <span class='ocrx_word' id='word_1_551' title='bbox 739 4211 1000 4280; x_wconf 76' lang='lat' dir='ltr'><strong>ﬂagitare.</strong></span> <span class='ocrx_word' id='word_1_552' title='bbox 1035 4212 1188 4278; x_wconf 86' lang='lat' dir='ltr'><strong>Quod</strong></span> <span class='ocrx_word' id='word_1_553' title='bbox 1225 4212 1268 4266; x_wconf 90' lang='lat' dir='ltr'><strong>si</strong></span> <span class='ocrx_word' id='word_1_554' title='bbox 1301 4213 1462 4266; x_wconf 87' lang='lat' dir='ltr'><strong>etiam</strong></span> <span class='ocrx_word' id='word_1_555' title='bbox 1483 4223 1791 4280; x_wconf 86' lang='lat' dir='ltr'><strong>peccatores</strong></span> <span class='ocrx_word' id='word_1_556' title='bbox 1822 4213 1985 4281; x_wconf 91' lang='lat' dir='ltr'><strong>aliqui</strong></span> <span class='ocrx_word' id='word_1_557' title='bbox 2019 4215 2070 4267; x_wconf 90' lang='lat' dir='ltr'><strong>in</strong></span> 
     </span>
    </p>
   </div>
   <div class='ocr_carea' id='block_1_77' title="bbox 471 4303 2069 4376">
    <p class='ocr_par' dir='ltr' id='par_1_77' title="bbox 471 4303 2069 4376">
     <span class='ocr_line' id='line_1_77' title="bbox 471 4303 2069 4376; baseline 0.004 -22"><span class='ocrx_word' id='word_1_558' title='bbox 471 4303 837 4372; x_wconf 87' lang='lat' dir='ltr'><strong>voluptatibus</strong></span> <span class='ocrx_word' id='word_1_559' title='bbox 893 4307 1181 4362; x_wconf 86' lang='lat' dir='ltr'><strong>mundanis</strong></span> <span class='ocrx_word' id='word_1_560' title='bbox 1227 4315 1438 4360; x_wconf 64' lang='lat' dir='ltr'><strong>aetatem</strong></span> <span class='ocrx_word' id='word_1_561' title='bbox 1498 4308 1754 4370; x_wconf 86' lang='lat' dir='ltr'><strong>habeant,</strong></span> <span class='ocrx_word' id='word_1_562' title='bbox 1800 4320 2069 4376; x_wconf 81' lang='lat' dir='ltr'><strong>tempora-</strong></span> 
     </span>
    </p>
   </div>
   <div class='ocr_carea' id='block_1_78' title="bbox 2168 3105 3754 3182">
    <p class='ocr_par' dir='ltr' id='par_1_78' title="bbox 2168 3105 3754 3182">
     <span class='ocr_line' id='line_1_78' title="bbox 2168 3105 3754 3182; baseline -0.004 -19"><span class='ocrx_word' id='word_1_563' title='bbox 2168 3111 2393 3182; x_wconf 82' lang='grc' dir='ltr'>Κύριον.</span> <span class='ocrx_word' id='word_1_564' title='bbox 2439 3130 2455 3160; x_wconf 79' lang='grc' dir='ltr'><strong>ι</strong></span> <span class='ocrx_word' id='word_1_565' title='bbox 2509 3110 2832 3180; x_wconf 71' lang='grc' dir='ltr'>Δυσφημίας</span> <span class='ocrx_word' id='word_1_566' title='bbox 2875 3110 2933 3163; x_wconf 77' lang='grc' dir='ltr'>δὲ</span> <span class='ocrx_word' id='word_1_567' title='bbox 2979 3111 3196 3170; x_wconf 83' lang='grc' dir='ltr'>πάντως</span> <span class='ocrx_word' id='word_1_568' title='bbox 3230 3107 3290 3160; x_wconf 82' lang='grc' dir='ltr'>τὸ</span> <span class='ocrx_word' id='word_1_569' title='bbox 3329 3106 3618 3175; x_wconf 77' lang='grc' dir='ltr'>ἔγκλημα,</span> <span class='ocrx_word' id='word_1_570' title='bbox 3655 3105 3754 3158; x_wconf 71' lang='grc' dir='ltr'>καὶ</span> 
     </span>
    </p>
   </div>
   <div class='ocr_carea' id='block_1_79' title="bbox 2169 3198 3749 3274">
    <p class='ocr_par' dir='ltr' id='par_1_79' title="bbox 2169 3198 3749 3274">
     <span class='ocr_line' id='line_1_79' title="bbox 2169 3198 3749 3274; baseline -0.002 -20"><span class='ocrx_word' id='word_1_571' title='bbox 2169 3203 2275 3254; x_wconf 81' lang='grc' dir='ltr'>τῶν</span> <span class='ocrx_word' id='word_1_572' title='bbox 2340 3203 2585 3272; x_wconf 79' lang='grc' dir='ltr'>ἐσχάτων</span> <span class='ocrx_word' id='word_1_573' title='bbox 2651 3203 3104 3274; x_wconf 72' lang='grc' dir='ltr'>ἀρρωστημάτων</span> <span class='ocrx_word' id='word_1_574' title='bbox 3153 3200 3428 3265; x_wconf 82' lang='grc' dir='ltr'>ἀπόδειξις</span> <span class='ocrx_word' id='word_1_575' title='bbox 3485 3198 3749 3268; x_wconf 72' lang='grc' dir='ltr'><strong>ἐναργής.</strong></span> 
     </span>
    </p>
   </div>
   <div class='ocr_carea' id='block_1_80' title="bbox 2167 3287 3750 3367">
    <p class='ocr_par' dir='ltr' id='par_1_80' title="bbox 2167 3287 3750 3367">
     <span class='ocr_line' id='line_1_80' title="bbox 2167 3287 3750 3367; baseline -0.004 -17"><span class='ocrx_word' id='word_1_576' title='bbox 2167 3295 2450 3365; x_wconf 82' lang='grc' dir='ltr'>Νοσούσης</span> <span class='ocrx_word' id='word_1_577' title='bbox 2479 3295 2587 3367; x_wconf 83' lang='grc' dir='ltr'>γὰρ</span> <span class='ocrx_word' id='word_1_578' title='bbox 2632 3296 2869 3358; x_wconf 81' lang='grc' dir='ltr'>διανοίας</span> <span class='ocrx_word' id='word_1_579' title='bbox 2914 3298 2962 3348; x_wconf 88' lang='grc' dir='ltr'><strong>οί</strong></span> <span class='ocrx_word' id='word_1_580' title='bbox 2993 3295 3161 3362; x_wconf 89' lang='grc' dir='ltr'><strong>λόγοι,</strong></span> <span class='ocrx_word' id='word_1_581' title='bbox 3209 3294 3300 3346; x_wconf 74' lang='grc' dir='ltr'>καὶ</span> <span class='ocrx_word' id='word_1_582' title='bbox 3337 3291 3628 3362; x_wconf 85' lang='grc' dir='ltr'>μεθύοντος</span> <span class='ocrx_word' id='word_1_583' title='bbox 3657 3287 3750 3343; x_wconf 88' lang='grc' dir='ltr'><strong>νοῦ</strong></span> 
     </span>
    </p>
   </div>
   <div class='ocr_carea' id='block_1_81' title="bbox 2169 3382 3751 3460">
    <p class='ocr_par' dir='ltr' id='par_1_81' title="bbox 2169 3382 3751 3460">
     <span class='ocr_line' id='line_1_81' title="bbox 2169 3382 3751 3460; baseline -0.005 -17"><span class='ocrx_word' id='word_1_584' title='bbox 2169 3389 2458 3456; x_wconf 77' lang='grc' dir='ltr'>θεοστυγὲς</span> <span class='ocrx_word' id='word_1_585' title='bbox 2501 3389 2836 3460; x_wconf 72' lang='grc' dir='ltr'>ἀπόϐρασμα</span> <span class='ocrx_word' id='word_1_586' title='bbox 2871 3389 2932 3440; x_wconf 74' lang='grc' dir='ltr'>τὸ</span> <span class='ocrx_word' id='word_1_587' title='bbox 2964 3388 3132 3456; x_wconf 78' lang='grc' dir='ltr'>φάναι</span> <span class='ocrx_word' id='word_1_588' title='bbox 3178 3404 3229 3440; x_wconf 92' lang='grc' dir='ltr'>τι</span> <span class='ocrx_word' id='word_1_589' title='bbox 3265 3387 3404 3439; x_wconf 78' lang='grc' dir='ltr'>κατὰ</span> <span class='ocrx_word' id='word_1_590' title='bbox 3435 3383 3598 3438; x_wconf 84' lang='grc' dir='ltr'>Θεοῦ.</span> <span class='ocrx_word' id='word_1_591' title='bbox 3626 3382 3751 3436; x_wconf 80' lang='grc' dir='ltr'>Ὀτι</span> 
     </span>
    </p>
   </div>
   <div class='ocr_carea' id='block_1_82' title="bbox 2167 3473 3753 3553">
    <p class='ocr_par' dir='ltr' id='par_1_82' title="bbox 2167 3473 3753 3553">
     <span class='ocr_line' id='line_1_82' title="bbox 2167 3473 3753 3553; baseline -0.005 -19"><span class='ocrx_word' id='word_1_592' title='bbox 2167 3482 2223 3535; x_wconf 81' lang='grc' dir='ltr'>δὲ</span> <span class='ocrx_word' id='word_1_593' title='bbox 2240 3481 2348 3534; x_wconf 83' lang='grc' dir='ltr'>τῶν</span> <span class='ocrx_word' id='word_1_594' title='bbox 2376 3481 2633 3534; x_wconf 82' lang='grc' dir='ltr'>τοιούτων</span> <span class='ocrx_word' id='word_1_595' title='bbox 2660 3483 3000 3553; x_wconf 78' lang='grc' dir='ltr'>ἐπακροᾶται</span> <span class='ocrx_word' id='word_1_596' title='bbox 3020 3479 3194 3549; x_wconf 88' lang='grc' dir='ltr'>λόγων</span> <span class='ocrx_word' id='word_1_597' title='bbox 3219 3473 3329 3532; x_wconf 75' lang='grc' dir='ltr'>οἷον</span> <span class='ocrx_word' id='word_1_598' title='bbox 3352 3477 3412 3528; x_wconf 82' lang='grc' dir='ltr'><strong>ού</strong></span> <span class='ocrx_word' id='word_1_599' title='bbox 3433 3476 3753 3546; x_wconf 82' lang='grc' dir='ltr'>παρέργως,</span> 
     </span>
    </p>
   </div>
   <div class='ocr_carea' id='block_1_83' title="bbox 2165 3557 3752 3644">
    <p class='ocr_par' dir='ltr' id='par_1_83' title="bbox 2165 3557 3752 3644">
     <span class='ocr_line' id='line_1_83' title="bbox 2165 3557 3752 3644; baseline -0.005 -17"><span class='ocrx_word' id='word_1_600' title='bbox 2165 3557 2282 3628; x_wconf 78' lang='grc' dir='ltr'><strong>ἀλλ’</strong></span> <span class='ocrx_word' id='word_1_601' title='bbox 2341 3575 2399 3628; x_wconf 83' lang='grc' dir='ltr'>ἐν</span> <span class='ocrx_word' id='word_1_602' title='bbox 2467 3573 2707 3644; x_wconf 83' lang='grc' dir='ltr'>σπουδῇ,</span> <span class='ocrx_word' id='word_1_603' title='bbox 2773 3572 3268 3644; x_wconf 66' lang='grc' dir='ltr'>πεπληροφόρηκεν</span> <span class='ocrx_word' id='word_1_604' title='bbox 3323 3566 3525 3622; x_wconf 72' lang='grc' dir='ltr'><strong>εἰπών’</strong></span> <span class='ocrx_word' id='word_1_605' title='bbox 3585 3586 3603 3618; x_wconf 75' lang='grc' dir='ltr'><strong>ι</strong></span> <span class='ocrx_word' id='word_1_606' title='bbox 3639 3567 3752 3620; x_wconf 79' lang='grc' dir='ltr'>Καὶ</span> 
     </span>
    </p>
   </div>
   <div class='ocr_carea' id='block_1_84' title="bbox 2171 3657 3751 3738">
    <p class='ocr_par' dir='ltr' id='par_1_84' title="bbox 2171 3657 3751 3738">
     <span class='ocr_line' id='line_1_84' title="bbox 2171 3657 3751 3738; baseline -0.006 -18"><span class='ocrx_word' id='word_1_607' title='bbox 2171 3667 2438 3738; x_wconf 80' lang='grc' dir='ltr'>προσέσχε</span> <span class='ocrx_word' id='word_1_608' title='bbox 2462 3665 2687 3734; x_wconf 86' lang='grc' dir='ltr'>Κύριος,</span> <span class='ocrx_word' id='word_1_609' title='bbox 2731 3664 2825 3717; x_wconf 69' lang='grc' dir='ltr'><strong>καὶ</strong></span> <span class='ocrx_word' id='word_1_610' title='bbox 2859 3666 3237 3732; x_wconf 77' lang='grc' dir='ltr'>είσηκουσεν.›</span> <span class='ocrx_word' id='word_1_611' title='bbox 3265 3661 3497 3712; x_wconf 82' lang='grc' dir='ltr'>-ιὌτι</span> <span class='ocrx_word' id='word_1_612' title='bbox 3530 3657 3751 3728; x_wconf 83' lang='grc' dir='ltr'>πνεῦμα</span> 
     </span>
    </p>
   </div>
   <div class='ocr_carea' id='block_1_85' title="bbox 2169 3748 3752 3831">
    <p class='ocr_par' dir='ltr' id='par_1_85' title="bbox 2169 3748 3752 3831">
     <span class='ocr_line' id='line_1_85' title="bbox 2169 3748 3752 3831; baseline -0.008 -18"><span class='ocrx_word' id='word_1_613' title='bbox 2169 3759 2376 3831; x_wconf 82' lang='grc' dir='ltr'>Κυρίου</span> <span class='ocrx_word' id='word_1_614' title='bbox 2421 3758 2750 3828; x_wconf 83' lang='grc' dir='ltr'>πεπλήρωκε</span> <span class='ocrx_word' id='word_1_615' title='bbox 2785 3756 2883 3827; x_wconf 79' lang='grc' dir='ltr'><strong>τὴν</strong></span> <span class='ocrx_word' id='word_1_616' title='bbox 2913 3755 3261 3825; x_wconf 77' lang='grc' dir='ltr'>οἰκουμένην,</span> <span class='ocrx_word' id='word_1_617' title='bbox 3299 3752 3394 3805; x_wconf 72' lang='grc' dir='ltr'><strong>καὶ</strong></span> <span class='ocrx_word' id='word_1_618' title='bbox 3435 3750 3496 3804; x_wconf 77' lang='grc' dir='ltr'><strong>τὸ</strong></span> <span class='ocrx_word' id='word_1_619' title='bbox 3529 3748 3752 3819; x_wconf 79' lang='grc' dir='ltr'>συνέχον</span> 
     </span>
    </p>
   </div>
   <div class='ocr_carea' id='block_1_86' title="bbox 2169 3840 3753 3918">
    <p class='ocr_par' dir='ltr' id='par_1_86' title="bbox 2169 3840 3753 3918">
     <span class='ocr_line' id='line_1_86' title="bbox 2169 3840 3753 3918; baseline -0.006 -16"><span class='ocrx_word' id='word_1_620' title='bbox 2169 3851 2237 3902; x_wconf 69' lang='grc' dir='ltr'><strong>τὰ</strong></span> <span class='ocrx_word' id='word_1_621' title='bbox 2289 3851 2464 3903; x_wconf 81' lang='grc' dir='ltr'>πάντα</span> <span class='ocrx_word' id='word_1_622' title='bbox 2498 3849 2698 3917; x_wconf 81' lang='grc' dir='ltr'>γνῶσιν</span> <span class='ocrx_word' id='word_1_623' title='bbox 2733 3848 2845 3918; x_wconf 81' lang='grc' dir='ltr'>ἔχει</span> <span class='ocrx_word' id='word_1_624' title='bbox 2878 3847 3086 3916; x_wconf 73' lang='grc' dir='ltr'>φωνῆς.</span> <span class='ocrx_word' id='word_1_625' title='bbox 3127 3865 3144 3897; x_wconf 76' lang='grc' dir='ltr'><strong>ι</strong></span> <span class='ocrx_word' id='word_1_626' title='bbox 3196 3847 3258 3898; x_wconf 79' lang='lat' dir='ltr'><strong>Ei</strong></span> <span class='ocrx_word' id='word_1_627' title='bbox 3299 3845 3356 3899; x_wconf 82' lang='grc' dir='ltr'>δὲ</span> <span class='ocrx_word' id='word_1_628' title='bbox 3398 3844 3461 3914; x_wconf 87' lang='grc' dir='ltr'>δή</span> <span class='ocrx_word' id='word_1_629' title='bbox 3509 3840 3614 3895; x_wconf 85' lang='grc' dir='ltr'><strong>πού</strong></span> <span class='ocrx_word' id='word_1_630' title='bbox 3668 3857 3753 3905; x_wconf 74' lang='grc' dir='ltr'><strong>τις</strong></span> 
     </span>
    </p>
   </div>
   <div class='ocr_carea' id='block_1_87' title="bbox 2171 3928 3754 4008">
    <p class='ocr_par' dir='ltr' id='par_1_87' title="bbox 2171 3928 3754 4008">
     <span class='ocr_line' id='line_1_87' title="bbox 2171 3928 3754 4008; baseline -0.001 -18"><span class='ocrx_word' id='word_1_631' title='bbox 2171 3939 2381 4006; x_wconf 88' lang='grc' dir='ltr'>γένοιτο</span> <span class='ocrx_word' id='word_1_632' title='bbox 2425 3939 2567 3992; x_wconf 79' lang='grc' dir='ltr'><strong>κατά</strong></span> <span class='ocrx_word' id='word_1_633' title='bbox 2610 3939 2710 4008; x_wconf 79' lang='grc' dir='ltr'>τῆς</span> <span class='ocrx_word' id='word_1_634' title='bbox 2749 3939 2900 4002; x_wconf 86' lang='grc' dir='ltr'>θείας</span> <span class='ocrx_word' id='word_1_635' title='bbox 2948 3937 3112 3992; x_wconf 76' lang='grc' dir='ltr'>αὑτοῦ</span> <span class='ocrx_word' id='word_1_636' title='bbox 3151 3937 3308 4007; x_wconf 78' lang='grc' dir='ltr'>δόξης</span> <span class='ocrx_word' id='word_1_637' title='bbox 3351 3936 3546 4004; x_wconf 84' lang='grc' dir='ltr'><strong>λόγος,</strong></span> <span class='ocrx_word' id='word_1_638' title='bbox 3599 3928 3754 3999; x_wconf 75' lang='grc' dir='ltr'>οὗτος</span> 
     </span>
    </p>
   </div>
   <div class='ocr_carea' id='block_1_88' title="bbox 2170 4024 3754 4098">
    <p class='ocr_par' dir='ltr' id='par_1_88' title="bbox 2170 4024 3754 4098">
     <span class='ocr_line' id='line_1_88' title="bbox 2170 4024 3754 4098; baseline -0.002 -18"><span class='ocrx_word' id='word_1_639' title='bbox 2170 4027 2325 4080; x_wconf 81' lang='grc' dir='ltr'>ἔσται</span> <span class='ocrx_word' id='word_1_640' title='bbox 2349 4027 2517 4098; x_wconf 82' lang='grc' dir='ltr'>βαρὺς</span> <span class='ocrx_word' id='word_1_641' title='bbox 2549 4029 2641 4080; x_wconf 78' lang='grc' dir='ltr'>καὶ</span> <span class='ocrx_word' id='word_1_642' title='bbox 2673 4026 2784 4081; x_wconf 76' lang='grc' dir='ltr'>οἷον</span> <span class='ocrx_word' id='word_1_643' title='bbox 2812 4029 3108 4098; x_wconf 71' lang='grc' dir='ltr'>ἀφόρητος,</span> <span class='ocrx_word' id='word_1_644' title='bbox 3133 4028 3308 4080; x_wconf 86' lang='grc' dir='ltr'>καίτοι</span> <span class='ocrx_word' id='word_1_645' title='bbox 3345 4026 3467 4079; x_wconf 86' lang='grc' dir='ltr'>λίαν</span> <span class='ocrx_word' id='word_1_646' title='bbox 3502 4024 3754 4090; x_wconf 73' lang='grc' dir='ltr'>ἀνεξικα-</span> 
     </span>
    </p>
   </div>
   <div class='ocr_carea' id='block_1_89' title="bbox 2171 4118 3755 4193">
    <p class='ocr_par' dir='ltr' id='par_1_89' title="bbox 2171 4118 3755 4193">
     <span class='ocr_line' id='line_1_89' title="bbox 2171 4118 3755 4193; baseline -0.002 -19"><span class='ocrx_word' id='word_1_647' title='bbox 2171 4123 2286 4174; x_wconf 84' lang='grc' dir='ltr'>κεῑν</span> <span class='ocrx_word' id='word_1_648' title='bbox 2321 4119 2554 4174; x_wconf 86' lang='grc' dir='ltr'>εἰωθότι.</span> <span class='ocrx_word' id='word_1_649' title='bbox 2592 4120 2778 4193; x_wconf 78' lang='grc' dir='ltr'>Ταύτῃ</span> <span class='ocrx_word' id='word_1_650' title='bbox 2816 4137 2895 4173; x_wconf 86' lang='grc' dir='ltr'><strong>τοι</strong></span> <span class='ocrx_word' id='word_1_651' title='bbox 2939 4121 3034 4174; x_wconf 68' lang='grc' dir='ltr'><strong>καὶ</strong></span> <span class='ocrx_word' id='word_1_652' title='bbox 3060 4122 3326 4188; x_wconf 66' lang='grc' dir='ltr'>ἔτρασκενο</span> <span class='ocrx_word' id='word_1_653' title='bbox 3368 4139 3386 4170; x_wconf 77' lang='grc' dir='ltr'><strong>ι</strong></span> <span class='ocrx_word' id='word_1_654' title='bbox 3427 4118 3755 4188; x_wconf 72' lang='grc' dir='ltr'>Ἑϐαρύνετι</span> 
     </span>
    </p>
   </div>
   <div class='ocr_carea' id='block_1_90' title="bbox 2172 4205 3754 4283">
    <p class='ocr_par' dir='ltr' id='par_1_90' title="bbox 2172 4205 3754 4283">
     <span class='ocr_line' id='line_1_90' title="bbox 2172 4205 3754 4283; baseline -0.003 -17"><span class='ocrx_word' id='word_1_655' title='bbox 2172 4215 2258 4266; x_wconf 77' lang='grc' dir='ltr'><strong>ἐπ’</strong></span> <span class='ocrx_word' id='word_1_656' title='bbox 2289 4213 2387 4283; x_wconf 80' lang='grc' dir='ltr'>ἐμὲ</span> <span class='ocrx_word' id='word_1_657' title='bbox 2418 4213 2544 4274; x_wconf 78' lang='grc' dir='ltr'>τοὺς</span> <span class='ocrx_word' id='word_1_658' title='bbox 2571 4211 2763 4280; x_wconf 84' lang='grc' dir='ltr'><strong>λόγους</strong></span> <span class='ocrx_word' id='word_1_659' title='bbox 2791 4213 2998 4282; x_wconf 71' lang='grc' dir='ltr'>ὑμῶν.»</span> <span class='ocrx_word' id='word_1_660' title='bbox 3023 4215 3114 4264; x_wconf 84' lang='grc' dir='ltr'><strong>Δεῖ</strong></span> <span class='ocrx_word' id='word_1_661' title='bbox 3142 4212 3204 4282; x_wconf 82' lang='grc' dir='ltr'>δὴ</span> <span class='ocrx_word' id='word_1_662' title='bbox 3233 4208 3326 4266; x_wconf 76' lang='grc' dir='ltr'>οὖν</span> <span class='ocrx_word' id='word_1_663' title='bbox 3355 4211 3454 4274; x_wconf 75' lang='grc' dir='ltr'>ἔτι,</span> <span class='ocrx_word' id='word_1_664' title='bbox 3476 4210 3581 4264; x_wconf 75' lang='grc' dir='ltr'><strong>κᾶν</strong></span> <span class='ocrx_word' id='word_1_665' title='bbox 3604 4205 3754 4280; x_wconf 79' lang='grc' dir='ltr'>ὦμεν</span> 
     </span>
    </p>
   </div>
   <div class='ocr_carea' id='block_1_91' title="bbox 2175 4300 3757 4377">
    <p class='ocr_par' dir='ltr' id='par_1_91' title="bbox 2175 4300 3757 4377">
     <span class='ocr_line' id='line_1_91' title="bbox 2175 4300 3757 4377; baseline -0.003 -20"><span class='ocrx_word' id='word_1_666' title='bbox 2175 4307 2232 4358; x_wconf 78' lang='grc' dir='ltr'>ἐν</span> <span class='ocrx_word' id='word_1_667' title='bbox 2260 4307 2462 4368; x_wconf 86' lang='grc' dir='ltr'>πόνοις,</span> <span class='ocrx_word' id='word_1_668' title='bbox 2497 4305 2786 4377; x_wconf 82' lang='grc' dir='ltr'>χρησίμως</span> <span class='ocrx_word' id='word_1_669' title='bbox 2816 4307 2961 4376; x_wconf 72' lang='grc' dir='ltr'>ἡμᾶς</span> <span class='ocrx_word' id='word_1_670' title='bbox 2993 4304 3337 4366; x_wconf 85' lang='grc' dir='ltr'>παιδεύοντος</span> <span class='ocrx_word' id='word_1_671' title='bbox 3367 4303 3460 4356; x_wconf 89' lang='grc' dir='ltr'><strong>τοῦ</strong></span> <span class='ocrx_word' id='word_1_672' title='bbox 3488 4300 3648 4365; x_wconf 86' lang='grc' dir='ltr'>Θεοῦ,</span> <span class='ocrx_word' id='word_1_673' title='bbox 3683 4300 3757 4371; x_wconf 74' lang='grc' dir='ltr'>μὴ</span> 
     </span>
    </p>
   </div>
   <div class='ocr_carea' id='block_1_92' title="bbox 472 4395 2051 4470">
    <p class='ocr_par' dir='ltr' id='par_1_92' title="bbox 472 4396 2051 4470">
     <span class='ocr_line' id='line_1_92' title="bbox 472 4396 2051 4470; baseline 0.004 -20"><span class='ocrx_word' id='word_1_674' title='bbox 472 4396 588 4452; x_wconf 86' lang='lat' dir='ltr'><strong>neis</strong></span> <span class='ocrx_word' id='word_1_675' title='bbox 649 4396 805 4452; x_wconf 82' lang='lat' dir='ltr'><strong>bonis</strong></span> <span class='ocrx_word' id='word_1_676' title='bbox 890 4396 1183 4466; x_wconf 80' lang='lat' dir='ltr'><strong>frtmntur,</strong></span> <span class='ocrx_word' id='word_1_677' title='bbox 1237 4401 1474 4455; x_wconf 81' lang='lat' dir='ltr'><strong>rationes</strong></span> <span class='ocrx_word' id='word_1_678' title='bbox 1550 4399 1824 4470; x_wconf 68' lang='lat' dir='ltr'><strong>patientiae</strong></span> <span class='ocrx_word' id='word_1_679' title='bbox 1895 4401 2051 4470; x_wconf 75' lang='lat' dir='ltr'><strong>ipsius</strong></span> 
     </span>
    </p>
   </div>
   <div class='ocr_carea' id='block_1_93' title="bbox 2158 4395 3758 4470">
    <p class='ocr_par' dir='ltr' id='par_1_93' title="bbox 2166 4395 3758 4470">
     <span class='ocr_line' id='line_1_93' title="bbox 2166 4395 3758 4470; baseline -0.003 -21"><span class='ocrx_word' id='word_1_680' title='bbox 2166 4397 2286 4453; x_wconf 88' lang='grc' dir='ltr'>λίαν</span> <span class='ocrx_word' id='word_1_681' title='bbox 2317 4400 2569 4470; x_wconf 83' lang='grc' dir='ltr'>ἀκηδιᾷν,</span> <span class='ocrx_word' id='word_1_682' title='bbox 2613 4399 2752 4467; x_wconf 85' lang='grc' dir='ltr'>μήτε</span> <span class='ocrx_word' id='word_1_683' title='bbox 2789 4398 2893 4468; x_wconf 83' lang='grc' dir='ltr'>μὴν</span> <span class='ocrx_word' id='word_1_684' title='bbox 2939 4397 3146 4451; x_wconf 77' lang='grc' dir='ltr'>οἴεσθαι</span> <span class='ocrx_word' id='word_1_685' title='bbox 3172 4397 3261 4449; x_wconf 76' lang='grc' dir='ltr'>τὸν</span> <span class='ocrx_word' id='word_1_686' title='bbox 3285 4396 3428 4450; x_wconf 81' lang='grc' dir='ltr'>οῦτω</span> <span class='ocrx_word' id='word_1_687' title='bbox 3467 4395 3758 4466; x_wconf 82' lang='grc' dir='ltr'>φιλάρετον</span> 
     </span>
    </p>
   </div>
   <div class='ocr_carea' id='block_1_94' title="bbox 471 4491 2062 4564">
    <p class='ocr_par' dir='ltr' id='par_1_94' title="bbox 471 4491 2062 4564">
     <span class='ocr_line' id='line_1_94' title="bbox 471 4491 2062 4564; baseline 0.003 -20"><span class='ocrx_word' id='word_1_688' title='bbox 471 4505 596 4561; x_wconf 85' lang='lat' dir='ltr'><strong>erga</strong></span> <span class='ocrx_word' id='word_1_689' title='bbox 631 4491 751 4548; x_wconf 89' lang='lat' dir='ltr'><strong>illos</strong></span> <span class='ocrx_word' id='word_1_690' title='bbox 807 4493 874 4547; x_wconf 85' lang='lat' dir='ltr'><strong>ad</strong></span> <span class='ocrx_word' id='word_1_691' title='bbox 903 4508 1155 4548; x_wconf 88' lang='lat' dir='ltr'><strong>arcanam</strong></span> <span class='ocrx_word' id='word_1_692' title='bbox 1196 4493 1591 4563; x_wconf 83' lang='lat' dir='ltr'><strong>providentiam</strong></span> <span class='ocrx_word' id='word_1_693' title='bbox 1626 4493 1828 4548; x_wconf 83' lang='lat' dir='ltr'><strong>referre</strong></span> <span class='ocrx_word' id='word_1_694' title='bbox 1847 4509 2062 4564; x_wconf 70' lang='lat' dir='ltr'><strong>aequum</strong></span> 
     </span>
    </p>
   </div>
   <div class='ocr_carea' id='block_1_95' title="bbox 471 4591 575 4636">
    <p class='ocr_par' dir='ltr' id='par_1_95' title="bbox 471 4591 575 4636">
     <span class='ocr_line' id='line_1_95' title="bbox 471 4591 575 4636; baseline 0 0"><span class='ocrx_word' id='word_1_695' title='bbox 471 4591 575 4636; x_wconf 63' lang='lat' dir='ltr'><strong>03L</strong></span> 
     </span>
    </p>
   </div>
   <div class='ocr_carea' id='block_1_96' title="bbox 2171 4485 3759 4562">
    <p class='ocr_par' dir='ltr' id='par_1_96' title="bbox 2171 4485 3759 4562">
     <span class='ocr_line' id='line_1_96' title="bbox 2171 4485 3759 4562; baseline -0.011 -12"><span class='ocrx_word' id='word_1_696' title='bbox 2171 4494 2465 4562; x_wconf 79' lang='grc' dir='ltr'>ἀφειδῆσαι</span> <span class='ocrx_word' id='word_1_697' title='bbox 2506 4491 2615 4546; x_wconf 82' lang='grc' dir='ltr'>τῶν</span> <span class='ocrx_word' id='word_1_698' title='bbox 2657 4491 2915 4559; x_wconf 79' lang='grc' dir='ltr'>ἀγαθῶν·</span> <span class='ocrx_word' id='word_1_699' title='bbox 2959 4488 3421 4560; x_wconf 78' lang='grc' dir='ltr'>περιεργάζεσθαι</span> <span class='ocrx_word' id='word_1_700' title='bbox 3451 4487 3508 4540; x_wconf 77' lang='grc' dir='ltr'>δὲ</span> <span class='ocrx_word' id='word_1_701' title='bbox 3554 4485 3759 4558; x_wconf 79' lang='grc' dir='ltr'>μᾶλλον</span> 
     </span>
    </p>
   </div>
   <div class='ocr_carea' id='block_1_97' title="bbox 2168 4576 3756 4654">
    <p class='ocr_par' dir='ltr' id='par_1_97' title="bbox 2168 4576 3756 4654">
     <span class='ocr_line' id='line_1_97' title="bbox 2168 4576 3756 4654; baseline -0.009 -16"><span class='ocrx_word' id='word_1_702' title='bbox 2168 4587 2236 4639; x_wconf 80' lang='grc' dir='ltr'><strong>τὰ</strong></span> <span class='ocrx_word' id='word_1_703' title='bbox 2288 4585 2372 4652; x_wconf 73' lang='grc' dir='ltr'><strong>ἐφ’</strong></span> <span class='ocrx_word' id='word_1_704' title='bbox 2429 4581 2509 4648; x_wconf 75' lang='grc' dir='ltr'><strong>οἷς</strong></span> <span class='ocrx_word' id='word_1_705' title='bbox 2566 4581 3137 4654; x_wconf 86' lang='grc' dir='ltr'>προσκεκρούκαμεν,</span> <span class='ocrx_word' id='word_1_706' title='bbox 3196 4576 3644 4650; x_wconf 69' lang='grc' dir='ltr'>ἐκμειλίσσεσθαί</span> <span class='ocrx_word' id='word_1_707' title='bbox 3702 4591 3756 4625; x_wconf 85' lang='grc' dir='ltr'><strong>τε</strong></span> 
     </span>
    </p>
   </div>
   <div class='ocr_carea' id='block_1_98' title="bbox 471 4668 3756 4752">
    <p class='ocr_par' dir='ltr' id='par_1_98' title="bbox 471 4668 3756 4752">
     <span class='ocr_line' id='line_1_98' title="bbox 471 4668 3756 4752; baseline -0.001 -29"><span class='ocrx_word' id='word_1_708' title='bbox 471 4672 633 4739; x_wconf 89' lang='grc' dir='ltr'>οῦτω,</span> <span class='ocrx_word' id='word_1_709' title='bbox 663 4676 756 4729; x_wconf 73' lang='grc' dir='ltr'><strong>καὶ</strong></span> <span class='ocrx_word' id='word_1_710' title='bbox 789 4676 880 4730; x_wconf 74' lang='grc' dir='ltr'>τὸν</span> <span class='ocrx_word' id='word_1_711' title='bbox 917 4675 1064 4730; x_wconf 73' lang='grc' dir='ltr'>ἔλεον</span> <span class='ocrx_word' id='word_1_712' title='bbox 1095 4678 1285 4730; x_wconf 83' lang='grc' dir='ltr'>αίτεῖν.</span> <span class='ocrx_word' id='word_1_713' title='bbox 1332 4678 1394 4730; x_wconf 80' lang='lat' dir='ltr'><strong>El</strong></span> <span class='ocrx_word' id='word_1_714' title='bbox 1437 4677 1493 4729; x_wconf 79' lang='grc' dir='ltr'>δὲ</span> <span class='ocrx_word' id='word_1_715' title='bbox 1518 4676 1581 4748; x_wconf 78' lang='grc' dir='ltr'><strong>δὴ</strong></span> <span class='ocrx_word' id='word_1_716' title='bbox 1613 4676 1706 4730; x_wconf 84' lang='grc' dir='ltr'><strong>καί</strong></span> <span class='ocrx_word' id='word_1_717' title='bbox 1753 4693 1898 4740; x_wconf 90' lang='grc' dir='ltr'>τινες</span> <span class='ocrx_word' id='word_1_718' title='bbox 1937 4677 2045 4730; x_wconf 84' lang='grc' dir='ltr'>τῶν</span> <span class='ocrx_word' id='word_1_719' title='bbox 2091 4678 2602 4752; x_wconf 82' lang='grc' dir='ltr'>φιλαμαρτημόνων</span> <span class='ocrx_word' id='word_1_720' title='bbox 2667 4679 2724 4730; x_wconf 85' lang='grc' dir='ltr'>ὲν</span> <span class='ocrx_word' id='word_1_721' title='bbox 2793 4675 3112 4738; x_wconf 77' lang='grc' dir='ltr'>εὐπαθείαις</span> <span class='ocrx_word' id='word_1_722' title='bbox 3151 4669 3264 4727; x_wconf 77' lang='grc' dir='ltr'><strong>εἷεν</strong></span> <span class='ocrx_word' id='word_1_723' title='bbox 3299 4672 3616 4743; x_wconf 88' lang='grc' dir='ltr'>κοσμικαῖς,</span> <span class='ocrx_word' id='word_1_724' title='bbox 3663 4668 3756 4734; x_wconf 71' lang='grc' dir='ltr'><strong>τὴν</strong></span> 
     </span>
    </p>
   </div>
   <div class='ocr_carea' id='block_1_99' title="bbox 470 4753 3758 4843">
    <p class='ocr_par' dir='ltr' id='par_1_99' title="bbox 470 4753 3758 4843">
     <span class='ocr_line' id='line_1_99' title="bbox 470 4753 3758 4843; baseline -0.001 -28"><span class='ocrx_word' id='word_1_725' title='bbox 470 4763 578 4816; x_wconf 84' lang='grc' dir='ltr'><strong>τῶν</strong></span> <span class='ocrx_word' id='word_1_726' title='bbox 608 4767 960 4837; x_wconf 87' lang='grc' dir='ltr'>προσκαίρων</span> <span class='ocrx_word' id='word_1_727' title='bbox 998 4768 1295 4821; x_wconf 87' lang='grc' dir='ltr'>ἀπόλαυσιν</span> <span class='ocrx_word' id='word_1_728' title='bbox 1360 4768 1596 4838; x_wconf 79' lang='grc' dir='ltr'>ἔχοντες,</span> <span class='ocrx_word' id='word_1_729' title='bbox 1664 4769 1962 4838; x_wconf 85' lang='grc' dir='ltr'>ἀπονέμειν</span> <span class='ocrx_word' id='word_1_730' title='bbox 1987 4753 2300 4825; x_wconf 69' lang='grc' dir='ltr'><strong>ἀκόλουθον⁸</strong></span> <span class='ocrx_word' id='word_1_731' title='bbox 2325 4775 2446 4835; x_wconf 80' lang='grc' dir='ltr'>ταῖς</span> <span class='ocrx_word' id='word_1_732' title='bbox 2527 4772 2864 4843; x_wconf 71' lang='grc' dir='ltr'>ἀπορρήτοις</span> <span class='ocrx_word' id='word_1_733' title='bbox 2906 4767 3240 4838; x_wconf 79' lang='grc' dir='ltr'>οἰκονομίαις</span> <span class='ocrx_word' id='word_1_734' title='bbox 3281 4766 3380 4836; x_wconf 83' lang='grc' dir='ltr'><strong>τῆς</strong></span> <span class='ocrx_word' id='word_1_735' title='bbox 3451 4763 3538 4816; x_wconf 80' lang='grc' dir='ltr'><strong>ἐπ’</strong></span> <span class='ocrx_word' id='word_1_736' title='bbox 3574 4761 3758 4824; x_wconf 78' lang='grc' dir='ltr'>αὐτοῖς</span> 
     </span>
    </p>
   </div>
   <div class='ocr_carea' id='block_1_100' title="bbox 472 4857 1216 4928">
    <p class='ocr_par' dir='ltr' id='par_1_100' title="bbox 472 4857 1216 4928">
     <span class='ocr_line' id='line_1_100' title="bbox 472 4857 1216 4928; baseline 0.001 -16"><span class='ocrx_word' id='word_1_737' title='bbox 472 4857 820 4923; x_wconf 78' lang='grc' dir='ltr'>ἀνεξικακίας</span> <span class='ocrx_word' id='word_1_738' title='bbox 845 4859 972 4922; x_wconf 81' lang='grc' dir='ltr'>τοὺς</span> <span class='ocrx_word' id='word_1_739' title='bbox 1003 4859 1216 4928; x_wconf 83' lang='grc' dir='ltr'><strong>λόγους.</strong></span> 
     </span>
    </p>
   </div>
   <div class='ocr_carea' id='block_1_101' title="bbox 545 4949 2057 5022">
    <p class='ocr_par' dir='ltr' id='par_1_101' title="bbox 545 4949 2057 5022">
     <span class='ocr_line' id='line_1_101' title="bbox 545 4949 2057 5022; baseline 0.003 -17"><span class='ocrx_word' id='word_1_740' title='bbox 545 4949 710 5006; x_wconf 69' lang='lat' dir='ltr'><strong>Vens.</strong></span> <span class='ocrx_word' id='word_1_741' title='bbox 755 4951 950 5016; x_wconf 74' lang='lat'><strong>16,”.</strong></span> <span class='ocrx_word' id='word_1_742' title='bbox 994 4950 1064 5006; x_wconf 82' lang='lat' dir='ltr'><strong>Et</strong></span> <span class='ocrx_word' id='word_1_743' title='bbox 1109 4954 1314 5022; x_wconf 73' lang='lat' dir='ltr'><strong>scripsit</strong></span> <span class='ocrx_word' id='word_1_744' title='bbox 1361 4953 1553 5008; x_wconf 79' lang='lat' dir='ltr'><strong>librant</strong></span> <span class='ocrx_word' id='word_1_745' title='bbox 1622 4957 1946 5010; x_wconf 82' lang='lat' dir='ltr'><strong>monumenti</strong></span> <span class='ocrx_word' id='word_1_746' title='bbox 2003 4959 2057 5010; x_wconf 83' lang='lat' dir='ltr'><strong>in</strong></span> 
     </span>
    </p>
   </div>
   <div class='ocr_carea' id='block_1_102' title="bbox 473 5045 2054 5116">
    <p class='ocr_par' dir='ltr' id='par_1_102' title="bbox 473 5045 2054 5116">
     <span class='ocr_line' id='line_1_102' title="bbox 473 5045 2054 5116; baseline 0.002 -18"><span class='ocrx_word' id='word_1_747' title='bbox 473 5053 747 5110; x_wconf 82' lang='lat' dir='ltr'><strong>conspectu</strong></span> <span class='ocrx_word' id='word_1_748' title='bbox 799 5059 894 5098; x_wconf 88' lang='lat' dir='ltr'><strong>suo</strong></span> <span class='ocrx_word' id='word_1_749' title='bbox 947 5045 1030 5098; x_wconf 76' lang='lat' dir='ltr'><strong>Itis</strong></span> <span class='ocrx_word' id='word_1_750' title='bbox 1091 5047 1178 5112; x_wconf 80' lang='lat' dir='ltr'><strong>qui</strong></span> <span class='ocrx_word' id='word_1_751' title='bbox 1246 5047 1424 5099; x_wconf 85' lang='lat' dir='ltr'><strong>timent</strong></span> <span class='ocrx_word' id='word_1_752' title='bbox 1497 5045 1812 5111; x_wconf 85' lang='lat' dir='ltr'><strong>Dominum,</strong></span> <span class='ocrx_word' id='word_1_753' title='bbox 1865 5057 1912 5102; x_wconf 85' lang='lat' dir='ltr'><strong>et</strong></span> <span class='ocrx_word' id='word_1_754' title='bbox 1964 5049 2054 5116; x_wconf 90' lang='lat' dir='ltr'><strong>qui</strong></span> 
     </span>
    </p>
   </div>
   <div class='ocr_carea' id='block_1_103' title="bbox 475 5134 2056 5207">
    <p class='ocr_par' dir='ltr' id='par_1_103' title="bbox 475 5134 2056 5207">
     <span class='ocr_line' id='line_1_103' title="bbox 475 5134 2056 5207; baseline 0.004 -18"><span class='ocrx_word' id='word_1_755' title='bbox 475 5145 774 5191; x_wconf 79' lang='lat' dir='ltr'><strong>reverentur</strong></span> <span class='ocrx_word' id='word_1_756' title='bbox 824 5151 1006 5190; x_wconf 84' lang='lat' dir='ltr'><strong>nomen</strong></span> <span class='ocrx_word' id='word_1_757' title='bbox 1051 5135 1184 5204; x_wconf 84' lang='lat' dir='ltr'><strong>ejus.</strong></span> <span class='ocrx_word' id='word_1_758' title='bbox 1227 5134 1294 5190; x_wconf 86' lang='lat' dir='ltr'><strong>Et</strong></span> <span class='ocrx_word' id='word_1_759' title='bbox 1351 5148 1504 5193; x_wconf 81' lang='lat' dir='ltr'><strong>erunt</strong></span> <span class='ocrx_word' id='word_1_760' title='bbox 1548 5142 1716 5207; x_wconf 81' lang='lat' dir='ltr'><strong>mihi,</strong></span> <span class='ocrx_word' id='word_1_761' title='bbox 1768 5141 1894 5194; x_wconf 83' lang='lat' dir='ltr'><strong>dicit</strong></span> <span class='ocrx_word' id='word_1_762' title='bbox 1946 5140 2056 5194; x_wconf 87' lang='lat' dir='ltr'><strong>Do-</strong></span> 
     </span>
    </p>
   </div>
   <div class='ocr_carea' id='block_1_104' title="bbox 476 5230 2056 5306">
    <p class='ocr_par' dir='ltr' id='par_1_104' title="bbox 476 5230 2056 5306">
     <span class='ocr_line' id='line_1_104' title="bbox 476 5230 2056 5306; baseline 0.005 -26"><span class='ocrx_word' id='word_1_763' title='bbox 476 5232 648 5282; x_wconf 81' lang='lat' dir='ltr'><strong>minus</strong></span> <span class='ocrx_word' id='word_1_764' title='bbox 696 5231 1042 5296; x_wconf 80' lang='lat' dir='ltr'><strong>omnipotens,</strong></span> <span class='ocrx_word' id='word_1_765' title='bbox 1063 5231 1114 5281; x_wconf 88' lang='lat' dir='ltr'><strong>in</strong></span> <span class='ocrx_word' id='word_1_766' title='bbox 1143 5230 1279 5284; x_wconf 84' lang='lat' dir='ltr'><strong>diem</strong></span> <span class='ocrx_word' id='word_1_767' title='bbox 1323 5248 1477 5301; x_wconf 82' lang='lat' dir='ltr'><strong>quam</strong></span> <span class='ocrx_word' id='word_1_768' title='bbox 1507 5249 1600 5302; x_wconf 88' lang='lat' dir='ltr'><strong>ego</strong></span> <span class='ocrx_word' id='word_1_769' title='bbox 1633 5235 1771 5304; x_wconf 79' lang='lat' dir='ltr'><strong>facio</strong></span> <span class='ocrx_word' id='word_1_770' title='bbox 1804 5237 1855 5290; x_wconf 83' lang='lat' dir='ltr'><strong>in</strong></span> <span class='ocrx_word' id='word_1_771' title='bbox 1886 5237 2056 5306; x_wconf 78' lang='lat' dir='ltr'><strong>ncqui-</strong></span> 
     </span>
    </p>
   </div>
   <div class='ocr_carea' id='block_1_105' title="bbox 476 5319 2060 5394">
    <p class='ocr_par' dir='ltr' id='par_1_105' title="bbox 476 5319 2060 5394">
     <span class='ocr_line' id='line_1_105' title="bbox 476 5319 2060 5394; baseline 0.007 -23"><span class='ocrx_word' id='word_1_772' title='bbox 476 5319 740 5383; x_wconf 84' lang='lat' dir='ltr'><strong>sitionem,</strong></span> <span class='ocrx_word' id='word_1_773' title='bbox 779 5329 828 5374; x_wconf 85' lang='lat' dir='ltr'><strong>et</strong></span> <span class='ocrx_word' id='word_1_774' title='bbox 855 5321 1045 5392; x_wconf 80' lang='lat' dir='ltr'><strong>eligam</strong></span> <span class='ocrx_word' id='word_1_775' title='bbox 1067 5337 1154 5376; x_wconf 88' lang='lat' dir='ltr'><strong>eos</strong></span> <span class='ocrx_word' id='word_1_776' title='bbox 1183 5325 1316 5376; x_wconf 68' lang='lat' dir='ltr'><strong>sicut</strong></span> <span class='ocrx_word' id='word_1_777' title='bbox 1337 5325 1478 5394; x_wconf 81' lang='lat' dir='ltr'><strong>eligit</strong></span> <span class='ocrx_word' id='word_1_778' title='bbox 1525 5327 1676 5380; x_wconf 82' lang='lat' dir='ltr'><strong>homo</strong></span> <span class='ocrx_word' id='word_1_779' title='bbox 1704 5327 1876 5394; x_wconf 80' lang='lat' dir='ltr'><strong>ﬁlium</strong></span> <span class='ocrx_word' id='word_1_780' title='bbox 1907 5345 2060 5382; x_wconf 86' lang='lat' dir='ltr'><strong>suum</strong></span> 
     </span>
    </p>
   </div>
   <div class='ocr_carea' id='block_1_106' title="bbox 477 5411 917 5491">
    <p class='ocr_par' dir='ltr' id='par_1_106' title="bbox 477 5411 917 5467">
     <span class='ocr_line' id='line_1_106' title="bbox 477 5411 917 5467; baseline 0.016 -7"><span class='ocrx_word' id='word_1_781' title='bbox 477 5411 775 5466; x_wconf 70' lang='lat' dir='ltr'><strong>servientem</strong></span> <span class='ocrx_word' id='word_1_782' title='bbox 799 5413 917 5467; x_wconf 78' lang='lat' dir='ltr'><strong>sibi.</strong></span> 
     </span>
    </p>
   </div>
   <div class='ocr_carea' id='block_1_107' title="bbox 557 5669 1482 5752">
    <p class='ocr_par' dir='ltr' id='par_1_107' title="bbox 557 5669 1482 5752">
     <span class='ocr_line' id='line_1_107' title="bbox 557 5669 1482 5752; baseline 0.011 -24"><span class='ocrx_word' id='word_1_783' title='bbox 557 5670 602 5700; x_wconf 83' lang='lat'><strong>&quot;</strong></span> <span class='ocrx_word' id='word_1_784' title='bbox 632 5669 833 5730; x_wconf 69' lang='lat' dir='ltr'><strong>lcrem.</strong></span> <span class='ocrx_word' id='word_1_785' title='bbox 870 5691 927 5740; x_wconf 84' lang='lat' dir='ltr'><strong>ll,</strong></span> <span class='ocrx_word' id='word_1_786' title='bbox 953 5678 1042 5732; x_wconf 65' lang='grc' dir='ltr'><strong>(Π.</strong></span> <span class='ocrx_word' id='word_1_787' title='bbox 1122 5682 1165 5711; x_wconf 70' lang='grc'><strong>’³</strong></span> <span class='ocrx_word' id='word_1_788' title='bbox 1201 5681 1327 5752; x_wconf 88' lang='lat' dir='ltr'><strong>Sap.</strong></span> <span class='ocrx_word' id='word_1_789' title='bbox 1360 5698 1399 5746; x_wconf 89' lang='lat' dir='ltr'><strong>t,</strong></span> <span class='ocrx_word' id='word_1_790' title='bbox 1425 5684 1482 5737; x_wconf 90' lang='lat'><strong>7.</strong></span> 
     </span>
    </p>
   </div>
   <div class='ocr_carea' id='block_1_108' title="bbox 2238 4945 3760 5019">
    <p class='ocr_par' dir='ltr' id='par_1_108' title="bbox 2238 4945 3760 5019">
     <span class='ocr_line' id='line_1_108' title="bbox 2238 4945 3760 5019; baseline -0.005 -14"><span class='ocrx_word' id='word_1_791' title='bbox 2238 4950 2347 5006; x_wconf 82' lang='lat' dir='ltr'><strong>Kal</strong></span> <span class='ocrx_word' id='word_1_792' title='bbox 2386 4950 2610 5019; x_wconf 64' lang='grc' dir='ltr'>ἔγραψε</span> <span class='ocrx_word' id='word_1_793' title='bbox 2646 4949 2891 5014; x_wconf 67' lang='grc' dir='ltr'>,βιϐλίον</span> <span class='ocrx_word' id='word_1_794' title='bbox 2930 4946 3331 5017; x_wconf 78' lang='grc' dir='ltr'>μνημοσύνου</span> <span class='ocrx_word' id='word_1_795' title='bbox 3360 4945 3620 4999; x_wconf 77' lang='grc' dir='ltr'>ἐνώπιον</span> <span class='ocrx_word' id='word_1_796' title='bbox 3653 4947 3760 4998; x_wconf 78' lang='grc' dir='ltr'><strong>αὐ-</strong></span> 
     </span>
    </p>
   </div>
   <div class='ocr_carea' id='block_1_109' title="bbox 2164 5038 3759 5112">
    <p class='ocr_par' dir='ltr' id='par_1_109' title="bbox 2164 5038 3759 5112">
     <span class='ocr_line' id='line_1_109' title="bbox 2164 5038 3759 5112; baseline -0.005 -11"><span class='ocrx_word' id='word_1_797' title='bbox 2164 5046 2270 5101; x_wconf 83' lang='grc' dir='ltr'><strong>τοῦ</strong></span> <span class='ocrx_word' id='word_1_798' title='bbox 2296 5043 2417 5109; x_wconf 76' lang='grc' dir='ltr'>τοῖς</span> <span class='ocrx_word' id='word_1_799' title='bbox 2453 5040 2850 5112; x_wconf 70' lang='grc' dir='ltr'>φοϐουμένοις</span> <span class='ocrx_word' id='word_1_800' title='bbox 2900 5040 3007 5094; x_wconf 82' lang='grc' dir='ltr'>τὸν</span> <span class='ocrx_word' id='word_1_801' title='bbox 3038 5041 3285 5107; x_wconf 79' lang='grc' dir='ltr'>Κύριον,</span> <span class='ocrx_word' id='word_1_802' title='bbox 3325 5038 3423 5092; x_wconf 79' lang='grc' dir='ltr'>καὶ</span> <span class='ocrx_word' id='word_1_803' title='bbox 3464 5040 3759 5094; x_wconf 72' lang='grc' dir='ltr'><strong>εὐλαϐου-</strong></span> 
     </span>
    </p>
   </div>
   <div class='ocr_carea' id='block_1_110' title="bbox 2160 5129 3754 5211">
    <p class='ocr_par' dir='ltr' id='par_1_110' title="bbox 2160 5129 3754 5211">
     <span class='ocr_line' id='line_1_110' title="bbox 2160 5129 3754 5211; baseline -0.006 -18"><span class='ocrx_word' id='word_1_804' title='bbox 2160 5139 2366 5211; x_wconf 82' lang='grc' dir='ltr'>μένοις</span> <span class='ocrx_word' id='word_1_805' title='bbox 2405 5137 2470 5192; x_wconf 76' lang='lat' dir='ltr'><strong>td</strong></span> <span class='ocrx_word' id='word_1_806' title='bbox 2507 5134 2699 5204; x_wconf 81' lang='grc' dir='ltr'>ὄνομα</span> <span class='ocrx_word' id='word_1_807' title='bbox 2728 5131 2939 5188; x_wconf 85' lang='grc' dir='ltr'>αὐτοῦ.</span> <span class='ocrx_word' id='word_1_808' title='bbox 2976 5130 3087 5186; x_wconf 78' lang='lat' dir='ltr'><strong>Kal</strong></span> <span class='ocrx_word' id='word_1_809' title='bbox 3131 5129 3378 5185; x_wconf 76' lang='grc' dir='ltr'>ἔσονταί</span> <span class='ocrx_word' id='word_1_810' title='bbox 3414 5146 3554 5198; x_wconf 84' lang='grc' dir='ltr'>μοι,</span> <span class='ocrx_word' id='word_1_811' title='bbox 3587 5130 3754 5198; x_wconf 72' lang='grc' dir='ltr'>λέγει</span> 
     </span>
    </p>
   </div>
   <div class='ocr_carea' id='block_1_111' title="bbox 2171 5219 3760 5302">
    <p class='ocr_par' dir='ltr' id='par_1_111' title="bbox 2171 5219 3760 5302">
     <span class='ocr_line' id='line_1_111' title="bbox 2171 5219 3760 5302; baseline -0.01 -11"><span class='ocrx_word' id='word_1_812' title='bbox 2171 5235 2385 5302; x_wconf 81' lang='grc' dir='ltr'>Κύριος</span> <span class='ocrx_word' id='word_1_813' title='bbox 2426 5227 2873 5298; x_wconf 77' lang='grc' dir='ltr'>παντοκράτωρ,</span> <span class='ocrx_word' id='word_1_814' title='bbox 2908 5228 2999 5292; x_wconf 80' lang='grc' dir='ltr'><strong>εὶς</strong></span> <span class='ocrx_word' id='word_1_815' title='bbox 3037 5223 3298 5293; x_wconf 73' lang='grc' dir='ltr'>ἡμέραν,</span> <span class='ocrx_word' id='word_1_816' title='bbox 3341 5219 3422 5289; x_wconf 80' lang='grc' dir='ltr'>ἣν</span> <span class='ocrx_word' id='word_1_817' title='bbox 3463 5221 3580 5292; x_wconf 70' lang='grc' dir='ltr'><strong>ἐγὼ</strong></span> <span class='ocrx_word' id='word_1_818' title='bbox 3609 5220 3760 5276; x_wconf 77' lang='grc' dir='ltr'>ποιῶ</span> 
     </span>
    </p>
   </div>
   <div class='ocr_carea' id='block_1_112' title="bbox 2171 5311 3760 5390">
    <p class='ocr_par' dir='ltr' id='par_1_112' title="bbox 2171 5311 3760 5390">
     <span class='ocr_line' id='line_1_112' title="bbox 2171 5311 3760 5390; baseline -0.008 -12"><span class='ocrx_word' id='word_1_819' title='bbox 2171 5325 2255 5390; x_wconf 78' lang='grc' dir='ltr'><strong>εις</strong></span> <span class='ocrx_word' id='word_1_820' title='bbox 2291 5323 2713 5390; x_wconf 78' lang='grc' dir='ltr'>περιποίησιν,</span> <span class='ocrx_word' id='word_1_821' title='bbox 2750 5317 2845 5372; x_wconf 82' lang='grc' dir='ltr'>καὶ</span> <span class='ocrx_word' id='word_1_822' title='bbox 2877 5314 3109 5383; x_wconf 65' lang='lat' dir='ltr'><strong>uipera?)</strong></span> <span class='ocrx_word' id='word_1_823' title='bbox 3151 5311 3395 5378; x_wconf 80' lang='grc' dir='ltr'>αὐτοὺς,</span> <span class='ocrx_word' id='word_1_824' title='bbox 3432 5311 3505 5365; x_wconf 83' lang='grc' dir='ltr'>ὃν</span> <span class='ocrx_word' id='word_1_825' title='bbox 3534 5313 3760 5380; x_wconf 75' lang='grc' dir='ltr'>τρόπον</span> 
     </span>
    </p>
   </div>
   <div class='ocr_carea' id='block_1_113' title="bbox 2172 5401 3757 5484">
    <p class='ocr_par' dir='ltr' id='par_1_113' title="bbox 2172 5401 3757 5484">
     <span class='ocr_line' id='line_1_113' title="bbox 2172 5401 3757 5484; baseline -0.008 -15"><span class='ocrx_word' id='word_1_826' title='bbox 2172 5414 2435 5484; x_wconf 78' lang='grc' dir='ltr'>αΙρετίζει</span> <span class='ocrx_word' id='word_1_827' title='bbox 2498 5414 2808 5482; x_wconf 82' lang='grc' dir='ltr'>ἅνθρωπος</span> <span class='ocrx_word' id='word_1_828' title='bbox 2863 5410 2972 5463; x_wconf 83' lang='grc' dir='ltr'>τὸν</span> <span class='ocrx_word' id='word_1_829' title='bbox 3011 5407 3146 5462; x_wconf 71' lang='grc' dir='ltr'>υἱὸν</span> <span class='ocrx_word' id='word_1_830' title='bbox 3206 5403 3396 5458; x_wconf 76' lang='grc' dir='ltr'>αὑτοῦ</span> <span class='ocrx_word' id='word_1_831' title='bbox 3451 5402 3548 5457; x_wconf 69' lang='grc' dir='ltr'>τὸν</span> <span class='ocrx_word' id='word_1_832' title='bbox 3614 5401 3757 5459; x_wconf 81' lang='grc' dir='ltr'>δον-</span> 
     </span>
    </p>
   </div>
   <div class='ocr_carea' id='block_1_114' title="bbox 2175 5504 2653 5571">
    <p class='ocr_par' dir='ltr' id='par_1_114' title="bbox 2175 5504 2653 5571">
     <span class='ocr_line' id='line_1_114' title="bbox 2175 5504 2653 5571; baseline 0 -11"><span class='ocrx_word' id='word_1_833' title='bbox 2175 5509 2440 5562; x_wconf 72' lang='grc' dir='ltr'>,τεύρντα</span> <span class='ocrx_word' id='word_1_834' title='bbox 2473 5504 2653 5571; x_wconf 70' lang='grc' dir='ltr'>αὐτῷ.</span> 
     </span>
    </p>
   </div>
  </div>
