4042 6196
446 288 447 291 η
470 259 575 318 355

1509 250 1568 306 S.
1608 249 1889 305 CYRILLI
1928 247 2403 303 ALEXANDNM
2447 243 2769 303 ARCHiEP.

3622 248 3732 303 356

468 380 687 435 fuerunt
713 389 1024 434 sanctorum
1050 373 1315 438 nonnulli,
1347 373 1596 441 quamvis
1628 386 1732 426 non
1788 369 2054 424 nescirem

2163 370 2565 441 γεγραμμένον.
2593 371 2737 442 Πλὴν
2762 366 3169 441 εὑημεροῦντας
3201 366 3491 437 βλέποντες
3521 365 3577 417 ἐν
3600 365 3731 434 τῷδε

467 472 632 526 vitam
680 470 892 524 illorum
945 470 997 522 in
1054 465 1275 522 exilium
1343 466 1658 519 desituram.
1707 462 1941 517 Proinde
1981 462 2055 517 ita

466 573 690 617 sanctus
715 561 982 616 Jeremias
1001 576 1014 613 :
1035 578 1053 611 ι
1079 558 1266 613 Justus
1293 572 1373 621 es,
1402 558 1649 619 Domine,
1673 557 1798 626 quia
1827 569 2050 624 respon-

465 652 608 709 debo
632 654 695 704 ad
717 663 765 706 te
790 670 803 706 :
839 660 1210 705 verumtamen
1230 650 1494 718 judicium
1518 650 1709 717 loquar
1725 647 1789 700 ad
1822 658 1888 701 te.
1911 645 2051 711 Quid

465 760 543 800 es:
575 745 716 814 quod
747 746 830 797 via
878 745 1162 811 impiorum
1199 741 1589 810 prosperatur?
1622 739 2057 793 Abundaverum

465 852 655 890 omnes
680 834 1121 904 pt'mvariCaliuue
1157 834 1579 902 przevaricantes
1601 832 1623 884 ?
1644 829 1903 883 Plantasli
1958 840 2052 882 eos

465 937 519 983 et
544 928 774 980 radicem
811 938 1075 995 egerunt:
1115 926 1253 979 lilios
1285 932 1698 993 generaverunt,
1720 931 1774 975 et
1809 920 2055 974 fecerunt

465 1020 721 1073 fructum.
752 1018 924 1087 Prope
955 1035 1013 1071 es
1052 1030 1104 1070 tu
1135 1021 1215 1072 ori
1250 1025 1534 1079 eorum,et
1579 1016 1736 1083 longe
1768 1029 1796 1066 a
1834 1011 2054 1065 renibus

465 1128 674 1168 eorum.
701 1111 768 1165 Et
807 1123 884 1173 tu,
924 1110 1168 1172 Domine,
1203 1109 1488 1175 cognoscis
1517 1123 1622 1165 me,
1662 1104 1900 1174 probasti
1955 1119 2051 1156 cor

464 1221 642 1258 meum
682 1218 864 1256 cortm
895 1214 944 1255 te
976 1201 1017 1254 ³.
1061 1220 1079 1252 ι
1134 1200 1198 1254 Ει
1254 1215 1501 1253 rursum:
1545 1216 1564 1248 ι
1607 1196 1896 1251 Sattctilica
1960 1209 2054 1247 eos

465 1294 531 1350 atl
568 1295 711 1348 diem
739 1295 1027 1349 occisionis
1043 1307 1249 1347 eorum.
1272 1291 1565 1358 Quousque
1590 1288 1791 1357 lugebit
1813 1296 1955 1340 terra
1970 1285 2010 1340 δ.
2027 1303 2046 1337 ι

467 1388 662 1442 Cernis
696 1387 964 1454 quomodo
994 1387 1046 1438 in
1081 1384 1437 1453 cogitationes
1471 1380 1753 1451 perplexas
1782 1380 2052 1442 inciderit,

464 1489 783 1533 cumtamen
813 1477 974 1531 ﬁnem
1009 1477 1294 1545 impiorum
1330 1474 1473 1528 haud
1501 1474 1793 1543 ignoraret.
1823 1488 1842 1521 ι
1865 1469 2056 1524 Omnis

466 1583 595 1624 caro
627 1567 830 1631 fenum,
854 1576 909 1621 et
938 1570 1115 1623 oannis
1148 1566 1312 1637 gioria
1339 1564 1477 1633 eius,
1514 1575 1571 1618 ut
1592 1562 1690 1617 ﬂos
1718 1561 1880 1623 feni,»
1913 1559 2057 1613 sicut

466 1664 727 1730 scriptum
756 1671 837 1715 εει
862 1660 906 1714 ⁸.

2157 461 2236 533 τῷ
2268 463 2367 533 βίῳ
2388 465 2517 525 τοὺς
2543 463 2642 532 τῆς
2674 462 3007 533 φαυλότητος
3040 459 3295 530 ἐραστὰς,
3340 458 3597 527 γεγόνασι
3635 471 3735 525 μεν

2158 555 2215 608 ἐν
2238 555 2517 625 λογισμοῖς
2547 555 2655 607 τῶν
2687 555 2860 623 ἁγίων
2889 554 3056 618 τινες,
3082 554 3181 605 οὐκ
3198 551 3473 621 ἠγνόησαν
3496 551 3550 603 δὲ
3574 552 3657 603 ὅτι
3677 551 3738 602 τὸ

2155 642 2254 696 τοῦ
2294 642 2409 711 βίου
2452 641 2630 713 πὲρας
2660 642 2873 707 ἕξουσιν
2922 644 3001 705 είς
3052 642 3345 694 ἀπώλειαν.
3388 640 3500 692 Καὶ
3542 638 3673 708 γοῦν
3708 642 3741 693 ό

2161 721 2429 803 μακάριος
2470 734 2738 804 Ἱερεμίας
2781 734 2923 787 οὕτω
2969 733 3085 796 πώς
3132 749 3298 802 φησι’
3339 752 3358 783 ι
3395 732 3612 794 Δίκαιος
3663 727 3736 795 εἴ,

2159 820 2333 892 Κύριε
2355 861 2370 885 ,
2401 823 2483 874 ὅτι
2516 823 2927 893 ἀπολογήσομαι
2962 824 3097 893 πρὸς
3130 823 3208 886 σὲ,
3260 822 3400 892 πλὴν
3432 824 3605 893 κρῖμα
3644 821 3741 876 λα-

2154 913 2304 984 λήσω
2338 914 2475 983 πρὸς
2503 914 2582 967 σέ.
2633 915 2699 967 Τί
2730 916 2812 968 ὅτι
2851 916 2972 978 ὁδὸς
3017 915 3230 969 ἀσεϐῶν
3268 914 3575 980 εὑοδοῦται;
3629 913 3741 967 Εὐ-

2154 1006 2394 1076 θήνησαν
2424 1006 2665 1069 ἅπαντες
2691 1009 2740 1059 οί
2765 1006 3083 1069 ἀθετοῦντες
3111 1006 3275 1075 ἀθετή
3287 1003 3745 1075 ματα;Ἐερύτευ-

2158 1112 2255 1158 σας
2298 1094 2519 1161 αὐτοὺς,
2571 1099 2663 1149 καὶ
2708 1096 3115 1168 ἐῤῥιζὼθησαν·
3160 1097 3604 1165 ἐτεκνοποίησαν,
3643 1096 3744 1149 καὶ

2155 1188 2419 1255 ἐποίησαν
2452 1189 2683 1256 καρπόν.
2719 1189 2915 1256 Ἐγγύς
2949 1186 2999 1240 εί
3031 1190 3094 1241 σὺ
3120 1188 3212 1241 τοῦ
3243 1190 3507 1257 στόματος
3533 1187 3740 1251 αὐτῶν,

2159 1281 2256 1333 καὶ
2285 1280 2473 1350 πόρρω
2517 1280 2623 1333 ἀπὸ
2650 1281 2757 1333 τῶν
2785 1279 3000 1349 νεφρῶν
3035 1279 3234 1333 αὐτῶν.
3283 1279 3395 1332 Καὶ
3421 1280 3507 1337 σὺ.
3537 1279 3738 1349 Κύριε,

2159 1370 2450 1439 γινώσκεις
2482 1388 2572 1441 με,
2608 1372 2937 1443 ἐδοκίμασας
2964 1372 3062 1441 τὴν
3090 1372 3321 1442 καρδίαν
3357 1389 3457 1441 μου
3496 1371 3745 1423 ἐναντίον

2163 1479 2276 1518 σου.
2315 1483 2334 1515 ι
2374 1459 2504 1515 Εἶτα
2533 1463 2698 1517 πάλιν
2729 1464 2893 1534 φησί·
2935 1465 3224 1532 «Ἃγνισον
3252 1463 3449 1526 αὐτοὺς
3483 1463 3563 1525 είς
3592 1462 3743 1531 ὴμέ-

2166 1571 2264 1622 ραν
2310 1555 2524 1624 σφαγῆς
2568 1555 2767 1609 αὐτῶν.
2804 1556 2948 1619 Ἕως
2994 1555 3123 1609 πότε
3172 1554 3433 1624 πενθήσει
3490 1554 3524 1622 ἡ
3567 1551 3673 1620 γῆ;
3714 1570 3735 1601 ι

2175 1645 2337 1716 Ὁρᾷς
2380 1647 2529 1710 ὅπως
2575 1647 2938 1716 ἐμπέπτωκεν
2973 1650 3051 1711 είς
3080 1646 3358 1715 λογισμῶν
3396 1643 3743 1714 δυσχέρειαν.

465 1758 564 1810 οὐκ
592 1756 826 1826 ἠγνόηκε
859 1754 915 1808 δὲ
942 1754 1051 1808 τῶν
1080 1752 1483 1807 δυσσεὸούντων
1521 1751 1581 1804 τὸ
1646 1749 1840 1821 πέρας.
1865 1746 2063 1799 «Πᾶσα
2102 1739 2243 1813 σὰρξ
2306 1741 2499 1812 χόρτος
2568 1744 2662 1795 καὶ
2705 1744 2855 1795 πᾶσα
2903 1741 3030 1809 δόξα
3074 1740 3399 1811 ἀνθρώπων,
3441 1738 3518 1802 ὡς
3580 1734 3748 1797 ἄνθος

467 1843 759 1916 χόρτου[ς],
797 1862 814 1894 ι
854 1844 997 1897 κατά
1030 1843 1089 1896 τὸ
1121 1841 1528 1914 γεγραμμένον.

1103 1976 1253 2032 CAP.
1286 1975 1373 2030 IV.

545 2112 707 2170 Vsus.
736 2114 787 2167 1.
820 2110 957 2178 Quia
989 2128 1105 2165 ecce
1144 2112 1257 2163 dies
1284 2112 1421 2164 venit
1452 2110 1642 2165 ardens
1660 2110 1793 2163 sicut
1817 2107 2055 2162 clibanus

469 2217 519 2260 et
549 2205 811 2259 comitum
847 2221 935 2257 eos
965 2240 981 2265 ,
1035 2214 1085 2257 et
1145 2215 1295 2257 erunt
1360 2219 1537 2255 omnes
1608 2202 1953 2269 alienigcnm,
2005 2206 2056 2251 et

469 2301 693 2353 universi
722 2299 809 2366 qui
840 2296 1045 2366 faciunt
1083 2296 1293 2362 iniqua,
1338 2294 1573 2363 stipula;
1597 2305 1645 2346 et
1672 2291 1945 2345 succende!
1968 2306 2054 2344 eos

469 2390 580 2441 dies
635 2387 838 2440 veniens
873 2424 889 2448 ,
932 2386 1056 2437 dicit
1108 2383 1363 2437 Dominus
1395 2383 1739 2451 omnipotens,
1764 2392 1809 2434 et
1835 2396 1937 2434 uou
1973 2396 2055 2435 re-

469 2479 733 2548 linquetur
766 2478 830 2531 de
854 2477 927 2528 eis
953 2476 1108 2528 radix
1142 2490 1304 2544 neque
1325 2490 1553 2544 germen.

552 2632 719 2719 865
758 2643 941 2700 XLIII.
986 2645 1136 2699 Diem
1174 2644 1360 2715 judicii
1396 2643 1447 2697 in
1483 2643 1605 2709 igne
1628 2642 1865 2697 futurum
1899 2659 2051 2714 repu-

444 2751 592 2799 tare
628 2754 809 2793 secum
847 2744 1269 2792 consentaneum
1298 2745 1402 2801 est,
1442 2754 1461 2787 ι
1493 2738 1543 2789 in
1567 2751 1675 2805 quo
1706 2736 1829 2791 cceli
1862 2750 2055 2804 magno

475 2833 675 2900 impetu
727 2831 1013 2895 transient,
1059 2830 1327 2884 elementa
1364 2844 1495 2882 vero
1522 2829 1706 2883 calore
1751 2829 2053 2893 solventur,

476 2934 620 2977 terra
665 2930 843 2974 autem
887 2932 941 2975 et
986 2935 1107 2988 qua:
1147 2921 1198 2973 in
1248 2920 1360 2985 ipsa
1400 2930 1523 2972 sunt
1559 2932 1721 2988 opera
1756 2927 2055 2971 exurentur

474 3013 680 3067 omnia.
715 3012 894 3066 Novus
933 3026 1063 3065 vero
1103 3010 1290 3073 cmlos,
1327 3021 1381 3064 et
1407 3026 1599 3064 novam
1629 3023 1825 3063 terram
1861 3025 2056 3067 secun-

475 3104 600 3155 dum
659 3103 923 3170 promissa
960 3102 1126 3169 ipsius
1182 3112 1559 3169 exspectamus
1595 3101 1664 3167 ⁶;
1713 3119 1732 3153 ›
1781 3101 1862 3155 sic
1909 3103 2053 3155 enim

477 3193 695 3262 quidam
727 3201 1037 3247 sanctorum
1072 3192 1456 3259 discipulorum
1489 3192 1643 3245 dixit.
1684 3191 1862 3262 lnquit
1892 3207 2043 3263 ergo,

477 3282 670 3339 Veniet
701 3295 758 3337 ut
798 3285 1043 3339 clibanus
1088 3285 1203 3339 dies
1235 3284 1470 3351 Domini,
1513 3295 1568 3339 et
1611 3300 1803 3341 omnes
1839 3286 2054 3355 quidem

474 3381 808 3449 alienigenas
850 3379 1152 3442 comburet,
1200 3378 1556 3433 nihilominus
1598 3380 1760 3432 etiam
1799 3379 2056 3434 facientes

480 3472 662 3540 iniqua
691 3480 969 3534 assumet;
1003 3486 1165 3523 unum
1197 3472 1339 3524 enim
1375 3482 1430 3524 et
1461 3470 1534 3523 illi
1562 3480 1615 3525 et
1646 3471 1696 3524 lii
1733 3472 2056 3541 supplicium

478 3564 755 3617 Subibunt.
778 3560 908 3616 Vide
932 3570 1113 3615 autem
1137 3563 1221 3616 hic
1244 3563 1613 3617 festivitatem.
1638 3562 1791 3617 Nunc
1814 3564 2060 3617 meminit

480 3655 928 3723 alienigenarum.
973 3652 1263 3723 Postquam
1313 3655 1458 3707 enim
1498 3669 1593 3709 eos
1638 3655 1826 3711 beatos
1867 3657 2061 3724 praedi-

476 3756 691 3807 carunt,
736 3745 974 3797 dicentes
1016 3762 1030 3796 :
1070 3763 1089 3795 ι
1141 3746 1206 3797 Et
1252 3760 1395 3799 nunc
1450 3762 1549 3800 nos
1595 3748 1780 3804 beatos
1828 3749 2059 3805 dicimus

478 3836 708 3899 alienos,
744 3844 799 3887 et
832 3836 1228 3888 reazdilicantur
1258 3851 1449 3890 omnes
1477 3839 1567 3904 qui
1601 3839 1807 3893 faciunt
1851 3842 2056 3912 iniqua,

479 3927 591 3980 Deo
625 3928 960 3985 restiterunt,
992 3932 1049 3976 et
1082 3923 1215 3977 salvi
1259 3924 1384 3978 facti
1419 3936 1569 3990 sunt,
1601 3945 1619 3977 ι
1662 3928 1752 3981 hic
1785 3944 1876 3982 eos
1909 3947 2059 3983 com-

479 4021 691 4071 busmm
728 4019 789 4070 iri
821 4024 1087 4081 autumat,
1116 4026 1176 4069 ut
1204 4017 1297 4085 qui
1332 4018 1559 4086 gloriam
1595 4018 1686 4072 Dei
1715 4034 2059 4090 Oppugnare-

478 4110 609 4171 rint,
640 4121 692 4163 et
717 4119 1021 4162 creaturam
1054 4122 1217 4177 quam
1247 4108 1560 4165 Creatorem
1586 4112 1819 4166 adorare
1855 4112 2060 4166 malue-

477 4201 586 4254 rint
605 4200 680 4252 ⁷.»

552 4292 1021 4351 itatiocinabimur
1054 4301 1110 4347 et
1159 4296 1337 4357 aliter,
1386 4293 1719 4366 alienigenas
1761 4299 2060 4368 appellatos

478 4400 598 4438 esse
634 4383 968 4448 idololatras,
1003 4395 1058 4439 et
1095 4385 1201 4439 alio
1235 4388 1469 4456 quodam
1524 4392 1684 4445 modo
1726 4390 1989 4458 alienatos
2028 4409 2059 4447 a

476 4490 633 4531 sacra
656 4487 708 4530 et
735 4480 906 4532 electa
933 4489 1094 4546 gente
1121 4493 1134 4531 :
1160 4478 1467 4544 limreticos,
1498 4481 1744 4549 inquam,
1772 4484 1837 4538 de
1864 4486 2060 4553 quibus

2778 1962 3030 2016 ΚΕΦΛΛ.
3058 1964 3133 2016 Δ’.

2226 2102 2385 2158 Διότσ
2420 2100 2548 2155 ιὸοὺ
2585 2099 2775 2169 ἡμέρα
2805 2097 3041 2168 ἔρχεται
3085 2097 3369 2167 καιομένη
3406 2099 3487 2165 ὡς
3526 2102 3738 2156 κεῖσα-

2154 2210 2294 2258 voc,
2330 2192 2427 2244 καὶ
2465 2191 2674 2259 φλέξει
2712 2189 2964 2255 αὐτοὺς,
3018 2190 3116 2243 καὶ
3154 2190 3402 2244 ἔσονται
3432 2191 3661 2259 πάντες
3684 2196 3740 2246 οι

2156 2282 2526 2353 ἀλλογενεῑς,
2559 2282 2658 2337 καὶ
2695 2282 2919 2347 πάντες
2957 2285 3010 2336 ol
3042 2282 3358 2347 ποιοῦντες
3396 2282 3593 2352 ἄνομα
3626 2301 3741 2337 κα-

2154 2376 2338 2444 λάμη,
2366 2374 2463 2427 καί
2497 2373 2721 2442 ἀνάψει
2746 2372 2967 2438 αὐτοὺς
2995 2372 3186 2443 ἡμέρα
3214 2375 3253 2441 ἠ
3282 2374 3597 2443 ἐρχομένη,
3633 2376 3737 2430 .λέ-

2155 2485 2243 2539 τει
2282 2469 2496 2536 Κύριος
2544 2464 2968 2534 παντοκράτωρ
2997 2506 3013 2532 ,
3044 2466 3142 2519 καὶ
3174 2467 3245 2520 οὐ
3278 2466 3366 2535 μὴ
3399 2466 3741 2537 ὑπολειφθῇ

2154 2561 2225 2625 ἐξ
2251 2559 2451 2614 αὐτῶν
2469 2557 2602 2628 ῥίζα
2625 2558 2768 2613 οὐδὲ
2792 2557 3016 2626 κλῆμα.

2227 2652 2359 2707 Ml".
2418 2654 2505 2707 Ἐν
2572 2652 2704 2723 πυρὶ
2761 2649 2872 2721 γὰρ
2926 2649 3145 2703 ἔσεσθαι
3200 2649 3300 2721 τὴν
3348 2651 3446 2722 τῆς
3498 2651 3738 2722 κρίσεως

2156 2744 2368 2815 ἡμέραν
2415 2746 2615 2796 ἐννοεῖν
2656 2741 2981 2807 ἀκόλουθον,
3028 2760 3047 2793 ι
3090 2742 3177 2795 Ἑν
3293 2742 3345 2795 oi
3376 2742 3596 2812 οὐρανοὶ
3636 2742 3740 2813 μὲν

2160 2836 2402 2905 ῥοιζηδὸν
2449 2833 2919 2907 παρελεύσονται,
2988 2834 3229 2902 στοιχεῖα
3276 2831 3336 2884 δὲ
3382 2833 3736 2903 καυσούμενα

2158 2928 2516 2999 λυθήσονται,
2545 2928 2615 2998 γῆ
2646 2927 2702 2980 δὲ
2737 2928 2831 2979 καὶ
2863 2926 2934 2980 τὰ
2965 2927 3022 2978 ἐν
3045 2926 3179 2996 αὐτῇ
3215 2925 3352 2997 ἔργα
3383 2927 3738 2997 κατακαήσε-

2156 3038 2246 3074 ται
2292 3020 2492 3075 πάντα.
2541 3020 2778 3082 Καινοὺς
2822 3017 2879 3070 δὲ
2922 3018 3206 3089 οὐρανοὺς,
3256 3018 3351 3071 καὶ
3390 3016 3583 3088 καινὴν
3633 3017 3738 3088 γῆν

2156 3111 2298 3165 κατά
2344 3110 2417 3164 τά
2460 3110 2857 3180 ἐπαγγέλματα
2901 3109 3065 3164 αὐτοῦ
3108 3109 3530 3181 προσδοκῶμεν·
3570 3129 3589 3163 ι
3633 3108 3737 3181 ἔφη

2156 3203 2265 3273 γὰρ
2296 3195 2399 3255 ὧδὲ
2418 3219 2500 3264 τις
2524 3201 2632 3255 τῶν
2654 3201 2825 3270 ἁγίων
2851 3200 3300 3273 μαθητῶν.’Ἡξει
3320 3202 3525 3267 τοίνυν,
3548 3204 3736 3273 φησιν,

2158 3297 2234 3359 ὠς
2277 3294 2530 3356 κλίϐανος
2571 3295 2605 3364 ἡ
2631 3293 2818 3365 ἡμέρα
2852 3286 3081 3365 Κὺρίου,
3122 3294 3216 3347 καὶ
3256 3294 3583 3362 καταφλέξει
3639 3296 3741 3366 μὲν

2159 3388 2402 3451 ἅπαντας
2432 3386 2558 3449 τοὺς
2596 3386 2938 3455 ἀλλογενεῖς,
2971 3385 3271 3457 προσθήσει
3309 3386 3368 3439 δέ
3396 3387 3609 3451 τούτοις
3646 3389 3740 3441 καὶ

2157 3483 2285 3544 τοὺς
2331 3480 2619 3542 ποιοῦντας
2648 3478 2719 3532 τὰ
2750 3479 2956 3549 ἀνομαο
2997 3479 3095 3550 μία
3126 3479 3236 3549 γὰρ
3280 3479 3433 3531 ἔσται
3467 3482 3581 3542 τοῖς
3619 3481 3740 3533 κατ’

2158 3573 2362 3643 ἀμφοῖν
2407 3573 2439 3640 ὴ
2489 3569 2637 3639 δίκη.
2669 3568 2863 3638 Ἀθρει
2904 3568 2961 3620 δὲ
3001 3567 3173 3630 οὕτως
3204 3567 3549 3637 ἀστειότητα.
3602 3567 3741 3621 Νυνὶ

2159 3663 2526 3735 διαμέμνηται
2576 3660 2685 3713 τῶν
2727 3660 3051 3727 ἀλλογενῶν.
3112 3657 3329 3729 Ἐπειδὴ
3378 3659 3487 3729 γὰρ
3540 3658 3741 3722 αὐτοὺς

2161 3754 2525 3827 ἐμακάριζον,
2562 3753 2812 3822 λέγοντες
2832 3769 2847 3781 ·
2884 3752 3020 3804 «Καὶ
3042 3750 3139 3805 νῦν
3167 3752 3330 3822 ἡμεῖς
3358 3749 3740 3820 μακαρίζομεν

2159 3846 2498 3917 ἀλλοτρίους,
2550 3846 2643 3899 καὶ
2685 3843 3159 3914 ἀνοικοδομοῦνται
3203 3841 3488 3905 ποιοῦντες
3535 3842 3737 3912 ἄνομα,

2160 3941 2256 3994 καὶ
2284 3940 2622 4010 ἀντέστησαν
2656 3937 2797 4008 Θεῷ,
2840 3938 2934 3991 καί¹
2969 3936 3273 4007 ἐσώθησαν,
3311 3955 3330 3987 ι
3368 3935 3542 4007 ταύτῃ
3573 3953 3742 3990 κατα-

2160 4028 2559 4101 φλεχθήσεσθαί
2593 4045 2757 4099 φησιν
2786 4029 2985 4093 αὐτοὺς
3013 4071 3028 4093 ,
3068 4028 3143 4091 ὡς
3182 4032 3249 4100 τῇ
3300 4028 3396 4082 τοῦ
3443 4029 3580 4083 Θεοῦ
3610 4030 3740 4104 δόξῃ

2160 4123 2638 4193 πεπολεμηκὸτας,
2668 4124 2765 4175 καὶ
2812 4125 3138 4192 προσκυνεῖν
3168 4121 3459 4192 ἑλομένους
3492 4123 3595 4193 τὴν
3620 4122 3740 4175 κτί-

2163 4231 2246 4270 σιν
2281 4214 2433 4284 παρά
2461 4212 2552 4265 τὸν
2580 4214 2858 4266 κτίσαντα.

2232 4302 2574 4374 Λογιούμεθα
2634 4304 2730 4357 καὶ
2771 4304 2972 4373 ἑτέρως
3016 4302 3326 4372 ἀλλογενεῖς
3368 4303 3739 4374 ὀνομάζεσθαι

2161 4399 2287 4462 τοὺς
2351 4395 2776 4466 εἰδωλολάτρας,
2843 4396 2938 4447 καὶ
2997 4396 3124 4459 τοὺς
3196 4396 3317 4449 καθ’
3368 4396 3554 4467 ἕτερόν
3619 4413 3741 4450 τινα

2161 4488 2362 4559 τρόπον
2399 4483 2866 4555 ἠλλοτριωμένους
2899 4482 2992 4536 τοῦ
3032 4483 3178 4555 ἱεροῦ
3212 4501 3270 4537 τε
3311 4486 3406 4538 καὶ
3434 4486 3738 4539 ἀπολέκτου

478 4567 881 4635 appositissime
905 4569 1140 4624 dicitur:
1179 4587 1197 4620 ι
1224 4571 1298 4624 Ex
1336 4573 1491 4628 nobis
1521 4576 1787 4640 exierunt,
1821 4578 1912 4631 sed
1949 4592 2052 4632 non

2163 4579 2387 4648 γένους,
2441 4571 2551 4629 οἷόν
2582 4574 2634 4626 τί
2674 4591 2816 4644 φημι
2861 4574 2987 4637 τοὺς
3020 4576 3361 4644 αἱρετικοὺς,
3398 4577 3525 4647 περὶ
3556 4570 3634 4631 ὧν
3674 4578 3739 4630 ἂν

477 4673 634 4711 erant
654 4675 718 4713 ex
745 4663 920 4715 nobis.
955 4662 1087 4714 Nam
1110 4662 1155 4716 si
1185 4660 1413 4717 fuissent
1437 4678 1501 4716 ex
1526 4666 1706 4729 nobis,
1735 4668 2062 4724 mansissent

2159 4668 2390 4736 λέγοιτο,
2436 4667 2532 4719 καὶ
2577 4665 2726 4735 μάλα
2777 4666 3035 4729 εἰκότως·
3090 4683 3109 4715 ι
3158 4665 3247 4729 Ἐξ
3278 4665 3439 4737 ἡμῶν
3475 4667 3737 4736 ἐξῆλθον,

478 4749 663 4817 utique
711 4753 994 4805 uobiscum
1033 4752 1077 4803 ⁸.
1114 4770 1133 4802 ι
1173 4752 1238 4804 Hi
1286 4769 1543 4821 namque,
1574 4756 1753 4809 divina
1779 4758 2054 4814 nobilitate

2158 4761 2272 4816 ἀλλ’
2301 4760 2402 4812 οὐκ
2434 4753 2574 4830 ἦσαν
2606 4756 2667 4822 ἐξ
2699 4756 2877 4828 ἡμῶν.
2910 4758 2972 4809 Εἰ
3002 4756 3113 4827 γὰρ
3142 4753 3282 4828 ἦσαν
3319 4759 3378 4824 ἐξ
3422 4759 3604 4829 ἡμῶν,
3643 4777 3741 4830 με-

480 4840 715 4909 abjecta,
743 4850 798 4893 et
822 4856 851 4894 ιι
882 4852 1046 4910 gente
1071 4849 1259 4894 sancta
1287 4851 1446 4910 atque
1471 4846 1643 4898 electa
1676 4847 1910 4914 separati
1944 4862 2054 4914 qua

2162 4851 2472 4920 μενήκεσαν
2499 4848 2565 4901 ἂν
2600 4847 2720 4916 μεθ’
2747 4847 2956 4917 ἡμῶν.»
2983 4843 3140 4902 Οὗτοι
3162 4848 3260 4918 τὴν
3284 4848 3433 4902 θείαν
3458 4849 3741 4917 εὐγένειαν

478 4931 618 4985 facta
656 4944 740 4986 est
787 4933 840 4985 in
883 4931 1296 5000 acquisitioncm
1333 4932 1353 4963 ’
1395 4932 1521 5003 (per
1570 4934 1727 4990 ﬁdem
1780 4936 1962 5003 utique
1998 4937 2053 4991 in

2163 4938 2620 5011 ἀποὸεὸληκότες,
2663 4937 3153 5010 ἁπονοσφιζόμενοί
3199 4957 3259 4993 τε
3309 4939 3404 4994 τοῦ
3450 4942 3597 5013 ίεροῦ
3647 4943 3741 4996 καὶ

479 5022 813 5093 Christum),
850 5026 1007 5078 cibus
1067 5030 1229 5077 erunt
1286 5023 1424 5095 ignis
1481 5028 1661 5081 omnia
1719 5028 2050 5085 det/orantis.

2163 5032 2464 5086 ἀπολέκτου
2509 5030 2702 5099 γένους
2766 5030 2860 5083 τοῦ
2922 5032 3205 5099 γεγονότος
3256 5033 3355 5096 εἰς
3387 5037 3740 5105 περιποίησιν

480 5120 682 5174 Eodem
724 5117 841 5173 loco
882 5119 1024 5188 apud
1065 5118 1231 5173 Deum
1268 5132 1428 5174 erunt
1471 5122 1562 5191 qui
1607 5122 1813 5177 iaciunt
1844 5123 2052 5193 iniqua,

2160 5124 2283 5195 (διὰ
2330 5124 2565 5186 πίστεως
2608 5121 2667 5176 δὲ
2711 5121 2957 5193 δηλονότι
3004 5124 3104 5194 τῆς
3145 5124 3204 5179 ἐν
3254 5125 3537 5196 Χριστῷ),
3568 5126 3740 5198 πυρὸς

480 5211 696 5267 tametsi
713 5209 924 5263 admisti
943 5208 1032 5263 fue
1042 5208 1153 5264 rint
1173 5209 1763 5267 fortassecredeutibus
1777 5222 1833 5268 et
1846 5214 2052 5281 electis,

478 5308 675 5355 etcum
701 5302 790 5370 qui
820 5311 1009 5356 natura
1038 5318 1101 5358 ac
1132 5304 1357 5357 veritate
1385 5304 1524 5359 Deus
1553 5314 1656 5367 est,
1683 5308 2054 5373 cOgnoverint.

482 5391 596 5445 Nm
612 5399 756 5448 enim
780 5396 882 5450 hoc
899 5395 1007 5451 illis
1030 5396 1095 5450 ad
1115 5394 1446 5455 ablutionem
1464 5406 1807 5467 peccatorum
1828 5398 2052 5454 sutiieit:

2161 5216 2375 5271 ἔσονται
2398 5216 2492 5268 τοῦ
2521 5215 2826 5286 παμφάγου
2861 5217 3059 5287 τροφή.
3105 5218 3196 5271 Ἐν
3227 5217 3318 5291 Ean
3340 5218 3398 5270 δὲ
3428 5218 3598 5290 μοίρᾳ
3628 5219 3741 5273 κεί-

2166 5324 2348 5362 σονται
2391 5307 2542 5379 παρά
2586 5305 2706 5377 Θεῷ
2738 5308 2834 5361 καὶ
2880 5310 2930 5361 ei
2974 5308 3255 5372 ποιοῦντες
3299 5310 3511 5380 ἄνομα,
3548 5312 3663 5366 κᾶν
3691 5314 3741 5364 ει

2162 5399 2498 5471 ἐγκρίνοιντο
2528 5399 2689 5469 τυχὸν
2722 5403 2835 5463 τοῖς
2871 5400 3262 5454 πεπιστευκόσι
3291 5403 3385 5455 καὶ
3426 5403 3741 5473 ἐξειλεγμέ-

550 5591 804 5671 ξέοιιειιι.
848 5613 941 5671 xn,
992 5599 1038 5665 i,
1072 5599 1124 5657 2.
1208 5603 1466 5671 ‘lbid.’3,
1513 5604 1565 5658 4.
1644 5604 1664 5634 ⁸
1707 5602 1811 5658 lsa.
1858 5618 1944 5670 XL,
1990 5604 2044 5658 6.

2184 5602 2224 5655 li
2268 5601 2410 5656 Petr.
2460 5617 2543 5665 ιιι,
2586 5600 2672 5655 10.
2755 5600 2773 5630 ⁷
2815 5599 2971 5654 Rom.
3019 5615 3054 5662 t,
3097 5598 3186 5653 25.
3266 5602 3283 5629 "
3320 5601 3517 5655 lJoan.
3561 5602 3741 5668 11,19.

469 5652 560 5715 ’Ἷ
602 5661 745 5718 i’etr.
790 5681 849 5731 ιι,
894 5652 943 5720 υξ
