4042 6196
431 260 540 316 359

1472 254 1532 310 3.
1573 249 1849 310 CYBILLI
1890 245 2368 305 ALEXANDNNI
2407 243 2730 301 ABCHIEP.

3615 245 3729 301 3(ιο

432 372 577 439 giam
631 366 978 426 felicissimos
1023 383 1089 424 ac
1141 368 1441 436 sapientes,
1495 375 1843 436 mentemque
1903 364 2024 434 ejus

2129 361 2447 432 ἀπορρήτου
2484 357 2876 430 μυσταγωγίας
2900 357 3333 428 εὐτυχεστάτους
3363 355 3442 428 (1)
3473 358 3725 432 ἀπέφηνα

433 461 741 529 cognitione
795 461 1011 528 plenam
1060 458 1324 514 habentes
1373 457 1573 512 ell'ecit.
1625 458 1824 513 Verum
1862 457 2029 512 etiam

433 555 499 609 ad
533 556 673 608 hunc
702 553 1042 622 splendorem
1069 552 1308 614 adducti,
1342 569 1359 603 ι
1384 551 1448 605 Et
1477 552 1675 606 divites
1709 550 1857 614 facti,
1876 551 2029 620 juxta

433 645 655 699 verbum
704 645 847 699 beati
897 643 1074 709 Pauli,
1114 644 1165 697 in
1201 643 1347 698 omni
1387 657 1661 704 sermone,
1702 650 1756 695 et
1789 643 1841 696 in
1883 638 2030 694 omni

431 736 682 799 scientia,
743 746 798 789 et
855 741 907 790 in
960 735 1107 790 omni
1159 736 1421 804 sapientia
1458 735 1534 802 ",
1605 735 1850 788 videmus
1890 747 2034 787 nunc

434 832 486 881 itt
551 828 772 896 Speculo
835 837 891 881 et
942 829 994 881 in
1044 829 1364 897 aenigmate,
1419 835 1475 882 et
1537 828 1917 898 cognoscimus
1964 842 2030 880 ex

431 928 584 985 parte
607 917 666 971 ‘9.
683 918 848 988 867
861 916 1050 971 Veniet
1070 929 1250 971 autem
1266 918 1557 986 aliquando
1575 918 1716 986 quod
1734 917 2032 985 perfectum

430 1019 516 1064 BSt
543 1009 604 1070 ",
640 1028 658 1060 ι
706 1021 753 1063 et
796 1021 905 1060 tum
945 1009 1264 1074 plenissime
1298 1007 1576 1065 Christum
1608 1022 2027 1078 cognoscemus,

431 1114 556 1155 eum
599 1101 794 1152 iterum
826 1100 892 1152 de
922 1099 1062 1152 cado
1107 1100 1263 1153 nobis
1312 1099 1576 1163 illucebit,
1619 1118 1636 1150 ι
1669 1108 1722 1152 et
1749 1097 2034 1152 evacuabit

447 1190 591 1260 quod
624 1206 686 1242 cx
720 1199 871 1257 parte
903 1201 986 1243 est
1008 1190 1077 1252 ’⁸,
1105 1208 1123 1240 ι
1159 1199 1214 1243 ct
1240 1192 1607 1261 cognitionem
1637 1191 1688 1244 iit
1728 1190 1949 1258 speculo
1977 1199 2034 1245 et

431 1283 743 1349 aenigmate,
789 1291 842 1335 et
886 1291 1142 1350 tanquam
1193 1283 1551 1349 perfectiores
1587 1282 1932 1346 illuminabit,
1977 1291 2032 1336 et

433 1373 618 1428 dtvtna
642 1375 875 1442 quadam
897 1385 1064 1442 atqtte
1093 1373 1350 1427 inetl'abili
1381 1375 1502 1428 luce
1528 1383 1763 1428 mentem
1781 1374 2029 1443 replebit,

434 1475 488 1521 et
530 1463 763 1532 Spiritus
804 1468 977 1520 sancti
1035 1466 1302 1521 effusione
1347 1467 1698 1520 exltilarabit.
1752 1467 1842 1520 Ait
1886 1467 2030 1521 enim

432 1559 652 1613 divinus
683 1559 885 1613 l‘aulus
913 1577 927 1612 :
965 1579 984 1612 ι
1022 1559 1148 1614 Sive
1177 1561 1472 1629 prophetiae
1517 1562 1947 1624 evacuabuntur,
1979 1569 2032 1614 et

433 1652 673 1708 scientia:
721 1653 1015 1707 cessabunt
1059 1654 1126 1708 ¹¹.
1172 1652 1289 1706 Non
1346 1664 1599 1720 putamus
1645 1663 1826 1708 autem
1866 1668 1964 1708 nos
1999 1669 2028 1706 a

2135 455 2228 508 καὶ
2263 453 2711 523 σεσοφισμένους,
2757 449 3014 522 ἔμπλεών
3061 468 3122 503 τε
3164 449 3258 504 τὸν
3288 450 3415 504 νοῦν
3452 450 3556 522 τῆς
3593 461 3725 526 περι

2133 546 2300 601 αὐτοῦ
2335 545 2588 615 γνώσεως
2625 543 2868 614 ἔχοντας.
2905 543 3054 618 θὴν
3086 544 3181 596 καὶ
3212 545 3292 606 εἰς
3321 543 3481 598 τοῦτο
3506 545 3726 616 φαιδρο-

2133 655 2297 710 τητος
2344 638 2818 709 παρενηνεγμένοι
2843 679 2857 701 ,
2899 655 2918 686 ‹
2955 634 3416 707 πεπλουτισμένοι
3457 654 3540 700 τε,
3579 637 3730 692 καθά

2135 747 2302 800 φησιν
2355 732 2382 782 ὁ
2420 729 2692 799 μακάριος
2741 726 2976 790 Παῦλος,
3018 728 3075 778 ἐν
3111 727 3272 778 παντὶ
3322 726 3486 798 λόγῳ,
3537 729 3632 780 καὶ
3667 730 3728 782 ἐν

2134 822 2283 892 πάσῃ
2316 819 2533 889 γνώσει,
2573 819 2666 872 καὶ
2707 821 2766 872 ἐν
2811 818 2958 888 πάσῃ
2995 817 3178 888 σοφίᾳ,
3212 817 3482 888 βλέπομεν
3509 818 3637 890 ἄρτι
3669 821 3731 872 ἐν

2135 911 2387 980 ἐσόπτρῳ
2428 909 2522 962 καὶ
2551 909 2858 978 αἰνίγματι,
2890 909 2984 962 καὶ
3013 907 3358 977 γινώσκομεν
3398 910 3460 960 ἐκ
3497 910 3726 979 μέρους.

2135 1003 2296 1068 ’Ἥξει
2329 1003 2384 1056 δὲ
2417 1002 2557 1056 κατά
2592 1003 2818 1073 καιροὺς
2864 1001 2925 1054 τὸ
2969 1001 3196 1063 τέλειον,
3233 1020 3251 1051 ι
3291 1001 3385 1054 καὶ
3427 1002 3485 1054 ἐν
3517 1003 3729 1073 πληρε-

2137 1099 2309 1168 στάτη
2357 1097 2543 1150 λοιπον
2591 1097 2829 1166 ἐσόμεθα
2863 1095 3063 1163 γνώσει
3105 1094 3364 1164 Χριστοῦ,
3403 1095 3564 1148 πάλιν
3592 1092 3760 1169 ἡμὶν

2136 1189 2197 1255 ἐξ
2225 1190 2471 1262 οὐρανῶν
2507 1189 2914 1260 ἐπιλάμψαντος
2935 1231 2950 1255 ,
2991 1207 3010 1239 ι
3052 1187 3147 1242 καὶ
3180 1188 3584 1260 κατοίργοῦντος
3626 1192 3732 1262 μέν

2136 1283 2287 1337 τὸέκ
2323 1284 2544 1354 μέρους,
2581 1303 2598 1334 ι
2640 1285 2732 1336 καὶ
2764 1283 2860 1353 τὴν
2913 1283 2970 1334 ἐν
3010 1281 3262 1354 ἐσόπτρῳ
3312 1284 3405 1335 καὶ
3439 1283 3732 1354 αἰνίγματι

2136 1377 2361 1445 γνῶσιν,
2396 1377 2851 1448 καταλάμποντος
2879 1376 2937 1428 δὲ
2962 1375 3151 1446 ῶσπερ
3183 1377 3296 1439 τοῖς
3323 1375 3729 1448 τελειωτέροις,

2133 1469 2229 1522 καὶ
2259 1468 2402 1521 θείου
2431 1469 2576 1533 τινὸς
2601 1470 2696 1522 καὶ
2729 1469 3042 1540 ἀπορρήτου
3069 1467 3244 1537 φωτὸς
3272 1469 3731 1538 ἀναπιμπλάντος

2133 1563 2224 1616 τὸν
2263 1562 2410 1627 νοῦν,
2463 1563 2557 1616 καὶ
2591 1565 2656 1633 τῇ
2690 1561 2783 1614 τοῦ
2815 1561 2975 1629 ἁγίου
3008 1560 3327 1630 Πνεύματος
3358 1561 3514 1630 χύσει
3553 1578 3729 1614 κατα-

2135 1654 2544 1725 φαιδρύνοντος.
2577 1655 2720 1724 Ἔφη
2775 1653 2874 1722 μὲν
2907 1652 3018 1723 γὰρ
3062 1654 3091 1705 ὁ
3137 1651 3425 1716 Θεσπέσιος
3472 1653 3686 1717 Παῦλος
3713 1669 3726 1680 ·

433 1747 744 1814 cegnitione
792 1762 858 1801 ex
923 1757 1076 1814 parte
1144 1747 1210 1800 ad
1263 1747 1399 1799 nihil
1454 1761 1680 1815 prorsus
1745 1748 2024 1802 sciendum

2141 1763 2158 1794 (
2202 1745 2322 1796 Εἴτε
2350 1743 2406 1796 δὲ
2434 1746 2764 1815 προφητεῖαι
2795 1742 3334 1814 καταργηθήσονται,
3374 1744 3467 1796 καὶ
3493 1743 3732 1812 γνώσεις

432 1853 806 1907 processuros,
833 1839 1059 1892 multum
1087 1840 1262 1894 abest.
1294 1839 1510 1907 Alioqui
1544 1839 1813 1906 quomodo
1837 1838 2032 1894 futura:

432 1933 544 2002 spei
565 1941 775 2002 tempus
793 1941 1106 1986 sanctorum
1133 1933 1418 1986 animabus
1441 1947 1550 1985 non
1579 1931 2031 1985 detrimentosum

429 2027 556 2091 erit,
589 2027 632 2079 si
661 2028 879 2095 penitus
907 2026 1076 2079 etiam
1118 2041 1238 2094 quae
1276 2026 1541 2080 habemus
1583 2026 1838 2080 amittere
1867 2040 2030 2094 opor-

431 2118 586 2181 tebit,
642 2133 748 2171 non
799 2117 1026 2171 meliora
1081 2115 1440 2185 acquirendo,
1497 2130 1606 2169 non
1660 2115 1726 2169 ad
1775 2115 2029 2185 quiddam

430 2208 715 2263 sublimius
751 2218 985 2263 mentem
1013 2208 1344 2272 extollendo,
1379 2208 1472 2260 sed
1517 2207 1804 2261 vendendo
1852 2209 2031 2277 potius

335 2343 350 2362 ,
429 2301 592 2361 etiam
627 2301 741 2370 jam
792 2309 846 2354 et
893 2316 998 2353 non
1048 2301 1185 2353 citra
1240 2298 1686 2368 defatigationem
1737 2298 2030 2369 aliquando

430 2389 742 2458 acquisita?
795 2390 1216 2448 Evacuabuntur
1261 2399 1444 2468 aptent
1492 2399 1546 2444 ct
1585 2391 1916 2458 prophetize,
1975 2400 2031 2445 et

430 2470 663 2536 cessabit
695 2482 963 2547 scientia,
1012 2497 1134 2536 cum
1182 2481 1440 2536 nimirum
1486 2482 1775 2536 animabus
1829 2482 2030 2537 nostris

432 2571 522 2625 illa
551 2574 991 2641 superexcellens
1031 2588 1092 2628 se
1132 2573 1514 2627 insinuaverit.
1560 2571 2027 2639 Quemadmodum

430 2662 576 2718 enim
601 2665 644 2716 si
671 2665 793 2733 quis
828 2679 931 2717 una
967 2665 1016 2718 in
1047 2665 1208 2719 domo
1240 2665 1460 2721 lucente
1498 2665 1743 2732 lucerna,
1769 2676 1824 2720 et
1857 2666 2031 2722 modi-

431 2769 554 2808 cum
602 2756 776 2824 ipsam
829 2756 1167 2812 intuentibus
1211 2757 1392 2812 lumen
1425 2757 1686 2813 fundente
1728 2757 2026 2828 lampadem

431 2847 697 2914 intulerit,
758 2863 984 2903 necesse
1036 2850 1141 2903 erit
1192 2851 1416 2905 omnino
1467 2850 1645 2905 lumen
1704 2851 1832 2904 illud
1878 2853 2029 2920 prius

431 2947 639 2990 tantum
689 2953 793 2991 non
841 2938 1074 2992 otiosum
1115 2954 1179 2992 ac
1209 2940 1414 2993 nullum
1456 2955 1598 3004 esse,
1641 2940 1844 2994 cedens
1883 2941 2030 2993 vidc-

430 3029 559 3082 licet
606 3029 957 3084 immcnsitati
999 3031 1219 3099 majoris
1261 3047 1274 3082 :
1319 3039 1374 3086 et
1411 3032 1555 3085 sicut
1603 3031 1716 3086 sole
1768 3034 2026 3084 mundum

2138 1835 2458 1890 παύσονται.
2498 1855 2516 1888 ι
2560 1835 2746 1906 Φαμὲν
2789 1836 2847 1888 δὲ
2884 1836 2984 1888 οὐκ
3032 1836 3140 1889 ἀπὸ
3180 1835 3274 1889 τοῦ
3327 1836 3623 1905 γινώσκειν
3660 1841 3729 1890 ἐκ

2141 1929 2345 2001 μέρους
2373 1929 2465 1981 ἐπί
2493 1928 2555 1982 τὸ
2585 1927 2832 1999 μηδόλως
2856 1929 3058 1982 εἰδέναι
3075 1945 3128 1981 τι
3154 1927 3504 1999 βαδιούμεθα,
3524 1931 3726 1983 πολλοῦ

2141 2037 2206 2087 γε
2239 2019 2331 2073 καὶ
2363 2019 2464 2073 δεῖ.
2497 2021 2650 2073 Ἐπεὶ
2679 2021 2799 2080 τίνα
2827 2020 3026 2092 τρόπον
3057 2023 3085 2075 ὁ
3114 2020 3216 2092 τῆς
3245 2021 3544 2094 μελλούσης
3568 2009 3722 2076 ἐλπί-

2134 2113 2224 2176 δος
2269 2113 2459 2185 καιρὸς
2514 2114 2574 2166 οὐ
2615 2113 2753 2183 πρὸς
2795 2111 3002 2183 ζημίας
3044 2114 3197 2167 ἔσται
3241 2119 3361 2179 ταῖς
3397 2116 3504 2169 τῶν
3549 2118 3722 2186 ἁγίων

2132 2206 2353 2275 ψυχαῖς,
2379 2208 2426 2258 εἰ
2458 2207 2562 2276 χρὴ
2593 2205 2808 2269 πάντως
2832 2206 2926 2259 καὶ
2954 2200 3028 2259 ὧν
3054 2206 3120 2260 ἂν
3152 2206 3374 2278 ἔχοιμεν
3411 2210 3722 2265 ἁπολισϐεῖν

2133 2299 2192 2351 οὐ
2241 2297 2310 2350 τά
2357 2299 2568 2367 ἀμείνω
2598 2299 3012 2369 κερδαίνοντας,
3059 2300 3158 2352 οὐκ
3193 2301 3285 2353 ἐπί
3313 2318 3365 2354 τι
3410 2302 3518 2354 τῶν
3548 2304 3722 2376 ὑπερ-

2134 2391 2404 2460 κειμένων
2429 2390 2606 2455 ἱέντας
2635 2392 2727 2445 τὺν
2753 2392 2908 2446 νοῦν’
2943 2393 3412 2464 ἀπεμπωλοῦντας
3434 2395 3491 2448 δὲ
3517 2396 3721 2465 μᾶλλον

2133 2485 2228 2538 καὶ
2255 2485 2315 2537 τὸ
2339 2485 2440 2555 1ήδη
2477 2486 2881 2557 πεπορισμένον
2903 2486 3001 2539 οὐκ
3033 2485 3430 2558 ἀταλαιπώρως
3452 2488 3563 2541 ἔσθ’
3590 2491 3718 2554 δτες

2136 2577 2665 2650 Καταργηθήσονται
2720 2579 2812 2631 καὶ
2872 2581 3221 2648 προφητεῖαι,
3279 2579 3620 2633 πεπαύσεται
3659 2581 3721 2634 δὲ

2134 2672 2229 2725 καὶ
2249 2653 2473 2740 γνῶσις,
2490 2669 2980 2742 ἐπεισκρινομένης
3003 2669 3247 2742 δηλονότι
3276 2672 3395 2733 ταῖς
3419 2672 3721 2742 ἡμετέραις

2133 2761 2330 2833 ψυχαῖς
2373 2765 2472 2833 τῆς
2507 2762 2646 2831 ἄγαν
2674 2761 3095 2832 ὑπερκειμένης.
3126 2761 3338 2832 Ὥσπερ
3382 2763 3490 2832 γὰρ
3539 2764 3592 2816 ei‘
3634 2781 3722 2826 τις

2134 2853 2252 2916 ἐνὸς
2297 2854 2354 2904 ὲν
2397 2853 2530 2923 οἰκῳ
2565 2853 2847 2921 φαίνοντος
2879 2852 3098 2921 λύχνου,
3126 2851 3220 2904 καὶ
3249 2851 3476 2922 μετρίαν
3514 2853 3570 2908 ἐν
3603 2857 3721 2917 τοῖς

2133 2945 2296 2996 αὑτὸν
2344 2944 2545 3015 ὁρῶσιν
2588 2944 2759 3008 ἱέντος
2808 2944 3004 3016 αὐγὴν,
3054 2945 3390 3014 εἰσκομίσειε
3437 2946 3717 3018 λαμπάδα,

2135 3033 2287 3086 πᾶσά
2320 3051 2437 3097 πως
2469 3035 2686 3106 ἀνάγκη
2722 3035 3006 3106 μονονουχὶ
3027 3037 3120 3089 καὶ
3150 3037 3454 3107 ἀπρακτεῖν
3477 3038 3539 3091 τὸ
3569 3040 3718 3092 ἐκεί-

429 3122 736 3175 illustrante
776 3121 1082 3175 imbecillus
1123 3122 1404 3175 stellarum
1453 3122 1632 3192 fulgor
1680 3123 2024 3191 relinquitur,

2134 3142 2222 3178 νου
2253 3125 2368 3194 φῶς
2393 3125 2491 3197 τὴν
2528 3102 2598 3197 τῇγ
2623 3102 2734 3180 τόδ’
2770 3102 3017 3196 μείζονος
3059 3102 3298 3201 ἀμετρίᾳ
3325 3129 3714 3207 παραχωροῦν·

427 3211 508 3265 sic
554 3211 822 3264 lucidiore
855 3211 1009 3265 nobis
1054 3213 1286 3266 scientia
1337 3223 1648 3281 apportata,
1703 3214 1884 3268 minor
1931 3217 2029 3270 ali—

428 3305 646 3370 quando
690 3302 1066 3356 evacuabitur.
1104 3305 1196 3356 Ait
1243 3313 1298 3356 et
1349 3303 1602 3361 Christus
1637 3307 1842 3360 sanctis
1894 3323 2024 3376 apo-

426 3393 581 3447 stolis
609 3411 624 3448 :
659 3412 677 3446 ι
703 3392 827 3448 llaec
855 3394 907 3448 in
942 3396 1248 3463 proverbiis
1281 3397 1492 3454 locutus
1523 3414 1641 3455 sum
1676 3399 1850 3454 vobis.
1871 3398 2030 3455 Venit

428 3487 582 3551 hora,
625 3488 839 3556 quando
871 3501 979 3542 non
1006 3487 1116 3554 jam
1150 3490 1200 3542 itt
1256 3491 1562 3559 proverbiis
1606 3490 1799 3560 loquar
1849 3491 2024 3556 vobis,

427 3579 520 3632 sed
579 3579 756 3646 palam
810 3579 875 3633 de
928 3577 1090 3634 Patre
1144 3595 1266 3635 meo
1323 3582 1663 3636 annuntiabo
1719 3583 1872 3636 vobis
1897 3584 1961 3634 ".
2001 3602 2020 3635 ι

425 3670 790 3737 Quamobrem
817 3674 1024 3726 sanetis
1045 3674 1136 3741 qui
1159 3688 1353 3726 nomen
1376 3673 1468 3727 Dei
1491 3674 1688 3728 eximie
1711 3674 2023 3741 timuerunt,

423 3771 478 3814 et
535 3761 714 3814 adhuc
769 3775 1056 3827 corporum
1112 3764 1306 3816 inclusi
1365 3767 1719 3832 compagibus
1766 3765 1822 3818 in
1879 3767 2024 3820 omni

426 3863 629 3918 genere.
685 3851 902 3905 virtutis
965 3853 1153 3906 sedulo
1221 3853 1619 3921 elaborarunt,
1678 3855 1848 3909 instar
1898 3857 2026 3910 solis

423 3940 708 4008 cujusdam
751 3943 978 4011 justitite
1009 3943 1264 3998 Christus
1307 3945 1574 4010 illucebit,
1613 3945 2024 4013 perfectissimte

425 4033 672 4088 scicntia!
720 4036 903 4089 radios
954 4037 1282 4101 itumittens,
1335 4047 1389 4091 et
1450 4052 1772 4106 quacunque
1831 4039 2025 4094 anima:

425 4125 798 4179 imbecillitate
837 4141 900 4178 ac
947 4125 1207 4194 languore
1242 4143 1334 4180 eos
1371 4127 1578 4190 levans,
1619 4137 1672 4180 et
1711 4141 1740 4180 a
1793 4128 2022 4196 pristina

426 4216 779 4270 tribulatione
828 4216 1146 4286 longissime
1196 4217 1534 4288 disjuugens.
1588 4216 1702 4273 llo‘e
1757 4220 1901 4274 enim
1941 4228 2024 4274 cst

424 4303 569 4376 quod
599 4307 712 4361 ait:
749 4325 768 4358 t
807 4307 1028 4364 Sanitas
1062 4319 1143 4364 est
1188 4311 1240 4363 in
1281 4311 1402 4378 alis,
1432 4303 1531 4365 "seu
1567 4311 1761 4382 pennis
1788 4311 1905 4382 ejus
1942 4297 1955 4365 ι
1995 4330 2014 4364 ι

2131 3220 2224 3270 καὶ
2254 3218 2443 3288 ὥσπερ
2486 3219 2638 3288 ἡλίου
2686 3218 2785 3291 τὴν
2827 3220 2917 3274 ὑπ’
2963 3220 3190 3292 οὐρανὸν
3241 3222 3714 3288 καταυγάζοντος,

2131 3308 2367 3378 ἀδρανὴς
2434 3309 2534 3381 ἤδη
2589 3327 2706 3373 πως
2767 3312 2798 3380 ἡ
2865 3309 2971 3363 τῶν
3033 3311 3277 3382 ἀστέρων
3326 3312 3716 3368 ἀπολέλειπται

2129 3402 2451 3473 λαμπρότης
2469 3419 2482 3433 ·
2514 3402 2656 3456 οῦτω
2684 3402 3044 3475 φαιδροτέρας
3067 3405 3198 3474 ἡμῖν
3221 3389 3714 3478 εἰσκεκομισμένης

2129 3493 2383 3562 γνώσεως
2412 3493 2892 3564 καταργηθήσεταί
2928 3512 3044 3558 πως
3079 3497 3110 3565 ή
3145 3495 3486 3568 iaciam/fliam
3522 3498 3578 3551 δέ
3611 3517 3713 3552 που

2130 3584 2225 3638 καὶ
2274 3586 2301 3637 ὁ
2345 3587 2582 3656 Χριστὸς
2615 3590 2724 3649 τοῖς
2769 3585 2943 3653 ἁγίοις
2976 3587 3330 3652 ἀποστόλοις·
3377 3611 3395 3640 ι
3435 3591 3620 3644 Ταῦτα
3656 3593 3713 3643 ἐν

2131 3677 2455 3749 παροιμίαις
2488 3677 2760 3748 λελάληκα
2783 3680 2929 3748 ὑμῖν.
2961 3680 3224 3751 Ἔρχεται
3245 3681 3383 3752 ὥρα,
3410 3684 3499 3737 ὅτε
3529 3684 3709 3738 οὐκέτι

2109 3772 2188 3837 ,ἐν
2222 3770 2543 3841 παροιμίαις
2576 3771 2794 3841 λαλήσω
2829 3771 2967 3842 πρὸς
3009 3773 3190 3842 ὑμᾶς·
3237 3774 3350 3828 ἀλλ’
3391 3775 3450 3827 ἐν
3493 3778 3708 3846 παρρη-

2129 3863 2221 3933 σίᾳ
2261 3865 2388 3934 περὶ
2423 3863 2516 3916 τοῦ
2548 3864 2761 3935 Πατρὺς
2787 3865 3074 3931 ἀναγγελῶ
3111 3866 3259 3936 ὑμῖν.
3299 3884 3317 3916 ι
3361 3867 3572 3920 Οὐκοῦν
3599 3871 3710 3930 τοῖς

2126 3955 2322 4022 ἁγίοις,
2343 3955 2391 4007 οἳ
2424 3959 2518 4007 καὶ
2543 3956 2746 4025 σφόδρα
2775 3957 3113 4027 πεφόϐηνται
3134 3958 3196 4010 τὸ
3221 3957 3393 4028 ὄνομα
3422 3957 3523 4024 τοῦ¹
3548 3958 3710 4024 Θεοῦ,

2127 4046 2222 4098 καὶ
2261 4045 2480 4114 ἀπάσης
2517 4047 2716 4116 ἀρετῆς
2770 4047 3102 4118 ἐπιμεληταὶ
3145 4049 3432 4117 γεγόνασιν
3475 4049 3534 4119 ἐν
3575 4048 3711 4120 τῷδι

2108 4136 2202 4207 ’τῷ
2232 4137 2423 4208 κόσμῳ
2464 4137 2700 4208 Χριστὸς
2731 4138 3062 4210 ἀναλάμψει,
3099 4139 3351 4211 καθάπερ
3382 4158 3466 4207 τις
3499 4144 3707 4200 δικαιοο

2126 4229 2291 4301 σύνης
2341 4229 2492 4301 ἥλιος
2546 4230 2643 4302 τῆς
2688 4232 3032 4304 τελειοτάτης
3082 4231 3331 4302 γνώσεως
3385 4233 3484 4299 τὰς
3535 4237 3708 4305 αὐγὰς

2123 4324 2316 4390 ἐνιεὶς,
2375 4324 2472 4378 καὶ
2535 4324 2756 4396 ἀπάσης
2810 4327 3008 4389 αὐτοὺς
3060 4326 3418 4381 ἀπαλλάττων
3465 4329 3705 4399 ψυχικῆς

429 4399 584 4468 quasi
620 4399 688 4453 de
731 4400 928 4469 aquilis
967 4411 1022 4455 et
1053 4402 1216 4468 pullis
1257 4419 1444 4457 carum
1481 4404 1816 4474 loqueretur,
1858 4404 2016 4474 juxta

2128 4417 2433 4491 ἀρρωστίας
2454 4459 2468 4482 ,
2516 4418 2611 4471 καὶ
2645 4417 2879 4488 θλίψεως
2930 4419 3031 4488 τῆς
3073 4420 3306 4491 ἀρχαίας
3338 4419 3412 4482 ὡς
3434 4421 3704 4475 ἀπωτάτω

421 4489 551 4545 illud
577 4490 696 4545 sine
723 4491 904 4557 dubio,
941 4496 1083 4562 quod
1111 4510 1205 4562 per
1236 4494 1423 4549 Mosen
1454 4497 1916 4565 sapientissimum
1946 4500 2013 4554 de

425 4586 552 4651 Deo,
581 4595 634 4640 et
658 4586 723 4640 de
755 4587 1000 4643 liberatis
1023 4590 1090 4643 ab
1113 4586 1351 4660 Egypto
1374 4589 1641 4658 prolatum
1673 4601 1755 4644 est
1779 4609 1792 4645 :
1820 4610 1839 4642 ι
1860 4592 2013 4647 Sicut

420 4675 601 4743 aquila
627 4679 905 4744 cooperiet
928 4680 1111 4733 nidum
1159 4696 1342 4735 suum.
1383 4680 1708 4748 Expandens
1737 4681 1851 4737 alas
1880 4697 2008 4738 suas

419 4767 659 4832 suscepit
686 4781 780 4822 eos
823 4769 895 4824 ³³.
929 4785 952 4822 ι
990 4770 1110 4824 Erit
1157 4771 1348 4840 igitur,
1393 4773 1588 4841 inquit,
1649 4790 1668 4824 ι
1709 4775 1917 4830 sanitas
1950 4776 2006 4832 in

419 4857 613 4925 pennis
649 4855 786 4923 ejus.
818 4876 838 4910 ι
897 4859 952 4913 In
999 4863 1102 4915 hoc
1151 4863 1295 4916 enim
1333 4864 1534 4919 saeculo
1577 4865 1912 4921 exsultantes
1951 4868 2006 4924 its

420 4945 578 5003 nobis
603 4946 789 5002 carnis
820 4958 995 5006 motus
1029 4967 1360 5021 magnopere
1396 4955 1686 5022 sentimus,
1716 4957 1807 5026 qui
1853 4971 2005 5012 meno

420 5051 528 5096 tem
557 5041 625 5097 ad
653 5041 1002 5098 ineoncessas
1034 5044 1207 5116 868
1235 5045 1543 5117 voluptates
1568 5051 1927 5119 exsuscitant,
1951 5059 2009 5108 et

417 5140 572 5196 servit
611 5139 664 5195 in
711 5138 973 5196 membris
1023 5143 1228 5196 nostris
1261 5143 1469 5212 peccati
1519 5143 1608 5200 lex
1653 5143 1721 5209 “,
1759 5147 2006 5214 quatnvis

415 5231 633 5288 Christo
657 5232 948 5304 adiuvante
987 5243 1298 5289 sanctorum
1325 5236 1701 5292 moderatione
1733 5235 2002 5292 interdum

457 5409 556 5482 "gl
597 5413 726 5468 Cor.
769 5429 806 5477 ι,
847 5413 898 5468 5.
944 5415 1032 5470 “'l
1065 5415 1188 5472 Cor.
1234 5431 1355 5482 sttt,
1403 5415 1488 5470 12.
1534 5417 1575 5450 ¹⁹
1608 5415 1741 5471 ibid.
1787 5415 1879 5471 10.
1918 5415 1962 5446 ’⁸
1995 5416 2024 5470 ll

2128 5461 2130 5468 ,
2173 5419 2214 5449 ¹¹
2243 5418 2373 5473 11)1ι1.
2415 5419 2470 5472 8.

333 5481 336 5488 ’
417 5475 463 5505 ⁸⁸
499 5479 653 5536 lium.
690 5475 799 5546 γη,
826 5485 916 5538 ‘23.

2121 4509 2314 4573 τιθείς.
2346 4509 2520 4563 Τοῦτο
2546 4508 2655 4581 γάρ
2685 4511 2802 4562 ἐστι
2831 4508 2923 4562 τό·
2963 4529 2980 4560 ι
3009 4510 3180 4573 Ἴασις
3209 4510 3268 4562 ἐν
3298 4511 3419 4572 ταῖς
3448 4509 3705 4582 πτέρυξιν

2119 4600 2289 4655 αὺτοῦ
2313 4617 2328 4631 ·
2359 4596 2472 4655 οἷον
2511 4601 2586 4665 ὼς
2639 4602 2728 4654 ἐπ’
2758 4600 2918 4655 ἀετοῦ
2962 4601 3054 4656 καὶ
3111 4601 3340 4656 νεοττῶν
3392 4604 3702 4674 εἰρημένον,

2115 4695 2236 4748 κατ’
2266 4693 2443 4746 ἐκεῖνό
2483 4711 2584 4746 που
2629 4693 2868 4760 πάντως,
2915 4693 2978 4749 τὺ
3009 4693 3098 4749 8ιά
3139 4693 3236 4749 τοῦ
3269 4695 3547 4763 πανσόφου
3582 4695 3704 4750 Μω-

2113 4786 2256 4849 σέως
2286 4785 2614 4856 λελεγμένον
2653 4789 2788 4860 περὶ
2827 4787 2998 4855 θεοῦ,
3041 4788 3137 4842 καὶ
3177 4787 3286 4842 τῶν
3326 4786 3388 4853 te
3422 4787 3702 4858 Αἰγύπτου

2113 4877 2553 4950 λελυτρωμένων·
2579 4898 2598 4934 t
2620 4879 2706 4944 Ὦς
2738 4880 2895 4946 ἀετὸς
2925 4880 3192 4934 σκεπάσει
3227 4880 3450 4935 νοσσιὰν
3479 4878 3698 4935 ἑαυτοῦ·

2109 4965 2245 5029 διεὶς
2268 4968 2369 5030 τὰς
2398 4967 2677 5040 πτέρυγας
2701 4969 2888 5036 αὐτοῦ,
2933 4970 3152 5036 ἐδέξατο
3181 4969 3400 5034 αὐτούς.
3445 4989 3464 5022 ι
3504 4969 3701 5026 Ἔσται

2110 5059 2314 5122 τοίνυν,
2347 5061 2521 5131 φησὶ,
2559 5079 2578 5112 ι
2611 5063 2705 5116 καὶ
2737 5062 2878 5126 ἴασις
2918 5065 2978 5116 ἐν
3013 5065 3134 5127 ταῖς
3162 5062 3425 5134 πτέρυξιν
3451 5062 3636 5117 αὑτοῦ.
3675 5080 3695 5114 ι

2124 5150 2212 5204 Ἐν
2260 5148 2363 5220 μὲν
2406 5151 2514 5222 γὰρ
2561 5151 2640 5222 τῷ
2688 5152 2846 5206 αἰῶνι
2889 5153 3063 5226 τούτῳ
3104 5154 3257 5209 δεινά
3299 5154 3414 5218 πώς
3462 5157 3610 5209 ἐστιν
3641 5156 3700 5209 ἐν

2115 5243 2248 5313 ἡμῖν
2283 5243 2381 5312 τῆς
2407 5243 2610 5330 σαρκὸς
2640 5243 2708 5297 τά
2735 5247 3085 5316 σκιρτήματα
3103 5263 3116 5278 ·
3145 5245 3447 5317 καταθήγει
3473 5245 3582 5314 γὰρ
3608 5244 3698 5299 τὸν

2551 5420 2595 5450 "
2632 5419 2787 5474 Joan.
2831 5436 2941 5490 xvr,
2979 5421 3068 5477 25.
3111 5420 3156 5452 ”
3197 5420 3351 5474 Dent.
3399 5439 3569 5492 sum,
3615 5427 3694 5478 tl.

593 5613 890 5676 Cotclerius
922 5619 1186 5692 (Monum.
1255 5621 1400 5678 Ecrt.
1437 5619 1531 5676 Gr.
1567 5622 1589 5675 ι
1602 5621 1648 5691 1,
1707 5623 1831 5694 6l9)
1900 5624 2018 5696 conj

2187 5627 2641 5698 ἐντεχνεστάτονς
2701 5631 2784 5686 vel
2851 5634 3293 5703 ευτεχνοτάτους,
3336 5633 3690 5691 doctissimos.

415 5684 574 5743 Εῡιτ.
