4042 6196
285 273 391 327 361

1119 270 1672 333 COMMENTARIUS
1712 270 1779 328 IN
1821 272 2224 330 MALACIIIAM
2259 274 2701 334 PROPHETAM.

3450 286 3556 342 3’32

287 385 424 441 νοῦν
454 383 537 449 είς
569 379 831 450 ἐκτύπους
864 386 1087 457 ήδονὰς,
1115 389 1389 460 ἀγριαίνει
1417 389 1473 443 δὲ
1500 390 1556 442 ὲν
1580 390 1695 452 τοῖς
1722 387 1880 460 μέλε-

1990 389 2251 447 vincatur.
2295 389 2598 446 lnebriatur
2642 400 2820 446 autem
2858 392 3256 462 quodammodo
3293 413 3467 465 meus,
3504 412 3561 454 et

289 494 385 530 σιν
405 475 561 548 ὑμῶν
592 479 689 548 τῆς
717 476 990 549 ἁμαρτίας
1012 480 1040 532 6
1068 479 1251 550 νόμος,
1282 481 1317 551 ἢ
1348 481 1443 534 καὶ
1471 480 1688 534 νικᾶται
1718 479 1876 551 τυχὸν

284 567 383 622 διὰ
412 566 517 639 τῆς
546 568 656 621 τῶν
685 568 857 638 ἁγίων
883 571 1179 635 ἐπιεικείας
1216 571 1583 642 ἐπαμύνοντος
1612 571 1708 624 τοῦ
1739 572 1877 641 Χρι-

290 658 452 714 στοῦ.
499 659 853 730 Καταμεούει
893 660 950 714 δέ
984 678 1101 726 πως
1144 662 1173 714 6
1218 660 1343 727 νοῦς
1365 702 1378 727 ,
1415 663 1509 715 καὶ
1539 660 1659 716 καθ’
1695 661 1881 733 ἕτερον

289 752 502 822 τρόπον
528 751 924 824 πειραζόμενος
949 742 1054 807 ύπδ
1084 754 1273 809 παθῶν
1297 772 1309 786 ·
1351 754 1656 820 ἀλαζονεῖαί
1685 774 1743 809 τε
1772 756 1881 827 γὰρ

291 845 727 915 ἐπισκήπτουσι,
773 844 865 898 καὶ
901 845 1191 915 φιλοδοξίαι
1240 847 1536 918 κοσμικαὶ,
1567 848 1752 919 ὀργαὶ,
1788 848 1882 902 καὶ

292 936 694 1007 φιλοκέρδειαι,
711 939 806 991 καὶ
834 938 903 991 τὰ
927 937 1089 1010 ἕτερα
1114 938 1220 991 τῶν
1253 940 1461 993 κακῶν.
1482 940 1697 1012 Ἐπειδὴ
1714 940 1769 994 δὲ
1791 939 1881 993 τὸν

293 1029 605 1102 ἁρραὀῶνα
632 1030 726 1083 τοῦ
752 1030 1073 1102 Πνεύματος
1103 1030 1191 1086 διὰ
1224 1031 1463 1105 Χριστοῦ
1497 1034 1880 1104 πεπλουτήκα-

295 1141 428 1196 μεν,
457 1124 749 1196 εἰθίσμεθὰ
789 1144 849 1179 τε
881 1126 1307 1197 κατευμεγεθεῖν
1351 1128 1460 1182 τῶν
1492 1128 1701 1190 παθῶν,
1744 1128 1884 1199 πλὴν

299 1214 534 1287 ἱδρῶτος
565 1216 627 1269 ού
658 1216 800 1286 δίχα,
834 1216 974 1271 κατὰ
1000 1216 1059 1269 δέ
1093 1233 1157 1286 γε
1184 1218 1278 1271 τδν
1306 1218 1480 1273 αἰῶνα
1502 1218 1591 1272 τὸν
1621 1218 1885 1290 μέλλοντα

291 1307 490 1378 πλήρη
517 1310 617 1378 τῆς
649 1307 976 1377 Θεογνωσίας
1023 1307 1238 1379 ἔχοντες
1282 1309 1381 1381 τὴν
1410 1310 1605 1381 αὐγὴν,
1648 1309 1743 1363 καὶ
1787 1309 1884 1381 τὴν

288 1397 650 1469 τελειοτάτην
700 1398 801 1469 τῆς
857 1398 1066 1472 δωρεᾶς
1140 1399 1236 1453 τοῦ
1293 1400 1450 1470 ἁγίου
1530 1402 1885 1467 πλουτοῦντες

292 1488 645 1559 Πνεύματος,
672 1489 1075 1561 ἁποδυσάμενοί
1105 1509 1163 1544 τε
1203 1491 1302 1563 τὴν
1328 1492 1534 1565 φθορὰν
1564 1494 1657 1547 καὶ⁵
1691 1494 1761 1547 τὰ
1787 1496 1886 1566 τῆς

293 1579 510 1651 σαρκὸς
536 1579 706 1651 πάθη,
740 1580 858 1652 Θεῷ
907 1581 1243 1655 λατρεύομεν
1278 1583 1604 1654 ὁλοτρότιως,
1634 1585 1693 1638 ού
1727 1603 1884 1658 μερι-

292 1670 520 1741 ζόμενοι
550 1670 685 1742 πρὸς
707 1672 1004 1744 ἁμαρτίαν,
1034 1672 1157 1727 οὗτε
1188 1672 1296 1744 μὴν
1319 1674 1425 1728 ὑπό
1453 1691 1549 1727 του
1582 1675 1689 1728 τῶν
1715 1677 1882 1730 πάλαι

1984 480 2089 536 alio
2115 482 2272 537 modo
2308 498 2335 537 a
2369 481 2713 553 passionibus
2748 483 2957 538 irritata
2995 508 3006 540 :
3050 486 3261 541 irruunt
3292 491 3434 545 enim
3474 506 3547 545 ar-

1984 575 2265 644 rogantiae,
2297 583 2351 628 et
2390 588 2542 629 amor
2587 590 2733 631 vanae
2768 591 2831 631 ac
2880 580 3163 635 mundana:
3200 581 3403 651 gloriae,
3445 586 3560 649 ira,

1983 663 2116 719 lucri
2169 665 2420 729 aviditas,
2474 676 2525 721 et
2574 667 2691 722 aliae
2743 667 2959 723 demum
3015 678 3218 738 pestes.
3269 672 3561 751 Postquam

1984 764 2162 809 autem
2188 755 2411 826 pignore
2434 755 2667 825 Spiritus
2690 772 2785 827 per
2809 757 3086 814 Christum
3109 761 3264 816 dilati
3289 779 3476 817 sumus
3496 764 3562 830 ”,

1985 847 2214 901 domitas
2264 847 2465 901 habere
2516 849 2858 919 cupiditates,
2908 853 3157 920 quamvis
3212 853 3355 908 haud
3426 855 3564 909 citra

1985 937 2267 1004 sudorem,
2305 940 2706 1005 consuevimus,
2739 948 2792 995 et
2828 942 3122 997 secundum
3140 944 3563 1002 saeculumt'utu-

1985 1043 2104 1082 rum
2151 1027 2307 1098 plena
2351 1027 2471 1083 luce
2508 1027 2703 1083 divina:
2742 1032 3067 1099 cognitionis
3105 1036 3335 1103 pratditi,
3381 1036 3562 1107 perfe-

1985 1122 2167 1177 ctione
2197 1121 2324 1176 doni
2354 1121 2588 1192 Spiritus
2619 1122 2793 1176 sancti
2827 1122 3020 1179 divites
3055 1139 3264 1191 sumus,
3292 1134 3346 1181 et
3376 1141 3567 1183 corru-

1987 1210 2236 1280 ptionetn
2258 1210 2643 1279 passionesque
2669 1212 2851 1266 carnis
2878 1213 3150 1276 exuimus,
3168 1213 3277 1269 Deo
3295 1217 3566 1273 servimus

1985 1301 2331 1369 omnimodis,
2377 1316 2482 1356 non
2518 1301 2674 1357 divisi
2707 1313 2927 1374 pr0pter
2959 1315 3273 1374 peccatum,
3308 1323 3484 1377 neque
3532 1325 3561 1360 ι

1988 1390 2261 1446 veteribus
2284 1392 2630 1461 passionihus
2665 1394 2874 1465 agitati,
2911 1396 3005 1450 sed
3045 1396 3217 1452 instar
3253 1408 3565 1454 sanctorum

1986 1479 2296 1548 angelorum
2317 1495 2503 1548 puram
2522 1491 2576 1535 et
2593 1480 2930 1537 innocentem
2949 1487 3114 1539 vitam
3133 1486 3402 1543 ducimus.
3417 1486 3569 1544 Scri-

1986 1575 2136 1637 ptum
2160 1576 2242 1621 est
2262 1569 2405 1622 enim
2433 1569 2500 1624 de
2526 1572 2746 1635 sanctis,
2771 1573 2912 1640 quod
2930 1573 3316 1631 obliviscentur
3342 1578 3568 1634 tribula—

1990 1660 2150 1714 tionis
2171 1675 2281 1715 sua:
2301 1670 2477 1715 etnon
2500 1663 2753 1717 ascendet
2777 1666 2827 1717 in
2846 1679 2940 1718 cor
2960 1680 3168 1721 eorum.
3191 1686 3210 1718 ι
3233 1667 3348 1723 Erit
3363 1677 3565 1732 autem.

293 1761 491 1815 παθῶν
524 1762 920 1833 ἐνοχλούμενοι,
966 1763 1080 1818 ἀλλ’
1125 1766 1182 1817 έν
1231 1764 1320 1835 ἴση
1363 1765 1515 1831 τάξει
1562 1767 1675 1829 τοῖς
1707 1765 1882 1834 ἁγίοις

1990 1751 2184 1820 inquit,
2216 1751 2399 1807 laetitia
2428 1755 2757 1823 sempiterna
2786 1770 2951 1824 super
2975 1759 3152 1826 capita
3182 1773 3396 1824 eorum,
3426 1759 3564 1826 laus,

293 1854 557 1924 ἀγγέλοις
598 1855 691 1908 τὸν
732 1855 972 1927 καθαρὸν
1013 1857 1109 1910 καὶ
1161 1856 1419 1927 ἀπήμονα
1456 1854 1698 1927 βιοῦντες
1746 1857 1879 1927 βίον.

300 1947 620 2019 Γέγραπται
650 1946 756 2017 γὰρ
783 1950 911 2020 περὶ
935 1946 1043 2002 τῶν
1074 1948 1268 2017 ἁγίων,
1297 1949 1380 2001 ὅτι
1409 1949 1762 2020 ἐπιλήσονται
1785 1947 1883 2018 τὴν

306 2040 479 2109 θλῖψιν
509 2039 714 2105 αὐτῶν,
739 2042 835 2094 καὶ
853 2041 952 2094 ούκ
979 2040 1151 2112 ἀναϐῇ
1179 2040 1359 2094 αὐτῶν
1392 2041 1483 2093 ἐπὶ
1511 2040 1608 2113 τὴν
1632 2040 1879 2111 καρδίαν.

314 2130 541 2183 «Ἔσται
574 2129 653 2193 δὲ,
695 2129 850 2199 φησὶ,
887 2130 983 2183 καὶ
1014 2127 1324 2200 εὐφροσύνη
1358 2129 1574 2190 αἰώνιος
1622 2128 1764 2199 ὑπὲρ
1789 2144 1885 2180 κε-

304 2221 478 2293 φαλῆς
510 2220 711 2287 αὐτῶν,
733 2221 957 2287 αῖνεσις,
977 2221 1072 2274 καὶ
1101 2220 1430 2293 εὐφροσύνη,
1450 2222 1544 2275 καὶ
1571 2219 1886 2290 ἁγαλλίαμα

300 2313 679 2384 καταλήψεται
707 2312 924 2378 αὐτοὺς,
959 2311 1170 2383 ἀπέδρα
1199 2311 1382 2383 ὀδύνη,
1432 2310 1599 2384 λύπη,
1635 2312 1730 2365 καὶ
1766 2328 1887 2364 στε-

301 2405 538 2478 ναγμός.
566 2424 586 2456 ι
623 2404 809 2477 Ταύτῃ
839 2420 923 2457 τοι
956 2403 1120 2475 φησὶν
1152 2405 1180 2458 6
1213 2404 1519 2474 προφήτης,
1551 2403 1671 2474 ήτοι
1699 2402 1828 2466 Θεὸς
1858 2401 1886 2453 6

301 2498 514 2553 τούτων
536 2497 774 2567 ἐργάτης
804 2497 899 2550 καὶ
939 2496 1127 2568 δοτὴρ,
1161 2497 1242 2550 ὅτι
1278 2515 1297 2547 ι
1344 2494 1755 2561 Ἐξελεύσεσθε,
1792 2495 1887 2549 καὶ

304 2586 673 2659 σκιρτήσεσθε
701 2587 775 2650 ὡς
808 2584 1080 2658 μοσχάρια
1106 2588 1169 2639 ὲκ
1192 2584 1405 2656 δεσμῶν
1427 2585 1705 2657 ἀνειμένα.
1729 2585 1888 2637 »Ὥσ-

304 2701 418 2755 περ
448 2683 561 2755 γὰρ
591 2681 661 2736 τὰ
695 2682 966 2752 μοσχὰρια
990 2680 1060 2734 τὰ
1092 2680 1356 2734 ὑπότιτθα
1380 2679 1597 2749 δεσμῶν
1626 2678 1887 2749 ἀνιέμενα

304 2773 736 2844 κατασκαίρουσι
769 2771 879 2825 τῶν
923 2770 1129 2843 ἀγρῶν,
1173 2771 1232 2823 ὲν
1272 2769 1489 2823 εὐανθεῖ
1515 2772 1579 2841 τῇ
1613 2769 1721 2841 πόᾳ
1752 2770 1886 2822 ἀπο-

307 2864 569 2938 πηδῶντὰ
589 2881 651 2918 τε
676 2864 772 2919 καὶ
794 2863 1184 2935 διαμυκὼμενα
1204 2879 1217 2893 ·
1245 2861 1387 2915 οὕτω
1419 2860 1562 2915 κοιτὰ
1590 2862 1815 2932 καιροὺς
1841 2862 1889 2915 oi

306 2958 460 3026 ἅγιοι
490 2955 775 3027 μονονουχὶ
812 2954 1028 3025 δεσμῶν
1060 2952 1336 3025 ἀνειμένοι
1383 2952 1481 3024 τῆς
1526 2953 1586 3005 ὲν
1630 2951 1766 3023 τῷδε
1813 2950 1893 3023 τῷ

309 3046 413 3120 βίῳ
443 3046 698 3116 θλίψεως,
739 3046 1041 3119 φροντίδος,
1085 3046 1307 3119 ἱδρῶτός
1339 3063 1398 3098 τε
1437 3045 1534 3100 καὶ
1570 3046 1768 3114 πόνων,
1810 3048 1891 3110 είς

304 3138 408 3211 τὴν
452 3141 568 3201 τοῖς
613 3137 780 3202 ὁσίοις
837 3138 1157 3208 πρέπουσαν
1209 3136 1473 3207 εὐθυμίαν
1525 3138 1885 3207 ὲκὸήσονται,

306 3226 608 3291 πατοῦντες
631 3228 885 3298 ἀνόμους,
916 3227 977 3281 ού
1011 3227 1349 3298 μαχομένους
1379 3227 1459 3280 ἐτι
1507 3227 1601 3281 καὶ
1625 3225 1890 3297 ἀνθεστη-

306 3319 500 3384 κότας,
569 3319 834 3382 πεσόντας
861 3317 918 3371 δὲ
947 3317 1046 3388 ’ήδη
1086 3318 1182 3371 καὶ
1217 3319 1624 3391 νενικημένους,
1656 3317 1751 3372 καὶ
1776 3312 1887 3372 οἷον

307 3409 418 3464 ὑπὸ
464 3410 633 3472 πόδας
665 3409 974 3481 κειμένους,
1008 3408 1087 3479 τῷ
1126 3409 1221 3464 καὶ
1252 3411 1556 3482 ἀνῃρῆσθαι
1610 3410 1885 3473 παντελῶς

1984 1855 2037 1899 et
2078 1845 2286 1914 lmtitia,
2337 1856 2392 1901 et
2433 1847 2726 1902 exsultatio
2782 1850 3207 1917 comprehendet
3249 1864 3366 1917 eos,
3396 1849 3569 1920 fugiet

1984 1936 2158 2005 dolor,
2185 1936 2425 2002 tristitia,
2452 1947 2500 1991 et
2531 1939 2769 2004 gemitus
2794 1937 2862 1993 “.
2893 1956 2912 1990 ι
2944 1939 3155 1995 Idcirco
3184 1940 3259 1995 ait
3283 1940 3564 2009 propheta.

1984 2029 2098 2084 sive
2118 2028 2259 2084 Deus
2278 2031 2471 2084 horum
2490 2030 2713 2087 eﬂ'ector
2733 2043 2896 2102 atque
2916 2032 3069 2089 dator
3092 2052 3105 2088 :
3130 2054 3149 2086 ι
3170 2034 3565 2105 Egredieminl,

1986 2128 2039 2174 et
2072 2120 2281 2175 salietis
2324 2121 2465 2176 sicut
2495 2122 2645 2176 vituli
2677 2126 2848 2180 teneri
2885 2126 3115 2183 vinculis
3145 2129 3333 2185 soluti.
3362 2147 3382 2181 ι
3413 2127 3567 2183 Sicut

1988 2227 2221 2283 namque
2242 2212 2391 2267 vituli
2412 2213 2589 2268 adhuc
2611 2215 2876 2280 subrumi,
2909 2233 3004 2273 seu
3030 2218 3314 2284 lactentes,
3336 2220 3569 2275 vinculis

1987 2302 2223 2372 demptis
2262 2317 2356 2374 per
2412 2319 2571 2379 agros
2624 2306 2904 2374 exsiliunt,
2947 2318 3001 2364 et
3051 2310 3105 2364 in
3150 2310 3319 2366 herba
3373 2314 3565 2366 virenti

1986 2393 2297 2448 subsultant
2335 2402 2390 2449 et
2434 2395 2713 2466 mugiunt;
2753 2397 2826 2451 ita
2872 2397 3000 2454 olim
3038 2402 3213 2456 sancti
3252 2401 3412 2471 binus
3447 2403 3569 2458 vitm

1991 2486 2373 2554 tribulationis,
2399 2502 2673 2555 curarunt,
2717 2492 2953 2560 sudoris,
2990 2492 3236 2548 laborum
3265 2496 3417 2565 quasi
3454 2496 3569 2550 vin-

1989 2578 2125 2633 culis
2151 2578 2406 2645 exsoluti,
2439 2580 2492 2633 in
2512 2579 2910 2648 jucunditatem
2946 2584 3152 2638 sanctis
3182 2598 3566 2653 congruentem

1989 2668 2381 2742 ingredientttr,
2433 2679 2489 2725 et
2537 2672 2777 2741 iniquos,
2832 2687 2940 2728 non
3006 2674 3116 2743 jam
3169 2686 3472 2746 pugnantes
3513 2688 3569 2733 et

1990 2759 2330 2824 resistentes,
2373 2762 2468 2815 sed
2515 2769 2837 2827 prostratos,
2880 2774 2934 2817 et
2977 2763 3171 2832 victos,
3216 2775 3271 2820 et
3314 2776 3567 2837 tanquam

1991 2853 2090 2905 sub
2118 2851 2342 2920 pedibus
2363 2851 2608 2920 jacentes
2636 2853 3050 2922 conculcabuut,
3085 2858 3231 2926 quod
3254 2859 3415 2914 ctiam
3446 2859 3568 2914 belli

1991 2943 2217 2997 materia
2253 2950 2306 2995 et
2333 2951 2509 2998 metus
2547 2945 2725 3000 omnis
2766 2947 2834 3001 ab
2863 2947 3015 3021 ipsis,
3030 2948 3241 3005 ablatus
3274 2951 3366 3005 sit.
3399 2970 3420 3004 ι
3450 2949 3568 3006 Non

1993 3034 2133 3088 enim
2177 3035 2281 3088 erit
2331 3034 2402 3089 ibi
2450 3034 2557 3101 leo,
2599 3052 2775 3119 neque
2823 3038 2926 3093 ulla
2974 3041 3238 3095 malarum
3275 3034 3589 3098 bestiarum

1947 3120 1965 3145 ⁸
1995 3129 2253 3184 ascendet
2294 3130 2427 3199 illic,
2466 3139 2526 3185 ut
2554 3132 2818 3200 scriptum
2852 3141 2969 3198 est;
3009 3133 3103 3189 sed
3138 3134 3243 3189 erit
3276 3135 3454 3204 potius
3486 3138 3570 3190 via

1996 3236 2153 3291 pura,
2198 3229 2250 3274 et
2301 3219 2388 3275 via
2445 3232 2631 3275 sancta
2682 3221 2962 3276 vocabitur
3000 3222 3068 3276 ιτ.
3116 3240 3135 3274 »
3188 3223 3389 3279 Exsors
3427 3225 3569 3279 enim

1997 3328 2206 3385 pugnze,
2236 3323 2292 3369 et
2313 3314 2491 3369 omnis
2522 3312 2746 3367 maculae
2778 3329 2909 3384 pura
2950 3314 3038 3370 illo
3072 3316 3410 3385 potissimum
3439 3327 3575 3372 tem-

1996 3420 2128 3473 pore
2160 3415 2469 3460 sanctorum
2503 3410 2612 3459 vita
2647 3407 2772 3460 erit.
3524 3414 3527 3417 ‘

306 3503 403 3558 τὸν
442 3502 570 3571 παρ’
606 3500 786 3554 αὐτῶν
816 3500 1069 3569 πόλεμον.
1105 3519 1124 3551 ι
1159 3501 1233 3554 Οὐ
1268 3501 1377 3571 γὰρ
1433 3500 1585 3555 ἔσται
1617 3501 1734 3552 ἐκεῖ
1763 3499 1927 3562 λέων,
1964 3495 2086 3549 οὐδὲ
2142 3494 2249 3548 τῶν
2285 3494 2490 3581 θηρίων
2517 3495 2626 3550 τῶν
2658 3494 2908 3566 πονηρῶν
2940 3494 3092 3548 οὐδὲν
3125 3503 3200 3568 μὴ
3224 3498 3398 3571 ἀναϐῇ
3432 3500 3570 3563 ἐκεῖ,

309 3595 454 3651 κατὰ
479 3595 544 3649 τὸ
565 3593 1250 3673 γεγραμμένον.Ἔσταιδὲ
1284 3594 1483 3665 μᾶλλον
1510 3594 1625 3657 ὁδὸς
1680 3591 1918 3659 καθα.ρὰ,
1960 3591 2054 3643 καὶ
2135 3588 2253 3653 ὁδὸς
2298 3588 2428 3657 ἁγία
2482 3589 2834 3658 κληθήσεται.
2891 3606 2908 3638 ι
2946 3587 3246 3659 Ἀπόλεμος
3309 3590 3418 3662 γὰρ
3478 3597 3575 3648 καὶ

310 3687 532 3756 ἁπάσης
577 3685 795 3755 κηλίδος
832 3684 1222 3758 ἀπηλλαγμένη
1272 3687 1394 3740 κατ’
1445 3690 1622 3741 έκεῖνο
1654 3688 1886 3758 μάλιστα
1922 3685 2017 3740 τοῦ
2053 3682 2245 3755 καιροῦ
2275 3682 2383 3735 τῶν
2449 3681 2617 3750 ἁγίων
2644 3679 2800 3733 ἔσται
2831 3677 2967 3751 ζωή.

384 3779 492 3834 Καὶ
563 3777 691 3831 ιὸοὺ
764 3774 880 3847 ἐγὼ
943 3777 1262 3832 ἀποστελῶ
1314 3778 1457 3845 ὑμῖν
1518 3780 1722 3836 Ἠλίαν
1785 3780 1892 3834 τὸν

315 3869 637 3936 Θεσσίτην,
680 3866 823 3935 πρὶν
865 3867 1065 3921 ἐλθεῖν
1105 3865 1217 3936 τὴν
1245 3869 1473 3945 ἡμέραν
1510 3870 1732 3937 Κυρίου
1778 3868 1892 3936 τὴν

305 3960 586 4032 μεγάλην
629 3959 729 4012 καί
770 3957 1035 4028 ἐπιφανῆ
1060 3999 1074 4023 ,
1110 3958 1172 4024 ὃς
1219 3959 1710 4027 ἀποκαταστήσει
1753 3976 1894 4029 καρ-

308 4053 452 4104 δίαν
478 4048 703 4118 πατρὸς
736 4049 877 4116 πρὸς
925 4048 1081 4115 υἱὸν,
1134 4048 1236 4103 καὶ
1278 4049 1533 4118 καρδίαν
1576 4049 1891 4119 ἀνθρώπου

2069 3776 2230 3831 Vatis.
2252 3775 2306 3841 5,
2334 3774 2387 3829 ϐ.
2416 3770 2552 3828 Ecce
2571 3790 2663 3844 ego
2693 3773 2895 3827 mittam
2919 3773 3057 3827 vobis
3074 3772 3250 3828 Eliam
3278 3774 3572 3841 Thesbiten,

1998 3878 2276 3938 antequam
2311 3867 2480 3921 venint
2512 3866 2622 3919 dies
2649 3864 2862 3920 Domini
2886 3883 3105 3934 magnus
3130 3876 3177 3920 et
3211 3866 3453 3933 illustris,
3486 3873 3576 3941 qui

1998 3961 2230 4013 restitere!
2259 3975 2350 4012 car
2370 3958 2535 4028 patris
2556 3958 2625 4011 ad
2645 3956 2840 4025 lilium,
2863 3969 2909 4012 et
2936 3974 3029 4012 cor
3049 3959 3276 4012 hominis
3299 3962 3367 4013 ad
3394 3964 3576 4029 proxi—

1999 4068 2142 4106 mum
2177 4061 2350 4116 suum,
2377 4066 2440 4104 ne
2463 4051 2661 4104 veniam
2679 4087 2694 4115 ,
2718 4059 2767 4103 et
2803 4051 3095 4121 percutiam
3121 4062 3321 4107 terram
3343 4054 3570 4122 penitus.

309 4144 464 4212 πρὸς
489 4141 598 4197 τὸν
619 4141 889 4208 πλησίον
919 4140 1126 4206 αὑτοῦ,
1164 4142 1265 4196 ἵνα
1307 4142 1394 4213 μὴ
1429 4143 1602 4209 ἔλθω,
1631 4144 1729 4200 καὶ
1766 4142 2013 4210 πατάξω
2040 4144 2156 4213 τὴν
2180 4143 2298 4216 γῆν
2333 4138 2544 4212 ἄρδην.

381 4238 518 4291 ME’.
578 4236 874 4300 Ἀπόδειξις
954 4237 1291 4308 ἡμερότητος
1373 4240 1467 4293 καὶ
1543 4238 1894 4305 ἀνεξικακίας

309 4326 472 4394 Θεοῦ,
506 4327 567 4381 τὸ
605 4328 697 4383 καὶ
738 4326 922 4382 Ἠλίαν
954 4329 1089 4397 ἡμῖν
1116 4329 1206 4381 τὸν
1240 4329 1505 4401 Θεσδίτην
1539 4330 1893 4403 προαναλάμ-

2002 4329 2119 4394 Dei,
2148 4329 2290 4398 quod
2320 4327 2467 4382 Elias
2498 4327 2784 4383 Thesbitcs
2819 4342 3034 4397 quoque
3064 4329 3221 4384 nobis
3268 4331 3419 4399 prius
3448 4330 3575 4384 olim
3690 4364 3701 4371 -

310 4419 412 4489 ψαι
445 4415 589 4470 κατὰ
612 4417 857 4487 καιροὺς.
887 4415 972 4469 ὃτι
998 4416 1268 4487 παρέσται
1290 4418 1475 4471 λοιπὸν
1503 4422 1531 4473 6
1550 4420 1759 4490 κριτὴς,
1782 4423 1893 4484 τοῖς

309 4507 418 4562 ἁνὰ
471 4507 654 4561 πᾶσαν
700 4505 798 4578 τὴν
848 4507 1174 4578 οἰκουμένην
1216 4510 1675 4580 προαγγέλλοντα.
1709 4513 1894 4566 Κατα-

312 4597 547 4668 ϐήσεται
579 4594 689 4667 γὰρ
719 4596 911 4669 κριτὴς
940 4598 997 4649 ὲν
1023 4600 1090 4668 τῇ
1114 4597 1243 4670 δόξῃ
1267 4598 1359 4653 τοῦ
1383 4600 1517 4653 Θεοῦ
1542 4602 1636 4655 καὶ
1659 4602 1892 4675 Πατρδς,

307 4685 758 4759 δορυφορούντων
805 4686 1074 4756 ἀγγέλων,
1130 4707 1149 4740 ι
1188 4688 1299 4743 Καὶ
1338 4689 1609 4745 καθιεῖ-ται
1653 4691 1753 4764 μὲν
1800 4693 1895 4745 ἐπὶ

309 4779 507 4850 θρόνου
556 4777 716 4850 δόξης
761 4778 949 4845 αὑτοῦ,
985 4778 1187 4850 κρίνων
1218 4778 1316 4852 τὴν
1353 4780 1675 4853 οἰκουμένην
1719 4782 1774 4833 ὲν
1818 4781 1898 4834 δι-

310 4868 603 4941 καιοσύνῃ,
621 4868 889 4927 ἀποδώσει
915 4871 972 4924 δὲ
1000 4870 1219 4937 πάντως
1243 4871 1459 4942 ἑκάστῳ
1483 4870 1625 4926 κατὰ
1647 4872 1706 4925 τὸ
1735 4872 1897 4943 ἔργον

312 4958 495 5015 αὑτοῦ.
539 4977 559 5009 ›
605 4960 824 5032 Ἐπειδὴ
856 4961 912 5014 δὲ
954 4963 1013 5015 ὲν
1042 4962 1323 5027 πλείσταις
1367 4964 1531 5033 ἐσμὲν
1575 4965 1893 5036 ἁμαρτίαις,

312 5045 633 5118 προόαδίζει
694 5051 980 5122 χρησίμως
1023 5051 1052 5102 6
1111 5051 1396 5113 Θεσπέσιος
1441 5058 1761 5127 προφήτης,
1814 5056 1894 5118 είς

309 5136 621 5209 ὁμοψυχίαν
647 5137 798 5206 ἄγων
827 5139 952 5202 τοὺς
977 5139 1067 5192 ἐπὶ
1095 5140 1193 5208 τῆς
1226 5140 1350 5209 γῆς,
1373 5140 1459 5195 ίνα
1494 5141 1557 5211 δὴ
1582 5143 1896 5214 σύμπαντες

310 5230 389 5291 είς
423 5227 656 5299 ἑνότητα
675 5229 775 5301 τὴν
810 5229 901 5283 διὰ
930 5230 1165 5296 πίστεως
1199 5232 1545 5305 συνηγμένοι,
1577 5235 1670 5288 καὶ
1689 5236 1794 5287 τῶν
1817 5238 1896 5300 είς

310 5320 627 5391 φαυλότητα
658 5321 1092 5393 σπουδασμὰπων
1125 5324 1577 5397 ἁποπαυσὰμενοι
1603 5368 1619 5395 ,
1654 5326 1893 5399 πληροῦν

308 5410 519 5467 ῑλοιντο
542 5411 606 5464 τὸ
633 5411 856 5481 ἀγαθὸν,
892 5411 1035 5468 οὕτω
1063 5431 1123 5468 τε
1153 5416 1375 5471 σωθεῖεν
1400 5422 1896 5490 καταφοιτήσαντος

309 5501 407 5556 τοῦ
446 5503 656 5576 κριτοῦ.
686 5504 900 5568 Φοὰσας
933 5506 1031 5576 μὲν
1077 5502 1170 5561 οὖν
1199 5509 1227 5561 6
1259 5510 1529 5581 μακάριος
1582 5510 1895 5583 Βαπτιστής

381 5617 428 5649 ’⁸
470 5617 486 5670 Ι
530 5617 657 5672 Cor.
699 5633 734 5679 t,
778 5618 830 5672 5.

314 5681 594 5752 27;Ront.
638 5702 696 5751 tt,
737 5688 790 5743 6.
868 5689 909 5719 "
954 5688 1080 5744 an.
1111 5707 1149 5755 ι,
1187 5694 1271 5745 17.

554 5782 822 5845 ΡΑτιιοι..
856 5784 969 5847 Gn.
1011 5785 1241 5847 LXXII.

2077 4240 2235 4294 XLV.
2260 4240 2672 4306 .Argumentum
2722 4238 3154 4295 mansuetudinis
3185 4249 3242 4295 et
3277 4224 3576 4296 tolerantia

1995 4419 2285 4476 all'nlsurus
2310 4427 2410 4485 est,
2455 4419 2549 4488 qui
2585 4417 2839 4473 omnibus
2881 4419 3049 4490 869
3075 4420 3394 4475 mortalibus
3434 4418 3575 4475 θηη-

1993 4524 2175 4568 tnrum
2210 4510 2447 4583 judicem
2493 4510 2839 4579 praenuntict.
2888 4511 3187 4567 Descendet
3226 4511 3370 4564 enim
3408 4510 3572 4583 judcx

1996 4604 2243 4672 ingloria
2271 4603 2364 4658 Dei
2409 4611 2465 4659 et
2506 4599 2705 4669 Patris,
2744 4600 3128 4657 comitantibus
3186 4600 3416 4671 angelis,
3461 4619 3480 4655 t
3512 4599 3574 4657 Et

1996 4695 2209 4752 sedebit
2242 4695 2294 4749 itt
2339 4695 2468 4751 sede
2516 4692 2816 4762 majestatil
2848 4707 2958 4748 sua:
2998 4690 3065 4757 ’³,
3092 4691 3345 4762 judicans
3387 4694 3575 4748 orbem

1998 4796 2265 4842 terrarum
2316 4785 2367 4839 in
2404 4785 2616 4857 justitia
2649 4784 2717 4849 ",
2747 4795 2803 4840 et
2845 4783 3033 4840 reddet
3082 4783 3239 4854 plane
3286 4782 3577 4853 unicuique

1993 4877 2289 4933 secundum
2324 4890 2487 4946 opera
2539 4875 2727 4934 sua".
2780 4893 2800 4928 ι
2849 4875 3115 4943 Quoniam
3165 4885 3347 4931 autem
3395 4874 3577 4932 multis

1994 4968 2233 5039 peccatis
2278 4967 2524 5023 obstricti
2566 4982 2786 5033 sumus,
2823 4967 3028 5022 utiliter
3063 4967 3317 5036 prmeedit
3362 4966 3577 5021 divinus

1999 5060 2277 5130 prepheta,
2323 5044 2571 5114 homines
2611 5072 2707 5128 per
2730 5067 2903 5113 lcrras
2935 5058 2988 5111 in
3021 5057 3370 5113 concordiam
3421 5057 3569 5110 redu-

1999 5166 2153 5217 cens,
2200 5159 2260 5205 ut
2297 5164 2486 5205 omnes
2526 5150 2580 5203 in
2631 5150 2892 5204 unitatem
2938 5148 3061 5204 ﬁdei
3104 5148 3415 5220 congregati
3459 5157 3513 5201 et
3546 5161 3576 5199 ο

2001 5255 2380 5312 perversorum
2450 5255 2673 5308 operum
2742 5240 2935 5294 studiis
2997 5242 3362 5310 quiescentes,
3434 5239 3576 5305 quod

2000 5332 2200 5388 bonum
2234 5341 2338 5397 est,
2361 5329 2575 5387 edicere
2600 5331 2788 5395 velint,
2821 5340 2982 5401 atque
3012 5332 3082 5384 ita
3119 5329 3367 5385 veniente
3394 5324 3576 5393 iudice

2002 5421 2299 5478 salventur.
2328 5421 2487 5476 Prius
2505 5421 2667 5491 igitur
2689 5421 3043 5475 venitbeatus
3068 5417 3307 5486 Baptista
3339 5413 3576 5471 Joannes

2007 5529 2025 5564 ι
2056 5512 2108 5565 in
2141 5513 2332 5583 spiritu
2364 5521 2419 5567 et
2452 5513 2651 5567 virtute
2681 5511 2809 5565 Elite
2834 5510 2899 5563 “.
2934 5528 2953 5561 ι
2987 5508 3094 5564 Sed
3124 5506 3578 5577 quemadmodum

906 5619 1094 5693 "_lsa.
1139 5637 1299 5686 xxxv,
1343 5622 1431 5678 10.
1512 5623 1716 5681 "ibid.
1771 5624 1827 5693 8,
1856 5625 1904 5679 9.

1990 5625 2032 5656 ³⁸
2072 5623 2260 5679 Matth.
2306 5640 2428 5693 xxv,
2466 5624 2553 5681 5|.
2631 5625 2675 5656 "
2714 5623 2857 5680 Psal.
2902 5638 2979 5688 nt,
3021 5621 3073 5677 δ.
3153 5621 3198 5653 ³⁸
3232 5619 3424 5677 Matth.
3466 5636 3585 5693 XN,

3072 5782 3142 5846 12
