4042 6196
509 228 615 286 565

506 357 622 424 ipse
670 350 1001 420 pradicaliat
1050 366 1062 402 :

506 446 669 500 facite
707 443 929 497 semitas
973 443 1062 497 Dei
1103 443 1276 497 nostri
1323 441 1407 509 ⁸²;
1441 464 1459 495 ι
1494 445 1565 497 ita
1604 457 1657 500 et
1691 447 1904 500 divinus
1939 444 2081 501 Elias

506 538 739 591 vicinmn
768 534 880 604 jam
905 544 1028 587 tunc
1055 536 1389 604 praedicabit,
1416 544 1469 590 et
1492 536 1602 605 jam
1628 536 1736 605 jam
1761 536 2078 604 affuturum,

508 648 528 682 ‹
560 637 617 682 ιιι
648 628 853 698 iudicet
890 627 1075 680 orbem
1113 628 1164 680 in
1204 627 1435 694 justitia.
1476 647 1495 681 ι
1547 632 1623 684 Ac
1674 646 1816 685 nunc
1862 632 2077 701 quidem

502 719 735 775 fortasse
776 717 1039 771 dissident
1075 718 1318 787 quidam,
1354 728 1409 772 et
1457 720 1661 775 divisus
1700 731 1783 775 est
1832 731 1984 791 pater
2022 722 2075 776 in

499 810 689 872 ﬁlium,
740 808 882 862 filius
921 818 1097 861 autem
1153 808 1204 861 in
1251 818 1456 877 patrem
1490 825 1645 864 suum
1684 811 1748 863 ³³.
1800 809 1900 865 Hic
1932 811 2075 865 enim

492 903 727 958 credidit
772 901 822 953 in
866 900 1164 965 Christum,
1193 900 1281 953 ille
1331 903 1385 955 in
1427 903 1689 970 apostolis
1722 914 2071 968 numeratur;

496 996 585 1048 alii
612 993 873 1046 dissident
897 991 1161 1045 charitate
1191 1002 1402 1057 mutua,
1424 994 1581 1048 divisi
1616 1005 1835 1064 propter
1865 995 2070 1061 odium,

486 1094 550 1143 'et
578 1096 861 1156 perpetuas
904 1084 1040 1147 iras,
1072 1096 1125 1138 et
1161 1086 1541 1140 contentiones
1570 1102 1731 1156 super
1754 1102 2073 1157 quocunque

495 1180 679 1232 mundi
715 1177 947 1242 negotio.
997 1176 1267 1230 Restituct
1312 1186 1489 1230 autem
1523 1181 1807 1247 propheta,
1849 1190 1903 1233 et
1940 1180 2068 1234 olim

494 1271 869 1339 discrepantes
893 1268 959 1323 ad
992 1282 1151 1321 unam
1183 1267 1341 1321 [idem
1371 1282 1630 1321 revocans
1650 1307 1665 1333 ,
1714 1286 1731 1319 ι
1768 1279 1821 1322 et
1851 1284 2071 1323 conver-

493 1372 612 1417 tens
658 1360 928 1431 hominem
984 1358 1050 1412 ad
1114 1359 1421 1428 proximum
1476 1373 1655 1422 suum,
1711 1372 1777 1412 ne
1832 1359 2065 1424 veniam,

491 1453 684 1524 inquit,
710 1463 764 1507 et
796 1453 1092 1520 percutiam
1127 1460 1326 1504 terram
1352 1450 1590 1519 penitus,
1614 1469 1633 1502 ι
1660 1451 1761 1505 hoc
1790 1460 1893 1514 est,
1919 1452 2065 1504 omni

490 1548 699 1603 ratione
739 1553 794 1598 et
833 1542 1175 1596 omnimodis.
1219 1541 1375 1596 Vides
1421 1543 1583 1613 igitur
1632 1544 1905 1598 lenitatem
1956 1543 2063 1597 Do-

490 1638 620 1692 mini
652 1636 915 1691 onmium.
947 1632 1108 1688 Prius
1137 1643 1330 1687 auctor
1364 1643 1445 1686 est
1476 1634 1813 1695 mortalibus.
1858 1642 1911 1687 et
1942 1648 2063 1703 pro-

1489 232 1547 289 Β.
1587 230 1859 291 ογιιιιιι
1899 230 2364 292 ALEXANDRINI
2402 237 2719 294 ARCBIEP.

1116 366 1132 397 I
1171 348 1365 404 Parate
1416 351 1555 405 viam
1611 350 1848 418 Domini,
1908 363 2081 407 rectas
2111 362 2153 417 Α
2197 352 2452 425 Ἰωάννης
2512 353 2781 426 προῆλθεν

3649 242 3757 296 864

2860 372 2878 405 ι
2924 354 2981 409 ἐν
3032 354 3302 425 πνεύματι
3369 352 3460 407 καὶ
3526 354 3755 427 δυνάμει

2195 445 2392 499 Ἡλίου.
2428 466 2446 498 ι
2508 447 2646 499 Ἀλλ’
2699 446 2885 518 ὥσπερ
2950 447 3110 511 αὐτὸς
3168 447 3482 517 διεκήρυττε
3545 445 3751 516 λέγων’

2187 552 2205 584 ι
2229 534 2584 605 Ἑτοιμάσατε
2611 538 2707 606 τὴν
2736 537 2852 590 ὁδὸν
2893 538 3122 608 Κυρίου,
3150 536 3364 599 εὐθείας
3410 538 3615 590 ποιεῖτε
3652 538 3755 600 τὰς

2179 625 2399 695 τρίϐους
2440 625 2533 679 τοῦ
2582 626 2717 679 Θεοῦ
2768 627 2957 697 ήμῶν·
2990 646 3010 679 ι
3063 625 3203 679 οὕτω
3242 626 3337 681 καὶ
3387 629 3415 679 ό
3466 626 3755 691 θεσπέσιος

2192 718 2377 781 Ἠλίας
2403 718 2568 786 ἐγγὺς
2605 718 2732 770 ὄντα
2758 717 3071 788 διακηρύξει
3099 718 3237 780 τότε,
3273 718 3364 770 καὶ
3388 717 3510 770 ὅσον
3536 718 3750 771 οὐδέπω

2178 812 2571 880 παρεσόμενον,
2619 829 2636 860 ι
2680 810 2766 862 ἵνα
2796 811 2954 882 κρίνῃ
2983 810 3078 879 τὴν
3101 810 3425 880 οἰκουμένην
3452 810 3511 861 ὲν
3540 810 3750 863 δικαιοο

2178 900 2331 973 σύνῃ.
2367 918 2384 952 ι
2429 901 2537 953 Καὶ
2572 900 2666 952 νῦν
2710 901 2807 970 μέν
2839 900 2968 963 ἴσως
3004 900 3298 969 διχονοοῦσί
3322 918 3485 963 τινες,
3522 901 3617 954 καὶ
3652 917 3747 972 μευ

2179 991 2431 1061 μέρισται
2469 991 2565 1061 μὲν
2606 990 2786 1061 πατὴρ
2812 991 2946 1061 πρὸς
2978 993 3111 1055 υἱον,
3141 992 3252 1053 υίὸς
3276 993 3332 1045 δὲ
3363 992 3439 1055 ὡς
3474 992 3610 1062 πρὸς
3641 1010 3749 1046 παι

2172 1083 2326 1154 τέρα.
2358 1084 2415 1136 Ὀ
2440 1082 2536 1153 μὲν
2569 1082 2677 1152 γὰρ
2716 1084 3079 1136 πεπίστευκεν
3107 1085 3185 1146 είς
3212 1084 3466 1153 Χριστὸν,
3486 1087 3513 1137 ό
3542 1084 3597 1137 δέ
3629 1089 3746 1149 τοῖς

2172 1174 2486 1236 ἀποστόλοις
2539 1176 2682 1227 ἐστὶν
2724 1174 3063 1245 ἐναρίθμιος,
3112 1176 3289 1244 ἕτεροι
3331 1175 3386 1227 δὲ
3427 1175 3744 1245 διεστήκασι

2167 1264 2267 1334 τῆς
2297 1264 2539 1335 ἀλλήλων
2570 1265 2809 1333 ἀγάπης,
2858 1265 3220 1334 διεσχισμένοι
3249 1265 3383 1335 πρὸς
3416 1265 3614 1335 ἔχθραν
3644 1267 3742 1319 καὶ

2168 1355 2575 1424 ἀκαταλήκτους
2623 1354 2790 1425 ὀργάς
2844 1356 2935 1408 καί
2999 1357 3096 1417 τὰς
3149 1354 3234 1423 ἐφ’
3279 1354 3481 1425 ὁτῳοῦν
3526 1355 3635 1407 τῶν
3680 1356 3743 1407 ἐν

2168 1444 2358 1513 κόσμῳ
2400 1443 2741 1514 πραγμάτων
2774 1442 3121 1513 φιλονεικίας.
3164 1446 3631 1515 Ἀποκαταστήσει
3672 1463 3739 1514 γε

2170 1537 2275 1607 μὴν
2297 1539 2323 1589 ὁ
2345 1538 2628 1606 προφήτης
2649 1578 2664 1602 ,
2692 1537 2785 1589 καὶ
2816 1538 2895 1598 είς
2930 1536 3056 1605 μίαν
3081 1536 3331 1603 συνάγων
3363 1537 3543 1589 πίστιν
3568 1539 3739 1590 πάλαι

2165 1628 2550 1699 διῃρημένους,
2587 1648 2604 1677 ι
2644 1630 2730 1680 καὶ
2766 1627 3134 1689 ἁποκαθιστὰς
3166 1628 3451 1697 ἄνθρωπον
3479 1626 3614 1699 πρὸς
3644 1628 3741 1681 τὸν

489 1730 772 1800 pemodum
818 1734 1153 1798 protestatur
1194 1739 1287 1793 per
1316 1738 1504 1777 vocem
1552 1724 1700 1789 Elim,
1728 1740 1786 1779 se
1822 1723 2057 1795 judicem

2163 1721 2390 1791 πλησίον
2422 1719 2605 1782 αὐτοῦ,
2640 1721 2726 1773 ἵνα
2758 1719 2834 1791 μὴ
2865 1719 3022 1780 ἔλθω,
3056 1721 3209 1789 φησι,
3244 1721 3337 1773 καὶ
3376 1718 3597 1783 πατάξω
3635 1720 3741 1791 τὴν

485 1830 796 1881 venturum,
836 1825 891 1869 ut
931 1815 1177 1870 conversi
1224 1814 1290 1867 ad
1328 1813 1550 1867 meliora
1588 1823 1643 1868 et
1690 1816 1852 1868 vitam
1905 1830 2055 1868 suam

483 1910 833 1965 emendantes
864 1908 954 1977 qui
981 1916 1108 1962 tunc
1138 1906 1373 1961 vixerint
1419 1908 1470 1961 in
1507 1907 1687 1970 terris,
1737 1907 1791 1960 in
1828 1908 2053 1977 rigidum

2164 1814 2268 1881 γῆν
2306 1813 2505 1882 ἄρδην,
2543 1831 2560 1862 ι
2621 1812 2900 1863 τουτέστιν
2937 1810 3245 1881 ὁλοτρόπως
3294 1810 3389 1863 καὶ
3429 1810 3735 1873 παντελῶς.

2174 1904 2333 1976 Ὁρᾷς
2358 1901 2450 1956 οὖν
2482 1902 2587 1971 ἄρα
2614 1903 2712 1972 τὴν
2738 1903 3052 1973 ἡμερότητα
3075 1902 3167 1956 τοῦ
3192 1904 3407 1956 πάντων
3438 1904 3733 1956 Δεσπότου.

478 2005 711 2074 iudicem
764 2017 831 2056 ne
878 2001 1141 2064 incidant,
1195 2015 1224 2053 a
1277 2015 1382 2068 quo
1430 2000 1481 2051 in
1539 1997 1783 2053 ﬂainmas
1831 2017 1850 2050 ι
1894 2009 1949 2053 et
1999 2000 2051 2054 in

2161 1995 2561 2068 Προαναπείθει
2589 1997 2714 2058 τοὺς
2746 1996 2839 2047 ἐπὶ
2866 1996 2962 2065 τῆς
3005 1996 3128 2066 γῆς,
3163 1996 3255 2048 καὶ
3301 1997 3583 2067 μονονουχὶ
3614 1996 3733 2048 δια-

481 2096 734 2154 tenebras
767 2093 1067 2147 exteriores
1103 2091 1385 2144 mittantur
1411 2089 1489 2154 “;
1525 2109 1543 2142 ι
1603 2092 1823 2146 audiant
1871 2101 2049 2146 autem

2166 2088 2498 2159 μαρτύρεται
2545 2088 2631 2141 διὰ
2681 2089 2779 2159 τῆς
2838 2087 3018 2141 Ἠλίου
3064 2088 3283 2157 φωνῆς,
3330 2089 3410 2141 ὅτι
3465 2088 3731 2157 παρέσται

479 2187 657 2257 patius
696 2202 708 2239 :
751 2201 769 2234 ι
814 2182 1038 2245 Venite,
1086 2180 1359 2234 benedicti
1401 2179 1577 2233 Patris
1620 2178 1757 2243 mei,
1797 2179 2058 2249 percipite

2157 2179 2369 2249 κριτὴς,
2419 2180 2508 2233 ἵνα
2556 2182 2674 2242 ταῖς
2727 2182 2809 2243 είς
2855 2180 2916 2233 τὸ
2959 2180 3181 2250 ἄμεινον
3225 2179 3588 2250 μεταδρομαῖς
3640 2177 3732 2231 τὸν

477 2290 723 2348 paratum
758 2274 909 2328 vobis
939 2286 1162 2340 regnum
1194 2285 1222 2322 a
1253 2270 1638 2325 constitutione
1674 2270 1859 2323 mundi
1894 2270 1959 2325 ".
1996 2287 2015 2321 ι

2156 2272 2353 2324 οἰκεῖον
2403 2270 2831 2341 ἐπανορθοῦντες
2867 2270 2983 2341 βίον
3025 2272 3074 2324 οἱ
3116 2270 3176 2323 τὸ
3223 2270 3476 2341 τηνικάδε
3526 2268 3734 2333 ζῶντες

478 2371 570 2425 ἐπὶ
602 2368 702 2439 τῆς
740 2366 841 2436 γῆς
863 2405 877 2429 ,
918 2363 992 2435 μή
1054 2362 1237 2434 πικρῷ
1306 2360 1649 2433 περιτύχοιεν
1696 2362 1957 2433 δικαστῇ,
2010 2361 2283 2434 πέμποντι
2342 2363 2477 2435 πρὸς
2499 2362 2688 2432 φλόγα,
2718 2381 2737 2414 ι
2796 2363 2889 2415 καὶ
2917 2363 2996 2426 είς
3020 2362 3081 2414 τὸ
3111 2361 3301 2424 σκότος
3324 2362 3383 2414 τὸ
3404 2360 3727 2429 ἐξώτερον.»

489 2462 798 2516 ’Δκούσειαν
832 2458 887 2511 δὲ
929 2457 1129 2526 μᾶλλον
1149 2472 1162 2484 ·
1202 2474 1220 2505 ι
1249 2453 1434 2519 Δεῦτε,
1468 2458 1515 2509 oi
1560 2456 1913 2526 εὐλογημένοι
1942 2455 2037 2509 τοῦ
2109 2457 2323 2528 Πατρός
2356 2474 2478 2528 μου,
2551 2455 2992 2527 κληρονομήσατε
3019 2454 3118 2525 τὴν
3154 2452 3564 2525 ἡτοιμασμένην
3593 2452 3730 2522 ὑμῖν

478 2552 750 2626 βασιλείαν
783 2550 891 2603 ἀπὸ
914 2547 1220 2618 καταϐολῆς
1249 2547 1476 2616 κόσμου.
1520 2565 1538 2597 ι

546 2643 711 2699 Vens.
768 2643 824 2696 ό.
866 2639 1184 2695 Mementote
1232 2639 1361 2708 legis
1398 2638 1537 2692 Mosi
1575 2639 1709 2693 servi
1753 2641 1875 2705 mei,
1910 2642 2046 2694 sicut

2224 2632 2548 2701 Μνήσθητε
2571 2631 2756 2700 νόμου
2784 2627 2972 2697 Μωσῆ
3015 2626 3120 2681 τοῦ
3151 2626 3375 2683 δούλου
3400 2646 3539 2699 μου,
3581 2635 3729 2687 καθ’

472 2736 694 2805 prccapi
737 2736 783 2788 ei
818 2735 872 2786 in
926 2730 1101 2785 lloreb
1144 2731 1211 2783 ad
1271 2746 1461 2785 amnem
1510 2728 1681 2786 Israel
1710 2739 2050 2802 praeprae:

2152 2726 2241 2779 ότι
2267 2724 2654 2793 ἐνετειλάμην
2679 2720 2839 2786 αὐτῷ
2866 2722 2935 2774 ἐν
2982 2720 3191 2789 Χωρὴό
3223 2721 3374 2789 πρὸς
3398 2721 3594 2775 πάντα
3616 2723 3729 2778 τὸν

462 2800 692 2898 judicio.
1881 2800 1887 2802 ﬁ
2075 2800 2117 2858 ο
2162 2817 2398 2882 Ἰσραὴλ
2430 2814 2853 2883 προστάγματα
2880 2813 2977 2865 καὶ
2999 2812 3380 2881 δικαιώματα.

542 2911 726 2968 XLVI.
766 2911 1000 2964 Rursum
1030 2910 1221 2964 suadet
1254 2911 1529 2979 prophetae
1556 2924 1837 2965 sermones
1865 2909 2047 2980 legen-

469 3004 615 3059 tibus
638 3003 711 3055 nti
739 3002 995 3069 cogitent.
1022 3016 1125 3053 non
1154 3014 1345 3053 novatn
1372 3010 1463 3053 ant
1485 2999 1855 3055 inconsuetam
1886 3015 2046 3070 super

468 3092 689 3146 Christo
730 3089 1171 3160 prmdicationem
1214 3102 1336 3143 esse
1378 3087 1598 3153 factam,
1635 3105 1809 3159 neque
1851 3106 1880 3145 a
1930 3092 2046 3146 solo

469 3180 727 3236 Malacltia
768 3180 1178 3248 praenuntiatam
1204 3217 1219 3242 ,
1268 3178 1361 3231 sed
1394 3180 1459 3231 ah
1490 3179 1725 3247 antiquis
1763 3189 1818 3233 et
1854 3181 2043 3249 primis

469 3270 818 3339 temporibus,
846 3276 903 3321 ut
948 3269 1020 3322 ita
1058 3267 1253 3334 dicam,
1299 3269 1493 3337 quibus
1533 3272 1598 3323 ad
1650 3270 1740 3325 Dei
1794 3273 2040 3326 notitiam

466 3361 629 3416 lsrael
668 3371 890 3415 VOCJllIS
932 3369 1034 3422 est,
1073 3359 1286 3429 quando
1326 3361 1470 3426 leges
1516 3360 1569 3413 in
1610 3361 1752 3416 Oreb
1782 3362 2040 3419 divinitus

461 3454 631 3526 870
650 3454 771 3507 latae
786 3462 937 3506 sunt.
964 3452 1253 3506 Descendit
1272 3452 1413 3505 enim
1436 3454 1807 3507 universorum
1827 3453 1968 3509 Deus
1986 3456 2038 3509 in

464 3547 643 3617 specie
667 3546 806 3617 ignis
833 3560 998 3613 super
1022 3555 1260 3598 montem
1284 3543 1437 3609 Sina,
1457 3547 1810 3615 apparuitque
1836 3545 2035 3611 fumus,

463 3648 519 3694 et
569 3638 800 3692 flamma:
848 3636 899 3689 in
950 3636 1165 3713 sublimi
1216 3637 1503 3699 micantes,
1553 3646 1607 3691 et
1654 3637 2038 3707 aspicientibus

462 3728 691 3782 multum
724 3737 985 3780 terrorem
1014 3726 1353 3781 incutientes.
1377 3727 1542 3782 Erant
1559 3728 1688 3783 item
1710 3731 1963 3794 ιειιοιιτω,
1983 3741 2037 3785 et

462 3817 658 3887 caligo,
688 3825 741 3870 et
768 3817 1027 3885 procella,
1059 3826 1112 3869 et
1136 3816 1343 3869 sonitus
1370 3818 1509 3871 tuba:
1535 3818 1721 3887 ingens
1743 3819 1830 3873 "‘.
1859 3818 2032 3885 Tunc,

464 3920 591 3966 tunc
627 3908 860 3979 perculsi
902 3908 1094 3963 timore
1128 3908 1222 3962 lilii
1277 3907 1465 3972 Israel,
1508 3910 1840 3963 accedebant
1891 3911 2035 3966 dice-

458 3997 698 4069 bantque
755 3996 1037 4053 mediatori
1081 4006 1136 4051 et
1181 3997 1498 4062 institutori,
1543 3996 1679 4053 Mosi
1724 4001 1971 4056 videlicet
2014 4020 2029 4056 :

463 4108 483 4143 ι
515 4088 783 4160 Loquere,
804 4098 879 4154 tu,
908 4089 1157 4153 nobis,et
1174 4104 1278 4143 non
1297 4088 1551 4159 loquatur
1566 4089 1720 4144 nobis
1749 4091 2027 4158 Dominus,

2218 2906 2369 2973 MCI'.
2409 2906 2713 2958 ’Δναπείθει
2744 2905 2904 2959 πάλιν
2932 2907 3131 2958 ἐννοεῖν
3155 2905 3282 2967 τοὺς
3308 2905 3725 2975 ἐντευξομένους

2146 3002 2258 3062 τοῖς
2296 2998 2389 3051 τοῦ
2431 3000 2708 3068 προφήτου
2750 2997 2926 3065 λόγοις
2954 2998 3034 3050 ὅτι
3065 2996 3137 3067 μὴ
3171 2996 3355 3049 καινὸν
3389 2997 3421 3067 ή
3455 2998 3726 3067 ἀσύνηθες

2146 3090 2206 3142 τὸ
2246 3090 2338 3142 ἐπὶ
2392 3088 2611 3159 Χριστῷ
2645 3090 2835 3158 γέγονε
2881 3092 3164 3161 κήρυγμα,
3200 3093 3335 3161 μήτε
3385 3093 3492 3162 μὴν
3529 3093 3722 3162 μόναις

2143 3183 2263 3244 ταῖς
2294 3181 2576 3250 Μαλαχίου
2620 3185 2823 3249 φωναῖς
2857 3182 3380 3253 προαπηγγελμένον
3400 3200 3415 3215 ’
3444 3184 3579 3238 ἀλλὰ
3608 3184 3723 3256 γὰρ

2143 3271 2349 3325 ἄνωθέν
2380 3289 2438 3324 τε
2469 3274 2562 3325 καὶ
2598 3273 2657 3336 ἐξ
2683 3274 2856 3343 ἀρχῆς
2875 3316 2888 3339 .
2918 3275 3008 3326 καὶ
3046 3277 3109 3327 ἐκ
3140 3276 3390 3346 πρώτων,
3429 3276 3515 3329 ἴνα
3542 3275 3718 3343 οὕτως

2141 3364 2409 3433 εἴπωμεν,
2429 3363 2653 3434 χρόνων,
2675 3364 2795 3417 καθ’
2815 3364 2909 3428 οὒς
2935 3365 3190 3435 κέκληται
3221 3368 3357 3437 προς
3386 3366 3719 3435 θεογνωσίαν

2140 3459 2167 3510 ὁ
2203 3455 2436 3527 Ἰσραὴλ,
2464 3456 2552 3508 ὅτε
2581 3456 2703 3519 τοὺς
2731 3458 2789 3508 ἐν
2809 3456 3011 3527 Χωρὴϐ
3043 3458 3472 3528 κεχρησμῴδηκε
3495 3461 3716 3529 νόμους.

2139 3548 2501 3617 Καταϐέσηκε
2538 3549 2636 3619 μὲν
2658 3548 2764 3619 γάρ
2787 3551 2814 3602 ό
2842 3549 2949 3603 τῶν
2978 3549 3113 3602 ὅλων
3147 3550 3277 3614 Θεὸς
3306 3553 3363 3604 ἐν
3388 3552 3518 3606 εἴδει
3543 3554 3719 3625 πυρὸς

2137 3641 2229 3693 ἐπὶ
2257 3640 2317 3692 τὸ
2350 3639 2475 3709 δρος
2515 3640 2577 3693 τὸ
2621 3641 2772 3701 Σινᾶ,
2819 3640 3100 3710 ἐφαίνοντο
3128 3641 3184 3693 δὲ
3235 3644 3431 3695 καπνοὶ
3462 3645 3583 3714 μὲν,
3616 3647 3712 3699 καὶ

2138 3732 2336 3801 φλόγες
2362 3730 2497 3800 ὑψοῦ
2524 3747 2584 3784 τε
2618 3732 2951 3793 διάττουσαι,
2981 3733 3077 3785 καὶ
3108 3732 3242 3787 πολὺ
3271 3735 3381 3797 τοῖς
3414 3733 3713 3807 θεωμένοις

2136 3822 2457 3892 ἐμποιοῦσαι
2491 3822 2551 3875 τὸ
2584 3823 2764 3892 δεῖμα.
2801 3822 2996 3887 Σκότος
3037 3819 3204 3895 δὲῆν,
3232 3827 3326 3879 καὶ
3359 3829 3577 3898 γνόφος,
3608 3831 3713 3885 καὶ

2136 3914 2353 3977 θύελλα,
2396 3915 2491 3970 καὶ
2541 3918 2692 3988 φωνὴ
2742 3916 2841 3985 τῆς
2883 3916 3205 3985 σάλπιγγος,
3249 3919 3490 3992 ἡκούσης
3538 3922 3707 3991 μέγα.

2133 4007 2268 4060 Τότε
2323 4007 2425 4077 δή,
2489 4007 2610 4061 τότε
2659 4008 2944 4078 περίφοϐοι
3000 4011 3283 4078 γεγονότες
3325 4013 3430 4065 olet
3491 4014 3713 4087 Ἰσραήλ

2134 4099 2447 4170 προσῄεσαν
2478 4099 2727 4168 λέγοντες
2754 4118 2831 4170 τῳ
2856 4102 3053 4174 μεσίτῃ
3084 4102 3176 4154 xa‘t
3205 4101 3538 4175 παιδαγωγῷ
3554 4106 3709 4173 (Μω-

458 4194 526 4234 ne
567 4158 863 4232 moriamur
903 4177 968 4231 “.
1001 4196 1021 4230 ι
1072 4177 1154 4233 Ad
1185 4192 1305 4248 quae
1354 4158 1537 4233 Deus:
1573 4197 1593 4231 ι
1621 4179 1784 4246 Bene,
1834 4182 2027 4254 inquit,

2148 4158 2236 4261 τής
2274 4158 2431 4256 οῦτος
2629 4212 2647 4244 ι
2675 4158 2952 4247 Adlatum
3152 4195 3333 4266 ἡμᾶς,
3365 4158 3573 4270 καὶ.
3610 4198 3709 4253 λα-

455 4268 635 4326 omnia
675 4282 1011 4340 quaecunque
1055 4269 1221 4324 locuti
1264 4277 1409 4325 sunt.
1453 4268 1715 4326 Escitabo
1754 4272 1863 4328 illis
1907 4290 2032 4343 pro-

454 4360 676 4434 phetam
701 4360 768 4416 de
796 4359 1055 4416 fratribus
1083 4361 1347 4431 ipsorum,
1378 4363 1519 4418 sicut
1553 4374 1625 4430 te,
1660 4374 1717 4419 et
1739 4365 1879 4421 dabo
1904 4380 2029 4421 ver-

455 4455 583 4508 bum
622 4467 800 4508 meum
841 4452 894 4507 in
936 4465 1030 4508 ore
1055 4450 1192 4521 ejus,
1240 4464 1296 4507 et
1341 4454 1589 4523 loquetur
1614 4456 1695 4510 eis
1734 4458 2028 4512 secundum

452 4548 632 4598 omnia
666 4558 785 4613 qua:
817 4546 1144 4599 mandavero
1180 4545 1229 4597 ei
1262 4543 1329 4597 ".
1369 4561 1389 4594 ι
1420 4536 1581 4599 \‘ldes
1609 4551 1882 4615 quomodo
1910 4548 2023 4617 jam

451 4651 477 4685 ιι
503 4634 888 4689 vetustissimis
911 4635 1248 4704 temporibus
1270 4633 1543 4689 Christum
1567 4649 1721 4689 sacra
1742 4635 2021 4707 Scriptura

450 4726 869 4791 praenuntiavit?
898 4724 1002 4781 Sed
1053 4736 1107 4781 et
1152 4727 1198 4782 si
1256 4728 1377 4795 quis
1424 4726 1646 4782 umbras
1692 4729 1836 4800 ipsas
1886 4731 2021 4801 legis

448 4814 761 4871 examinare
791 4816 1039 4883 voluerit,
1089 4816 1365 4872 Christum
1408 4817 1463 4871 in
1510 4817 1577 4872 iis
1608 4828 1662 4873 et
1707 4824 2019 4893 mysterium

446 4904 563 4973 ejus
604 4905 864 4972 scriptum
896 4907 1284 4976 deprehendet.
1327 4908 1511 4977 Itaque
1536 4910 1748 4967 dicebat
1774 4912 2013 4968 Judaeis:

452 5017 470 5049 ο
507 4994 563 5052 Si
605 4997 901 5052 crederetis
947 4998 1103 5063 Mosi,
1155 5002 1445 5057 crederetis
1486 5003 1710 5059 forsitan
1744 5015 1797 5058 et
1827 5005 1958 5059 mihi
2000 5022 2014 5058 :

444 5091 512 5143 de
540 5104 627 5143 me
660 5088 804 5144 eitim
834 5088 922 5144 ille
944 5090 1164 5161 scripsit
1191 5091 1253 5144 ⁸⁸.
1286 5111 1305 5145 ι
1336 5092 1615 5151 Plenitudo
1640 5097 1781 5150 enim
1809 5096 1942 5165 legis
1964 5104 2019 5151 et

445 5183 831 5250 prophetarum
875 5182 1144 5248 Christus,
1178 5199 1274 5253 per
1316 5200 1499 5255 quem,
1539 5196 1594 5243 et
1619 5202 1740 5242 cmn
1771 5204 1880 5258 quo
1911 5188 2018 5243 Deo

444 5282 499 5327 et
531 5272 679 5328 Patri
708 5275 897 5344 gloria,
934 5291 1053 5328 cum
1091 5277 1434 5332 sanctissimo
1473 5278 1675 5347 Spiritu
1708 5279 1761 5333 in
1804 5294 2016 5333 onmem

443 5367 820 5421 aeternitatem.
858 5369 1052 5422 Amen.

2131 4282 2293 4336 λείτω
2321 4282 2457 4355 πρὸς
2494 4285 2640 4354 ἡμᾶς
2663 4284 2692 4337 ὁ
2719 4284 2871 4353 Θεὸς,
2898 4286 2985 4338 ἶνα
3018 4276 3093 4358 μή
3128 4285 3509 4357 ἀποθάνωμεν.
3542 4306 3563 4340 ι
3595 4288 3709 4343 Καὶ

2130 4374 2197 4444 δὴ
2230 4374 2366 4446 πρὸς
2406 4373 2581 4428 ταῦτα
2611 4375 2780 4439 Θεός·
2828 4394 2846 4427 ι
2889 4375 3115 4445 Ὀρθῶς,
3160 4378 3331 4448 φησι,
3378 4377 3557 4432 πάντα
3604 4379 3705 4434 ὅσα

2134 4465 2422 4536 ἐλάλησαν.
2454 4465 2747 4537 Προφήτην
2781 4464 2964 4529 αὐτοῖς
2992 4466 3283 4545 ἀναστήσω
3314 4470 3379 4523 ἐκ
3407 4468 3518 4523 τῶν
3546 4469 3700 4524 ἀδελ-

2132 4555 2250 4627 φῶν
2272 4556 2451 4610 αὐτῶν
2480 4554 2627 4609 ὥσπε
2637 4573 2668 4628 ρ
2702 4557 2786 4618 σὲ.
2817 4557 2912 4611 καὶ
2946 4557 3099 4629 θήσω
3126 4560 3252 4624 τοὺς
3273 4558 3465 4629 λόγους
3492 4579 3594 4633 μου
3622 4564 3702 4623 εἰς

2132 4647 2191 4701 τὺ
2227 4647 2402 4716 στόμα
2425 4646 2613 4712 αὐτοῦ,
2648 4647 2743 4700 καὶ
2769 4646 2991 4719 λαλήσει
3011 4648 3193 4713 αὐτοῖς
3214 4649 3358 4703 κατὰ
3390 4652 3572 4706 πάντα
3600 4652 3702 4706 δσα

2129 4739 2435 4809 ἐντέλωμαι
2491 4739 2661 4811 αὐτῷ.
2699 4757 2720 4790 ι
2782 4738 2945 4812 Ὁρᾷς
2993 4742 3142 4803 ὅπως
3187 4742 3254 4794 ἐκ
3313 4743 3543 4815 μακρῶν
3590 4744 3700 4798 τῶν

2126 4828 2336 4883 ἄνωθεν
2372 4828 2579 4900 χρόνων
2611 4830 2985 4901 προανεφώνει
3010 4830 3244 4902 Χριστὸν
3272 4832 3334 4887 τὸ
3369 4833 3611 4906 Γράμμα
3636 4834 3701 4889 τὺ

2127 4918 2306 4989 ίερόνς
2346 4919 2507 4973 Ἀλλά
2538 4920 2630 4973 καὶ
2674 4920 2845 4984 αὑτὰς
2890 4921 2939 4973 εί
2980 4921 3045 4989 δὴ
3079 4922 3319 4993 βούλοιτό
3349 4940 3434 4987 τις
3468 4924 3567 4988 τὰς
3603 4922 3697 4977 τοῦ

2124 5012 2290 5081 νόμου
2317 5011 2630 5082 βασανίζειν
2648 5011 3070 5083 σκιὰς,Χριστδν
3086 5014 3305 5084 εὑρήσει
3328 5002 3696 5086 γραφόμενον,

2126 5101 2220 5155 καὶ
2252 5102 2315 5155 τὸ
2343 5104 2431 5153 ἐπ’
2461 5101 2609 5171 αὺτῷ
2643 5106 2963 5174 μυστήριον.
2993 5104 3103 5158 Καὶ
3134 5104 3263 5171 γοῦν
3292 5105 3529 5175 ἔφασκεν
3566 5107 3699 5159 ’ἰου-

2124 5190 2324 5254 ὃαίοις·
2378 5212 2397 5243 ι
2439 5192 2500 5243 Ei
2533 5195 2845 5246 ἐπιστεύετε
2890 5194 3062 5265 Μωσῇ
3089 5234 3104 5259 ,
3152 5194 3467 5249 ἐπιστεύετε
3505 5196 3571 5250 ἂν
3602 5196 3697 5249 καὶ

2126 5280 2266 5352 ἐμοί’
2303 5283 2427 5352 περὶ
2458 5280 2591 5350 ἐμοῦ
2612 5282 2721 5353 γὰρ
2744 5284 2947 5346 ἐκεῖνος
2973 5284 3200 5355 ἔγραψε.
3224 5304 3244 5337 ι
3278 5286 3559 5357 Πλήρωμα
3585 5286 3698 5357 γὰρ

2126 5372 2290 5442 νόμου
2318 5374 2412 5425 καὶ
2443 5374 2738 5443 προφητῶν
2765 5376 2792 5426 ὁ
2818 5376 3052 5445 Χριστός
3080 5393 3095 5407 ο
3140 5375 3207 5428 δι’
3236 5371 3317 5441 οῦ,
3356 5377 3449 5430 καὶ
3482 5376 3601 5447 μεθ’
3632 5370 3695 5429 οὗ

442 5454 518 5526 τῷ
545 5456 663 5527 Θεῷ
708 5462 800 5513 καὶ
833 5462 1007 5535 Πατρὶ
1033 5464 1066 5533 ή
1096 5462 1219 5526 δόξα
1240 5505 1255 5530 ,
1290 5466 1386 5517 σὺν
1418 5464 1493 5536 τῷ
1538 5467 1790 5537 παναγίῳ
1832 5465 2111 5537 Πνεύματι
2140 5469 2219 5529 είς
2242 5468 2367 5530 τοὺς
2398 5464 2620 5531 αἰῶνας.
2666 5469 2856 5540 Ἀμήν.

515 5573 559 5602 ³¹
599 5574 701 5649 ίεκυ.
740 5592 830 5640 ιι,
871 5578 946 5644 3;
991 5581 1173 5633 Matth.
1215 5596 1301 5649 tu,
1347 5582 1432 5636 1'5.
1511 5584 1554 5615 ³³
1594 5584 1782 5643 Matth.
1825 5601 1876 5645 κ,
1919 5584 2008 5638 35.

441 5655 556 5714 xm,
602 5644 684 5697 l8.
751 5662 902 5718 seqq.

980 5650 1026 5680 “
1068 5651 1238 5707 Exod.
1284 5669 1375 5719 sx,
1422 5653 1505 5708 l9.
1552 5655 1593 5686 ’τ
1640 5655 1793 5708 Deut.
1828 5670 1983 5723 xviii,
2032 5656 2115 5719 l7,
2154 5656 2238 5710 l8.

2117 5584 2161 5615 “
2200 5582 2385 5637 Matth.
2436 5599 2573 5649 xxii,
2630 5586 2681 5639 5.
2762 5586 2805 5618 ³⁸
2846 5585 3033 5641 Matth.
3113 5587 3337 5652 “v.35.
3415 5587 3480 5618 ³⁸·
3523 5585 3694 5641 Exod.

2353 5654 2397 5685 ⁸³
2437 5654 2587 5709 Joan.
2628 5671 2678 5720 v,
2720 5656 2805 5710 ιδ.
