4042 6196
508 274 605 329 571

1507 283 1563 336 s.
1606 282 1881 339 CYBILLI
1923 284 2389 347 ALEXANDRINI
2420 293 2736 352 ARCtttEP.
3648 292 3753 348 ετξ

582 391 628 460 5
668 391 756 460 ΙΙΙ,
788 396 871 450 Η.
915 397 1032 466 Ipse
1081 414 1167 452 eos
1207 397 1488 467 baptisabit
1532 400 1585 450 in
1644 398 1848 469 Spiritu
1897 411 2077 456 sancto

2251 411 2444 477 Αὐτὸς
2495 410 2651 481 ὑμᾶς
2687 412 2975 475 βαπτίσει
3025 412 3093 464 ἐν
3124 384 3422 480 Iit-stipati
3460 407 3608 475 ἁγίῳ
3649 405 3749 458 καὶ

509 492 556 534 et
584 484 711 551 igni.

603 575 898 645 Coniunxit
949 588 1127 634 autem
1198 579 1440 651 Baptista
1482 581 1737 652 .Spiritus
1798 582 2075 653 significa-

508 666 639 720 tioni
684 667 830 721 illam
866 668 1025 739 ignis,
1067 686 1170 724 non
1204 671 1257 725 in
1294 672 1414 742 igne
1451 674 1670 726 omnino
1718 673 2075 743 baptizandos

506 772 605 812 nos
666 759 850 816 dicens
902 777 995 830 per
1041 761 1335 829 Christum,
1369 763 1462 817 sed
1523 764 1787 818 viviﬁcam
1839 765 2074 832 Spiritus

504 848 873 906 eﬂicacitatem
928 868 1025 923 per
1076 853 1530 924 signiﬁcationem
1577 857 1713 924 ignis
1765 857 2067 912 insinuans.

573 1020 773 1087 lli,12.
815 1026 982 1096 Cujus
1028 1028 1368 1083 ventilabrum
1405 1031 1456 1083 in
1494 1048 1649 1086 manu
1700 1051 1818 1096 sua,
1870 1045 1918 1089 et
1954 1053 2072 1101 per-

2183 520 2346 571 πυρί.

2252 596 2520 665 Συνέδησε
2549 596 2604 647 δὲ
2634 598 2661 649 6
2686 596 2997 666 Βαπτιστὴς
3020 597 3084 664 τῇ
3124 594 3217 645 τοῦ
3245 590 3552 659 πνεύματος
3581 604 3754 656 σημα-

2181 686 2270 755 σίᾳ
2296 686 2395 753 τὴν
2430 686 2523 738 τοῦ
2567 687 2757 754 πυρὸς,
2793 688 2891 738 οὐκ
2925 688 2981 737 ἐν
3012 684 3146 753 πυρὶ
3192 683 3405 742 πάντως
3444 675 3751 747 βαπτισθή-

2181 776 2369 830 σεσοαι
2395 778 2569 845 λέγων
2590 780 2738 847 ἡμᾶς
2754 777 2850 831 διὰ
2877 775 3155 843 Χριστοῦ,
3188 774 3317 826 ἀλλὰ
3344 772 3440 841 τὴν
3461 769 3552 823 τοῦ
3585 768 3752 821 πνεύ-

2180 883 2349 935 ματος
2383 868 2661 936 ἐνέργειαν
2710 866 2806 935 τὴν
2843 864 3127 928 ζωοποιὺν,
3175 862 3260 914 διὰ
3311 861 3405 928 τῆς
3434 858 3529 910 τοῦ
3577 856 3755 927 πυρὸς

2178 959 2457 1027 σημασίας
2492 957 2771 1027 σημαίνων
2796 958 2894 1026 (1).

2249 1046 2329 1105 Οὗ
2358 1050 2424 1103 τὸ
2452 1050 2641 1101 πτύον
2687 1049 2755 1101 ὲν
2794 1047 2868 1115 τῇ
2909 1046 3055 1116 χειρί
3090 1043 3296 1104 αὑτοῦ,
3328 1040 3425 1094 καὶ
3465 1040 3753 1093 διακαθα-

500 1116 776 1169 mnudabit
807 1133 989 1175 aream
1012 1135 1185 1185 suam,
1217 1129 1267 1174 et
1301 1126 1630 1193 congregabit
1657 1128 1887 1179 triticum
1918 1145 2069 1181 suum

2184 1140 2290 1194 οιεῐ
2333 1141 2453 1207 τὴν
2488 1141 2689 1194 ἅλωνα
2737 1139 2941 1192 αὐτοῦ.
2978 1138 3087 1193 Καὶ
3134 1133 3385 1199 συνάξει
3426 1133 3531 1186 τὸν
3573 1132 3755 1186 σῖτον

500 1205 554 1256 t'n
582 1205 846 1261 horreum.

572 1292 756 1350 iustos
804 1299 946 1367 rapit
996 1300 1048 1354 in
1091 1301 1367 1355 civitatem
1412 1317 1724 1374 supernam,
1757 1315 2069 1375 peccatores

500 1395 679 1439 autem
715 1389 820 1458 igni
852 1393 1087 1445 urendos
1119 1393 1304 1447 tradit.

571 1476 656 1543 IV,
692 1477 742 1531 1.
785 1482 925 1534 Tum:
952 1481 1107 1536 Iesus
1140 1484 1327 1536 ductus
1356 1492 1430 1537 est
1478 1482 1534 1537 in
1564 1485 1827 1539 desertum
1862 1502 1893 1539 a
1940 1483 2067 1556 Spi-

500 1566 628 1631 ritu,
666 1577 724 1622 ut
744 1579 1037 1625 tentaretur
1064 1590 1096 1627 a
1123 1574 1355 1629 diabolo.

570 1658 931 1715 Consentiens
956 1661 1259 1718 ducebatur
1289 1682 1317 1720 a
1336 1666 1571 1722 diabolo.

571 1764 663 1833 iV,
705 1768 760 1823 3.
794 1767 861 1822 Et
915 1772 1165 1826 accedens
1217 1781 1467 1841 tentator,
1500 1775 1638 1829 dixit
1680 1775 1747 1841 ei,
1784 1773 1847 1831 Si
1895 1774 2071 1833 Filius
2105 1751 2147 1807 Β

499 1852 601 1910 Dei
622 1873 696 1925 es,
727 1860 812 1914 dic
833 1873 886 1915 ut
916 1860 1118 1934 lapides
1142 1864 1232 1919 isti
1267 1882 1427 1937 panes
1459 1868 1614 1939 ﬁant.

576 2039 692 2096 Non
715 2045 1109 2114 obtemperavit
1142 2047 1393 2106 Christus
1423 2051 1637 2107 diabolo
1690 2057 2077 2112 eonvertendis

499 2134 555 2188 in
587 2146 756 2204 panes
798 2134 1067 2204 lapidibus
1100 2154 1113 2191 :
1151 2148 1440 2207 propterea
1484 2143 1626 2211 quod
1665 2145 1797 2200 utile
1838 2146 1937 2216 ipsi
1983 2163 2076 2216 pe-

501 2224 635 2279 tenti
696 2227 1027 2290 postulatum
1093 2226 1196 2281 hoc
1240 2229 1561 2283 miraculum
1603 2247 1707 2285 non
1756 2244 1877 2289 erat
1930 2236 2073 2291 futu-

504 2312 795 2367 rum.Non
854 2316 1000 2368 enim
1054 2325 1113 2370 ut
1176 2320 1424 2373 crederet
1473 2322 1656 2391 sicque
1710 2325 1760 2377 in
1818 2327 2073 2383 amissam

503 2404 801 2475 angelicam
837 2407 1149 2476 dignitatem
1185 2411 1513 2478 postliminio
1550 2416 1768 2479 rediret,
1800 2417 1901 2471 hoc
1932 2428 2077 2487 pete-

502 2496 995 2567 bat,-pmnitentiat
1050 2499 1315 2570 siquidem
1358 2502 1583 2573 incaan
1634 2516 1738 2571 est,
1794 2511 1885 2562 sed
1929 2520 1981 2561 ut
2016 2512 2072 2566 in

501 2588 788 2643 elationem
816 2606 1007 2645 vanam
1050 2593 1326 2648 Christum
1364 2598 1624 2654 traheret.
1667 2598 1819 2665 Quod
1881 2602 2077 2657 intelli-

503 2690 633 2746 gens
660 2675 909 2733 Salvator
933 2695 1038 2734 non
1064 2692 1145 2736 est
1170 2683 1457 2740 obsecutus
1482 2686 1577 2742 illi.

572 2787 663 2857 IV,
698 2790 782 2845 i2.
821 2790 951 2846 Cum
983 2804 1155 2847 autem
1193 2797 1423 2852 audisset
1467 2800 1622 2854 Jesus
1666 2802 1805 2871 quod
1840 2800 2076 2859 Joannes

506 2882 733 2934 traditus
764 2892 920 2955 esset,
954 2886 1161 2939 secessit
1190 2887 1243 2941 in
1277 2884 1575 2945 Catilinam.

575 2968 728 3025 Haud
771 2984 914 3027 metu
960 2979 1220 3044 secessit,
1261 2981 1356 3032 sed
1389 2992 1446 3034 ut
1478 2996 1577 3035 nos
1612 2997 1708 3051 per
1744 2998 1809 3039 ea
1839 2999 1957 3053 quae
1988 2984 2070 3039 fa-

2174 1232 2362 1286 αὑτοῦ
2395 1235 2481 1297 εἰς
2510 1232 2623 1297 τὴν
2651 1232 2985 1296 ἀποθήκην.

2244 1324 2383 1385 Τοὺς
2413 1322 2655 1384 δικαίους
2686 1321 2761 1388 (‘2)
2786 1320 3022 1390 ἁρπάζει
3047 1321 3125 1380 είς
3148 1316 3246 1387 τὴν
3283 1315 3395 1370 ἄνω
3423 1312 3757 1380 πόλιν,τοὺς

2172 1415 2228 1468 δὲ
2258 1413 2612 1485 ἁμαρτωλοὺς
2640 1414 2719 1475 είς
2748 1412 2806 1464 τὸ
2832 1410 3191 1477 κατακαῆναι.

2249 1505 2385 1558 Τότε
2410 1506 2443 1558 ὁ
2482 1503 2710 1568 Ἰησοῦς
2750 1501 2983 1569 ἀνήχθη
3010 1502 3096 1563 είς
3123 1498 3234 1565 τὴν
3253 1500 3479 1565 ἔρημον
3497 1493 3614 1550 ὑπὸ
3634 1493 3754 1550 τοῦ

2172 1597 2538 1664 Πνεύματος,
2572 1593 2965 1661 πειρασθῆναι
3001 1591 3117 1645 ὑπὸ
3152 1587 3257 1643 τοῦ
3296 1587 3597 1641 διαϐόλου.

2254 1688 2387 1741 Ὑπὸ
2439 1686 2533 1740 τοῦ
2589 1687 2662 1757 (5)
2710 1684 2953 1738 διαϐόλου
2985 1684 3149 1753 ἥγετο
3191 1682 3328 1736 κατᾶ
3372 1677 3752 1748 συγχώρησιν..

2246 1802 2355 1856 Καὶ
2401 1800 2756 1868 προσελθὼν
2798 1796 2959 1862 αὐτῷ
2990 1800 3021 1851 ὀ
3064 1793 3383 1862 πειράζων,
3443 1788 3643 1844 εἶπεν·
3673 1791 3751 1845 ει

2184 1895 2319 1957 Υἱός
2345 1893 2402 1945 εἷ
2434 1891 2542 1945 τοῦ
2577 1890 2747 1953 Θεοῦ,
2782 1888 2914 1942 εἰπὲ
2965 1888 3066 1939 ἵνα
3106 1888 3160 1939 ot
3188 1885 3343 1939 λίθοι
3384 1878 3549 1937 οὗτοι
3576 1878 3754 1948 ἄρτοι

2177 1982 2486 2054 γένωνται.
3245 2063 3264 2068 _
3285 2063 3312 2068 __
3429 2059 3452 2068 _
3679 2056 3705 2068 -

2248 2076 2359 2144 Οὐχ
2386 2074 2695 2143 ὑπήκουσεν
2723 2072 2751 2123 6
2782 2067 3014 2140 Χριστὸς
3033 2065 3124 2119 τοῦ
3146 2063 3393 2116 διαϐόλου
3419 2059 3559 2113 ὥστε
3584 2059 3748 2126 ποιῆ-

2177 2182 2269 2220 σαι
2312 2165 2438 2226 τοὺς
2483 2162 2666 2223 λίθους
2718 2159 2949 2228 ἄρτους·
3004 2155 3135 2207 διότι
3190 2153 3248 2205 ού
3290 2150 3425 2220 πρὸς
3476 2146 3747 2213 ὠφέλειαν

2176 2255 2342 2311 αὑτοῦ
2370 2249 2437 2324 ἦν
2457 2269 2471 2283 ·
2507 2254 2570 2305 ού
2598 2252 2705 2322 γάρ
2735 2250 2824 2303 ἵνα
2845 2245 3111 2317 πιστεύσῃ
3140 2244 3234 2297 καὶ
3253 2242 3478 2311 γένηται
3509 2239 3585 2300 ὡς
3609 2237 3747 2307 πρό-

2174 2363 2334 2417 τερον
2363 2340 2432 2415 ἦν
2478 2342 2729 2411 ἄγγελος,
2760 2339 2919 2393 τοῦτο
2961 2340 3140 2409 ᾐτεῖτο
3176 2332 3565 2404 (ἁμετανόητος
3588 2328 3750 2399 γὰρ),

2176 2437 2406 2492 ἀλλ’ἵνα
2454 2436 2533 2497 εἰς
2573 2430 2878 2495 κενοδοξίαν
2922 2429 3122 2498 ἐλκύσῃ
3165 2427 3258 2479 τὸν
3308 2423 3571 2496 Χριστόν·
3605 2422 3752 2490 ὅπερ

2177 2530 2331 2593 εἰδὼς
2357 2531 2385 2582 6
2412 2527 2605 2597 Σωτὴρ
2637 2526 2735 2595 οὐχ
2758 2524 3068 2596 ὑπήκουσεν
3102 2518 3288 2574 αὐτοῦ.

2261 2805 2545 2869 Ἀκούσας
2578 2801 2647 2857 δὲ
2675 2804 2707 2855 ό
2747 2799 2975 2865 Ἰησοῦς
2999 2797 3086 2850 ὅτι
3116 2793 3388 2857 Ἰωάννης
3423 2786 3751 2856 παρεδόθη,

2177 2896 2560 2964 ἀνεχώρησεν
2585 2894 2672 2957 εἱς
2700 2890 2815 2957 τὴν
2841 2885 3193 2942 Γαλιλαίαν.

2367 2961 2441 3039 Οὐ
2468 2985 2553 3038 διὰ
2585 2983 2786 3036 δειλίαν
2826 2979 3204 3049 ὑπεχώρησεν,
3239 2972 3353 3027 ἀλλ’
3384 2972 3532 3042 ἡμᾶς
3576 2969 3643 3021 δι’
3673 2961 3760 3022 ὧν

505 3059 679 3115 ciebat
705 3064 943 3117 erudiret
975 3067 1168 3120 cedere
1201 3066 1372 3121 locum
1401 3073 1860 3137 persecutoribus.
1912 3075 2075 3129 Sece-

2184 3075 2351 3128 ἐποίει
2372 3076 2635 3128 διδάσκων
2662 3072 2966 3141 ὑποχωρεῖν
2989 3071 3103 3130 τοῖς
3133 3066 3444 3119 διώκουσιν·
3476 3062 3760 3130 ἀναχωρεῖ

505 3151 582 3205 dit
613 3162 791 3206 autent
822 3169 885 3209 ex
918 3152 1101 3210 Judata
1149 3158 1214 3210 ad
1252 3170 1473 3227 gentes,
1517 3162 1895 3218 demonstrans
1931 3168 2073 3231 quod

504 3255 614 3296 non
658 3257 800 3297 nunc
843 3243 1185 3312 potissimum
1223 3262 1344 3301 cum
1387 3247 1556 3305 Judaei
1604 3252 1655 3307 in
1693 3254 1864 3322 ipsum
1908 3255 2072 3311 Deum

503 3332 884 3387 contumeliosi
922 3346 1083 3399 sunt,
1124 3339 1332 3393 recedit
1385 3341 1452 3395 ab
1497 3341 1632 3407 illis,
1680 3359 1865 3400 verum
1911 3348 2073 3402 etiam

508 3438 633 3479 cum
674 3424 939 3480 adversus
997 3438 1214 3483 sanctos
1271 3432 1562 3500 prepltetas
1615 3446 1862 3505 peccant.
1902 3437 2073 3493 Porro

506 3514 595 3570 lux
641 3533 871 3589 magna,
914 3519 1161 3575 Christus
1211 3532 1295 3576 est
1346 3520 1605 3579 Dominus
1655 3536 1872 3592 noster,
1913 3531 2073 3599 cujus

504 3606 731 3663 claritas
789 3612 1102 3680 praedicatio
1162 3618 1475 3686 evangelica
1531 3634 1653 3676 esse
1714 3621 2073 3690 dignoscitur.

507 3707 651 3779 Ergo
682 3708 852 3779 legem
886 3709 1103 3766 lucerna
1138 3712 1303 3768 veluti
1348 3717 1803 3785 repraesentabat;
1850 3720 2077 3789 ideoque

507 3808 764 3866 perpetua
797 3798 1018 3854 lucerna
1062 3801 1114 3854 in
1152 3803 1500 3858 tabernaculo
1538 3811 1972 3877 accendebatur,
2008 3814 2076 3867 0b

504 3888 918 3957 significandum
950 3891 1203 3960 exiguum
1234 3894 1575 3961 Splendorem
1603 3898 1734 3968 legis
1754 3938 1770 3965 ,
1796 3917 1915 3969 quas
1944 3918 2079 3957 non-

508 3982 612 4035 nisi
649 3980 791 4035 intra
832 3980 967 4037 ﬁnes
987 3979 1241 4038 Judaicos
1264 3984 1438 4039 lucem
1473 4002 1626 4041 suam
1656 3992 1961 4058 expandere
1984 4009 2081 4060 po-

509 4072 896 4139 terat.-—-,Jesu
928 4074 1207 4141 secessio,
1250 4078 1617 4145 magisterium
1664 4092 1905 4137 nostrum
1956 4095 2074 4139 est:

507 4164 795 4218 manifeste
836 4166 980 4219 enim
1021 4167 1178 4221 docet
1224 4169 1311 4222 hic
1353 4168 1665 4239 Scriptura,
1706 4174 1974 4229 neminem
2011 4177 2079 4231 ad

509 4253 888 4324 magisterium
941 4258 1201 4313 accedere
1237 4260 1468 4326 debere,
1499 4262 1600 4316 nisi
1641 4272 1798 4319 antea
1837 4266 2079 4335 baptiza-

508 4354 595 4397 ttts
646 4354 1005 4415 sanctumque
1036 4348 1297 4417 Spiritum
1339 4352 1565 4420 adeptus
1600 4352 1801 4417 fuerit,
1852 4367 1906 4411 et
1951 4373 2075 4425 per-

2182 3166 2238 3218 δὲ
2285 3168 2348 3218 ἐκ
2375 3166 2475 3234 τῆς
2510 3163 2770 3225 Ἰουδαίας
2806 3162 2898 3214 ἐπὶ
2944 3159 3012 3212 τὰ
3042 3159 3190 3226 ἔθνη,
3223 3156 3433 3217 δεικνὺς
3467 3156 3548 3207 ὅτι
3591 3153 3759 3221 μόνον

2182 3258 2271 3310 ὅτε
2314 3258 2393 3319 είς
2442 3257 2605 3310 αὐτὸν
2638 3255 2728 3308 τὸν
2775 3253 2907 3307 Θεὸν
2956 3251 3327 3322 ἐνυϐρίζουσιν
3380 3248 3430 3299 οἱ
3482 3245 3756 3310 Ἰουδαῖοι,

2183 3349 2475 3416 ἀφίσταται
2532 3346 2731 3408 αὐτῶν,
2786 3344 2921 3399 ἀλλὰ
2966 3344 3062 3396 καὶ
3113 3344 3201 3395 ὅτε
3248 3342 3327 3402 είς
3376 3337 3501 3399 τοὺς
3561 3336 3761 3402 ἁγίους

2184 3440 2472 3511 προφήτας
2503 3438 2908 3509 ἁμαρτάνουσι·
2950 3435 3064 3503 φῶς
3097 3434 3154 3485 δὲ
3198 3431 3338 3528 μέγα
3369 3432 3484 3528 ἐστὶ
3516 3426 3761 3528 Χριστὸς

2182 3533 2211 3585 6
2251 3530 2454 3601 Κύριος
2480 3530 2658 3601 ἡμῶν,
2706 3529 2798 3583 καὶ
2828 3530 2861 3597 ή
2899 3526 3191 3597 φαιδρότής
3242 3522 3338 3575 τοῦ
3392 3519 3761 3587 εὐαγγελικοῦ

2184 3621 2560 3692 κηρύγματος.
2596 3619 2804 3673 Οὐκοῦν
2831 3621 2859 3671 6
2885 3621 3046 3687 νόμος
3085 3617 3161 3678 ὡς
3192 3614 3371 3684 λύχνῳ
3416 3608 3484 3682 ἦν
3516 3613 3759 3663 ἀπεικα-

2186 3714 2331 3776 σθείς
2356 3730 2370 3744 ο
2391 3713 2470 3765 διὸ
2499 3714 2592 3765 καὶ
2628 3712 2712 3764 ἀεὶ
2737 3714 2793 3763 ἐν
2820 3713 2885 3781 τῇ
2912 3712 3081 3779 σκηνῇ
3108 3707 3299 3777 λύχνος
3322 3704 3556 3765 ἐκαίετο,
3580 3702 3672 3753 διὰ
3694 3699 3762 3752 τὸ

2189 3805 2361 3875 βραχὺ
2392 3805 2491 3873 τῆς
2537 3803 2629 3856 τοῦ
2664 3803 2829 3872 νόμου
2862 3802 3057 3870 αὐγῆς,
3103 3801 3231 3869 ἄχρι
3284 3796 3439 3866 μόνον
3471 3792 3581 3845 τῶν
3618 3792 3762 3845 Ἰου-

2183 3897 2387 3951 δαϊκῶν
2415 3898 2556 3967 ὅρων
2595 3895 2793 3964 ἰσχύων
2827 3892 3105 3962 ἐκπέμψαι
3135 3890 3197 3941 τὸ
3233 3887 3360 3940 ἴδιον
3392 3884 3525 3955 φῶς.
3558 3913 3626 3923 -
3663 3886 3763 3934 Δι-

2185 3988 2479 4048 δασκαλίας
2510 3988 2656 4038 ἐστὶν
2703 3985 2764 4038 τὸ
2796 3984 3098 4053 ἀναχωρεῖν
3144 3981 3234 4033 τὸν
3284 3977 3522 4048 Ἰησοῦν·
3563 3973 3760 4042 σαφῶς

2183 4078 2339 4146 λόγος
2365 4078 2603 4131 διδάσκει
2649 4077 2729 4129 ὅτι
2758 4078 2817 4129 οὐ
2844 4077 2946 4145 χρή
2980 4090 3100 4126 τινα
3152 4072 3244 4124 ἐπὶ
3284 4070 3343 4121 τὸ
3382 4066 3759 4120 διδασκαλεῖον

2184 4170 2380 4233 ἐλθεῖν,
2416 4170 2463 4221 εί
2492 4168 2565 4238 μὴ
2601 4169 2861 4238 πρότερον
2886 4164 3179 4237 βαπτισθῇ,
3206 4163 3239 4232 ἢ
3266 4160 3403 4231 τύχῃ
3438 4158 3762 4227 Πνεύματος

2186 4263 2358 4330 ἁγίου,
2418 4262 2511 4314 καὶ
2560 4260 2829 4332 νηστεύσῃ
2883 4259 3211 4327 ὁλοκλήρως,
3252 4254 3348 4306 καὶ
3392 4252 3594 4321 νικήσῃ
3647 4248 3761 4300 πᾶν

2185 4351 2326 4416 εἶδος
2362 4350 2688 4422 πειρασμοῦ,
2721 4351 2796 4413 ὡς
2822 4353 2849 4403 ὁ
2878 4350 3044 4411 τύπος
3088 4348 3188 4411 τῆς
3220 4342 3479 4405 ἀληθείας
3528 4338 3758 4410 ἤρξατο,

508 4435 650 4492 fecte
691 4436 1054 4508 ieiunaverit,
1113 4451 1275 4512 atque
1317 4457 1478 4500 omne
1532 4447 1849 4502 tentationis
1908 4464 2076 4517 genus

2184 4446 2277 4498 καὶ
2304 4444 2391 4497 διὰ
2419 4442 2656 4514 Χριστοῦ
2690 4443 2919 4511 γίνεται.

508 4531 847 4598 superaverit
874 4548 890 4587 :
925 4532 1066 4601 quod
1098 4549 1307 4603 reapse.
1340 4538 1587 4593 veritatis
1620 4549 1796 4609 typus,
1835 4541 2081 4597 Christus

509 4621 731 4691 inquam
753 4662 769 4687 ,
803 4623 1018 4679 initium
1054 4627 1244 4697 agendi
1278 4626 1425 4682 fecit.

524 4748 541 4771 κ
579 4730 681 4798 1V,
714 4731 803 4787 16.
842 4733 1105 4804 Populus,
1131 4738 1223 4806 qui
1257 4737 1471 4791 sedebat
1493 4738 1548 4791 in
1581 4740 1826 4803 tenebris,
1858 4743 2079 4796 viditlu-

508 4837 618 4875 cem
657 4840 921 4892 magnam.

583 4910 991 4968 Tenebras'hic
1015 4929 1120 4969 non
1157 4917 1257 4971 has
1286 4917 1568 4973 sensibiles
1604 4920 1771 4984 dicit,
1800 4922 1893 4976 sed
1928 4938 2081 4977 erro-

514 5020 625 5057 rem
646 5012 701 5057 et
723 5003 1102 5059 idololatriam.
1124 5005 1328 5061 Idcirco
1344 5010 1491 5062 addit
1515 5029 1528 5065 :
1549 5012 1903 5067 «Sedentibus
1921 5015 1969 5067 in
1995 5031 2081 5070 re-

510 5096 671 5165 gione
699 5102 755 5148 et
783 5096 971 5147 umbra
1008 5097 1198 5151 mortis
1228 5096 1316 5151 lux
1346 5097 1569 5155 affulsit.
1590 5101 1739 5156 tlllox
1768 5112 1823 5156 ut
1856 5105 2079 5158 demon-

512 5193 647 5238 stret
673 5222 688 5249 ,
720 5182 860 5252 quod
890 5198 993 5236 non
1022 5183 1120 5253 ipsi
1151 5188 1443 5252 quaerendo
1470 5189 1796 5253 invenerint,
1826 5192 1919 5242 sed
1946 5191 2081 5243 Deus

511 5275 716 5329 eisdem
750 5286 984 5342 superne
1019 5289 1080 5330 se
1110 5274 1391 5340 obtulerit,
1418 5294 1436 5325 ι
1469 5274 1590 5343 Ipsa
1626 5277 1711 5330 lus
1740 5279 1929 5331 oborta
1953 5286 2075 5341 est,

586 5428 663 5497 (1)
682 5429 1059 5496 Συνέδησε...
1089 5428 1422 5495 σημαίνων.
1453 5428 1575 5482 llaec
1601 5428 1786 5483 iisdem
1821 5428 1931 5484 fere
1961 5444 2081 5484 ver-

514 5495 603 5550 bis
624 5495 875 5559 leguntur
903 5495 1037 5550 infra
1072 5499 1135 5550 ad
1166 5499 1294 5552 Luc.
1326 5498 1412 5561 Ill,
1446 5499 1530 5552 16.
1572 5499 1728 5551 Εοιτ.

588 5566 666 5637 (ἓ)
704 5569 848 5637 Τοὺς
872 5568 1218 5633 δικαίους-
1235 5568 1621 5636 κατακαῆναι.
1647 5568 1890 5623 Cramer.
1914 5586 1963 5637 p.
1987 5570 2077 5623 ει.

591 5635 666 5701 (‘5)
709 5635 855 5688 Ὑπὸ
890 5666 961 5678 -
988 5638 1394 5707 συγχώρησις.
1429 5635 1670 5694 (Iratncr.
1700 5656 1745 5707 p.
1779 5639 1847 5691 95

2266 4731 2328 4784 '0
2351 4730 2499 4796 λαὸς
2525 4732 2559 4784 d
2586 4729 2924 4798 καθήμενος
2950 4728 3019 4782 ἐν
3040 4728 3267 4790 σκότει,
3292 4722 3414 4780 εἶδε
3437 4725 3561 4795 ςρῶς
3581 4723 3754 4794 μέγα.

2262 4911 2335 4981 (5)
2371 4910 2567 4975 Σκότος
2621 4912 2853 4964 ἐνταῦθα
2902 4913 2963 4964 ού
3018 4913 3078 4965 τὺ
3114 4910 3370 4981 αἰσθητὸν
3403 4908 3581 4971 καλεῖ,
3622 4907 3764 4962 ἀλλὰ

2188 5003 2286 5072 τὴν
2340 5003 2546 5071 πλάνην
2603 5004 2695 5056 καὶ
2729 5004 2824 5073 τὴν
2861 5003 3146 5056 ἀσέϐειαν·
3204 5003 3285 5054 διὸ
3339 5001 3432 5053 καὶ
3465 5001 3717 5068 ἐπήγαγε
3744 5017 3761 5031 ο

2194 5111 2213 5146 ι
2256 5095 2380 5157 Τοῖς
2412 5096 2736 5165 καθημένοις
2774 5096 2832 5147 ἐν
2861 5094 3016 5165 χώρᾳ
3050 5096 3144 5148 καὶ
3198 5095 3324 5164 σκιᾷ
3351 5092 3605 5154 θανάτου,
3644 5089 3764 5160 φῶς

2188 5188 2428 5257 ἔλαμψεν
2458 5189 2657 5241 αὐτοῖς.
2695 5207 2713 5239 t
2752 5184 2884 5240 Εἶτα
2907 5188 3116 5249 δεικνὺς
3146 5188 3225 5239 ὅτι
3249 5187 3347 5237 οὐκ
3395 5184 3549 5236 αὐτοὶ
3596 5183 3764 5253 ζητή-

2190 5294 2378 5339 σαντες
2411 5270 2588 5347 εὗρον,
2616 5277 2731 5331 ἀλλ’
2758 5281 2786 5331 6
2812 5279 2941 5342 Θεὸς
2974 5277 3158 5341 αὐτοῖς
3190 5275 3396 5330 ἄνωθεν
3425 5275 3622 5344 ἐφάνη,
3653 5289 3763 5343 φη-

2223 5436 2336 5557 ἓἐξ)
2375 5439 2454 5489 0:)
2484 5435 2581 5489 διὰ
2618 5464 2686 5475 -—-
2714 5435 2971 5504 Χριστοῦ
3012 5436 3254 5505 γίνεται.
3292 5430 3414 5488 Mai.
3446 5430 3513 5488 Β.
3558 5429 3630 5489 Ν.
3668 5428 3760 5501 Ili,

2189 5513 2312 5557 128.

2262 5576 2335 5645 (ἱὶ)
2362 5577 2580 5641 fed-or;
2608 5608 2675 5617 -—
2707 5575 3212 5631 ἀπαλλάττεσθαι.
3248 5576 3377 5632 ibid.
