4042 6196
382 247 486 306 575

477 383 697 440 Carnali
724 383 892 440 cultui
924 381 1130 440 cultum
1162 383 1216 439 in
1244 382 1440 455 spiritu
1491 399 1556 440 ac
1584 383 1813 438 veritate
1853 381 1981 438 sub-
2009 385 2058 440 Δ

406 476 584 534 stituit
611 474 896 532 Dominus.
928 476 1068 544 Quin
1106 477 1244 532 adeo
1286 491 1406 548 qute
1441 492 1508 532 ne
1537 475 1832 531 carnaliter
1863 473 1983 544 qui-

409 571 532 625 dem
564 567 735 624 Judaei
770 567 1003 623 fortasse
1039 567 1308 638 agebant,
1344 566 1458 621 hac
1478 566 1798 636 spiritaliter
1827 563 1983 618 Chri-

405 663 475 718 sti
506 670 674 732 agunt
701 661 970 731 discipuli.
1008 660 1376 728 Quamobrem
1423 678 1442 712 ι
1497 660 1569 713 ait
1604 677 1616 713 :
1680 659 1789 712 lota
1817 670 1981 710 unum

405 763 500 810 aut
534 770 674 808 unus
705 768 842 823 apex
872 768 980 808 non
1013 751 1465 823 praetermittetur
1512 751 1579 804 de
1627 750 1776 820 lege,
1811 749 1985 804 donec

405 848 588 903 omnia
625 847 776 902 ﬁant.
815 866 835 900 ι
869 847 1217 916 Perspicuum
1241 854 1358 913 est,
1398 853 1590 900 cuncta
1636 842 1850 899 Judazos
1879 858 1982 896 non

408 939 625 1006 fecisse,
679 940 762 993 vel
792 938 836 994 si
875 939 1007 994 olim
1041 939 1321 1005 fecerunt,
1373 937 1485 1008 jam
1528 953 1672 991 nunc
1711 937 1987 992 desierant

407 1031 624 1098 facere,
689 1031 948 1102 prohibiti
1018 1032 1248 1096 scilicet,
1291 1031 1450 1086 modo
1509 1044 1696 1101 regum
1767 1032 1984 1096 timore,

408 1126 568 1179 modo
596 1125 774 1192 templi
799 1125 1193 1189 destructione,
1211 1125 1261 1179 in
1285 1139 1392 1193 quo
1420 1139 1526 1179 uno
1550 1122 1816 1178 sacrificia
1858 1138 1983 1193 per-

408 1215 491 1282 agi
519 1215 822 1285 oportebat.

477 1307 544 1370 V,
582 1306 667 1360 l9.
703 1307 808 1373 Qui
833 1307 1040 1362 solverit
1073 1323 1235 1361 unum
1280 1307 1343 1362 de
1395 1304 1659 1360 mandatis
1709 1305 1828 1358 istis
1873 1304 1981 1356 mi-

409 1397 585 1450 nimis.

478 1490 582 1556 Qui
609 1490 692 1546 vel
728 1507 891 1546 unum
926 1490 1061 1561 legis
1085 1498 1413 1561 praeceptum
1440 1489 1607 1553 delet,
1635 1488 1843 1544 deletur
1871 1488 1985 1556 ipse

407 1579 618 1645 aDeo,
669 1589 855 1652 utpote
908 1580 1006 1637 Dei
1061 1582 1440 1647 adversarius,
1477 1589 1533 1634 et
1567 1588 1757 1636 contra
1813 1579 1984 1648 legem

406 1668 527 1738 ejus
551 1685 736 1738 agens.
787 1671 901 1726 lmo
943 1687 1088 1727 nunc
1141 1672 1210 1726 ab
1260 1669 1575 1740 evangelica
1615 1672 1731 1740 lege
1768 1683 1983 1738 pcenam

407 1761 682 1830 perieret,
721 1779 880 1833 quam
912 1766 1087 1833 prisca
1122 1763 1203 1818 lex
1259 1777 1364 1817 non
1401 1761 1695 1817 inferebat.
1748 1760 1984 1831 ideoque

405 1862 463 1908 et
486 1864 880 1923 consequenter
904 1855 1249 1911 aithristus
1275 1873 1290 1909 :
1331 1874 1350 1908 ι
1385 1854 1500 1908 Non
1530 1857 1652 1909 veni
1685 1855 1853 1923 legem
1878 1853 1986 1908 sol-

407 1960 572 2008 vere,
603 1946 700 2002 sed
731 1947 1046 2017 adimplere.
1082 1967 1100 1999 ι
1134 1947 1286 2014 Quod
1321 1948 1464 2001 enim
1502 1947 1572 2000 ibi
1607 1947 1807 2001 dictum
1847 1945 1982 2011 fuit,

409 2035 500 2093 hic
529 2047 612 2092 est
635 2038 956 2107 perlectum.
983 2036 1039 2092 ln
1071 2039 1219 2109 lege,
1253 2050 1410 2107 puta,
1436 2038 1635 2092 dictum
1666 2037 1764 2092 fuit
1795 2058 1808 2094 :
1843 2058 1860 2090 ι
1883 2039 1988 2093 Co-

409 2142 524 2180 ram
549 2143 683 2182 cano
714 2129 889 2198 capite
925 2144 1189 2197 coasurge
1213 2130 1258 2183 ³.
1291 2149 1308 2181 ο
1367 2131 1436 2185 Et
1464 2146 1477 2183 :
1516 2148 1534 2181 ι
1575 2130 1631 2184 Si
1670 2130 1870 2184 videris
1900 2129 1989 2195 jn-

408 2227 655 2272 mentum
709 2219 912 2274 inimici
969 2220 1047 2272 tui
1085 2221 1184 2273 sub
1231 2221 1444 2274 sarcina
1473 2220 1722 2288 lapsum,
1772 2221 1853 2273 fer
1884 2221 1984 2288 ipsi

408 2323 568 2378 Opem
598 2309 665 2363 ad
700 2309 830 2363 illud
876 2309 1271 2364 sublevandum
1307 2310 1348 2366 ‘.
1393 2328 1411 2362 ι
1470 2311 1721 2365 Attamen
1770 2310 1812 2364 si
1867 2311 1987 2378 quis

408 2399 527 2456 hinc
555 2410 820 2471 praecepta
853 2413 1222 2471 transgressus
1262 2402 1472 2467 fuisset,
1509 2418 1726 2473 poenam
1785 2402 1985 2458 nullam

408 2492 498 2548 lex
550 2492 824 2563 inﬂigebat
854 2513 869 2550 :
904 2509 1065 2563 quam
1115 2496 1330 2565 quidem
1384 2495 1686 2564 adimplens
1741 2495 1988 2549 Christus

411 2583 524 2648 ait,
582 2585 854 2640 hominem
918 2586 1226 2655 huiusmodi
1276 2587 1327 2640 in
1366 2600 1532 2658 regno
1580 2585 1674 2640 Dei
1705 2584 1820 2640 l‘ore
1849 2599 1984 2640 con-

411 2677 782 2732 temnendum.
812 2675 927 2733 Hoc
959 2678 1139 2748 itaque
1169 2679 1277 2734 etsi
1312 2679 1599 2733 minimum
1635 2687 1985 2748 prteceptum,

411 2767 568 2836 cujus
592 2769 774 2824 violati
811 2769 938 2824 olim
974 2769 1115 2824 nulla
1149 2780 1268 2824 erat
1316 2770 1549 2824 vindicta
1572 2811 1586 2836 ,
1629 2770 1673 2824 si
1698 2770 1821 2839 quis
1849 2768 1989 2823 dele-

411 2858 589 2923 verit,
626 2859 712 2914 hic
745 2859 800 2914 iu
832 2875 972 2915 novo
1001 2859 1202 2915 fcedere
1229 2874 1444 2928 pmnam
1489 2859 1714 2914 referet.

484 2946 535 3014 7
568 2945 668 3010 Qui
704 2959 880 3003 autent
912 2949 1092 3018 fecerit
1119 2960 1168 3001 et
1209 2950 1469 3017 docuerit,
1511 2951 1593 3003 hic
1640 2964 1862 3018 magnus
1899 2964 1990 3003 vo-

413 3031 620 3086 cabitur
645 3036 698 3089 in
728 3053 883 3107 regno
916 3038 1184 3091 caelorum.

485 3122 640 3188 Quod
671 3126 758 3181 hic
787 3129 851 3180 de
877 3128 1254 3197 conjungenda
1303 3127 1501 3181 actioni
1536 3127 1783 3183 doctrina
1829 3127 1988 3182 Chri-

1439 263 1499 319 S.
1537 259 1813 318 CYltiLLl
1854 256 2326 316 ALEXANDRINI
2369 256 2690 317 ARCHIEP.

3561 247 3670 304 576

2157 380 2233 452 (i)
2278 381 2424 435 Ἀντὶ
2445 381 2546 450 τῆς
2577 375 2843 449 σαρκικῆς
2872 369 3128 442 λατρείας
3169 367 3462 439 εἰσήγαγεν
3491 367 3520 420 ὁ
3555 366 3667 419 Κύ-

2089 491 2202 543 ριος
2231 473 2330 544 τὴν
2363 475 2421 526 ἐν
2462 471 2734 541 πνεύματι
2771 467 2865 520 καὶ
2907 463 3139 534 ἀληθεία
3223 463 3317 516 καὶ
3349 461 3488 531 τάχα
3523 458 3669 528 ᾇπερ

2086 563 2208 617 οὕτε
2235 561 2515 634 σαρκικῶς
2538 560 2754 614 ἐποίουν
2788 559 2837 610 oi
2863 557 3127 619 Ἰουδαῖοι,
3156 553 3329 607 ταῦτα
3363 551 3458 604 νῦν
3501 566 3667 603 πνευ-

2091 656 2336 726 ματικῶς
2375 656 2424 706 oi
2477 651 2714 722 Χριστοῦ
2770 648 3012 720 μαθηταὶ
3043 645 3286 699 ποιοῦσι³
3334 643 3414 696 διό
3467 655 3666 711 φησιν·

2091 763 2109 798 ι
2148 745 2300 798 Ἰῶτα
2318 744 2374 797 ἓν
2466 744 2563 814 μία
2578 741 2781 813 διεραία
2811 739 2870 792 οὐ
2899 740 2972 809 μὴ
3000 735 3243 808 παρέλθῃ
3270 736 3334 787 ἐκ
3357 733 3449 786 τοῦ
3480 733 3670 802 νόμον,

2087 836 2190 900 ἕως
2219 837 2397 890 πάντα
2433 835 2688 904 γένηται·
2726 852 2744 884 ι
2783 831 2938 900 δῆλον
2970 831 3054 883 ὅτι
3083 828 3143 881 ού
3186 827 3364 879 πάντα
3406 823 3672 894 ἐποίησαν

2086 931 2135 983 oi
2168 929 2448 983 Ἰουδαῖοι·
2477 927 2636 998 ἢκᾶν
2675 923 2957 995 ἐποίησαν,
3011 919 3315 973 ἐπαύσαντο
3346 915 3436 969 τοῦ
3473 915 3670 976 ποιεῖν,

2092 1021 2290 1092 μηκέτι
2321 1017 2762 1090 συγχωρούμενοι
2793 1015 3018 1084 ποιῆσαι
3049 1011 3206 1076 αὐτὰ,
3237 1011 3312 1079 πῆ
3348 1010 3444 1080 μὲν
3471 1007 3559 1061 διὰ
3581 1008 3671 1060 τὸν

2088 1113 2253 1182 φόϐον
2283 1111 2390 1164 τῶν
2415 1109 2703 1180 βασιλέων,
2727 1111 2803 1178 πῆ
2843 1107 2898 1160 δὲ
2929 1107 3024 1159 καὶ
3051 1103 3127 1174 τῷ
3152 1101 3552 1156 καταλελύσθαι
3585 1100 3678 1152 τὸν

2087 1203 2234 1265 ναὸν,
2267 1203 2323 1254 ἐν
2359 1195 2403 1268 ᾧ
2426 1201 2570 1271 μόνῳ
2602 1199 2708 1251 ἔδει
2731 1198 2831 1260 τὰς
2865 1195 3057 1258 θυσίας
3095 1191 3482 1247 ἐπιτελεῖσθαι.

2166 1295 2262 1358 ⁸ος
2292 1292 2400 1345 ἐὰν
2438 1286 2553 1345 οὖν
2579 1290 2742 1356 λύσῃ
2792 1288 2940 1357 μίαν
2990 1285 3106 1339 τῶν
3139 1281 3404 1338 ἐντολῶν
3444 1282 3682 1336 τούτων

2088 1386 2206 1439 τῶν
2245 1385 2606 1453 ἐλαχίστων.

2170 1477 2226 1528 '0
2261 1475 2468 1530 ἀθετῶν
2501 1474 2574 1542 (2)
2611 1471 2736 1542 μίαν
2765 1469 2871 1522 τῶν
2913 1465 3008 1521 τοῦ
3058 1467 3224 1538 νόμου
3268 1464 3516 1523 ἐντολῶν,
3548 1463 3674 1516 ἀθεο

2085 1568 2259 1619 τεῖται
2296 1563 2444 1634 παρὰ
2470 1562 2561 1615 τοῦ
2589 1560 2723 1613 Θεοῦ
2750 1559 2824 1621 ὡς
2853 1557 3144 1628 θεομάχος,
3188 1553 3282 1606 καὶ
3324 1550 3676 1622 ἀντινομοθε-

2086 1657 2195 1710 τῶν
2221 1656 2297 1726 τῷ
2321 1654 2436 1725 Θεῴ
2471 1653 2582 1724 (5)·
2619 1652 2712 1704 καὶ
2735 1649 2830 1716 νῦν
2873 1650 2936 1701 ἐκ
2975 1647 3069 1700 τοῦ
3109 1642 3466 1712 εύαγγελικοῦ
3507 1642 3675 1713 νόμου

2093 1749 2305 1819 δέχεται
2329 1747 2428 1815 τὴν
2463 1744 2755 1816 τιμωρίαν,
2781 1743 2846 1810 ἢν
2879 1742 2905 1792 ὁ
2938 1739 3102 1809 νόμος
3125 1737 3294 1790 παλαι
3325 1737 3424 1788 ούκ
3456 1730 3523 1805 ἦν
3555 1733 3675 1804 ὁρί-

2097 1857 2224 1903 σας’
2253 1839 2331 1892 διὸ
2363 1837 2454 1890 καὶ
2482 1834 2789 1896 ἀκολούθως
2835 1833 2980 1900 λέγει
3029 1832 3056 1882 ὁ
3087 1829 3344 1900 Χριστὸς,
3385 1829 3465 1880 ὅτι
3495 1847 3511 1878 ι
3558 1826 3676 1879 οὐκ

2093 1929 2254 2003 ἦλθον
2285 1927 2588 1983 καταλῦσαι
2617 1924 2705 1977 τὸν
2724 1924 2906 1992 νόμον,
2938 1919 3076 1974 ἀλλὰ
3106 1918 3395 1990 πληρῶσαι
3421 1931 3433 1944 ·
3467 1937 3484 1967 ι
3512 1915 3539 1968 ὃ
3563 1914 3676 1985 γὰρ

2094 2024 2211 2076 ἐκεῖ
2244 2021 2450 2086 ἔλεγεν,
2481 2013 2582 2071 ὧδε
2606 2017 2670 2070 ἂν
2697 2012 2988 2085 ἐπληρώθη
3014 2029 3027 2042 ·
3062 2006 3172 2063 οἷον
3195 2013 3249 2062 ἐν
3281 2009 3357 2079 τῷ
3387 2007 3536 2078 νόμῳ
3565 2005 3677 2058 ἐλέ-

2095 2113 2218 2184 χθη·
2258 2130 2276 2162 ι
2329 2109 2459 2163 Ἀπὸ
2494 2107 2786 2178 προσώπου
2827 2103 3012 2156 πολιοῦ
3055 2100 3431 2172 ἐξαναστήσῃ.
3476 2118 3494 2150 ο
3541 2097 3675 2149 Καί’

2100 2222 2118 2254 ι
2170 2200 2292 2254 Ἐὰν
2319 2200 2434 2272 ἴδῃς
2463 2199 2522 2250 τὸ
2545 2195 2838 2264 ὑποζύγιον
2869 2193 2960 2247 τοῦ
2990 2192 3183 2264 ἐχθροῦ
3229 2207 3321 2243 σου
3355 2191 3673 2241 ἐπιπεπτω-

2094 2295 2188 2357 κὸς
2237 2293 2341 2346 ὑπὸ
2388 2293 2478 2344 τὸν
2526 2291 2718 2360 γόμον,
2753 2288 3068 2358 συνέγειρον
3103 2285 3236 2339 αὐτὸ
3271 2283 3390 2354 μετ’
3421 2281 3604 2336 αὑτοῦ.
3649 2301 3669 2332 ι

2097 2385 2280 2438 Ταῦτα
2317 2385 2365 2436 εί
2407 2381 2620 2452 παρέϐη
2643 2398 2747 2444 τις,
2772 2381 2870 2433 οὐκ
2900 2375 2967 2450 ἦν
2997 2377 3236 2448 τιμωρία
3267 2373 3544 2450 όρ-ισθεῖσα
3568 2371 3675 2424 ὑπὸ

2093 2477 2186 2531 τοῦ
2213 2477 2402 2545 νόμου,
2431 2476 2497 2545 ἦν
2521 2474 2855 2544 ἀποπληρῶν
2877 2471 2903 2521 ὁ
2930 2471 3164 2542 Χριστός
3190 2485 3375 2538 φησιν,
3401 2465 3482 2518 ὅτι
3518 2465 3573 2517 ἐν
3605 2466 3675 2534 τῇ

2098 2568 2344 2640 βασιλείᾳ
2366 2565 2458 2618 τοῦ
2491 2563 2626 2618 Θεοῦ
2655 2566 2682 2616 ὁ
2707 2562 2948 2624 τοιοῦτος
2988 2557 3492 2628 ἐξουθενηθησεται.
3527 2552 3675 2606 Ταύ-

2093 2679 2192 2731 την
2219 2657 2313 2714 οῦν
2342 2659 2437 2711 καὶ
2465 2659 2514 2710 εἰ
2538 2655 2830 2724 ἐλαχίστην
2863 2652 3103 2722 ἐντολὴν,
3129 2651 3214 2719 ἐφ’
3247 2649 3312 2720 ἢν
3340 2649 3438 2701 οὐκ
3466 2643 3532 2717 ἦν
3561 2646 3679 2698 ἐκεῖ

2096 2751 2460 2824 παραϐάσεως
2488 2745 2803 2815 ἐπαγομένη
2829 2744 3071 2806 κόλασις,
3103 2743 3130 2794 ὁ
3163 2738 3394 2806 ἀθετῶν,
3425 2732 3580 2800 οὗτος
3611 2739 3677 2788 ἐκ

2094 2847 2190 2917 τῆς
2223 2847 2349 2907 νέας
2387 2841 2656 2911 διαθήκης
2680 2835 3155 2909 τιμωρηθήσεται.

2171 2942 2266 3005 Ὃς
2291 2938 2343 2990 δ’
2368 2937 2444 2990 ἂν
2465 2933 2692 3000 ποιήσῃ
2722 2932 2817 2984 καὶ
2850 2928 3084 2995 διδάξῃ,
3110 2921 3288 2991 οὗτος
3306 2923 3496 2994 μέγας
3532 2925 3677 2987 κλη-

2095 3031 2343 3100 θήσεται
2374 3030 2444 3080 ἐν
2473 3024 2545 3093 τῇ
2570 3021 2859 3089 βασιλείᾳ
2889 3017 3008 3072 τῶν
3035 3015 3326 3084 οὐρανῶν.

2159 3117 2324 3189 Οἶμαι
2353 3119 2410 3170 δὲ
2442 3116 2536 3170 καὶ
2571 3115 2630 3168 τὸ
2655 3112 2871 3183 δίχηλον
2901 3111 2956 3163 ἐν
2982 3109 3060 3179 τῷ
3092 3108 3248 3178 νόμῳ
3279 3104 3437 3159 τοῦτο
3473 3103 3676 3175 σημαί-

415 3225 534 3270 stus
567 3225 775 3282 monet,
814 3226 945 3286 puto
980 3218 1031 3272 in
1072 3217 1190 3288 lege
1223 3215 1589 3286 signiﬁcatum
1640 3218 1988 3273 distinctione

2097 3231 2218 3270 νειν·
2242 3212 2303 3264 τὸ
2321 3210 2408 3266 διὰ
2428 3209 2588 3274 λόγου
2613 3207 2707 3260 xatl.
2732 3202 2982 3276 πράξεως
3003 3201 3206 3254 ὁδεύειν
3225 3201 3389 3270 ἡμᾶς·
3416 3199 3513 3250 καὶ
3538 3198 3675 3267 μήτε

414 3308 742 3363 mundarum
772 3311 1078 3380 pecudum;
1112 3326 1346 3380 quarum
1382 3327 1524 3366 unus
1556 3327 1624 3366 ex
1656 3312 1992 3367 characteri-

417 3400 523 3454 bus
549 3411 694 3466 erat,
727 3401 887 3457 ﬁssas
920 3401 1155 3472 ungulas
1183 3403 1379 3472 pedum
1414 3403 1651 3469 habere;
1697 3418 1804 3472 quo
1832 3403 1994 3458 tacite

414 3491 791 3562 praescribitur
833 3493 1045 3548 bisulco
1084 3494 1242 3563 pede,
1267 3494 1988 3564 consideratione,inquam.

415 3591 472 3638 et
510 3585 692 3654 praxi,
727 3585 1112 3640 ambulandum
1163 3600 1286 3642 esse
1331 3587 1507 3652 nobis,
1539 3595 1598 3641 ut.
1637 3602 1810 3656 neque
1856 3600 1990 3658 aga-

417 3691 541 3732 mus
591 3677 713 3731 sine
777 3678 1258 3746 contemplatione,
1313 3693 1490 3748 neque
1565 3678 1994 3747 contemplemur

2092 3307 2350 3379 πράττειν
2393 3301 2626 3368 ἀλόγως,
2665 3298 2804 3368 μήτε
2835 3294 2996 3362 λόγον
3023 3292 3162 3362 ἔχειν
3195 3289 3448 3362 πράξεως
3471 3289 3638 3359 χωρίς
3661 3305 3675 3320 ο

2092 3401 2140 3451 εἰ
2170 3398 2224 3450 δέ
2255 3413 2306 3449 τι
2339 3397 2400 3447 ἐκ
2417 3392 2524 3445 τῶν
2547 3387 2803 3443 τοιούτων
2827 3381 2964 3438 εἶναι
2993 3383 3240 3454 βούλεται
3271 3381 3676 3452 μεμονωμένον,

2097 3488 2294 3562 πρᾶξις
2328 3485 2465 3538 ἔστω
2495 3480 2678 3535 λοιπὸν
2706 3477 2800 3532 καὶ
2831 3475 2906 3547 μὴ
2927 3474 3105 3543 λόγος.
3141 3473 3317 3542 Λόγος
3348 3470 3456 3541 γὰρ
3486 3468 3675 3540 ἀχαλε-

2097 3600 2264 3647 νωτος
2286 3578 2430 3634 κατὰ
2475 3573 2739 3648 κρημνῶν
2789 3571 2968 3640 ῶθησε
3012 3567 3276 3629 πολλάκις
3323 3565 3448 3628 τοὺς
3478 3579 3670 3632 κεκτη-

2104 3676 2296 3748 μένους
2317 3690 2329 3703 ·
2359 3669 2557 3740 πρᾶξις
2583 3666 2640 3720 δὲ
2670 3664 2946 3718 οὐδέποτε.

418 3771 538 3824 sine
612 3768 790 3840 praxi.
854 3768 1007 3834 Quod
1040 3769 1088 3823 si
1154 3771 1385 3825 alterum
1431 3772 1624 3826 borum
1669 3774 1737 3826 ab
1786 3773 1959 3828 altero
1993 3770 2354 3842 separandum
2395 3773 2501 3829 est,
2562 3759 2899 3817 tolerabilius
2970 3755 3138 3810 fuerit
3175 3755 3386 3824 praxim
3474 3753 3679 3807 habere

419 3859 614 3925 solam,
642 3874 804 3930 quam
866 3859 1230 3929 cognitionem
1265 3862 1519 3917 otiosam.
1551 3863 1791 3918 Scientia
1850 3865 1995 3920 enim
2020 3860 2379 3935 speculationi
2439 3857 2654 3914 curiose
2681 3853 3060 3918 desidioseque
3096 3848 3383 3918 indulgens
3410 3886 3424 3911 ,
3457 3846 3678 3901 effrenis

417 3954 869 4023 contumacisque
933 3962 1140 4006 natura:
1208 3963 1328 4017 est,
1379 3953 1682 4024 multosque
1724 3957 1776 4009 in
1826 3971 2066 4028 princeps
2113 3955 2326 4022 impulit
2365 3951 2468 4005 sibi
2528 3943 2780 4012 deditos;
2831 3954 3050 3999 actuosa
3094 3957 3226 3996 vero
3279 3941 3390 3996 vita
3432 3940 3678 3994 minime.

489 4045 554 4112 γ,
588 4045 678 4101 23.
716 4044 776 4100 Si
799 4063 920 4116 ergo
947 4047 1105 4116 o/fers
1134 4063 1323 4100 munus
1359 4058 1504 4101 tuum
1537 4048 1605 4101 ad
1638 4049 1828 4105 altare.

489 4225 694 4282 Salutis
724 4228 1116 4298 consequenda:
1153 4244 1433 4298 pinumque
1463 4230 1694 4285 vitandae
1721 4233 1987 4288 rationem

417 4319 746 4387 excogitavit
780 4317 922 4374 Deus
953 4320 1326 4388 peccatoribus
1365 4323 1770 4392 paenitentiam;
1793 4333 1846 4378 et
1867 4340 1988 4379 eum

2182 4047 2322 4101 Ἐὰν
2342 4039 2455 4098 οὖν
2483 4038 2834 4109 προσφέρῃς
2861 4037 2925 4090 τὸ
2965 4033 3159 4103 δῶρόν
3187 4049 3303 4087 σου
3343 4029 3443 4085 ἐπὶ
3480 4031 3546 4084 τὸ
3579 4033 3676 4084 θυ-

2097 4139 2471 4205 σιαστήριον.
3579 4199 3582 4201 _

2169 4232 2244 4302 (4)
2271 4227 2482 4298 Τρόπον
2509 4223 2783 4294 σωτηρίας
2818 4224 2914 4277 acati.
2945 4219 3215 4291 διαφυγὴν
3242 4213 3515 4286 τιμωρίας
3563 4213 3683 4273 τοῖς

2098 4322 2505 4394 ἁμαρτάνουσιν
2548 4317 2835 4389 ἐφεῦρενὸ
2862 4315 2995 4378 Θεὸς
3033 4313 3128 4384 τὴν
3171 4309 3536 4383 μετάγνωσιν,
3583 4304 3679 4356 καὶ

413 4409 540 4466 laeso
585 4409 1078 4465 reconciliationem
1135 4411 1302 4465 edixit
1356 4412 1470 4465 fore
1515 4428 1688 4481 poena:
1717 4416 1988 4470 remissio--

2097 4416 2196 4486 τὴν
2216 4413 2310 4467 τοῦ
2335 4409 2714 4482 λελυπημένου
2742 4407 3065 4478 θεραπείαν,
3102 4401 3414 4472 ἀνατροπὴν
3455 4396 3680 4450 ἔσεσθαι

417 4503 823 4572 nem;quando
850 4503 1070 4573 quidem
1107 4505 1200 4573 qui
1229 4504 1452 4560 fratrem
1490 4523 1648 4560 suum
1687 4524 1789 4563 non
1823 4518 1990 4571 amat,

311 4586 334 4664 λ
417 4593 586 4648 Deum
611 4610 717 4649 non
750 4595 944 4665 diligit.
981 4594 1076 4649 llic
1107 4605 1284 4650 autem
1326 4597 1518 4652 merito
1550 4598 1694 4652 illum
1717 4639 1730 4663 ,
1763 4601 1852 4667 qui
1889 4600 1990 4653 ad-

416 4699 610 4740 versus
659 4685 882 4740 fratrem
933 4685 1195 4739 oﬂetisani
1244 4686 1418 4752 fovet,
1470 4704 1575 4740 non
1622 4689 1846 4758 recipit,
1893 4705 1989 4744 ceu

417 4775 632 4828 sincere
671 4775 736 4827 ad
759 4790 818 4828 se
852 4790 959 4828 non
995 4777 1368 4829 accedentem.

485 4866 544 4936 8
568 4865 632 4932 ν,
665 4865 754 4918 24.
784 4864 1038 4934 Relinque
1062 4867 1134 4918 ibi
1168 4883 1359 4919 munus
1390 4877 1536 4920 tuum
1567 4879 1688 4922 ante
1718 4869 1911 4934 altare,
1941 4884 1990 4925 et

417 4960 550 5012 unde
577 4971 595 5010 :
623 4957 770 5027 prius
803 4957 1143 5011 reconciliare
1180 4957 1338 5025 fratri
1373 4970 1484 5025 tuo,
1541 4972 1585 5014 et
1629 4973 1750 5014 tunc
1780 4963 1986 5017 veniens

418 5049 604 5119 olere:
641 5065 829 5104 munus
867 5058 1037 5103 tuum.

495 5292 516 5323 ⁸
542 5291 714 5348 Levit.
743 5309 856 5356 xix,
891 5292 981 5347 32.
1060 5292 1080 5324 ⁸
1117 5290 1287 5349 Exod.
1321 5306 1480 5360 χχιιι,
1513 5293 1567 5348 5.

520 5451 568 5512 1)
612 5450 762 5504 Ἀντί
796 5482 864 5494 --
892 5449 1312 5506 ἐπιτελεῖσθαι.
1345 5449 1482 5504 ibid.

520 5451 568 5512 1)
612 5450 762 5504 Ἀντί
796 5482 864 5494 --
892 5449 1312 5506 ἐπιτελεῖσθαι.
1345 5449 1482 5504 Ibid.

425 5447 566 5643 μὲῗ)
608 5518 661 5570 Ὀ
687 5519 998 5574 ἀθετῶν-
1028 5520 1517 5590 τιμωρηθήσεται.
1556 5519 1658 5574 Mai
1691 5518 1756 5576 Β.
1795 5520 1864 5575 Ν.
1905 5518 1989 5585 Ill,

490 5659 567 5727 {3)
603 5655 909 5727 Fragmenti
946 5662 1099 5727 hujus
1148 5663 1295 5724 prior
1327 5663 1436 5716 hmr
1478 5670 1679 5716 tantum
1735 5662 1995 5730 particula

2098 4503 2366 4577 τιμωρίας
2413 4501 2608 4574 φησίνο
2645 4497 2832 4569 ἐπειδὴ
2863 4499 2889 4549 ὁ
2940 4495 3014 4566 μὴ
3064 4493 3292 4563 ἀγαπῶν
3329 4491 3421 4544 τὸν
3449 4487 3681 4556 ἀδελφὸν

2099 4595 2286 4658 αὑτοῦ,
2321 4595 2422 4647 οὐκ
2453 4593 2643 4662 ἀγαπᾷ
2669 4591 2756 4643 τὸν
2793 4586 2995 4658 Κύριον
3015 4604 3028 4617 ·
3069 4586 3293 4644 εἰκότως
3340 4581 3429 4635 τὸν
3457 4580 3588 4634 ὄντα
3621 4581 3680 4631 ἐν

2098 4688 2241 4760 λύπῃ
2272 4685 2365 4740 τοῦ
2421 4684 2648 4754 ἀδελφοῦ
2697 4683 2756 4736 οὑ
2787 4680 3168 4751 προσδέχεται,
3217 4677 3290 4740 ὡς
3334 4675 3410 4747 μὴ
3458 4673 3680 4745 ἀληθῶς

2100 4778 2248 4848 αύτῴ
2287 4776 2600 4848 προσιόντα.

2174 4869 2356 4935 "Aspac-
2391 4865 2518 4919 ἐκεῖ
2539 4864 2604 4918 τὸ
2644 4861 2838 4931 δῶρόν
2877 4877 3016 4926 σου,
3051 4859 3390 4930 ἔμπροσθεν
3431 4855 3536 4908 τοῦ
3577 4859 3678 4908 0v-

2098 4959 2476 5025 σιαστηρίου,
2513 4956 2612 5012 καὶ
2643 4955 2834 5023 ὕπαγε
2858 4993 2874 5020 ,
2920 4952 3154 5021 πρῶτον
3203 4946 3559 5015 διαλλάγηθι
3599 4941 3679 5008 τῷ

2097 5045 2337 5116 ἀδελφῷ
2374 5059 2512 5109 σου,
2547 5044 2643 5098 καὶ
2673 5045 2804 5098 τότε
2835 5040 3029 5097 ἐλθὼν
3053 5040 3353 5108 πρόσφερε
3390 5034 3456 5088 τὸ
3487 5030 3679 5100 δῶρόν

2098 5156 2233 5192 σου.

2103 5451 2367 5505 hactenus
2419 5447 2696 5517 legebatur
2745 5443 2932 5517 iisdem
2972 5442 3084 5495 fere
3135 5441 3314 5517 verbis
3349 5440 3399 5493 in
3463 5435 3674 5517 Possini

2105 5530 2332 5582 catena;
2363 5509 2554 5574 cmtéra
2593 5531 2722 5570 vero
2762 5513 3059 5582 Vaticanus
3086 5513 3258 5582 codex
3289 5525 3432 5564 nunc
3461 5509 3633 5563 addit.

2179 5591 2254 5661 (ι)
2291 5579 2601 5658 Τρόπογ-τ
2633 5587 2980 5653 προσιόντα.
3017 5579 3116 5634 Mai
3161 5579 3293 5635 ibid.
