4042 6196
386 288 498 350 3⁵17

1554 303 1913 365 εοιιιιειντ.
1955 311 2021 367 IN
2059 313 2505 378 ΗΑΤΤΒΕΠΠ.

455 402 711 458 Διδάσκει
738 404 891 476 ἡμᾶς
919 407 1154 466 ἐνταῦθα
1174 413 1206 467 ὀ
1229 414 1421 488 Σωτὴρ
1438 418 1541 489 τὴν
1566 424 1837 495 τιμωρίαν
1855 425 1946 482 διαι

2144 435 2310 492 Docet
2338 453 2438 493 nos
2466 439 2569 494 hoc
2597 438 2721 496 loco
2745 443 3018 512 ιιιιοιιιοιίο
3052 444 3375 516 supplicium
3401 447 3632 521 ea‘ugete

377 498 579 564 φυγεῐν
608 498 1022 569 ἁμαρτάνοντας
1039 519 1055 535 ο
1085 505 1120 575 ή
1147 505 1325 561 τοίνυν
1352 509 1693 578 μιτάγνωσις
1723 517 1816 570 ἐπὶ
1851 522 1965 585 τοῖς

380 587 767 681 ἁμαρτήμασι,
818 591 976 663 καὶή
1017 593 1153 664 πρὸς
1198 594 1291 651 τὸν
1340 598 1964 681 λυηθάντανὺᾷήμῶν

380 676 767 772 παράκλησις,
814 680 906 734 καὶ
940 684 971 750 ή
1000 684 1100 754 τῆς
1134 690 1534 762 συγχωρήσεως
1572 696 1665 749 τοῦ
1710 676 1965 772 άμαρτήο

381 781 557 836 ματος
587 768 807 840 αἴτησις
852 772 949 826 καὶ
989 773 1082 828 τὸν
1120 775 1346 847 ἀδελφὸν
1387 779 1684 853 θεραπεύει
1732 768 1842 843 καὶὴ
1870 768 1961 844 τδν

451 949 549 1015 Μή
575 951 724 1008 ποτέ
764 969 841 1009 σε
888 956 1130 1025 παραδῷ
1169 960 1204 1015 ὁ
1255 961 1556 1032 ἀντίδικος
1605 964 1685 1032 τῷ
1745 970 1953 1041 κριτῇ,

375 1042 575 1095 κ.τ.λ

451 1129 531 1201 (1)
576 1131 921 1224 γ’Υποκείσοω
954 1154 1056 1204 τις,
1079 1140 1266 1209 φησιν,
1296 1145 1383 1215 ἐφ’
1405 1146 1523 1212 ἑνὸς
1548 1150 1656 1204 τῶν
1684 1154 1954 1224 τεταγμέ-

665 1224 860 1295 ἀρχὴν.
905 1229 1207 1301 αὶτιάματά
1256 1251 1379 1289 τινα
1407 1241 1773 1312 ποιησάμενος
1808 1223 1951 1300 κατὰ

372 1311 476 1403 τοῦ
497 1309 662 1403 ἐἶτα
683 1320 797 1381 τοῖς
824 1320 1122 1389 ἐπάγουσιν
1151 1325 1245 1379 ἐπὶ
1276 1328 1337 1380 τὸ
1356 1309 1707 1403 δικαστήριον
1739 1336 1952 1390 ὑποδεί-

373 1400 480 1494 ξας
506 1402 879 1494 ἀποφέρεσθαι
913 1413 1075 1465 ποιεῖ.
1109 1412 1252 1478 Ἕως
1277 1416 1478 1484 τοίνυν,
1508 1400 1663 1493 φησι,
1691 1426 1813 1494 μετ’
1847 1426 1946 1481 αὐ-

368 1489 474 1545 τοῦ
511 1488 565 1585 εἴ
585 1495 649 1585 ἐν
673 1498 739 1567 τῇ
773 1497 897 1568 ὀδῷ,
926 1501 1204 1556 τουτέστιν
1227 1506 1357 1575 πρὶν
1385 1488 1676 1577 ἀφικέσθαι
1692 1488 1836 1585 ’πρὸς
1856 1517 1949 1571 τὸν

370 1580 592 1651 κριτὴν,
714 1585 994 1656 ἐργασίαν,
1014 1591 1135 1644 ἀντὶ
1158 1593 1272 1661 τοῦ,
1290 1596 1475 1653 Πᾶσαν
1501 1600 1687 1656 θέσθαι
1699 1580 1775 1675 μή
1791 1604 1948 1677 ὀκνήο

370 1685 478 1742 uno;
506 1675 761 1744 σπουδὴν,
799 1677 885 1730 ἶνα
914 1679 1233 1755 ἀπαλλαγῇς
1260 1687 1354 1740 ἀπ’

2067 530 2337 595 possimus
2368 529 2419 583 in
2455 539 2739 598 peccatum
2778 530 2938 600 lapsi.
2987 532 3256 591 Nimirum
3308 539 3636 607 pteniteatia

2064 620 2363 685 commissi,
2398 623 2677 691 reparatio
2705 621 2919 690 injurias
2941 635 2996 680 et
3036 628 3341 683 satisfactio
3373 645 3470 699 per
3494 633 3638 687 ami-

2062 722 2181 761 cam
2223 711 2690 780 compellationem
2718 712 2838 780 ejus
2872 717 2965 785 qui
3004 733 3035 772 a
3078 719 3237 773 nobis
3276 721 3520 776 molestia
3553 732 3640 779 est

2060 796 2317 865 affectus,
2347 809 2626 868 postremo
2658 804 2857 873 petitio
2889 806 3062 862 venite
3097 817 3154 863 et
3188 807 3412 865 fratrem
3447 811 3637 867 ltesum

2059 887 2237 957 placat
2267 899 2325 944 et
2363 890 2555 947 Deum.

2132 976 2203 1045 ν,
2235 979 2330 1035 25.
2363 978 2446 1036 Ne
2469 992 2518 1036 te
2549 982 2890 1040 adversarius
2922 986 3097 1057 judici
3131 991 3331 1058 tradat,
3361 1000 3467 1050 etc.

2126 1161 2260 1217 Puta
2282 1177 2406 1219 esse
2432 1163 2669 1234 aliquem
2720 1168 2775 1221 in
2817 1167 3082 1238 dignitate
3104 1171 3487 1240 constitutum,
3537 1176 3630 1246 qui

2053 1254 2316 1310 adversus
2361 1266 2411 1311 te
2432 1257 2669 1325 qualibet
2713 1259 2781 1314 de
2825 1274 2983 1314 causa
3025 1264 3360 1330 expostulet,
3397 1265 3632 1336 ideoque

2050 1344 2376 1401 satellitibus
2452 1347 2685 1416 imperet
2766 1359 2826 1404 ut
2895 1351 2964 1406 ad
3026 1353 3261 1408 tribunal
3307 1364 3359 1408 te
3408 1356 3628 1412 ducant.

2049 1435 2322 1502 Quandiu,
2363 1438 2571 1507 inquit,
2601 1440 2652 1493 in
2688 1442 2773 1494 via
2802 1455 2925 1496 cum
2968 1442 3061 1498 illo
3086 1460 3179 1508 es,
3217 1446 3481 1510 videlicet,
3520 1460 3626 1501 an-

2048 1535 2264 1596 tequam
2294 1528 2360 1582 ad
2405 1528 2643 1597 iudicem
2676 1532 2966 1599 devenias,
3020 1535 3086 1589 da
3132 1551 3391 1605 operam,
3438 1537 3495 1592 id
3543 1549 3628 1593 est

2046 1619 2193 1671 omni
2241 1618 2427 1673 studio
2477 1622 2782 1685 contende,
2832 1632 2891 1677 ut
2940 1625 3009 1679 ab
3053 1639 3119 1680 eo
3178 1627 3443 1682 discedas.
3511 1620 3625 1682 Nisi

1389 1689 1556 1744 αὐτοῦ
1578 1710 1591 1725 θ
1624 1696 1672 1746 εί
1700 1694 1758 1748 δὲ
1785 1696 1944 1750 τοῦτο

2050 1708 2192 1760 enim
2250 1707 2326 1761 ita
2381 1710 2701 1780 contingat,
2751 1713 2927 1781 judici
2979 1718 3437 1786 przesentaberis;
3483 1722 3625 1788 apud

368 1760 502 1834 [μὴ]
522 1763 768 1875 ἴένζητςαι,
792 1770 1104 1841 παραδώσει
1129 1792 1188 1828 σε
1203 1776 1279 1848 τῷ
1298 1784 1480 1852 κριτῇ·
1502 1778 1620 1837 εἶτα
1638 1786 1714 1838 ὅτ’
1742 1786 1813 1841 ἂν
1832 1790 1946 1843 ἔνο-

2318 1760 2323 1761 ν
2685 1760 2700 1774 ,
2751 1760 2923 1781 ,---.--
2980 1760 3400 1783 ν...-ν..-υ..ν..υ
3422 1761 3437 1786 ,
3483 1760 3623 1788 ..,.....

2051 1812 2210 1866 quem
2234 1799 2359 1854 teris
2377 1801 2538 1855 alieni
2578 1816 2701 1855 reus
2720 1814 3053 1872 compertus,
3081 1813 3343 1875 quaestori
3371 1811 3623 1875 traderis,

360 1870 467 1925 χος
479 1857 594 1949 τοῖς
609 1856 916 1929 ὀφλήμασιν
929 1878 950 1914 ε
961 1862 1178 1935 ὐρεθῇς,
1195 1885 1272 1920 πα
1280 1869 1548 1944 ραδοθήσῃ
1562 1875 1639 1945 τῷ
1658 1878 1948 1949 πράκτορι,

368 1947 620 1999 τουτέστι
648 1950 761 2010 τοῖς
788 1949 1138 2022 άπαιτηταῖς,
1177 1958 1415 2014 κάκεῖνοί
1452 1979 1510 2015 σε
1555 1947 1947 2022 κατακλείσαν-

374 2052 461 2100 τες
509 2037 880 2112 ἀπαιτήσουσι
934 2044 1029 2097 καὶ
1062 2046 1122 2099 τὸ
1169 2047 1394 2119 ἔσχατον
1454 2053 1671 2110 λεπτόν.
1733 2059 1947 2114 Οὐκοῦν

369 2126 546 2217 ἔνοχοι
581 2128 683 2199 μὲν
729 2131 1192 2205 πλημμελήμασίν
1237 2142 1405 2211 ἐσμεν
1447 2145 1687 2211 ἅπαντες
1714 2152 1764 2203 oi
1795 2150 1949 2217 ὄντες

368 2215 469 2269 ἐπὶ
490 2219 588 2310 τῆς
608 2218 713 2289 γῆς
738 2240 752 2252 ·
789 2222 1020 2277 ἑκάστου
1053 2242 1117 2294 γε
1152 2227 1255 2299 μὴν
1293 2232 1562 2298 ἀντίδικος
1594 2237 1688 2290 καὶ
1711 2215 1949 2310 κατήγοξ

370 2324 469 2380 ρος
492 2309 522 2361 ὁ
547 2310 810 2378 Σατανᾶς·
834 2312 1025 2387 ἐχθρὸς
1048 2318 1156 2389 γάρ
1178 2320 1324 2374 ἐστιν
1341 2325 1436 2378 καὶ
1464 2326 1780 2400 ὲκδικητής.
1806 2309 1949 2398 Ἕως

367 2405 556 2460 τοίνυν
586 2407 753 2477 ἐσμὲν
804 2410 862 2463 ὲν
888 2412 954 2482 τῇ
988 2412 1113 2483 ὁδῷ,
1154 2415 1435 2472 τουτέστιν
1484 2419 1588 2484 ἕως
1624 2421 1777 2477 οὔπω
1814 2425 1951 2496 πρὸς

365 2496 435 2549 τὸ
462 2497 562 2568 τῆς
586 2499 773 2553 ἐνθάδε
809 2500 957 2573 ζωῆς
980 2506 1405 2578 κατηντήσαμεν
1433 2511 1608 2576 τέλος,
1631 2515 1952 2585 ἀπαλλαγῶ-

366 2604 478 2659 μεν
507 2590 693 2654 αὐτοῦ,
720 2590 973 2663 λύσωμεν
991 2596 1090 2660 τάς
1116 2598 1238 2651 καθ’
1271 2600 1480 2655 ἑαυτῶν
1507 2605 1708 2673 αἰτίας,
1740 2608 1841 2679 τὴν
1861 2609 1950 2665 διὰ

368 2678 612 2747 Χριστοῦ
646 2681 807 2752 χάριν
847 2683 1185 2753 ἁρπάσωμεν
1219 2686 1608 2760 ἐλευθεροῦσαν
1634 2678 1949 2763 ήμᾶςπαν-

368 2772 463 2834 τὸς
490 2772 810 2853 δφλήμσττός
843 2793 900 2829 τε
935 2777 1027 2831 καὶ
1055 2776 1234 2849 δίκης,
1259 2779 1365 2846 ἔξω
1402 2780 1643 2853 τιθείσης
1674 2785 1950 2853 κολάσεώς

365 2878 429 2913 τε
459 2861 553 2915 καὶ
595 2850 798 2933 φόϐου*
849 2866 923 2936 μὴ
946 2866 1052 2936 ἄρα
1083 2885 1201 2932 πως
1240 2850 1610 2927 ἀναπόνιπτον
1658 2850 1950 2946 ἐσχηκότες

340 2953 463 3007 ,τὸν
484 2955 765 3025 μολυσμὸν
785 2997 800 3021 ,
853 2958 1246 3030 ἀπενεχθῶμεν
1292 2961 1432 3032 πρὸς
1482 2963 1575 3017 τὸν
1608 2965 1821 3036 κριτὴν,
1855 2968 1950 3020 καὶ

2051 1888 2103 1941 id
2137 1899 2222 1943 est
2247 1892 2593 1959 exigentibus
2647 1894 2930 1960 debitum,
2978 1910 3006 1949 a
3061 1898 3259 1966 quibus
3305 1900 3358 1952 in
3409 1899 3624 1955 vincula

2050 1978 2331 2047 conjectns
2370 1994 2671 2037 extremum
2723 2000 2942 2054 quoque
2989 1990 3347 2055 quadrantem
3401 1990 3627 2044 reddere

2050 2073 2282 2140 cogeris.
2315 2072 2565 2127 Profecto
2592 2084 2859 2144 quotquot
2883 2078 2935 2130 in
2971 2080 3104 2133 orbe
3134 2080 3365 2135 vivimus
3391 2121 3406 2143 ,
3434 2096 3627 2150 pecca-

2053 2160 2122 2216 tis
2142 2162 2546 2217 sumusirretiti
2572 2203 2588 2229 ,
2618 2164 2953 2233 singulorum
2999 2166 3350 2221 adversarius
3378 2177 3433 2221 et
3461 2182 3628 2223 accu-

2051 2262 2202 2306 sator
2231 2253 2499 2307 Satanas:
2557 2263 2638 2309 est
2680 2255 2825 2309 enim
2882 2255 2969 2310 hic
3005 2256 3257 2311 inimicus
3298 2265 3352 2311 et
3406 2258 3623 2315 vindex.

2049 2338 2297 2405 Quandiu
2341 2340 2505 2411 igitur
2548 2342 2603 2395 in
2644 2344 2730 2396 via
2759 2359 2983 2409 sumus,
3019 2345 3070 2398 id
3100 2353 3184 2400 est
3229 2354 3525 2415 antequam
3556 2346 3626 2402 ad

2051 2430 2213 2501 hujus
2239 2432 2361 2485 vitae
2407 2432 2565 2485 linem
2596 2433 2981 2499 deveniamus,
3031 2434 3099 2488 ab
3147 2433 3249 2491 hoc
3272 2450 3377 2490 nos
3405 2435 3626 2497 inimico

2030 2521 2439 2589 expediamus,
2495 2522 2685 2591 culpas
2737 2525 2968 2593 quisque
3032 2533 3248 2580 nostras
3297 2541 3622 2595 purgemus,

2047 2613 2250 2667 Christi
2279 2615 2510 2682 gratiam
2538 2614 2907 2683 adipiscamur
2931 2654 2947 2680 ,
2990 2630 3113 2683 qua:
3137 2631 3238 2670 nos
3265 2616 3413 2672 omni
3437 2615 3625 2672 debito

2050 2711 2106 2757 et
2151 2704 2354 2758 ultione
2403 2705 2629 2770 liberet,
2687 2714 2851 2773 atque
2880 2717 3034 2760 extra
3068 2721 3284 2774 pinnam
3338 2707 3622 2761 timorem-

2050 2806 2155 2865 que
2181 2795 2413 2850 collocet
2440 2836 2456 2861 ,
2511 2811 2579 2851 ne
2609 2795 2822 2851 scilicet
2860 2798 3084 2852 maculis
3136 2797 3277 2852 haud
3306 2797 3530 2864 ablutis,
3555 2797 3624 2853 ad

2045 2888 2283 2958 judiccm
2331 2889 2744 2958 pertrahamur,
2802 2891 3189 2962 tradamurquc
3243 2892 3623 2959 exncttvribus,

2049 2981 2165 3033 sive
2189 2996 2399 3034 reorum
2425 2980 2735 3035 vindicibus
2757 3018 2773 3043 ,
2801 2996 3030 3051 quorum
3065 2997 3225 3037 nemo
3246 2982 3509 3037 saevitiam
3540 2980 3627 3036 fu-

364 3045 762 3117 ¹ιτιιραδοθιῖιίιμεν
791 3051 906 3112 τοῖς
931 3050 1289 3121 πράκτορσιν,
1317 3054 1433 3124 ἦτοι
1482 3057 1594 3119 τοῖς
1637 3056 1944 3123 κολασταῖς,

369 3128 400 3152 τ’
478 3152 486 3154 ξ
508 3137 522 3154 ι
560 3153 565 3154 ,
616 3136 638 3154 ιο
839 3140 864 3154 α
984 3140 994 3154 1
1162 3143 1175 3154 ι
1232 3144 1243 3154 ι
1383 3144 1394 3154 ι
1526 3146 1538 3154 .
1731 3148 1748 3154 -
1775 3149 1784 3154 -

2051 3068 2202 3136 giet;
2256 3067 2365 3121 imo
2406 3083 2535 3122 vero
2591 3067 2832 3134 cujusvis
2876 3068 3082 3137 culpas,
3140 3071 3317 3125 tenuis
3370 3085 3525 3139 atque
3559 3084 3626 3126 ac

332 3128 444 3203 ,ὧν
467 3137 570 3190 οὒκ
607 3136 673 3190 ἄν
717 3155 802 3202 τις
834 3140 1075 3213 διαφύγῃ
1127 3143 1188 3195 τὸ
1219 3144 1427 3214 ἀπηνές
1454 3161 1467 3173 ·
1514 3146 1946 3218 άπαιτηθήσεται

2052 3172 2263 3226 magna:
2283 3196 2298 3219 ,
2324 3171 2512 3227 pinnas
2542 3157 2816 3212 dabimus.
2846 3157 2956 3212 Hae
2986 3170 3171 3216 autem
3195 3160 3504 3214 calamitate
3530 3172 3625 3214 ca-

357 3227 421 3280 δὲ
450 3227 653 3297 μᾶλλον
678 3228 890 3293 τάςὲπί
913 3232 1078 3286 παντὶ
1099 3232 1540 3306 πλημμελήματι
1561 3238 1737 3304 δίκας,
1771 3238 1950 3311 μικρῷ

358 3320 463 3373 καὶ
492 3320 714 3391 μεγάλῳ
736 3338 750 3353 ν
780 3320 987 3376 τούτων
1018 3323 1234 3379 ἔσονται
1256 3327 1473 3397 μακρὰν
1502 3330 1552 3381 oi
1576 3328 1663 3382 τὸν
1688 3329 1789 3399 τῆς
1811 3330 1948 3400 Χρι-

358 3412 495 3465 στοῦ
530 3415 836 3484 παρουσίας
889 3418 1081 3489 καιρὸν
1135 3417 1544 3489 δοκιμάζοντες,
1606 3422 1703 3477 καὶ
1746 3420 1809 3474 τὸ
1859 3424 1946 3476 ἐπ’

354 3503 512 3573 αὐτῷ
547 3509 845 3578 μυστήριον
869 3507 969 3561 οὐκ
994 3509 1345 3581 ἠγνοηκότες.

444 3596 624 3666 Ἀμὴν
659 3597 817 3668 λέγω
855 3612 978 3663 σοι,
1029 3602 1105 3655 οὐ
1142 3601 1229 3671 μὴ
1277 3602 1534 3672 ἐξέλθῃς
1564 3603 1795 3661 ἐκεῖθεν
1835 3606 1948 3674 ἕως

352 3687 441 3742 ἂν
470 3688 711 3756 ἀποδῷς
742 3689 853 3745 τὸν
881 3690 1147 3761 ἔσχατον
1179 3694 1538 3763 κοδράντην.

438 3781 502 3835 '0
530 3780 586 3834 δὲ
614 3780 762 3850 λέγει
797 3780 1038 3837 τοιοῦτόν
1054 3783 1176 3837 ἐστι
1195 3800 1210 3817 ο
1240 3789 1500 3856 παραινεί
1526 3787 1634 3859 γὰρ
1661 3788 1944 3858 εὐγνωμο-

354 3874 491 3937 νεῖν,
527 3872 622 3925 καὶ
664 3870 739 3944 μὴ
780 3874 847 3942 τῇ
890 3873 1068 3943 κρίσει
1104 3873 1325 3946 θαρρεῖν
1354 3890 1366 3905 ο
1397 3878 1446 3929 εί
1480 3878 1588 3949 γάρ
1615 3896 1667 3931 τι
1699 3879 1941 3952 συμϐαίη

351 3962 489 4033 παρ’
521 3962 733 4027 ἐλπίδα,
762 3963 857 4017 καὶ
903 3965 1244 4037 κατασχεθῇς
1289 3966 1396 4020 ὑπὸ
1444 3971 1540 4022 τοῦ
1592 3970 1803 4040 κριτοῦ,
1843 3971 1944 4025 οὐκ

350 4051 677 4124 ἀπολυθήσῃ
701 4053 804 4116 ἕως
824 4045 886 4106 οὗ
908 4054 1175 4127 ἀποτίσῃς
1191 4054 1281 4108 τὸν
1298 4053 1525 4127 ἔσχατον
1549 4056 1734 4112 ὀϐολόν
1753 4076 1765 4089 ’
1786 4058 1944 4113 τοῦτο

350 4144 468 4214 γὰρ
493 4142 717 4211 λέγεται
746 4143 1067 4216 κοδράντης.

436 4324 496 4379 ’0
526 4324 828 4397 κοδράντης
854 4324 912 4378 δὲ
941 4322 1197 4395 σημαίνει
1219 4324 1280 4378 τὸ
1300 4325 1559 4397 τέταρτον
1589 4325 1682 4379 τοῦ
1715 4326 1937 4398 μέτρου.

2052 3250 2243 3303 rcbunt
2265 3290 2281 3315 ,
2317 3250 2408 3316 qui
2443 3260 2654 3319 tempus
2680 3250 3027 3304 adventantis
3055 3250 3256 3307 Christi
3292 3260 3440 3306 recte
3474 3249 3624 3307 testi-

2049 3343 2347 3408 maveriut,
2373 3350 2427 3396 et
2449 3342 2570 3412 ejus
2592 3342 2914 3412 mysterium
2948 3358 3054 3397 non
3086 3342 3480 3414 ignoraverint.

2119 3600 2188 3668 ν,
2224 3600 2315 3665 26.
2356 3601 2519 3654 Amen
2549 3599 2670 3653 dico
2702 3600 2820 3666 tibi,
2851 3616 2955 3654 non
2983 3600 3124 3654 esies
3154 3600 3278 3655 inde
3315 3599 3481 3655 donec
3511 3602 3624 3655 red-

2045 3693 2142 3748 das
2177 3691 2513 3746 novissimum
2540 3691 2912 3762 quadrantem.

2115 3783 2268 3850 Quod
2298 3783 2430 3837 dicit
2476 3784 2616 3837 bane
2665 3781 2773 3836 vim
2828 3781 2987 3836 habet
3028 3796 3042 3832 :
3076 3781 3271 3836 suadet
3298 3781 3620 3852 placabilem

2045 3886 2166 3926 esse
2198 3887 2262 3926 ac
2299 3869 2676 3926 cenciliatioui
2722 3869 2935 3925 facilem
2967 3887 2982 3925 :
3026 3885 3201 3939 neque
3242 3871 3406 3926 nimis
3433 3871 3499 3926 de
3533 3871 3621 3941 ju-

2045 3962 2176 4019 dicii
2230 3963 2382 4021 exitu
2437 3976 2689 4018 securum
2741 3975 2885 4017 esse.
2936 3961 2992 4016 Si
3038 3962 3170 4032 quid
3222 3963 3365 4016 enim
3423 3972 3623 4032 praeter

2043 4068 2195 4123 spem
2221 4051 2551 4107 aceideritet
2571 4050 2939 4119 judicisjussu
2968 4050 3478 4119 comprehendaris,
3510 4066 3619 4106 nou

2044 4144 2339 4198 dimitteris
2360 4142 2531 4197 donec
2570 4141 2803 4198 solveris
2833 4141 3189 4197 novissimum
3222 4142 3440 4197 oboluut
3468 4160 3484 4210 ;
3517 4142 3620 4199 hoc

2018 4233 2188 4291 .enim
2215 4232 2417 4286 dicitur
2445 4231 2743 4300 quadrans.

2111 4323 2169 4394 9
2191 4323 2473 4390 Quadrans
2499 4339 2628 4376 vero
2646 4331 2899 4391 quartam
2931 4338 3198 4380 mensurae
3220 4333 3428 4395 partem
3456 4325 3619 4394 signi-

350 4411 530 4480 οὖτος
573 4416 717 4471 κατὰ
746 4417 846 4486 τὴν
877 4415 1142 4488 Ἐϐραίων
1170 4417 1374 4487 φωνὴν,
1406 4418 1500 4471 δύο
1544 4418 1690 4470 ἐστὶν
1735 4418 1934 4484 ὀϐολοὶ,

2047 4411 2167 4466 linat
2194 4428 2207 4464 :
2240 4411 2326 4465 hic
2362 4410 2517 4478 juxta
2544 4410 2894 4466 Hebrteorutn
2927 4428 3111 4468 vocem
3146 4416 3283 4469 duos
3319 4414 3451 4469 facit
3480 4416 3618 4471 obo-

349 4512 493 4582 ὅπερ
514 4510 543 4562 ὁ
580 4509 794 4571 Λουκᾶς
822 4504 1146 4578 σαφηνίσας,
1168 4508 1397 4562 λεπτὸν
1415 4507 1722 4577 ὠνόμασεν.
1741 4510 1935 4580 Ἡμεῖς

350 4601 411 4655 δὲ
463 4598 869 4667 ἀπαλλαγῶμεν
920 4598 1015 4653 καὶ
1062 4598 1156 4652 τοῦ
1203 4599 1398 4671 ἐχθροῦ
1471 4600 1566 4654 καὶ
1627 4601 1936 4673 ὲκδικητοῦ,

314 4732 323 4733 κ
350 4691 526 4762 ἧγουν
557 4689 653 4744 τοῦ
681 4688 951 4756 διαϐόλου,
982 4689 1088 4754 ἕως
1119 4692 1285 4760 ἐσμὲν
1313 4692 1371 4744 ὲν
1403 4694 1468 4763 τῇ
1505 4692 1609 4763 ὁδῷ
1633 4692 1827 4764 ταύτῃ,
1845 4695 1940 4748 κοιλ⁵

346 4781 462 4837 τῶν
491 4780 595 4851 τῆς
618 4780 842 4852 ἀτιμίας
871 4781 1076 4845 παθῶν,
1109 4783 1264 4836 ἅτινα
1288 4783 1550 4837 ἀντίδικοι
1578 4784 1737 4855 ἡμῶν
1762 4786 1936 4843 ἐστιν.

350 4872 546 4935 Οὐδεὶς
594 4871 704 4943 γάρ
748 4873 907 4942 ἡμῶν
959 4872 1146 4942 ἕτερος
1195 4874 1481 4941 ἀντίδικος,
1513 4874 1607 4928 ἐὰν
1659 4876 1734 4947 μὴ
1780 4878 1943 4947 ἡμεῖς

350 4962 567 5019 ἑαυτῶν
609 4962 698 5017 διὰ
742 4962 946 5018 τούτων
978 4963 1264 5035 γενώμεθα
1294 4965 1578 5031 ἀντίδικοι,
1610 4968 1704 5020 καὶ
1741 4967 1877 5037 μηδὲ
1906 4968 1939 5038 ἡ

352 5056 666 5125 συνείδησις
714 5056 1173 5124 καταγινωσκέτω
1202 5055 1381 5128 ἡμῶν,
1408 5056 1484 5120 ὡς
1530 5058 1939 5128 καταφρονούν-

348 5165 463 5202 των
509 5148 610 5218 τῆς
657 5147 1016 5218 ὑπομνήσεως
1058 5147 1249 5218 αὐτῆς,
1289 5148 1498 5219 μήποτε
1544 5148 1939 5218 παραδοοιῦμεν

348 5238 433 5310 τῷ
456 5241 617 5312 κριτῇ
650 5239 866 5293 πάντων
890 5239 1010 5310 Θεῷ
1031 5239 1134 5293 ὑπὸ
1157 5239 1255 5309 τῆς
1286 5240 1639 5311 συνειδήσεως
1659 5239 1938 5311 ἐλεγχθένο

307 5354 318 5364 ·
347 5342 469 5392 τις,
503 5328 533 5379 ὁ
563 5325 622 5380 δὲ
648 5326 962 5398 παραδώσει
1004 5331 1118 5392 τοῖς
1150 5329 1454 5401 πράκτορσι
1488 5332 1601 5393 τοῖς
1648 5330 1938 5394 κολασταῖς

350 5416 634 5485 ἀγγέλοις,
661 5421 754 5473 καὶ
780 5419 1216 5491 άπαιτησώμεθοι
1245 5422 1345 5485 τὰς
1368 5422 1461 5476 ἐπὶ
1494 5422 1658 5477 παντὶ
1679 5422 1934 5493 πλημμεο

350 5507 561 5579 λήματι
595 5507 771 5576 δίκας,
808 5510 990 5582 μικρῷ
1030 5509 1123 5564 καὶ
1166 5510 1407 5582 μεγάλῳ.
1448 5511 1564 5565 Κᾶν
1608 5511 1718 5583 γάρ
1754 5512 1934 5582 μωρὸν

426 5686 504 5757 (l)
552 5686 919 5745 ’Ῡποκείσθω
956 5691 1148 5744 -η-οὑκ
1178 5689 1561 5759 ἠγνοηκότες
1595 5686 1723 5743 Ibid.

2043 4501 2144 4567 los,
2172 4502 2315 4569 quod
2341 4498 2518 4555 Lucas
2548 4502 2835 4556 declarans
2874 4503 3070 4570 leplum
3109 4506 3344 4559 vocavit.
3384 4504 3490 4560 Nos
3519 4521 3617 4560 au-

2045 4600 2150 4646 tem
2184 4592 2480 4647 liberemur
2506 4594 2668 4646 etiam
2696 4595 2764 4647 ab
2790 4593 3012 4648 inimico
3049 4604 3104 4650 et
3134 4596 3476 4659 adversario,
3503 4598 3617 4652 sci-

2042 4685 2168 4742 licet
2194 4685 2429 4752 diabolo,
2461 4686 2585 4738 dum
2613 4700 2800 4739 sumus
2826 4685 2879 4739 in
2908 4686 3009 4740 bac
3041 4687 3149 4749 via,
3183 4697 3236 4742 et
3274 4687 3618 4757 passionibus

2046 4777 2379 4848 ignominiat,
2412 4792 2533 4847 quae
2557 4776 2885 4831 adversariae
2913 4777 3067 4832 nobis
3100 4788 3246 4833 sunt.
3277 4777 3445 4835 Nemo
3471 4781 3615 4837 enim

2043 4869 2200 4924 nobis
2231 4868 2371 4924 alius
2390 4869 2761 4934 adversarius,
2779 4867 3070 4924 dummodo
3092 4870 3500 4942 nobismetipsis
3522 4886 3618 4943 per

2042 4959 2159 5015 haec
2192 4960 2489 5017 adversarii
2525 4975 2631 5015 non
2661 4960 2835 5016 simus
2862 4977 2878 5025 ;
2926 4976 3101 5031 neque
3127 4964 3458 5019 conscientia
3485 4980 3616 5018 cou-

2042 5053 2262 5108 demnet
2292 5067 2389 5107 nos
2431 5062 2688 5123 tanquam
2723 5054 2867 5109 illius
2901 5055 3326 5110 admonitionem
3372 5066 3613 5109 contem.

2041 5156 2253 5208 nentes,
2297 5158 2363 5197 ne
2413 5160 2651 5217 unquam
2687 5146 2967 5200 tradamur
3010 5146 3180 5216 judici
3228 5146 3467 5201 omnium
3505 5142 3615 5199 Deo

2042 5250 2072 5287 a
2098 5235 2430 5289 conscientia
2474 5235 2812 5303 reprehensi,
2842 5235 2932 5305 qui
2984 5251 3081 5291 nos
3126 5237 3303 5291 tradat
3337 5237 3611 5290 exactori-

2043 5325 2164 5392 bus,
2202 5325 2507 5381 viudicibus
2558 5326 2787 5395 angelis,
2847 5334 2902 5380 et
2950 5324 3220 5396 postulent
3267 5339 3297 5378 a
3342 5324 3500 5381 nobis
3546 5326 3613 5381 de

2042 5416 2293 5473 omnibus
2316 5417 2550 5487 peccatis
2566 5416 2925 5487 expiationem
2955 5426 3065 5471 tum
3090 5416 3325 5487 magnis,
3347 5425 3457 5471 tum
3485 5433 3612 5486 par-

2043 5509 2145 5565 vis.
2182 5508 2239 5563 Si
2273 5509 2418 5564 enim
2444 5508 2670 5566 stultum
2704 5508 2928 5563 fratrem
2956 5506 3276 5577 dixerimus,
3308 5509 3448 5579 quod
3483 5523 3611 5579 paro

3544 304 3650 363 578

3654 975 3665 1031 ἱ
