4042 6196
409 255 509 312 579

1404 253 1463 309 ⁸.
1504 251 1775 310 εῑιυω
1812 245 2284 305 Αιεωοιιικι
2322 240 2644 299 ARCBIEP.

3565 231 3664 287 330

413 393 535 434 vum
575 391 697 432 esse
732 376 986 442 videtur,
1027 376 1082 432 ln
1128 375 1432 446 gehennam
1485 371 1839 440 abripiemur.
1887 366 1984 421 Sin

2120 367 2177 420 δν
2216 362 2447 432 ἀδελφὸν
2478 361 2747 430 ιῐπωμεν,
2781 357 2921 427 ὅπερ
2953 354 3104 408 δοκεῖ
3151 350 3350 423 μικρὸν
3394 342 3559 409 ιῐναι.
3594 351 3667 411 εις

416 486 543 525 vero
600 469 823 524 stultum
868 484 1135 538 vocasse,
1193 467 1259 523 ad
1310 465 1612 536 gehennam
1670 461 1989 529 pertrahat,

414 565 631 632 quando
657 564 828 616 etiam
864 560 1168 615 maleficum
1200 599 1216 626 ,
1252 567 1305 612 ct
1346 556 1697 617 invidiosum,
1727 562 1782 607 et
1814 552 1993 606 inanis

404 653 600 723 gloriae
644 664 1027 723 appetentem,
1086 664 1142 707 et
1197 653 1480 705 innumera
1535 646 1842 713 huiusmodi
1888 644 1993 697 alia

420 746 930 812 uunrupaverimus,
971 754 1230 811 quantum
1288 737 1691 803 nobismetipsis
1739 735 1996 801 gehennae

420 834 595 896 ignem
628 835 969 887 auxerimnsl
1002 833 1134 886 [llud
1159 831 1303 885 enim
1335 829 1495 883 stulte
1525 837 1578 882 et
1603 844 1751 890 mea,
1785 827 1850 880 iis
1877 839 1998 893 quas

423 927 563 978 dicta
594 937 717 977 sunt.
748 924 916 977 multo
946 925 1119 979 levius
1145 932 1229 975 est
1260 924 1311 974 in
1351 921 1560 973 ratione
1594 918 1823 985 injuriw.
1851 916 1997 983 Qua-

423 1027 643 1085 prupter
678 1016 763 1069 illa
795 1028 906 1084 pert
920 1017 1167 1070 ransiens
1194 1013 1446 1069 Christus
1465 1014 1580 1065 hinc
1600 1011 1798 1079 posuit,
1829 1021 1886 1061 ut
1914 1008 1999 1061 di-

427 1106 708 1169 scasquol
736 1106 779 1157 si
820 1103 949 1156 illud
981 1104 1153 1156 levius
1173 1104 1378 1155 dictum
1408 1102 1708 1170 gehennam
1734 1106 1998 1162 accersat,

426 1202 614 1247 contra
634 1195 926 1256 dicentem,
947 1193 1116 1246 multo
1153 1193 1324 1260 magis
1357 1192 1410 1246 id
1464 1192 1710 1260 gratiora
1739 1186 1999 1242 emt-inut.

428 1281 537 1337 Nos
561 1293 740 1335 autem
774 1297 872 1351 pro
915 1283 1145 1337 ridiculo
1177 1282 1280 1336 hoc
1324 1281 1629 1335 habemus:
1670 1279 1826 1333 stulti
1858 1278 2000 1331 enim

430 1372 650 1426 nomine
683 1387 826 1440 saepe
850 1373 1209 1438 abstinentes,
1255 1372 1389 1426 alias
1422 1371 1652 1438 injurias
1690 1367 2005 1423 acerbiores

430 1460 760 1531 proferimus
795 1471 1051 1531 tanquam
1083 1461 1211 1515 illud
1249 1459 1424 1514 solum
1450 1474 1649 1512 nomen
1679 1456 2003 1527 supplicium

434 1549 637 1606 habeat
671 1566 968 1605 annexum.
1001 1550 1113 1605 lloc
1146 1560 1327 1605 autem
1359 1564 1464 1604 non
1497 1548 1570 1603 ita
1604 1559 1708 1611 est,
1747 1548 1841 1601 sed
1887 1561 2007 1599 om-

433 1644 521 1699 nis
560 1654 875 1707 accusator,
904 1656 957 1700 et
998 1643 1443 1706 contumeliosus,
1477 1650 1724 1696 extremo
1747 1638 2009 1709 supplicio

2092 459 2189 530 τὴν
2217 455 2440 524 γέενναν
2469 446 2928 521 ἀπαχθησόμεθα.
2962 446 3027 499 El.
3056 444 3114 498 δὲ
3146 442 3207 496 τδ
3241 440 3423 512 μωρὸν
3445 438 3669 493 καλέσαι

2092 550 2315 619 γέενναν
2348 545 2661 615 ἐφέλκεται,
2696 541 2823 594 ὅταν
2851 538 2945 592 καὶ
2973 533 3304 604 κακοῦργον,
3340 532 3435 584 καὶ
3470 530 3673 599 βάσκα·

2094 618 2203 703 νον,
2234 638 2329 691 καὶ
2357 634 2651 697 κενόδοξον,
2691 633 2783 685 καὶ
2822 628 2992 700 μυρία
3025 627 3159 681 ἄλλα
3205 622 3430 681 τοιαῦτα
3472 618 3672 687 ὀνομά-

2096 729 2299 799 ζωμεν,
2337 727 2500 779 πόσον
2542 722 2755 783 ἑαυτοῖς
2779 719 3006 788 γεέννης
3053 715 3388 782 συναύξομεν
3417 709 3570 779 πῦρῐ
3605 706 3678 760 Τὸ

2096 823 2203 891 γὰρ
2226 819 2404 888 μωρὲ,
2437 818 2529 869 καὶ
2554 816 2613 868 τὸ
2645 812 2824 881 ῥακὰ,
2851 811 2958 863 τῶν
2998 806 3306 878 εἰρημένων
3339 800 3518 871 πολλῷ
3552 817 3678 853 κου-

2100 912 2300 981 φότερα
2346 911 2423 972 εἰς
2464 907 2676 977 ὕϐρεως
2710 904 2868 970 λόγον
2892 900 3026 954 ἐστί.
3050 901 3250 966 Διόπερ
3272 897 3456 948 ἐκεῖνα
3484 891 3682 962 παρεὶς

2098 1003 2271 1056 ταῦτα
2305 1000 2499 1070 έθηκεν
2527 999 2556 1050 ὁ
2587 994 2841 1066 Χριστὸς,
2875 992 2961 1044 ἵνα
2996 989 3173 1061 μάθῃς
3204 989 3283 1041 ὅτι
3318 989 3367 1039 εί
3390 984 3683 1055 φορητότεο

2104 1112 2195 1167 ρον
2220 1091 2406 1163 λεχθὲν
2428 1091 2526 1159 τὴν
2547 1088 2770 1156 γέενναν
2795 1084 3097 1136 ἐπισπᾶται
3127 1079 3269 1133 κατὰ
3294 1077 3386 1130 τοῦ
3410 1078 3683 1145 λέγοντος,

2102 1184 2284 1253 πολλῷ
2314 1182 2513 1252 μᾶλλον
2543 1178 2611 1231 τά
2643 1175 2922 1245 βαρύτερα
2956 1171 3118 1227 τοῦτο
3158 1166 3688 1241 ὲργάζεται.Ἠμεῐς

2101 1279 2159 1333 an
2212 1274 2615 1343 καταγέλαστον
2666 1269 2823 1323 τοῦτο
2872 1264 3158 1333 ποιοῦμεν.
3208 1262 3283 1315 Τὸ
3338 1259 3449 1328 γάρ
3505 1255 3693 1329 μωρδς

2105 1370 2278 1438 δνομα
2322 1365 2585 1426 πολλάκις
2631 1356 3178 1431 παραφυλαττόμενοι
3207 1393 3221 1417 ,
3259 1352 3454 1423 ἑτέρας
3500 1347 3695 1420 ὕϐρεις

2106 1458 2438 1531 πικροτέρας
2471 1454 2774 1525 ὲπάγομεν,
2806 1452 2882 1515 ὡς
2914 1450 3127 1503 ἐκείνου
3166 1446 3326 1517 μόνου
3354 1442 3451 1496 τοῦ
3494 1441 3697 1509 ὀνόμα-

2107 1567 2198 1614 τος
2247 1549 2344 1619 τὴν
2397 1545 2623 1601 κόλασιν
2668 1543 2905 1614 ἔχοντος.
2938 1540 3012 1592 τὸ
3052 1538 3108 1592 δὲ
3154 1539 3216 1589 οὐ
3253 1533 3497 1588 τοιοῦτόν
3523 1534 3697 1593 ἐστιν,

2110 1639 2250 1695 ἀλλὰ
2278 1641 2384 1704 πᾶς
2410 1639 2719 1709 κατήγορος
2747 1635 2842 1688 καὶ
2873 1631 3133 1701 λοίδορος,
3169 1628 3269 1697 τῆς
3301 1624 3540 1696 ἱσχάτης
3578 1620 3704 1674 ἐστὶ

434 1736 629 1803 dignus
671 1746 793 1790 est:
833 1756 851 1787 ι
889 1735 1067 1790 Nolite
1122 1737 1268 1790 enim
1318 1749 1529 1796 errare,
1564 1732 1785 1802 inquit:
1835 1744 2010 1798 neque

2120 1733 2380 1793 κολάσεως
2403 1730 2571 1796 ἄξιος.
2595 1727 2717 1797 «Μὴ
2749 1723 3024 1778 πλανᾶσθε
3048 1723 3178 1792 γὰρ,
3201 1718 3385 1788 φησιν’
3414 1714 3541 1769 οὔτε
3567 1713 3709 1784 πόρ-

434 1826 742 1890 fornicarii,
795 1843 971 1895 neque
1016 1828 1176 1881 idolis
1231 1827 1556 1887 servientes,
1609 1838 1785 1891 neque
1833 1822 2006 1884 avari,

434 1932 609 1982 neque
661 1919 885 1983 ebriosi,
923 1932 1098 1987 neque
1136 1917 1383 1972 maledici
1426 1930 1652 1985 regnum
1690 1913 1781 1967 Dei
1838 1911 2011 1982 possi-

438 2009 641 2064 debunt
677 2010 720 2062 '.
762 2028 780 2061 ι
819 2009 874 2063 Si
924 2024 1056 2063 vero
1082 2009 1179 2063 tibi
1222 2008 1408 2075 gravia
1453 2021 1579 2061 esse
1613 2006 1866 2058 videntur
1899 2003 2013 2056 lucc

438 2110 726 2170 praecepta,
765 2101 1103 2169 multumque
1134 2099 1416 2153 continere
1459 2096 1682 2154 laboris.
1721 2093 2010 2149 considera

436 2202 662 2261 propter
692 2190 971 2244 Christum
1022 2202 1074 2244 te
1127 2190 1244 2244 hac
1285 2188 1484 2252 facere,
1534 2195 1589 2240 et
1622 2200 1805 2240 amara
1853 2190 2016 2237 erunt

439 2281 643 2342 dulcia,
683 2292 739 2336 et
779 2281 933 2335 labor
968 2297 1074 2335 non
1123 2279 1359 2350 amplius
1395 2278 1549 2332 lahor
1591 2276 1884 2337 videbitur,
1920 2273 2013 2328 sed

440 2382 645 2442 quanto
676 2373 986 2426 contentior
1009 2371 1196 2436 fuerit,
1231 2378 1382 2424 tanto
1416 2367 1634 2424 suavior
1663 2366 1753 2419 lict
1799 2376 1853 2419 et
1898 2362 2018 2416 dul-

441 2465 578 2519 cior.
610 2462 728 2519 Non
765 2464 940 2520 solum
976 2473 1159 2519 autem
1204 2477 1300 2532 spe
1341 2461 1647 2515 [intrrormn
1681 2457 1852 2511 levem
1889 2453 2017 2509 red-

443 2557 581 2612 didit
609 2559 864 2612 virtutem
911 2557 1075 2621 Dens,
1126 2558 1219 2611 scd
1263 2555 1371 2609 alio
1403 2554 1567 2609 etiam
1614 2552 1774 2606 modo
1820 2549 2020 2619 ubique

444 2649 602 2703 nobis
625 2650 970 2716 coniunctus,
1004 2656 1058 2702 et
1085 2648 1138 2702 iu
1176 2647 1443 2701 auxilium
1473 2654 1716 2714 paratus.

516 2738 587 2803 γ,
618 2740 711 2795 27.
751 2740 989 2795 Audistis
1036 2739 1162 2811 quia
1208 2739 1407 2792 dictum
1460 2743 1538 2792 est
1571 2752 1589 2791 :
1620 2733 1742 2788 Non
1792 2730 2022 2787 macha-

448 2832 601 2886 beris.
1998 2880 1999 2883 η

522 2920 659 2977 Sunt
698 2922 837 2977 forte
872 2922 1113 2977 nonnulli
1145 2922 1236 2991 qui
1272 2929 1478 2974 tantam
1513 2919 1746 2989 gratiam
1791 2928 2023 2984 accepe-

450 3022 579 3066 runt
623 3022 683 3067 ut
722 3014 895 3081 ipsius
925 3012 1396 3080 concupiscentia
1427 3011 1537 3063 sint
1578 3010 1866 3062 immunes.
1907 3007 2025 3060 Ca:-

454 3112 627 3157 ternm
677 3103 949 3165 Christus,
986 3118 1083 3171 per
1108 3116 1269 3169 quem
1318 3108 1512 3154 natura
1554 3100 1788 3153 humana
1839 3096 2026 3150 melio-

453 3203 571 3249 rata
613 3206 717 3258 est,
751 3195 995 3264 qumdam
1048 3208 1168 3263 qua:
1209 3207 1369 3261 supra
1404 3191 1572 3261 legem
1605 3199 1731 3243 sunt
1776 3189 2025 3257 imperat,

454 3294 514 3338 nt
548 3300 687 3339 nunc
726 3283 1025 3354 possibilia.
1063 3283 1121 3338 Si
1155 3284 1302 3338 enim
1346 3284 1412 3337 iis
1457 3281 1550 3352 qui
1582 3291 1710 3334 ante
1749 3279 2026 3334 Christum

455 3375 674 3429 fuerunt
724 3377 827 3449 hoc
874 3383 994 3430 erat
1045 3374 1401 3444 impossibile,
1437 3370 1825 3441 ﬁdelibusjam
1872 3368 2032 3424 facile

454 3475 539 3521 est
567 3466 1035 3534 concupiscentias
1065 3464 1401 3519 rescindere.

532 3556 595 3623 ν,
640 3557 727 3616 50.
784 3557 1038 3628 Cyrillus,
1088 3556 1345 3619 Joannes,
1403 3554 1672 3619 Isidorus,
1726 3549 2030 3605 Theodorus

460 3646 795 3701 Heracleam.
848 3648 1043 3701 Dicens
1075 3664 1088 3700 :
1124 3665 1142 3697 ι
1179 3646 1235 3699 Si
1274 3644 1468 3699 oculus
1516 3654 1640 3697 tuus
1695 3638 2033 3696 scandalizet

461 3748 533 3800 te,
568 3756 588 3790 ι
627 3749 757 3801 etc.,
796 3753 894 3805 per
939 3737 1154 3790 oculum
1197 3734 1655 3804 concupiscentiae
1710 3739 2033 3798 conceptum

462 3827 709 3893 intelligit
735 3842 894 3895 qitem
926 3826 1040 3879 erui
1070 3834 1320 3894 oportere
1353 3826 1452 3877 ait.

532 3919 721 3972 Aliter.
761 3916 1103 3972 Eorumdem.
1143 3917 1296 3972 Oculi
1334 3925 1388 3970 et
1417 3927 1607 3966 manus
1637 3912 1858 3965 nomine
1897 3911 2035 3963 ami-

2109 1843 2210 1885 νοι,
2237 1822 2362 1877 οὔτε
2395 1821 2804 1890 εἰδωλολάτραι,
2828 1815 2955 1871 οὔτε
2984 1813 3325 1871 πλεονέκται,
3351 1810 3411 1863 οὐ
3447 1805 3703 1879 μέθυσοι,

2109 1917 2170 1970 ού
2200 1914 2426 1985 λοίδοροι
2458 1911 2733 1983 βασιλείαν
2767 1908 2902 1962 Θεοῦ
2936 1904 3464 1977 κληρονομήσουσιν.
3490 1918 3508 1951 ι
3547 1898 3611 1952 Ei
3644 1895 3706 1951 δι

2114 2024 2197 2061 σοι
2244 2006 2482 2075 φορτικὰ
2527 1998 2667 2055 εἶναι
2716 2000 2864 2053 δοκεί
2904 1997 3077 2051 ταῦτα
3103 1994 3171 2048 τὰ
3201 1990 3572 2058 ἐπιτάγματα,
3608 1987 3707 2041 καὶ

2114 2096 2287 2150 πολὺν
2314 2094 2579 2164 παρέχειν
2610 2090 2702 2143 τὸν
2722 2090 2905 2151 πόνον,
2928 2086 3202 2155 ἐννόησον,
3229 2084 3311 2136 ὅτι
3339 2081 3427 2135 διὰ
3457 2080 3549 2132 τὸν
3568 2079 3708 2147 Χρι-

2117 2187 2242 2239 στὸν
2288 2183 2462 2237 ταῦτα
2506 2186 2701 2245 ποιεῖς,
2734 2181 2829 2235 καὶ
2860 2178 2932 2232 τὰ
2960 2176 3182 2247 λυπηρᾶ
3212 2175 3366 2228 ἔσται
3395 2172 3517 2244 ἠδη.
3549 2171 3649 2225 καὶ
3677 2173 3707 2225 6

2116 2279 2279 2339 πόνος
2327 2277 2510 2330 οὐκέτι
2547 2276 2708 2337 πόνος
2754 2275 3023 2341 φανεῖται,
3060 2269 3173 2323 ἀλλ’
3217 2270 3426 2336 ὅσαπερ
3459 2264 3528 2317 ἂν
3574 2263 3709 2316 ἑπι-

2116 2373 2379 2441 τείνηται,
2407 2368 2650 2439 τοσούτῳ
2677 2367 3012 2435 γλυκύτερος
3042 2364 3137 2418 καὶ
3168 2363 3330 2431 ἡδίων
3357 2360 3585 2428 γίνεται.
3624 2354 3708 2409 οδ

2123 2467 2283 2535 μόνον
2307 2463 2363 2517 δὲ
2389 2465 2454 2533 τῇ
2484 2462 2593 2514 τῶν
2620 2460 2924 2529 μελλόντων
2944 2457 3119 2510 ἑλπίδι
3142 2454 3350 2523 κούφην
3375 2453 3473 2520 τὴν
3499 2445 3708 2521 ἀρετὴν

2120 2557 2376 2626 ἐποίησεν
2410 2556 2438 2608 ὁ
2466 2554 2619 2617 Θεὸς,
2655 2550 2791 2604 ἀλλὰ
2826 2551 2919 2603 καὶ
2952 2548 3123 2618 ἑτέρῳ
3152 2545 3341 2615 τρόπῳ
3362 2537 3711 2608 συνεφαπτό·

2124 2665 2285 2719 μενος
2320 2649 2452 2717 ἡμῖν
2487 2642 2762 2713 πανταχοῦ
2795 2642 2889 2695 καὶ
2920 2635 3578 2707 συναντιλαμϐανόμενος.

2204 2740 2537 2794 Ἠκούσατε
2569 2736 2658 2790 ὅτι
2681 2733 2912 2805 ὲρῤέθη,
2942 2734 3025 2786 Οὐ
3043 2730 3411 2802 μοιχεύσεις.

2194 2913 2349 2981 Τάχα
2370 2910 2444 2981 (1)
2468 2909 2573 2963 είσί
2604 2924 2747 2971 τινες
2765 2905 3008 2960 τοιοῦτον
3022 2903 3280 2966 λαϐόντες
3296 2901 3545 2971 χάρισμα
3564 2897 3715 2953 ὥστε

2131 3003 2205 3075 μὴ
2259 3002 2567 3071 ἐπιθυμεῖν.
2600 3000 2806 3070 Πλὴνὸ
2861 2997 3098 3069 Χριστὸς
3147 2995 3221 3060 ti);
3282 2991 3717 3064 ἰσχυροποιήσας

2128 3096 2229 3166 τὴν
2253 3092 2554 3163 ἀνθρώπων
2590 3092 2775 3160 φύσιν,
2807 3090 2901 3143 καὶ
2934 3087 3003 3142 τά
3034 3086 3176 3154 ὑπὲρ
3209 3086 3373 3153 νόμον
3396 3082 3715 3144 ἐπιτάσσει,

2127 3186 2203 3251 ὡς
2236 3185 2327 3239 νῦν
2350 3183 2714 3255 ἐγχωροῧντα.
2734 3183 2797 3236 Ei
2823 3181 2932 3251 γὰρ
2957 3180 3051 3234 καὶ
3077 3181 3191 3242 τοῖς
3222 3176 3327 3248 πρὸ
3353 3175 3447 3229 τοῦ
3473 3169 3718 3243 Χριστοῦ

2129 3278 2386 3333 ἀδύνατον
2415 3272 2483 3345 ἦν
2534 3274 2713 3339 τοῦτο,
2745 3273 2880 3327 ἀλλὰ
2918 3274 3032 3336 τοῖς
3067 3271 3278 3333 πιστοῖς
3304 3265 3722 3336 εὐκατόρθωτον

2128 3368 2190 3421 τὸ
2216 3368 2313 3431 τὰς
2342 3366 2640 3437 ἐπιθυμίας
2665 3364 2974 3419 ὲκκόπτειν.

2204 3547 2521 3615 Κύριλλος,
2552 3541 2845 3607 Ἰωάννης,
2864 3538 3177 3604 Ἰσίδωρος.
3206 3535 3505 3603 Θεόδωρος
3540 3533 3720 3599 Ἦρα-

2134 3640 2357 3705 κλείας.
2390 3635 2574 3689 Εἰπὼν
2589 3636 2716 3702 (2),ι
2753 3632 2885 3685 Ἐάν
2907 3633 2934 3684 ὁ
2954 3628 3231 3698 ὀφθαλμός
3262 3644 3356 3680 σου
3389 3623 3722 3695 σκανδαλίζῃ

2136 3748 2217 3796 σε,
2244 3752 2261 3781 ι
2294 3732 2387 3783 καὶ⁴
2433 3729 2503 3781 τὰ
2537 3728 2663 3797 έξῆς
2688 3743 2702 3757 ο
2731 3722 3006 3792 ὀφθαλμὸν
3031 3721 3179 3788 λέγει
3205 3719 3297 3772 τὸν
3322 3715 3580 3787 λογισμὸν
3613 3713 3722 3784 τῆς

2136 3823 2452 3893 ἐπιθυμίας,
2480 3821 2537 3873 ὃν
2561 3819 2714 3887 λέγει
2734 3816 3115 3870 ὲκκόπτεσθαι.

2210 3916 2455 3978 Ἄλλως.
2498 3910 2621 3965 Τῶν
2650 3906 2868 3965 αὐτῶν.
2901 3904 3207 3976 Ὀφθαλμδς
3231 3903 3326 3957 καὶ
3367 3902 3489 3972 χεὶρ
3521 3901 3726 3954 νοεῖται

463 4025 560 4066 cus
592 4011 931 4081 intelligitur.
962 4011 1017 4064 Si
1043 4011 1186 4063 enim
1214 4008 1445 4075 aliquem
1466 4015 1524 4058 ut
1544 4002 1759 4057 oculum
1788 4002 2035 4055 dextrum

465 4102 683 4171 diligas,
710 4114 762 4156 et
784 4117 848 4155 ex
878 4117 943 4156 eo
972 4103 1214 4155 eamdem
1246 4100 1535 4153 utilitatem
1572 4095 1843 4165 percipias
1873 4106 2035 4160 quam

2135 4007 2164 4059 ὁ
2192 4007 2343 4075 φίλος
2371 4021 2385 4036 ο
2419 4004 2513 4056 ἐὰν
2566 4002 2675 4071 γάρ
2724 4017 2846 4053 τινα
2897 3998 3069 4060 οὕτως
3118 3996 3301 4066 φιλῇς,
3351 3994 3425 4055 ὡς
3471 3994 3529 4044 ὲν
3568 3987 3726 4053 τάξει

2137 4096 2417 4166 ὀφθαλμοῦ
2442 4093 2641 4159 δεξιοῦ,
2659 4092 2755 4145 καὶ
2779 4093 3048 4161 χρήσιμον
3077 4087 3243 4142 αὑτὸν
3279 4084 3519 4155 νομίζεις
3546 4082 3619 4144 ὼς
3666 4082 3727 4133 ὲν

464 4209 531 4248 ex
563 4208 723 4246 manu
761 4195 1012 4259 dextera;
1045 4203 1099 4246 et
1125 4193 1362 4246 animam
1404 4201 1546 4245 tuatn
1584 4188 1748 4247 laedit.
1791 4200 1921 4239 erue
1945 4197 2009 4237 eo

2137 4188 2288 4253 τάξει
2308 4188 2490 4252 δεξιᾶς
2520 4184 2720 4257 χειρὸς,
2752 4184 2845 4236 καὶ
2869 4184 3093 4253 βλάπτει
3122 4198 3216 4234 σου
3248 4178 3347 4248 τὴν
3372 4177 3571 4246 ψυχὴν,
3590 4172 3728 4227 ἁπό-

461 4295 591 4365 a’tc
636 4295 690 4339 et
734 4284 801 4338 ab
836 4285 916 4339 eis
962 4299 1237 4353 separare.
1294 4284 1428 4338 Cum
1483 4283 1626 4337 enim
1670 4293 1764 4332 vos
1810 4276 2011 4331 inviceu

2137 4298 2272 4351 τεμε
2312 4279 2531 4341 τούτους
2551 4279 2658 4330 ἀπὸ
2693 4276 2808 4339 σοῦ,
2835 4276 2926 4327 καὶ
2960 4274 3148 4346 πόρῤω
3181 4270 3481 4341 χωρίσθητι
3513 4264 3609 4319 ἀπ’
3632 4266 3730 4317 αύ-

468 4378 682 4431 salvare
710 4393 815 4431 non
849 4379 1091 4447 possitis,
1120 4379 1228 4432 imo
1257 4393 1385 4431 vero
1423 4378 1582 4430 ambo
1612 4372 1770 4429 simul
1809 4371 2011 4440 peritu:

2144 4371 2272 4425 τῶν.
2294 4370 2412 4424 Ὅτ⁶
2447 4369 2513 4422 ἂν
2546 4368 2655 4439 γάρ
2688 4366 2761 4437 μὴ
2798 4364 3058 4433 ἀλλήλους
3094 4360 3324 4429 σώζητε.
3359 4357 3494 4412 ἀλλὰ
3528 4354 3728 4425 μᾶλλον

467 4468 588 4521 sitis
630 4469 681 4521 in
732 4476 912 4522 mutua
957 4468 1219 4523 societate
1266 4477 1573 4530 manentes,
1606 4466 1777 4519 satius
1813 4470 1920 4527 est,
1950 4476 2011 4515 ve

2143 4463 2455 4535 ἀμφότεροι
2512 4456 2962 4529 προσαπόλλυσθε
3015 4454 3169 4517 δντες
3227 4451 3405 4523 ὁμοῦ,
3459 4447 3728 4518 συμφέρει

470 4574 654 4620 nnmn,
690 4562 756 4614 ab
784 4561 889 4614 alio
919 4571 1245 4630 separatum,
1279 4559 1495 4613 salvari.

2142 4552 2505 4625 χωρισθέντα,
2548 4549 2650 4601 κᾶν
2680 4548 2771 4599 τὸν
2800 4547 2897 4599 ἕνα
2935 4545 3192 4612 σωθῆναι.

2227 4643 2462 4712 Ἐρῤἐθη
2491 4640 2558 4692 δὲ
2582 4640 2670 4691 ὅτι
2697 4638 2763 4703 ὃς
2802 4637 2879 4690 ἂν
2902 4635 3186 4704 ἀπολύσῃ
3206 4631 3323 4700 τὴν
3349 4627 3608 4702 γυναῖκα
3627 4626 3731 4680 αὐ·

2145 4736 2273 4799 τοῦ,
2301 4736 2450 4787 δότω
2474 4730 2629 4798 αὐτῇ
2647 4729 3052 4783 ἀποστάσιον.

544 4832 857 4899 Sapientem
922 4848 1141 4886 uxorem
1213 4833 1494 4885 dimittens
1554 4830 1765 4899 copiam
1834 4830 1883 4885 ei
1955 4831 2011 4884 da

2236 4832 2293 4883 '0
2322 4832 2397 4895 (5)
2425 4829 2525 4897 τὴν
2558 4826 2810 4896 σώφρονα
2834 4823 3110 4877 ἐκϐάλλων
3138 4820 3355 4874 δίδωσιν
3379 4816 3514 4886 αύτῇ
3545 4813 3731 4867 ἄδειαν

472 4922 563 4976 alii
603 4922 857 4986 nubendi,
896 4924 1037 4992 quod
1087 4934 1168 4977 est
1217 4925 1599 4978 mmchationis
1641 4938 1829 4994 genus,
1882 4938 2011 4991 quas

2154 4924 2297 4994 ἄλλῳ
2327 4920 2659 4990 γαμηθῆναι,
2689 4919 2827 4986 ὅπερ
2872 4916 3022 4967 ἐστὶν
3051 4910 3189 4975 εἶδος
3236 4909 3502 4980 μοιχείας,
3531 4906 3729 4958 ὡσανεὶ

474 5013 709 5068 nondmn
748 5012 1010 5067 dissoluto
1064 5014 1293 5067 vinculo.
1354 5012 1472 5067 Non
1520 5014 1663 5067 enim
1716 5014 1923 5083 repudii
1977 5013 2011 5068 li

2157 5014 2232 5085 μὴ
2281 5012 2534 5079 λυθείσης
2574 5008 2865 5074 συζυγίας·
2908 5006 2970 5059 οὐ
3027 5004 3133 5074 γάρ
3164 5003 3233 5056 τὰ
3279 5000 3536 5072 ρεπούδια
3580 4998 3731 5068 παρὰ

473 5108 648 5165 hellus
687 5107 824 5176 apud
874 5107 1038 5160 Deum
1085 5108 1485 5163 matrimonium
1535 5107 1715 5174 solvit,
1762 5106 1855 5163 sed
1910 5106 2011 5160 mal

2152 5104 2270 5174 Θεῷ
2290 5101 2404 5155 λύει
2436 5102 2525 5154 τὸν
2554 5099 2751 5170 γάμον,
2784 5096 2898 5150 ἀλλ’
2926 5096 2959 5163 ἡ
2993 5093 3195 5155 ἄτοπος
3226 5091 3443 5162 πρᾶξις.

475 5202 668 5270 egendi
703 5202 861 5255 ratio.

551 5292 655 5362 ιο
688 5292 751 5358 V,
780 5294 868 5362 34,
905 5294 993 5351 '55.
1048 5293 1228 5362 Neque
1262 5308 1352 5363 per
1384 5290 1564 5345 caelum
1593 5332 1607 5355 ,
1654 5290 1778 5361 quia
1826 5289 2043 5343 thronus

480 5380 578 5433 Dei
604 5396 677 5435 est
697 5400 717 5447 ;
750 5402 910 5455 neque
934 5403 1027 5455 per
1055 5395 1270 5438 terram.

551 5496 570 5526 '
603 5497 624 5549 Ι
653 5498 777 5553 Cor.
810 5515 883 5563 ιἰ,
915 5500 967 5555 9.

552 5606 629 5669 (1)
666 5607 819 5671 Τάχα
841 5610 960 5663 εἰσί
998 5639 1058 5654 ιο-
1082 5610 1415 5663 exui-arena
1441 5607 1682 5661 Cramer.
1712 5621 1761 5673 p.
1795 5603 1881 5657 37.

554 5675 630 5747 (9)
656 5678 852 5732 Εἰπὼν
878 5708 944 5721 -~
966 5677 1073 5732 ἕνα
1104 5679 1390 5747 σωθῆναι.
1421 5678 1658 5731 Cramer.
1684 5693 1734 5744 p.
1763 5675 1851 5728 39.

541 4651 605 4715 Υ,
639 4653 726 4704 51.
774 4653 979 4704 Dictum
1017 4661 1096 4705 est
1128 4667 1146 4705 :
1181 4653 1491 4719 Quicunque
1528 4648 1787 4701 dimiserit
1826 4665 2044 4704 uxorem

470 4757 643 4807 suam,
678 4744 763 4794 del
797 4745 842 4794 ei
877 4743 1107 4795 libellum
1146 4742 1369 4809 repudii.

2223 5283 2385 5348 Μήτε
2413 5282 2479 5334 ἐν
2520 5280 2597 5345 τῷ
2629 5277 2883 5348 οὐρανῷ,
2916 5278 3003 5332 ὅτι
3031 5274 3242 5344 θρόνος
3262 5271 3394 5328 ἐστὶ
3415 5268 3522 5324 τοῦ
3548 5262 3693 5323 Θεοῦ
3714 5278 3732 5294 ⁸

2149 5374 2300 5446 μήτε
2324 5374 2393 5426 ἐν
2416 5372 2492 5441 τῇ
2522 5372 2617 5441 γῇ.

2227 5601 2304 5672 (3)
2322 5602 2378 5655 ’0
2398 5631 2463 5640 -
2484 5601 2679 5663 ἄτοπος
2711 5597 2927 5669 πρᾶξις.
2950 5594 3192 5650 Cramer.
3218 5610 3270 5663 p.
3303 5593 3394 5647 39.
