  <div class='ocr_page' id='page_1' title='image "/cluster/home/n/w/nwhite01/storage/ocr_20150623/72/hvd.32044073502015/197.png"; bbox 0 0 3986 6198; ppageno 0'>
   <div class='ocr_carea' id='block_1_1' title="bbox 289 234 3555 301">
    <p class='ocr_par' dir='ltr' id='par_1_1' title="bbox 289 234 3555 301">
     <span class='ocr_line' id='line_1_1' title="bbox 289 234 3555 301; baseline 0.001 -3"><span class='ocrx_word' id='word_1_1' title='bbox 289 234 391 290; x_wconf 66' lang='lat'><strong>393</strong></span> <span class='ocrx_word' id='word_1_2' title='bbox 1327 244 1386 299; x_wconf 89' lang='lat' dir='ltr'><strong>S.</strong></span> <span class='ocrx_word' id='word_1_3' title='bbox 1429 243 1703 301; x_wconf 78' lang='lat' dir='ltr'><strong>CYRILLl</strong></span> <span class='ocrx_word' id='word_1_4' title='bbox 1741 242 2212 300; x_wconf 73' lang='lat' dir='ltr'><strong>ALEXANDRINI</strong></span> <span class='ocrx_word' id='word_1_5' title='bbox 2249 242 2571 300; x_wconf 79' lang='lat' dir='ltr'><strong>ARCHIEP.</strong></span> <span class='ocrx_word' id='word_1_6' title='bbox 3453 234 3555 290; x_wconf 52' lang='lat'><strong>33‘</strong></span> 
     </span>
    </p>
   </div>
   <div class='ocr_carea' id='block_1_2' title="bbox 296 354 1870 435">
    <p class='ocr_par' dir='ltr' id='par_1_2' title="bbox 296 359 1866 434">
     <span class='ocr_line' id='line_1_2' title="bbox 296 359 1866 434; baseline 0 -18"><span class='ocrx_word' id='word_1_7' title='bbox 296 369 505 434; x_wconf 83' lang='lat' dir='ltr'><strong>ponunt</strong></span> <span class='ocrx_word' id='word_1_8' title='bbox 529 359 686 431; x_wconf 78' lang='lat' dir='ltr'><strong>justi,</strong></span> <span class='ocrx_word' id='word_1_9' title='bbox 718 366 777 416; x_wconf 87' lang='lat' dir='ltr'><strong>ut</strong></span> <span class='ocrx_word' id='word_1_10' title='bbox 829 363 933 418; x_wconf 90' lang='lat' dir='ltr'><strong>hoc</strong></span> <span class='ocrx_word' id='word_1_11' title='bbox 974 360 1078 419; x_wconf 83' lang='lat' dir='ltr'><strong>sibi</strong></span> <span class='ocrx_word' id='word_1_12' title='bbox 1124 359 1423 430; x_wconf 75' lang='lat' dir='ltr'><strong>conlingat,</strong></span> <span class='ocrx_word' id='word_1_13' title='bbox 1473 371 1769 433; x_wconf 77' lang='lat' dir='ltr'><strong>regnetque</strong></span> <span class='ocrx_word' id='word_1_14' title='bbox 1810 360 1866 416; x_wconf 92' lang='lat' dir='ltr'><strong>ln</strong></span> 
     </span>
    </p>
   </div>
   <div class='ocr_carea' id='block_1_3' title="bbox 1977 354 3551 435">
    <p class='ocr_par' dir='ltr' id='par_1_3' title="bbox 1977 354 3551 435">
     <span class='ocr_line' id='line_1_3' title="bbox 1977 354 3551 435; baseline -0.006 -19"><span class='ocrx_word' id='word_1_15' title='bbox 1977 362 2128 416; x_wconf 74' lang='grc' dir='ltr'>τοῦτο</span> <span class='ocrx_word' id='word_1_16' title='bbox 2164 361 2427 435; x_wconf 75' lang='grc' dir='ltr'><strong>ὑπάρξειν</strong></span> <span class='ocrx_word' id='word_1_17' title='bbox 2449 379 2462 392; x_wconf 72' lang='grc'><strong>⁸</strong></span> <span class='ocrx_word' id='word_1_18' title='bbox 2493 360 2572 414; x_wconf 71' lang='grc' dir='ltr'>ἔτι</span> <span class='ocrx_word' id='word_1_19' title='bbox 2603 359 2661 414; x_wconf 68' lang='grc' dir='ltr'>δὲ</span> <span class='ocrx_word' id='word_1_20' title='bbox 2691 358 2784 414; x_wconf 79' lang='grc' dir='ltr'><strong>καὶ</strong></span> <span class='ocrx_word' id='word_1_21' title='bbox 2817 358 2927 422; x_wconf 75' lang='grc' dir='ltr'>τοῖς</span> <span class='ocrx_word' id='word_1_22' title='bbox 2955 356 3230 419; x_wconf 78' lang='grc' dir='ltr'><strong>ἀπίστοις,</strong></span> <span class='ocrx_word' id='word_1_23' title='bbox 3265 354 3351 406; x_wconf 83' lang='grc' dir='ltr'>ἴνα</span> <span class='ocrx_word' id='word_1_24' title='bbox 3379 355 3551 422; x_wconf 81' lang='grc' dir='ltr'>ὀρῶν-</span> 
     </span>
    </p>
   </div>
   <div class='ocr_carea' id='block_1_4' title="bbox 296 444 1870 525">
    <p class='ocr_par' dir='ltr' id='par_1_4' title="bbox 296 452 1868 525">
     <span class='ocr_line' id='line_1_4' title="bbox 296 452 1868 525; baseline -0.003 -13"><span class='ocrx_word' id='word_1_25' title='bbox 296 457 446 525; x_wconf 85' lang='lat' dir='ltr'><strong>lpsos</strong></span> <span class='ocrx_word' id='word_1_26' title='bbox 474 452 745 509; x_wconf 80' lang='lat' dir='ltr'><strong>Christus.</strong></span> <span class='ocrx_word' id='word_1_27' title='bbox 782 453 921 521; x_wconf 92' lang='lat' dir='ltr'><strong>Quin</strong></span> <span class='ocrx_word' id='word_1_28' title='bbox 952 462 1009 509; x_wconf 92' lang='lat' dir='ltr'><strong>ut</strong></span> <span class='ocrx_word' id='word_1_29' title='bbox 1038 462 1094 510; x_wconf 88' lang='lat' dir='ltr'><strong>et</strong></span> <span class='ocrx_word' id='word_1_30' title='bbox 1125 454 1195 508; x_wconf 84' lang='lat' dir='ltr'><strong>ad</strong></span> <span class='ocrx_word' id='word_1_31' title='bbox 1241 453 1491 508; x_wconf 85' lang='lat' dir='ltr'><strong>infideles</strong></span> <span class='ocrx_word' id='word_1_32' title='bbox 1537 468 1750 524; x_wconf 90' lang='lat' dir='ltr'><strong>quoque</strong></span> <span class='ocrx_word' id='word_1_33' title='bbox 1779 470 1868 508; x_wconf 88' lang='lat' dir='ltr'><strong>re-</strong></span> 
     </span>
    </p>
   </div>
   <div class='ocr_carea' id='block_1_5' title="bbox 1983 444 3557 525">
    <p class='ocr_par' dir='ltr' id='par_1_5' title="bbox 1983 444 3557 518">
     <span class='ocr_line' id='line_1_5' title="bbox 1983 444 3557 518; baseline -0.008 -8"><span class='ocrx_word' id='word_1_34' title='bbox 1983 473 2065 518; x_wconf 83' lang='grc' dir='ltr'><strong>τες</strong></span> <span class='ocrx_word' id='word_1_35' title='bbox 2097 457 2192 509; x_wconf 72' lang='grc' dir='ltr'><strong>καὶ</strong></span> <span class='ocrx_word' id='word_1_36' title='bbox 2223 454 2570 518; x_wconf 81' lang='grc' dir='ltr'><strong>πιστεύοντες</strong></span> <span class='ocrx_word' id='word_1_37' title='bbox 2599 455 2677 517; x_wconf 81' lang='grc' dir='ltr'><strong>εις</strong></span> <span class='ocrx_word' id='word_1_38' title='bbox 2705 450 2893 518; x_wconf 78' lang='grc' dir='ltr'>αὑτὸν,</span> <span class='ocrx_word' id='word_1_39' title='bbox 2913 452 3114 505; x_wconf 72' lang='grc' dir='ltr'>οἰκεῖον</span> <span class='ocrx_word' id='word_1_40' title='bbox 3150 448 3358 502; x_wconf 78' lang='grc' dir='ltr'><strong>ἑαυτῶν</strong></span> <span class='ocrx_word' id='word_1_41' title='bbox 3398 444 3557 510; x_wconf 64' lang='lat' dir='ltr'><strong>[Eum</strong></span> 
     </span>
    </p>
   </div>
   <div class='ocr_carea' id='block_1_6' title="bbox 298 545 2220 616">
    <p class='ocr_par' dir='ltr' id='par_1_6' title="bbox 298 545 2220 616">
     <span class='ocr_line' id='line_1_6' title="bbox 298 545 2220 616; baseline 0.003 -21"><span class='ocrx_word' id='word_1_42' title='bbox 298 561 460 616; x_wconf 74' lang='lat' dir='ltr'><strong>gnum</strong></span> <span class='ocrx_word' id='word_1_43' title='bbox 492 545 816 599; x_wconf 73' lang='lat' dir='ltr'><strong>extendatur</strong></span> <span class='ocrx_word' id='word_1_44' title='bbox 851 545 991 599; x_wconf 91' lang='lat' dir='ltr'><strong>istud</strong></span> <span class='ocrx_word' id='word_1_45' title='bbox 1023 545 1248 613; x_wconf 90' lang='lat' dir='ltr'><strong>cupiunt</strong></span> <span class='ocrx_word' id='word_1_46' title='bbox 1296 553 1360 599; x_wconf 91' lang='lat' dir='ltr'><strong>ut</strong></span> <span class='ocrx_word' id='word_1_47' title='bbox 1401 545 1607 610; x_wconf 85' lang='lat' dir='ltr'><strong>apertis</strong></span> <span class='ocrx_word' id='word_1_48' title='bbox 1649 547 1715 598; x_wconf 91' lang='lat' dir='ltr'><strong>ad</strong></span> <span class='ocrx_word' id='word_1_49' title='bbox 1775 560 1868 600; x_wconf 84' lang='lat' dir='ltr'><strong>ve-</strong></span> <span class='ocrx_word' id='word_1_50' title='bbox 1977 545 2220 616; x_wconf 82' lang='grc' dir='ltr'>βασιλέα.</span> 
     </span>
    </p>
   </div>
   <div class='ocr_carea' id='block_1_7' title="bbox 299 631 3563 709">
    <p class='ocr_par' dir='ltr' id='par_1_7' title="bbox 299 631 3563 709">
     <span class='ocr_line' id='line_1_7' title="bbox 299 631 3563 709; baseline -0.002 -20"><span class='ocrx_word' id='word_1_51' title='bbox 299 636 478 691; x_wconf 86' lang='lat' dir='ltr'><strong>ritatis</strong></span> <span class='ocrx_word' id='word_1_52' title='bbox 509 635 688 690; x_wconf 81' lang='lat' dir='ltr'><strong>lumen</strong></span> <span class='ocrx_word' id='word_1_53' title='bbox 720 636 890 691; x_wconf 89' lang='lat' dir='ltr'><strong>oculis</strong></span> <span class='ocrx_word' id='word_1_54' title='bbox 915 637 1200 692; x_wconf 76' lang='lat' dir='ltr'><strong>credentes</strong></span> <span class='ocrx_word' id='word_1_55' title='bbox 1242 636 1295 691; x_wconf 94' lang='lat' dir='ltr'><strong>in</strong></span> <span class='ocrx_word' id='word_1_56' title='bbox 1347 637 1542 705; x_wconf 89' lang='lat' dir='ltr'><strong>ipsum,</strong></span> <span class='ocrx_word' id='word_1_57' title='bbox 1579 636 1857 708; x_wconf 74' lang='lat' dir='ltr'><strong>preprium</strong></span> <span class='ocrx_word' id='word_1_58' title='bbox 1895 638 1994 709; x_wconf 86' lang='lat' dir='ltr'><strong>ipsi</strong></span> <span class='ocrx_word' id='word_1_59' title='bbox 2025 655 2241 709; x_wconf 85' lang='lat' dir='ltr'><strong>quoque</strong></span> <span class='ocrx_word' id='word_1_60' title='bbox 2275 637 2527 694; x_wconf 89' lang='lat' dir='ltr'><strong>eumdem</strong></span> <span class='ocrx_word' id='word_1_61' title='bbox 2580 635 2860 690; x_wconf 82' lang='lat' dir='ltr'><strong>Christum</strong></span> <span class='ocrx_word' id='word_1_62' title='bbox 2904 631 3172 686; x_wconf 73' lang='lat' dir='ltr'><strong>.haheant</strong></span> <span class='ocrx_word' id='word_1_63' title='bbox 3233 635 3563 700; x_wconf 82' lang='lat' dir='ltr'><strong>agnoscant-</strong></span> 
     </span>
    </p>
   </div>
   <div class='ocr_carea' id='block_1_8' title="bbox 299 741 640 796">
    <p class='ocr_par' dir='ltr' id='par_1_8' title="bbox 299 741 640 796">
     <span class='ocr_line' id='line_1_8' title="bbox 299 741 640 796; baseline 0.012 -20"><span class='ocrx_word' id='word_1_64' title='bbox 299 741 406 795; x_wconf 86' lang='lat' dir='ltr'><strong>qne</strong></span> <span class='ocrx_word' id='word_1_65' title='bbox 442 741 640 796; x_wconf 83' lang='lat' dir='ltr'><strong>regem.</strong></span> 
     </span>
    </p>
   </div>
   <div class='ocr_carea' id='block_1_9' title="bbox 373 777 1947 886">
    <p class='ocr_par' dir='ltr' id='par_1_9' title="bbox 373 777 1869 886">
     <span class='ocr_line' id='line_1_9' title="bbox 373 777 1869 886; baseline 0.001 -17"><span class='ocrx_word' id='word_1_66' title='bbox 626 777 690 868; x_wconf 52' lang='lat' dir='ltr'><strong>is:</strong></span> <span class='ocrx_word' id='word_1_67' title='bbox 737 832 876 870; x_wconf 78' lang='lat' dir='ltr'><strong>enim</strong></span> <span class='ocrx_word' id='word_1_68' title='bbox 920 814 1225 869; x_wconf 83' lang='lat' dir='ltr'><strong>dimiseritis</strong></span> <span class='ocrx_word' id='word_1_69' title='bbox 1267 815 1566 870; x_wconf 81' lang='lat' dir='ltr'><strong>hominibus</strong></span> <span class='ocrx_word' id='word_1_70' title='bbox 1618 825 1869 886; x_wconf 83' lang='lat' dir='ltr'><strong>peccata,</strong></span> 
     </span>
    </p>
   </div>
   <div class='ocr_carea' id='block_1_10' title="bbox 1991 777 3565 886">
    <p class='ocr_par' dir='ltr' id='par_1_10' title="bbox 2066 777 3565 886">
     <span class='ocr_line' id='line_1_10' title="bbox 2066 777 3565 886; baseline -0.007 -14"><span class='ocrx_word' id='word_1_71' title='bbox 2066 817 2208 872; x_wconf 84' lang='grc' dir='ltr'><strong>Ἐὰν</strong></span> <span class='ocrx_word' id='word_1_72' title='bbox 2250 815 2359 886; x_wconf 75' lang='grc' dir='ltr'><strong>γὰρ</strong></span> <span class='ocrx_word' id='word_1_73' title='bbox 2390 817 2513 885; x_wconf 68' lang='grc' dir='ltr'><strong>ἀφῆ</strong></span> <span class='ocrx_word' id='word_1_74' title='bbox 2522 833 2582 869; x_wconf 86' lang='grc' dir='ltr'><strong>τε</strong></span> <span class='ocrx_word' id='word_1_75' title='bbox 2617 815 2740 880; x_wconf 82' lang='grc' dir='ltr'>τοῖς</span> <span class='ocrx_word' id='word_1_76' title='bbox 2770 811 3102 881; x_wconf 79' lang='grc' dir='ltr'>ἀνθρώποις</span> <span class='ocrx_word' id='word_1_77' title='bbox 3139 810 3214 864; x_wconf 87' lang='grc' dir='ltr'>τὰ</span> <span class='ocrx_word' id='word_1_78' title='bbox 3250 777 3565 877; x_wconf 73' lang='grc' dir='ltr'>παραπτώ-</span> 
     </span>
    </p>
   </div>
   <div class='ocr_carea' id='block_1_11' title="bbox 303 898 1877 978">
    <p class='ocr_par' dir='ltr' id='par_1_11' title="bbox 303 903 1555 963">
     <span class='ocr_line' id='line_1_11' title="bbox 303 903 1555 963; baseline 0.002 -2"><span class='ocrx_word' id='word_1_79' title='bbox 303 907 527 961; x_wconf 75' lang='lat' dir='ltr'><strong>dimittet</strong></span> <span class='ocrx_word' id='word_1_80' title='bbox 553 908 714 962; x_wconf 88' lang='lat' dir='ltr'><strong>etiam</strong></span> <span class='ocrx_word' id='word_1_81' title='bbox 742 908 882 962; x_wconf 85' lang='lat' dir='ltr'><strong>vobis</strong></span> <span class='ocrx_word' id='word_1_82' title='bbox 911 903 1075 960; x_wconf 87' lang='lat' dir='ltr'><strong>Pater</strong></span> <span class='ocrx_word' id='word_1_83' title='bbox 1114 916 1284 961; x_wconf 85' lang='lat' dir='ltr'><strong>uester</strong></span> <span class='ocrx_word' id='word_1_84' title='bbox 1307 907 1555 963; x_wconf 76' lang='lat' dir='ltr'><strong>ccelestis.</strong></span> 
     </span>
    </p>
   </div>
   <div class='ocr_carea' id='block_1_12' title="bbox 1988 898 3562 978">
    <p class='ocr_par' dir='ltr' id='par_1_12' title="bbox 1988 898 3562 977">
     <span class='ocr_line' id='line_1_12' title="bbox 1988 898 3562 977; baseline -0.005 -16"><span class='ocrx_word' id='word_1_85' title='bbox 1988 925 2156 977; x_wconf 84' lang='grc' dir='ltr'>ματα,</span> <span class='ocrx_word' id='word_1_86' title='bbox 2185 907 2408 976; x_wconf 67' lang='grc' dir='ltr'>ἀφήσει</span> <span class='ocrx_word' id='word_1_87' title='bbox 2449 907 2548 960; x_wconf 77' lang='grc' dir='ltr'>καὶ</span> <span class='ocrx_word' id='word_1_88' title='bbox 2588 905 2730 976; x_wconf 84' lang='grc' dir='ltr'>ὑμῖν</span> <span class='ocrx_word' id='word_1_89' title='bbox 2766 908 2799 960; x_wconf 84' lang='grc' dir='ltr'><em>ὀ</em></span> <span class='ocrx_word' id='word_1_90' title='bbox 2842 905 3044 972; x_wconf 84' lang='grc' dir='ltr'>Πατὴρ</span> <span class='ocrx_word' id='word_1_91' title='bbox 3089 901 3259 972; x_wconf 84' lang='grc' dir='ltr'>ὑμῶν</span> <span class='ocrx_word' id='word_1_92' title='bbox 3308 904 3342 954; x_wconf 86' lang='grc' dir='ltr'><em>ό</em></span> <span class='ocrx_word' id='word_1_93' title='bbox 3387 898 3562 969; x_wconf 76' lang='grc' dir='ltr'>οὐρά-</span> 
     </span>
    </p>
   </div>
   <div class='ocr_carea' id='block_1_13' title="bbox 1983 1024 2130 1060">
    <p class='ocr_par' dir='ltr' id='par_1_13' title="bbox 1983 1024 2130 1060">
     <span class='ocr_line' id='line_1_13' title="bbox 1983 1024 2130 1060; baseline 0.014 -2"><span class='ocrx_word' id='word_1_94' title='bbox 1983 1024 2130 1060; x_wconf 68' lang='grc' dir='ltr'>νιος.</span> 
     </span>
    </p>
   </div>
   <div class='ocr_carea' id='block_1_14' title="bbox 374 1028 1948 1163">
    <p class='ocr_par' dir='ltr' id='par_1_14' title="bbox 374 1064 1872 1155">
     <span class='ocr_line' id='line_1_14' title="bbox 374 1064 1872 1155; baseline 0.003 -19"><span class='ocrx_word' id='word_1_95' title='bbox 374 1081 564 1138; x_wconf 86' lang='lat' dir='ltr'><strong>Potest</strong></span> <span class='ocrx_word' id='word_1_96' title='bbox 591 1096 804 1152; x_wconf 86' lang='lat' dir='ltr'><strong>quoque</strong></span> <span class='ocrx_word' id='word_1_97' title='bbox 837 1081 994 1136; x_wconf 79' lang='lat' dir='ltr'><strong>Jesns</strong></span> <span class='ocrx_word' id='word_1_98' title='bbox 1036 1091 1095 1136; x_wconf 92' lang='lat' dir='ltr'><strong>ut</strong></span> <span class='ocrx_word' id='word_1_99' title='bbox 1143 1083 1281 1137; x_wconf 85' lang='lat' dir='ltr'><strong>Deus</strong></span> <span class='ocrx_word' id='word_1_100' title='bbox 1322 1064 1545 1152; x_wconf 72' lang='lat' dir='ltr'><strong>peccata</strong></span> <span class='ocrx_word' id='word_1_101' title='bbox 1581 1085 1872 1155; x_wconf 88' lang='lat' dir='ltr'><strong>dimittere,</strong></span> 
     </span>
    </p>
   </div>
   <div class='ocr_carea' id='block_1_15' title="bbox 1990 1028 3564 1163">
    <p class='ocr_par' dir='ltr' id='par_1_15' title="bbox 1990 1028 3564 1163">
     <span class='ocr_line' id='line_1_15' title="bbox 1990 1028 2130 1060; baseline 0.014 -2"><span class='ocrx_word' id='word_1_102' title='bbox 1990 1028 2076 1060; x_wconf 82' lang='grc' dir='ltr'><strong>Υιο</strong></span> <span class='ocrx_word' id='word_1_103' title='bbox 2117 1046 2130 1060; x_wconf 76' lang='grc' dir='ltr'><strong><em>ο</em></strong></span> 
     </span>
     <span class='ocr_line' id='line_1_16' title="bbox 2058 1028 3564 1163; baseline -0.006 -15"><span class='ocrx_word' id='word_1_104' title='bbox 2058 1028 2290 1148; x_wconf 46' lang='grc' dir='ltr'>Δςῖἇναται</span> <span class='ocrx_word' id='word_1_105' title='bbox 2324 1094 2417 1147; x_wconf 75' lang='grc' dir='ltr'><strong>καὶ</strong></span> <span class='ocrx_word' id='word_1_106' title='bbox 2443 1095 2471 1146; x_wconf 85' lang='lat'><strong>6</strong></span> <span class='ocrx_word' id='word_1_107' title='bbox 2506 1093 2712 1163; x_wconf 81' lang='grc' dir='ltr'>Ἰησοῦς</span> <span class='ocrx_word' id='word_1_108' title='bbox 2738 1094 2813 1157; x_wconf 83' lang='grc' dir='ltr'>ὼς</span> <span class='ocrx_word' id='word_1_109' title='bbox 2845 1093 2978 1157; x_wconf 78' lang='grc' dir='ltr'>Θεὸς</span> <span class='ocrx_word' id='word_1_110' title='bbox 3007 1090 3224 1162; x_wconf 83' lang='grc' dir='ltr'>ἀφιέναι</span> <span class='ocrx_word' id='word_1_111' title='bbox 3269 1088 3564 1158; x_wconf 80' lang='grc' dir='ltr'>ἁμαρτίας,</span> 
     </span>
    </p>
   </div>
   <div class='ocr_carea' id='block_1_16' title="bbox 235 1174 1809 1251">
    <p class='ocr_par' dir='ltr' id='par_1_16' title="bbox 235 1174 1809 1246">
     <span class='ocr_line' id='line_1_17' title="bbox 235 1174 1809 1246; baseline 0.001 -16"><span class='ocrx_word' id='word_1_112' title='bbox 235 1203 237 1206; x_wconf 30' lang='grc'><em>⁴</em></span> <span class='ocrx_word' id='word_1_113' title='bbox 305 1177 401 1231; x_wconf 88' lang='lat' dir='ltr'><strong>sed</strong></span> <span class='ocrx_word' id='word_1_114' title='bbox 434 1184 690 1242; x_wconf 87' lang='lat' dir='ltr'><strong>tanquam</strong></span> <span class='ocrx_word' id='word_1_115' title='bbox 730 1175 906 1228; x_wconf 89' lang='lat' dir='ltr'><strong>adhuc</strong></span> <span class='ocrx_word' id='word_1_116' title='bbox 950 1174 1285 1244; x_wconf 82' lang='lat' dir='ltr'><strong>imperfectis</strong></span> <span class='ocrx_word' id='word_1_117' title='bbox 1324 1176 1604 1246; x_wconf 82' lang='lat' dir='ltr'><strong>discipulis</strong></span> <span class='ocrx_word' id='word_1_118' title='bbox 1639 1179 1809 1233; x_wconf 80' lang='lat' dir='ltr'><strong>nondu</strong></span> 
     </span>
    </p>
   </div>
   <div class='ocr_carea' id='block_1_17' title="bbox 1991 1174 3565 1251">
    <p class='ocr_par' dir='ltr' id='par_1_17' title="bbox 1991 1177 3565 1251">
     <span class='ocr_line' id='line_1_18' title="bbox 1991 1177 3565 1251; baseline -0.005 -15"><span class='ocrx_word' id='word_1_119' title='bbox 1991 1183 2100 1237; x_wconf 68' lang='grc' dir='ltr'>ἀλλ’</span> <span class='ocrx_word' id='word_1_120' title='bbox 2128 1184 2203 1246; x_wconf 82' lang='grc' dir='ltr'>ὡς</span> <span class='ocrx_word' id='word_1_121' title='bbox 2255 1182 2332 1235; x_wconf 81' lang='grc' dir='ltr'>ἔτι</span> <span class='ocrx_word' id='word_1_122' title='bbox 2387 1181 2602 1235; x_wconf 78' lang='grc' dir='ltr'><strong>ἀτελέσι</strong></span> <span class='ocrx_word' id='word_1_123' title='bbox 2652 1183 2764 1245; x_wconf 82' lang='grc' dir='ltr'>τοῖς</span> <span class='ocrx_word' id='word_1_124' title='bbox 2807 1181 3098 1251; x_wconf 79' lang='grc' dir='ltr'><strong>μαθηταῖς,</strong></span> <span class='ocrx_word' id='word_1_125' title='bbox 3129 1177 3284 1232; x_wconf 74' lang='grc' dir='ltr'>οὔπω</span> <span class='ocrx_word' id='word_1_126' title='bbox 3312 1177 3403 1231; x_wconf 80' lang='grc' dir='ltr'>τὸν</span> <span class='ocrx_word' id='word_1_127' title='bbox 3437 1177 3565 1246; x_wconf 70' lang='grc' dir='ltr'>περὶ</span> 
     </span>
    </p>
   </div>
   <div class='ocr_carea' id='block_1_18' title="bbox 306 1265 1880 1343">
    <p class='ocr_par' dir='ltr' id='par_1_18' title="bbox 306 1265 1349 1322">
     <span class='ocr_line' id='line_1_19' title="bbox 306 1265 1349 1322; baseline 0 0"><span class='ocrx_word' id='word_1_128' title='bbox 306 1269 374 1322; x_wconf 89' lang='lat' dir='ltr'><strong>de</strong></span> <span class='ocrx_word' id='word_1_129' title='bbox 406 1282 502 1321; x_wconf 88' lang='lat' dir='ltr'><strong>sua</strong></span> <span class='ocrx_word' id='word_1_130' title='bbox 529 1266 728 1320; x_wconf 89' lang='lat' dir='ltr'><strong>deitate</strong></span> <span class='ocrx_word' id='word_1_131' title='bbox 759 1265 993 1318; x_wconf 89' lang='lat' dir='ltr'><strong>instituit</strong></span> <span class='ocrx_word' id='word_1_132' title='bbox 1020 1281 1349 1322; x_wconf 84' lang='lat' dir='ltr'><strong>sermonem.</strong></span> 
     </span>
    </p>
   </div>
   <div class='ocr_carea' id='block_1_19' title="bbox 1480 1265 3054 1343">
    <p class='ocr_par' dir='ltr' id='par_1_19' title="bbox 1981 1269 3054 1343">
     <span class='ocr_line' id='line_1_20' title="bbox 1981 1269 3054 1343; baseline -0.006 -16"><span class='ocrx_word' id='word_1_133' title='bbox 1981 1273 2084 1343; x_wconf 84' lang='grc' dir='ltr'>τῆς</span> <span class='ocrx_word' id='word_1_134' title='bbox 2116 1272 2252 1333; x_wconf 78' lang='grc' dir='ltr'>ἰδίας</span> <span class='ocrx_word' id='word_1_135' title='bbox 2276 1271 2529 1341; x_wconf 81' lang='grc' dir='ltr'><strong>θεότητος</strong></span> <span class='ocrx_word' id='word_1_136' title='bbox 2563 1270 2848 1340; x_wconf 78' lang='grc' dir='ltr'>παρέδωκε</span> <span class='ocrx_word' id='word_1_137' title='bbox 2880 1269 3054 1336; x_wconf 83' lang='grc' dir='ltr'>λόγον.</span> 
     </span>
    </p>
   </div>
   <div class='ocr_carea' id='block_1_20' title="bbox 383 1355 1957 1430">
    <p class='ocr_par' dir='ltr' id='par_1_20' title="bbox 383 1355 1882 1430">
     <span class='ocr_line' id='line_1_21' title="bbox 383 1355 1882 1430; baseline 0.001 -19"><span class='ocrx_word' id='word_1_138' title='bbox 383 1357 490 1430; x_wconf 64' lang='grc'><strong>14</strong></span> <span class='ocrx_word' id='word_1_139' title='bbox 533 1357 614 1416; x_wconf 73' lang='grc' dir='ltr'>γι.</span> <span class='ocrx_word' id='word_1_140' title='bbox 642 1357 732 1410; x_wconf 61' lang='grc' dir='ltr'><strong>ει.</strong></span> <span class='ocrx_word' id='word_1_141' title='bbox 767 1355 936 1410; x_wconf 84' lang='lat' dir='ltr'><strong>Nemo</strong></span> <span class='ocrx_word' id='word_1_142' title='bbox 971 1365 1135 1423; x_wconf 77' lang='lat' dir='ltr'><strong>potest</strong></span> <span class='ocrx_word' id='word_1_143' title='bbox 1166 1357 1370 1411; x_wconf 87' lang='lat' dir='ltr'><strong>duobus</strong></span> <span class='ocrx_word' id='word_1_144' title='bbox 1397 1358 1625 1411; x_wconf 88' lang='lat' dir='ltr'><strong>dominis</strong></span> <span class='ocrx_word' id='word_1_145' title='bbox 1651 1359 1882 1426; x_wconf 82' lang='lat' dir='ltr'><strong>servire;</strong></span> 
     </span>
    </p>
   </div>
   <div class='ocr_carea' id='block_1_21' title="bbox 1991 1355 3565 1430">
    <p class='ocr_par' dir='ltr' id='par_1_21' title="bbox 2059 1357 3565 1430">
     <span class='ocr_line' id='line_1_22' title="bbox 2059 1357 3565 1430; baseline -0.007 -12"><span class='ocrx_word' id='word_1_146' title='bbox 2059 1364 2270 1429; x_wconf 78' lang='grc' dir='ltr'>Οὐδεὶς</span> <span class='ocrx_word' id='word_1_147' title='bbox 2291 1362 2541 1418; x_wconf 81' lang='grc' dir='ltr'>δύναται</span> <span class='ocrx_word' id='word_1_148' title='bbox 2573 1362 2717 1415; x_wconf 78' lang='grc' dir='ltr'>δυσὶ</span> <span class='ocrx_word' id='word_1_149' title='bbox 2749 1362 2980 1430; x_wconf 81' lang='grc' dir='ltr'><strong>κυρίοις</strong></span> <span class='ocrx_word' id='word_1_150' title='bbox 3008 1359 3356 1413; x_wconf 71' lang='grc' dir='ltr'><strong>δουλεύειν·</strong></span> <span class='ocrx_word' id='word_1_151' title='bbox 3391 1357 3426 1424; x_wconf 79' lang='grc' dir='ltr'>ἢ</span> <span class='ocrx_word' id='word_1_152' title='bbox 3457 1357 3565 1426; x_wconf 77' lang='grc' dir='ltr'>τὰρ</span> 
     </span>
    </p>
   </div>
   <div class='ocr_carea' id='block_1_22' title="bbox 309 1447 1883 1523">
    <p class='ocr_par' dir='ltr' id='par_1_22' title="bbox 309 1448 1883 1519">
     <span class='ocr_line' id='line_1_23' title="bbox 309 1448 1883 1519; baseline 0.001 -17"><span class='ocrx_word' id='word_1_153' title='bbox 309 1459 402 1502; x_wconf 86' lang='lat' dir='ltr'><strong>aut</strong></span> <span class='ocrx_word' id='word_1_154' title='bbox 437 1449 575 1502; x_wconf 88' lang='lat' dir='ltr'><strong>enim</strong></span> <span class='ocrx_word' id='word_1_155' title='bbox 600 1464 762 1500; x_wconf 83' lang='lat' dir='ltr'><strong>unum</strong></span> <span class='ocrx_word' id='word_1_156' title='bbox 795 1449 916 1502; x_wconf 87' lang='lat' dir='ltr'><strong>odio</strong></span> <span class='ocrx_word' id='word_1_157' title='bbox 949 1449 1177 1513; x_wconf 80' lang='lat' dir='ltr'><strong>habebit,</strong></span> <span class='ocrx_word' id='word_1_158' title='bbox 1214 1457 1261 1500; x_wconf 87' lang='lat' dir='ltr'><strong>et</strong></span> <span class='ocrx_word' id='word_1_159' title='bbox 1290 1448 1512 1502; x_wconf 85' lang='lat' dir='ltr'><strong>alterum</strong></span> <span class='ocrx_word' id='word_1_160' title='bbox 1547 1449 1762 1519; x_wconf 82' lang='lat' dir='ltr'><strong>diliget;</strong></span> <span class='ocrx_word' id='word_1_161' title='bbox 1797 1460 1883 1503; x_wconf 88' lang='lat' dir='ltr'><strong>aut</strong></span> 
     </span>
    </p>
   </div>
   <div class='ocr_carea' id='block_1_23' title="bbox 1991 1447 3565 1523">
    <p class='ocr_par' dir='ltr' id='par_1_23' title="bbox 1991 1447 3565 1523">
     <span class='ocr_line' id='line_1_24' title="bbox 1991 1447 3565 1523; baseline -0.004 -15"><span class='ocrx_word' id='word_1_162' title='bbox 1991 1455 2094 1508; x_wconf 77' lang='grc' dir='ltr'>τὸν</span> <span class='ocrx_word' id='word_1_163' title='bbox 2127 1455 2238 1509; x_wconf 75' lang='grc' dir='ltr'>ἕνα</span> <span class='ocrx_word' id='word_1_164' title='bbox 2274 1455 2547 1523; x_wconf 75' lang='grc' dir='ltr'><strong>μισήσει,</strong></span> <span class='ocrx_word' id='word_1_165' title='bbox 2594 1455 2692 1508; x_wconf 78' lang='grc' dir='ltr'>καὶ</span> <span class='ocrx_word' id='word_1_166' title='bbox 2744 1453 2851 1506; x_wconf 84' lang='grc' dir='ltr'>τὸν</span> <span class='ocrx_word' id='word_1_167' title='bbox 2896 1453 3103 1520; x_wconf 79' lang='grc' dir='ltr'>ἕτερον</span> <span class='ocrx_word' id='word_1_168' title='bbox 3138 1449 3478 1521; x_wconf 74' lang='grc' dir='ltr'>ἀγαπήσειο</span> <span class='ocrx_word' id='word_1_169' title='bbox 3526 1447 3565 1514; x_wconf 76' lang='grc' dir='ltr'><strong>ἡ</strong></span> 
     </span>
    </p>
   </div>
   <div class='ocr_carea' id='block_1_24' title="bbox 309 1537 1883 1609">
    <p class='ocr_par' dir='ltr' id='par_1_24' title="bbox 309 1539 1488 1604">
     <span class='ocr_line' id='line_1_25' title="bbox 309 1539 1488 1604; baseline 0 -10"><span class='ocrx_word' id='word_1_170' title='bbox 309 1556 473 1594; x_wconf 82' lang='grc' dir='ltr'>ιιηιιηι</span> <span class='ocrx_word' id='word_1_171' title='bbox 504 1539 804 1604; x_wconf 79' lang='lat' dir='ltr'><strong>sustinebit,</strong></span> <span class='ocrx_word' id='word_1_172' title='bbox 841 1549 888 1593; x_wconf 83' lang='lat' dir='ltr'><strong>et</strong></span> <span class='ocrx_word' id='word_1_173' title='bbox 915 1543 1140 1593; x_wconf 83' lang='lat' dir='ltr'><strong>alterunt</strong></span> <span class='ocrx_word' id='word_1_174' title='bbox 1175 1548 1488 1595; x_wconf 79' lang='lat' dir='ltr'><strong>contemnet.</strong></span> 
     </span>
    </p>
   </div>
   <div class='ocr_carea' id='block_1_25' title="bbox 1939 1537 3513 1609">
    <p class='ocr_par' dir='ltr' id='par_1_25' title="bbox 1989 1537 3513 1609">
     <span class='ocr_line' id='line_1_26' title="bbox 1989 1537 3513 1609; baseline -0.005 -12"><span class='ocrx_word' id='word_1_175' title='bbox 1989 1544 2126 1609; x_wconf 80' lang='grc' dir='ltr'>ἐνὸς</span> <span class='ocrx_word' id='word_1_176' title='bbox 2159 1543 2489 1607; x_wconf 79' lang='grc' dir='ltr'>ἀνθέξεται,</span> <span class='ocrx_word' id='word_1_177' title='bbox 2532 1543 2630 1595; x_wconf 81' lang='grc' dir='ltr'>καὶ</span> <span class='ocrx_word' id='word_1_178' title='bbox 2667 1541 2774 1595; x_wconf 78' lang='grc' dir='ltr'>τοῦ</span> <span class='ocrx_word' id='word_1_179' title='bbox 2807 1541 3015 1608; x_wconf 83' lang='grc' dir='ltr'>ἐτέρου</span> <span class='ocrx_word' id='word_1_180' title='bbox 3050 1537 3513 1609; x_wconf 67' lang='grc' dir='ltr'>καταφρονήσει.</span> 
     </span>
    </p>
   </div>
   <div class='ocr_carea' id='block_1_26' title="bbox 382 1627 1956 1700">
    <p class='ocr_par' dir='ltr' id='par_1_26' title="bbox 382 1627 1956 1700">
     <span class='ocr_line' id='line_1_27' title="bbox 382 1627 1956 1700; baseline 0.003 -18"><span class='ocrx_word' id='word_1_181' title='bbox 382 1627 451 1682; x_wconf 86' lang='grc' dir='ltr'>Ει</span> <span class='ocrx_word' id='word_1_182' title='bbox 484 1628 805 1695; x_wconf 88' lang='lat' dir='ltr'><strong>simpliciter</strong></span> <span class='ocrx_word' id='word_1_183' title='bbox 845 1628 1098 1692; x_wconf 88' lang='lat' dir='ltr'><strong>dicendo,</strong></span> <span class='ocrx_word' id='word_1_184' title='bbox 1147 1645 1252 1682; x_wconf 92' lang='lat' dir='ltr'><strong>non</strong></span> <span class='ocrx_word' id='word_1_185' title='bbox 1299 1638 1476 1697; x_wconf 86' lang='lat' dir='ltr'><strong>potest</strong></span> <span class='ocrx_word' id='word_1_186' title='bbox 1518 1631 1641 1700; x_wconf 85' lang='lat' dir='ltr'><strong>quis</strong></span> <span class='ocrx_word' id='word_1_187' title='bbox 1688 1647 1810 1686; x_wconf 81' lang='lat' dir='ltr'><strong>sese</strong></span> <span class='ocrx_word' id='word_1_188' title='bbox 1858 1649 1887 1686; x_wconf 88' lang='lat' dir='ltr'><strong>a</strong></span> <span class='ocrx_word' id='word_1_189' title='bbox 1921 1646 1956 1699; x_wconf 79' lang='grc' dir='ltr'>ι]</span> 
     </span>
    </p>
   </div>
   <div class='ocr_carea' id='block_1_27' title="bbox 1997 1627 3571 1700">
    <p class='ocr_par' dir='ltr' id='par_1_27' title="bbox 2061 1629 3571 1700">
     <span class='ocr_line' id='line_1_28' title="bbox 2061 1629 3571 1700; baseline -0.005 -11"><span class='ocrx_word' id='word_1_190' title='bbox 2061 1635 2172 1690; x_wconf 67' lang='grc' dir='ltr'><strong>Καὶ</strong></span> <span class='ocrx_word' id='word_1_191' title='bbox 2223 1634 2411 1696; x_wconf 83' lang='grc' dir='ltr'>ἁπλῶς</span> <span class='ocrx_word' id='word_1_192' title='bbox 2462 1633 2748 1695; x_wconf 79' lang='grc' dir='ltr'>εἰπεῖν,οὑ</span> <span class='ocrx_word' id='word_1_193' title='bbox 2796 1632 3020 1684; x_wconf 82' lang='grc' dir='ltr'>δύναταί</span> <span class='ocrx_word' id='word_1_194' title='bbox 3061 1649 3145 1694; x_wconf 88' lang='grc' dir='ltr'><strong>τις</strong></span> <span class='ocrx_word' id='word_1_195' title='bbox 3203 1630 3278 1700; x_wconf 84' lang='grc' dir='ltr'>μὴ</span> <span class='ocrx_word' id='word_1_196' title='bbox 3333 1629 3571 1698; x_wconf 80' lang='grc' dir='ltr'><strong>χωρίσας</strong></span> 
     </span>
    </p>
   </div>
   <div class='ocr_carea' id='block_1_28' title="bbox 312 1717 1886 1796">
    <p class='ocr_par' dir='ltr' id='par_1_28' title="bbox 312 1717 1886 1791">
     <span class='ocr_line' id='line_1_29' title="bbox 312 1717 1886 1791; baseline 0.002 -18"><span class='ocrx_word' id='word_1_197' title='bbox 312 1717 683 1773; x_wconf 82' lang='lat' dir='ltr'><strong>materialibus</strong></span> <span class='ocrx_word' id='word_1_198' title='bbox 712 1717 1087 1772; x_wconf 74' lang='lat' dir='ltr'><strong>allectionibns</strong></span> <span class='ocrx_word' id='word_1_199' title='bbox 1108 1734 1212 1772; x_wconf 92' lang='lat' dir='ltr'><strong>non</strong></span> <span class='ocrx_word' id='word_1_200' title='bbox 1244 1734 1560 1790; x_wconf 79' lang='lat' dir='ltr'><strong>segregans,</strong></span> <span class='ocrx_word' id='word_1_201' title='bbox 1587 1724 1668 1775; x_wconf 86' lang='lat' dir='ltr'><strong>vel</strong></span> <span class='ocrx_word' id='word_1_202' title='bbox 1697 1724 1886 1791; x_wconf 87' lang='lat' dir='ltr'><strong>Deum,</strong></span> 
     </span>
    </p>
   </div>
   <div class='ocr_carea' id='block_1_29' title="bbox 1997 1717 3571 1796">
    <p class='ocr_par' dir='ltr' id='par_1_29' title="bbox 1997 1720 3571 1796">
     <span class='ocr_line' id='line_1_30' title="bbox 1997 1720 3571 1796; baseline -0.006 -16"><span class='ocrx_word' id='word_1_203' title='bbox 1997 1726 2187 1780; x_wconf 77' lang='grc' dir='ltr'>ἑαυτὸν</span> <span class='ocrx_word' id='word_1_204' title='bbox 2216 1727 2313 1796; x_wconf 85' lang='grc' dir='ltr'>τῆς</span> <span class='ocrx_word' id='word_1_205' title='bbox 2340 1725 2448 1777; x_wconf 83' lang='grc' dir='ltr'><strong>τῶν</strong></span> <span class='ocrx_word' id='word_1_206' title='bbox 2481 1723 2679 1776; x_wconf 85' lang='grc' dir='ltr'>ὑλικῶν</span> <span class='ocrx_word' id='word_1_207' title='bbox 2715 1722 3110 1793; x_wconf 85' lang='grc' dir='ltr'>προσπαθείας,</span> <span class='ocrx_word' id='word_1_208' title='bbox 3143 1720 3266 1774; x_wconf 77' lang='grc' dir='ltr'>οὔτε</span> <span class='ocrx_word' id='word_1_209' title='bbox 3299 1721 3388 1772; x_wconf 76' lang='grc' dir='ltr'><strong>τὸν</strong></span> <span class='ocrx_word' id='word_1_210' title='bbox 3415 1720 3571 1780; x_wconf 81' lang='grc' dir='ltr'>Θεὸν,</span> 
     </span>
    </p>
   </div>
   <div class='ocr_carea' id='block_1_30' title="bbox 312 1810 1886 1885">
    <p class='ocr_par' dir='ltr' id='par_1_30' title="bbox 312 1810 1886 1880">
     <span class='ocr_line' id='line_1_31' title="bbox 312 1810 1886 1880; baseline 0.006 -19"><span class='ocrx_word' id='word_1_211' title='bbox 312 1810 397 1865; x_wconf 77' lang='lat' dir='ltr'><strong>vel</strong></span> <span class='ocrx_word' id='word_1_212' title='bbox 429 1810 732 1879; x_wconf 80' lang='lat' dir='ltr'><strong>proximum</strong></span> <span class='ocrx_word' id='word_1_213' title='bbox 780 1811 994 1865; x_wconf 87' lang='lat' dir='ltr'><strong>sincere</strong></span> <span class='ocrx_word' id='word_1_214' title='bbox 1024 1810 1270 1880; x_wconf 83' lang='lat' dir='ltr'><strong>diligere.</strong></span> <span class='ocrx_word' id='word_1_215' title='bbox 1310 1810 1489 1864; x_wconf 87' lang='lat' dir='ltr'><strong>Bonus</strong></span> <span class='ocrx_word' id='word_1_216' title='bbox 1531 1813 1748 1880; x_wconf 89' lang='lat' dir='ltr'><strong>quidem</strong></span> <span class='ocrx_word' id='word_1_217' title='bbox 1793 1817 1886 1870; x_wconf 88' lang='lat' dir='ltr'><strong>do-</strong></span> 
     </span>
    </p>
   </div>
   <div class='ocr_carea' id='block_1_31' title="bbox 1999 1810 3573 1885">
    <p class='ocr_par' dir='ltr' id='par_1_31' title="bbox 1999 1811 3573 1885">
     <span class='ocr_line' id='line_1_32' title="bbox 1999 1811 3573 1885; baseline -0.004 -16"><span class='ocrx_word' id='word_1_218' title='bbox 1999 1815 2118 1869; x_wconf 77' lang='grc' dir='ltr'>οὗτε</span> <span class='ocrx_word' id='word_1_219' title='bbox 2170 1815 2260 1870; x_wconf 82' lang='grc' dir='ltr'><strong>τὸν</strong></span> <span class='ocrx_word' id='word_1_220' title='bbox 2303 1815 2533 1885; x_wconf 79' lang='grc' dir='ltr'><strong>πλησίον</strong></span> <span class='ocrx_word' id='word_1_221' title='bbox 2579 1815 2865 1884; x_wconf 75' lang='grc' dir='ltr'>ἀγαπῆσαι</span> <span class='ocrx_word' id='word_1_222' title='bbox 2917 1811 3424 1885; x_wconf 81' lang='grc' dir='ltr'>γνησίως.Ἀγαθδς</span> <span class='ocrx_word' id='word_1_223' title='bbox 3475 1812 3573 1879; x_wconf 84' lang='grc' dir='ltr'>μὲν</span> 
     </span>
    </p>
   </div>
   <div class='ocr_carea' id='block_1_32' title="bbox 314 1901 1888 1982">
    <p class='ocr_par' dir='ltr' id='par_1_32' title="bbox 314 1901 1888 1970">
     <span class='ocr_line' id='line_1_33' title="bbox 314 1901 1888 1970; baseline 0.003 -15"><span class='ocrx_word' id='word_1_224' title='bbox 314 1902 496 1955; x_wconf 88' lang='lat' dir='ltr'><strong>minus</strong></span> <span class='ocrx_word' id='word_1_225' title='bbox 543 1901 785 1954; x_wconf 67' lang='lat' dir='ltr'><strong>avaritiae</strong></span> <span class='ocrx_word' id='word_1_226' title='bbox 829 1915 1022 1970; x_wconf 85' lang='lat' dir='ltr'><strong>expers</strong></span> <span class='ocrx_word' id='word_1_227' title='bbox 1077 1911 1161 1956; x_wconf 86' lang='lat' dir='ltr'><strong>est</strong></span> <span class='ocrx_word' id='word_1_228' title='bbox 1223 1901 1472 1967; x_wconf 68' lang='lat' dir='ltr'><strong>aluimus;</strong></span> <span class='ocrx_word' id='word_1_229' title='bbox 1530 1919 1730 1967; x_wconf 87' lang='lat' dir='ltr'><strong>pravus</strong></span> <span class='ocrx_word' id='word_1_230' title='bbox 1769 1921 1888 1959; x_wconf 89' lang='lat' dir='ltr'><strong>vero</strong></span> 
     </span>
    </p>
   </div>
   <div class='ocr_carea' id='block_1_33' title="bbox 1999 1901 3573 1982">
    <p class='ocr_par' dir='ltr' id='par_1_33' title="bbox 1999 1901 3573 1982">
     <span class='ocr_line' id='line_1_34' title="bbox 1999 1901 3573 1982; baseline -0.006 -17"><span class='ocrx_word' id='word_1_231' title='bbox 1999 1911 2272 1982; x_wconf 83' lang='grc' dir='ltr'>δεσπότης</span> <span class='ocrx_word' id='word_1_232' title='bbox 2315 1912 2343 1964; x_wconf 99' lang='lat'><strong>6</strong></span> <span class='ocrx_word' id='word_1_233' title='bbox 2386 1910 2762 1979; x_wconf 80' lang='grc' dir='ltr'>ἀφιλάργυρος</span> <span class='ocrx_word' id='word_1_234' title='bbox 2796 1909 3015 1980; x_wconf 78' lang='grc' dir='ltr'>τρόπος,</span> <span class='ocrx_word' id='word_1_235' title='bbox 3055 1907 3257 1975; x_wconf 85' lang='grc' dir='ltr'>φαῦλος</span> <span class='ocrx_word' id='word_1_236' title='bbox 3283 1905 3338 1958; x_wconf 78' lang='grc' dir='ltr'><strong>δὲ</strong></span> <span class='ocrx_word' id='word_1_237' title='bbox 3373 1908 3400 1957; x_wconf 88' lang='lat'><strong>6</strong></span> <span class='ocrx_word' id='word_1_238' title='bbox 3433 1901 3573 1974; x_wconf 76' lang='grc' dir='ltr'>ἐρῶ-ι</span> 
     </span>
    </p>
   </div>
   <div class='ocr_carea' id='block_1_34' title="bbox 311 1990 1885 2072">
    <p class='ocr_par' dir='ltr' id='par_1_34' title="bbox 311 1993 1885 2066">
     <span class='ocr_line' id='line_1_35' title="bbox 311 1993 1885 2066; baseline 0.001 -18"><span class='ocrx_word' id='word_1_239' title='bbox 311 2008 502 2048; x_wconf 85' lang='lat' dir='ltr'><strong>amans</strong></span> <span class='ocrx_word' id='word_1_240' title='bbox 543 1994 800 2062; x_wconf 86' lang='lat' dir='ltr'><strong>pecunias</strong></span> <span class='ocrx_word' id='word_1_241' title='bbox 838 2011 850 2048; x_wconf 91' lang='lat'><strong>:</strong></span> <span class='ocrx_word' id='word_1_242' title='bbox 881 1993 1002 2046; x_wconf 88' lang='lat' dir='ltr'><strong>ideo</strong></span> <span class='ocrx_word' id='word_1_243' title='bbox 1051 1993 1142 2047; x_wconf 91' lang='lat' dir='ltr'><strong>uni</strong></span> <span class='ocrx_word' id='word_1_244' title='bbox 1179 1994 1454 2046; x_wconf 88' lang='lat' dir='ltr'><strong>addictum</strong></span> <span class='ocrx_word' id='word_1_245' title='bbox 1503 2010 1624 2051; x_wconf 91' lang='lat' dir='ltr'><strong>esse</strong></span> <span class='ocrx_word' id='word_1_246' title='bbox 1655 2006 1885 2066; x_wconf 82' lang='lat' dir='ltr'><strong>oportet.</strong></span> 
     </span>
    </p>
   </div>
   <div class='ocr_carea' id='block_1_35' title="bbox 1999 1990 3573 2072">
    <p class='ocr_par' dir='ltr' id='par_1_35' title="bbox 1999 1990 3573 2072">
     <span class='ocr_line' id='line_1_36' title="bbox 1999 1990 3573 2072; baseline -0.01 -15"><span class='ocrx_word' id='word_1_247' title='bbox 1999 2002 2319 2072; x_wconf 81' lang='grc' dir='ltr'>χρημάτων,</span> <span class='ocrx_word' id='word_1_248' title='bbox 2345 2001 2426 2053; x_wconf 81' lang='grc' dir='ltr'>διὸ</span> <span class='ocrx_word' id='word_1_249' title='bbox 2471 2001 2547 2072; x_wconf 85' lang='grc' dir='ltr'><strong>τῷ</strong></span> <span class='ocrx_word' id='word_1_250' title='bbox 2596 2001 2677 2054; x_wconf 73' lang='grc' dir='ltr'><strong>ἐνὶ</strong></span> <span class='ocrx_word' id='word_1_251' title='bbox 2721 1995 3067 2070; x_wconf 80' lang='grc' dir='ltr'>προσθετέον.</span> <span class='ocrx_word' id='word_1_252' title='bbox 3101 1997 3175 2049; x_wconf 85' lang='grc' dir='ltr'><strong>Οὐ</strong></span> <span class='ocrx_word' id='word_1_253' title='bbox 3211 1994 3320 2063; x_wconf 77' lang='grc' dir='ltr'><strong>γὰρ</strong></span> <span class='ocrx_word' id='word_1_254' title='bbox 3349 1990 3573 2046; x_wconf 83' lang='grc' dir='ltr'>δυνατὸν</span> 
     </span>
    </p>
   </div>
   <div class='ocr_carea' id='block_1_36' title="bbox 314 2083 1888 2166">
    <p class='ocr_par' dir='ltr' id='par_1_36' title="bbox 314 2083 1888 2151">
     <span class='ocr_line' id='line_1_37' title="bbox 314 2083 1888 2151; baseline 0.001 -11"><span class='ocrx_word' id='word_1_255' title='bbox 314 2085 432 2140; x_wconf 80' lang='lat' dir='ltr'><strong>Non</strong></span> <span class='ocrx_word' id='word_1_256' title='bbox 462 2083 605 2136; x_wconf 89' lang='lat' dir='ltr'><strong>enim</strong></span> <span class='ocrx_word' id='word_1_257' title='bbox 644 2084 756 2137; x_wconf 89' lang='lat' dir='ltr'><strong>lieri</strong></span> <span class='ocrx_word' id='word_1_258' title='bbox 787 2091 985 2151; x_wconf 86' lang='lat' dir='ltr'><strong>potest,</strong></span> <span class='ocrx_word' id='word_1_259' title='bbox 1019 2092 1076 2137; x_wconf 92' lang='lat' dir='ltr'><strong>ut</strong></span> <span class='ocrx_word' id='word_1_260' title='bbox 1125 2083 1333 2138; x_wconf 86' lang='lat' dir='ltr'><strong>duobus</strong></span> <span class='ocrx_word' id='word_1_261' title='bbox 1366 2085 1568 2140; x_wconf 85' lang='lat' dir='ltr'><strong>diversi</strong></span> <span class='ocrx_word' id='word_1_262' title='bbox 1607 2089 1888 2141; x_wconf 56' lang='lat' dir='ltr'><strong>centrarih</strong></span> 
     </span>
    </p>
   </div>
   <div class='ocr_carea' id='block_1_37' title="bbox 1991 2083 3565 2166">
    <p class='ocr_par' dir='ltr' id='par_1_37' title="bbox 1996 2085 3565 2166">
     <span class='ocr_line' id='line_1_38' title="bbox 1996 2085 3565 2166; baseline -0.004 -20"><span class='ocrx_word' id='word_1_263' title='bbox 1996 2098 2109 2158; x_wconf 87' lang='grc' dir='ltr'>τοῖς</span> <span class='ocrx_word' id='word_1_264' title='bbox 2134 2095 2286 2148; x_wconf 80' lang='grc' dir='ltr'>δυσὶν</span> <span class='ocrx_word' id='word_1_265' title='bbox 2311 2096 2508 2166; x_wconf 79' lang='grc' dir='ltr'>ἀρέσαι</span> <span class='ocrx_word' id='word_1_266' title='bbox 2537 2094 2793 2163; x_wconf 81' lang='grc' dir='ltr'><strong>διαφόρου</strong></span> <span class='ocrx_word' id='word_1_267' title='bbox 2819 2093 2914 2145; x_wconf 80' lang='grc' dir='ltr'><strong>καὶ</strong></span> <span class='ocrx_word' id='word_1_268' title='bbox 2941 2092 3184 2145; x_wconf 80' lang='grc' dir='ltr'>ἐναντίου</span> <span class='ocrx_word' id='word_1_269' title='bbox 3208 2086 3359 2144; x_wconf 75' lang='grc' dir='ltr'>οὖσιν</span> <span class='ocrx_word' id='word_1_270' title='bbox 3380 2085 3565 2152; x_wconf 70' lang='grc' dir='ltr'>ἕξεως.</span> 
     </span>
    </p>
   </div>
   <div class='ocr_carea' id='block_1_38' title="bbox 321 2172 1044 2244">
    <p class='ocr_par' dir='ltr' id='par_1_38' title="bbox 321 2172 1044 2244">
     <span class='ocr_line' id='line_1_39' title="bbox 321 2172 1044 2244; baseline -0.001 -17"><span class='ocrx_word' id='word_1_271' title='bbox 321 2188 423 2244; x_wconf 84' lang='lat' dir='ltr'><strong>que</strong></span> <span class='ocrx_word' id='word_1_272' title='bbox 458 2172 675 2226; x_wconf 86' lang='lat' dir='ltr'><strong>habitus</strong></span> <span class='ocrx_word' id='word_1_273' title='bbox 711 2173 1044 2241; x_wconf 80' lang='lat' dir='ltr'><strong>placeamus.</strong></span> 
     </span>
    </p>
   </div>
   <div class='ocr_carea' id='block_1_39' title="bbox 393 2259 1967 2345">
    <p class='ocr_par' dir='ltr' id='par_1_39' title="bbox 393 2259 1900 2334">
     <span class='ocr_line' id='line_1_40' title="bbox 393 2259 1900 2334; baseline 0.005 -21"><span class='ocrx_word' id='word_1_274' title='bbox 393 2262 496 2334; x_wconf 73' lang='lat'><strong>15</strong></span> <span class='ocrx_word' id='word_1_275' title='bbox 530 2261 614 2328; x_wconf 79' lang='lat' dir='ltr'><strong>Vl,</strong></span> <span class='ocrx_word' id='word_1_276' title='bbox 651 2262 741 2315; x_wconf 70' lang='grc'><strong>25.</strong></span> <span class='ocrx_word' id='word_1_277' title='bbox 781 2259 909 2314; x_wconf 84' lang='lat' dir='ltr'><strong>Ideo</strong></span> <span class='ocrx_word' id='word_1_278' title='bbox 934 2264 1052 2316; x_wconf 84' lang='lat' dir='ltr'><strong>dico</strong></span> <span class='ocrx_word' id='word_1_279' title='bbox 1090 2263 1256 2327; x_wconf 86' lang='lat' dir='ltr'><strong>vobis,</strong></span> <span class='ocrx_word' id='word_1_280' title='bbox 1296 2281 1358 2318; x_wconf 85' lang='lat' dir='ltr'><strong>ne</strong></span> <span class='ocrx_word' id='word_1_281' title='bbox 1395 2266 1607 2318; x_wconf 73' lang='lat' dir='ltr'><strong>solliciti</strong></span> <span class='ocrx_word' id='word_1_282' title='bbox 1635 2267 1748 2320; x_wconf 85' lang='lat' dir='ltr'><strong>sitis</strong></span> <span class='ocrx_word' id='word_1_283' title='bbox 1778 2268 1900 2320; x_wconf 85' lang='lat' dir='ltr'><strong>ani-</strong></span> 
     </span>
    </p>
   </div>
   <div class='ocr_carea' id='block_1_40' title="bbox 2005 2259 3579 2345">
    <p class='ocr_par' dir='ltr' id='par_1_40' title="bbox 2072 2267 3579 2345">
     <span class='ocr_line' id='line_1_41' title="bbox 2072 2267 3579 2345; baseline -0.001 -17"><span class='ocrx_word' id='word_1_284' title='bbox 2072 2275 2174 2328; x_wconf 83' lang='grc' dir='ltr'><strong>Διὰ</strong></span> <span class='ocrx_word' id='word_1_285' title='bbox 2207 2275 2382 2329; x_wconf 84' lang='grc' dir='ltr'>τοῦτο</span> <span class='ocrx_word' id='word_1_286' title='bbox 2423 2275 2579 2344; x_wconf 77' lang='grc' dir='ltr'><strong>λέγω</strong></span> <span class='ocrx_word' id='word_1_287' title='bbox 2620 2277 2782 2344; x_wconf 81' lang='grc' dir='ltr'>ὑμῖν,</span> <span class='ocrx_word' id='word_1_288' title='bbox 2829 2275 2915 2345; x_wconf 80' lang='grc' dir='ltr'>μὴ</span> <span class='ocrx_word' id='word_1_289' title='bbox 2956 2271 3274 2344; x_wconf 77' lang='grc' dir='ltr'>μεριμνᾶτε</span> <span class='ocrx_word' id='word_1_290' title='bbox 3306 2270 3379 2340; x_wconf 78' lang='grc' dir='ltr'>τῇ</span> <span class='ocrx_word' id='word_1_291' title='bbox 3407 2267 3579 2338; x_wconf 71' lang='grc' dir='ltr'><strong>ψυχῇ</strong></span> 
     </span>
    </p>
   </div>
   <div class='ocr_carea' id='block_1_41' title="bbox 323 2353 1897 2433">
    <p class='ocr_par' dir='ltr' id='par_1_41' title="bbox 323 2353 1897 2427">
     <span class='ocr_line' id='line_1_42' title="bbox 323 2353 1897 2427; baseline 0.004 -21"><span class='ocrx_word' id='word_1_292' title='bbox 323 2370 419 2406; x_wconf 80' lang='lat' dir='ltr'><strong>mre</strong></span> <span class='ocrx_word' id='word_1_293' title='bbox 457 2365 639 2407; x_wconf 70' lang='lat' dir='ltr'><strong>vesti-te</strong></span> <span class='ocrx_word' id='word_1_294' title='bbox 676 2353 800 2416; x_wconf 79' lang='lat' dir='ltr'><strong>quid</strong></span> <span class='ocrx_word' id='word_1_295' title='bbox 851 2355 1200 2422; x_wconf 81' lang='lat' dir='ltr'><strong>manducetis,</strong></span> <span class='ocrx_word' id='word_1_296' title='bbox 1255 2373 1419 2427; x_wconf 83' lang='lat' dir='ltr'><strong>neque</strong></span> <span class='ocrx_word' id='word_1_297' title='bbox 1467 2360 1678 2427; x_wconf 87' lang='lat' dir='ltr'><strong>corpori</strong></span> <span class='ocrx_word' id='word_1_298' title='bbox 1730 2367 1897 2413; x_wconf 83' lang='lat' dir='ltr'><strong>vestro</strong></span> 
     </span>
    </p>
   </div>
   <div class='ocr_carea' id='block_1_42' title="bbox 2005 2353 3579 2433">
    <p class='ocr_par' dir='ltr' id='par_1_42' title="bbox 2005 2361 3579 2433">
     <span class='ocr_line' id='line_1_43' title="bbox 2005 2361 3579 2433; baseline -0.003 -16"><span class='ocrx_word' id='word_1_299' title='bbox 2005 2364 2186 2432; x_wconf 80' lang='grc' dir='ltr'>ὑμῶν,</span> <span class='ocrx_word' id='word_1_300' title='bbox 2220 2365 2277 2417; x_wconf 82' lang='grc' dir='ltr'><strong>τί</strong></span> <span class='ocrx_word' id='word_1_301' title='bbox 2309 2363 2564 2432; x_wconf 67' lang='grc' dir='ltr'>φάγητε,</span> <span class='ocrx_word' id='word_1_302' title='bbox 2602 2365 2697 2418; x_wconf 79' lang='grc' dir='ltr'>καὶ</span> <span class='ocrx_word' id='word_1_303' title='bbox 2729 2366 2785 2418; x_wconf 86' lang='grc' dir='ltr'><strong>τί</strong></span> <span class='ocrx_word' id='word_1_304' title='bbox 2813 2365 3008 2432; x_wconf 80' lang='grc' dir='ltr'>πίητε,</span> <span class='ocrx_word' id='word_1_305' title='bbox 3041 2363 3197 2433; x_wconf 82' lang='grc' dir='ltr'>μηδέ</span> <span class='ocrx_word' id='word_1_306' title='bbox 3233 2361 3314 2428; x_wconf 83' lang='grc' dir='ltr'>τῷ</span> <span class='ocrx_word' id='word_1_307' title='bbox 3352 2361 3579 2430; x_wconf 77' lang='grc' dir='ltr'>σώματι</span> 
     </span>
    </p>
   </div>
   <div class='ocr_carea' id='block_1_43' title="bbox 325 2444 1899 2530">
    <p class='ocr_par' dir='ltr' id='par_1_43' title="bbox 325 2444 794 2520">
     <span class='ocr_line' id='line_1_44' title="bbox 325 2444 794 2520; baseline -0.002 -21"><span class='ocrx_word' id='word_1_308' title='bbox 325 2445 446 2520; x_wconf 55' lang='lat' dir='ltr'><strong>quid</strong></span> <span class='ocrx_word' id='word_1_309' title='bbox 476 2444 794 2498; x_wconf 82' lang='lat' dir='ltr'><strong>induamini.</strong></span> 
     </span>
    </p>
   </div>
   <div class='ocr_carea' id='block_1_44' title="bbox 1073 2444 2647 2530">
    <p class='ocr_par' dir='ltr' id='par_1_44' title="bbox 2001 2456 2647 2530">
     <span class='ocr_line' id='line_1_45' title="bbox 2001 2456 2647 2530; baseline -0.006 -15"><span class='ocrx_word' id='word_1_310' title='bbox 2001 2456 2170 2530; x_wconf 81' lang='grc' dir='ltr'>ὑμῶν</span> <span class='ocrx_word' id='word_1_311' title='bbox 2202 2459 2258 2511; x_wconf 84' lang='grc' dir='ltr'><strong>τί</strong></span> <span class='ocrx_word' id='word_1_312' title='bbox 2285 2457 2647 2523; x_wconf 77' lang='grc' dir='ltr'>ἐνδύσησθε.</span> 
     </span>
    </p>
   </div>
   <div class='ocr_carea' id='block_1_45' title="bbox 395 2535 1969 2617">
    <p class='ocr_par' dir='ltr' id='par_1_45' title="bbox 395 2535 1906 2609">
     <span class='ocr_line' id='line_1_46' title="bbox 395 2535 1906 2609; baseline 0.005 -20"><span class='ocrx_word' id='word_1_313' title='bbox 395 2536 591 2590; x_wconf 79' lang='lat' dir='ltr'><strong>Anima</strong></span> <span class='ocrx_word' id='word_1_314' title='bbox 640 2535 990 2605; x_wconf 80' lang='lat' dir='ltr'><strong>praestantior</strong></span> <span class='ocrx_word' id='word_1_315' title='bbox 1023 2545 1105 2590; x_wconf 91' lang='lat' dir='ltr'><strong>est</strong></span> <span class='ocrx_word' id='word_1_316' title='bbox 1151 2553 1379 2606; x_wconf 88' lang='lat' dir='ltr'><strong>corpore</strong></span> <span class='ocrx_word' id='word_1_317' title='bbox 1427 2547 1617 2609; x_wconf 88' lang='lat' dir='ltr'><strong>utpote</strong></span> <span class='ocrx_word' id='word_1_318' title='bbox 1646 2541 1823 2608; x_wconf 76' lang='lat' dir='ltr'><strong>imago</strong></span> <span class='ocrx_word' id='word_1_319' title='bbox 1851 2551 1906 2596; x_wconf 87' lang='lat' dir='ltr'><strong>et.</strong></span> 
     </span>
    </p>
   </div>
   <div class='ocr_carea' id='block_1_46' title="bbox 2005 2535 3579 2617">
    <p class='ocr_par' dir='ltr' id='par_1_46' title="bbox 2087 2541 3579 2617">
     <span class='ocr_line' id='line_1_47' title="bbox 2087 2541 3579 2617; baseline -0.005 -16"><span class='ocrx_word' id='word_1_320' title='bbox 2087 2549 2150 2601; x_wconf 87' lang='lat' dir='ltr'><strong>&#39;H</strong></span> <span class='ocrx_word' id='word_1_321' title='bbox 2182 2546 2327 2617; x_wconf 74' lang='grc' dir='ltr'>ψυχὴ</span> <span class='ocrx_word' id='word_1_322' title='bbox 2356 2549 2454 2616; x_wconf 80' lang='grc' dir='ltr'>τῆς</span> <span class='ocrx_word' id='word_1_323' title='bbox 2479 2545 2572 2599; x_wconf 75' lang='grc' dir='ltr'>τοῦ</span> <span class='ocrx_word' id='word_1_324' title='bbox 2604 2545 2854 2616; x_wconf 81' lang='grc' dir='ltr'>σώματος</span> <span class='ocrx_word' id='word_1_325' title='bbox 2876 2545 3063 2607; x_wconf 80' lang='grc' dir='ltr'>οὐσίας</span> <span class='ocrx_word' id='word_1_326' title='bbox 3085 2541 3388 2612; x_wconf 81' lang='grc' dir='ltr'>τιμιωτέρα</span> <span class='ocrx_word' id='word_1_327' title='bbox 3413 2541 3579 2606; x_wconf 73' lang='grc' dir='ltr'>ἐστὶν,</span> 
     </span>
    </p>
   </div>
   <div class='ocr_carea' id='block_1_47' title="bbox 325 2625 1899 2708">
    <p class='ocr_par' dir='ltr' id='par_1_47' title="bbox 325 2625 1899 2700">
     <span class='ocr_line' id='line_1_48' title="bbox 325 2625 1899 2700; baseline 0.001 -17"><span class='ocrx_word' id='word_1_328' title='bbox 325 2625 536 2683; x_wconf 75' lang='lat' dir='ltr'><strong>alliatus</strong></span> <span class='ocrx_word' id='word_1_329' title='bbox 578 2627 694 2683; x_wconf 89' lang='lat' dir='ltr'><strong>Dei.</strong></span> <span class='ocrx_word' id='word_1_330' title='bbox 719 2626 930 2695; x_wconf 86' lang='lat' dir='ltr'><strong>Corpus</strong></span> <span class='ocrx_word' id='word_1_331' title='bbox 957 2643 1116 2696; x_wconf 90' lang='lat' dir='ltr'><strong>porro</strong></span> <span class='ocrx_word' id='word_1_332' title='bbox 1141 2629 1560 2684; x_wconf 90' lang='lat' dir='ltr'><strong>instrumentum</strong></span> <span class='ocrx_word' id='word_1_333' title='bbox 1582 2631 1750 2700; x_wconf 88' lang='lat' dir='ltr'><strong>ipsius</strong></span> <span class='ocrx_word' id='word_1_334' title='bbox 1787 2647 1899 2685; x_wconf 85' lang='lat' dir='ltr'><strong>coo-</strong></span> 
     </span>
    </p>
   </div>
   <div class='ocr_carea' id='block_1_48' title="bbox 2009 2625 3583 2708">
    <p class='ocr_par' dir='ltr' id='par_1_48' title="bbox 2009 2634 3583 2708">
     <span class='ocr_line' id='line_1_49' title="bbox 2009 2634 3583 2708; baseline -0.006 -13"><span class='ocrx_word' id='word_1_335' title='bbox 2009 2642 2080 2704; x_wconf 83' lang='grc' dir='ltr'>ὼς</span> <span class='ocrx_word' id='word_1_336' title='bbox 2115 2639 2278 2694; x_wconf 78' lang='grc' dir='ltr'>εἰκὼν</span> <span class='ocrx_word' id='word_1_337' title='bbox 2320 2637 2454 2691; x_wconf 79' lang='grc' dir='ltr'>Θεοῦ</span> <span class='ocrx_word' id='word_1_338' title='bbox 2498 2640 2591 2693; x_wconf 66' lang='grc' dir='ltr'>καὶ</span> <span class='ocrx_word' id='word_1_339' title='bbox 2620 2638 2924 2708; x_wconf 74' lang='grc' dir='ltr'>ἐμφύσημα</span> <span class='ocrx_word' id='word_1_340' title='bbox 2946 2653 2960 2666; x_wconf 81' lang='grc'><em>’</em></span> <span class='ocrx_word' id='word_1_341' title='bbox 2993 2637 3053 2689; x_wconf 77' lang='grc' dir='ltr'>τὸ</span> <span class='ocrx_word' id='word_1_342' title='bbox 3082 2637 3138 2689; x_wconf 83' lang='grc' dir='ltr'><strong>δὲ</strong></span> <span class='ocrx_word' id='word_1_343' title='bbox 3169 2635 3326 2704; x_wconf 84' lang='grc' dir='ltr'>σῶμα</span> <span class='ocrx_word' id='word_1_344' title='bbox 3353 2634 3583 2704; x_wconf 72' lang='grc' dir='ltr'>ὄργανόν</span> 
     </span>
    </p>
   </div>
   <div class='ocr_carea' id='block_1_49' title="bbox 330 2718 1904 2799">
    <p class='ocr_par' dir='ltr' id='par_1_49' title="bbox 330 2718 1904 2791">
     <span class='ocr_line' id='line_1_50' title="bbox 330 2718 1904 2791; baseline 0.003 -19"><span class='ocrx_word' id='word_1_345' title='bbox 330 2728 547 2789; x_wconf 89' lang='lat' dir='ltr'><strong>peratur</strong></span> <span class='ocrx_word' id='word_1_346' title='bbox 569 2718 667 2787; x_wconf 84' lang='lat' dir='ltr'><strong>ipsi</strong></span> <span class='ocrx_word' id='word_1_347' title='bbox 691 2718 754 2772; x_wconf 87' lang='lat' dir='ltr'><strong>ad</strong></span> <span class='ocrx_word' id='word_1_348' title='bbox 773 2719 973 2786; x_wconf 82' lang='lat' dir='ltr'><strong>Optima</strong></span> <span class='ocrx_word' id='word_1_349' title='bbox 1000 2735 1242 2788; x_wconf 62' lang='lat' dir='ltr'><strong>quaeque.</strong></span> <span class='ocrx_word' id='word_1_350' title='bbox 1259 2719 1483 2789; x_wconf 87' lang='lat' dir='ltr'><strong>Oportet</strong></span> <span class='ocrx_word' id='word_1_351' title='bbox 1499 2737 1628 2791; x_wconf 83' lang='lat' dir='ltr'><strong>ergo</strong></span> <span class='ocrx_word' id='word_1_352' title='bbox 1645 2738 1740 2776; x_wconf 86' lang='lat' dir='ltr'><strong>nos</strong></span> <span class='ocrx_word' id='word_1_353' title='bbox 1758 2737 1904 2776; x_wconf 84' lang='lat' dir='ltr'><strong>cura-</strong></span> 
     </span>
    </p>
   </div>
   <div class='ocr_carea' id='block_1_50' title="bbox 2007 2718 3581 2799">
    <p class='ocr_par' dir='ltr' id='par_1_50' title="bbox 2007 2723 3581 2799">
     <span class='ocr_line' id='line_1_51' title="bbox 2007 2723 3581 2799; baseline -0.005 -17"><span class='ocrx_word' id='word_1_354' title='bbox 2007 2733 2157 2783; x_wconf 83' lang='grc' dir='ltr'>ἐστιν</span> <span class='ocrx_word' id='word_1_355' title='bbox 2201 2729 2370 2799; x_wconf 81' lang='grc' dir='ltr'>αὐτῆς</span> <span class='ocrx_word' id='word_1_356' title='bbox 2419 2730 2512 2781; x_wconf 60' lang='grc' dir='ltr'><strong>καὶ⁹</strong></span> <span class='ocrx_word' id='word_1_357' title='bbox 2568 2727 2827 2799; x_wconf 77' lang='grc' dir='ltr'>συνεργὸν</span> <span class='ocrx_word' id='word_1_358' title='bbox 2875 2727 3009 2794; x_wconf 83' lang='grc' dir='ltr'>πρὸς</span> <span class='ocrx_word' id='word_1_359' title='bbox 3039 2725 3106 2778; x_wconf 80' lang='grc' dir='ltr'>τὰ</span> <span class='ocrx_word' id='word_1_360' title='bbox 3139 2725 3424 2778; x_wconf 84' lang='grc' dir='ltr'>κάλλιστα.</span> <span class='ocrx_word' id='word_1_361' title='bbox 3461 2723 3581 2794; x_wconf 80' lang='grc' dir='ltr'>Χρὴ</span> 
     </span>
    </p>
   </div>
   <div class='ocr_carea' id='block_1_51' title="bbox 330 2811 1904 2890">
    <p class='ocr_par' dir='ltr' id='par_1_51' title="bbox 330 2811 1904 2881">
     <span class='ocr_line' id='line_1_52' title="bbox 330 2811 1904 2881; baseline 0.003 -17"><span class='ocrx_word' id='word_1_362' title='bbox 330 2825 389 2868; x_wconf 87' lang='lat' dir='ltr'><strong>re</strong></span> <span class='ocrx_word' id='word_1_363' title='bbox 405 2818 710 2879; x_wconf 89' lang='lat' dir='ltr'><strong>utrumque,</strong></span> <span class='ocrx_word' id='word_1_364' title='bbox 744 2823 807 2862; x_wconf 86' lang='lat' dir='ltr'><strong>ac</strong></span> <span class='ocrx_word' id='word_1_365' title='bbox 830 2824 1030 2878; x_wconf 89' lang='lat' dir='ltr'><strong>corpus</strong></span> <span class='ocrx_word' id='word_1_366' title='bbox 1057 2811 1271 2878; x_wconf 87' lang='lat' dir='ltr'><strong>quidem</strong></span> <span class='ocrx_word' id='word_1_367' title='bbox 1295 2823 1559 2881; x_wconf 82' lang='lat' dir='ltr'><strong>quantum</strong></span> <span class='ocrx_word' id='word_1_368' title='bbox 1584 2828 1800 2868; x_wconf 83' lang='lat' dir='ltr'><strong>necesse</strong></span> <span class='ocrx_word' id='word_1_369' title='bbox 1826 2822 1904 2868; x_wconf 85' lang='lat' dir='ltr'><strong>est</strong></span> 
     </span>
    </p>
   </div>
   <div class='ocr_carea' id='block_1_52' title="bbox 2011 2811 3585 2890">
    <p class='ocr_par' dir='ltr' id='par_1_52' title="bbox 2011 2813 3585 2890">
     <span class='ocr_line' id='line_1_53' title="bbox 2011 2813 3585 2890; baseline -0.006 -15"><span class='ocrx_word' id='word_1_370' title='bbox 2011 2813 2102 2875; x_wconf 74' lang='grc' dir='ltr'><strong>οὖν</strong></span> <span class='ocrx_word' id='word_1_371' title='bbox 2153 2821 2299 2890; x_wconf 78' lang='grc' dir='ltr'>ἡμᾶς</span> <span class='ocrx_word' id='word_1_372' title='bbox 2348 2819 2677 2889; x_wconf 80' lang='grc' dir='ltr'>ἀμφοτέρων</span> <span class='ocrx_word' id='word_1_373' title='bbox 2725 2817 3054 2888; x_wconf 78' lang='grc' dir='ltr'>φροντίζειν,</span> <span class='ocrx_word' id='word_1_374' title='bbox 3089 2816 3182 2870; x_wconf 81' lang='grc' dir='ltr'>τοῦ</span> <span class='ocrx_word' id='word_1_375' title='bbox 3227 2833 3289 2868; x_wconf 86' lang='grc' dir='ltr'><strong>τε</strong></span> <span class='ocrx_word' id='word_1_376' title='bbox 3335 2813 3585 2883; x_wconf 82' lang='grc' dir='ltr'>σώματος</span> 
     </span>
    </p>
   </div>
   <div class='ocr_carea' id='block_1_53' title="bbox 329 2899 1903 2980">
    <p class='ocr_par' dir='ltr' id='par_1_53' title="bbox 329 2899 1903 2968">
     <span class='ocr_line' id='line_1_54' title="bbox 329 2899 1903 2968; baseline 0.007 -19"><span class='ocrx_word' id='word_1_377' title='bbox 329 2899 397 2953; x_wconf 65' lang='lat' dir='ltr'><strong>ad</strong></span> <span class='ocrx_word' id='word_1_378' title='bbox 448 2900 720 2952; x_wconf 81' lang='lat' dir='ltr'><strong>vitandum</strong></span> <span class='ocrx_word' id='word_1_379' title='bbox 773 2913 838 2953; x_wconf 89' lang='lat' dir='ltr'><strong>ne</strong></span> <span class='ocrx_word' id='word_1_380' title='bbox 891 2899 942 2952; x_wconf 91' lang='lat' dir='ltr'><strong>id</strong></span> <span class='ocrx_word' id='word_1_381' title='bbox 972 2900 1384 2968; x_wconf 76' lang='lat' dir='ltr'><strong>impedimento</strong></span> <span class='ocrx_word' id='word_1_382' title='bbox 1433 2905 1504 2957; x_wconf 87' lang='lat' dir='ltr'><strong>sit</strong></span> <span class='ocrx_word' id='word_1_383' title='bbox 1558 2904 1772 2967; x_wconf 82' lang='lat' dir='ltr'><strong>animae,</strong></span> <span class='ocrx_word' id='word_1_384' title='bbox 1821 2904 1903 2960; x_wconf 92' lang='lat' dir='ltr'><strong>cui</strong></span> 
     </span>
    </p>
   </div>
   <div class='ocr_carea' id='block_1_54' title="bbox 2013 2899 3587 2980">
    <p class='ocr_par' dir='ltr' id='par_1_54' title="bbox 2013 2907 3587 2980">
     <span class='ocr_line' id='line_1_55' title="bbox 2013 2907 3587 2980; baseline -0.005 -14"><span class='ocrx_word' id='word_1_385' title='bbox 2013 2913 2127 2980; x_wconf 68' lang='grc' dir='ltr'><strong>ἅμα</strong></span> <span class='ocrx_word' id='word_1_386' title='bbox 2163 2913 2255 2966; x_wconf 75' lang='grc' dir='ltr'><strong>καὶ</strong></span> <span class='ocrx_word' id='word_1_387' title='bbox 2297 2911 2398 2978; x_wconf 80' lang='grc' dir='ltr'>τῆς</span> <span class='ocrx_word' id='word_1_388' title='bbox 2428 2911 2639 2980; x_wconf 80' lang='grc' dir='ltr'><strong>ψυχῆς·</strong></span> <span class='ocrx_word' id='word_1_389' title='bbox 2674 2911 2770 2964; x_wconf 72' lang='grc' dir='ltr'><strong>καὶ</strong></span> <span class='ocrx_word' id='word_1_390' title='bbox 2799 2909 2893 2962; x_wconf 81' lang='grc' dir='ltr'>τοῦ</span> <span class='ocrx_word' id='word_1_391' title='bbox 2931 2910 3028 2980; x_wconf 81' lang='grc' dir='ltr'><strong>μὲν</strong></span> <span class='ocrx_word' id='word_1_392' title='bbox 3066 2908 3320 2978; x_wconf 81' lang='grc' dir='ltr'>σώματος</span> <span class='ocrx_word' id='word_1_393' title='bbox 3350 2907 3441 2960; x_wconf 74' lang='grc' dir='ltr'>ἐπὶ</span> <span class='ocrx_word' id='word_1_394' title='bbox 3471 2921 3587 2959; x_wconf 81' lang='grc' dir='ltr'>τοσ-</span> 
     </span>
    </p>
   </div>
   <div class='ocr_carea' id='block_1_55' title="bbox 330 2989 1904 3071">
    <p class='ocr_par' dir='ltr' id='par_1_55' title="bbox 330 2989 1904 3064">
     <span class='ocr_line' id='line_1_56' title="bbox 330 2989 1904 3064; baseline 0.002 -19"><span class='ocrx_word' id='word_1_395' title='bbox 330 2989 672 3060; x_wconf 80' lang='lat' dir='ltr'><strong>potissimum</strong></span> <span class='ocrx_word' id='word_1_396' title='bbox 747 2990 1132 3061; x_wconf 79' lang='lat' dir='ltr'><strong>iuvigilundum</strong></span> <span class='ocrx_word' id='word_1_397' title='bbox 1200 3003 1318 3058; x_wconf 90' lang='lat' dir='ltr'><strong>est,</strong></span> <span class='ocrx_word' id='word_1_398' title='bbox 1391 3009 1716 3064; x_wconf 79' lang='lat' dir='ltr'><strong>semperque</strong></span> <span class='ocrx_word' id='word_1_399' title='bbox 1788 2996 1904 3048; x_wconf 80' lang='lat' dir='ltr'><strong>eni-</strong></span> 
     </span>
    </p>
   </div>
   <div class='ocr_carea' id='block_1_56' title="bbox 2013 2989 3587 3071">
    <p class='ocr_par' dir='ltr' id='par_1_56' title="bbox 2013 2997 3587 3071">
     <span class='ocr_line' id='line_1_57' title="bbox 2013 2997 3587 3071; baseline -0.004 -16"><span class='ocrx_word' id='word_1_400' title='bbox 2013 3003 2164 3055; x_wconf 80' lang='grc' dir='ltr'>οὖτον</span> <span class='ocrx_word' id='word_1_401' title='bbox 2211 3003 2294 3071; x_wconf 78' lang='grc' dir='ltr'>ἐφ’</span> <span class='ocrx_word' id='word_1_402' title='bbox 2329 3003 2450 3054; x_wconf 81' lang='grc' dir='ltr'>ὅσον</span> <span class='ocrx_word' id='word_1_403' title='bbox 2500 3002 2680 3054; x_wconf 80' lang='grc' dir='ltr'>ἱκανὸν</span> <span class='ocrx_word' id='word_1_404' title='bbox 2712 3001 2894 3071; x_wconf 81' lang='grc' dir='ltr'>αὐτῷ,</span> <span class='ocrx_word' id='word_1_405' title='bbox 2928 3002 3022 3054; x_wconf 81' lang='grc' dir='ltr'><strong>καὶ</strong></span> <span class='ocrx_word' id='word_1_406' title='bbox 3075 3000 3147 3070; x_wconf 81' lang='grc' dir='ltr'>μὴ</span> <span class='ocrx_word' id='word_1_407' title='bbox 3204 2997 3587 3069; x_wconf 75' lang='grc' dir='ltr'>ἐμποδίζεσθαι</span> 
     </span>
    </p>
   </div>
   <div class='ocr_carea' id='block_1_57' title="bbox 334 3081 1908 3164">
    <p class='ocr_par' dir='ltr' id='par_1_57' title="bbox 334 3081 1908 3152">
     <span class='ocr_line' id='line_1_58' title="bbox 334 3081 1908 3152; baseline 0 -14"><span class='ocrx_word' id='word_1_408' title='bbox 334 3083 556 3138; x_wconf 88' lang='lat' dir='ltr'><strong>tendum</strong></span> <span class='ocrx_word' id='word_1_409' title='bbox 611 3092 670 3136; x_wconf 92' lang='lat' dir='ltr'><strong>ut</strong></span> <span class='ocrx_word' id='word_1_410' title='bbox 722 3081 913 3136; x_wconf 87' lang='lat' dir='ltr'><strong>demus</strong></span> <span class='ocrx_word' id='word_1_411' title='bbox 954 3083 1027 3136; x_wconf 93' lang='lat' dir='ltr'><strong>illi</strong></span> <span class='ocrx_word' id='word_1_412' title='bbox 1060 3098 1178 3151; x_wconf 74' lang='lat' dir='ltr'><strong>qua:</strong></span> <span class='ocrx_word' id='word_1_413' title='bbox 1212 3085 1384 3152; x_wconf 84' lang='lat' dir='ltr'><strong>ipsam</strong></span> <span class='ocrx_word' id='word_1_414' title='bbox 1445 3085 1674 3151; x_wconf 89' lang='lat' dir='ltr'><strong>decent;</strong></span> <span class='ocrx_word' id='word_1_415' title='bbox 1712 3085 1908 3138; x_wconf 82' lang='lat' dir='ltr'><strong>refera-</strong></span> 
     </span>
    </p>
   </div>
   <div class='ocr_carea' id='block_1_58' title="bbox 2017 3081 3591 3164">
    <p class='ocr_par' dir='ltr' id='par_1_58' title="bbox 2017 3090 3591 3164">
     <span class='ocr_line' id='line_1_59' title="bbox 2017 3090 3591 3164; baseline -0.003 -18"><span class='ocrx_word' id='word_1_416' title='bbox 2017 3094 2109 3164; x_wconf 82' lang='grc' dir='ltr'><strong>τὴν</strong></span> <span class='ocrx_word' id='word_1_417' title='bbox 2157 3093 2368 3162; x_wconf 74' lang='grc' dir='ltr'><strong>ψυχήν·</strong></span> <span class='ocrx_word' id='word_1_418' title='bbox 2409 3093 2544 3162; x_wconf 77' lang='grc' dir='ltr'>αὐτῇ</span> <span class='ocrx_word' id='word_1_419' title='bbox 2591 3092 2647 3145; x_wconf 82' lang='grc' dir='ltr'>δὲ</span> <span class='ocrx_word' id='word_1_420' title='bbox 2680 3091 2859 3144; x_wconf 84' lang='grc' dir='ltr'>δοτέον</span> <span class='ocrx_word' id='word_1_421' title='bbox 2902 3092 2987 3145; x_wconf 75' lang='grc' dir='ltr'>ἀεὶ</span> <span class='ocrx_word' id='word_1_422' title='bbox 3021 3092 3089 3144; x_wconf 79' lang='grc' dir='ltr'>τὰ</span> <span class='ocrx_word' id='word_1_423' title='bbox 3121 3093 3296 3144; x_wconf 73' lang='grc' dir='ltr'>οἰκεῖα</span> <span class='ocrx_word' id='word_1_424' title='bbox 3345 3090 3438 3143; x_wconf 73' lang='grc' dir='ltr'>καὶ</span> <span class='ocrx_word' id='word_1_425' title='bbox 3477 3092 3591 3142; x_wconf 76' lang='grc' dir='ltr'>ἐπι-</span> 
     </span>
    </p>
   </div>
   <div class='ocr_carea' id='block_1_59' title="bbox 334 3173 1908 3256">
    <p class='ocr_par' dir='ltr' id='par_1_59' title="bbox 334 3173 1908 3244">
     <span class='ocr_line' id='line_1_60' title="bbox 334 3173 1908 3244; baseline -0.001 -15"><span class='ocrx_word' id='word_1_426' title='bbox 334 3186 561 3244; x_wconf 86' lang='lat' dir='ltr'><strong>musque</strong></span> <span class='ocrx_word' id='word_1_427' title='bbox 608 3173 750 3226; x_wconf 86' lang='lat' dir='ltr'><strong>illam</strong></span> <span class='ocrx_word' id='word_1_428' title='bbox 802 3187 897 3242; x_wconf 90' lang='lat' dir='ltr'><strong>per</strong></span> <span class='ocrx_word' id='word_1_429' title='bbox 938 3174 1261 3226; x_wconf 82' lang='lat' dir='ltr'><strong>exercitium</strong></span> <span class='ocrx_word' id='word_1_430' title='bbox 1298 3175 1563 3229; x_wconf 90' lang='lat' dir='ltr'><strong>virtutum</strong></span> <span class='ocrx_word' id='word_1_431' title='bbox 1597 3179 1663 3229; x_wconf 89' lang='lat' dir='ltr'><strong>ad</strong></span> <span class='ocrx_word' id='word_1_432' title='bbox 1691 3190 1908 3230; x_wconf 86' lang='lat' dir='ltr'><strong>causam</strong></span> 
     </span>
    </p>
   </div>
   <div class='ocr_carea' id='block_1_60' title="bbox 2015 3173 3589 3256">
    <p class='ocr_par' dir='ltr' id='par_1_60' title="bbox 2017 3180 3589 3256">
     <span class='ocr_line' id='line_1_61' title="bbox 2017 3180 3589 3256; baseline -0.003 -19"><span class='ocrx_word' id='word_1_433' title='bbox 2017 3185 2274 3256; x_wconf 81' lang='grc' dir='ltr'>μελητέον</span> <span class='ocrx_word' id='word_1_434' title='bbox 2309 3183 2605 3245; x_wconf 82' lang='grc' dir='ltr'>παντοίως·</span> <span class='ocrx_word' id='word_1_435' title='bbox 2642 3183 2736 3236; x_wconf 70' lang='grc' dir='ltr'><strong>καὶ</strong></span> <span class='ocrx_word' id='word_1_436' title='bbox 2782 3183 3043 3236; x_wconf 83' lang='grc' dir='ltr'>ἁνακτέον</span> <span class='ocrx_word' id='word_1_437' title='bbox 3094 3182 3183 3235; x_wconf 85' lang='grc' dir='ltr'>διὰ</span> <span class='ocrx_word' id='word_1_438' title='bbox 3227 3182 3336 3236; x_wconf 84' lang='grc' dir='ltr'><strong>τῶν</strong></span> <span class='ocrx_word' id='word_1_439' title='bbox 3380 3180 3589 3252; x_wconf 84' lang='grc' dir='ltr'>ἀρετῶν</span> 
     </span>
    </p>
   </div>
   <div class='ocr_carea' id='block_1_61' title="bbox 337 3265 1911 3347">
    <p class='ocr_par' dir='ltr' id='par_1_61' title="bbox 337 3265 1806 3337">
     <span class='ocr_line' id='line_1_62' title="bbox 337 3265 1806 3337; baseline 0.002 -18"><span class='ocrx_word' id='word_1_440' title='bbox 337 3265 480 3320; x_wconf 90' lang='lat' dir='ltr'><strong>unde</strong></span> <span class='ocrx_word' id='word_1_441' title='bbox 509 3266 732 3331; x_wconf 82' lang='lat' dir='ltr'><strong>prodiit,</strong></span> <span class='ocrx_word' id='word_1_442' title='bbox 767 3266 934 3318; x_wconf 90' lang='lat' dir='ltr'><strong>Deum</strong></span> <span class='ocrx_word' id='word_1_443' title='bbox 967 3265 1216 3320; x_wconf 87' lang='lat' dir='ltr'><strong>videlicet</strong></span> <span class='ocrx_word' id='word_1_444' title='bbox 1247 3267 1339 3335; x_wconf 86' lang='lat' dir='ltr'><strong>qui</strong></span> <span class='ocrx_word' id='word_1_445' title='bbox 1375 3269 1581 3322; x_wconf 85' lang='lat' dir='ltr'><strong>creavit</strong></span> <span class='ocrx_word' id='word_1_446' title='bbox 1613 3268 1806 3337; x_wconf 83' lang='lat' dir='ltr'><strong>ipsam.</strong></span> 
     </span>
    </p>
   </div>
   <div class='ocr_carea' id='block_1_62' title="bbox 1706 3265 3280 3347">
    <p class='ocr_par' dir='ltr' id='par_1_62' title="bbox 1706 3273 3280 3347">
     <span class='ocr_line' id='line_1_63' title="bbox 1706 3273 3280 3347; baseline 0.003 -26"><span class='ocrx_word' id='word_1_447' title='bbox 1706 3284 1806 3323; x_wconf 79' lang='lat' dir='ltr'><strong>am.</strong></span> <span class='ocrx_word' id='word_1_448' title='bbox 2015 3275 2151 3347; x_wconf 77' lang='grc' dir='ltr'>πρὸς</span> <span class='ocrx_word' id='word_1_449' title='bbox 2183 3273 2280 3345; x_wconf 80' lang='grc' dir='ltr'><strong>τὴν</strong></span> <span class='ocrx_word' id='word_1_450' title='bbox 2312 3276 2490 3326; x_wconf 76' lang='grc' dir='ltr'>αἰτίαν</span> <span class='ocrx_word' id='word_1_451' title='bbox 2530 3273 2698 3342; x_wconf 75' lang='grc' dir='ltr'>αὐτῆς</span> <span class='ocrx_word' id='word_1_452' title='bbox 2733 3273 2832 3341; x_wconf 83' lang='grc' dir='ltr'><strong>τὴν</strong></span> <span class='ocrx_word' id='word_1_453' title='bbox 2859 3273 3280 3345; x_wconf 74' lang='grc' dir='ltr'>δημιουργικὴν.</span> 
     </span>
    </p>
   </div>
   <div class='ocr_carea' id='block_1_63' title="bbox 410 3352 1984 3436">
    <p class='ocr_par' dir='ltr' id='par_1_63' title="bbox 410 3352 1913 3433">
     <span class='ocr_line' id='line_1_64' title="bbox 410 3352 1913 3433; baseline 0.01 -32"><span class='ocrx_word' id='word_1_454' title='bbox 410 3355 516 3426; x_wconf 72' lang='lat'><strong>16</strong></span> <span class='ocrx_word' id='word_1_455' title='bbox 554 3352 642 3420; x_wconf 83' lang='lat' dir='ltr'><strong>Vl,</strong></span> <span class='ocrx_word' id='word_1_456' title='bbox 684 3356 774 3411; x_wconf 76' lang='grc'><strong>51.</strong></span> <span class='ocrx_word' id='word_1_457' title='bbox 818 3355 999 3433; x_wconf 77' lang='lat' dir='ltr'><strong>Nolite</strong></span> <span class='ocrx_word' id='word_1_458' title='bbox 1045 3373 1165 3424; x_wconf 81' lang='lat' dir='ltr'><strong>ergo</strong></span> <span class='ocrx_word' id='word_1_459' title='bbox 1203 3357 1417 3411; x_wconf 83' lang='lat' dir='ltr'><strong>solliciti</strong></span> <span class='ocrx_word' id='word_1_460' title='bbox 1471 3375 1582 3412; x_wconf 84' lang='lat' dir='ltr'><strong>esse</strong></span> <span class='ocrx_word' id='word_1_461' title='bbox 1627 3360 1862 3413; x_wconf 82' lang='lat' dir='ltr'><strong>dicentes</strong></span> <span class='ocrx_word' id='word_1_462' title='bbox 1896 3376 1913 3416; x_wconf 84' lang='lat'><strong>.‘</strong></span> 
     </span>
    </p>
   </div>
   <div class='ocr_carea' id='block_1_64' title="bbox 2016 3352 3590 3436">
    <p class='ocr_par' dir='ltr' id='par_1_64' title="bbox 2083 3363 3590 3436">
     <span class='ocr_line' id='line_1_65' title="bbox 2083 3363 3590 3436; baseline -0.001 -16"><span class='ocrx_word' id='word_1_463' title='bbox 2083 3366 2180 3432; x_wconf 77' lang='grc' dir='ltr'><strong>Μὴ</strong></span> <span class='ocrx_word' id='word_1_464' title='bbox 2208 3364 2321 3421; x_wconf 85' lang='grc' dir='ltr'>οὖν</span> <span class='ocrx_word' id='word_1_465' title='bbox 2347 3363 2773 3436; x_wconf 79' lang='grc' dir='ltr'>μεριμνήσητε,</span> <span class='ocrx_word' id='word_1_466' title='bbox 2796 3364 3079 3433; x_wconf 78' lang='grc' dir='ltr'>λέγοντες</span> <span class='ocrx_word' id='word_1_467' title='bbox 3096 3381 3111 3396; x_wconf 85' lang='grc'><strong>·</strong></span> <span class='ocrx_word' id='word_1_468' title='bbox 3145 3367 3206 3419; x_wconf 80' lang='grc' dir='ltr'><strong>τι</strong></span> <span class='ocrx_word' id='word_1_469' title='bbox 3229 3365 3528 3436; x_wconf 67' lang='grc' dir='ltr'>φάγωμεν,</span> <span class='ocrx_word' id='word_1_470' title='bbox 3554 3363 3590 3431; x_wconf 73' lang='grc' dir='ltr'><strong><em>ἦ</em></strong></span> 
     </span>
    </p>
   </div>
   <div class='ocr_carea' id='block_1_65' title="bbox 339 3445 1913 3530">
    <p class='ocr_par' dir='ltr' id='par_1_65' title="bbox 339 3445 1913 3530">
     <span class='ocr_line' id='line_1_66' title="bbox 339 3445 1913 3530; baseline 0.002 -29"><span class='ocrx_word' id='word_1_471' title='bbox 339 3445 480 3514; x_wconf 82' lang='lat' dir='ltr'><strong>Quid</strong></span> <span class='ocrx_word' id='word_1_472' title='bbox 510 3449 1076 3513; x_wconf 84' lang='lat' dir='ltr'><strong>manducabimus,uut</strong></span> <span class='ocrx_word' id='word_1_473' title='bbox 1111 3451 1238 3530; x_wconf 81' lang='lat' dir='ltr'><strong>quid</strong></span> <span class='ocrx_word' id='word_1_474' title='bbox 1272 3450 1527 3518; x_wconf 84' lang='lat' dir='ltr'><strong>bibemus,</strong></span> <span class='ocrx_word' id='word_1_475' title='bbox 1557 3459 1648 3505; x_wconf 87' lang='lat' dir='ltr'><strong>aut</strong></span> <span class='ocrx_word' id='word_1_476' title='bbox 1675 3467 1776 3521; x_wconf 86' lang='lat' dir='ltr'><strong>quo</strong></span> <span class='ocrx_word' id='word_1_477' title='bbox 1805 3467 1913 3521; x_wconf 85' lang='lat' dir='ltr'><strong>ope-</strong></span> 
     </span>
    </p>
   </div>
   <div class='ocr_carea' id='block_1_66' title="bbox 1418 3445 2992 3530">
    <p class='ocr_par' dir='ltr' id='par_1_66' title="bbox 1418 3456 2992 3527">
     <span class='ocr_line' id='line_1_67' title="bbox 1418 3456 2992 3527; baseline 0.001 -18"><span class='ocrx_word' id='word_1_478' title='bbox 1418 3467 1527 3518; x_wconf 72' lang='lat' dir='ltr'><strong>ms,</strong></span> <span class='ocrx_word' id='word_1_479' title='bbox 1557 3459 1648 3505; x_wconf 70' lang='lat' dir='ltr'><strong>aut</strong></span> <span class='ocrx_word' id='word_1_480' title='bbox 1675 3467 1776 3521; x_wconf 86' lang='lat' dir='ltr'><strong>quo</strong></span> <span class='ocrx_word' id='word_1_481' title='bbox 1805 3467 1914 3521; x_wconf 80' lang='grc' dir='ltr'>ορε·</span> <span class='ocrx_word' id='word_1_482' title='bbox 2016 3457 2074 3511; x_wconf 83' lang='grc' dir='ltr'><strong>τί</strong></span> <span class='ocrx_word' id='word_1_483' title='bbox 2099 3458 2343 3527; x_wconf 81' lang='grc' dir='ltr'>πίωμεν,</span> <span class='ocrx_word' id='word_1_484' title='bbox 2367 3456 2403 3524; x_wconf 79' lang='grc' dir='ltr'>ἢ</span> <span class='ocrx_word' id='word_1_485' title='bbox 2435 3458 2492 3511; x_wconf 84' lang='grc' dir='ltr'><strong>τί</strong></span> <span class='ocrx_word' id='word_1_486' title='bbox 2517 3456 2992 3527; x_wconf 74' lang='grc' dir='ltr'>περιϐαλώμεθα;</span> 
     </span>
    </p>
   </div>
   <div class='ocr_carea' id='block_1_67' title="bbox 339 3541 582 3595">
    <p class='ocr_par' dir='ltr' id='par_1_67' title="bbox 339 3541 582 3595">
     <span class='ocr_line' id='line_1_68' title="bbox 339 3541 582 3595; baseline 0.016 -4"><span class='ocrx_word' id='word_1_487' title='bbox 339 3541 535 3594; x_wconf 82' lang='lat' dir='ltr'><strong>riemur</strong></span> <span class='ocrx_word' id='word_1_488' title='bbox 557 3541 582 3595; x_wconf 69' lang='lat'><strong>.9</strong></span> 
     </span>
    </p>
   </div>
   <div class='ocr_carea' id='block_1_68' title="bbox 408 3629 1982 3711">
    <p class='ocr_par' dir='ltr' id='par_1_68' title="bbox 408 3629 1918 3700">
     <span class='ocr_line' id='line_1_69' title="bbox 408 3629 1918 3700; baseline 0.003 -19"><span class='ocrx_word' id='word_1_489' title='bbox 408 3629 788 3694; x_wconf 61' lang='lat' dir='ltr'><strong>Quaerentibus</strong></span> <span class='ocrx_word' id='word_1_490' title='bbox 834 3647 953 3699; x_wconf 71' lang='lat' dir='ltr'><strong>quae</strong></span> <span class='ocrx_word' id='word_1_491' title='bbox 1007 3633 1072 3686; x_wconf 86' lang='lat' dir='ltr'><strong>ad</strong></span> <span class='ocrx_word' id='word_1_492' title='bbox 1129 3633 1365 3686; x_wconf 85' lang='lat' dir='ltr'><strong>animam</strong></span> <span class='ocrx_word' id='word_1_493' title='bbox 1420 3632 1715 3700; x_wconf 86' lang='lat' dir='ltr'><strong>pertinent,</strong></span> <span class='ocrx_word' id='word_1_494' title='bbox 1775 3632 1918 3686; x_wconf 91' lang='lat' dir='ltr'><strong>ultro</strong></span> 
     </span>
    </p>
   </div>
   <div class='ocr_carea' id='block_1_69' title="bbox 2019 3629 3593 3711">
    <p class='ocr_par' dir='ltr' id='par_1_69' title="bbox 2089 3639 3593 3711">
     <span class='ocr_line' id='line_1_70' title="bbox 2089 3639 3593 3711; baseline -0.001 -15"><span class='ocrx_word' id='word_1_495' title='bbox 2089 3644 2215 3706; x_wconf 85' lang='grc' dir='ltr'>Τοῖς</span> <span class='ocrx_word' id='word_1_496' title='bbox 2248 3642 2314 3695; x_wconf 83' lang='grc' dir='ltr'>τὰ</span> <span class='ocrx_word' id='word_1_497' title='bbox 2339 3641 2439 3711; x_wconf 78' lang='grc' dir='ltr'>τῆς</span> <span class='ocrx_word' id='word_1_498' title='bbox 2467 3641 2644 3711; x_wconf 72' lang='grc' dir='ltr'>ψυχῆς</span> <span class='ocrx_word' id='word_1_499' title='bbox 2683 3639 2905 3711; x_wconf 78' lang='grc' dir='ltr'>ζητοῦσι</span> <span class='ocrx_word' id='word_1_500' title='bbox 2943 3641 3156 3695; x_wconf 85' lang='grc' dir='ltr'>δίδωσιν</span> <span class='ocrx_word' id='word_1_501' title='bbox 3184 3645 3210 3695; x_wconf 86' lang='lat'><strong>6</strong></span> <span class='ocrx_word' id='word_1_502' title='bbox 3251 3641 3382 3706; x_wconf 78' lang='grc' dir='ltr'>Θεὸς</span> <span class='ocrx_word' id='word_1_503' title='bbox 3411 3643 3505 3696; x_wconf 81' lang='grc' dir='ltr'>καὶ</span> <span class='ocrx_word' id='word_1_504' title='bbox 3529 3643 3593 3696; x_wconf 69' lang='grc' dir='ltr'>τὰ</span> 
     </span>
    </p>
   </div>
   <div class='ocr_carea' id='block_1_70' title="bbox 341 3720 1915 3804">
    <p class='ocr_par' dir='ltr' id='par_1_70' title="bbox 341 3720 1915 3794">
     <span class='ocr_line' id='line_1_71' title="bbox 341 3720 1915 3794; baseline 0.004 -21"><span class='ocrx_word' id='word_1_505' title='bbox 341 3720 570 3791; x_wconf 73' lang='lat' dir='ltr'><strong>largitur</strong></span> <span class='ocrx_word' id='word_1_506' title='bbox 595 3721 735 3794; x_wconf 52' lang='lat' dir='ltr'><strong>Eleus</strong></span> <span class='ocrx_word' id='word_1_507' title='bbox 763 3737 882 3789; x_wconf 73' lang='lat' dir='ltr'><strong>qua:</strong></span> <span class='ocrx_word' id='word_1_508' title='bbox 906 3737 1042 3789; x_wconf 91' lang='lat' dir='ltr'><strong>opus</strong></span> <span class='ocrx_word' id='word_1_509' title='bbox 1075 3733 1202 3776; x_wconf 88' lang='lat' dir='ltr'><strong>sunt</strong></span> <span class='ocrx_word' id='word_1_510' title='bbox 1228 3727 1466 3792; x_wconf 88' lang='lat' dir='ltr'><strong>corpori.</strong></span> <span class='ocrx_word' id='word_1_511' title='bbox 1500 3723 1653 3790; x_wconf 86' lang='lat' dir='ltr'><strong>Quod</strong></span> <span class='ocrx_word' id='word_1_512' title='bbox 1687 3724 1830 3778; x_wconf 90' lang='lat' dir='ltr'><strong>scire</strong></span> <span class='ocrx_word' id='word_1_513' title='bbox 1855 3739 1915 3779; x_wconf 92' lang='lat' dir='ltr'><strong>ac</strong></span> 
     </span>
    </p>
   </div>
   <div class='ocr_carea' id='block_1_71' title="bbox 2021 3720 3595 3804">
    <p class='ocr_par' dir='ltr' id='par_1_71' title="bbox 2021 3731 3595 3804">
     <span class='ocr_line' id='line_1_72' title="bbox 2021 3731 3595 3804; baseline -0.002 -16"><span class='ocrx_word' id='word_1_514' title='bbox 2021 3738 2130 3799; x_wconf 89' lang='grc' dir='ltr'>τοῖς</span> <span class='ocrx_word' id='word_1_515' title='bbox 2175 3733 2422 3804; x_wconf 84' lang='grc' dir='ltr'>σώμασιν</span> <span class='ocrx_word' id='word_1_516' title='bbox 2452 3733 2754 3803; x_wconf 78' lang='grc' dir='ltr'>ἐπιτήδεια·</span> <span class='ocrx_word' id='word_1_517' title='bbox 2799 3733 2884 3786; x_wconf 80' lang='grc' dir='ltr'><strong>ἵνα</strong></span> <span class='ocrx_word' id='word_1_518' title='bbox 2920 3733 2993 3802; x_wconf 82' lang='grc' dir='ltr'>μὴ</span> <span class='ocrx_word' id='word_1_519' title='bbox 3031 3731 3404 3802; x_wconf 77' lang='grc' dir='ltr'>φροντίζοντες</span> <span class='ocrx_word' id='word_1_520' title='bbox 3437 3734 3595 3802; x_wconf 81' lang='grc' dir='ltr'>ἡμεῖς</span> 
     </span>
    </p>
   </div>
   <div class='ocr_carea' id='block_1_72' title="bbox 343 3810 1917 3894">
    <p class='ocr_par' dir='ltr' id='par_1_72' title="bbox 343 3810 1917 3877">
     <span class='ocr_line' id='line_1_73' title="bbox 343 3810 1917 3877; baseline 0.003 -14"><span class='ocrx_word' id='word_1_521' title='bbox 343 3810 586 3877; x_wconf 87' lang='lat' dir='ltr'><strong>cogitare</strong></span> <span class='ocrx_word' id='word_1_522' title='bbox 629 3825 728 3864; x_wconf 87' lang='lat' dir='ltr'><strong>nos</strong></span> <span class='ocrx_word' id='word_1_523' title='bbox 767 3811 949 3872; x_wconf 86' lang='lat' dir='ltr'><strong>decet,</strong></span> <span class='ocrx_word' id='word_1_524' title='bbox 985 3825 1054 3863; x_wconf 86' lang='lat' dir='ltr'><strong>ne</strong></span> <span class='ocrx_word' id='word_1_525' title='bbox 1097 3811 1276 3864; x_wconf 75' lang='lat' dir='ltr'><strong>nimia:</strong></span> <span class='ocrx_word' id='word_1_526' title='bbox 1320 3812 1506 3865; x_wconf 83' lang='lat' dir='ltr'><strong>talium</strong></span> <span class='ocrx_word' id='word_1_527' title='bbox 1553 3829 1735 3867; x_wconf 85' lang='lat' dir='ltr'><strong>rerum</strong></span> <span class='ocrx_word' id='word_1_528' title='bbox 1775 3827 1917 3868; x_wconf 66' lang='lat' dir='ltr'><strong>cura</strong></span> 
     </span>
    </p>
   </div>
   <div class='ocr_carea' id='block_1_73' title="bbox 2023 3810 3597 3894">
    <p class='ocr_par' dir='ltr' id='par_1_73' title="bbox 2023 3822 3597 3894">
     <span class='ocr_line' id='line_1_74' title="bbox 2023 3822 3597 3894; baseline -0.003 -15"><span class='ocrx_word' id='word_1_529' title='bbox 2023 3825 2162 3894; x_wconf 84' lang='grc' dir='ltr'>ὑπὲρ</span> <span class='ocrx_word' id='word_1_530' title='bbox 2194 3824 2302 3877; x_wconf 83' lang='grc' dir='ltr'><strong>τῶν</strong></span> <span class='ocrx_word' id='word_1_531' title='bbox 2330 3823 2587 3877; x_wconf 81' lang='grc' dir='ltr'>τοιοῦτων</span> <span class='ocrx_word' id='word_1_532' title='bbox 2627 3823 2786 3877; x_wconf 81' lang='grc' dir='ltr'>πλέον</span> <span class='ocrx_word' id='word_1_533' title='bbox 2812 3822 2906 3876; x_wconf 77' lang='grc' dir='ltr'>τοῦ</span> <span class='ocrx_word' id='word_1_534' title='bbox 2935 3823 3166 3886; x_wconf 84' lang='grc' dir='ltr'>δέοντος,</span> <span class='ocrx_word' id='word_1_535' title='bbox 3206 3823 3597 3894; x_wconf 78' lang='grc' dir='ltr'>ἐμποδισθησό-</span> 
     </span>
    </p>
   </div>
   <div class='ocr_carea' id='block_1_74' title="bbox 345 3899 1919 3989">
    <p class='ocr_par' dir='ltr' id='par_1_74' title="bbox 345 3899 1919 3973">
     <span class='ocr_line' id='line_1_75' title="bbox 345 3899 1919 3973; baseline 0.004 -21"><span class='ocrx_word' id='word_1_536' title='bbox 345 3899 729 3968; x_wconf 88' lang='lat' dir='ltr'><strong>impedimento</strong></span> <span class='ocrx_word' id='word_1_537' title='bbox 761 3899 870 3955; x_wconf 90' lang='lat' dir='ltr'><strong>sint</strong></span> <span class='ocrx_word' id='word_1_538' title='bbox 902 3899 1055 3955; x_wconf 88' lang='lat' dir='ltr'><strong>nobis</strong></span> <span class='ocrx_word' id='word_1_539' title='bbox 1091 3900 1156 3954; x_wconf 82' lang='lat' dir='ltr'><strong>ad</strong></span> <span class='ocrx_word' id='word_1_540' title='bbox 1192 3902 1537 3970; x_wconf 86' lang='lat' dir='ltr'><strong>operationes</strong></span> <span class='ocrx_word' id='word_1_541' title='bbox 1577 3905 1919 3973; x_wconf 81' lang='lat' dir='ltr'><strong>praestantis-</strong></span> 
     </span>
    </p>
   </div>
   <div class='ocr_carea' id='block_1_75' title="bbox 1178 3899 2752 3989">
    <p class='ocr_par' dir='ltr' id='par_1_75' title="bbox 1192 3902 2752 3989">
     <span class='ocr_line' id='line_1_76' title="bbox 1192 3902 2752 3989; baseline 0.011 -36"><span class='ocrx_word' id='word_1_542' title='bbox 1192 3902 1537 3970; x_wconf 86' lang='lat' dir='ltr'><strong>operationes</strong></span> <span class='ocrx_word' id='word_1_543' title='bbox 1577 3905 1919 3973; x_wconf 80' lang='lat' dir='ltr'><strong>praestantis-</strong></span> <span class='ocrx_word' id='word_1_544' title='bbox 2027 3917 2166 3989; x_wconf 81' lang='grc' dir='ltr'>μεθα</span> <span class='ocrx_word' id='word_1_545' title='bbox 2197 3917 2334 3989; x_wconf 81' lang='grc' dir='ltr'>πρὸς</span> <span class='ocrx_word' id='word_1_546' title='bbox 2371 3917 2440 3969; x_wconf 88' lang='grc' dir='ltr'>τὰ</span> <span class='ocrx_word' id='word_1_547' title='bbox 2466 3916 2752 3970; x_wconf 85' lang='grc' dir='ltr'>κάλλιστα.</span> 
     </span>
    </p>
   </div>
   <div class='ocr_carea' id='block_1_76' title="bbox 346 4005 534 4046">
    <p class='ocr_par' dir='ltr' id='par_1_76' title="bbox 346 4005 534 4046">
     <span class='ocr_line' id='line_1_77' title="bbox 346 4005 534 4046; baseline 0.005 -1"><span class='ocrx_word' id='word_1_548' title='bbox 346 4005 534 4046; x_wconf 74' lang='grc' dir='ltr'>ειηιοε.</span> 
     </span>
    </p>
   </div>
   <div class='ocr_carea' id='block_1_77' title="bbox 417 4081 1991 4167">
    <p class='ocr_par' dir='ltr' id='par_1_77' title="bbox 417 4081 1919 4157">
     <span class='ocr_line' id='line_1_78' title="bbox 417 4081 1919 4157; baseline 0.002 -20"><span class='ocrx_word' id='word_1_549' title='bbox 417 4081 527 4145; x_wconf 80' lang='lat' dir='ltr'><strong>VII,</strong></span> <span class='ocrx_word' id='word_1_550' title='bbox 553 4082 608 4136; x_wconf 73' lang='grc'>2.</span> <span class='ocrx_word' id='word_1_551' title='bbox 651 4081 715 4136; x_wconf 83' lang='grc' dir='ltr'><strong>1η</strong></span> <span class='ocrx_word' id='word_1_552' title='bbox 744 4099 845 4152; x_wconf 87' lang='lat' dir='ltr'><strong>quo</strong></span> <span class='ocrx_word' id='word_1_553' title='bbox 869 4085 1004 4138; x_wconf 86' lang='lat' dir='ltr'><strong>enim</strong></span> <span class='ocrx_word' id='word_1_554' title='bbox 1039 4084 1243 4155; x_wconf 66' lang='lat' dir='ltr'><strong>iudicio</strong></span> <span class='ocrx_word' id='word_1_555' title='bbox 1267 4085 1660 4154; x_wconf 86' lang='lat' dir='ltr'><strong>judicaueritis,</strong></span> <span class='ocrx_word' id='word_1_556' title='bbox 1697 4088 1919 4157; x_wconf 84' lang='lat' dir='ltr'><strong>judica-</strong></span> 
     </span>
    </p>
   </div>
   <div class='ocr_carea' id='block_1_78' title="bbox 2025 4081 3599 4167">
    <p class='ocr_par' dir='ltr' id='par_1_78' title="bbox 2103 4088 3599 4167">
     <span class='ocr_line' id='line_1_79' title="bbox 2103 4088 3599 4167; baseline -0.001 -21"><span class='ocrx_word' id='word_1_557' title='bbox 2103 4095 2204 4147; x_wconf 79' lang='grc' dir='ltr'>Ἐν</span> <span class='ocrx_word' id='word_1_558' title='bbox 2230 4090 2276 4167; x_wconf 82' lang='grc' dir='ltr'>ᾦ</span> <span class='ocrx_word' id='word_1_559' title='bbox 2301 4092 2411 4162; x_wconf 77' lang='grc' dir='ltr'><strong>γὰρ</strong></span> <span class='ocrx_word' id='word_1_560' title='bbox 2439 4092 2673 4160; x_wconf 79' lang='grc' dir='ltr'>κρίματι</span> <span class='ocrx_word' id='word_1_561' title='bbox 2703 4093 2954 4160; x_wconf 82' lang='grc' dir='ltr'>κρίνετε.</span> <span class='ocrx_word' id='word_1_562' title='bbox 2981 4092 3342 4160; x_wconf 80' lang='grc' dir='ltr'>κριθήσεσθε</span> <span class='ocrx_word' id='word_1_563' title='bbox 3360 4108 3374 4123; x_wconf 82' lang='lat'><strong><em>°</em></strong></span> <span class='ocrx_word' id='word_1_564' title='bbox 3407 4088 3503 4145; x_wconf 72' lang='grc' dir='ltr'><strong>καί</strong></span> <span class='ocrx_word' id='word_1_565' title='bbox 3532 4093 3599 4144; x_wconf 69' lang='grc' dir='ltr'>ἐν</span> 
     </span>
    </p>
   </div>
   <div class='ocr_carea' id='block_1_79' title="bbox 347 4173 1921 4256">
    <p class='ocr_par' dir='ltr' id='par_1_79' title="bbox 347 4173 1921 4246">
     <span class='ocr_line' id='line_1_80' title="bbox 347 4173 1921 4246; baseline 0.003 -21"><span class='ocrx_word' id='word_1_566' title='bbox 347 4173 549 4237; x_wconf 86' lang='lat' dir='ltr'><strong>bimini,</strong></span> <span class='ocrx_word' id='word_1_567' title='bbox 581 4181 630 4227; x_wconf 87' lang='lat' dir='ltr'><strong>et</strong></span> <span class='ocrx_word' id='word_1_568' title='bbox 659 4175 714 4228; x_wconf 86' lang='lat' dir='ltr'><strong>in</strong></span> <span class='ocrx_word' id='word_1_569' title='bbox 740 4190 843 4246; x_wconf 86' lang='lat' dir='ltr'><strong>qua</strong></span> <span class='ocrx_word' id='word_1_570' title='bbox 879 4191 1125 4230; x_wconf 85' lang='lat' dir='ltr'><strong>mensura</strong></span> <span class='ocrx_word' id='word_1_571' title='bbox 1155 4176 1319 4230; x_wconf 86' lang='lat' dir='ltr'><strong>mensi</strong></span> <span class='ocrx_word' id='word_1_572' title='bbox 1351 4175 1587 4244; x_wconf 79' lang='lat' dir='ltr'><strong>fueritis,</strong></span> <span class='ocrx_word' id='word_1_573' title='bbox 1625 4180 1921 4232; x_wconf 85' lang='lat' dir='ltr'><strong>remetietur</strong></span> 
     </span>
    </p>
   </div>
   <div class='ocr_carea' id='block_1_80' title="bbox 1812 4173 3386 4256">
    <p class='ocr_par' dir='ltr' id='par_1_80' title="bbox 1812 4182 3386 4256">
     <span class='ocr_line' id='line_1_81' title="bbox 1812 4182 3386 4256; baseline -0.003 -17"><span class='ocrx_word' id='word_1_574' title='bbox 1812 4187 1924 4230; x_wconf 66' lang='grc' dir='ltr'><strong>βων</strong></span> <span class='ocrx_word' id='word_1_575' title='bbox 2026 4184 2071 4251; x_wconf 86' lang='grc' dir='ltr'><strong>ᾧ</strong></span> <span class='ocrx_word' id='word_1_576' title='bbox 2096 4184 2288 4256; x_wconf 81' lang='grc' dir='ltr'>μέτρῳ</span> <span class='ocrx_word' id='word_1_577' title='bbox 2311 4182 2596 4254; x_wconf 83' lang='grc' dir='ltr'>μετρεῖτε,</span> <span class='ocrx_word' id='word_1_578' title='bbox 2633 4184 3202 4254; x_wconf 79' lang='grc' dir='ltr'>ἀντιμετρηθήσεται</span> <span class='ocrx_word' id='word_1_579' title='bbox 3226 4183 3386 4253; x_wconf 86' lang='grc' dir='ltr'>ὑμῖν.</span> 
     </span>
    </p>
   </div>
   <div class='ocr_carea' id='block_1_81' title="bbox 346 4264 504 4319">
    <p class='ocr_par' dir='ltr' id='par_1_81' title="bbox 346 4264 504 4319">
     <span class='ocr_line' id='line_1_82' title="bbox 346 4264 504 4319; baseline -0.013 0"><span class='ocrx_word' id='word_1_580' title='bbox 346 4264 504 4319; x_wconf 76' lang='lat' dir='ltr'><strong>vobis.</strong></span> 
     </span>
    </p>
   </div>
   <div class='ocr_carea' id='block_1_82' title="bbox 421 4329 1995 4437">
    <p class='ocr_par' dir='ltr' id='par_1_82' title="bbox 421 4329 1995 4432">
     <span class='ocr_line' id='line_1_83' title="bbox 421 4329 1995 4432; baseline 0.004 -21"><span class='ocrx_word' id='word_1_581' title='bbox 421 4355 526 4424; x_wconf 89' lang='lat' dir='ltr'><strong>Qui</strong></span> <span class='ocrx_word' id='word_1_582' title='bbox 559 4357 626 4412; x_wconf 92' lang='lat' dir='ltr'><strong>ad</strong></span> <span class='ocrx_word' id='word_1_583' title='bbox 664 4357 975 4429; x_wconf 83' lang='lat' dir='ltr'><strong>religionem</strong></span> <span class='ocrx_word' id='word_1_584' title='bbox 1025 4361 1258 4417; x_wconf 92' lang='lat' dir='ltr'><strong>instituti</strong></span> <span class='ocrx_word' id='word_1_585' title='bbox 1293 4372 1436 4428; x_wconf 90' lang='lat' dir='ltr'><strong>sunt,</strong></span> <span class='ocrx_word' id='word_1_586' title='bbox 1467 4364 1604 4418; x_wconf 83' lang='lat' dir='ltr'><strong>bona</strong></span> <span class='ocrx_word' id='word_1_587' title='bbox 1638 4363 1923 4432; x_wconf 90' lang='lat' dir='ltr'><strong>prudentia</strong></span> <span class='ocrx_word' id='word_1_588' title='bbox 1953 4329 1995 4389; x_wconf 70' lang='grc' dir='ltr'>Π</span> 
     </span>
    </p>
   </div>
   <div class='ocr_carea' id='block_1_83' title="bbox 2025 4329 3599 4437">
    <p class='ocr_par' dir='ltr' id='par_1_83' title="bbox 2102 4355 3599 4437">
     <span class='ocr_line' id='line_1_84' title="bbox 2102 4355 3599 4437; baseline -0.004 -24"><span class='ocrx_word' id='word_1_589' title='bbox 2102 4360 2171 4437; x_wconf 84' lang='grc' dir='ltr'><strong>Οἱ¹</strong></span> <span class='ocrx_word' id='word_1_590' title='bbox 2193 4359 2328 4431; x_wconf 75' lang='grc' dir='ltr'>πρὸς</span> <span class='ocrx_word' id='word_1_591' title='bbox 2376 4357 2662 4412; x_wconf 77' lang='grc' dir='ltr'>εὐλάϐειαν</span> <span class='ocrx_word' id='word_1_592' title='bbox 2691 4357 3198 4427; x_wconf 83' lang='grc' dir='ltr'>παιδαγωγούμενοι</span> <span class='ocrx_word' id='word_1_593' title='bbox 3243 4359 3336 4411; x_wconf 86' lang='grc' dir='ltr'><strong>τὸν</strong></span> <span class='ocrx_word' id='word_1_594' title='bbox 3373 4355 3432 4421; x_wconf 78' lang='grc' dir='ltr'><strong>ἐξ</strong></span> <span class='ocrx_word' id='word_1_595' title='bbox 3461 4357 3599 4424; x_wconf 83' lang='grc' dir='ltr'><strong>ἀγα-</strong></span> 
     </span>
    </p>
   </div>
   <div class='ocr_carea' id='block_1_84' title="bbox 348 4448 1922 4524">
    <p class='ocr_par' dir='ltr' id='par_1_84' title="bbox 348 4448 1922 4524">
     <span class='ocr_line' id='line_1_85' title="bbox 348 4448 1922 4524; baseline 0.004 -20"><span class='ocrx_word' id='word_1_596' title='bbox 348 4448 559 4505; x_wconf 83' lang='lat' dir='ltr'><strong>freuum</strong></span> <span class='ocrx_word' id='word_1_597' title='bbox 588 4451 837 4522; x_wconf 88' lang='lat' dir='ltr'><strong>injiciuut</strong></span> <span class='ocrx_word' id='word_1_598' title='bbox 865 4453 1084 4522; x_wconf 68' lang='lat' dir='ltr'><strong>linguas,</strong></span> <span class='ocrx_word' id='word_1_599' title='bbox 1115 4456 1286 4509; x_wconf 74' lang='lat' dir='ltr'><strong>titillat</strong></span> <span class='ocrx_word' id='word_1_600' title='bbox 1320 4456 1492 4510; x_wconf 89' lang='lat' dir='ltr'><strong>solum</strong></span> <span class='ocrx_word' id='word_1_601' title='bbox 1529 4455 1675 4524; x_wconf 88' lang='lat' dir='ltr'><strong>loqui</strong></span> <span class='ocrx_word' id='word_1_602' title='bbox 1708 4471 1922 4511; x_wconf 86' lang='lat' dir='ltr'><strong>assues-</strong></span> 
     </span>
    </p>
   </div>
   <div class='ocr_carea' id='block_1_85' title="bbox 2028 4448 3602 4524">
    <p class='ocr_par' dir='ltr' id='par_1_85' title="bbox 2033 4449 3602 4522">
     <span class='ocr_line' id='line_1_86' title="bbox 2033 4449 3602 4522; baseline -0.004 -15"><span class='ocrx_word' id='word_1_603' title='bbox 2033 4453 2129 4521; x_wconf 83' lang='grc' dir='ltr'>θῆς</span> <span class='ocrx_word' id='word_1_604' title='bbox 2155 4452 2467 4522; x_wconf 77' lang='grc' dir='ltr'>φρονήσεως</span> <span class='ocrx_word' id='word_1_605' title='bbox 2496 4451 2708 4522; x_wconf 76' lang='grc' dir='ltr'>χαλινὸν</span> <span class='ocrx_word' id='word_1_606' title='bbox 2727 4451 3044 4520; x_wconf 74' lang='grc' dir='ltr'>ἐπιφέρουσι</span> <span class='ocrx_word' id='word_1_607' title='bbox 3061 4453 3126 4520; x_wconf 84' lang='grc' dir='ltr'>τῇ</span> <span class='ocrx_word' id='word_1_608' title='bbox 3149 4449 3394 4520; x_wconf 79' lang='grc' dir='ltr'>γλώσσῃ,</span> <span class='ocrx_word' id='word_1_609' title='bbox 3422 4450 3602 4502; x_wconf 84' lang='grc' dir='ltr'>ἐκεῖνα</span> 
     </span>
    </p>
   </div>
   <div class='ocr_carea' id='block_1_86' title="bbox 350 4541 1924 4615">
    <p class='ocr_par' dir='ltr' id='par_1_86' title="bbox 350 4543 1924 4613">
     <span class='ocr_line' id='line_1_87' title="bbox 350 4543 1924 4613; baseline 0.001 -16"><span class='ocrx_word' id='word_1_610' title='bbox 350 4550 498 4606; x_wconf 88' lang='lat' dir='ltr'><strong>cant,</strong></span> <span class='ocrx_word' id='word_1_611' title='bbox 519 4557 638 4613; x_wconf 84' lang='lat' dir='ltr'><strong>quae</strong></span> <span class='ocrx_word' id='word_1_612' title='bbox 656 4543 862 4598; x_wconf 88' lang='lat' dir='ltr'><strong>nullum</strong></span> <span class='ocrx_word' id='word_1_613' title='bbox 886 4543 1115 4601; x_wconf 77' lang='lat' dir='ltr'><strong>alierant</strong></span> <span class='ocrx_word' id='word_1_614' title='bbox 1145 4556 1561 4610; x_wconf 86' lang='lat' dir='ltr'><strong>nocumentum;</strong></span> <span class='ocrx_word' id='word_1_615' title='bbox 1602 4546 1702 4599; x_wconf 82' lang='lat' dir='ltr'><strong>hoc</strong></span> <span class='ocrx_word' id='word_1_616' title='bbox 1727 4547 1924 4601; x_wconf 85' lang='lat' dir='ltr'><strong>docens</strong></span> 
     </span>
    </p>
   </div>
   <div class='ocr_carea' id='block_1_87' title="bbox 2029 4541 3603 4615">
    <p class='ocr_par' dir='ltr' id='par_1_87' title="bbox 2037 4541 3603 4615">
     <span class='ocr_line' id='line_1_88' title="bbox 2037 4541 3603 4615; baseline -0.001 -19"><span class='ocrx_word' id='word_1_617' title='bbox 2037 4545 2170 4615; x_wconf 82' lang='grc' dir='ltr'>μόνα</span> <span class='ocrx_word' id='word_1_618' title='bbox 2202 4543 2382 4597; x_wconf 83' lang='grc' dir='ltr'>λαλεῖν</span> <span class='ocrx_word' id='word_1_619' title='bbox 2407 4543 2812 4612; x_wconf 71' lang='grc' dir='ltr'>ἐπιτρέποντες,</span> <span class='ocrx_word' id='word_1_620' title='bbox 2839 4543 2939 4595; x_wconf 83' lang='grc' dir='ltr'>ὅσα</span> <span class='ocrx_word' id='word_1_621' title='bbox 2961 4543 3019 4594; x_wconf 84' lang='grc' dir='ltr'>τὸ</span> <span class='ocrx_word' id='word_1_622' title='bbox 3043 4541 3235 4611; x_wconf 68' lang='grc' dir='ltr'>βλάϐος,</span> <span class='ocrx_word' id='word_1_623' title='bbox 3258 4542 3410 4595; x_wconf 81' lang='grc' dir='ltr'>οὐδὲν</span> <span class='ocrx_word' id='word_1_624' title='bbox 3432 4544 3603 4594; x_wconf 72' lang='grc' dir='ltr'>ποιεῖ’</span> 
     </span>
    </p>
   </div>
   <div class='ocr_carea' id='block_1_88' title="bbox 351 4632 1925 4705">
    <p class='ocr_par' dir='ltr' id='par_1_88' title="bbox 351 4633 1925 4705">
     <span class='ocr_line' id='line_1_89' title="bbox 351 4633 1925 4705; baseline 0.004 -21"><span class='ocrx_word' id='word_1_625' title='bbox 351 4646 451 4685; x_wconf 89' lang='lat' dir='ltr'><strong>nos</strong></span> <span class='ocrx_word' id='word_1_626' title='bbox 490 4633 797 4700; x_wconf 83' lang='lat' dir='ltr'><strong>sapientum</strong></span> <span class='ocrx_word' id='word_1_627' title='bbox 846 4635 1042 4704; x_wconf 83' lang='lat' dir='ltr'><strong>aliquis</strong></span> <span class='ocrx_word' id='word_1_628' title='bbox 1089 4637 1263 4689; x_wconf 80' lang='lat' dir='ltr'><strong>dixit:</strong></span> <span class='ocrx_word' id='word_1_629' title='bbox 1303 4653 1322 4685; x_wconf 81' lang='grc' dir='ltr'><strong>ι</strong></span> <span class='ocrx_word' id='word_1_630' title='bbox 1359 4634 1489 4705; x_wconf 85' lang='lat' dir='ltr'><strong>Fili,</strong></span> <span class='ocrx_word' id='word_1_631' title='bbox 1535 4634 1800 4702; x_wconf 87' lang='lat' dir='ltr'><strong>siquidem</strong></span> <span class='ocrx_word' id='word_1_632' title='bbox 1843 4645 1925 4690; x_wconf 87' lang='lat' dir='ltr'><strong>est</strong></span> 
     </span>
    </p>
   </div>
   <div class='ocr_carea' id='block_1_89' title="bbox 2030 4632 3604 4705">
    <p class='ocr_par' dir='ltr' id='par_1_89' title="bbox 2032 4632 3604 4703">
     <span class='ocr_line' id='line_1_90' title="bbox 2032 4632 3604 4703; baseline 0 -17"><span class='ocrx_word' id='word_1_633' title='bbox 2032 4633 2188 4687; x_wconf 78' lang='grc' dir='ltr'>τοῦτο</span> <span class='ocrx_word' id='word_1_634' title='bbox 2214 4632 2479 4686; x_wconf 79' lang='grc' dir='ltr'>διδάσκων</span> <span class='ocrx_word' id='word_1_635' title='bbox 2510 4651 2592 4694; x_wconf 86' lang='grc' dir='ltr'><strong>τις</strong></span> <span class='ocrx_word' id='word_1_636' title='bbox 2616 4635 2766 4703; x_wconf 82' lang='grc' dir='ltr'>ἡμᾶς</span> <span class='ocrx_word' id='word_1_637' title='bbox 2785 4633 2893 4686; x_wconf 81' lang='grc' dir='ltr'><strong>τῶν</strong></span> <span class='ocrx_word' id='word_1_638' title='bbox 2925 4633 3105 4703; x_wconf 80' lang='grc' dir='ltr'>σοφῶν</span> <span class='ocrx_word' id='word_1_639' title='bbox 3129 4633 3282 4702; x_wconf 79' lang='grc' dir='ltr'>ἔλεγε</span> <span class='ocrx_word' id='word_1_640' title='bbox 3304 4650 3316 4662; x_wconf 89' lang='grc'><strong>·</strong></span> <span class='ocrx_word' id='word_1_641' title='bbox 3353 4633 3604 4695; x_wconf 77' lang='grc' dir='ltr'>(Τέκνον,</span> 
     </span>
    </p>
   </div>
   <div class='ocr_carea' id='block_1_90' title="bbox 353 4724 1927 4796">
    <p class='ocr_par' dir='ltr' id='par_1_90' title="bbox 353 4724 1924 4794">
     <span class='ocr_line' id='line_1_91' title="bbox 353 4724 1924 4794; baseline 0.003 -18"><span class='ocrx_word' id='word_1_642' title='bbox 353 4724 449 4777; x_wconf 88' lang='lat' dir='ltr'><strong>tibi</strong></span> <span class='ocrx_word' id='word_1_643' title='bbox 478 4739 657 4779; x_wconf 90' lang='lat' dir='ltr'><strong>sermo</strong></span> <span class='ocrx_word' id='word_1_644' title='bbox 687 4727 1012 4793; x_wconf 84' lang='lat' dir='ltr'><strong>intellectus,</strong></span> <span class='ocrx_word' id='word_1_645' title='bbox 1033 4727 1328 4794; x_wconf 88' lang='lat' dir='ltr'><strong>responde;</strong></span> <span class='ocrx_word' id='word_1_646' title='bbox 1356 4728 1436 4780; x_wconf 87' lang='lat' dir='ltr'><strong>sin</strong></span> <span class='ocrx_word' id='word_1_647' title='bbox 1467 4735 1670 4791; x_wconf 88' lang='lat' dir='ltr'><strong>autem,</strong></span> <span class='ocrx_word' id='word_1_648' title='bbox 1703 4727 1776 4780; x_wconf 86' lang='lat' dir='ltr'><strong>sit</strong></span> <span class='ocrx_word' id='word_1_649' title='bbox 1807 4742 1924 4780; x_wconf 51' lang='lat' dir='ltr'><strong>ma-</strong></span> 
     </span>
    </p>
   </div>
   <div class='ocr_carea' id='block_1_91' title="bbox 2030 4724 3604 4796">
    <p class='ocr_par' dir='ltr' id='par_1_91' title="bbox 2031 4725 3604 4796">
     <span class='ocr_line' id='line_1_92' title="bbox 2031 4725 3604 4796; baseline 0 -19"><span class='ocrx_word' id='word_1_650' title='bbox 2031 4727 2079 4777; x_wconf 80' lang='lat' dir='ltr'><strong>sl</strong></span> <span class='ocrx_word' id='word_1_651' title='bbox 2112 4726 2208 4795; x_wconf 82' lang='grc' dir='ltr'><strong>μὲν</strong></span> <span class='ocrx_word' id='word_1_652' title='bbox 2241 4725 2356 4777; x_wconf 79' lang='grc' dir='ltr'>ἔστι</span> <span class='ocrx_word' id='word_1_653' title='bbox 2378 4742 2460 4776; x_wconf 89' lang='grc' dir='ltr'><strong>σοι</strong></span> <span class='ocrx_word' id='word_1_654' title='bbox 2488 4725 2644 4792; x_wconf 87' lang='grc' dir='ltr'>λόγος</span> <span class='ocrx_word' id='word_1_655' title='bbox 2670 4725 2956 4786; x_wconf 83' lang='grc' dir='ltr'>συνέσεως,</span> <span class='ocrx_word' id='word_1_656' title='bbox 2983 4725 3331 4796; x_wconf 82' lang='grc' dir='ltr'>ἀποκρίθητι,</span> <span class='ocrx_word' id='word_1_657' title='bbox 3357 4726 3405 4777; x_wconf 79' lang='grc' dir='ltr'><strong>εί</strong></span> <span class='ocrx_word' id='word_1_658' title='bbox 3427 4725 3484 4778; x_wconf 79' lang='grc' dir='ltr'>δὲ</span> <span class='ocrx_word' id='word_1_659' title='bbox 3506 4725 3604 4796; x_wconf 81' lang='grc' dir='ltr'><strong>μὴ,</strong></span> 
     </span>
    </p>
   </div>
   <div class='ocr_carea' id='block_1_92' title="bbox 354 4813 1928 4886">
    <p class='ocr_par' dir='ltr' id='par_1_92' title="bbox 354 4817 1927 4883">
     <span class='ocr_line' id='line_1_93' title="bbox 354 4817 1927 4883; baseline 0.001 -15"><span class='ocrx_word' id='word_1_660' title='bbox 354 4829 458 4868; x_wconf 85' lang='lat' dir='ltr'><strong>nus</strong></span> <span class='ocrx_word' id='word_1_661' title='bbox 496 4824 585 4867; x_wconf 88' lang='lat' dir='ltr'><strong>tua</strong></span> <span class='ocrx_word' id='word_1_662' title='bbox 619 4831 784 4883; x_wconf 88' lang='lat' dir='ltr'><strong>super</strong></span> <span class='ocrx_word' id='word_1_663' title='bbox 808 4830 870 4870; x_wconf 91' lang='lat' dir='ltr'><strong>os</strong></span> <span class='ocrx_word' id='word_1_664' title='bbox 908 4826 1081 4881; x_wconf 85' lang='lat' dir='ltr'><strong>tuum,</strong></span> <span class='ocrx_word' id='word_1_665' title='bbox 1111 4832 1258 4869; x_wconf 89' lang='lat' dir='ltr'><strong>mors</strong></span> <span class='ocrx_word' id='word_1_666' title='bbox 1285 4817 1426 4870; x_wconf 78' lang='lat' dir='ltr'><strong>enim</strong></span> <span class='ocrx_word' id='word_1_667' title='bbox 1450 4825 1504 4869; x_wconf 89' lang='lat' dir='ltr'><strong>et</strong></span> <span class='ocrx_word' id='word_1_668' title='bbox 1535 4817 1640 4870; x_wconf 86' lang='lat' dir='ltr'><strong>vita</strong></span> <span class='ocrx_word' id='word_1_669' title='bbox 1679 4817 1730 4870; x_wconf 91' lang='lat' dir='ltr'><strong>in</strong></span> <span class='ocrx_word' id='word_1_670' title='bbox 1763 4832 1927 4870; x_wconf 86' lang='lat' dir='ltr'><strong>manu</strong></span> 
     </span>
    </p>
   </div>
   <div class='ocr_carea' id='block_1_93' title="bbox 2033 4813 3607 4886">
    <p class='ocr_par' dir='ltr' id='par_1_93' title="bbox 2033 4813 3607 4886">
     <span class='ocr_line' id='line_1_94' title="bbox 2033 4813 3607 4886; baseline 0.001 -20"><span class='ocrx_word' id='word_1_671' title='bbox 2033 4815 2154 4884; x_wconf 75' lang='grc' dir='ltr'>χεὶρ</span> <span class='ocrx_word' id='word_1_672' title='bbox 2186 4813 2324 4866; x_wconf 80' lang='grc' dir='ltr'>ἔστω</span> <span class='ocrx_word' id='word_1_673' title='bbox 2351 4814 2442 4865; x_wconf 77' lang='grc' dir='ltr'><strong>ἐπὶ</strong></span> <span class='ocrx_word' id='word_1_674' title='bbox 2473 4813 2700 4884; x_wconf 84' lang='grc' dir='ltr'>στόματί</span> <span class='ocrx_word' id='word_1_675' title='bbox 2728 4832 2820 4867; x_wconf 87' lang='grc' dir='ltr'>σου</span> <span class='ocrx_word' id='word_1_676' title='bbox 2841 4831 2854 4844; x_wconf 70' lang='grc' dir='ltr'><strong>ο</strong></span> <span class='ocrx_word' id='word_1_677' title='bbox 2891 4814 3119 4878; x_wconf 84' lang='grc' dir='ltr'>Θάνατος</span> <span class='ocrx_word' id='word_1_678' title='bbox 3141 4815 3249 4886; x_wconf 80' lang='grc' dir='ltr'><strong>γὰρ</strong></span> <span class='ocrx_word' id='word_1_679' title='bbox 3277 4816 3371 4868; x_wconf 77' lang='grc' dir='ltr'><strong>καὶ</strong></span> <span class='ocrx_word' id='word_1_680' title='bbox 3404 4814 3516 4886; x_wconf 82' lang='grc' dir='ltr'><strong>ζωὴ</strong></span> <span class='ocrx_word' id='word_1_681' title='bbox 3552 4817 3607 4867; x_wconf 87' lang='grc' dir='ltr'>ὲν</span> 
     </span>
    </p>
   </div>
   <div class='ocr_carea' id='block_1_94' title="bbox 353 4903 1927 4978">
    <p class='ocr_par' dir='ltr' id='par_1_94' title="bbox 353 4906 1926 4978">
     <span class='ocr_line' id='line_1_95' title="bbox 353 4906 1926 4978; baseline 0 -16"><span class='ocrx_word' id='word_1_682' title='bbox 353 4906 629 4978; x_wconf 72' lang='lat' dir='ltr'><strong>lingtm&#39;;</strong></span> <span class='ocrx_word' id='word_1_683' title='bbox 668 4925 689 4959; x_wconf 75' lang='grc' dir='ltr'><strong>ι</strong></span> <span class='ocrx_word' id='word_1_684' title='bbox 729 4907 779 4960; x_wconf 91' lang='lat' dir='ltr'><strong>id</strong></span> <span class='ocrx_word' id='word_1_685' title='bbox 797 4908 968 4970; x_wconf 88' lang='lat' dir='ltr'><strong>est,in</strong></span> <span class='ocrx_word' id='word_1_686' title='bbox 1000 4916 1307 4974; x_wconf 87' lang='lat' dir='ltr'><strong>potestate;</strong></span> <span class='ocrx_word' id='word_1_687' title='bbox 1351 4925 1368 4958; x_wconf 88' lang='grc' dir='ltr'><strong>ι</strong></span> <span class='ocrx_word' id='word_1_688' title='bbox 1397 4909 1490 4977; x_wconf 89' lang='lat' dir='ltr'><strong>qui</strong></span> <span class='ocrx_word' id='word_1_689' title='bbox 1518 4924 1644 4963; x_wconf 89' lang='lat' dir='ltr'><strong>vero</strong></span> <span class='ocrx_word' id='word_1_690' title='bbox 1687 4919 1926 4978; x_wconf 85' lang='lat' dir='ltr'><strong>potesta-</strong></span> 
     </span>
    </p>
   </div>
   <div class='ocr_carea' id='block_1_95' title="bbox 2029 4903 3603 4978">
    <p class='ocr_par' dir='ltr' id='par_1_95' title="bbox 2034 4903 3603 4976">
     <span class='ocr_line' id='line_1_96' title="bbox 2034 4903 3603 4976; baseline 0.001 -18"><span class='ocrx_word' id='word_1_691' title='bbox 2034 4906 2181 4976; x_wconf 71' lang='grc' dir='ltr'>χειρὶ</span> <span class='ocrx_word' id='word_1_692' title='bbox 2225 4903 2508 4973; x_wconf 74' lang='grc' dir='ltr'><strong>γλώσσης⁸</strong></span> <span class='ocrx_word' id='word_1_693' title='bbox 2545 4924 2563 4957; x_wconf 77' lang='grc' dir='ltr'><strong>ι</strong></span> <span class='ocrx_word' id='word_1_694' title='bbox 2603 4905 2881 4958; x_wconf 79' lang='grc' dir='ltr'>τουτέστιν</span> <span class='ocrx_word' id='word_1_695' title='bbox 2912 4907 2970 4960; x_wconf 81' lang='grc' dir='ltr'><strong>ἐν</strong></span> <span class='ocrx_word' id='word_1_696' title='bbox 2996 4906 3234 4976; x_wconf 69' lang='grc' dir='ltr'><strong>ἐξουσίᾳ.⁸</strong></span> <span class='ocrx_word' id='word_1_697' title='bbox 3279 4907 3329 4959; x_wconf 83' lang='grc' dir='ltr'>οἱ</span> <span class='ocrx_word' id='word_1_698' title='bbox 3363 4906 3421 4960; x_wconf 83' lang='grc' dir='ltr'><strong>δέ</strong></span> <span class='ocrx_word' id='word_1_699' title='bbox 3467 4921 3603 4976; x_wconf 87' lang='grc' dir='ltr'>κρα-</span> 
     </span>
    </p>
   </div>
   <div class='ocr_carea' id='block_1_96' title="bbox 355 4995 1929 5066">
    <p class='ocr_par' dir='ltr' id='par_1_96' title="bbox 355 4997 1929 5066">
     <span class='ocr_line' id='line_1_97' title="bbox 355 4997 1929 5066; baseline 0.004 -16"><span class='ocrx_word' id='word_1_700' title='bbox 355 5007 463 5053; x_wconf 91' lang='lat' dir='ltr'><strong>tem</strong></span> <span class='ocrx_word' id='word_1_701' title='bbox 487 4997 684 5053; x_wconf 85' lang='lat' dir='ltr'><strong>habent</strong></span> <span class='ocrx_word' id='word_1_702' title='bbox 714 4997 878 5062; x_wconf 90' lang='lat' dir='ltr'><strong>illius,</strong></span> <span class='ocrx_word' id='word_1_703' title='bbox 909 4998 1072 5052; x_wconf 89' lang='lat' dir='ltr'><strong>edent</strong></span> <span class='ocrx_word' id='word_1_704' title='bbox 1122 4999 1326 5052; x_wconf 84' lang='lat' dir='ltr'><strong>fruetus</strong></span> <span class='ocrx_word' id='word_1_705' title='bbox 1358 4999 1521 5054; x_wconf 90' lang='lat' dir='ltr'><strong>illius.</strong></span> <span class='ocrx_word' id='word_1_706' title='bbox 1567 5019 1586 5052; x_wconf 74' lang='grc' dir='ltr'><strong>ι</strong></span> <span class='ocrx_word' id='word_1_707' title='bbox 1624 4999 1760 5066; x_wconf 87' lang='lat' dir='ltr'><strong>Quia</strong></span> <span class='ocrx_word' id='word_1_708' title='bbox 1801 5014 1929 5056; x_wconf 87' lang='lat' dir='ltr'><strong>vero</strong></span> 
     </span>
    </p>
   </div>
   <div class='ocr_carea' id='block_1_97' title="bbox 2031 4995 3605 5066">
    <p class='ocr_par' dir='ltr' id='par_1_97' title="bbox 2037 4995 3605 5065">
     <span class='ocr_line' id='line_1_98' title="bbox 2037 4995 3605 5065; baseline -0.004 -12"><span class='ocrx_word' id='word_1_709' title='bbox 2037 4997 2254 5059; x_wconf 80' lang='grc' dir='ltr'>τοῦντες</span> <span class='ocrx_word' id='word_1_710' title='bbox 2267 4997 2438 5064; x_wconf 75' lang='grc' dir='ltr'>αὐτῆς</span> <span class='ocrx_word' id='word_1_711' title='bbox 2459 4995 2664 5050; x_wconf 76' lang='grc' dir='ltr'>ἔδονται</span> <span class='ocrx_word' id='word_1_712' title='bbox 2683 4997 2807 5058; x_wconf 83' lang='grc' dir='ltr'>τοὺς</span> <span class='ocrx_word' id='word_1_713' title='bbox 2826 4996 3074 5065; x_wconf 78' lang='grc' dir='ltr'>καρποὺς</span> <span class='ocrx_word' id='word_1_714' title='bbox 3095 4996 3287 5065; x_wconf 81' lang='grc' dir='ltr'>αὐτῆς.</span> <span class='ocrx_word' id='word_1_715' title='bbox 3317 5015 3335 5047; x_wconf 76' lang='grc' dir='ltr'><strong>ι</strong></span> <span class='ocrx_word' id='word_1_716' title='bbox 3371 4996 3524 5049; x_wconf 81' lang='grc' dir='ltr'><strong>Ἑπεὶ</strong></span> <span class='ocrx_word' id='word_1_717' title='bbox 3549 4995 3605 5048; x_wconf 77' lang='grc' dir='ltr'>δὲ</span> 
     </span>
    </p>
   </div>
   <div class='ocr_carea' id='block_1_98' title="bbox 355 5085 1929 5160">
    <p class='ocr_par' dir='ltr' id='par_1_98' title="bbox 355 5089 1926 5160">
     <span class='ocr_line' id='line_1_99' title="bbox 355 5089 1926 5160; baseline 0.003 -18"><span class='ocrx_word' id='word_1_718' title='bbox 355 5089 550 5158; x_wconf 60' lang='lat' dir='ltr'><strong>lingua</strong></span> <span class='ocrx_word' id='word_1_719' title='bbox 581 5097 900 5160; x_wconf 89' lang='lat' dir='ltr'><strong>potestatem</strong></span> <span class='ocrx_word' id='word_1_720' title='bbox 933 5089 1130 5142; x_wconf 88' lang='lat' dir='ltr'><strong>habere</strong></span> <span class='ocrx_word' id='word_1_721' title='bbox 1155 5105 1258 5142; x_wconf 91' lang='lat' dir='ltr'><strong>non</strong></span> <span class='ocrx_word' id='word_1_722' title='bbox 1279 5089 1411 5143; x_wconf 86' lang='lat' dir='ltr'><strong>adeo</strong></span> <span class='ocrx_word' id='word_1_723' title='bbox 1444 5089 1600 5146; x_wconf 83' lang='lat' dir='ltr'><strong>facile</strong></span> <span class='ocrx_word' id='word_1_724' title='bbox 1629 5100 1732 5158; x_wconf 84' lang='lat' dir='ltr'><strong>est,</strong></span> <span class='ocrx_word' id='word_1_725' title='bbox 1765 5107 1926 5160; x_wconf 82' lang='lat' dir='ltr'><strong>supe-</strong></span> 
     </span>
    </p>
   </div>
   <div class='ocr_carea' id='block_1_99' title="bbox 2034 5085 3608 5160">
    <p class='ocr_par' dir='ltr' id='par_1_99' title="bbox 2034 5085 3608 5158">
     <span class='ocr_line' id='line_1_100' title="bbox 2034 5085 3608 5158; baseline -0.001 -16"><span class='ocrx_word' id='word_1_726' title='bbox 2034 5091 2093 5144; x_wconf 82' lang='grc' dir='ltr'><strong>τὸ</strong></span> <span class='ocrx_word' id='word_1_727' title='bbox 2121 5087 2371 5158; x_wconf 85' lang='grc' dir='ltr'>γλώσσης</span> <span class='ocrx_word' id='word_1_728' title='bbox 2405 5086 2678 5156; x_wconf 80' lang='grc' dir='ltr'>κρατῆσαι</span> <span class='ocrx_word' id='word_1_729' title='bbox 2703 5086 2764 5138; x_wconf 76' lang='grc' dir='ltr'><strong>οὐ</strong></span> <span class='ocrx_word' id='word_1_730' title='bbox 2790 5087 2996 5156; x_wconf 74' lang='grc' dir='ltr'>σφόδρα</span> <span class='ocrx_word' id='word_1_731' title='bbox 3026 5087 3171 5139; x_wconf 76' lang='grc' dir='ltr'>ἐστὶν</span> <span class='ocrx_word' id='word_1_732' title='bbox 3199 5085 3442 5156; x_wconf 81' lang='grc' dir='ltr'>εὐχερὲς,</span> <span class='ocrx_word' id='word_1_733' title='bbox 3466 5086 3608 5140; x_wconf 81' lang='grc' dir='ltr'>ἄνω-</span> 
     </span>
    </p>
   </div>
   <div class='ocr_carea' id='block_1_100' title="bbox 360 5172 1934 5250">
    <p class='ocr_par' dir='ltr' id='par_1_100' title="bbox 360 5179 1922 5250">
     <span class='ocr_line' id='line_1_101' title="bbox 360 5179 1922 5250; baseline 0.004 -18"><span class='ocrx_word' id='word_1_734' title='bbox 360 5179 468 5235; x_wconf 84' lang='lat' dir='ltr'><strong>rius</strong></span> <span class='ocrx_word' id='word_1_735' title='bbox 488 5182 650 5238; x_wconf 89' lang='lat' dir='ltr'><strong>etiam</strong></span> <span class='ocrx_word' id='word_1_736' title='bbox 676 5182 776 5236; x_wconf 89' lang='lat' dir='ltr'><strong>hoc</strong></span> <span class='ocrx_word' id='word_1_737' title='bbox 794 5196 892 5234; x_wconf 88' lang='lat' dir='ltr'><strong>nos</strong></span> <span class='ocrx_word' id='word_1_738' title='bbox 913 5181 1187 5250; x_wconf 86' lang='lat' dir='ltr'><strong>postulare</strong></span> <span class='ocrx_word' id='word_1_739' title='bbox 1210 5181 1494 5236; x_wconf 82' lang='lat' dir='ltr'><strong>Psalmista</strong></span> <span class='ocrx_word' id='word_1_740' title='bbox 1521 5184 1675 5237; x_wconf 85' lang='lat' dir='ltr'><strong>docet</strong></span> <span class='ocrx_word' id='word_1_741' title='bbox 1695 5184 1883 5239; x_wconf 88' lang='lat' dir='ltr'><strong>dicens</strong></span> <span class='ocrx_word' id='word_1_742' title='bbox 1908 5199 1922 5238; x_wconf 90' lang='lat'><strong>:</strong></span> 
     </span>
    </p>
   </div>
   <div class='ocr_carea' id='block_1_101' title="bbox 2035 5172 3609 5250">
    <p class='ocr_par' dir='ltr' id='par_1_101' title="bbox 2035 5172 3609 5246">
     <span class='ocr_line' id='line_1_102' title="bbox 2035 5172 3609 5246; baseline -0.004 -14"><span class='ocrx_word' id='word_1_743' title='bbox 2035 5179 2123 5232; x_wconf 83' lang='grc' dir='ltr'>Θεν</span> <span class='ocrx_word' id='word_1_744' title='bbox 2152 5178 2244 5231; x_wconf 77' lang='grc' dir='ltr'>καὶ</span> <span class='ocrx_word' id='word_1_745' title='bbox 2271 5175 2430 5229; x_wconf 76' lang='grc' dir='ltr'>τοῦτο</span> <span class='ocrx_word' id='word_1_746' title='bbox 2461 5176 2610 5246; x_wconf 82' lang='grc' dir='ltr'>ἡμᾶς</span> <span class='ocrx_word' id='word_1_747' title='bbox 2639 5176 2809 5228; x_wconf 88' lang='grc' dir='ltr'>αἰτεῖν</span> <span class='ocrx_word' id='word_1_748' title='bbox 2836 5176 2864 5228; x_wconf 91' lang='lat'><strong>6</strong></span> <span class='ocrx_word' id='word_1_749' title='bbox 2889 5173 3199 5244; x_wconf 81' lang='grc' dir='ltr'>Ψαλμῳδὸς</span> <span class='ocrx_word' id='word_1_750' title='bbox 3241 5172 3480 5226; x_wconf 83' lang='grc' dir='ltr'>διδάσκει</span> <span class='ocrx_word' id='word_1_751' title='bbox 3524 5173 3609 5226; x_wconf 85' lang='grc' dir='ltr'><strong>λέ·</strong></span> 
     </span>
    </p>
   </div>
   <div class='ocr_carea' id='block_1_102' title="bbox 372 5264 1946 5341">
    <p class='ocr_par' dir='ltr' id='par_1_102' title="bbox 372 5271 1926 5338">
     <span class='ocr_line' id='line_1_103' title="bbox 372 5271 1926 5338; baseline 0.003 -16"><span class='ocrx_word' id='word_1_752' title='bbox 372 5290 390 5322; x_wconf 77' lang='grc' dir='ltr'><strong>ι</strong></span> <span class='ocrx_word' id='word_1_753' title='bbox 418 5271 582 5338; x_wconf 82' lang='lat' dir='ltr'><strong>Pone,</strong></span> <span class='ocrx_word' id='word_1_754' title='bbox 605 5275 855 5337; x_wconf 85' lang='lat' dir='ltr'><strong>Domine,</strong></span> <span class='ocrx_word' id='word_1_755' title='bbox 881 5273 1183 5328; x_wconf 77' lang='lat' dir='ltr'><strong>custodiam</strong></span> <span class='ocrx_word' id='word_1_756' title='bbox 1225 5275 1304 5327; x_wconf 90' lang='lat' dir='ltr'><strong>ori</strong></span> <span class='ocrx_word' id='word_1_757' title='bbox 1334 5274 1493 5328; x_wconf 69' lang='lat' dir='ltr'><strong>meo”</strong></span> <span class='ocrx_word' id='word_1_758' title='bbox 1518 5290 1533 5338; x_wconf 92' lang='lat'><strong>;</strong></span> <span class='ocrx_word' id='word_1_759' title='bbox 1560 5292 1578 5325; x_wconf 72' lang='grc' dir='ltr'><strong>ι</strong></span> <span class='ocrx_word' id='word_1_760' title='bbox 1603 5291 1669 5328; x_wconf 91' lang='lat' dir='ltr'><strong>ne</strong></span> <span class='ocrx_word' id='word_1_761' title='bbox 1694 5273 1926 5328; x_wconf 80' lang='lat' dir='ltr'><strong>invicem</strong></span> 
     </span>
    </p>
   </div>
   <div class='ocr_carea' id='block_1_103' title="bbox 2033 5264 3607 5341">
    <p class='ocr_par' dir='ltr' id='par_1_103' title="bbox 2033 5264 3607 5341">
     <span class='ocr_line' id='line_1_104' title="bbox 2033 5264 3607 5341; baseline -0.004 -18"><span class='ocrx_word' id='word_1_762' title='bbox 2033 5287 2143 5341; x_wconf 87' lang='grc' dir='ltr'>γων</span> <span class='ocrx_word' id='word_1_763' title='bbox 2165 5286 2179 5303; x_wconf 81' lang='lat'>&#39;</span> <span class='ocrx_word' id='word_1_764' title='bbox 2234 5288 2254 5322; x_wconf 78' lang='grc' dir='ltr'><strong>ι</strong></span> <span class='ocrx_word' id='word_1_765' title='bbox 2282 5268 2408 5336; x_wconf 81' lang='grc' dir='ltr'>Θοῦ,</span> <span class='ocrx_word' id='word_1_766' title='bbox 2457 5268 2650 5339; x_wconf 83' lang='grc' dir='ltr'>Κύριε,</span> <span class='ocrx_word' id='word_1_767' title='bbox 2679 5266 2924 5338; x_wconf 77' lang='grc' dir='ltr'>φυλακὴν</span> <span class='ocrx_word' id='word_1_768' title='bbox 2949 5265 3027 5337; x_wconf 86' lang='grc' dir='ltr'>τῷ</span> <span class='ocrx_word' id='word_1_769' title='bbox 3057 5264 3288 5335; x_wconf 83' lang='grc' dir='ltr'>στόματί</span> <span class='ocrx_word' id='word_1_770' title='bbox 3321 5281 3441 5332; x_wconf 87' lang='grc' dir='ltr'>μου,</span> <span class='ocrx_word' id='word_1_771' title='bbox 3479 5283 3497 5317; x_wconf 76' lang='grc' dir='ltr'><strong>ι</strong></span> <span class='ocrx_word' id='word_1_772' title='bbox 3536 5265 3607 5335; x_wconf 74' lang='grc' dir='ltr'>μὴ</span> 
     </span>
    </p>
   </div>
   <div class='ocr_carea' id='block_1_104' title="bbox 362 5356 1936 5434">
    <p class='ocr_par' dir='ltr' id='par_1_104' title="bbox 362 5361 1924 5434">
     <span class='ocr_line' id='line_1_105' title="bbox 362 5361 1924 5434; baseline 0.004 -22"><span class='ocrx_word' id='word_1_773' title='bbox 362 5361 606 5419; x_wconf 71' lang='lat' dir='ltr'><strong>videlicet</strong></span> <span class='ocrx_word' id='word_1_774' title='bbox 633 5363 1014 5434; x_wconf 81' lang='lat' dir='ltr'><strong>obloquamnr,</strong></span> <span class='ocrx_word' id='word_1_775' title='bbox 1057 5379 1233 5434; x_wconf 86' lang='lat' dir='ltr'><strong>neque</strong></span> <span class='ocrx_word' id='word_1_776' title='bbox 1266 5364 1463 5420; x_wconf 81' lang='lat' dir='ltr'><strong>fratres</strong></span> <span class='ocrx_word' id='word_1_777' title='bbox 1491 5375 1924 5420; x_wconf 88' lang='lat' dir='ltr'><strong>contemnamus.</strong></span> 
     </span>
    </p>
   </div>
   <div class='ocr_carea' id='block_1_105' title="bbox 2036 5356 3610 5434">
    <p class='ocr_par' dir='ltr' id='par_1_105' title="bbox 2036 5356 3610 5434">
     <span class='ocr_line' id='line_1_106' title="bbox 2036 5356 3610 5434; baseline -0.008 -14"><span class='ocrx_word' id='word_1_778' title='bbox 2036 5363 2421 5434; x_wconf 83' lang='grc' dir='ltr'>καταλαλῶμεν</span> <span class='ocrx_word' id='word_1_779' title='bbox 2441 5360 2728 5433; x_wconf 74' lang='grc' dir='ltr'>τοιγαροῦν</span> <span class='ocrx_word' id='word_1_780' title='bbox 2750 5359 3016 5431; x_wconf 79' lang='grc' dir='ltr'>ἀλλήλων,</span> <span class='ocrx_word' id='word_1_781' title='bbox 3040 5357 3172 5429; x_wconf 85' lang='grc' dir='ltr'><strong>μηδέ</strong></span> <span class='ocrx_word' id='word_1_782' title='bbox 3193 5356 3610 5427; x_wconf 83' lang='grc' dir='ltr'>κατακρίνωμεν</span> 
     </span>
    </p>
   </div>
   <div class='ocr_carea' id='block_1_106' title="bbox 358 5445 1932 5530">
    <p class='ocr_par' dir='ltr' id='par_1_106' title="bbox 358 5456 1930 5530">
     <span class='ocr_line' id='line_1_107' title="bbox 358 5456 1930 5530; baseline 0.001 -19"><span class='ocrx_word' id='word_1_783' title='bbox 358 5456 462 5524; x_wconf 84' lang='lat' dir='ltr'><strong>Qui</strong></span> <span class='ocrx_word' id='word_1_784' title='bbox 509 5457 655 5511; x_wconf 88' lang='lat' dir='ltr'><strong>enim</strong></span> <span class='ocrx_word' id='word_1_785' title='bbox 697 5458 970 5515; x_wconf 87' lang='lat' dir='ltr'><strong>intellectu</strong></span> <span class='ocrx_word' id='word_1_786' title='bbox 1024 5460 1248 5530; x_wconf 79' lang='lat' dir='ltr'><strong>regitur,</strong></span> <span class='ocrx_word' id='word_1_787' title='bbox 1285 5475 1387 5515; x_wconf 90' lang='lat' dir='ltr'><strong>non</strong></span> <span class='ocrx_word' id='word_1_788' title='bbox 1433 5460 1659 5514; x_wconf 83' lang='lat' dir='ltr'><strong>aliorum</strong></span> <span class='ocrx_word' id='word_1_789' title='bbox 1708 5467 1930 5528; x_wconf 84' lang='lat' dir='ltr'><strong>peccata</strong></span> 
     </span>
    </p>
   </div>
   <div class='ocr_carea' id='block_1_107' title="bbox 2035 5445 3609 5530">
    <p class='ocr_par' dir='ltr' id='par_1_107' title="bbox 2035 5445 3609 5526">
     <span class='ocr_line' id='line_1_108' title="bbox 2035 5445 3609 5526; baseline -0.009 -14"><span class='ocrx_word' id='word_1_790' title='bbox 2035 5459 2154 5522; x_wconf 71' lang='grc' dir='ltr'>τοὺς</span> <span class='ocrx_word' id='word_1_791' title='bbox 2178 5455 2533 5526; x_wconf 75' lang='grc' dir='ltr'>ἁδελφούς.⁶0</span> <span class='ocrx_word' id='word_1_792' title='bbox 2563 5453 2660 5526; x_wconf 80' lang='grc' dir='ltr'><strong>μὲν</strong></span> <span class='ocrx_word' id='word_1_793' title='bbox 2688 5453 2794 5525; x_wconf 71' lang='grc' dir='ltr'>γὰρ</span> <span class='ocrx_word' id='word_1_794' title='bbox 2821 5450 3032 5505; x_wconf 72' lang='grc' dir='ltr'>συνέσει</span> <span class='ocrx_word' id='word_1_795' title='bbox 3059 5447 3489 5520; x_wconf 79' lang='grc' dir='ltr'>κυϐερνώμενος,</span> <span class='ocrx_word' id='word_1_796' title='bbox 3512 5445 3609 5498; x_wconf 66' lang='grc' dir='ltr'>οὐκ</span> 
     </span>
    </p>
   </div>
   <div class='ocr_carea' id='block_1_108' title="bbox 441 5629 1855 5705">
    <p class='ocr_par' dir='ltr' id='par_1_108' title="bbox 441 5629 1855 5705">
     <span class='ocr_line' id='line_1_109' title="bbox 441 5629 1855 5705; baseline 0.001 -16"><span class='ocrx_word' id='word_1_797' title='bbox 441 5629 461 5658; x_wconf 85' lang='grc'><strong>⁸</strong></span> <span class='ocrx_word' id='word_1_798' title='bbox 493 5633 636 5689; x_wconf 78' lang='lat' dir='ltr'><strong>Ercli</strong></span> <span class='ocrx_word' id='word_1_799' title='bbox 700 5649 748 5705; x_wconf 64' lang='grc' dir='ltr'>ι’,</span> <span class='ocrx_word' id='word_1_800' title='bbox 783 5634 875 5695; x_wconf 83' lang='lat' dir='ltr'><strong>l-i;</strong></span> <span class='ocrx_word' id='word_1_801' title='bbox 911 5635 1045 5691; x_wconf 68' lang='lat' dir='ltr'><strong>Prov</strong></span> <span class='ocrx_word' id='word_1_802' title='bbox 1109 5653 1254 5699; x_wconf 77' lang='lat' dir='ltr'><strong>xun,</strong></span> <span class='ocrx_word' id='word_1_803' title='bbox 1293 5638 1375 5690; x_wconf 72' lang='lat' dir='ltr'><strong>&#39;2l.</strong></span> <span class='ocrx_word' id='word_1_804' title='bbox 1454 5636 1629 5692; x_wconf 65' lang='grc' dir='ltr'><strong>Ῥείη.</strong></span> <span class='ocrx_word' id='word_1_805' title='bbox 1658 5638 1855 5705; x_wconf 60' lang='grc' dir='ltr'><strong>(Μηὸ.</strong></span> 
     </span>
    </p>
   </div>
  </div>
