3986 6198
415 281 516 337 M5

1575 279 1929 337 COMMENT.
1968 282 2035 336 1N
2075 282 2509 341 MATTIUEUM.
2571 281 2576 285 ’

3558 291 3663 349 386

413 401 493 460 ιις
536 395 636 457 τὰς
675 394 878 464 δτέρων
911 393 1187 466 ἁμαρτίας
1221 394 1342 465 ὁρᾷ,
1390 393 1524 447 ἀλλὰ
1556 397 1668 459 τοῖς
1723 396 1874 461 ἰδίοις
1908 398 1996 451 ἐν·

2104 399 2339 469 respicit,
2371 399 2464 453 scd
2497 399 2609 454 suis
2640 400 2996 470 ingemiscens
3029 403 3202 468 malis,
3237 406 3406 462 bonas
3450 417 3548 474 pro
3582 407 3666 460 eis

413 486 671 550 ατενίζων
721 489 936 550 κακοῖς,
961 486 1124 540 καλὸν
1163 488 1280 558 μετ’
1317 487 1500 550 αὐτοῖς
1546 488 1882 558 καταστήσει
1931 489 1991 542 τὸ

409 580 661 650 δάκρυον,
694 578 782 631 ἵνα
813 579 1106 649 κομίσηται
1153 579 1250 648 τὴν
1269 579 1462 646 ἄφεσιν
1479 580 1630 652 παρὰ
1649 580 1804 634 Θεοῦ.
1824 581 1992 652 ’Δμή-

411 686 572 739 χανον
601 670 710 740 γὰρ
745 670 906 732 ὄντας
933 667 1276 740 ἀνθρώπους.
1299 671 1394 722 καὶ
1419 668 1592 734 οὕτως
1617 670 1882 734 ἀσθενεῖς,
1915 671 1989 743 μὴ

411 761 627 823 πάντως
663 761 870 828 ὀλίγοις
909 762 1260 828 περιπίπτειν
1295 762 1632 831 ἁτοπήμασι.
1665 762 1737 813 Τὸ
1759 762 1817 814 δέ
1855 762 1991 832 μηδ’

410 851 546 913 ὅλως
572 854 912 921 περιπεσεῖν,
943 851 1087 921 μόνῳ
1114 851 1369 921 πρόσεστι
1401 850 1542 904 κατὰ
1567 850 1727 919 φύσιν
1751 851 1828 921 τῷ
1851 851 1987 922 Θεῷ.

420 942 599 1012 Ἦμᾶς
639 941 696 994 δὲ
742 943 1038 1009 ἀναγκαῖον
1084 942 1212 1004 τοὺς
1257 941 1417 1004 ὂντας
1461 943 1519 994 ἐν
1559 943 1877 1013 ἁμαρτίαις,
1915 942 1991 1013 μὴ

410 1035 525 1095 τοῖς
567 1033 867 1103 ἀλλοτρίοις
917 1033 1210 1103 ἐφήδεσθαι
1255 1036 1464 1096 κακοῖς,
1493 1034 1628 1085 ἀλλὰ
1663 1034 1989 1102 φροντίζειν,

411 1124 560 1184 ὅπως
587 1122 652 1176 ἂν
685 1123 839 1176 αὐτοὶ
864 1122 974 1176 τῶν
1006 1121 1227 1191 φαύλων
1259 1123 1364 1189 ἔξω
1395 1123 1702 1193 γενώμεθα.

496 1232 833 1300 ’Υποκριτὰ,
862 1234 1078 1286 ἔκϐαλε
1118 1230 1352 1298 πρῶτον
1395 1231 1510 1298 τὴν
1549 1231 1737 1284 δοκὸν
1771 1231 1841 1284 ἐκ
1885 1232 1992 1286 τοῦ

409 1320 725 1389 ὀφθαλμοῦ
764 1336 902 1384 σου,
941 1320 1038 1372 καὶ
1078 1321 1211 1372 τότε
1244 1319 1590 1387 διαϐλέψεις
1620 1321 1898 1374 ἐκϐαλεῖν
1925 1322 1994 1375 τὸ

409 1411 644 1481 κάρφος
678 1411 746 1464 ἐκ
776 1410 883 1464 τοῦ
909 1410 1222 1479 ὀφθαλμοῦ
1261 1410 1366 1463 τοῦ
1397 1410 1664 1479 ἀδελφοῦ
1696 1428 1832 1466 σου.

493 1505 766 1558 «Ἔκϐαλε
791 1505 1006 1575 πρῶτον
1026 1506 1125 1574 τὴν
1152 1505 1308 1557 δοκὸν
1329 1506 1391 1556 ἐκ
1414 1504 1507 1556 τοῦ
1531 1505 1811 1575 ὀφθαλμοῦ
1841 1523 1986 1568 σου,ι

409 1596 658 1652 τουτέστι
705 1597 904 1650 σαυτὸν
964 1596 1230 1661 ἐπίδειξον
1299 1597 1538 1668 καθαρὸν
1590 1596 1694 1650 τῶν
1744 1598 1995 1668 μεγάλων

410 1689 850 1761 ἁμαρτημάτων,
883 1689 976 1742 καὶ
1005 1690 1124 1741 τότε
1155 1688 1217 1740 σύ
1227 1689 1454 1760 μὸουλος
1480 1688 1579 1762 ἔσῃ
1625 1689 1703 1759 τῷ
1749 1690 1994 1742 πταίοντι

2095 489 2364 560 lacrymas
2419 490 2594 546 fundit
2635 500 2692 544 ιιι
2740 493 2982 547 obtineat
3024 508 3053 547 a
3103 493 3210 549 Deo
3257 497 3660 552 remissionem.
3716 557 3718 559 ς

2092 578 2234 633 Fieri
2261 581 2404 634 enim
2448 597 2552 635 non
2585 592 2784 651 potest,
2827 600 2948 637 cum
2981 584 3230 640 homines
3269 588 3460 651 simus,
3501 587 3666 642 adeo-
3717 615 3720 622 η

2093 684 2200 738 que
2233 670 2453 739 infirmi,
2487 683 2543 727 ut
2580 673 2629 727 in
2665 689 2858 742 parvos
2901 689 3114 729 errores
3159 691 3262 729 non
3302 676 3661 732 incurramus.

2092 760 2261 816 Plane
2299 772 2476 817 autem
2520 779 2629 818 non
2661 780 2882 832 errare,
2922 765 3030 821 Deo
3071 767 3368 822 secundum
3417 779 3664 824 naturam

2092 851 2276 916 adest;
2316 868 2412 907 nos
2435 869 2561 907 vero
2590 856 2641 908 in
2675 858 2912 924 peccatis
2941 860 3284 924 cxsislentes,
3331 859 3524 913 alienis
3559 877 3662 914 non

2093 943 2454 998 condelectari
2508 945 2664 998 malis
2707 960 2928 999 necesse
2962 953 3040 998 est
3067 987 3081 1010 ,
3122 947 3223 1015 17
3269 947 3362 1001 sed
3408 947 3666 1002 sollicitos

2093 1049 2218 1089 esse
2255 1045 2312 1088 ιιι
2343 1051 2567 1089 numero
2603 1051 2886 1105 pravorum
2918 1051 3022 1090 non
3049 1053 3452 1092 accenseamur.

2165 1234 2276 1300 VII,
2310 1233 2361 1288 5.
2397 1233 2687 1304 Hypocrita
2711 1276 2724 1298 ,
2766 1235 2893 1308 ejice
2919 1237 3149 1305 primum
3192 1237 3392 1291 trabem
3422 1238 3485 1290 de
3515 1239 3666 1291 oculo

2094 1340 2202 1392 tuo,
2245 1337 2294 1381 et
2333 1339 2456 1380 tunc
2499 1328 2693 1381 videbis
2728 1328 2916 1396 ejicere
2950 1328 3202 1397 festucam
3251 1330 3313 1383 de
3351 1329 3502 1382 oculo
3547 1329 3665 1398 {ra-

2095 1420 2194 1472 tris
2232 1420 2326 1472 tui.

2173 1528 2189 1560 ι
2212 1509 2354 1576 Ejice
2371 1510 2524 1579 prius
2551 1509 2754 1563 trabem
2783 1525 2844 1562 es
2867 1510 3021 1564 oculo
3045 1519 3154 1574 tuo,
3181 1528 3199 1560 ι
3231 1508 3280 1562 id
3307 1519 3408 1573 est,
3434 1511 3665 1578 teipsum

2097 1601 2354 1654 mundum
2392 1603 2588 1655 exhibe
2619 1617 2646 1654 ιι
2688 1602 3030 1670 gravioribus
3067 1603 3326 1672 peccatis,
3359 1617 3422 1656 ac
3458 1612 3582 1657 tunc
3615 1607 3667 1657 in

2099 1692 2304 1745 minora
2345 1693 2603 1746 incidenti
2651 1694 2922 1747 consules.
2965 1693 3060 1746 Sin
3093 1705 3272 1747 autem
3307 1695 3510 1748 trabem
3559 1710 3667 1748 non

415 1782 635 1853 μικρόν.
672 1782 736 1833 Εἰ
764 1781 810 1834 δ’
843 1782 943 1833 ούκ
971 1779 1255 1842 ἐκϐάλλεις
1294 1779 1392 1850 τὴν
1427 1779 1600 1844 δοκὸν,
1637 1779 1989 1850 κατακρίνεις

2104 1780 2270 1850 ejicis,
2301 1784 2630 1836 condemnas
2675 1797 2802 1836 vero
2829 1781 3088 1836 festucam
3132 1784 3441 1848 habentem,
3475 1787 3671 1839 merito

410 1874 471 1927 δὲ
495 1873 588 1926 τὸν
616 1873 810 1944 ἔχοντα
837 1871 898 1924 τὸ
920 1872 1154 1942 κάρφος,
1185 1871 1424 1948 εὐλόγως
1450 1871 1660 1942 ἀκούσῃ
1681 1872 1740 1923 τὸ
1764 1873 1998 1924 ἀποστο-

410 1965 563 2018 λικόν
588 1979 601 1993 ·
627 1982 656 2016 ι
679 1964 736 2016 Ὀ
764 1962 936 2030 λέγων
988 1963 1061 2032 μὴ
1109 1961 1403 2031 μοιχεύειν,
1441 1960 1735 2031 μοιχεύειςο
1767 1963 1795 2013 ὁ
1822 1960 1997 2027 λέγων

412 2057 493 2125 μὴ
535 2054 811 2119 κλέπτειν,
860 2054 1132 2117 κλέπτεις.
1171 2074 1188 2101 ι
1241 2052 1450 2107 Οὐκοῦν
1483 2053 1660 2124 ἐαυτῷ
1699 2053 1798 2122 μὲν
1844 2053 1996 2106 ἔσται

411 2143 736 2206 διδάσκαλος
789 2143 974 2212 σοφὸς,
1004 2143 1193 2214 ἓτερον
1245 2143 1300 2195 δὲ
1350 2144 1409 2195 ού
1457 2145 1797 2212 κατακρινεῖ.
1827 2144 1998 2196 Τοῦτο

412 2237 522 2306 γὰρ
554 2235 649 2288 καὶ
685 2235 714 2287 ὁ
740 2233 906 2304 νόμος
932 2236 960 2286 ὁ
986 2234 1070 2287 διὰ
1104 2234 1348 2296 Μωσέως
1383 2234 1750 2304 παραγγέλλει
1787 2234 1960 2301 λέγων
1981 2250 1995 2263 ’

421 2344 444 2378 ι
473 2326 714 2397 Πρόσεχε
745 2324 972 2395 σεαυτῷ,
1006 2343 1024 2376 ι
1058 2326 1242 2394 φησὶν,
1275 2327 1373 2395 οὐχ
1416 2327 1608 2397 ἐτέρῳ.
1630 2327 1703 2379 Τὸ
1728 2327 1784 2379 δὲ
1810 2327 1999 2395 πρόσ-

418 2434 544 2489 εχε,
572 2418 694 2472 ἀντὶ
719 2417 812 2469 τοῦ
860 2416 1221 2488 Παραὸλέπου
1269 2416 1337 2468 τὰ
1371 2419 1511 2470 κατὰ
1570 2419 1764 2472 σαυτόν
1797 2436 1810 2450 ο
1843 2422 1870 2472 ὁ
1899 2419 1998 2490 μὲν

414 2510 484 2580 δὴ
518 2509 756 2573 συνετὸς,
791 2507 963 2570 οὕτως
997 2507 1187 2560 ἑαυτὸν
1233 2508 1663 2578 παιδαγωγήσει,
1696 2510 1795 2562 οὐκ
1824 2512 1900 2573 είς
1929 2510 2022 2563 τὰ.

417 2601 623 2672 ἐτέρων
655 2599 978 2652 ἀποϐλέπων
1007 2599 1344 2668 πταίσματα,
1374 2599 1508 2652 ἀλλὰ
1534 2599 1602 2652 τὰ
1631 2601 1803 2652 οίκεῖα
1839 2618 1998 2670 περιο

416 2691 808 2762 εργαζόμενος,
859 2691 952 2743 καὶ
996 2690 1136 2757 ὑπὲρ
1185 2688 1366 2740 αὐτῶν
1399 2688 1820 2758 μεταγινώσκων
1856 2687 1995 2758 Θεῷ.

417 2784 542 2835 Εἰσὶ
586 2782 643 2835 δέ
677 2798 841 2846 τινες,
875 2780 922 2833 οἳ
953 2779 1020 2832 τὰ
1057 2780 1155 2849 μὲν
1187 2779 1396 2831 ἑαυτῶν
1432 2779 1529 2848 οὐχ
1557 2778 1755 2848 ὁρῶσιν
1780 2777 1998 2847 ὀλισθή-

419 2889 589 2942 ματα,
620 2872 713 2924 ἐπί
745 2870 800 2922 δέ
827 2871 937 2932 τοῖς
983 2870 1185 2939 ἐτέρων
1216 2869 1606 2938 προσκόμμασι
1638 2867 1834 2935 γελῶσι
1865 2866 2000 2919 πλα-

415 2962 486 3016 τύ
506 2980 520 2993 ο
549 2964 598 3016 oi
628 2963 800 3034 χαμαὶ
829 2961 1072 3031 κείμενοι
1106 2961 1230 3023 τοὺς
1257 2960 1499 3022 ἐστῶτας
1529 2959 1996 3029 ἐπιχλευάζουσιν,

415 3053 472 3103 οι
500 3052 608 3105 ἀπὸ
639 3051 816 3104 ποδῶν
860 3051 964 3114 ἕως
995 3051 1236 3120 κεφαλῆς
1273 3049 1517 3120 βορϐόρῳ
1560 3051 1997 3121 κατεχρισμένοι,

2098 1875 2282 1926 audies
2318 1874 2446 1927 illud
2473 1873 2709 1941 Apostoli
2741 1889 2754 1926 :
2799 1894 2816 1925 ι
2845 1874 2945 1940 Qui
2978 1874 3113 1928 dicis
3142 1891 3246 1928 non
3285 1877 3669 1928 mmeltandum

2097 1963 2410 2026 mret-lteris,
2460 1971 2514 2016 et
2560 1963 2652 2031 qui
2703 1965 2962 2031 prredicas
3018 1979 3124 2017 non
3174 1962 3462 2017 furandum
3519 1963 3670 2017 fura-

2099 2055 2172 2110 ris
2201 2056 2265 2110 ¹⁰.
2315 2073 2334 2105 ι
2386 2053 2554 2124 Igitur
2587 2056 2804 2124 sapiens
2842 2055 2939 2109 sibi
2991 2055 3088 2122 ipsi
3141 2055 3357 2124 quidem
3399 2055 3503 2108 erit
3552 2070 3670 2108 ma-

2098 2146 2287 2215 gister,
2313 2145 2474 2198 alium
2500 2159 2628 2198 vero
2651 2159 2753 2197 non
2781 2145 3181 2198 condemnabit.
3209 2143 3318 2199 Hoc
3342 2146 3485 2198 enim
3506 2145 3669 2198 etiam

2099 2237 2183 2291 lex
2221 2253 2316 2306 per
2349 2236 2548 2290 Mosem
2594 2237 2716 2289 data
2770 2237 3056 2304 praecepit,
3101 2236 3287 2290 dicens
3321 2251 3334 2288 :
3391 2254 3408 2286 ι
3439 2237 3673 2291 Attende

2099 2328 2192 2383 tibi
2222 2327 2341 2397 ipsi,
2380 2346 2398 2378 ι
2428 2327 2602 2396 inquit
2626 2328 2692 2393 ιι,
2714 2341 2817 2380 non
2851 2327 3003 2381 alteri
3026 2345 3040 2393 ;
3065 2327 3192 2380 illud
3213 2336 3416 2394 autem,
3439 2327 3669 2392 attende,

2097 2421 2218 2475 loco
2243 2421 2385 2474 illius
2406 2421 2640 2490 ponitur,
2674 2420 2904 2489 Respice
2925 2436 3041 2488 qua:
3062 2427 3148 2472 tua
3173 2429 3329 2485 sunt;
3357 2435 3420 2472 ac
3438 2420 3673 2488 prudens

2100 2513 2168 2566 ita
2195 2513 2430 2580 seipsum
2462 2513 2726 2577 instituet,
2755 2526 2860 2564 non
2886 2511 3111 2563 aliorum
3144 2510 3326 2578 lapsus
3355 2510 3672 2577 respiciens,

2099 2606 2190 2658 sed
2215 2603 2446 2672 propriis
2484 2604 2752 2666 intentus,
2784 2616 2846 2654 ac
2870 2602 2937 2655 de
2966 2600 3030 2654 iis
3058 2601 3328 2667 paenitens
3361 2599 3493 2655 Deo.
3532 2599 3673 2653 Sunt

2100 2703 2279 2747 autem
2331 2693 2605 2756 nonuulli,
2646 2693 2736 2762 qui
2781 2707 2909 2746 suos
2959 2692 3172 2760 quidem
3220 2689 3400 2758 lapsus
3438 2705 3545 2744 non
3587 2690 3671 2742 vi-

2102 2787 2249 2848 dent,
2281 2785 2508 2838 aliorum
2543 2799 2670 2838 vero
2704 2783 3084 2852 cespitationes
3117 2781 3284 2837 elfuse
3314 2781 3490 2836 rident
3523 2799 3536 2835 :
3578 2783 3672 2850 qui

2101 2891 2222 2929 cum
2247 2876 2394 2930 humi
2420 2877 2652 2946 iaceant,
2684 2877 2933 2930 derident
2961 2883 3166 2929 stantes
3187 2918 3200 2940 ,
3235 2885 3288 2928 et
3327 2889 3355 2927 a
3387 2883 3564 2942 captte
3603 2875 3673 2928 ad

2099 2968 2300 3023 calcem
2335 2967 2441 3038 18
2469 2968 2579 3021 luto
2612 2968 2836 3030 iuuncti,
2878 2969 3088 3021 modica
3141 2967 3317 3034 aliqua
3378 2966 3495 3020 labe
3534 2981 3669 3021 con-

2102 3075 2319 3128 spersos
2369 3059 2753 3113 condemnant.
2803 3059 3138 3128 Quandoque
3186 3059 3328 3112 enim
3381 3059 3446 3113 de
3492 3057 3673 3128 aliquo

417 3145 548 3208 τοῦς
597 3143 777 3212 ὀλίγον
826 3143 1048 3213 ἔχοντας
1099 3142 1267 3212 ρύπον
1291 3141 1729 3205 καταδικάζουσι.
1765 3142 1997 3209 Λέγουσι

2107 3154 2288 3207 dicere
2343 3151 2563 3206 solent:
2601 3149 2698 3206 Hic
2740 3151 2902 3206 homo
2948 3151 3115 3206 durus
3170 3160 3274 3214 est,
3322 3151 3670 3214 inhumanus,

418 3239 532 3308 γὰρ
565 3237 676 3290 ἔσθ’
703 3239 790 3290 ὅτε
822 3237 950 3307 περί
975 3251 1140 3295 τινος·
1168 3235 1228 3289 '0
1249 3237 1395 3288 δεῖνα
1421 3235 1672 3306 σκληρὸς,
1705 3234 1998 3306 ἀπάνθρω-

421 3345 546 3393 πος,
577 3327 989 3398 αἰσχροκερδὴς,
1025 3326 1379 3397 φιλάργυρος,
1408 3326 1576 3396 ὠμὸς,
1609 3327 1703 3379 καὶ
1750 3326 1996 3397 ἀνόητος·

425 3414 548 3472 εἶτα
573 3417 747 3470 ταῦτα
772 3415 1146 3486 περιτιθέντες
1167 3416 1392 3485 ἑτέροις,
1412 3417 1510 3468 οὐκ
1538 3417 1879 3469 αἰσθάνονται
1910 3416 2000 3469 τὸν

425 3507 640 3563 ἑαυτῶν
686 3505 1100 3578 ζωγραφοῦντες
1139 3507 1542 3577 τρόπον.”οσην
1572 3507 1627 3559 δὲ
1656 3506 1859 3578 ζημίαν
1887 3506 2000 3576 ἔχει

425 3603 492 3657 τὸ
534 3602 882 3671 κατακρίνειν
924 3599 1164 3671 ἑτέρους,
1199 3599 1288 3652 διὰ
1319 3599 1412 3652 τοῦ
1465 3599 1869 3664 ἐξουθενοῦντος
1909 3599 2000 3653 τὸν

426 3695 682 3767 Τελώνην
695 3694 989 3764 Φαρισαίου
1022 3693 1442 3763 μεμαθήκαμεν.
1456 3693 1641 3745 Ταῦτα
1668 3689 1760 3745 οῦν
1786 3693 2001 3746 ἅπαντα

425 3784 636 3840 ἀνελὼν
684 3784 772 3838 διὰ
818 3785 916 3854 τῆς
951 3783 1121 3851 καλῆς
1151 3779 1356 3851 ταύτης
1387 3780 1724 3850 νομοθεσίας,
1756 3783 2002 3852 ἐπήγαγε

427 3877 592 3931 πάλιν
621 3875 806 3946 ἕτερον
838 3873 1227 3942 παράγγελμα,
1257 3870 1432 3939 λέγων
1453 3885 1469 3901 ο
1790 3942 1792 3946 λ

503 3990 572 4042 El
592 3982 706 4041 οὖν
731 3984 895 4054 ὑμεῖς
918 3982 1168 4050 πονηροί
1193 3981 1363 4048 ὄντες
1390 3981 1592 4035 οἴδατε
1612 3981 1836 4051 δόματα
1861 3983 1999 4051 ἆται

434 4083 506 4135 θὰ
537 4077 765 4132 διδόναι
810 4078 933 4142 τοῖς
963 4074 1195 4138 τέκνοις
1244 4071 1432 4141 ὑμῶν,
1481 4073 1652 4136 πόσῳ
1697 4072 1941 4141 μᾶλλον
1970 4076 2003 4128 ὀ

434 4171 636 4240 Πατὴρ
673 4169 840 4239 ὑμῶν
864 4171 896 4222 d
916 4168 986 4221 ἐν
1013 4165 1137 4232 τοῖς
1161 4164 1439 4232 οὐρανοῖς
1457 4163 1636 4218 δώσει
1663 4165 1854 4234 ἀγαθὰ
1878 4163 2005 4229 τοῖς

432 4264 707 4318 αἰτοῦσιν
725 4260 914 4314 αὐτόν
931 4274 951 4322 ;

504 4355 725 4424 Δόματα
753 4352 829 4423 (1)
861 4348 1042 4418 ἀγαθὰ
1070 4349 1226 4402 καλεῖ
1250 4347 1346 4410 τὰς
1374 4347 1746 4418 πνευματικὰς
1773 4344 1999 4416 δωρεάς·

433 4448 461 4498 ὁ
510 4444 566 4498 δὲ
601 4443 814 4504 Λουκᾶς
866 4440 1093 4510 Πνεῦμα
1123 4439 1276 4506 ἅγιον
1325 4433 1478 4492 εἶπεν
1524 4437 1646 4491 ἀντὶ
1677 4436 1771 4490 τοῦ
1806 4436 2001 4498 εἰπεῖν,

437 4536 646 4607 ἀγαθά·
683 4533 778 4587 καὶ
803 4532 956 4586 οὐδὲν
990 4531 1053 4584 τὸ
1083 4531 1340 4602 διάφορον
1361 4546 1374 4559 ’
1416 4529 1476 4581 τὸ
1512 4528 1620 4600 γὰρ
1650 4526 1804 4596 ἅγιον
1830 4525 2003 4581 Πνεῦ-

438 4645 536 4698 μα,
561 4625 692 4679 αὑτό
720 4624 917 4678 ἔστιτὸ
942 4623 1102 4692 φύσει
1136 4622 1340 4690 ἀγαθόν
1365 4635 1377 4650 ⁸
1405 4621 1485 4676 διδ
1508 4619 1734 4683 καὶτοῖς
1759 4619 2008 4690 μετόχοις

436 4719 600 4773 αὑτοῦ
624 4718 838 4772 δίδωσιν
869 4715 1053 4785 ἀγαθά
1073 4731 1087 4746 ο
1119 4716 1234 4777 τοῖς
1265 4712 1322 4766 δὲ
1351 4712 1492 4781 ἄγαν
1525 4713 1804 4782 πονηροῖς,
1823 4710 1913 4764 διὰ
1943 4710 2005 4763 τὸ

434 4809 728 4871 ἁνενδότως
765 4807 1121 4878 ἁμαρτάνειν,
1159 4802 1358 4875 τρόπον
1399 4801 1524 4855 τινὰ
1552 4800 1712 4870 φύσις
1751 4800 1936 4862 αὐτοῖς
1970 4799 2004 4868 ἡ

437 4899 607 4955 κακία
641 4899 852 4968 γίνεται
873 4915 886 4928 ο
920 4891 1032 4960 οἷός
1056 4898 1203 4949 ἐστιν
1229 4895 1519 4956 ὀΣατανᾶς
1547 4893 1641 4946 καὶ
1667 4890 2006 4960 οίδαίμονεςο

431 4990 662 5046 δυνατὸν
698 4988 807 5059 γὰρ
853 4989 946 5042 καὶ
996 4988 1220 5049 τούτους
1249 4984 1406 5054 φύσει
1427 4983 1628 5046 κακοὺς
1663 4984 1856 5048 εἰπεῖν,
1882 4981 2009 5056 καί·

2105 3243 2246 3310 turpi
2301 3241 2453 3296 lucro
2499 3240 2733 3306 deditus,
2786 3241 3043 3306 crudelis,
3101 3257 3299 3295 avarus
3349 3249 3403 3295 et
3460 3255 3670 3296 amens.

2105 3331 2306 3386 Deinde
2347 3333 2460 3388 lucc
2509 3334 2626 3388 aliis
2677 3333 3054 3400 imponentes,
3104 3331 3274 3402 ipsam
3315 3345 3432 3385 sese
3463 3347 3670 3385 morum

2103 3436 2323 3476 suorum
2354 3422 2643 3490 imaginem
2668 3423 2954 3489 depingere
2977 3436 3081 3474 non
3110 3422 3367 3474 sentiunt.
3397 3420 3669 3487 Quantum

2101 3527 2231 3566 vero
2261 3514 2512 3565 damnum
2547 3511 2775 3576 afferat,
2802 3510 2938 3564 alios
2962 3509 3239 3576 judicare,
3271 3524 3335 3562 ex
3375 3508 3673 3562 Publicano

2101 3602 2436 3657 Pharisaeum
2507 3609 2884 3657 contemnente
2953 3599 3260 3653 didicimus.
3329 3598 3454 3653 Hzec
3511 3600 3674 3669 igitur

2103 3693 2304 3758 omnia,
2337 3708 2460 3746 cum
2493 3707 2589 3760 per
2627 3692 2820 3745 bonam
2867 3690 3008 3744 banc
3055 3689 3442 3759 legislationem
3491 3697 3674 3742 sustu-

2104 3784 2278 3852 lisset,
2306 3784 2449 3840 aliud
2480 3798 2668 3839 rursus
2699 3781 2940 3852 adjuuxit
2973 3788 3299 3852 praeceptum
3327 3778 3516 3834 dicens
3545 3793 3562 3831 :

2178 3979 2307 4047 V11,
2341 3980 2427 4034 Η.
2463 3977 2524 4035 Si
2555 3995 2675 4048 ergo
2709 3996 2797 4032 vos
2823 3995 2940 4031 cum
2981 3978 3098 4030 silis
3134 3977 3293 4042 mali,
3336 3977 3500 4030 nostis
3531 3975 3670 4030 bona

2107 4072 2247 4126 dona
2278 4072 2455 4124 liberis
2479 4073 2659 4124 vestris
2691 4070 2822 4123 dare
2842 4110 2856 4135 ,
2885 4079 3080 4138 quanto
3116 4069 3283 4137 magis
3321 4067 3486 4122 Pater
3505 4081 3673 4123 vester

2107 4161 2328 4215 cwlestis
2364 4161 2497 4212 bona
2531 4158 2679 4211 dabit
2708 4158 3012 4227 rogantibus
3040 4159 3138 4213 se?

2181 4342 2322 4396 Bona
2370 4343 2511 4396 dona
2558 4340 2821 4410 appellat,
2869 4338 3133 4408 spiritalia
3178 4355 3428 4397 munera.
3473 4339 3674 4411 UtiQuo

2109 4433 2283 4488 Lucas
2342 4432 2384 4462 "
2468 4431 2726 4500 Spiritum
2776 4438 3022 4483 sanctum
3075 4429 3214 4483 dixit
3262 4445 3359 4496 pro
3411 4431 3675 4486 vocabulo

2117 4543 2136 4576 ς
2169 4523 2308 4578 bona
2336 4521 2467 4592 »(2),
2490 4519 2560 4574 nil
2579 4518 2854 4587 ceteroqui
2873 4518 3214 4585 discrepans;
3235 4519 3434 4572 etenim
3458 4527 3679 4572 sanctus

2111 4612 2369 4684 Spiritus,
2424 4612 2539 4682 ipse
2569 4617 2654 4664 est
2685 4617 2876 4677 suapte
2924 4615 3116 4661 natura
3169 4609 3403 4675 bonum;
3449 4595 3679 4677 ideoque

2113 4715 2166 4761 et
2199 4702 2557 4775 participibus
2597 4700 2680 4756 sui
2727 4697 2940 4755 confert
2982 4698 3141 4752 bona.
3176 4696 3345 4752 Secus
3382 4711 3509 4754 vero
3546 4699 3680 4754 insi-

2110 4798 2289 4866 gniter
2317 4793 2615 4863 improbis,
2671 4791 2723 4846 id
2757 4798 2840 4846 est
2869 4789 3128 4844 eﬁrenate
3168 4789 3550 4858 peccantibus,
3580 4803 3681 4844 na-

2113 4885 2302 4942 turalis
2332 4882 2731 4954 quodammodo
2777 4880 2836 4935 lit
2866 4878 3102 4946 malitia;
3142 4877 3440 4946 cuiusmodi
3469 4886 3553 4933 est
3578 4875 3680 4932 Sa-

2111 4989 2267 5034 tanas
2288 4986 2451 5048 atque
2485 4976 2774 5032 daemones.
2809 4970 2961 5028 Licet
2983 4972 3127 5027 enim
3161 4969 3246 5026 bis
3275 4983 3489 5041 quoque
3519 4977 3678 5022 natu-

509 5172 551 5203 "
586 5169 744 5227 Rom.
773 5184 835 5234 ιι,
857 5165 950 5220 21.
1029 5165 1068 5196 ¹¹
1104 5163 1260 5221 Deut.
1289 5177 1463 5226 xxv",
1496 5162 1550 5215 9.
1635 5161 1677 5192 "
1708 5158 1841 5215 Luc.
1874 5175 1928 5216 ιι
1988 5159 2074 5214 15.
2114 5243 2116 5245 γ

505 5325 587 5396 ,(1)
613 5327 847 5396 Adparet
873 5352 944 5365 ——-
971 5319 1454 5396 ἀπεσκληκόεας.
1478 5313 1767 5396 Mai-ibid"
1797 5329 1853 5383 p.
1881 5311 2003 5396 rso.

513 5327 556 5395 (l
613 5327 847 5394 Δόματα
873 5352 944 5365 --
971 5325 1454 5386 ἀπεσκληκότας.
1480 5325 1581 5371 “at
1611 5325 1767 5381 ibid.,
1797 5329 1853 5383 p.
1881 5325 2003 5369 tot).

513 5325 590 5467 (ἓξ
627 5394 849 5467 Plurimi
883 5389 1205 5467 sane-{irasci
1231 5389 1363 5467 libri
1392 5397 1447 5442 et
1472 5385 1719 5467 codices,
1754 5399 1894 5467 quos
1921 5385 2005 5467 in-

441 5451 531 5521 ter‘
550 5451 964 5532 antiquissimus
1001 5459 1437 5534 ille‘Vaticanus,
1470 5455 1669 5510 habent
1699 5451 1840 5534 apud
1872 5451 2004 5506 Luc.

441 5535 617 5602 ἅγιον,
650 5522 909 5595 sanctum,
950 5529 1148 5602 utdtic
1191 5525 1464 5602 Cyrillus;
1511 5538 1673 5602 quam
1717 5522 2007 5602 lectionem

442 5591 740 5674 δέιιοέοιιιιι
774 5591 912 5674 apud
957 5591 1297 5652 Sabateriu'tn
1343 5596 1506 5648 etiam
1536 5591 1919 5674 "Hieronymus
1953 5599 2009 5643 et

445 5663 778 5738 A'mbrosius,
807 5663 901 5739 qui
955 5677 1133 5724 tamen
1159 5675 1466 5737 postremus
1519 5663 1748 5718 alteram
1792 5674 2008 5732 quoque

2112 5313 2261 5370 novit
2284 5312 2510 5384 ἀγαθόν,
2535 5311 2586 5365 id
2608 5307 2920 5384 estuvulgati
2943 5301 3501 5384 interpretisf'onumi;
3518 5313 3678 5384 quam

2113 5399 2292 5448 nemo,
2323 5372 2382 5437 ut
2421 5372 2565 5444 reor,
2607 5372 2887 5433 meliorém
2917 5390 3020 5448 non
3068 5372 3356 5448 reputabit,
3384 5372 3680 5436 prasertim

2112 5438 2405 5524 quiaapud
2434 5438 2792 5524 Ambrosium.
2811 5456 2896 5500 est
2929 5444 3091 5524 entiam
3126 5438 3308 5524 ὶίιιιιιηι
3339 5438 3552 5524 bonum,
3580 5456 3678 5495 nec

2112 5510 2217 5578 rion
2253 5510 2392 5592 apud
2445 5511 3425 5592 aliosquosdantLCmteroquidtanc
3472 5510 3679 5570 discre-

2112 5579 2349 5664 pantia‘m
2382 5592 2520 5644 mire
2554 5579 2728 5643 cierat
2757 5583 3012 5652 Cyrillus,
3042 5591 3096 5636 et
3123 5579 3396 5638 conciliat.
3687 5599 3692 5605 ·
