3986 6198
304 218 402 271 587

1326 208 1382 263 5.
1423 207 1695 264 CYRiLLl
1737 207 2205 263 ALEXANDRINI
2245 208 2544 264 ARCHIEP

3439 204 3543 260 838

301 331 467 386 ralem
503 329 904 398 improbitatem
957 328 1284 387 attribttcre,
1333 339 1640 393 quanquam
1676 337 1867 392 reapse

1989 341 2077 395 τερ
2111 324 2185 395 μὴ
2213 324 2371 393 φύσει
2393 324 2597 386 κακοὺς
2623 322 2684 393 δη
2696 320 3143 392 μιουργηθέντας,
3168 318 3284 373 ἀλλ’
3305 318 3366 383 ἐξ
3386 320 3543 372 αύτο-

301 422 519 476 tniuinte
548 430 734 472 natura
776 419 896 472 ntali
939 420 1105 473 creati
1154 417 1374 481 fuerim,
1425 417 1518 470 sed
1574 416 1872 470 voluntaria

302 514 504 566 malitia
543 511 905 564 extabueriut.

372 602 479 665 ΥΠ,
517 602 599 655 15.
644 603 905 654 Allendite
937 617 967 651 a
1011 598 1161 664 falsis
1206 597 1499 665 prophetis,
1536 595 1624 666 qui
1655 597 1866 650 veniunt

298 696 365 746 ad
397 710 480 743 vos
514 694 565 742 in
596 692 915 744 vestimentis
947 690 1138 743 arium.

370 782 432 835 Hi
465 792 590 834 sunt
636 783 899 844 ita-retici,
946 781 1095 833 falsis
1132 788 1183 834 et
1216 778 1473 832 coloratis
1519 777 1865 831 sermonibus

302 875 585 928 neunullos
620 875 986 942 deeipieutes;
1036 875 1231 941 quibus
1273 872 1316 925 si
1360 872 1518 924 ﬁdem
1553 872 1869 934 adhibeant,

304 973 427 1018 tunc
466 980 558 1018 eos
604 966 669 1017 ad
716 979 777 1017 ea
811 963 1054 1017 facienda
1106 963 1389 1033 impellunt
1429 978 1549 1032 qua:
1592 978 1698 1015 non
1745 977 1874 1015 con-

299 1056 468 1107 VCttll.
1514 1046 1524 1056 .

376 1142 599 1203 v1t.26.
640 1141 707 1195 Et
757 1144 923 1197 omnis
972 1144 1061 1211 qui
1114 1144 1261 1194 audit
1301 1143 1451 1194 verba
1500 1158 1611 1194 mea
1658 1143 1787 1204 luet,
1822 1152 1871 1194 et

301 1253 401 1289 non
425 1238 549 1300 facit
579 1252 640 1287 ea
663 1275 677 1297 ,
715 1235 904 1287 similis
937 1237 1034 1286 erit
1082 1236 1189 1287 viro
1224 1234 1416 1297 stulta,
1459 1235 1547 1302 qui
1595 1234 1870 1301 tediﬁcurit

300 1331 509 1381 demunt
544 1344 693 1379 suam
731 1342 887 1393 super
914 1342 1148 1379 arenam.

376 1418 480 1487 ιθ
517 1419 614 1484 Qui
670 1419 1007 1471 solummodo
1048 1431 1316 1471 sermonis
1353 1417 1565 1471 auditor
1606 1423 1723 1482 est,
1767 1430 1871 1469 non

301 1512 427 1564 item
466 1512 659 1572 factor,
692 1509 872 1562 domui
923 1509 1256 1563 assimilatur
1287 1508 1340 1562 in
1381 1522 1542 1562 arena
1576 1508 1869 1571 aediﬁcatae,

300 1619 417 1671 qum
453 1612 692 1669 tempore
719 1600 1030 1653 tentatiouis
1065 1602 1291 1663 corruit,
1320 1608 1374 1653 et
1397 1599 1674 1661 evertitur,
1706 1598 1871 1667 patri-

1977 418 2302 489 προαιρετου
2328 416 2523 478 κακίας
2544 412 2982 483 ἁπεσκληκότας.

2047 594 2374 664 Προσέχετε
2395 595 2458 647 δέ
2481 594 2600 648 ἀπὸ
2627 593 2746 646 τῶν
2764 590 3298 661 ψευδοπροφητῶν,
3324 594 3543 655 οἵτινες

1970 685 2247 753 ἔρχονται
2285 686 2433 751 πρὸς
2464 682 2617 751 ὑμᾶς
2640 683 2708 734 ἐν
2740 682 3033 750 ἐνδύμασι
3071 682 3399 748 προϐάτων.

2044 771 2201 829 Οὗτοί
2233 776 2308 843 (1)
2363 776 2500 827 εἰσιν
2548 776 2596 825 οἰ
2645 774 2935 843 αἰρετικοί,
2971 774 3088 843 ἦτοι
3135 774 3185 826 οἰ
3235 773 3324 826 διὰ
3371 774 3543 841 λόγων

1972 865 2224 918 πλαστῶν
2254 866 2351 919 καὶ
2378 867 2697 936 άμφιάσεων
2739 864 3118 929 ἐξαπατῶντες
3148 883 3321 929 τινας,
3348 868 3443 919 καὶ
3467 868 3543 918 ὅτ’

1974 959 2040 1011 ἂν
2094 958 2355 1011 πείσωσιν
2378 1000 2392 1022 ,
2419 959 2540 1012 τότε
2586 961 2769 1023 αὐτοῖς
2798 958 3162 1013 ὑποϐάλλουσι
3187 961 3383 1023 ποιεῖν,
3409 958 3445 1011 ἃ.
3470 959 3543 1028 μὴ

1974 1049 2130 1120 θέμις

2042 1140 2149 1194 Kal
2180 1140 2298 1206 πᾶς
2337 1144 2370 1195 ό
2399 1142 2635 1196 ἀκούων
2666 1160 2784 1212 μου
2828 1142 2970 1208 τοὺς
3009 1145 3230 1211 λόγους
3272 1142 3541 1206 τούτους,

1972 1233 2072 1286 καὶ
2100 1233 2187 1302 μὴ
2214 1231 2405 1287 ποιῶν
2433 1234 2674 1300 αὐτοὺς,
2704 1234 3127 1303 ὁμοιωθήσεται
3162 1233 3333 1300 ἀνδρί
3351 1233 3543 1301 μωρῷ,

1974 1321 2142 1385 ὅστις
2163 1322 2512 1391 ᾠκοδόμησε
2530 1324 2644 1389 τὴν
2659 1325 2851 1377 οἰκίαν
2867 1323 3052 1377 αὐτοῦ
3070 1323 3165 1375 ἐπὶ
3198 1324 3312 1389 τὴν
3329 1323 3543 1391 ἄμμον.

2053 1415 2113 1468 '0
2139 1414 2413 1487 ἀκροατὴς
2443 1416 2598 1486 μόνος
2628 1415 2721 1468 τοῦ
2745 1415 2927 1485 λόγου,
2953 1415 3014 1467 οὐ
3043 1416 3149 1486 μὴν
3176 1416 3269 1469 καὶ
3297 1416 3545 1484 ποιητὴς,

1971 1507 2104 1577 οἴκῳ
2139 1507 2500 1569 ἀπεικάζεται
2532 1508 2622 1559 ὲπὶ
2650 1508 2748 1577 τῆς
2774 1508 3002 1578 ψάμμου
3029 1506 3453 1577 οἰκοδομηθέντι,
3490 1506 3550 1568 ὃς

1974 1598 2031 1650 ὲν
2064 1596 2237 1667 καιρῷ
2274 1597 2581 1668 πειρασμοῦ
2616 1599 2965 1661 καταπίπτει,
3000 1598 3095 1651 καὶ
3129 1598 3413 1668 χώννυται,
3444 1598 3551 1651 τῶν

301 1696 403 1747 hus
461 1692 762 1759 iniquitatis
813 1692 1166 1760 spirantibus,
1225 1690 1548 1743 turbulentis
1599 1690 1753 1756 aquis
1808 1689 1873 1741 ad

1989 1688 2230 1758 πατέρων
2278 1690 2377 1757 τῆς
2423 1690 2685 1760 πονηρίας
2715 1691 3175 1756 ἐπιπνευσάντων,
3208 1690 3316 1742 τῶν
3350 1707 3553 1759 ταρατ-

301 1786 535 1837 animam
571 1797 740 1850 usque
777 1782 1185 1850 ingruentibus,
1220 1797 1283 1836 ac
1314 1782 1521 1834 turbida
1558 1788 1876 1848 tempestate

302 1876 606 1943 iniquitatis
636 1889 757 1927 eum
790 1882 1189 1935 commovente,
1222 1883 1273 1926 ct
1308 1874 1358 1926 iu
1396 1882 1697 1926 extremum
1730 1872 1876 1939 peri-

304 1962 479 2017 culum
507 1963 828 2015 adduceme.
852 1962 1017 2017 [tecte
1047 1964 1286 2030 quidem,
1312 1979 1330 2011 ι
1355 1962 1678 2015 Assimilaho
1695 1976 1871 2025 eum,»

301 2055 367 2107 de
393 2054 636 2121 sapiente
677 2053 844 2117 dixit;
873 2053 939 2105 de
964 2056 1125 2106 stulto
1146 2068 1295 2114 vero,
1330 2070 1349 2102 ι
1388 2052 1809 2107 Assitnilabitnr.
1851 2070 1871 2104 ι

300 2145 530 2199 Virtutis
579 2145 842 2213 siquidem
890 2156 1141 2213 operator
1168 2146 1346 2199 omnia
1386 2153 1561 2212 potest
1593 2144 1643 2197 itt
1683 2158 1747 2197 eo
1785 2144 1877 2213 qui

302 2238 577 2291 confortat
617 2251 763 2300 eum,
794 2234 1035 2299 Christo,
1070 2250 1099 2288 a
1137 2249 1243 2304 quo
1269 2234 1407 2302 apud
1454 2233 1698 2287 homines
1736 2243 1881 2287 recte

304 2323 472 2391 facta,
506 2340 536 2378 a
571 2340 677 2393 quo
706 2324 996 2392 sapientia,
1022 2332 1072 2375 et
1102 2323 1491 2391 intelligentia,
1523 2331 1579 2377 et
1614 2322 1681 2375 ad
1718 2336 1881 2377 omne

300 2414 499 2469 bonum
540 2412 882 2468 assimilatio.
922 2411 1128 2466 Pravus
1179 2427 1308 2466 vero
1352 2411 1519 2465 Deum
1570 2428 1674 2465 non
1716 2411 1882 2468 habet

300 2504 614 2557 vitiositatis
679 2518 794 2557 suae
840 2517 903 2556 ac
956 2504 1241 2556 dementia:
1285 2512 1559 2557 auctorem
1595 2519 1609 2556 :
1648 2501 1740 2557 sed
1784 2502 1881 2557 de-

301 2598 466 2649 menti
500 2594 854 2661 assitnilatur,
898 2596 987 2663 qui
1027 2596 1092 2648 iis
1125 2612 1243 2662 quae
1288 2594 1585 2649 secundum
1632 2605 1880 2650 naturam

300 2696 425 2741 sunt
450 2688 715 2753 abstinet;
747 2702 865 2755 quae
894 2674 1086 2740 contra
1106 2725 1121 2752 ,
1152 2685 1305 2741 facit.

375 2884 545 2938 Recte
570 2884 711 2937 hunc
744 2883 970 2937 stultum
999 2883 1255 2953 appellat.
1289 2882 1427 2950 Quid
1454 2883 1599 2936 enim
1629 2881 1877 2939 insanius

306 2975 421 3029 ﬂeri
450 2985 656 3041 potest,
685 2991 848 3043 quatit
881 2976 1102 3028 domum
1131 2974 1184 3028 in
1212 2989 1377 3027 arena
1414 2974 1686 3028 a'diticare
1708 3016 1724 3041 ,
1777 2988 1879 3042 qua
1909 2998 1950 3055 ο

306 3066 359 3119 in
380 3081 435 3118 re
454 3064 604 3117 labor
626 3064 919 3132 perfertur,
948 3065 1153 3117 fructus
1174 3072 1350 3116 autem
1370 3063 1651 3116 nullnsaut
1668 3064 1879 3130 requies

304 3156 626 3226 acquiritur,
714 3154 826 3208 imo
847 3156 1012 3208 etiam
1043 3155 1424 3207 detrimentum
1461 3154 1695 3223 capitur.
1743 3152 1879 3207 Pro-

307 3246 451 3302 fecto
470 3286 486 3313 ,
521 3244 661 3314 quod
687 3254 741 3298 et
769 3243 1015 3297 homines
1038 3244 1269 3312 improbi
1296 3244 1689 3313 defatigentur,
1719 3259 1878 3299 nemo

306 3352 413 3393 non
445 3338 621 3401 videt;
676 3349 850 3407 neque
892 3345 1072 3389 tamen
1118 3350 1185 3390 ex
1234 3334 1321 3389 his
1358 3334 1637 3390 laboribus
1667 3338 1876 3392 lucrum

306 3430 523 3500 aliquod
577 3430 992 3495 nanciscuntur,
1043 3430 1243 3500 into‘et
1284 3428 1543 3483 damnum
1580 3445 1746 3498 grave
1780 3445 1875 3500 pa-

308 3521 532 3577 tiuntur.
560 3518 630 3576 Ut
655 3521 798 3575 enim
831 3520 905 3573 ait
936 3517 1134 3573 Paulus
1164 3536 1178 3572 :
1211 3536 1232 3571 ι
1286 3517 1385 3585 Qui
1417 3518 1468 3571 in
1510 3533 1679 3575 carne
1710 3518 1877 3574 semi-

306 3624 421 3679 nat,
452 3615 517 3668 de
543 3630 704 3669 carne
735 3621 900 3667 metet
928 3610 1333 3681 corruptionem
1368 3610 1433 3661 ⁸³.
1480 3630 1496 3658 ο

382 3778 518 3848 Vill,
553 3785 609 3837 3.
653 3781 803 3847 Volo,
834 3783 1108 3837 mundare.

378 3875 711 3947 Contingens
771 3874 1040 3945 leprosum
1114 3872 1364 3927 Salvator
1426 3875 1638 3929 curavit
1717 3890 1876 3941 eum,

307 3970 599 4022 ostendens
685 3964 949 4034 Spiritum
1019 3964 1073 4019 itt
1123 3979 1181 4019 se
1236 3965 1629 4020 inhabitantem
1685 3981 1881 4021 curare

308 4055 561 4122 morbos;
616 4070 814 4122 corpus
864 4068 991 4108 vero
1031 4054 1205 4124 ipsum
1264 4051 1382 4121 ejus
1459 4063 1710 4108 contactu
1777 4065 1879 4109 suo

308 4145 793 4203 sanctiﬁcationem
817 4146 1240 4200 connunuicare.

379 4236 489 4307 ao
503 4236 782 4301 Quodnam
815 4245 993 4288 autem
1017 4246 1136 4290 erat
1168 4251 1366 4292 munus
1396 4252 1426 4292 ο
1452 4236 1666 4309 leproso
1688 4253 1879 4293 secun-

1976 1777 2216 1847 τομὲνων
2248 1778 2451 1831 ὑδάτων
2481 1779 2587 1842 ἕως
2610 1779 2785 1849 ψυχῆς
2815 1780 3191 1843 εἰσελθόντων,
3219 1782 3313 1833 καὶ
3341 1780 3434 1833 τοῦ
3464 1780 3553 1832 θο-

1977 1868 2135 1941 λεροῦ
2180 1870 2481 1942 χειμάρρου
2526 1871 2628 1941 τῆς
2669 1872 2897 1942 ἀνομίας
2942 1871 3102 1924 αὐτὸν
3134 1870 3550 1938 ὲκταράξαντος,

1977 1961 2073 2014 καί⁵
2124 1963 2216 2015 τὸν
2262 1964 2392 2032 περί
2437 1963 2545 2015 τῶν
2593 1964 2836 2033 ἐσχάτων
2882 1964 3258 2028 ὲπισείσαντος
3289 1963 3550 2016 κίνδυνον.

1979 2052 2174 2115 Καλῶς
2203 2053 2258 2106 δὲ
2276 2055 2367 2106 ἐπὶ
2389 2054 2487 2124 μὲν
2515 2055 2607 2107 τοῦ
2634 2055 2917 2126 φρονίμου,
2957 2074 2975 2106 ι
3010 2055 3291 2125 Ὀμοιώσω
3317 2054 3500 2116 αὐτὸν,
3529 2071 3549 2104 ι

1979 2142 2131 2197 εἶπεν
2152 2162 2166 2175 ο
2200 2146 2293 2198 ἐπὶ
2325 2146 2382 2198 δὲ
2407 2146 2504 2200 τοῦ
2535 2146 2716 2217 μωροῦ
2768 2167 2786 2199 ι
2830 2148 3271 2219 Ὀμοιωθήσεται,
3309 2166 3329 2199 ι
3362 2148 3422 2201 '0
3456 2148 3555 2217 μὲν

1979 2233 2088 2303 γάρ
2116 2234 2214 2303 τῆς
2246 2234 2447 2304 ἀρετῆς
2482 2236 2720 2305 ἐργάτης
2748 2236 2928 2289 πάντα
2958 2235 3129 2305 ἰσχύει
3157 2240 3213 2288 ὲν
3237 2235 3315 2306 τῷ
3340 2237 3553 2290 ἐνδυνα-

1983 2323 2171 2395 μοῦντι
2222 2324 2383 2377 αὑτὸν
2426 2324 2667 2395 Χριστῷ,
2716 2327 2845 2397 παρ’
2877 2321 2938 2381 οὗ
2992 2328 3119 2397 παρ’
3143 2326 3448 2398 ἀνθρώποις
3492 2326 3553 2379 τὸ

1980 2414 2437 2487 κατορθούμενον,
2487 2417 2617 2489 παρ’
2644 2411 2705 2471 οῦ
2738 2416 2901 2481 σοφία
2934 2418 3029 2470 καίΙ
3058 2415 3268 2479 σύνεσις
3297 2417 3390 2469 καὶ
3416 2416 3552 2487 πρὸς

2013 2507 2042 2561 ὸ
2089 2507 2289 2575 ἀγαθὸν
2336 2507 2751 2579 ὲξομοίωσις.⁹0
2780 2510 2837 2562 δὲ
2865 2509 3065 2578 φαῦλος
3108 2511 3229 2581 οὐχὶ
3267 2509 3398 2563 Θεὸν
3439 2509 3552 2579 ἔχει

1979 2599 2082 2670 τῆς
2109 2599 2304 2653 ἑαυτοῦ
2336 2602 2533 2664 κακίας
2558 2602 2653 2654 καὶ
2689 2601 3001 2673 ἀφροσύνης
3031 2602 3225 2666 αἴτιον,
3256 2602 3368 2655 ἀλλ’
3392 2602 3553 2663 αὐτὸς

1981 2690 2263 2761 ὁμοιοῦται
2304 2692 2381 2763 τῷ
2422 2692 2616 2764 ἄφρονι
2662 2693 2753 2747 τοῦ
2800 2693 2940 2747 κατὰ
2974 2692 3133 2761 φύσιν
3161 2695 3427 2759 ἀποστὰς,
3459 2692 3553 2746 καὶ

1984 2781 2042 2833 ὲν
2071 2780 2147 2851 τῷ
2182 2782 2333 2853 παρὰ
2362 2782 2523 2851 φύσιν
2550 2784 2857 2853 γενόμενος.

2055 2873 2250 2937 Καλῶς
2282 2874 2361 2945 (2)
2396 2874 2454 2927 δὲ
2499 2876 2679 2947 μωρὸν
2706 2876 2932 2931 ἐκάλεσε
2982 2878 3188 2932 τοῦτον.
3231 2876 3296 2931 Τί
3344 2875 3455 2947 γάρ
3487 2874 3551 2928 ἂν

1983 2961 2195 3030 γένοιτο
2242 2963 2596 3035 ἀνοητότερον
2647 2966 2743 3018 τοῦ
2784 2967 2960 3020 οἰκίαν
3012 2966 3413 3038 οἰκοδομοῦντος
3461 2966 3553 3017 ὲπὶ

1983 3053 2231 3124 ψάμμου,
2254 3055 2348 3107 καὶ
2377 3055 2467 3108 τὸν
2497 3056 2595 3125 μὲν
2624 3057 2783 3110 πόνον
2808 3059 3191 3130 ὑπομένοντος,
3217 3057 3308 3112 τοῦ
3338 3059 3394 3111 δὲ
3420 3074 3487 3110 κα
3498 3074 3554 3127 ρ-

1984 3142 2085 3196 ποῦ
2118 3144 2213 3197 καί
2235 3144 2333 3215 τῆς
2364 3146 2724 3211 ἀναπαύσεως
2766 3148 3258 3221 ἀποστερουμένου,
3293 3150 3389 3202 καὶ
3433 3149 3555 3202 ἀντὶ

1983 3235 2175 3289 τούτου
2198 3236 2419 3291 κόλασιν
2443 3238 2837 3309 ύπομὲνοντοςς
2868 3242 2951 3295 ὅτι
2995 3242 3106 3314 γὰρ
3154 3243 3250 3296 καὶ
3274 3242 3324 3295 οἰ
3358 3240 3556 3295 κακίαν

1986 3327 2263 3398 μετιόντες
2316 3327 2610 3399 κάμνουσι,
2666 3332 2830 3386 παντί
2862 3349 2965 3386 που
3013 3332 3171 3403 δῆλόν
3228 3335 3409 3386 ἔστιν·
3437 3332 3553 3385 ἀλλ’

1982 3416 2104 3471 οὐδὲ
2126 3418 2236 3471 ἀπὸ
2258 3417 2367 3471 τῶν
2400 3420 2575 3473 πόνων
2600 3420 2803 3475 τούτων
2828 3422 3164 3494 καρποῦνται
3185 3422 3396 3492 κέρδος,
3419 3421 3555 3475 ἀλλὰ

1984 3510 2081 3563 καὶ
2114 3510 2311 3581 πολλὴν
2345 3511 2677 3580 ὑπομένουσι
2707 3513 2803 3584 τὴν
2831 3512 3033 3585 ζημίαν
3052 3530 3065 3543 ο
3101 3514 3177 3577 ὡς
3196 3516 3305 3585 γάρ
3337 3532 3502 3584 φησιν
3525 3515 3555 3565 ό

1985 3598 2214 3665 Παῦλος,
2263 3620 2281 3652 ι
2306 3600 2362 3653 '0
2393 3600 2631 3671 σπείρων
2663 3605 2798 3674 ὲντῇ
2831 3605 3015 3672 σαρκὶ,
3033 3604 3097 3658 ὲκ
3126 3605 3225 3675 τῆς
3241 3605 3441 3676 σαρκὸς
3462 3604 3553 3657 θεο

1988 3695 2127 3763 ρίσει
2158 3692 2381 3763 φθοράν.
2418 3711 2439 3743 ι

2060 3781 2241 3845 Θέλω,
2273 3782 2682 3851 καθαρίσθητι.

2069 3870 2404 3940 ’Δπτόμενος
2431 3870 2523 3924 τοῦ
2551 3871 2754 3944 λεπροῦ
2783 3874 2811 3926 ό
2839 3872 3029 3942 Σωτὴρ
3061 3873 3427 3945 ἐθεράπευσεν
3458 3874 3555 3928 ab-

1984 3960 2094 4025 τὸν,
2126 3960 2384 4015 δεικνύων
2422 3963 2497 4027 ὼς
2542 3964 2604 4016 τὸ
2644 3962 2869 4035 Πνεῦμα
2899 3966 2959 4017 τὸ
2996 3966 3053 4018 ὲν
3085 3966 3233 4037 αὐτῷ
3266 3965 3554 4038 θεραπεύει

1984 4051 2087 4112 τὰς
2112 4052 2319 4116 νόσους.
2350 4052 2424 4106 Τὸ
2452 4054 2507 4108 δὲ
2532 4055 2691 4125 σῶμα
2712 4058 2777 4128 τῇ
2804 4056 3140 4128 προσψαύσει
3166 4058 3257 4112 τὸν
3286 4058 3554 4129 άγιασμδν

1986 4140 2303 4211 παρέχεται.

2056 4232 2122 4285 Τί
2153 4232 2209 4285 δὲ
2242 4228 2310 4302 ἦν
2352 4232 2412 4286 τὸ
2440 4232 2610 4306 δῶρον
2652 4234 2712 4287 τὸ
2748 4236 2898 4307 παρὰ
2929 4234 3023 4289 τοῦ
3056 4235 3253 4310 λεπροῦ
3292 4238 3433 4292 κατὰ
3466 4239 3555 4292 τὸν

309 4330 435 4381 dum
461 4330 626 4396 legent
649 4325 886 4380 oblatum
904 4326 927 4381 ἰ
952 4326 1079 4383 Duae
1099 4343 1226 4384 aves
1246 4345 1474 4398 quarum
1493 4346 1655 4385 unam
1676 4341 1878 4386 macta-

1989 4321 2149 4393 νόμον
2179 4324 2621 4395 προσαγόμενον;
2652 4325 2754 4377 Δύο
2791 4326 3022 4397 ὀρνίθια,
3054 4320 3130 4382 ὧν
3161 4329 3224 4382 τὸ
3246 4327 3304 4383 ἓν
3325 4329 3555 4398 ἔσφαξεν

308 4419 401 4473 hat
425 4432 503 4471 sat
520 4418 681 4474 erdos
706 4432 869 4487 super
884 4433 1025 4488 aqua
1047 4419 1187 4488 viva,
1214 4432 1268 4475 et
1288 4422 1558 4489 accipiens
1577 4420 1777 4492 lignum
1796 4436 1888 4476 ce-

310 4507 547 4574 drinum,
576 4522 907 4576 coccumque
933 4509 1186 4574 fractum,
1208 4519 1263 4563 et
1290 4511 1618 4582 hyssOpum;
1645 4527 1709 4564 ac
1725 4511 1884 4565 aliam

309 4608 459 4646 avem
493 4597 693 4659 vivam,
720 4611 883 4665 quant
916 4597 1217 4667 intingehat
1252 4599 1305 4651 in
1341 4606 1457 4655 avis
1486 4610 1732 4655 mactatae
1756 4616 1883 4655 san-

307 4684 467 4753 guine
498 4701 659 4755 super
684 4701 821 4756 aqua
854 4688 996 4755 viva,
1025 4690 1380 4758 mandatique
1401 4690 1598 4759 leprosi
1633 4694 1879 4747 dextram

310 4777 600 4843 inungebat
629 4778 950 4843 auriculam,
984 4793 1227 4843 manum,
1257 4789 1313 4833 et
1337 4781 1549 4853 pedem,
1599 4796 1752 4837 avem
1784 4799 1881 4837 au-

274 4866 275 4869 “
308 4874 415 4920 tem
444 4867 619 4918 vivam
658 4876 813 4919 extra
844 4864 1133 4921 civitatem'
1175 4868 1424 4924 mittebat
1468 4871 1523 4925 in
1566 4888 1785 4942 campos
1813 4872 1876 4928 ¹⁶.

308 4955 544 5010 Observa
582 4957 746 5026 igitur
774 4958 1043 5025 quomodo
1072 4959 1154 5021 iis,
1187 4975 1309 5029 qua:
1355 4962 1497 5016 dicta
1541 4973 1690 5027 sum,
1734 4974 1880 5019 totus

306 5044 558 5101 Christus
586 5048 922 5120 depingatur.
962 5050 1065 5105 Per
1095 5066 1249 5106 avem
1284 5052 1432 5107 enim
1463 5056 1666 5119 vivam,
1698 5057 1884 5111 vivens

308 5150 371 5189 ac
406 5139 625 5193 cmleste
671 5136 900 5192 Verbum
928 5141 1229 5209 intelliges;
1272 5157 1366 5211 per
1411 5146 1724 5215 sanguinem
1754 5161 1883 5200 vero

309 5238 595 5297 mactata,
657 5231 952 5300 pretiosum
997 5231 1314 5299 sanguinem
1366 5234 1620 5301 patientis
1676 5235 1880 5304 templi.

385 5406 429 5438 "
457 5410 630 5462 Galat.
660 5426 730 5473 vr,
762 5410 817 5463 8.
892 5410 937 5441 ’δ
966 5409 1138 5465 Levit.
1176 5426 1286 5478 XIV,
1317 5414 1339 5465 1
1373 5428 1523 5482 seqq.

387 5582 463 5653 (t)
498 5578 669 5638 Οὗτοι
702 5613 771 5625 —-
800 5586 836 5640 ἄ
858 5588 945 5657 μὴ
976 5588 1158 5659 θέμις.
1202 5592 1440 5646 Cramer.
1463 5606 1519 5661 p.
1553 5591 1641 5647 ει.

1984 4417 2015 4467 ὁ
2048 4417 2227 4486 ἰερεὺς
2251 4416 2336 4485 ἐφ’
2369 4414 2523 4470 ὕδατι
2556 4416 2737 4482 ζῶντι,
2776 4419 2867 4471 καὶ
2899 4417 3079 4473 λασὼν
3109 4417 3264 4485 ξύλον
3291 4420 3552 4490 κέδρινον,

1981 4507 2079 4559 καί
2124 4505 2490 4577 κεκλασμένον
2517 4508 2791 4574 κόκκινον,
2816 4512 2910 4563 καὶ
2942 4510 3159 4564 ὓσωπον
3180 4526 3195 4542 ⁸
3231 4511 3408 4566 καὶτὸ
3436 4513 3554 4565 ἐτι-

1982 4613 2079 4668 ρον
2125 4596 2361 4669 ὀρνίθιον
2407 4599 2470 4652 τὸ
2512 4598 2644 4666 ζῶν,
2671 4599 2907 4655 ἔδαπτεν
2936 4602 3068 4656 αὐτὸ
3099 4605 3178 4668 εἰς
3214 4603 3275 4657 τὸ
3300 4597 3440 4674 αἷμα
3463 4604 3555 4656 τοῦ

1986 4691 2331 4762 ἐσφαγμένου
2361 4690 2598 4762 ὀρνιοίου
2629 4694 2716 4761 ἐφ’
2742 4692 2895 4746 ὕδατι
2925 4692 3110 4762 ζῶντι,
3137 4694 3234 4748 καὶ
3274 4694 3423 4766 ἔχριε
3463 4692 3555 4745 τοῦ

1986 4783 2417 4853 καθαριζομὲνου
2464 4782 2666 4855 λεπροῦ
2715 4783 2786 4838 τά
2839 4784 3008 4851 δεξιά,
3036 4784 3215 4849 ὠτίον,
3243 4790 3423 4858 χεῖρα,
3462 4787 3558 4839 καὶ

1986 4873 2152 4928 πόδα·
2177 4874 2238 4926 τὸ
2263 4875 2320 4927 δὲ
2354 4873 2589 4946 ὀρνίθιον
2612 4871 2673 4928 τὸ
2703 4874 2833 4943 ζῶν,
2865 4876 2972 4943 ἔξω
2994 4877 3093 4947 τῆς
3127 4878 3333 4943 πόλεως
3380 4881 3458 4942 εἰς
3496 4878 3558 4931 τὸ

1978 4963 2159 5017 ⁸ιιςεδίον
2181 4963 2881 5037 ὲξαπὲστειλεν.Ἐπιτήρει
2906 4963 2998 5021 οὖν
3030 4969 3178 5033 ὅπως
3211 4968 3301 5022 διὰ
3339 4967 3447 5021 τῶν
3478 4972 3558 5020 εἰ·

1984 5055 2233 5125 ρημὲνων
2275 5055 2567 5127 ὁλόκληρον
2608 5058 2739 5127 ἡμῖν
2780 5058 3143 5129 ζωγραφῆται
3172 5060 3427 5131 Χριστόν.
3460 5061 3560 5111 Διὰ

1984 5146 2079 5214 μὲν
2096 5144 2204 5215 γάρ
2219 5146 2313 5197 τοῦ
2327 5145 2525 5210 ζῶντος
2540 5148 2773 5218 όρνιθίου
2800 5149 2891 5202 τὸν
2915 5150 3094 5213 ζῶντά
3110 5167 3167 5203 τε
3201 5153 3293 5205 καί
3306 5152 3559 5220 οὐράνιον

1981 5238 2191 5306 νοήσεις
2220 5238 2424 5306 Λόγονο
2452 5239 2540 5292 διὰ
2581 5239 2639 5292 δὲ
2686 5238 2781 5292 τοῦ
2818 5241 3047 5311 αἵματος
3076 5241 3170 5295 τοῦ
3210 5241 3557 5312 ἐσφαγμένου

2061 5594 2142 5667 (2)
2171 5596 2380 5662 Καλῶς
2417 5627 2463 5637 -
2507 5601 2725 5668 θερίσει
2750 5599 2997 5670 φθοράν.
3026 5598 3127 5655 Mai
3158 5600 3285 5657 ibid.
