3986 6198
330 290 436 346 389

1508 287 1863 346 COMMENT.
1904 284 1973 343 IN
2014 288 2374 349 MATTBEU
2386 292 2455 348 ιι.

3480 308 3585 364 590

327 401 391 455 τὸ
428 400 611 472 τίμιον
637 397 775 471 αῗμα
804 398 899 454 τοῦ
931 400 1197 465 παθόντος
1229 401 1379 455 ναοῦ.
1422 403 1594 473 Σαρκὶ
1619 403 1725 473 γὰρ
1756 401 1901 455 αὐτὸ*

2021 402 2195 458 Carne
2222 406 2367 460 enim
2398 406 2570 474 ipsum
2606 422 2822 476 passum
2849 424 2968 466 esse
2995 411 3226 470 dicimus
3251 416 3293 451 "
3331 427 3582 490 tanquam

332 493 662 548 πεπονθέναι
696 493 897 563 φαμὲν,
938 493 1079 563 πλὴν
1123 492 1199 556 ὡς
1233 494 1290 545 ὲν
1325 492 1438 564 ἰδίῳ
1464 493 1696 563 σώματι.
1730 495 1827 546 Διὰ
1854 493 1913 546 δὲ

327 584 425 637 τοῦ
457 583 699 649 ὑσώπου,
729 584 828 653 τὴν
856 583 948 637 τοῦ
983 584 1297 653 Πνεῦματος
1330 584 1477 649 ζέσιν
1513 584 1709 655 (θερμὴ
1744 584 1849 655 γὰρ
1878 586 1911 654 ή

329 676 461 738 πόα,
488 677 579 727 καὶ
609 674 717 727 τῶν
755 676 819 727 ἐκ
843 675 1179 746 ψυχρότητος
1214 676 1403 729 παθῶν
1436 678 1737 747 σμηκτική)
1759 693 1772 705 ·
1801 693 1911 729 τοι·

326 766 471 837 αὕτη
500 767 557 819 δὲ
588 769 621 837 ἡ
650 765 742 819 τοῦ
777 768 931 833 ἁγίου
967 769 1281 837 Πνεῦματος
1312 770 1566 839 ἐνέργειὰ
1593 788 1653 822 τε
1703 771 1793 823 καὶ
1822 768 1912 822 δῦ-

328 859 541 927 ναμις)’
578 858 666 910 διὰ
693 857 749 910 δὲ
766 858 860 910 τοῦ
890 858 1142 911 κοκκίνου
1168 861 1266 928 τῆς
1296 859 1381 926 ἐφ’
1410 859 1600 928 αἵματι
1638 860 1912 929 Διαθήκης

326 947 621 1016 ὁμολογίαν
641 963 654 976 ·
687 947 773 999 διὰ
800 947 857 999 δὲ
889 946 983 998 τοῦ
1026 946 1226 1009 ζῶντος
1273 947 1482 1011 ὓδατος,
1513 948 1609 1017 τὴν
1650 946 1912 1010 ζωοποιὸν

326 1036 425 1090 τοῦ
459 1036 834 1107 βαπτίσματος
868 1038 1048 1107 χάριν,
1081 1038 1146 1090 δι’
1175 1030 1236 1090 οὗ
1265 1040 1294 1091 ό
1325 1038 1625 1109 λεπρωθεὶς
1650 1042 1712 1108 τῇ
1738 1040 1913 1108 ἁμαρ-

327 1128 424 1199 τία
453 1128 809 1198 καθαίρεται·
845 1129 931 1182 διὰ
970 1130 1027 1182 δὲ
1053 1129 1148 1182 τοῦ
1176 1130 1281 1195 ἔξω
1307 1131 1407 1201 τῆς
1438 1131 1643 1193 πόλεως
1690 1132 1750 1183 τὸ
1801 1130 1911 1195 ζῶν

326 1221 566 1291 ὀρνίθιον
612 1221 1057 1287 ἀποστέλλεσθαι,
1091 1222 1190 1293 τὴν
1218 1224 1325 1275 ἀπὸ
1358 1222 1449 1276 τοῦ
1496 1223 1698 1292 κόσμου
1749 1222 1911 1292 μετά-

329 1330 526 1366 στασιν
555 1315 648 1367 καὶ
677 1315 799 1385 τῆν’
826 1316 906 1378 είς
936 1316 1200 1385 οὐρανοὺς
1246 1316 1534 1368 ’Λνάόασιν
1557 1314 1647 1368 τοῦ
1676 1314 1909 1385 Χριστοῦ

327 1406 727 1475 διδασκόμεθα·
769 1406 1005 1474 γεγονὼς
1037 1408 1146 1478 γὰρ
1188 1406 1359 1471 οὕτως
1403 1406 1537 1478 πρὸς
1566 1407 1655 1459 τὸν
1689 1407 1912 1475 Πατέρα

328 1502 429 1552 καὶ
460 1500 611 1560 Θεὸν,
640 1501 779 1571 ὑπὲρ
810 1502 964 1571 ἡμῶν
988 1502 1242 1555 ἁπάντων
1276 1500 1637 1566 ὲξιλάσκεται,
1676 1503 1768 1553 καὶ
1811 1520 1911 1555 κα·

329 1585 807 1657 θαρισθησόμεθα·
844 1589 932 1641 διὰ
981 1590 1037 1642 δὲ
1088 1590 1181 1643 τοῦ
1234 1590 1479 1661 χρίεσθαι
1514 1592 1579 1644 τὰ
1627 1591 1773 1655 δεξιὰ
1815 1592 1908 1644 τοῦ

325 1675 558 1745 λεπροῦ,
591 1677 768 1740 ὠτίον,
799 1682 892 1732 καὶ
921 1682 1098 1749 χεῖρα,
1137 1683 1227 1732 καὶ
1270 1681 1424 1744 πόδα,
1456 1682 1517 1734 τὸ
1542 1681 1651 1733 δεῖν
1681 1682 1816 1753 πρὸς
1840 1685 1905 1753 τῇ

327 1766 535 1838 θεωρία
570 1769 663 1820 καὶ
690 1772 755 1838 τῇ
786 1770 981 1841 πράξει
1018 1773 1111 1823 καὶ
1143 1775 1207 1842 τῇ
1241 1772 1435 1844 πορείᾳ
1481 1775 1540 1826 ὲν
1584 1777 1696 1836 τοῖς
1740 1774 1904 1838 θείοις

325 1859 477 1928 ἡμᾶς
504 1860 776 1927 γενέσθαι.

414 1953 474 2006 ’0
500 1954 705 2025 Κύριος
734 1956 789 2009 δὲ
821 1956 905 2011 διὰ
932 1959 1032 2027 τῆς
1062 1961 1279 2030 ἐπαφῆς
1302 1961 1401 2031 τῆς
1426 1960 1605 2032 χειρὸς
1630 1960 1726 2033 τὴν
1773 1961 1907 2016 κάθ-

330 2061 491 2114 αρσιν
528 2045 621 2098 τοῦ
661 2045 861 2117 λεπροῦ
900 2049 1086 2103 τούτου
1118 2053 1431 2122 ἐποιήσατο,
1460 2054 1672 2118 δεικνὺς
1700 2054 1780 2108 ὅτι
1811 2054 1906 2108 καὶ

329 2135 364 2203 ἡ
397 2134 525 2201 ἁγία
554 2136 720 2188 αὑτοῦ
752 2137 886 2207 σὰρξ
914 2138 1179 2211 χρειώδης
1208 2143 1325 2194 ἐστὶ
1353 2143 1487 2213 πρὸς
1509 2144 1799 2213 ἁγιασμόν.
1834 2143 1905 2195 Τὸ

329 2223 433 2293 μὲν
466 2227 575 2294 γὰρ
605 2226 827 2297 Πνεῦμα
860 2228 1135 2301 καθαίρει,
1172 2231 1287 2301 ἡδὲ
1324 2232 1416 2284 τοῦ
1449 2232 1765 2303 Πνεῦμα-,τος
1792 2250 1905 2286 κοι-

326 2314 493 2367 νωνία
530 2317 748 2383 ἐμποιεῖ
772 2318 862 2371 τὸν
893 2320 1184 2389 ἁγιασμόν.

328 2407 635 2474 Κυρίλλου
687 2408 757 2462 ἐκ
804 2407 911 2463 τοῦ
963 2409 1235 2479 πέμπτου
1265 2412 1511 2475 βιϐλίου
1562 2413 1682 2467 τῶν
1731 2415 1905 2468 Ὑπο-

398 2496 721 2564 μνημάτων
769 2496 889 2553 τών
917 2502 1004 2566 εὶς
1055 2498 1120 2553 τὸ
1150 2498 1298 2554 κατὰ
1327 2502 1626 2558 Ματθαῐον
1657 2503 1905 2574 Εὐαγγέ-

398 2590 557 2641 λιον.

400 2677 559 2731 Μετὰ
601 2679 679 2749 (l)
723 2678 777 2732 δὲ
832 2679 928 2734 τοῦ
976 2682 1304 2753 χαρίσασθαι
1350 2685 1449 2754 τὴν
1484 2687 1547 2739 ἐκ
1602 2687 1903 2756 φιλαγάθου

324 2768 638 2840 θελήματος
685 2771 1015 2843 ῥοπὴν,-κα“ι
1047 2775 1145 2847 τὴν
1193 2776 1280 2830 διὰ
1324 2778 1502 2848 χειρὸς
1538 2780 1679 2851 ἁφὴν
1731 2798 1899 2850 προσο

322 2859 637 2914 ιπιδίδωσιν
715 2863 803 2917 ἵνα
840 2864 1100 2936 μάθωμεν
1155 2869 1318 2938 ἡμεῖς
1392 2868 1469 2934 ὡς
1545 2871 1766 2940 ἐνεργὸν
1823 2876 1903 2938 είς

323 2950 596 3021 κάθαρσίν
634 2953 752 3007 ἐστι
795 2956 857 3008 τὸ
917 2958 1070 3024 ἆγιον
1120 2958 1284 3012 αὑτοῦ
1330 2960 1517 3030 σῶμα,
1544 2962 1639 3015 καὶ
1681 2966 1747 3033 τῇ
1782 2963 1902 3035 θεία

2017 492 2067 545 in
2122 495 2339 563 proprio
2380 511 2626 564 corpore.
2683 497 2786 553 Per
2836 501 3121 571 hyssopum
3179 521 3305 561 vero
3352 510 3585 579 Spiritus

2015 580 2280 636 fvrvorem
2334 586 2528 653 (calida
2578 587 2721 641 enim
2772 599 2854 643 est
2904 590 3106 658 herba,
3163 596 3585 672 frigidorumque

2015 677 2327 731 morborum
2377 678 2714 752 abstersiva)
2770 683 2891 735 talis
2941 696 3118 739 autem
3158 689 3388 755 Spiritus
3411 699 3581 750 sancti

2015 769 2096 820 vis
2126 779 2230 833 εει,
2276 784 2337 823 ac
2388 772 2596 837 virtus;
2638 789 2733 841 per
2782 776 3060 828 coccinum
3095 793 3223 832 vero
3252 782 3581 841 Testamenti

2015 857 2067 910 in
2096 860 2356 928 sanguine
2381 863 2822 931 consensionem;
2853 880 2946 933 per
2977 867 3148 919 vivam
3177 881 3357 925 autem
3384 888 3579 942 aquam

2014 946 2278 1000 vivilicam
2312 949 2564 1017 baptismi
2592 955 2844 1020 gratiam,
2881 969 2977 1019 per
2998 970 3161 1017 quam
3186 959 3416 1015 infecuts
3439 962 3580 1031 lepra

2014 1038 2217 1104 peccati
2256 1042 2580 1106 mundatur;
2625 1058 2719 1110 per
2750 1044 2876 1097 illud
2911 1059 3115 1111 autem,
3150 1052 3290 1115 quod
3325 1064 3476 1107 extra
3505 1056 3580 1109 ci-

2013 1128 2234 1183 vitatem
2270 1131 2385 1184 viva
2413 1134 2529 1185 avis
2561 1134 2879 1200 dimittatur,
2912 1153 2975 1191 ex
3016 1139 3117 1194 hoc
3154 1144 3353 1195 mundo
3384 1145 3583 1212 migra-

2016 1221 2215 1274 tionem
2255 1231 2307 1274 et
2336 1221 2533 1277 Christi
2571 1225 2621 1277 in
2657 1227 2822 1279 carius
2862 1230 3245 1285 Ascensiuuem
3281 1236 3577 1290 docemur:

2013 1310 2086 1365 ita
2122 1313 2265 1366 enim
2298 1315 2436 1380 apud
2462 1312 2626 1368 Deum
2651 1327 2705 1368 et
2734 1314 2946 1372 Patrem
2989 1320 3045 1374 (it
3088 1337 3186 1392 pro
3218 1324 3370 1378 nobis
3400 1330 3579 1397 propi-

2016 1406 2187 1473 tiatio,
2221 1418 2275 1461 et
2303 1409 2717 1475 mundabimur;
2755 1428 2850 1481 per
2873 1413 2997 1468 illud
3027 1425 3229 1479 autem,
3257 1418 3398 1486 quod
3426 1419 3582 1471 inun-

2012 1508 2168 1567 gatur
2201 1499 2424 1553 dextera
2453 1500 2650 1569 lcprosi
2679 1488 2947 1567 auricula,
2975 1521 3271 1576 manusque
3300 1522 3362 1562 ac
3389 1511 3575 1576 pedes,

2013 1604 2111 1643 nos
2139 1592 2612 1660 contemplatione,
2645 1595 2860 1650 actione
2890 1604 2945 1652 et
2974 1612 3260 1667 progressu
3294 1600 3349 1653 in
3384 1601 3580 1655 divinis

2011 1683 2214 1735 versari
2247 1684 2462 1737 debere.

2076 1945 2180 2013 21
2242 1944 2496 1999 Dominus
2545 1956 2724 2001 autem
2783 1963 2878 2017 per
2933 1959 3238 2005 contactum
3280 1969 3469 2011 manus
3498 1958 3575 2013 le-

2005 2038 2154 2105 prosi
2198 2035 2357 2104 hujus
2397 2037 2802 2091 ntuudationem
2841 2052 3097 2109 operatus
3137 2053 3249 2109 est,
3285 2049 3575 2103 ostendens

2006 2140 2249 2182 sanetam
2277 2141 2497 2181 carnem
2533 2143 2686 2183 suam
2717 2130 2904 2184 utilem
2947 2146 3069 2189 esse
3100 2135 3164 2187 ad
3199 2138 3577 2193 sanctiﬁcatio-

2007 2232 2151 2270 uem.
2185 2216 2421 2283 Spiritus
2452 2219 2719 2287 siquidem
2744 2224 2992 2290 mundat,
3023 2227 3451 2284 communicatio
3472 2244 3572 2285 au—

2009 2316 2113 2362 tem
2143 2307 2378 2375 Spiritus
2410 2311 2754 2366 sanctitatem
2788 2314 2943 2367 indit.

2006 2407 2198 2477 Cyrilli
2224 2423 2289 2461 ex
2320 2408 2456 2462 libro
2479 2413 2663 2478 quinto
2696 2415 3186 2470 commentariorum
3233 2419 3288 2472 in
3334 2418 3572 2476 llattltm'

2314 2500 2678 2573 Evangelium.
2722 2503 2951 2575 (Matth.
2986 2522 3113 2574 vm,
3142 2508 3262 2579 l5.)

2076 2678 2365 2749 Postquam
2397 2678 2642 2734 benivola
2667 2692 2762 2732 sua
2788 2679 3058 2734 voluntate
3086 2682 3150 2736 be
3165 2681 3417 2738 nelicium
3442 2698 3570 2741 cono

2006 2768 2225 2834 tulerat,
2278 2785 2439 2823 manu
2494 2785 2710 2839 quoque
2764 2772 2939 2840 tetigit
2982 2811 2995 2834 ,
3051 2783 3109 2825 ut
3151 2788 3251 2828 nos
3301 2777 3572 2832 discamus

2002 2871 2243 2918 sanctum
2274 2863 2413 2918 illius
2443 2877 2639 2930 corpus
2666 2863 2771 2917 vim
2824 2867 3082 2934 purgandi
3131 2866 3353 2935 habere,
3412 2870 3572 2939 idquo

2003 2953 2292 3008 utilissime
2331 2969 2454 3008 cum
2483 2953 2666 3008 divina
2701 2956 2980 3010 voluntate
3025 2958 3443 3015 sanctiﬁcationi
3473 2978 3571 3016 nu-

323 3040 579 3114 βουλήσει
603 3048 1199 3119 συμπαραλαμϐάνεται
1224 3053 1624 3121 χρειωδέστατα
1653 3056 1789 3125 πρὸς
1812 3056 1901 3108 τὸν

2010 3051 2132 3096 stne
2163 3042 2486 3097 conducere.
2530 3041 2743 3097 Etenim
2778 3060 2805 3096 a
2840 3041 3047 3113 Spiritu
3090 3049 3339 3117 purgatio
3380 3060 3569 3106 nostra

322 3134 407 3197 είς
461 3137 610 3205 ἡμᾶς
665 3139 971 3210 ἁγιασμόν·
1004 3142 1270 3214 κάθαρσις
1315 3144 1484 3215 γὰρὴ
1537 3147 1595 3197 ὲν
1625 3147 1900 3217 Πνεύματι

320 3224 561 3279 τελεῖται
588 3227 656 3280 δι’
695 3230 988 3301 ἁγιασμοῦ,
1012 3233 1070 3285 ὃν
1093 3232 1153 3286 τὺ
1198 3234 1291 3288 τοῦ
1328 3236 1581 3307 Σωτῆρος
1615 3238 1770 3308 ἡμῶν
1811 3241 1898 3291 ὲν-

320 3314 506 3386 τίθησι
559 3318 737 3388 σῶμα,
775 3320 868 3373 τοῦ
922 3324 1254 3389 ἐνοικοῦντος
1288 3325 1436 3397 αὐτῷ
1480 3328 1655 3396 Λόγου
1699 3329 1900 3399 φοροῦν

319 3403 423 3474 τὴν
458 3406 760 3478 ἐνέργειαν.

712 3503 1015 3569 Κυρίλλου
1052 3504 1121 3557 ἐκ
1168 3504 1275 3559 τοῦ
1305 3505 1509 3560 αὑτοῦ.

394 3589 811 3661 Τεθεράπευκεν
850 3594 959 3665 γὰρ
1002 3595 1078 3659 ὡς
1102 3595 1233 3657 Θεὸς
1253 3637 1267 3660 ,
1286 3599 1384 3666 τῆς
1420 3597 1555 3661 ιδίας
1584 3598 1764 3671 χειρὸς
1799 3599 1898 3672 τὴν

319 3683 468 3753 ἁφὴν
499 3686 565 3755 τῇ
591 3685 816 3757 κειμένῃ
846 3685 1207 3757 δωρούμενος.
1244 3688 1352 3741 Καὶ
1376 3688 1466 3755 διὰ
1491 3690 1646 3743 ποίαν
1683 3692 1894 3758 αίτίαν;

320 3772 441 3826 Ἵνα
462 3776 528 3844 τῇ
555 3775 662 3846 ίδία
685 3775 864 3843 φύσει,
896 3779 962 3847 τῇ
1000 3777 1098 3848 τῆς
1126 3777 1376 3850 θεότητος
1402 3778 1560 3848 λέγω,
1593 3781 1896 3839 ίσοσθενοῦν

317 3865 577 3937 ἀποδείξῃ
606 3866 667 3919 τὸ
695 3867 823 3920 ἴδιον
858 3867 1016 3938 σῶμα
1044 3869 1186 3923 κατά
1218 3886 1282 3939 γε
1305 3870 1404 3941 τὴν
1424 3873 1481 3924 ὲν
1508 3874 1620 3936 τοῖς
1651 3874 1898 3929 νοσοῦσιν

318 3958 630 4028 ἐνέργειανο
650 3957 809 4028 σῶμα
838 3958 947 4028 γάρ
971 3960 1119 4012 ἐστιν
1142 3959 1242 4013 οὐκ
1268 3958 1556 4031 ἀνθρώπου
1584 3962 1727 4026 τινὸς
1742 4002 1758 4027 ,
1780 3962 1896 4018 ἀλλ’

314 4044 486 4099 αὑτοῦ
528 4044 599 4101 τὰ
661 4046 840 4101 πάντα
885 4045 1279 4119 κατορθοῦντος
1329 4049 1424 4102 καὶ
1475 4048 1749 4119 ίσχύοντος
1792 4052 1896 4106 Λό-

304 4151 440 4219 τω*

717 4252 1027 4319 Κυριλλου
1053 4251 1122 4305 ἐκ
1147 4252 1252 4307 τοῦ
1277 4253 1485 4308 αὐτοῦ.

388 4342 550 4411 Λόγῳ
576 4342 863 4413 τοιγαροῦν
899 4344 1129 4414 ινεργὴς
1163 4344 1360 4414 ὁρᾶται
1391 4344 1551 4399 πάλιν
1574 4360 1591 4377 υ
1639 4348 1735 4400 καὶ
1760 4346 1891 4401 ποτὶ

320 4428 422 4496 μιν
463 4416 639 4494 οὗτος,
682 4431 814 4483 ποτὲ
841 4430 898 4484 δὲ
949 4433 1155 4495 ἐκεῖνος
1205 4431 1612 4503 θαυματουργετ
1640 4450 1653 4464 θ
1677 4434 1892 4499 δεικνὺς

318 4519 404 4572 ὅτι
424 4518 520 4572 καὶ
542 4519 678 4575 αὐτὸ
701 4522 764 4576 τὸ
791 4520 955 4594 σῶμα
977 4522 1040 4576 τὸ
1063 4522 1266 4594 ληφθὲν
1292 4524 1425 4594 παρ’
1451 4523 1618 4578 αὐτοῦ
1640 4523 1707 4577 δι’
1722 4526 1891 4595 ἡμᾶς,

318 4610 547 4681 ἰνεργόν
576 4611 694 4666 ἐστι
730 4611 853 4667 καθ’
883 4613 1065 4679 ἑαυτὸ,
1091 4612 1181 4667 διὰ
1217 4613 1313 4668 τὸν
1348 4612 1661 4669 ἐνοικοῦντα
1681 4615 1856 4685 Λόγον
1879 4632 1893 4648 ·

318 4702 414 4755 καὶ
460 4703 491 4755 ό
524 4702 696 4771 Λόγος
729 4703 787 4758 δὲ
832 4704 989 4760 οὐδὲν
1032 4700 1218 4779 ἧττον,
1249 4705 1347 4760 καὶ
1374 4706 1425 4759 ει
1457 4704 1534 4777 μὴ
1568 4706 1897 4777 σωματικῶς

318 4791 584 4863 {mequo
620 4811 802 4850 τινων.

399 4883 613 4952 Ὀψίας
631 4884 699 4938 δὲ
718 4886 1044 4955 γενομένης
1063 4884 1486 4957 προσήνεγκαν
1504 4885 1666 4952 αὐτῷ
1688 4884 1891 4956 δαιμο-

316 4969 656 5042 νιζομένους
686 4975 976 5041 πολλούς.

386 5062 489 5115 Διά
519 5061 575 5115 τί
602 5063 811 5135 ἡμέρας
841 5064 902 5117 οὐ
938 5067 1321 5137 προσήνεγκαν
1363 5066 1491 5130 τοὺς
1535 5065 1887 5139 ἀρῤὡστουςς

322 5157 480 5210 Ἤτοι
505 5155 889 5228 εὐλαϐούμενοι
918 5160 1044 5223 τοὺς
1060 5159 1411 5229 Γραμματεῖς
1434 5159 1527 5213 καὶ
1541 5157 1885 5231 Φαρισαίους,

320 5248 352 5317 ἢ
388 5249 454 5303 ἄν
483 5248 645 5303 πάλιν
679 5250 1055 5323 αἰσχυνόμενοι
1087 5251 1180 5303 ἐπὶ
1203 5252 1323 5314 ταῖς
1353 5250 1657 5314 ἀσθενείαις
1683 5249 1885 5315 αὐτῶν,

396 5421 440 5452 ⁸⁸
471 5421 490 5474 ι
523 5422 669 5479 Petr.
702 5439 779 5491 tv,
804 5427 852 5479 l.

392 5601 469 5723 (ιλ
501 5599 611 5653 lloc
635 5599 992 5668 fragmentum
1020 5613 1139 5652 cum
1166 5599 1375 5653 duobus
1400 5596 1746 5677 sequentibus
1770 5598 1879 5652 edi—

392 5711 396 5723 .
477 5686 561 5723 nu.
593 5670 697 5723 Mai
743 5671 796 5723 in
825 5667 891 5722 Β.
919 5668 991 5723 Ν.
1026 5678 1170 5723 temo
1216 5668 1283 5723 ll.
1323 5683 1377 5723 υ.
1414 5667 1545 5722 Πϐ.
1587 5667 1779 5723 Agitur
1819 5671 1879 5722 de

319 5673 396 5729 dit
429 5667 561 5739 Aug.
593 5670 697 5725 Mal
726 5667 796 5723 fin
825 5667 891 5722 Β.
919 5668 991 5723 Ν.
1026 5678 1170 5725 tonio
1216 5668 1283 5734 ll,
1323 5683 1377 5737 p.
1414 5667 1545 5722 476.
1587 5667 1779 5733 Agitur
1819 5671 1882 5722 de

2006 3133 2085 3199 lit,
2117 3148 2279 3203 quam
2314 3134 2620 3189 Servaturis
2655 3137 2826 3190 nostri
2870 3152 3068 3206 corpus
3096 3141 3313 3194 conlert
3342 3179 3358 3206 .
3412 3142 3571 3198 inha-

2000 3225 2222 3279 bitautis
2250 3226 2302 3280 in
2343 3226 2457 3295 ipso
2494 3225 2729 3297 Spiritus
2754 3226 3049 3284 eﬂicaciam
3086 3244 3301 3300 gerens.

2450 3505 2641 3576 Cyrilli
2671 3523 2735 3559 ex
2762 3508 2937 3561 eadem
2976 3508 3130 3563 libro.

2069 3598 2368 3652 Sanitatem
2397 3606 2582 3665 utpote
2635 3596 2775 3651 Dens
2801 3598 3052 3660 contulit,
3103 3598 3335 3668 propria
3374 3614 3569 3658 manus

1997 3695 2308 3740 contactum
2365 3684 2569 3751 jacenti
2634 3685 2972 3755 gratiﬁcans.
3019 3684 3428 3752 Quamobrem?
3495 3691 3567 3749 Ut

1997 3775 2231 3845 prapria:
2254 3783 2487 3837 natura,
2519 3773 2715 3828 divinae
2746 3774 2986 3843 inquam,
3022 3789 3178 3845 pares
3204 3776 3401 3833 habere
3426 3780 3567 3839 vires

1996 3880 2194 3936 corpus
2221 3881 2376 3920 suum
2402 3865 2755 3928 ostenderet,
2811 3874 3072 3935 quantum
3122 3867 3317 3922 attinet
3359 3870 3429 3925 ad
3473 3887 3564 3926 sa.

1997 3959 2302 4013 namlorum
2339 3971 2603 4026 aegrorum
2654 3954 2973 4012 etlicaciam.
3019 3955 3135 4011 Non
3165 3966 3250 4013 est
3279 3961 3425 4016 enim
3462 3963 3566 4018 boe

1993 4063 2191 4118 corpus
2213 4047 2501 4117 cujuslibet
2523 4048 2759 4115 vulgaris
2777 4048 3034 4113 hominis,
3065 4048 3162 4104 sed
3188 4047 3347 4105 Verbi
3368 4065 3564 4108 cuncta

1998 4142 2228 4211 potentis
2258 4155 2514 4210 prospere
2548 4138 2779 4193 eﬂlcere.

2449 4247 2635 4320 Cyrilli
2659 4266 2724 4304 ea:
2742 4252 2922 4304 eodem
2952 4248 3107 4303 libro.

2072 4342 2317 4399 Vicissim
2360 4340 2541 4410 itaque
2571 4355 2701 4395 voce
2746 4354 2868 4394 eum
2920 4340 3167 4397 videmus
3214 4341 3447 4409 operari.
3500 4342 3566 4395 Et

1996 4436 2156 4489 modo
2197 4432 2412 4500 quidem
2470 4445 2623 4494 voce,
2672 4430 2832 4486 modo
2882 4430 3047 4486 etiam
3105 4438 3251 4484 tactu
3305 4431 3561 4486 miracula

1993 4526 2105 4581 edit
2140 4541 2155 4579 :
2193 4536 2384 4591 nempe
2414 4530 2473 4576 ut
2499 4522 2855 4585 demonstret,
2884 4534 3081 4588 corpus
3102 4519 3271 4575 etiam
3303 4520 3445 4588 quod
3468 4536 3563 4589 pro

1988 4616 2154 4671 nobis
2181 4612 2498 4682 assumpsit,
2530 4625 2708 4680 perse
2742 4625 2868 4666 esse
2906 4607 3099 4666 etﬂcax
3148 4617 3371 4680 propter
3408 4608 3565 4665 inha-

1998 4707 2179 4762 bitans
2207 4706 2465 4770 Verbum,
2497 4700 2848 4773 Verbumque
2892 4702 3038 4757 haud
3098 4701 3281 4757 secius
3338 4700 3559 4770 pollere.

2000 4799 2214 4855 etiamsi
2244 4796 2425 4851 nullus
2451 4796 2604 4850 lleret
2623 4792 2925 4863 corporalis
2950 4802 3260 4848 contactus.

2069 4888 2203 4952 Vill,
2235 4887 2319 4943 l6.
2366 4885 2583 4953 Vespere
2614 4896 2788 4941 autem
2824 4883 2988 4954 facta,
3017 4885 3316 4941 obtulerunt
3347 4888 3397 4944 si
3424 4891 3565 4945 atul-

1998 4990 2078 5035 tos
2100 4979 2361 5033 demetrio
2385 4975 2651 5031 habentes.

2069 5068 2177 5122 Cur
2224 5066 2289 5121 de
2341 5066 2429 5120 die
2492 5080 2598 5119 non
2650 5064 2928 5119 adducunt
2968 5062 3268 5121 infirmos?
3298 5064 3394 5121 Vel
3440 5069 3563 5134 quia

1998 5152 2217 5211 Scribas
2246 5164 2564 5211 reverentur
2613 5166 2669 5209 et
2708 5154 3039 5219 Pharisaaos,
3071 5164 3159 5209 aut
3198 5170 3389 5210 rursus
3433 5156 3560 5223 quia

1995 5247 2334 5303 inﬁrmitates
2376 5260 2502 5301 suas
2534 5245 2882 5313 erubescunt,
2935 5254 3028 5300 aut
3074 5259 3138 5300 eo
3186 5245 3327 5315 quod
3361 5243 3563 5302 inﬁrmi

1986 5597 2129 5651 Petri
2151 5595 2378 5667 apostoli
2411 5609 2567 5667 spcru
2599 5593 2818 5667 (Matth.
2844 5606 2965 5667 vttt,
2989 5592 3075 5654 N.
3112 5595 3223 5667 15),
3249 5609 3408 5667 quam
3439 5613 3561 5659 ma-

1991 5683 2090 5722 nus
2129 5664 2376 5723 contactu
2412 5664 2544 5720 febri
2575 5664 2845 5733 expedivit
2869 5664 3148 5719 Servatur.
