3986 6198
356 224 456 284 ἓνδί

1391 207 1451 265 S.
1493 203 1767 263 CYBILLI
1805 194 2276 257 ALEXANDRINI
2311 193 2633 251 ARCHIEP.

3516 187 3623 243 τινα

359 362 467 402 non
528 342 636 413 22
687 341 944 396 haberent
1007 336 1097 407 qui
1156 347 1277 389 sese
1330 334 1398 387 ad
1462 331 1643 384 .Iesum
1702 325 1936 380 adduce-

2103 318 2190 374 διὰ
2218 318 2277 371 τὸ
2315 317 2388 389 μὴ
2419 316 2562 387 ἔχειν
2592 314 2718 378 τοὺς
2744 311 3101 374 ἀσθενοῦντας
3140 325 3292 372 τινας
3338 324 3618 378 προσαγαο

360 448 501 496 rent.

440 527 584 593 VIII,
621 527 702 579 18.
748 522 939 576 Videtis
963 532 1135 573 autent
1162 518 1319 572 Iesus
1351 515 1531 567 turbas
1556 511 1750 565 multas
1790 509 1933 563 circa

360 641 437 688 se,
467 620 631 690 jussit
662 620 737 670 ire
769 628 913 667 trans
939 614 1155 681 fretum.

434 710 684 766 Retraxit
741 722 800 760 se
828 704 1085 759 Christus
1118 718 1147 754 a
1177 700 1351 754 turbis
1371 738 1386 762 ,
1419 712 1486 751 ne
1520 695 1790 763 gloriosus
1818 690 1939 760 qui-

360 805 482 859 dam
516 802 797 855 videretur
822 836 837 861 ,
890 796 981 864 qui
1030 792 1213 863 populi
1248 790 1495 843 laudibus
1539 787 1941 847 delectaretur;

363 906 526 965 atque
568 904 625 945 ιιι
675 906 741 944 ne
770 892 1135 942 irascerentur
1166 883 1267 937 sibi
1305 881 1564 937 Pharismi
1594 921 1609 944 ,
1663 879 1753 946 qui
1803 890 1945 943 είλετο

366 988 656 1042 admodum
725 982 973 1036 ferebant
1016 978 1213 1031 multos
1255 976 1327 1028 illi
1366 975 1665 1027 adhaerere.
1723 969 1946 1034 Insuper

367 1081 585 1136 volebat
609 1075 768 1129 .Iesus
803 1072 1095 1126 salutarem
1124 1083 1276 1121 suam
1308 1060 1794 1120 circumstantibus
1818 1073 1946 1125 quo-

368 1187 474 1241 que
505 1169 730 1223 urbibus
761 1166 936 1218 lucem
981 1160 1203 1214 inferre.

368 1261 556 1333 Cyrilli
589 1275 653 1314 ex
678 1257 905 1311 secundo
937 1254 1069 1305 libro
1112 1245 1477 1303 commentarii
1522 1245 1578 1298 in
1624 1241 1942 1296 Matthwum

899 1342 1116 1415 (Matth.
1150 1355 1268 1403 vm,
1299 1338 1415 1407 95).

440 1441 627 1496 Navim
655 1453 783 1508 ergo
810 1451 930 1490 cum
961 1450 1026 1487 co
1051 1431 1419 1484 conscendunt
1448 1423 1736 1491 discipuli;
1779 1424 1825 1475 is
1849 1437 1945 1475 au—

373 1545 481 1590 tem
498 1546 745 1585 somnum
767 1526 867 1581 sibi
889 1525 1243 1589 obrepentem
1271 1516 1530 1577 admittit,
1554 1523 1605 1567 et
1621 1510 1953 1579 dispensati-

2038 415 2155 481 γεῖν
2189 410 2385 472 αὐτοὺς
2413 410 2490 478 τῷ
2526 407 2725 477 Ἰησοῦ.

2126 503 2288 557 Ἰδὼν
2326 500 2394 554 δὲ
2431 496 2669 566 Ἰησοῦς
2695 493 2966 560 πολλοὺς
2993 494 3217 561 ὄχλους
3254 496 3384 558 περὶ
3409 486 3618 553 αὑτὸν,

2040 596 2369 650 ἐκέλευσεν
2417 590 2699 647 ἀπελθεῖν
2750 591 2838 654 εις
2874 586 2941 640 τὸ
2985 586 3193 654 πέραν.

2125 686 2429 757 ’Υπεχώρει
2464 685 2540 753 (1)
2575 686 2601 735 ὁ
2625 682 2861 752 Χριστὸς
2907 678 3013 732 ἀπὸ
3042 678 3150 731 τῶν
3182 676 3376 747 ὄχλων,
3426 676 3514 730 ἵνα
3554 675 3631 746 μὴ

2042 781 2170 853 δόξῃ
2221 797 2305 842 τις
2359 779 2695 848 φιλόκομπος
2735 770 2896 837 εἶναι,
2938 772 3143 842 χαίρων
3189 772 3299 833 τοῖς
3340 768 3492 838 παρά
3520 767 3629 820 τῶν

2045 874 2259 927 πολλῶν
2292 872 2555 935 ἐπαίνοις,
2593 870 2688 922 καὶ
2720 869 2807 921 ἵνα
2841 866 2916 937 μὴ
2949 865 3275 935 ὁργίζωνται
3309 862 3425 914 κατ’
3462 858 3630 913 αὑτοῦ

2045 968 2329 1035 Φαρισαῖοι
2377 964 2586 1034 (ἐλύπει
2616 961 2723 1031 γὰρ
2752 958 2949 1020 αὐτοὺς
2986 954 3277 1025 σφόδρατὸ
3319 950 3633 1006 ἀκολουθεῖν

2049 1058 2197 1127 αὐτῷ
2219 1054 2496 1123 πολλοὺς),
2524 1054 2616 1106 καὶ
2639 1052 2723 1103 ἴνα
2754 1052 2871 1110 ταῖς
2902 1047 3128 1117 πλησίον
3158 1045 3380 1096 πόλεσιν
3410 1043 3637 1113 ἐπιλάμ-

2046 1149 2126 1221 ψῃ
2158 1148 2218 1201 τὸ
2245 1150 2443 1200 οἰκεῖον
2471 1146 2568 1198 καὶ
2606 1144 2871 1212 σωτήριον
2906 1139 3035 1208 φῶς.

2047 1241 2355 1308 Κυρίλλου
2418 1238 2487 1290 ἐκ
2538 1234 2643 1288 τοῦ
2722 1231 3006 1299 δευτέρου
3070 1228 3177 1282 τοῦ
3229 1230 3316 1293 είς
3365 1226 3429 1280 τὸ
3486 1225 3640 1279 κατὰ

2444 1318 2750 1373 Ματθαὶον
2796 1312 3273 1382 ’Υπομνήματος.

2125 1411 2569 1465 Συνεισόαίνουσι
2604 1412 2681 1480 (Ξ)
2721 1408 2902 1461 τοίνυν
2919 1409 2966 1459 οἱ
2988 1404 3247 1475 μαθηταί·
3283 1401 3376 1454 καὶ
3409 1399 3633 1470 προσδέ-

2055 1523 2214 1577 χεται
2260 1505 2356 1575 μὲν
2388 1505 2478 1557 τὸν
2516 1502 2682 1555 ὕπνον
2709 1501 2891 1565 αὐτὸς,
2928 1497 3289 1566 οἰκονομικῶς
3324 1495 3379 1547 δὲ
3398 1494 3637 1564 μάλιστα

371 1638 439 1676 va
472 1621 681 1675 ratione
703 1631 796 1685 per
824 1615 875 1667 id
908 1624 1118 1678 tempus
1163 1622 1381 1660 carnem
1412 1618 1564 1656 suam
1593 1601 1800 1669 perpeti
1835 1615 1953 1667 quae

2079 1599 2176 1651 ιατ’
2204 1599 2381 1650 ἐκεῖνο
2413 1596 2605 1667 καιροῦ
2629 1595 2689 1647 τὸ
2710 1594 2898 1646 παθεῖν
2930 1592 3103 1660 ἐφιεὶς
3126 1590 3194 1642 τὰ
3225 1588 3331 1640 ῖδια
3354 1589 3416 1656 τῇ
3450 1586 3637 1656 σαρκὶ,

374 1716 499 1769 huic
572 1720 700 1765 sunt
767 1705 981 1776 propria
1045 1701 1209 1763 sinit;
1269 1710 1580 1766 quanquam
1647 1691 1950 1745 divinitatis

2079 1693 2227 1744 ιαίτοι
2284 1691 2485 1744 διέπων
2534 1688 2694 1751 αὐτὸς
2749 1685 2894 1740 κατά
2945 1701 3008 1753 γε
3077 1683 3173 1753 τὴν
3235 1681 3335 1749 τῆς
3385 1679 3638 1747 θεότητος

375 1804 583 1860 efﬁcaci
605 1801 652 1853 vi
678 1814 739 1852 ac
760 1805 953 1850 natura
978 1792 1176 1846 coelum
1201 1800 1505 1857 terramque
1522 1792 1576 1840 et
1616 1797 1958 1854 quaecunque

376 1894 513 1947 ultra
539 1908 599 1945 ea
633 1897 759 1943 sunt
794 1884 1130 1957 pervaderet.

446 1982 578 2048 VIII,
607 1981 700 2035 ‘25.
739 1979 983 2039 Domine,
1012 1974 1155 2027 salva
1185 1987 1298 2029 nos.
1330 1969 1581 2038 perimus.

448 2077 644 2145 Specta
688 2087 811 2126 cum
858 2070 959 2121 tide
993 2065 1112 2118 fidei
1150 2062 1491 2131 parvitatem.
1526 2057 1768 2112 Credunt
1798 2055 1961 2124 siqui-

380 2171 501 2223 dem
540 2166 753 2219 salvare
792 2175 913 2216 eum
969 2168 1169 2226 posse:
1220 2159 1281 2204 ut
1331 2162 1506 2205 autem
1562 2150 1784 2202 modica:
1837 2149 1959 2201 ﬁdei

380 2258 573 2311 aiunt:
616 2272 635 2305 t
672 2251 831 2305 Salva
866 2262 999 2310 nos,
1039 2243 1312 2311 perimus;
1355 2258 1373 2291 ι
1416 2252 1586 2306 neque
1620 2238 1760 2289 enim
1813 2237 1959 2305 peri-

380 2348 557 2403 culum
592 2352 710 2398 crat
743 2338 1001 2412 pereundi
1032 2350 1154 2389 cum
1188 2336 1404 2386 adesset
1435 2332 1545 2387 illis
1585 2330 1629 2385 is
1658 2331 1748 2399 qui
1779 2330 1959 2384 omnia

380 2447 612 2511 poterat.

453 2552 558 2622 23
591 2547 721 2614 VIII,
752 2547 841 2601 29.
885 2542 951 2597 Et
977 2559 1092 2598 ecce
1122 2522 1475 2595 clamauerunt
1509 2536 1784 2589 dicentes:
1820 2532 1963 2599 Quid

384 2646 530 2699 nobis
556 2654 600 2696 et
636 2643 755 2704 tibi,
792 2638 941 2705 Jesu,
973 2635 1083 2689 Fili
1121 2633 1250 2687 Dei?
1281 2630 1463 2684 venisti
1494 2630 1590 2682 huc
1621 2638 1741 2683 ante
1763 2637 1962 2693 tempus

384 2748 624 2805 torquere
652 2749 744 2787 nos
763 2733 789 2786 ?

459 2826 514 2879 In
561 2825 833 2893 regionem
878 2831 1058 2875 autem
1101 2817 1389 2888 quamdam
1434 2813 1792 2876 abducuntur,
1822 2808 1963 2863 unde

389 2917 495 2971 illis
524 2930 629 2968 non
657 2912 885 2981 amplius
919 2920 1001 2964 est
1035 2908 1290 2963 redeundi
1324 2914 1583 2974 potestas,
1622 2901 1714 2955 sed
1744 2899 1963 2954 terribi-

392 3009 494 3063 lem
524 3006 673 3059 illnm
706 3007 843 3057 diem
878 3009 1212 3069 exspectant.
1257 2997 1335 3049 Tu
1376 3010 1502 3049 vero
1533 2993 1661 3047 mihi
1695 2992 1963 3061 perpende

392 3098 651 3152 audacter
696 3092 1071 3145 meticulosum
1117 3089 1421 3140 dtemouum
1463 3098 1670 3154 genus:
1707 3081 1965 3150 quemad-

393 3189 610 3244 modum
651 3186 794 3240 enitn
830 3199 893 3236 ex
937 3180 1159 3235 audacia
1196 3178 1463 3232 accedunt
1492 3174 1748 3244 quidem,
1781 3175 1966 3227 dicen-

397 3292 518 3334 tes:
554 3296 573 3330 t
611 3275 748 3343 Quid
802 3272 930 3327 inihi
976 3280 1029 3325 et
1074 3269 1207 3323 tibi?
1245 3286 1263 3319 ι
1300 3268 1373 3322 ita
1420 3268 1672 3321 desinunt
1705 3265 1757 3317 in
1805 3264 1966 3316 timo-

396 3384 529 3424 rem.
563 3368 697 3434 Quia
740 3366 919 3421 divina
951 3363 1227 3429 Unigeniti
1272 3370 1462 3415 natura
1514 3373 1607 3412 eos
1643 3355 1970 3425 incorrupti-

396 3461 518 3517 bilis
549 3462 685 3530 ignis
717 3458 948 3513 ﬂammis
981 3455 1219 3520 addixit,
1252 3453 1489 3507 clamant
1517 3470 1529 3503 :
1572 3467 1588 3499 ι
1624 3447 1827 3502 Venisti
1868 3448 1971 3500 huc

398 3564 523 3608 ante
564 3564 773 3620 tempus
810 3560 1060 3618 torquere
1107 3560 1242 3609 nos;
1276 3562 1295 3596 ι
1332 3550 1529 3596 norant
1563 3540 1706 3593 enim
1739 3554 1805 3593 ex
1848 3553 1973 3606 pro-

397 3644 625 3713 pheticis
655 3642 1019 3701 sermonibus,
1057 3649 1339 3691 venturum
1371 3633 1672 3695 Christum,
1706 3646 1870 3699 seque
1905 3629 1971 3683 ab

397 3748 462 3787 eo
483 3732 839 3802 iudicandos;
864 3730 1004 3797 quod
1030 3739 1207 3779 autem
1236 3727 1396 3779 etiam
1441 3734 1560 3775 ante
1594 3734 1794 3791 tempus
1818 3723 1971 3775 dixe-

398 3825 530 3886 rint,
578 3832 834 3889 tanquam
887 3818 1283 3873 incarnationis
1329 3825 1540 3883 tempus
1572 3815 1733 3867 veluti
1776 3816 1971 3866 intem-

398 3914 664 3985 pestivum
698 3915 1010 3979 increpant;
1042 3907 1172 3962 nihil
1197 3907 1339 3959 enim
1369 3907 1588 3969 mirum,
1616 3918 1735 3956 cum
1761 3918 1973 3971 semper

402 4007 526 4060 mali
561 4006 692 4070 sint,
727 4005 887 4059 etiam
934 4005 1036 4057 hoc
1079 4015 1172 4054 eos
1207 3999 1389 4051 dicere
1432 3995 1672 4049 audere:
1726 4004 1780 4048 et
1825 4004 1973 4049 certe

399 4098 633 4151 scientes
679 4110 737 4149 se
788 4095 1119 4163 puniendos,
1154 4102 1407 4158 tanquam
1454 4094 1850 4155 contemptores
1891 4086 1971 4138 di-

399 4194 566 4239 cunt:
603 4203 621 4236 ι
679 4184 822 4250 Quid
854 4184 1023 4247 nobis,
1063 4193 1108 4236 et
1151 4180 1289 4234 tibi?
1324 4196 1342 4228 ι
1393 4178 1658 4231 rationem
1692 4176 1834 4230 enim
1878 4176 1976 4229 init

394 4278 557 4347 judex
585 4280 886 4341 nobiscum,
916 4276 1065 4342 cujus
1091 4272 1342 4327 mandata
1364 4284 1552 4324 sumus
1580 4270 1967 4339 praetergressi.

471 4369 699 4441 241x,
733 4368 787 4422 ε.
821 4368 1057 4436 Con/ide,
1090 4367 1190 4437 ﬁli.

470 4462 663 4515 Filium
707 4463 917 4515 vocavit
966 4460 1320 4530 paralyticum
1373 4461 1581 4515 ratione
1631 4455 1969 4510 creatiouis:

401 4564 492 4608 aut
535 4554 659 4622 quia
695 4554 741 4607 is
778 4551 1088 4605 crediderat
1125 4552 1176 4605 in
1214 4553 1407 4620 ipsum,
1440 4564 1671 4615 eumque
1703 4558 1759 4599 ut
1794 4546 1975 4599 Domi-

402 4661 532 4699 num
557 4654 614 4699 et
639 4644 950 4698 Creatnrem
972 4654 1287 4712 agnoverat.

470 4752 563 4818 IX,
597 4752 650 4807 6.
693 4752 837 4805 Tunc
887 4754 962 4805 ait
1006 4753 1300 4822 paralytico
1330 4769 1347 4806 :
1381 4752 1564 4820 Surge,
1619 4748 1744 4801 tolle
1785 4747 1974 4799 lectum

403 4850 574 4904 tuum,
601 4842 800 4894 et'vade
835 4843 889 4893 in
921 4842 1131 4894 domum
1164 4852 1335 4895 tuam.

474 4932 711 4987 Verbum
751 4933 956 4996 emisit,
1002 4934 1322 4988 miraculum
1375 4933 1639 5001 sequitur.
1688 4932 1798 4989 Cur
1840 4947 1972 4989 vero

403 5021 600 5078 Filium
626 5020 859 5075 hominis
883 5022 1162 5077 remittere
1184 5032 1404 5094 peccata
1434 5022 1590 5091 dixit,
1614 5024 1725 5092 jam
1754 5032 1972 5092 peracta

405 5112 700 5168 divinitatis
726 5112 1202 5167 tuanitestatione?
1232 5113 1330 5168 Vel
1378 5124 1435 5168 ut
1474 5124 1807 5170 monstraret
1835 5129 1894 5170 se
1920 5115 1973 5168 in

406 5216 652 5260 naturam
702 5204 994 5258 humanam
1039 5204 1339 5262 divinitatis
1386 5206 1704 5275 dignitatem
1752 5221 1846 5274 per
1894 5206 1977 5258 in-

488 5383 555 5451 Il)
596 5383 912 5454 'I‘xszcbpu
959 5414 1027 5425 -—
1071 5382 1365 5452 σωτήριον
1402 5385 1546 5454 φῶς.
1593 5383 1975 5452 Fragmentum

407 5453 532 5512 hoc,
570 5455 712 5519 quod
746 5458 796 5506 in
825 5453 1150 5508 Corderiana
1197 5453 1613 5508 catena'dicitnr
1661 5454 1879 5515 Nicetae,
1917 5457 1968 5506 in

407 5520 529 5595 cod.
581 5521 780 5595 _Vatic.>
815 5526 1133 5595 nominatim
1166 5526 1418 5595 tribuitur
1470 5524 1723 5595 Κυρίλλῳ
1788 5523 1970 5595 ’ᾼλε-ξ-

411 5587 923 5661 ανδρείαςωυὶῑιιτε
950 5593 1261 5664 postliminii
1313 5580 1629 5649 restituitur.
1670 5580 1772 5647 ait:
1801 5593 1863 5645 Β.
1895 5580 1968 5647 Ν.

2059 1782 2337 1851 ὲνέργειάν
2366 1798 2426 1833 τε
2465 1782 2558 1834 καὶ
2588 1779 2749 1848 φύσιν
2780 1777 3042 1847 οὐρανοὺς
3066 1774 3163 1828 καὶ
3187 1773 3289 1842 γῆν
3326 1771 3420 1824 καὶ
3456 1768 3522 1821 τὰ
3546 1767 3641 1821 ἐπὶ

2060 1875 2267 1937 τούτοις
2300 1874 2578 1927 ἐπέκεινα.

2129 1966 2327 2032 Κύριε,
2360 1964 2568 2018 σῶσον
2592 1962 2767 2034 ἡμᾶς,
2793 1960 3207 2028 ἀπολλύμεθα.

2131 2055 2304 2110 Βλέπε
2340 2055 2476 2125 μετά
2505 2054 2737 2115 πίστεως
2770 2049 3160 2119 ὀλιγοπιστίαν.
3190 2044 3513 2099 Πιστεύουσι
3542 2043 3641 2114 μὶν

2061 2150 2168 2221 γὰρ
2211 2151 2292 2200 ὅτι
2331 2148 2501 2199 σῶσαι
2542 2145 2762 2197 δύναται
2787 2160 2799 2171 '
2844 2142 2918 2205 ὡς
2962 2142 3018 2193 δὲ
3061 2137 3394 2206 ὀλιγόπιστοι
3422 2136 3642 2203 λέγουσι

2060 2243 2152 2294 τό’
2213 2240 2457 2303 (Σῶσον,
2536 2233 2913 2304 ἀπολλύμεθα.
2953 2250 2971 2282 ι
3025 2230 3098 2281 Oti
3143 2229 3251 2297 γὰρ
3303 2223 3371 2297 ἦν
3418 2224 3640 2295 ἐφικτὸν

2062 2332 2357 2387 ἀπολέσθαι
2399 2330 2529 2382 ποτὲ
2584 2329 2831 2390 συνόντος
2865 2324 3050 2384 αὐτοῖς
3080 2319 3172 2372 τοῦ
3209 2319 3389 2372 πάντα
3429 2315 3643 2385 ἰσχύον-

2061 2442 2171 2488 τος.

2138 2536 2243 2591 Καὶ
2290 2534 2417 2589 ἰδοὺ
2451 2534 2714 2602 ἔκραξαν
2741 2532 3025 2601 λέγοντες
3046 2548 3059 2561 ο
3099 2530 3161 2583 Τί
3203 2526 3346 2598 ἡμῖν
3380 2524 3481 2579 καί
3512 2521 3639 2581 σοὶ.

2078 2616 2299 2696 Ἰησοῦ,
2351 2626 2446 2680 Υἱὲ
2488 2627 2593 2680 τοῦ
2647 2621 3069 2687 ΘεοῦἺῐλθες
3111 2615 3227 2673 ὦδε
3271 2616 3384 2686 πρὸ
3432 2614 3645 2684 καιροῦ

2061 2721 2400 2786 βασανίσαι
2424 2717 2610 2787 mide;

2140 2814 2232 2875 Εἰς
2263 2811 2447 2883 χώραν
2471 2810 2526 2862 δέ
2556 2826 2678 2861 τινα
2705 2808 3028 2876 ἀπάγονται,
3060 2803 3243 2857 οὐκέτι
3270 2799 3456 2869 κύριαι
3485 2787 3644 2851 οὖσαι

2067 2905 2410 2958 ὲπανελθεῖνσ
2442 2902 2576 2956 ἀλλὰ
2618 2903 2717 2972 τὴν
2753 2900 2990 2969 φοϐερὰν
3025 2898 3238 2967 ἐκείνην
3268 2894 3480 2966 ἡμέραν
3515 2892 3649 2945 ἀνα-

2073 2997 2347 3067 μένουσαι.
2384 2995 2455 3045 Σὺ
2504 2993 2560 3046 δέ
2610 3010 2697 3063 μοι
2741 2993 2842 3063 ὅρα
2875 2992 2933 3043 τὸ
2968 2987 3313 3059 θρασύδειλον
3341 2986 3499 3055 γένος
3538 2981 3651 3037 τῶν

2067 3088 2357 3156 δαιμόνων,
2386 3085 2502 3149 πῶς
2529 3086 2783 3155 ἄρχονται
2814 3083 2913 3153 μὲν
2946 3081 3052 3135 ἀπὸ
3081 3080 3435 3151 θρασύτητος,
3470 3075 3653 3142 λέγονο

2069 3195 2189 3241 τες·
2253 3196 2271 3229 ‹
2310 3178 2375 3230 Τί
2420 3179 2550 3246 ἡμῖν
2597 3177 2690 3229 καὶ
2743 3175 2854 3239 σοί;
2892 3192 2910 3224 ι
2965 3172 3259 3225 τελευτῶσι
3304 3172 3383 3232 είς
3422 3167 3650 3223 δειλίαν.

2083 3269 2300 3341 Ἐπειδὴ
2336 3271 2369 3339 ὴ
2400 3269 2517 3321 Θεία
2548 3267 2639 3319 τοῦ
2669 3265 3007 3333 Μονογενοῦς
3034 3263 3193 3332 φύσις
3232 3262 3493 3332 ἀφράστῳ
3517 3259 3655 3328 πυρὶ

2071 3362 2266 3425 αὐτοὺς
2292 3359 2615 3429 κατέφλεγε,
2652 3359 2815 3426 φασίν
2836 3374 2851 3390 ο
2885 3353 3117 3417 «ἹΙλθες
3146 3349 3247 3406 ὧδε
3286 3353 3393 3424 πρὸ
3452 3350 3651 3421 καιροῦ

2074 3450 2365 3521 βασανίσαι
2392 3449 2575 3519 ἡμᾶς;
2614 3447 2904 3517 ι’ᾙδεισαν
2931 3447 2996 3496 ἐκ
3025 3444 3132 3496 τῶν
3159 3441 3512 3513 προφητικῶν
3542 3439 3652 3509 γὰρ

2071 3542 2266 3611 λόγων,
2297 3542 2379 3593 ὅτι
2410 3540 2501 3592 καὶ
2532 3537 2757 3608 ἔμελλεν
2787 3536 2935 3601 ἥξειν
2960 3537 2987 3586 ὁ
3014 3534 3266 3605 Χριστὸς,
3303 3536 3397 3585 καὶ
3434 3532 3515 3585 ὃτι
3550 3531 3651 3593 αύ-

2070 3634 2161 3696 τὸς
2196 3635 2391 3697 αὐτοὺς
2426 3633 2621 3702 κρινεῖ.
2657 3630 2719 3681 Et
2767 3628 2824 3681 δὲ
2868 3630 2962 3679 καὶ
3006 3627 3066 3679 τὸ
3095 3627 3207 3694 πρὸ
3238 3623 3445 3692 καιροῦ
3475 3619 3650 3685 εἷπον.

2073 3729 2149 3789 ὡς
2184 3725 2561 3785 διαϐάλλοντες
2586 3721 2677 3774 τὸν
2704 3720 2801 3789 τῆς
2837 3718 3303 3788 ὲνανθρωπήσεως
3333 3715 3544 3784 καιρὸν,
3575 3714 3655 3777 ὡς

2075 3819 2223 3889 παρὰ
2253 3816 2443 3886 καιρὸν
2473 3816 2755 3884 γεγονότα,
2792 3810 2944 3863 οὐδὲν
2974 3809 3306 3880 θαυμαστὸν,
3339 3810 3389 3861 εἰ
3425 3808 3655 3879 πονηροὶ

2072 3909 2247 3973 ὄντες,
2280 3906 2555 3960 καὶτοῦτο
2592 3904 2834 3974 τολμῶσι
2876 3902 3054 3967 λέγειν
3075 3917 3091 3931 ο
3128 3900 3306 3953 καίτοι
3340 3898 3540 3961 ειδότες
3572 3899 3656 3951 ὅτι

2074 4000 2570 4070 τιμωρηθὴσονται,
2618 3988 3161 4064 ὥσπερηύπερόπται
3215 3990 3467 4059 λέγουσι’
3537 4008 3555 4041 t
3586 3987 3656 4041 Τί

2073 4095 2205 4162 ἡμῖν
2234 4092 2327 4143 καὶ
2363 4089 2476 4153 σοί;
2512 4089 2695 4157 »Ἔχει
2724 4087 2832 4156 γὰρ
2857 4086 3012 4152 λόγον
3043 4084 3071 4136 ὁ
3103 4082 3295 4153 κριτὴς
3333 4082 3448 4153 μεθ’
3471 4084 3504 4151 ἡ
3515 4082 3651 4152 μῶν,

2076 4184 2167 4252 ἀφ’
2194 4174 2253 4235 οὗ
2284 4180 2604 4251 παρέὸημεν
2631 4178 2729 4242 τὰς
2768 4176 2988 4239 ἐντολὰς
3020 4175 3204 4229 αὑτοῦ.

2006 4380 2049 4433 ι)
2151 4367 2385 4432 Θάρσει,
2420 4363 2635 4416 τέκνον

2144 4458 2347 4511 Τέκνον
2379 4456 2603 4509 ἐκάλεσε
2628 4456 2716 4507 τὸν
2747 4453 3135 4524 παραλυτικὸν,
3164 4451 3239 4521 τῷ
3266 4452 3363 4522 τῆς
3394 4452 3653 4521 δημιουρ-

2072 4548 2198 4617 γίας
2224 4547 2368 4617 λόγῳ
2388 4563 2402 4576 ⁸
2436 4547 2469 4615 ἢ
2501 4547 2577 4609 ὼς
2610 4543 2979 4597 πιστεύσαντα
3006 4546 3086 4604 είς
3119 4544 3300 4609 αὐτὸν,
3331 4543 3425 4597 καὶ
3457 4542 3656 4609 γνόντα

2075 4639 2237 4694 αὑτὸν
2267 4638 2472 4707 Κύριον
2502 4637 2597 4688 καὶ
2623 4636 2982 4706 Δημιουργόν.

2152 4751 2287 4803 Τότε
2352 4746 2621 4816 λέγειτῷ
2660 4747 3045 4815 παραλυτικῷ
3084 4764 3098 4777 ·
3144 4747 3435 4816 Ἐγερθεὶς
3458 4788 3473 4813 ,
3506 4738 3658 4816 ἆρόν

2080 4854 2197 4894 σου
2228 4841 2334 4893 τὸν
2360 4838 2673 4907 κράϐατον.

2164 4928 2384 5000 Ἐξῆλθε
2413 4928 2488 4999 (5)
2509 4928 2570 4981 τὸ
2594 4928 2767 4999 ῥῆμα,
2791 4928 2885 4981 καὶ
2916 4927 2978 4979 τὸ
3012 4927 3195 4995 θαῦμα
3221 4926 3619 4998 ἐπεκολούθησε
3640 4942 3656 4955 ·

2080 5021 2169 5075 διὰ
2200 5020 2251 5072 τί
2300 5019 2356 5071 δὲ
2391 5019 2486 5073 καὶ
2536 5018 2664 5070 Υίὸν
2697 5017 2984 5088 ἀνθρώπου
3028 5014 3181 5071 εἶπεν
3219 5017 3434 5086 ἀφιέναι
3476 5018 3662 5088 ἀμαρ-

2080 5112 2236 5175 τίας,
2270 5111 2691 5180 ἐπιτελουμένης
2741 5111 3101 5180 θεοσημείας;
3139 5112 3209 5164 Ἢ
3247 5110 3331 5163 ἵνα
3373 5107 3540 5182 δείξῃ,
3574 5110 3663 5164 δτι

2083 5207 2398 5275 κατήγαγεν
2432 5205 2509 5266 είς
2555 5203 2651 5273 τὴν
2698 5201 3044 5273 ἀνθρωπίνην
3076 5201 3235 5271 φύσιν
3266 5202 3380 5271 τὴν.
3407 5201 3506 5268 τῆς
3537 5200 3663 5255 θεύ-

2071 5383 2752 5577 ἓξῖξύνεισϐαἱνουσι
2781 5482 2849 5492 -
2882 5448 3182 5504 ἐπέκεινα.
3233 5450 3356 5512 Mai,
3391 5448 3456 5501 Β.
3489 5445 3560 5501 Ν.
3593 5445 3665 5517 il,

2146 5562 2222 5663 ὅ)
2264 5592 2512 5662 Ἐξῆλθε
2546 5622 2612 5632 -
2639 5592 2789 5646 κατὰ
2821 5594 3032 5660 φύσιν.
3066 5591 3310 5647 Cramer.
3352 5604 3405 5659 p.
3441 5586 3530 5644 66.
