3986 6198
213 312 316 370 ιω

1393 315 1749 372 COMMENT.
1794 319 1860 373 IN
1901 319 2338 377 ΜΑΤΤΙΙΕΠΜ.

3368 311 3471 367 ibi
3483 327 3494 361 .·

212 431 397 493 δόξεις.
426 429 707 496 Ἔπρεπεν
749 426 972 498 Ἰωάννῃ
1016 427 1091 490 ὡς
1139 427 1325 499 οἰκέτῃ
1372 429 1461 483 διὰ
1508 431 1612 500 τῆς
1655 431 1794 498 ἄγαν

1913 435 2325 504 :umagehautur
2376 433 2739 502 Opinionihus.
2778 433 3006 488 Docebat
3041 433 3323 489 Joannem.
3351 441 3470 482 tan-

214 519 643 591 σκληραγωγίας
689 517 1104 588 κατανεκρῶσαι
1152 519 1223 572 τὰ
1268 520 1366 590 τῆς
1393 521 1594 592 σαρκὸς
1623 521 1792 592 πάθη,

213 613 295 683 τῷ
341 612 398 663 δὲ
437 607 656 680 Χριστῷ
704 606 780 671 ὡς
832 607 1100 679 ἐλευθέρῳ
1132 609 1357 679 δυνάμει
1399 611 1499 681 τῆς
1545 611 1797 682 θεότητος

213 699 643 768 ὲξουσιαστικῶς
674 699 744 751 τὰ
775 698 876 769 τῆς
905 699 1108 770 σαρκὸς
1127 699 1354 770 νεκροῦν
1382 702 1678 772 κινήματα,
1702 703 1798 757 καὶ

118 797 124 800 ’
213 798 309 848 τὸν
342 795 584 865 ἔμφυτον
611 792 710 861 τῆς
744 792 946 862 σαρκὸς
972 792 1153 862 νόμον,
1175 793 1236 845 οὑ
1264 794 1370 863 μὴν
1395 793 1461 846 δι’
1483 795 1798 861 ἁσκητικῶν

215 886 400 941 πόνων
433 887 510 943 εἰς
543 883 702 938 τοῦτο
737 882 1144 954 βοηθεῖσθαι.’0
1181 885 1280 953 μὲν
1320 885 1576 956 Ἰωάννης
1601 886 1796 956 βάπτι-

217 995 336 1048 σμα
386 975 675 1045 κηρύσσων
728 973 1036 1044 μετανοίας,
1082 973 1253 1027 τύπον
1308 975 1502 1028 ἑαυτὸν
1552 975 1797 1045 παρέσχε

214 1070 330 1128 τοῖς
359 1065 632 1135 ὀφείλουσι
666 1063 902 1116 πενθεῖν.
922 1065 978 1115 '0
1012 1064 1068 1117 δὲ
1096 1064 1299 1134 Κύριος
1334 1064 1614 1134 βασιλείαν
1639 1066 1801 1136 οὐρα-

215 1157 328 1210 νῶν
375 1155 687 1227 κηρύσσων,
716 1155 940 1216 εἰκότως
972 1155 1032 1207 τὸ
1061 1156 1343 1225 ἀνειμένον
1375 1157 1467 1209 καὶ
1493 1155 1714 1227 φαιδρὸν
1744 1158 1802 1210 ἐν

215 1247 404 1317 ἑαυτῷ
431 1245 796 1310 ἐπεδείκνυτο,
828 1245 893 1298 δι’
917 1241 985 1316 ἧς
1014 1248 1125 1310 τοῖς
1155 1250 1366 1310 πιστοῖς
1395 1247 1675 1318 ὑπέγραφε
1703 1249 1801 1318 τὴν

216 1339 492 1411 ἰσομένην
521 1339 898 1407 ἀνέκφραστον
924 1337 1090 1407 ζωὴν,
1135 1339 1230 1392 καὶ
1275 1338 1372 1409 τὴν
1409 1340 1608 1394 ἄπονον
1634 1338 1797 1411 ζωήν.

215 1517 532 1586 Κυριλλου
596 1515 665 1567 ἐκ
707 1512 813 1567 τοῦ
867 1512 1148 1581 δευτέρου
1212 1514 1320 1567 τοῦ
1377 1516 1465 1580 εις
1523 1515 1590 1568 τὸ
1653 1515 1804 1569 κατὰ

609 1603 908 1658 Ματθαῖον
947 1603 1381 1674 Ὑπομνήματα.

295 1693 468 1750 *Ηλθε
500 1695 596 1766 μὲν
626 1693 700 1764 (1)
725 1694 833 1766 γὰρ
858 1695 1111 1764 Ἰωάννης
1156 1697 1293 1765 μήτε
1315 1695 1530 1763 ἐσθίων,
1561 1699 1696 1768 μήτε
1713 1699 1804 1751 πί-

215 1808 347 1852 νων,
378 1788 500 1842 καθ’
519 1786 555 1840 ἃ.
573 1786 880 1856 γέγραπται
901 1802 914 1816 ο
946 1781 1077 1856 ἦλθε
1105 1785 1162 1837 δὲ
1179 1787 1206 1838 ὁ
1233 1786 1358 1849 Υἱὸς
1384 1786 1480 1840 τοῦ
1515 1787 1804 1858 ἀνθρώπου

220 1883 421 1936 ὶσθίων
445 1881 539 1932 καὶ
570 1878 759 1933 πίνων.
787 1878 894 1932 Καὶ
920 1877 1018 1948 τὴν
1053 1877 1246 1930 τούτου
1272 1878 1483 1944 αἰτίαν,
1500 1878 1576 1940 ὡς
1604 1878 1668 1932 ἂν
1694 1873 1804 1934 οἷόν

229 1989 308 2037 τε,
327 1972 423 2024 ὡδὶ
450 1973 625 2024 ειπεῖν
653 1969 1004 2039 πειράσομαι.
1034 1968 1230 2037 Γέγονε
1271 1969 1369 2038 μὲν
1397 1969 1504 2040 γὰρ
1519 1969 1806 2040 ἄνθρωπος

234 2067 264 2118 ό
285 2064 372 2117 τοῦ
401 2061 539 2117 Θεοῦ
581 2061 880 2130 Λόγος,καὶ
910 2061 1086 2114 πάντα
1123 2059 1403 2131 πεφόρηκε
1433 2061 1503 2113 τὰ
1537 2061 1802 2131 ἡμέτερα,

228 2153 347 2223 δίχα
391 2155 558 2223 μόνης
606 2153 916 2222 ἁμαρτίας·
944 2149 1060 2204 ἀλλ’
1109 2150 1166 2203 ἑν
1200 2167 1265 2218 γε
1307 2153 1429 2213 ταῖς
1455 2152 1598 2204 κατὰ
1645 2151 1806 2222 σῶμα

222 2250 472 2316 κινήσεσι
507 2247 793 2313 φυσικαῖς,
819 2243 918 2311 τῆς
945 2243 1006 2307 ἐξ
1041 2241 1196 2304 ἔθους
1221 2244 1351 2311 ἡμῖν
1379 2242 1802 2312 χαλιναγωγίας,

219 2341 394 2393 πόνου
414 2354 497 2402 τε,
536 2337 698 2406 φημὶ,
731 2336 826 2388 καὶ
851 2335 1123 2404 νηστείας,
1154 2334 1270 2398 πῶς
1301 2333 1366 2388 ἂν
1395 2334 1608 2406 ἐδεήθη,
1628 2335 1804 2388 καίτοι

222 2428 372 2482 κατὰ
404 2426 565 2496 φύσιν
614 2427 875 2495 ὑπάρχων
928 2423 1080 2488 Θεὸς,
1113 2425 1141 2476 ὁ
1174 2424 1268 2476 καὶ
1324 2424 1589 2494 κρείττων
1629 2425 1804 2496 ἁμαρ-

220 2522 348 2584 τίας
379 2559 396 2583 ,
431 2516 524 2574 καὶ
560 2520 625 2589 τῇ
680 2517 810 2587 παρ’
863 2514 1056 2570 ἑαυτοῦ
1112 2515 1296 2586 χάριτι
1343 2517 1437 2567 καὶ
1475 2515 1543 2568 τὰ
1583 2517 1640 2568 ὲν
1674 2518 1803 2585 ἡμῖν

223 2611 576 2681 καταραῖζων
628 2609 810 2678 πάθη,
845 2606 1046 2678 νεκρὰν
1102 2607 1158 2659 δὲ
1212 2606 1304 2660 καὶ
1343 2606 1622 2678 ἄπρακτον
1666 2608 1801 2659 ἁπο-

226 2707 436 2775 φαίνων
467 2704 562 2758 καὶ
594 2703 693 2774 τὴν
727 2702 784 2754 ὲν
814 2703 943 2770 ἡμῖν
972 2698 1068 2752 τοῦ
1111 2698 1360 2769 σώματος
1389 2699 1588 2770 ὄρεξιν,
1625 2701 1672 2751 εἰ
1711 2698 1805 2751 καὶ

223 2797 498 2851 διακέοιτό
533 2812 646 2856 πως
696 2795 775 2856 είς
809 2791 1073 2854 ἐκτύπους
1112 2789 1339 2860 ἡδονάς;
1374 2777 1806 2859 Κατεσκήνωσεν

231 2889 336 2959 γὰρ
363 2889 421 2939 ὲν
450 2887 582 2956 ἡμῖν
607 2887 633 2938 ό
660 2883 752 2936 τοῦ
779 2882 913 2936 Θεοῦ
958 2882 1148 2946 Λόγος,
1180 2882 1275 2934 καὶ
1319 2881 1458 2934 ἰδίαν
1512 2882 1808 2949 ἐποιήσατο

233 2982 412 3049 σάρκα
462 2977 559 3048 τὴν
608 2975 972 3047 ἀνθρωπίνην,
997 2973 1062 3025 ἵν’
1085 2973 1382 3042 ἐπειδήπερ
1406 2971 1696 3034 ἀτίθασσός
1723 2987 1807 3034 τις

230 3069 406 3141 αὐτὴν
443 3069 472 3122 ό
500 3069 599 3138 τῆς
645 3066 920 3137 ἁμαρτίας
963 3062 1314 3134 κατεληῖζετο
1336 3063 1500 3132 νόμος
1529 3063 1807 3133 (τετυράν-

230 3178 367 3232 νηκε
414 3159 524 3231 γὰρ
552 3161 610 3212 ὲν
647 3161 760 3221 τοῖς
803 3157 990 3227 μέλεσι
1034 3156 1138 3224 τῆς
1171 3155 1374 3226 σαρκὸς
1403 3155 1817 3223 ἀντιστρατευό-

233 3269 399 3323 μενος
432 3250 513 3320 τῷ
542 3249 692 3320 νόμῳ
717 3247 811 3302 τοῦ
863 3249 1002 3311 νοὸς,
1054 3247 1142 3301 καὶ
1184 3246 1600 3315 αίχμαλωτίζων
1633 3248 1714 3309 εις
1748 3245 1816 3300 τὰ

228 3345 458 3412 οἰκεῖα),
491 3341 830 3412 καταργήσει
849 3339 1036 3393 τοῦτον
1054 3339 1120 3391 δι’
1150 3337 1340 3390 ἑαυτοῦ
1369 3355 1382 3368 ·
1422 3338 1513 3390 καὶ
1536 3338 1594 3389 ἐν
1624 3336 1812 3409 πρώτῃ

231 3434 522 3506 νεκρώσας
540 3436 608 3505 τῇ
632 3433 739 3504 ἰδίᾳ.
779 3433 965 3502 σαρκὶ,
996 3431 1345 3503 παραπέμψῃ
1380 3428 1563 3483 λοιπον
1594 3430 1692 3500 τῆς
1722 3432 1816 3485 ἐπὶ

230 3528 413 3597 τούτῳ
454 3527 676 3597 χάριτος
715 3525 815 3596 τὴν
870 3524 1150 3594 μετάδοσιν
1187 3524 1265 3585 εἰς
1303 3523 1468 3593 ἡμᾶς,
1495 3523 1591 3576 ἆτε
1616 3520 1679 3591 δὴ
1721 3523 1816 3574 καὶ

237 3620 396 3682 bna;
421 3621 699 3688 ὁμογενεῖς
722 3616 864 3671 κατά
903 3633 966 3683 γε
994 3616 1091 3685 τὴν
1118 3616 1216 3684 τῆς
1241 3615 1442 3684 σαρκὸς
1470 3615 1630 3684 φύσιν
1662 3629 1674 3642 ·
1712 3615 1818 3666 ἁπ-

239 3710 382 3780 αρχὴ
411 3709 521 3779 γὰρ
557 3708 716 3778 ἡμῶν
757 3706 1025 3777 Χριστὸς,
1057 3703 1307 3774 δεύτερος
1347 3704 1517 3772 Ἀδὰμ
1549 3703 1819 3773 χρηματί-

243 3817 340 3864 σας
390 3803 509 3869 μετ’
558 3802 764 3853 ἐκεῖνον
802 3799 893 3852 τὸν
925 3801 982 3852 ὲν
1037 3801 1230 3870 ἀρχαῖς
1267 3814 1279 3827 ·
1313 3797 1410 3851 κού⁹
1459 3795 1676 3866 πρῶτος
1727 3795 1818 3848 ἄνα

237 3892 460 3962 θρωπος
493 3891 733 3961 πέφηνεν
781 3891 872 3944 ἐπὶ
905 3891 1029 3960 γῆς,
1072 3889 1252 3960 χοῐκὸς
1307 3888 1406 3958 μὲν
1447 3887 1651 3951 οὐκέτι,
1678 3887 1818 3948 θεῖος

235 3983 295 4037 δὲ
338 3983 541 4053 μᾶλλον
575 3984 670 4036 καὶ
716 3983 1037 4052 ἐπουράνιος
1059 4022 1074 4046 ,
1106 3981 1380 4051 ἁμαρτίαν
1415 3981 1514 4033 οὐκ
1540 3978 1693 4042 εἰδώς
1715 3995 1728 4009 ·
1751 3977 1818 4031 δι’

236 4075 267 4129 ὅ
317 4076 416 4128 καὶ
450 4077 613 4144 μόνος
652 4075 708 4127 ὲν
769 4077 981 4145 νεκροῖς
1029 4072 1330 4143 ἐλεύθερος.
1382 4069 1819 4140 Ἀναμορφουμέ-

235 4182 338 4235 γης
373 4163 663 4234 τοιγαροῦν
696 4164 755 4216 ὲν
777 4163 977 4234 πρώτῳ
1009 4163 1228 4234 Χριστῷ
1255 4163 1390 4232 πρὸς
1423 4163 1512 4214 τὸν
1539 4164 1596 4214 ἐν
1627 4162 1821 4231 ἀρχαῖς

237 4256 514 4324 ἁγιασμόν
554 4256 651 4325 τῆς
684 4257 962 4328 ἡμετέρας
999 4255 1236 4326 φύσεως,
1271 4253 1590 4317 ὲνδοιαζέτω
1631 4253 1819 4324 μηδεὶς

236 4346 317 4406 ὡς
341 4348 423 4410 είς
452 4348 598 4401 ἅπαν
628 4347 727 4418 ἤδη
778 4348 837 4401 τὸ
876 4348 1214 4419 ἀνθρώπινον
1256 4345 1548 4412 ἐξετείνετο
1596 4346 1749 4411 γένος
1785 4347 1818 4416 ἡ

1897 542 2058 594 quam
2083 540 2320 587 servum,
2343 541 2438 593 per
2464 525 2650 579 duram
2688 525 2974 576 admodum
3025 522 3145 574 vitae
3197 523 3464 578 rationem

1898 618 2078 671 carnis
2131 615 2445 671 affectiones
2488 613 3140 669 tuortilicare:Christum
3191 627 3316 664 vero
3349 620 3505 662 tau-.

1897 724 2058 778 quam
2083 709 2330 773 liberum,
2365 709 2563 762 virtute
2595 707 2914 767 divinitatis,
2947 717 3206 773 tauquam
3231 715 3469 772 pctesta-

1903 810 2005 854 tem
2061 799 2371 862 habentem,
2410 800 2590 852 carnis
2639 806 2814 851 motus
2862 798 3137 856 edomare.
3170 809 3231 847 ac
3259 792 3471 845 insitam

1900 889 2080 944 carnis
2135 890 2301 956 legem
2355 890 2625 958 subigere,
2669 903 2772 941 non
2826 897 3004 939 tamen
3057 899 3154 952 per
3209 885 3474 942 asceticos

1901 979 2113 1035 labores
2143 981 2212 1035 ad
2265 982 2366 1035 hoc
2413 981 2609 1050 jnvari.
2655 979 2892 1033 Joannes
2939 977 3155 1046 quidem
3211 975 3474 1044 baptisma

1901 1072 2199 1140 praedicans
2253 1072 2601 1141 paenitentiae,
2657 1071 2881 1141 figuram
2931 1085 2988 1124 se
3025 1071 3195 1137 ipsum
3247 1068 3476 1136 praebuit

1903 1163 2084 1231 lugere
2108 1161 2464 1216 debentibus;
2501 1163 2756 1217 Dominus
2791 1176 2918 1216 vero
2953 1176 3172 1230 regnum
3213 1159 3474 1214 cmlorutu

1904 1255 2224 1323 praedicans,
2283 1256 2477 1308 merito
2557 1253 2931 1308 remissionem
2996 1268 3060 1306 ac
3116 1251 3358 1304 laetitiam
3423 1251 3474 1303 iu

1903 1360 2022 1398 sese
2069 1343 2335 1410 exhibuit,
2373 1359 2469 1413 per
2516 1359 2678 1412 quam
2731 1343 2978 1398 ftdelibus
3033 1341 3269 1396 futuram
3311 1343 3474 1394 vitam

1907 1435 2224 1490 ineffabilem
2253 1437 2561 1504 descripsit,
2593 1436 2756 1490 vitam
2803 1436 3004 1490 laboris
3033 1443 3332 1502 expertem.

1905 1525 2096 1595 Cyrilli
2161 1542 2226 1580 ea:
2291 1526 2423 1579 libra
2480 1541 2517 1580 ιι
2591 1524 2966 1580 Commentarii
3028 1526 3079 1583 in
3145 1520 3471 1576 Matthwum.

2441 1615 2659 1682 (Hall/1.
2690 1632 2769 1681 tu,
2802 1615 2912 1684 18).

1979 1709 2140 1763 Venit
2183 1709 2325 1761 enim
2365 1705 2600 1762 Joannes
2647 1721 2819 1775 neque
2878 1707 3210 1760 manducans
3239 1743 3254 1767 ,
3301 1716 3477 1770 neque

1839 1775 1878 1829 Β
1909 1801 2115 1865 bibens,
2150 1800 2307 1854 sicuti
2339 1800 2598 1867 scriptum
2621 1807 2738 1864 est;
2791 1797 2933 1850 venit
2967 1804 3147 1852 autem
3177 1793 3345 1849 Filius
3376 1794 3472 1847 lto-

1909 1893 2071 1947 minis
2127 1893 2462 1946 manducans
2502 1901 2556 1946 et
2613 1891 2823 1944 bibens.
2871 1886 3122 1944 Jamvero
3176 1884 3331 1953 huius
3361 1885 3472 1946 rei,
3512 1933 3521 1942 ,

1908 1993 2065 2049 prout
2103 1981 2215 2035 fieri
2249 1981 2466 2048 poterit,
2499 1995 2714 2033 causam
2757 1979 2841 2031 hic
2891 1974 3128 2030 conabor
3178 1987 3470 2046 exponere.

1913 2073 2152 2128 Factum
2188 2082 2273 2128 est
2315 2074 2477 2128 homo
2526 2072 2618 2127 Dei
2665 2071 2920 2133 Verbum,
2961 2077 3251 2134 nostraque
3296 2065 3474 2120 Omnia

1907 2165 2158 2233 gestavit,
2193 2180 2302 2220 uno
2324 2175 2550 2232 excepto
2580 2171 2818 2233 peccato.
2863 2158 2968 2221 Sed
3003 2163 3148 2230 quod
3182 2159 3373 2212 attinet
3409 2156 3476 2208 ad

1907 2256 2158 2327 physicas
2189 2255 2434 2325 corporis
2467 2255 2881 2317 commotiones,
2916 2252 3187 2320 quomodo
3236 2248 3472 2316 eguisset

1907 2357 2166 2402 consueto
2192 2348 2347 2402 nobis
2395 2346 2569 2412 freno,
2624 2345 2807 2400 labore
2837 2346 3091 2398 nimirum
3140 2357 3202 2396 ac
3234 2325 3473 2410 jejunio,

1907 2440 2345 2510 quandoquidem
2383 2440 2525 2494 Deus
2550 2449 2741 2506 suapte
2775 2449 2967 2492 natura
3001 2445 3083 2491 est
3106 2476 3120 2498 ,
3168 2443 3223 2488 et
3250 2443 3486 2501 peccato.

1907 2534 2156 2604 superior
2190 2573 2206 2598 ,
2269 2547 2473 2601 suaque
2521 2532 2695 2601 gratia
2749 2532 2801 2584 in
2852 2530 3007 2583 nobis
3065 2541 3278 2595 quoque
3323 2526 3476 2604 sedat

1908 2625 2229 2691 passiones,
2296 2620 2470 2675 nostri
2514 2619 2761 2687 corporis
2815 2619 3044 2686 impetus
3095 2597 3366 2673 inhibens,
3399 2612 3473 2664 si-

1906 2716 2122 2784 quando
2147 2717 2212 2768 ad
2247 2712 2515 2768 absurdas
2545 2712 2850 2778 voluptates
2883 2703 3175 2777 rapiatur?
3203 2701 3468 2757 Videlicet

1909 2808 2049 2861 inter
2097 2821 2193 2861 nos
2249 2803 2512 2858 habitavit
2561 2803 2652 2855 Dei
2694 2799 2974 2861 Verbum,
3030 2805 3293 2864 suamque
3352 2791 3477 2846 fecit

1908 2912 2128 2952 carnem
2161 2897 2480 2959 humanam,
2514 2901 2572 2947 ut
2602 2893 2730 2962 quia
2771 2893 2910 2945 hanc
2931 2904 3120 2962 aspera
3149 2885 3360 2956 peccati
3389 2883 3478 2954 les

1910 2989 2139 3043 vexabat
2170 2986 2394 3056 (etenim
2435 2985 2648 3057 tyranni
2677 2985 2849 3036 instar
2881 2987 3164 3051 peccatum
3207 2979 3259 3031 in
3291 2977 3475 3032 carnis

1915 3078 2173 3132 membris
2213 3087 2480 3146 repugnat
2529 3075 2728 3129 mentis
2777 3072 2900 3143 legi,
2935 3072 2988 3125 iu
3043 3085 3196 3124 suam
3241 3080 3342 3122 nos
3377 3080 3478 3133 po-

1917 3177 2161 3223 testatem
2195 3168 2491 3236 ndigens),
2519 3182 2616 3236 per
2647 3181 2704 3220 se
2730 3164 2905 3234 ipsum
2953 3164 3059 3215 vim
3107 3160 3254 3214 illam
3293 3166 3481 3220 retun-

1914 3261 2104 3323 deret,
2141 3267 2307 3327 atque
2341 3258 2392 3310 itt
2427 3272 2523 3311 sua
2549 3255 2794 3324 apprime
2831 3266 2996 3306 carne
3018 3266 3134 3306 eam
3172 3248 3339 3316 legent
3385 3260 3481 3314 pe-

1917 3350 2138 3412 rimeus,
2185 3347 2370 3419 gratia:
2396 3345 2555 3414 hujus
2585 3344 3054 3414 participationem
3081 3340 3145 3393 ad
3180 3355 3278 3392 nos
3306 3347 3484 3390 trans-

1918 3441 2155 3494 mitteret
2186 3477 2204 3504 ,
2262 3437 2352 3506 qui
2405 3436 2646 3506 ejusdem
2708 3449 2828 3488 cum
2878 3447 2942 3487 eo
2987 3429 3206 3501 generis
3250 3440 3478 3506 smnus,

1917 3530 2056 3599 quod
2117 3501 2312 3581 attinet
2376 3501 2451 3581 ad
2492 3526 2677 3580 carnis
2720 3534 2990 3579 naturam.
3044 3521 3174 3573 Nam
3231 3501 3514 3590 primitim‘

1919 3631 2117 3676 nostra:
2166 3621 2416 3675 Christus
2462 3628 2546 3673 est
2611 3617 2679 3680 ",
2761 3630 3036 3683 novusque
3115 3612 3352 3667 Adamus
3400 3618 3484 3663 est

1920 3723 2042 3784 post
2077 3712 2222 3766 illum
2271 3712 2362 3782 qui
2423 3710 2523 3764 fuit
2575 3708 2770 3763 initio:
2815 3716 2869 3761 et
2911 3706 3161 3776 princeps
3206 3701 3368 3756 homo
3429 3700 3481 3752 in

1922 3815 2063 3858 terra
2113 3805 2392 3873 apparuit,
2448 3801 2560 3873 jam
2618 3815 2723 3856 non
2768 3809 3063 3862 terrenus,
3121 3795 3214 3850 sed
3267 3793 3482 3847 divinus

1920 3895 2098 3965 potius
2132 3905 2295 3962 atque
2334 3894 2604 3957 caelestis,
2638 3891 2846 3963 peccati
2895 3889 3153 3956 nescius;
3202 3895 3482 3957 propterea

1921 3987 2071 4042 solus
2113 3986 2276 4040 etiam
2313 3986 2456 4040 inter
2496 3995 2738 4039 mortuos
2795 3981 2950 4036 liber.
3007 3978 3323 4034 Rcformata
3360 3990 3490 4043 ergo

1922 4079 1976 4132 in
2015 4078 2230 4134 Christo
2261 4077 2434 4148 primo
2467 4056 2531 4129 ad
2570 4073 2944 4146 primigeniam
2992 4070 3332 4123 sanctitatem
3397 4080 3491 4117 na~

1926 4180 2042 4224 tura
2076 4178 2281 4232 nostra,
2312 4180 2468 4220 nemo
2495 4165 2702 4219 dubitet
2723 4163 2849 4232 quin
2884 4161 2947 4214 ad
2979 4161 3284 4213 universum
3317 4155 3488 4208 homi-

1925 4277 2049 4316 num
2081 4275 2249 4331 genus
2269 4256 2682 4312 reformationis
2711 4256 2884 4323 gratia
2916 4253 3337 4324 l'ueritetttensa.
3376 4245 3490 4300 Non

1924 4353 2064 4408 enim
2096 4350 2330 4416 seipsum
2354 4345 2667 4399 reformavit
2701 4344 2955 4409 Verbum,
2995 4357 3116 4396 cum
3145 4339 3288 4393 Deus
3313 4339 3401 4402 sit,
3439 4345 3493 4388 et

232 4439 343 4506 τῆς
363 4438 805 4510 ἀναμορφώσεως
828 4440 1006 4512 χάρις.
1039 4440 1114 4492 Οὐ
1156 4438 1263 4508 γὰρ
1288 4437 1477 4490 ἑαυτὸν
1508 4437 1809 4506 ἀνεμόρφου

1926 4441 2265 4511 proprietatis
2292 4439 2534 4493 Paterna:
2567 4450 2826 4505 germana
2862 4435 3029 4502 ligura
3061 4448 3076 4495 ;
3117 4433 3209 4484 sed
3245 4444 3342 4481 nos
3368 4443 3489 4479 cum

235 4529 376 4593 Θεὸς
412 4529 488 4584 ὢν
543 4532 569 4583 ό
600 4529 806 4598 Λόγος,
840 4532 934 4584 καὶ
987 4531 1087 4600 τῆς
1133 4530 1226 4584 τοῦ
1295 4530 1504 4599 Πατρός
1562 4529 1818 4598 ἰδιότητος

239 4622 661 4694 ἁπαραποίητος
703 4623 1011 4694 χαρακτὴρ,
1040 4623 1153 4676 ἀλλ’
1184 4625 1340 4694 ἡμεῖς
1374 4617 1516 4692 ἦμεν
1549 4623 1644 4674 σὺν
1670 4620 1816 4691 αὐτῷ

240 4715 384 4785 πρὸς
417 4715 550 4768 Θεὸν
599 4714 1074 4786 ἀναμορφούμενοι
1113 4715 1200 4769 διὰ
1237 4713 1330 4767 τοῦ
1365 4714 1458 4766 καὶ
1487 4712 1627 4784 ὑπὲρ
1655 4712 1815 4782 φύσιν

241 4806 544 4876 ἁγιασμοῦ,
576 4807 936 4876 νεκρουμένου
965 4805 1150 4859 λοιπὸν
1187 4807 1242 4857 ὲν
1269 4807 1378 4869 τοῖς
1412 4803 1630 4874 μέλεσιν
1662 4803 1816 4876 ἡμῶν

248 4897 338 4949 τοῦ
365 4897 534 4967 νόμου
572 4899 670 4967 τῆς
701 4893 990 4969 ἁμαρτίας.
1029 4894 1140 4949 Ἦν
1174 4889 1268 4949 οῦν
1308 4895 1513 4965 σφόδρα
1547 4895 1653 4948 τῶν
1689 4893 1816 4947 ἀτό-

248 5003 362 5040 πων
413 4985 489 5056 μὴ
526 4986 648 5055 οὐχὶ
704 4986 901 5056 μᾶλλον
931 4989 996 5056 τῇ
1048 4985 1149 5052 τῆς
1193 4983 1443 5052 θεότητος
1473 4981 1724 5052 ἐνεργείᾳ
1748 4982 1816 5035 τὰ

239 5083 301 5131 ιν
320 5078 401 5148 τῷ
424 5077 637 5146 σώματι
657 5077 755 5130 τοῦ
773 5076 1006 5147 Χριστοῦ
1023 5073 1486 5143 κατανεκροῦσθαι
1513 5072 1680 5143 πάθη,
1697 5091 1820 5128 συν-

237 5171 427 5226 αθλεῖν
462 5169 516 5224 δὲ
547 5169 736 5240 ὥσπερ
757 5168 907 5238 ,αὐτῷ
932 5168 1030 5237 τὴν
1063 5167 1334 5238 νηστείαν,
1369 5166 1448 5227 είς
1473 5163 1532 5217 τὸ
1569 5163 1820 5235 καθάπερ

236 5279 305 5316 ικ
331 5261 457 5331 βίας
487 5259 583 5314 καὶ
603 5251 848 5330 ἀνάγκης
869 5260 968 5328 τὴν
1003 5259 1183 5330 σάρκα
1217 5255 1636 5328 καταξηραίνειν
1667 5273 1680 5288 ο
1718 5252 1820 5309 ποῦ

1929 4535 2016 4589 illo
2046 4532 2116 4586 ad
2147 4533 2308 4586 Deum
2338 4528 2612 4583 reformati
2652 4526 2884 4589 fuimus,
2907 4533 3130 4592 propter
3171 4529 3493 4588 supernatu-

1928 4623 2092 4676 ralem
2135 4616 2641 4679 sanctificationetn,
2671 4614 2937 4667 exstincta
2967 4610 3219 4677 deinceps
3251 4608 3303 4662 in
3331 4621 3493 4660 mem-

1926 4714 2036 4767 bris
2061 4707 2265 4764 nostris
2317 4707 2432 4776 lege
2487 4703 2716 4775 peccati.
2764 4702 2933 4758 Valde
2987 4699 3150 4769 igitur
3193 4696 3485 4751 absurdum

1926 4803 2132 4864 fuisset,
2161 4802 2205 4855 si
2247 4814 2355 4853 non
2399 4797 2579 4866 potius
2619 4791 2913 4848 divinitatis
2950 4791 3150 4844 virtute
3189 4788 3242 4843 in
3291 4786 3492 4842 Christi

1926 4907 2150 4963 corpore
2174 4890 2514 4945 mortificata:
2551 4886 2779 4940 fuissent
2807 4884 3088 4954 passiones
3119 4923 3135 4949 ,
3178 4882 3272 4936 scd
3303 4877 3494 4946 ieiunii

1925 4997 2078 5052 Opem
2114 4980 2494 5051 implorasset,
2539 4986 2594 5029 ut
2645 4984 2899 5046 tauquam
2953 4975 3002 5027 vi
3061 4989 3124 5029 ac
3167 4971 3490 5027 necessitate

1927 5087 2143 5127 carnem
2163 5071 2486 5126 dcbilitaret.
2527 5067 2756 5123 Ubinam
2781 5067 2924 5121 enim
2956 5065 3311 5119 iuhabitantis
3335 5061 3511 5115 Verbi.

1927 5164 2226 5234 passiones,
2266 5162 2314 5218 si
2351 5169 2507 5230 prout
2563 5160 2716 5216 nobis
2763 5157 3050 5219 usuvenit,
3101 5153 3376 5208 laboribus
3427 5167 3486 5204 ac

1926 5254 2132 5325 jejunio
2164 5253 2442 5322 passiones
2468 5249 2758 5308 sedasset?

239 5357 350 5432 γὰρ
382 5356 419 5427 ἡ
445 5355 532 5409 τοῦ
553 5355 888 5432 ἐνοικοῦντος
908 5353 1044 5411 Θεοῦ
1067 5353 1241 5426 Λόγου
1272 5351 1520 5421 δύναμις,
1541 5353 1588 5405 si
1611 5350 1862 5419 καθάπερ
1891 5350 1975 5420 ἐφ’
2011 5349 2170 5421 ἡμῶν
2199 5349 2382 5415 πόνοις
2406 5349 2500 5405 καὶ
2555 5345 2780 5419 νηστείᾳ
2810 5346 2879 5399 τὰ
2913 5342 3062 5414 πάθη
3091 5336 3502 5410 κᾳτηυνᾷζετοὶ.

316 5534 403 5591 ⁸⁸1
437 5535 562 5594 Cor.
602 5551 690 5599 xv,
718 5535 808 5592 ‘25.

316 5719 397 5792 (1)
435 5715 624 5773 Ἦλθε
666 5713 783 5786 μὲν
812 5744 882 5759 -
933 5713 1344 5786 aratum-Maro.
1393 5713 1521 5785 Mai,
1569 5714 1633 5770 Β.
1692 5713 1763 5770 Ν.
1807 5713 1870 5785 11,
1913 5714 2035 5770 47⁸1.
