3986 6198
285 282 391 338 ιω

1451 282 1810 344 ΩΟΜΜΕΝΤ.
1853 285 1919 340 IN
1960 284 2400 342 MATTHAf-UM.

3437 285 3543 346 διο

284 400 436 455 οὺδιν
469 400 659 470 ιτιρον
708 398 774 452 ἂν
818 396 905 469 εἴη
932 398 1136 464 λοιπὸν,
1184 400 1218 470 ἢ
1260 405 1552 474 μετασχεῖν
1583 403 1860 473 βασιλείας

1980 405 2098 460 Nam
2122 406 2414 474 participes
2449 419 2546 458 nos
2588 402 2702 456 ﬁeri
2729 402 2991 472 Spiritus.
3041 403 3176 458 nihil
3209 403 3354 458 aliud
3381 418 3542 470 porro

285 492 446 544 θεοῦ.

353 601 662 667 Κυρίλοιου
702 600 770 652 ἐκ
823 599 930 654 τοῦ
980 603 1166 657 αὐτοῦ
1213 606 1300 669 εις
1339 605 1407 658 τὸ
1444 606 1637 672 ῥητόν
1663 623 1676 636 ·
1705 625 1723 656 ι
1755 605 1864 660 Kal

286 693 353 756 ὃς
387 691 465 743 ἂν
490 692 632 758 εἴπῃ
663 693 849 760 λόγον
876 692 1024 746 κατὰ
1052 692 1159 746 τοῦ
1210 694 1346 748 Υιοῡ
1389 696 1496 750 τοῦ
1525 695 1860 764 ἀνθρώπου,

284 779 474 848 ἀρεθή
483 796 646 832 σεται
677 779 855 843 αὐτῷ.
887 801 904 831 ο

357 873 631 940 ’Δῤῥητον
672 870 810 938 ἔχων
838 872 935 936 τὴν
961 873 1025 924 ὲκ
1057 871 1192 926 Θεοῦ
1225 875 1440 945 [ἰατρὸς
1481 875 1862 945 γέννησιν,διά

282 974 341 1016 τε
363 964 523 1015 τοῦτο
555 964 814 1032 ὑπάρχων
842 963 974 1027 Θεὸς
1009 965 1148 1018 κατὰ
1173 968 1335 1035 φύσιν
1365 969 1392 1020 6
1412 969 1860 1040 Μονογενὴς,τὴν

283 1054 630 1124 ἀνθρωπείαν
657 1055 822 1108 ὑπέδυ
857 1057 1095 1126 μορφὴν,
1135 1059 1230 1110 καὶ
1263 1059 1552 1127 γεγένηται
1584 1059 1864 1128 καθ’ἠμᾶς

283 1147 347 1196 ix
370 1146 650 1211 γυναικὸς,
683 1148 774 1198 καὶ
819 1146 1043 1214 γέγονεν
1088 1148 1195 1200 ὑπὸ
1241 1149 1424 1218 νόμον,
1454 1151 1629 1202 καίτοι
1660 1149 1754 1205 τοῦ
1780 1153 1864 1203 v6-

287 1252 387 1302 μου
447 1235 651 1304 Κύριος
683 1235 759 1288 ὣν
787 1277 802 1299 ,
836 1237 930 1289 καὶ
961 1238 1367 1306 κεχρημάτικεν
1409 1238 1592 1302 δοῦλος
1616 1241 1644 1292 ὀ
1686 1241 1864 1295 πάντα

285 1324 389 1376 ὑπὸ
430 1323 598 1387 πόδας
655 1325 792 1393 ἔχων
828 1325 922 1378 καὶ
967 1328 1087 1388 ταῖς
1120 1327 1379 1378 ἀνωτάτω
1426 1326 1720 1394 δυνάμεσιν
1765 1331 1863 1380 ἐπ-

281 1415 578 1484 οχούμενος
615 1430 630 1444 ⁸
661 1417 756 1468 καὶ
811 1415 1066 1468 καθίκετο
1101 1417 1199 1484 μὲν
1247 1418 1305 1468 ἑν
1351 1417 1486 1487 τῷδε
1541 1418 1618 1488 τῷ
1653 1419 1863 1488 κόσμῳ,

281 1505 518 1573 δύναμιν
551 1509 648 1573 μὲν
691 1504 829 1573 ἔχων
866 1503 962 1575 τὴν
991 1504 1142 1575 αὐτῷ
1191 1507 1671 1578 πρεπωδεστάτην,
1696 1525 1860 1561 κατα-

285 1593 548 1665 κρύπτων
575 1595 618 1647 δ’
659 1591 754 1648 οὖν
785 1597 935 1666 ὅμως
961 1599 1062 1667 τῆς
1098 1597 1236 1660 ιδίας
1274 1597 1488 1665 φύσεως
1510 1599 1726 1667 ἀξίωμα
1745 1601 1862 1662 ταῖς

282 1685 660 1754 ἀνθρωπίναις
713 1687 1230 1758 σμικροπρεπείαις,
1274 1690 1367 1742 καὶ
1404 1691 1469 1758 τῇ
1520 1690 1619 1757 τῆς
1664 1691 1863 1759 σαρκὸς

285 1776 574 1847 περιϐολῇ.
614 1777 914 1842 Κενὼσεως
937 1779 1044 1850 γὰρ
1065 1775 1130 1848 ἦν
1155 1779 1363 1849 καιρὸς,
1390 1780 1484 1832 καὶ
1515 1781 1612 1850 τῆς
1632 1779 1726 1833 τοῦ
1751 1780 1872 1832 δού-

283 1869 376 1922 λου
409 1871 630 1940 μορφῆς
657 1871 720 1923 τὸ
755 1871 877 1926 καθ’
909 1873 1058 1940 ἡμᾶς
1087 1873 1260 1925 ἐδεῖτο
1297 1875 1616 1942 μυστήριον,
1660 1873 1745 1926 ἵνα
1775 1874 1869 1924 καὶ

286 1962 372 2016 τὸν
418 1960 603 2028 τίμιον
661 1962 801 2033 ὑπὲρ
836 1963 993 2032 ἡμῶν
1049 1963 1318 2032 ὑπομείνῃ
1372 1964 1624 2033 σταυρὸν,
1660 1963 1754 2015 καὶ
1788 1961 1864 2031 τῷ

292 2050 506 2121 θανάτῳ
543 2050 644 2120 τῆς
675 2051 812 2114 ίὸίας
840 2051 1041 2122 σαρκὸς
1079 2052 1168 2104 τὸν
1200 2053 1453 2107 ἁπάντων
1491 2053 1678 2124 κτείνῃ
1704 2051 1864 2104 θάνα-

288 2161 392 2198 τον.
449 2144 751 2212 Ἀναγκαία
798 2144 1088 2213 τοιγαροῦν
1143 2147 1176 2216 ή
1236 2145 1503 2209 κένωσις,
1539 2146 1631 2197 καὶ
1689 2146 1716 2196 6
1763 2145 1861 2214 τῆς

287 2236 503 2300 ἀδοξίας
536 2237 725 2306 καιρὸς
753 2237 851 2305 τῆς
889 2236 976 2289 διὰ
1013 2236 1109 2306 τὴν
1132 2238 1328 2307 σάρκα.
1357 2238 1465 2290 Καὶ
1497 2233 1564 2306 ἦν
1596 2237 1683 2290 διὰ
1709 2235 1867 2289 τοῦτο

291 2329 440 2396 παρὰ
475 2328 692 2389 πολλοῖς
725 2327 1042 2398 άσυμφανὶς
1081 2328 1140 2381 τὺ
1172 2331 1492 2399 μυστήριον.
1524 2370 1528 2373 .

367 2435 675 2503 Ruptum:
715 2437 784 2490 ἐκ
823 2437 927 2490 τοῦ
965 2437 1172 2491 αὐτοῦ.

364 2524 498 2580 Εἶτα
526 2529 641 2590 πῶς
680 2528 757 2581 ἔτι
793 2527 1012 2599 νοηθείη
1047 2529 1133 2595 ἂν,
1173 2529 1315 2584 κατά
1344 2547 1408 2598 γε
1438 2532 1530 2583 τὸν
1562 2532 1747 2583 εἰκότα
1777 2526 1866 2581 λ)-

289 2618 510 2687 γισμδν,
554 2619 782 2687 φυσικὸν
808 2621 864 2670 ὲν
905 2621 1034 2688 ἡμῖν
1076 2619 1110 2684 ἢ
1142 2620 1203 2671 τὸ
1231 2620 1431 2687 ἀγαθὸν
1473 2621 1506 2690 ἢ
1543 2621 1598 2673 τὸ
1647 2620 1868 2689 φαῦλον,

292 2710 385 2767 καὶ
432 2709 556 2778 οὐχὶ
607 2710 672 2780 δὴ
729 2711 926 2780 μᾶλλον
965 2710 1272 2765 ἐθελούσιον
1307 2712 1402 2766 καὶ
1445 2713 1502 2764 ὲν
1551 2712 1869 2783 προαιρέσει
1923 2715 1926 2720 ’

291 2805 354 2870 τῇ
383 2802 618 2854 ἑκάστου
671 2806 958 2872 κείμενον;
991 2805 1149 2876 εἴπερ
1175 2804 1340 2876 οὔσης
1383 2807 1512 2875 μιᾶς
1536 2805 1636 2874 τῆς
1663 2804 1871 2874 ἀνθρὼο

293 2908 398 2943 που
424 2891 660 2958 φύσεως,
703 2895 796 2947 καὶ
839 2895 936 2948 ἕνα
980 2895 1121 2948 κατὰ
1151 2896 1348 2958 παντὸς
1379 2895 1473 2948 τοῦ
1505 2897 1692 2961 γένους
1711 2896 1835 2965 ὲχού
1855 2924 1867 2933 -

295 2996 392 3048 σης
420 2981 566 3050 ὅρον,
603 2983 652 3032 οἰ
703 2983 802 3052 μὲν
836 2986 974 3038 εἰσὶν
999 2985 1196 3053 ἁγαθοὶ
1231 2987 1330 3057 τὴν
1364 2987 1478 3051 ἒξιν
1499 3029 1512 3051 ,
1550 2988 1774 3057 πονηροὶ
1809 2987 1867 3040 δὲ

1966 497 2092 557 erit,
2121 512 2282 564 quam
2315 511 2533 564 regnum
2569 494 2658 547 Dei
2697 494 3046 563 participare.

2027 606 2302 675 Cyrilliex
2344 607 2522 658 eodem
2569 607 2701 658 libro
2741 620 2898 672 super
2945 603 3080 655 illud
3120 617 3138 654 :
3181 622 3200 654 ι
3231 603 3541 673 Quicunque

1965 701 2159 753 dixerit
2195 705 2398 752 verbum
2431 709 2612 752 contra
2654 697 2852 750 Filium
2889 698 3135 760 hominis,
3172 698 3458 748 remittetur
3491 699 3537 749 si

1967 792 2180 863 (Matth.
2211 808 2283 845 xu
2308 834 2320 853 .
2359 791 2470 860 δὲ).
2520 811 2538 843 ι

2036 885 2138 949 Qui
2187 884 2510 937 inell'ahilem
2559 883 2781 937 sortitus
2817 891 2904 936 est
2951 898 2980 935 a
3023 881 3180 935 Patre
3235 881 3341 934 Deo
3394 883 3538 935 nati-

1965 976 2210 1040 vitatem,
2245 975 2470 1041 ideoque
2505 974 2644 1027 Deus
2677 975 3040 1042 homogeneus
3077 974 3400 1026 naturaliter
3426 982 3535 1036 est,

1968 1067 2255 1120 htnnanam
2298 1066 2459 1118 subiit
2498 1065 2752 1131 tignram,
2804 1066 2978 1120 factus
3021 1069 3118 1118 sub
3167 1066 3302 1135 lege,
3361 1079 3540 1132 quan-

1966 1172 2127 1223 quam
2173 1156 2302 1224 legis
2343 1155 2600 1208 Dominus
2628 1167 2768 1209 esset
2802 1172 2816 1210 :
2849 1164 2902 1207 et
2949 1155 3012 1207 ad
3057 1155 3311 1208 servilem
3355 1155 3542 1207 condi-

1970 1249 2171 1301 tionem
2223 1263 2283 1302 se
2341 1247 2592 1310 demisit,
2625 1249 2715 1316 qui
2760 1247 2936 1299 omnia
2990 1247 3213 1315 pedibus
3267 1247 3541 1314 supposita

1969 1340 2235 1404 habebat,
2285 1349 2339 1393 et
2407 1356 2437 1392 a
2503 1340 2750 1406 supernis
2809 1339 3094 1391 virtutibus
3157 1339 3475 1407 gestabatnr
3525 1357 3538 1389 :

1967 1433 2222 1499 venitque
2285 1431 2338 1484 in
2378 1431 2520 1484 hunc
2558 1432 2814 1483 mundum
2838 1469 2852 1492 .
2879 1429 3131 1483 virtutem
3187 1431 3403 1499 quidem
3439 1430 3540 1483 sibi

1968 1521 2537 1576 convenientissimam
2631 1521 2857 1585 habens,
2910 1520 3224 1588 dignitatem
3272 1519 3546 1572 nihilomi-

1971 1630 2070 1667 nus
2115 1624 2324 1666 natum
2383 1629 2494 1665 suae
2555 1612 2736 1664 celans
2776 1611 3029 1665 humanis
3084 1611 3435 1678 parvitatibus
3489 1621 3544 1664 et

1973 1705 2154 1760 Carnis
2202 1706 2537 1757 indumento.
2595 1703 2725 1756 Erat
2775 1704 2916 1754 enim
2956 1702 3342 1755 exiuanitimnis
3404 1713 3540 1754 tem-

1973 1812 2071 1865 pus
2103 1811 2116 1859 ;
2149 1795 2257 1864 36
2291 1796 2589 1862 egebatqne
2632 1793 2773 1847 servi
2835 1793 3013 1859 specie
3054 1793 3366 1860 mysterium
3420 1807 3542 1858 pro-

1967 1899 2086 1955 pter
2133 1903 2230 1940 nos
2283 1888 2682 1955 peragendum,
2715 1893 2772 1936 ut
2811 1893 2866 1936 et
2910 1884 3269 1935 ventwandam
3304 1898 3399 1950 pro
3451 1899 3542 1934 no-

1965 1981 2048 2034 bis
2095 1988 2375 2046 pateretur
2428 1991 2682 2038 crucem.
2731 1985 2785 2029 et
2833 1991 2942 2030 sum
2979 1975 3160 2028 carnis
3205 1983 3380 2028 morte
3418 1974 3539 2026 uni-

1970 2070 2234 2124 versalem
2295 2078 2522 2122 mortem
2595 2066 2906 2133 perimeret.
2964 2064 3289 2120 Necessaria
3359 2067 3541 2131 itaque

1969 2160 2071 2214 luit
2105 2159 2407 2214 exinanitio
2445 2169 2497 2212 et
2559 2158 2868 2226 ignominiae
2908 2173 3004 2226 per
3046 2171 3264 2210 carnem
3301 2157 3537 2211 occasio.

1973 2250 2335 2319 Quamobrem
2378 2248 2558 2303 multis
2587 2257 2703 2301 erat
2729 2249 3016 2302 obscurum
3056 2247 3390 2317 IIIYlel‘illili.

2040 2445 2226 2512 Cyrilli
2253 2461 2315 2496 ex
2349 2444 2524 2496 eodem
2553 2442 2705 2494 libro.
2741 2441 2954 2510 (.llatth.
2987 2457 3082 2499 ιιι.
3114 2442 3222 2506 55.)

2047 2535 2248 2588 Deinde
2289 2535 2560 2602 quonme
2601 2533 2748 2596 jusm
2793 2545 2941 2586 cortu
2992 2533 3276 2584 ratiocinio
3315 2531 3540 2599 cogitari

1976 2627 2172 2697 poterit
2214 2625 2460 2679 naturale
2494 2639 2616 2677 esse
2650 2623 2805 2676 nobis
2837 2623 3033 2676 bonum
3068 2622 3150 2673 vel
3197 2623 3391 2673 malmn
3421 2663 3436 2684 ,
3491 2632 3546 2674 et

1978 2735 2082 2772 non
2103 2716 2462 2770 voluntarium
2501 2716 2687 2784 potius
2714 2725 2876 2782 atque
2907 2715 2957 2766 in
2992 2714 3251 2781 cujusque
3274 2714 3544 2767 electione

1977 2811 2258 2879 positum?
2332 2808 2764 2877 quandoquidem
2807 2825 2909 2861 tina
2963 2807 3199 2860 hominis
3249 2807 3545 2860 cxsistente

1980 2915 2191 2969 natura,
2228 2918 2501 2970 unumque
2536 2903 2586 2954 in
2625 2902 2879 2954 universo
2909 2914 3104 2968 genere
3138 2899 3411 2951 modulum
3443 2899 3542 2950 ha-

1980 2996 2160 3056 bente,
2191 2992 2278 3045 alii
2315 2991 2527 3058 quidem
2569 2991 2726 3044 b0nis
2767 2991 3007 3043 moribus
3036 2997 3182 3052 sunt,
3211 2988 3298 3040 alii
3339 2987 3542 3054 pravis.

294 3071 473 3142 ιτεροι
496 3087 510 3099 ·
544 3072 821 3144 διαφέρειν
844 3075 899 3127 δὲ
929 3077 1183 3147 οὐδαμῶς
1215 3080 1248 3147 ὴ
1284 3077 1568 3152 ἀνθρώπου
1615 3079 1776 3145 φύσις
1799 3078 1872 3142 ὡς

1981 3083 2162 3151 Neque
2196 3084 2398 3135 idcirco
2441 3081 2672 3134 hominis
2726 3091 2917 3132 natura
2978 3079 3238 3131 adversus
3275 3079 3543 3144 propriam

298 3164 434 3232 πρὸς
472 3163 635 3226 ἰδίους
677 3167 870 3236 ὁρᾶται
911 3167 1120 3236 λόγους,
1144 3170 1263 3222 οὐδὲ
1287 3170 1600 3242 μαχομένην
1619 3169 1732 3240 ἔχει
1761 3173 1873 3234 τοῖς

297 3254 500 3322 ἑαυτῆς
533 3256 786 3326 ίδιώμασι
822 3259 921 3328 τὴν
956 3264 1325 3330 κατασκευήν.

370 3344 540 3398 ὀταν
588 3363 672 3410 τις
723 3349 802 3411 εἰς
845 3337 1131 3420 ἄνθρωπον
1171 3352 1494 3422 ἡμάρτανε,
1533 3351 1756 3404 δυνατὸν
1808 3345 1876 3420 ἦν

301 3433 444 3506 ὑπὲρ
474 3437 643 3490 αὑτοῦ
682 3440 1060 3509 παρακαλέσαι
1079 3442 1170 3494 τὸν
1193 3441 1346 3493 Θεόν⁶
1366 3442 1496 3494 ὅταν
1519 3442 1576 3494 δὲ
1607 3443 1686 3503 είς
1715 3441 1876 3494 αὑτὸν

298 3526 346 3576 οἱ
383 3525 664 3596 ἄνθρωποι
708 3529 1114 3600 ἐϐλασφήμουν,
1157 3532 1260 3585 οὐκ
1319 3531 1444 3602 ἐξῆν
1495 3531 1876 3601 παρακαλέσαι

299 3614 439 3684 ὑπὲρ
467 3613 668 3668 αὐτῶν.
697 3617 842 3689 Πλὴν
875 3617 1062 3689 ἐπειδὴ
1089 3619 1165 3682 ὡς
1196 3619 1481 3689 ἄνθρωπος
1523 3617 1798 3688 ὁρώμενος
1848 3621 1877 3670 6

299 3705 394 3758 τοῦ
443 3707 578 3758 Θεοῦ
619 3709 763 3772 Υἱὸς,
796 3711 845 3762 εί
902 3711 992 3762 καὶ
1035 3711 1194 3778 φύσει
1227 3711 1362 3773 Θεὸς
1409 3707 1501 3782 ἦν,
1540 3711 1600 3763 οὐ
1637 3711 1776 3764 πάνυ
1824 3726 1875 3762 τι

300 3800 413 3858 τοίς
444 3797 727 3862 άσυνέτοις
777 3801 1124 3874 ἐγνωρίζετο,
1159 3801 1374 3854 δίδωσιν
1418 3799 1530 3854 ἐσθ’
1557 3803 1645 3854 ὅτε
1678 3804 1790 3862 τοῖς
1819 3801 1876 3866 ἐξ

303 3889 528 3955 ἀγνοίας
557 3891 960 3961 ἁμαρτάνουσιν
992 3895 1070 3956 είς
1099 3894 1262 3946 αὐτὸν
1295 3892 1625 3964 συγγνώμην
1647 3910 1660 3923 ο
1687 3897 1796 3955 τοῖς
1822 3893 1876 3946 δὲ

304 3980 382 4041 είς
404 3979 469 4032 τὸ
503 3981 750 4052 Πνεῦμα,
784 3983 1006 4054 διηνεκῆ
1037 3985 1184 4053 λέγει
1212 3985 1310 4054 τὴν
1336 3985 1556 4039 κόλασιν
1581 3984 1876 4055 ἐπάγεσθαι

306 4069 553 4139 (Πνεῦμα
575 4071 747 4140 λέγων
774 4073 966 4144 ὁλόκλη
977 4091 1066 4144 ρον
1089 4075 1185 4146 τὴν
1205 4078 1302 4145 τῆς
1329 4077 1558 4146 Τριάδος
1575 4075 1836 4147 Θεότητα)
1858 4090 1872 4104 ·

303 4160 450 4228 πλὴν
476 4160 681 4216 δίδοται
711 4167 821 4227 τοῖς
853 4163 1174 4235 μετανοοῦσι
1197 4165 1286 4218 διά
1313 4165 1412 4235 τῆς
1439 4165 1533 4218 τοῦ
1565 4167 1876 4234 Πνεύματος

303 4251 531 4319 χάριτος
558 4253 876 4324 συγγνώμη.
908 4256 1068 4309 Ἀλλὰ
1105 4257 1165 4310 τὸ
1195 4257 1424 4328 μέγεθος
1449 4256 1616 4310 θέλων
1645 4257 1814 4320 δεῖξαι
1846 4258 1874 4308 δ

273 4342 545 4412 .Χριστὸς
588 4347 682 4398 τοῦ
713 4348 1127 4420 ἁμαρτήματος,
1171 4349 1344 4411 οὕτως
1379 4347 1529 4402 εἶπεν
1555 4363 1568 4376 ⁸
1611 4349 1731 4400 ἐπεὶ
1778 4349 1876 4401 οὐκ

309 4431 453 4484 ’ἐστιν
487 4435 732 4504 ἁμαρτία
755 4437 1141 4508 ἀσυγχώρητος
1170 4438 1324 4508 παρὰ
1355 4437 1472 4507 Θεῷ
1522 4439 1578 4489 ὲν
1615 4440 1727 4500 τοῖς
1755 4454 1878 4510 γνη-

311 4524 438 4584 σίως
485 4525 579 4577 καὶ
609 4527 729 4580 κατ’
753 4527 910 4591 ἀξίαν
937 4527 1277 4597 μετανοοῦσι.

391 4635 452 4687 '0
481 4637 702 4704 ἀγαθὸς
741 4639 1049 4708 ἅνθρωπος
1080 4643 1148 4696 ἐκ
1183 4643 1288 4697 τοῦ
1317 4641 1541 4713 ἀγαθοῦ
1568 4640 1878 4711 θησαυροῦ

311 4722 416 4789 τῆς
447 4727 694 4799 καρδίας
728 4728 1005 4784 ἐκϐάλλει
1036 4732 1107 4785 τὰ
1155 4732 1347 4802 ἀγαθά
1371 4749 1383 4761 ⁸
1419 4733 1514 4786 καὶ
1559 4734 1592 4787 ὁ
1621 4731 1883 4800 πονηρὸς

309 4816 619 4885 ἁδοθρωπος
660 4821 729 4873 ἐκ
774 4822 876 4875 τοῦ
928 4825 1197 4894 πονηροῦ
1245 4825 1554 4894 θησαυροῦ
1606 4824 1883 4892 ἐκϐάλλει

310 4910 565 4977 πονηρά.

373 4999 556 5056 Ὅταν
583 5004 716 5076 λέγῃ
745 5005 1040 5078 θησαυρὸν,
1079 5006 1138 5060 τὸ
1169 5006 1373 5078 πλῆθος
1409 5008 1742 5063 ἐνδείκνυται
1775 5007 1882 5061 τῶν

311 5093 368 5148 ἓν
396 5096 461 5162 τῇ
503 5094 650 5165 ψυχῇ
677 5100 944 5166 κειμένων
967 5119 979 5131 ο
1025 5102 1111 5154 ἵνα
1148 5102 1202 5154 δὲ
1239 5103 1313 5174 μὴ
1351 5102 1548 5155 εἴπωσι
1587 5118 1730 5165 τινες
1755 5141 1768 5165 ,
1805 5103 1885 5170 ὅτι

314 5182 472 5250 φύσει
499 5185 828 5258 πεφύκαμεν
862 5191 1088 5262 πονηροὶ
1116 5193 1165 5244 οἱ
1189 5192 1486 5262 ἄνθρωποι,
1518 5192 1610 5245 ἐπὶ
1639 5193 1746 5246 τῶν
1774 5195 1880 5248 Φα-

317 5276 541 5342 ρισαίων
564 5278 720 5331 τοῦτο
750 5280 1038 5352 ἐδήλωσεν,
1070 5284 1151 5335 ὅτι
1182 5283 1406 5336 δυνατὸν
1441 5283 1578 5355 [τὸν]
1600 5285 1762 5337 αὐτὸν
1792 5285 1885 5337 καὶ

312 5365 408 5418 ενα
425 5368 712 5439 ἄνθρωπον
740 5375 868 5426 ποτὲ
895 5375 990 5445 μὲν
1015 5375 1219 5444 ἀγαθὸν
1245 5375 1521 5444 γενέσθαι,
1551 5377 1678 5434 ποτὲ
1698 5376 1754 5428 δὲ
1787 5392 1885 5429 κα-

317 5458 442 5522 κὸν,
467 5459 642 5528 λέγων
667 5479 680 5492 ο
721 5463 779 5517 '0
821 5466 1023 5535 ἀγαθὸς
1056 5467 1339 5538 ἄνθρωπος
1361 5469 1426 5521 ὲκ
1468 5466 1560 5520 τοῦ
1598 5466 1886 5536 περισσεύ-

320 5570 484 5621 ματος
518 5556 616 5626 τῆς
638 5558 863 5628 καρδίας
894 5558 1057 5612 αὑτοῦ
1084 5561 1252 5626 λαλεῖ,
1286 5560 1488 5630 ὁμοίως
1521 5559 1613 5612 καὶ
1641 5561 1668 5612 6
1695 5559 1880 5621 κακός.

399 5668 461 5720 ⁸0
481 5665 551 5720 δὲ
575 5669 917 5739 ἀποκριθεὶς
945 5668 1114 5725 εἶπεν
1152 5671 1380 5735 αὐτοῖς’
1411 5670 1599 5723 Γενεὰ
1655 5668 1890 5734 πονηίὰ

1981 3179 2240 3231 rationem
2275 3176 2534 3228 dissidere
2565 3172 2827 3235 cernitur,
2879 3185 3051 3238 neque
3087 3180 3416 3238 pugnantem
3449 3169 3544 3220 ha-

1979 3264 2104 3315 bere
2134 3278 2252 3316 cum
2277 3263 2388 3315 suis
2414 3261 2832 3329 pmprietatibns
2865 3258 3326 3312 constitutionem.

2046 3354 2275 3420 Quando
2305 3354 2565 3421 quiSpiam
2601 3352 2654 3404 in
2683 3351 2949 3404 hominem
2969 3350 3229 3416 peccavit,
3257 3348 3419 3400 Deum
3451 3359 3546 3413 pro

1977 3462 2036 3500 se
2086 3455 2260 3513 potest
2299 3446 2586 3507 invocare;
2616 3458 2736 3493 cum
2787 3456 2915 3493 vero
2945 3440 2997 3491 itt
3028 3455 3148 3492 eum
3185 3439 3548 3506 blasphemias

1979 3536 2320 3608 protulerint.
2347 3550 2462 3587 'non
2498 3535 2621 3586 licet
2665 3535 2916 3584 invocare
2949 3545 3044 3598 pro
3081 3545 3157 3583 se.
3205 3530 3336 3582 Cum
3369 3529 3548 3595 itaque

1979 3631 2140 3684 homo
2170 3628 2440 3680 videretur
2474 3626 2560 3678 Dei
2598 3623 2786 3686 Filius,
2823 3623 2920 3675 etsi
2983 3628 3168 3673 natura
3213 3621 3352 3674 Deus
3380 3629 3544 3682 esset,

1979 3735 2082 3773 non
2114 3718 2397 3771 admodum
2430 3716 2547 3768 sine
2588 3713 2859 3766 intellectu
2919 3710 3300 3766 exsistentibns
3337 3710 3547 3763 innote-

1975 3813 2183 3873 scehat,
2217 3807 2425 3860 veniam
2461 3805 2640 3874 itaque
2667 3819 2730 3858 ex
2776 3803 3077 3871 ignorantia
3104 3803 3154 3854 in
3181 3816 3297 3854 sese
3322 3815 3548 3868 peccan-

1979 3901 2122 3955 tibus
2147 3901 2411 3969 largitur;
2449 3912 2541 3951 eos
2571 3910 2722 3960 vero,
2755 3896 2845 3964 qui
2899 3895 2948 3948 in
2998 3893 3259 3962 Spiritum
3295 3901 3544 3946 sanetum

1978 4000 2222 4062 peccant,
2255 3998 2568 4061 perpetuum
2609 3987 2739 4040 dicit
2778 4001 2995 4038 manere
3046 3983 3363 4051 supplicium
3398 3982 3547 4052 (Spi-

1979 4085 2136 4138 ritum
2169 4083 2352 4136 dicens
2407 4091 2570 4133 totam
2607 4079 2886 4132 Trinitatis
2917 4075 3238 4142 Deitatem);
3283 4076 3444 4126 datur
3468 4083 3550 4124 ta-

1979 4189 2097 4226 men
2158 4171 2543 4240 pmnitentihns
2603 4185 2695 4238 per
2742 4167 2973 4237 Spiritus
3017 4167 3243 4235 gratiam
3279 4163 3544 4220 remissio.

1978 4263 2081 4316 Sed
2109 4263 2214 4333 37
2249 4263 2666 4327 magnitudinem
2714 4261 2901 4314 volens
2963 4259 3210 4314 Christus
3264 4257 3548 4310 ostendere

1979 4356 2204 4422 peccati,
2233 4353 2302 4404 ita
2351 4351 2510 4416 dixit;
2545 4365 2646 4403 non
2678 4350 2820 4403 enim
2846 4359 2929 4404 est
2961 4358 3239 4418 peccatum
3263 4345 3404 4414 quod
3439 4359 3542 4398 non

1983 4444 2218 4497 remittat
2251 4445 2410 4504 Deus,
2455 4442 2498 4496 si
2550 4442 2784 4513 legitime
2813 4452 2866 4495 et
2893 4456 2957 4494 ex
2993 4439 3253 4506 dignitate
3284 4433 3547 4502 pmniteuc

1981 4534 2052 4588 tia
2077 4543 2282 4604 agatur.

2053 4645 2284 4713 Χ11,55.
2337 4643 2511 4702 Bonus
2557 4642 2710 4695 homo
2756 4641 2820 4696 de
2879 4642 3011 4696 bono
3077 4641 3323 4695 thesauro
3377 4642 3547 4696 cordis

1981 4736 2174 4806 profert
2205 4739 2361 4804 bona,
2409 4745 2456 4788 et
2487 4737 2656 4788 malus
2687 4734 2839 4788 homo
2873 4732 2936 4788 de
2979 4731 3120 4786 male
3148 4732 3390 4786 thesauro
3435 4749 3551 4801 pro-

1984 4828 2082 4897 fert
2113 4828 2282 4884 mala.

2054 5004 2184 5058 Cum
2237 5002 2364 5055 dicit
2422 5001 2758 5060 thesaurum,
2843 4996 3240 5051 multitudinem
3289 4997 3536 5066 designat

1985 5097 2365 5164 cogitationum
2399 5091 2837 5158 voluntatumque
2861 5089 2911 5143 in
2938 5090 3264 5144 conscientia
3299 5089 3548 5144 sitarum.

1988 5187 2064 5242 Ne
2097 5197 2272 5239 autem
2315 5183 2475 5250 aliqui
2521 5182 2781 5247 dicerent,
2815 5190 3000 5234 natura
3031 5180 3197 5232 malos
3238 5192 3357 5232 esse
3383 5177 3550 5230 homi-

1990 5293 2103 5340 nes,
2161 5275 2418 5329 adversus
2470 5271 2772 5332 Pltarisa-os
2817 5269 3078 5334 dictarat,
3109 5268 3224 5322 ﬁeri
3271 5281 3428 5334 posse
3493 5277 3550 5320 ut

1989 5384 2124 5424 unus
2153 5367 2398 5436 idemque
2443 5364 2620 5428 homo,
2648 5362 2760 5440 38
2789 5362 2946 5415 modo
2973 5359 3164 5423 bonus,
3226 5356 3382 5410 modo
3441 5371 3553 5413 ma.

1989 5461 2068 5514 lus
2093 5461 2182 5514 sit.
2215 5459 2346 5512 Cum
2384 5456 2462 5511 sic
2489 5455 2632 5508 dicat
2667 5470 2681 5505 :
2719 5453 2896 5506 Bonus
2926 5451 3084 5506 homo
3113 5463 3178 5502 ex
3221 5448 3550 5510 abundantia

1987 5551 2162 5605 cordis
2181 5550 2262 5604 sui
2296 5547 2550 5616 loquitur,
2575 5544 2824 5600 similiter
2852 5548 2906 5595 et
2937 5540 3126 5594 malus.

2057 5660 2270 5732 39.1w:
2289 5668 2458 5714 autem
2475 5654 2783 5725 respondens
2800 5652 2933 5706 dixit
2953 5651 3024 5706 eis
3044 5648 3548 5721 :Generatioprava,
