3986 6198
335 245 440 300 H5

1317 238 1373 290 ὃ.
1417 235 1685 292 CYBILLI
1728 230 2190 290 ALEXANDRINl
2227 230 2547 290 ARCIIIEP.

3489 219 3594 278 H6

335 356 592 429 guitionis
626 354 727 409 sibi
766 354 998 423 reponit.
1035 351 1158 407 ideo
1181 352 1367 407 beatos
1405 353 1534 407 dicit
1555 352 1906 420 comprehen-

2017 345 2260 412 γνώσεως
2285 346 2465 416 ἑαυτῷ
2492 344 2845 414 ἀποθέμενος.
2869 342 2957 396 Διὸ
2989 338 3284 412 μακαρίζει
3313 337 3437 399 τοὺς
3467 354 3592 391 συν-

337 456 524 504 deutes
565 448 618 500 in
660 463 718 502 se
759 446 981 515 legalem
1027 455 1080 499 et
1125 447 1491 515 evangelicam
1534 445 1904 512 disciplinam,

338 541 408 592 ita
447 551 502 591 ut
539 548 789 608 promant
822 553 886 590 ex
914 540 1170 592 thesauro
1206 553 1303 591 suo
1342 553 1474 591 nova
1505 545 1558 592 et
1595 548 1813 592 vetera:
1851 547 1906 590 ut

338 626 502 678 etiam
543 624 666 676 alibi
710 626 785 678 ait
822 642 834 678 :
879 643 897 675 ι
938 623 1141 678 Mittam
1181 625 1331 679 vobis
1371 626 1644 696 sapientes
1681 635 1734 680 et
1773 627 1910 680 scri-

340 713 456 766 bas.
499 732 518 763 ι
558 712 785 766 Videsne
818 715 1088 780 quomodo
1124 714 1367 768 Veterem
1408 729 1510 767 nou
1550 715 1778 783 rejiciat,
1814 717 1907 770 sed

337 805 519 860 lmdct
550 805 742 874 legem,
776 807 1089 858 thesaurum
1121 821 1238 858 eam
1269 806 1501 861 vocans?
1532 807 1676 859 Adeo
1704 816 1760 860 ut
1791 806 1904 875 qui-

339 912 549 962 cunque
576 896 876 949 divinarum
909 896 1312 961 Scripturarutn
1345 898 1514 968 ignari
1544 910 1689 963 sunt,
1709 905 1912 966 patres-

341 985 571 1038 iauulias
601 1002 719 1039 esse
751 1003 853 1038 non
879 987 1121 1054 possint;
1155 1004 1328 1056 neque
1360 989 1578 1050 divites,
1607 991 1898 1057 quicunqut

339 1092 514 1144 neque
543 1078 639 1142 ipsi
670 1077 888 1140 habent,
918 1093 1014 1132 nec
1041 1080 1105 1132 ab
1135 1079 1255 1132 aliis
1283 1081 1576 1147 accipiunt,
1606 1082 1699 1133 sed
1731 1080 1912 1133 vident

343 1169 548 1236 St'IpSOS
580 1167 720 1222 latine
751 1181 1034 1236 pereuntes
1065 1185 1079 1222 :
1115 1186 1220 1224 non
1256 1180 1462 1225 tantum
1494 1182 1673 1224 autem
1708 1173 1792 1234 hi,
1822 1187 1911 1226 ve-

343 1275 460 1312 rum
489 1260 650 1312 etiam
683 1261 918 1314 haeretici
954 1261 1134 1329 procul
1169 1262 1234 1316 ab
1268 1262 1366 1315 hac
1399 1261 1732 1317 beatitudine
1761 1270 1908 1316 sunt.

340 1348 453 1402 Non
505 1354 648 1404 enim
695 1354 976 1420 proferunt
1036 1370 1170 1407 nova
1227 1363 1278 1408 et
1329 1366 1541 1421 vetera;
1588 1372 1760 1425 neque
1795 1355 1909 1423 jam

337 1447 520 1491 vetera
549 1439 768 1506 habent,
828 1442 1054 1510 ideoque
1107 1459 1280 1512 neque
1341 1460 1495 1498 nova.
1549 1445 1908 1511 Quamobrem

338 1531 503 1600 igitur
535 1531 587 1586 hi
620 1533 710 1602 qui
743 1548 878 1588 nova
913 1550 1017 1588 non
1057 1536 1274 1600 habent,
1305 1545 1359 1591 et
1386 1533 1582 1602 Judaei,
1615 1553 1789 1605 neque
1819 1552 1911 1592 ve-

338 1629 451 1675 tera
496 1623 715 1690 habent,
751 1626 844 1678 sed
889 1625 1130 1694 utrisque
1177 1628 1373 1696 privati
1421 1637 1568 1691 sunt,
1611 1629 1724 1683 hate
1764 1630 1906 1683 enim

338 1712 440 1766 sibi
482 1713 709 1768 invicem
756 1716 1000 1784 colligata
1043 1731 1168 1771 sunt
1223 1730 1276 1772 et
1317 1735 1579 1774 connexa.
1611 1720 1908 1776 Audiamus

340 1802 524 1872 igitur,
565 1804 871 1873 quicunque
912 1805 1194 1861 lectionem
1239 1807 1643 1877 Scripturarum
1689 1810 1909 1879 negligi-

341 1908 479 1956 Intts,
501 1893 659 1962 quale
685 1895 938 1950 damnum
963 1898 1252 1965 patiamur,
1277 1907 1531 1967 quantam
1558 1901 1866 1968 pauperiem
1892 1919 1905 1954 :

340 1997 446 2037 non
490 1986 631 2037 enim
681 1999 901 2054 operum
950 1987 1394 2055 gubernationem
1441 1990 1772 2056 accipimus,
1817 1990 1909 2058 qui

340 2074 480 2140 ipsas
499 2074 640 2144 leges
667 2077 860 2142 quibus
891 2077 1223 2143 gubernandi
1256 2094 1440 2132 sumus
1477 2080 1769 2134 nescimus.
1799 2078 1910 2154 45

339 2159 439 2227 Qui
506 2179 632 2217 vero
697 2165 889 2218 divites
943 2176 1086 2230 sunt,
1159 2167 1374 2220 assidue
1434 2169 1752 2223 vestimenta
1813 2187 1908 2223 sua

338 2256 643 2320 excutiunt,
673 2271 737 2308 ne
767 2257 1030 2309 tinearum
1050 2271 1186 2311 esca:
1217 2259 1375 2324 tiant;
1406 2274 1502 2312 nos
1519 2270 1719 2324 autem,
1752 2261 1908 2316 tineis

340 2346 572 2414 pejorem
627 2347 866 2401 videntes
893 2349 1087 2403 animze
1115 2358 1310 2404 nostr:e
1337 2351 1657 2407 ollicientem
1685 2355 1908 2407 oblivio-

342 2451 488 2500 nem,
517 2452 621 2490 non
649 2436 948 2490 insistimus
975 2438 1148 2506 libris,
1179 2456 1273 2508 per
1297 2457 1431 2510 quos
1456 2443 1636 2497 anima
1664 2452 1906 2501 ornatur.

408 2623 550 2687 XIII,
588 2625 677 2681 54.
720 2624 789 2679 Et
818 2627 1019 2680 reniens
1047 2627 1100 2678 in
1127 2627 1355 2694 patriam
1389 2640 1560 2678 suam.

407 2717 690 2773 Civitatem
723 2736 873 2772 suam
913 2719 1232 2772 Nazaretum
1273 2734 1394 2771 esse
1447 2719 1667 2782 fatetur,
1719 2727 1905 2788 quate-

342 2825 442 2864 nus
499 2809 745 2862 videlicet
797 2810 1019 2862 tlelluito
1066 2809 1116 2861 in
1165 2823 1394 2877 corpore
1453 2818 1601 2874 erat,
1644 2819 1698 2863 et
1747 2825 1911 2863 carne

343 2901 714 2952 tantummodo
746 2899 1038 2963 limitalus,
1077 2899 1122 2954 is
1175 2901 1262 2967 qui
1301 2901 1499 2967 alioqui
1553 2903 1910 2956 itnmensura-

341 2988 460 3040 bilis
485 2999 596 3040 erat
628 2988 787 3040 Deus.
816 2987 944 3041 Nam
975 2991 1099 3056 quia
1132 2989 1269 3042 Deus
1302 2990 1459 3043 simul
1493 2992 1760 3058 homoque
1794 3001 1899 3053 est,
1936 3028 1986 3094 ο

341 3078 498 3132 modo
527 3079 740 3147 quidem
770 3089 1040 3147 quatenus
1071 3077 1305 3132 Verbum
1333 3091 1414 3132 est
1445 3082 1511 3133 de
1551 3081 1710 3136 Patre
1754 3082 1908 3134 cliul-

338 3184 491 3238 geus,
520 3180 667 3224 totus
710 3185 805 3223 ceu
837 3170 955 3222 talis
995 3170 1047 3222 in
1103 3185 1267 3224 carne
1313 3186 1528 3240 quoque
1572 3174 1907 3242 intelligitur.

344 3260 592 3314 Vicissim
644 3261 936 3329 aliquando
964 3269 1231 3330 quatenus
1270 3278 1395 3317 caro
1421 3274 1542 3327 est,
1581 3266 1788 3319 etiamsi
1824 3283 1912 3319 na-

339 3353 587 3408 turaliter
628 3351 861 3407 Verbum
888 3362 1009 3418 est,
1068 3364 1122 3407 et
1173 3355 1225 3408 in
1272 3371 1370 3410 sua
1431 3357 1665 3410 naturali
1711 3359 1908 3414 unione

343 3444 660 3506 consistens,
695 3459 789 3496 ceu
817 3443 860 3497 si
895 3452 1038 3497 totus
1073 3445 1236 3500 homo
1269 3455 1432 3510 esset,
1466 3448 1691 3518 intelligi
1720 3448 1897 3503 solet:

339 3536 413 3590 ita
445 3545 503 3590 ut
537 3535 830 3589 divinitatis
855 3536 1018 3588 etiam
1067 3537 1326 3590 attributa
1372 3539 1695 3592 naturaliter
1737 3539 1907 3608 appli-

336 3637 527 3680 centur
553 3642 647 3682 ceu
682 3626 799 3680 sine
841 3641 1003 3681 carne
1044 3628 1329 3682 exsisteuti
1371 3629 1538 3697 quiin
1584 3646 1748 3684 carne
1793 3642 1908 3698 est;

337 3719 682 3785 vicissimque
707 3719 1057 3770 humanitatis
1092 3721 1356 3774 attributa
1378 3723 1729 3792 assignentur
1752 3726 1907 3794 quasi

337 3808 532 3861 divina:
581 3817 786 3860 natura:
843 3807 1205 3874 proprietates
1239 3825 1346 3862 non
1387 3813 1606 3865 habenti
1633 3851 1649 3876 ,
1694 3815 1906 3868 etiamsi

339 3910 524 3950 revera
548 3893 686 3948 Deus
717 3905 905 3963 suapte
931 3904 1119 3949 natura
1135 3907 1238 3950 est.
1259 3897 1423 3967 Igitur
1439 3910 1705 3968 quatenus
1771 3904 1912 3958 Deus

338 3988 676 4056 intelligitur,
707 3987 907 4040 nullum
951 3989 1304 4056 requietionis
1334 4006 1446 4046 sua:
1478 3991 1654 4047 locum
1706 3993 1908 4060 habet,

337 4080 461 4148 quia
505 4079 661 4142 loco,
721 4081 1273 4150 circumscriptione,
1330 4098 1579 4138 ntensura
1631 4086 1912 4156 ﬁguraque

336 4175 481 4230 muni
517 4175 781 4229 excelsior
829 4184 931 4229 est.
973 4175 1251 4241 Quatenus
1282 4187 1460 4232 autem
1497 4194 1647 4248 teque
1701 4196 1765 4234 ac
1814 4195 1912 4236 nos

337 4266 498 4321 homo
540 4265 884 4336 intelligitur,
937 4282 1160 4337 prorsus
1215 4285 1335 4322 cum
1390 4285 1552 4324 carne
1608 4287 1704 4326 sua
1757 4282 1812 4326 et
1857 4273 1907 4328 in

336 4357 470 4420 locis
495 4367 600 4418 est,
629 4366 683 4411 et
715 4360 990 4428 propriam
1016 4359 1294 4428 civitatem
1329 4361 1584 4419 habuisse
1613 4365 1834 4422 dicitur.

407 4447 546 4513 XIV,
581 4449 667 4504 15.
703 4449 916 4504 Dimitte
946 4450 1146 4506 turbas.

404 4541 539 4608 Quid
569 4541 696 4596 illud
726 4543 929 4606 dimitte
957 4547 1047 4606 sit,
1077 4546 1360 4618 diligenter
1385 4547 1744 4618 inquiramus.
1775 4550 1904 4616 Qui-

333 4634 455 4684 dam
490 4634 632 4686 enim
668 4650 852 4688 eorum
886 4637 978 4704 qui
1012 4635 1284 4691 Christum
1318 4642 1685 4706 sequebantur
1714 4653 1764 4695 et
1799 4645 1902 4698 sub

335 4726 699 4793 hnprohorum
739 4738 1021 4794 parentum
1059 4729 1379 4782 tenebantur
1413 4740 1697 4799 potestate,
1735 4733 1801 4784 ab
1839 4734 1902 4788 iis

336 4815 550 4871 liberari
593 4818 886 4883 rogabant;
925 4816 1011 4869 alii
1064 4832 1191 4871 vero
1232 4818 1300 4872 ab
1336 4821 1458 4876 aliis
1501 4821 1902 4880 inﬁrmitatibus

402 5000 448 5032 "
474 4995 660 5054 Matth.
691 5015 845 5063 mu,
873 4998 962 5053 54.

403 5155 478 5221 (1)
523 5155 706 5208 Πόλιν
736 5183 804 5193 —
831 5148 1178 5220 ἐσχηκέναι.
1221 5149 1320 5203 Mai
1373 5148 1436 5207 Β.
1481 5149 1551 5205 Ν.
1586 5151 1648 5216 ΙΙ,
1681 5169 1732 5221 p.
1772 5153 1896 5208 480.

406 5228 482 5295 (9.)
511 5224 790 5295 Ταυτότης
819 5222 918 5275 hoc
953 5223 1068 5273 loco
1103 5221 1313 5295 nonnisi
1345 5223 1411 5295 de
1458 5223 1705 5295 duarum
1740 5234 1901 5276 natu-

336 5291 514 5348 rarum
549 5297 648 5350 sub
689 5291 844 5346 unica
905 5306 1130 5358 persona
1168 5291 1495 5344 adunatione
1543 5292 1765 5359 intelligi
1811 5309 1902 5361 po-

336 5373 463 5424 test.
493 5381 612 5418 cum
649 5366 855 5418 centies
877 5362 1002 5414 alibi
1041 5361 1322 5427 utriusque
1350 5362 1403 5414 in
1443 5361 1660 5414 Christo
1697 5374 1903 5415 naturae

338 5436 803 5486 corusci-rationem
854 5429 1087 5502 Cyrillns
1150 5429 1523 5502 aﬂirmaverit.
1584 5429 1900 5502 IIujusmodi

339 5503 541 5555 dictum
569 5503 709 5554 aliud
737 5499 920 5568 Cyrilli
958 5500 1169 5556 celebre
1211 5499 1312 5554 fuit
1351 5501 1402 5553 in
1444 5514 1530 5568 ep.
1565 5501 1630 5552 ad
1664 5502 1904 5554 Succen-

341 5586 460 5625 snm
494 5589 507 5624 :
539 5586 644 5622 una
667 5581 739 5622 est
774 5570 871 5622 Dei
902 5570 1052 5623 Verbi
1082 5572 1360 5624 incantata
1400 5579 1612 5624 natura.
1650 5571 1899 5624 Attamen

340 5639 588 5697 vocabuli
627 5637 784 5708 huius
815 5639 1078 5710 ταυτότης
1108 5655 1293 5703 caua.
1339 5649 1470 5712 puto
1501 5639 1902 5711 Monophysitas

2013 439 2331 506 ενεγκόντας
2359 440 2416 491 ὲν
2451 439 2661 499 ἑαυτοῖς
2693 435 2920 505 νομικὴν
2954 433 3202 486 παιδείαν
3236 431 3328 483 καὶ
3359 430 3594 498 εὐαγγε-

2011 531 2188 601 λικὴν,
2221 531 2359 582 ὥστε
2402 529 2680 582 ἐκϐάλλειν
2709 529 2772 580 ἐκ
2801 526 2892 580 τοῦ
2921 523 3198 595 θησαυροῦ
3239 522 3336 574 νέα
3363 523 3455 574 καὶ
3491 538 3595 574 πα-

2011 620 2168 674 λαιά·
2217 619 2398 684 καθὼς
2446 621 2537 672 καὶ
2581 618 2812 690 ἀλλαχοῦ
2845 635 3008 686 φησιν
3032 634 3046 647 ’
3088 635 3106 666 ι
3130 613 3437 691 Ἀποστελῶ
3468 614 3596 696 ὑμῖν

2015 715 2210 781 coeo);
2245 714 2338 765 καὶ
2372 713 2755 781 γραμματέας.
2791 729 2807 760 ι
2844 707 2994 770 Εἶδες
3036 707 3152 770 πῶς
3195 707 3294 758 οὑκ
3343 704 3595 758 ἐκϐάλλει

2011 806 2106 874 τὴν
2145 805 2408 868 Παλαιὰν,
2436 803 2569 856 ἀλλὰ
2600 805 2692 855 καὶ
2723 801 3082 872 ἐγκωμιάζει,
3116 797 3386 869 θησαυρὸν
3426 797 3597 864 αὐτὴν

2011 895 2224 961 καλὼνς
2259 897 2418 948 Ὥστε
2456 895 2569 948 ὅσοι
2598 894 2704 946 τῶν
2737 892 2896 946 θείων
2930 893 3065 944 εἰσὶν
3098 890 3311 958 ἄπειροι
3339 886 3594 957 ι’ραςρῶν,

2010 988 2110 1040 οὑκ
2156 987 2220 1041 ἂν
2265 984 2373 1038 εἶεν
2415 986 2811 1046 οἱκοδεσπόται,
2846 984 2966 1036 οὐδὲ
3013 982 3276 1044 πλούσιοι,
3308 982 3422 1034 ὅσοι
3456 981 3595 1049 μήτε

2011 1079 2166 1131 αὑτοὶ
2213 1078 2392 1147 έχουσι
2441 1077 2578 1147 μήτε
2629 1076 2757 1145 παρ’
2787 1076 2988 1144 ἑτέρων
3034 1073 3426 1143 λαμϐάνουσιν,
3459 1071 3596 1124 ἀλλὰ

2011 1169 2337 1240 περιορῶσιν
2375 1170 2598 1232 ἑαυτοὺς
2629 1168 2771 1236 λιμῴ
2805 1165 3217 1236 φθειρομένους·
3249 1165 3346 1234 οὐχ
3374 1157 3518 1216 οὗτοι
3539 1163 3598 1216 δὲ

2015 1260 2196 1330 μόνον,
2229 1258 2364 1312 ἀλλὰ
2399 1260 2492 1312 καὶ
2529 1260 2576 1310 ol
2607 1256 2874 1328 αἱρετικοὶ
2908 1256 3064 1318 ἐκτός
3095 1256 3198 1307 είσι
3229 1253 3321 1306 τοῦ
3355 1271 3595 1323 μακαρι-

2013 1349 2148 1419 σμοῦ
2192 1349 2402 1402 τούτου.
2435 1349 2510 1400 Οὐ
2541 1348 2648 1416 γάρ
2680 1346 2998 1399 ἐκϐάλλουσι
3030 1343 3194 1398 καινά
3223 1343 3315 1396 καὶ
3345 1341 3555 1396 παλαιά
3576 1357 3591 1373 ⁸

2009 1440 2129 1493 οὑδὲ
2173 1440 2282 1510 γάρ
2336 1438 2518 1508 έχουσι
2567 1439 2636 1490 τά
2682 1436 2909 1500 παλαιά,
2961 1435 3041 1489 διὸ
3094 1435 3188 1488 καὶ
3239 1435 3359 1487 οὑδὲ
3410 1435 3591 1488 καινά.

2014 1533 2221 1602 Ὥσπερ
2259 1527 2351 1585 οὖν
2393 1532 2442 1584 οἱ
2475 1530 2637 1584 καινά
2673 1530 2774 1584 οὐκ
2801 1529 3035 1598 ἔχοντες,
3067 1527 3144 1590 ὼς
3181 1527 3441 1588 Ἰουδαῖοι,
3475 1526 3595 1578 οὑὸὶ

2013 1624 2218 1677 παλαιά
2276 1622 2512 1693 ἔχουσιν,
2563 1621 2676 1676 ἀλλ’
2709 1621 2986 1690 ἑκατέρων
3033 1619 3375 1690 ἐστέρηνται.
3409 1617 3595 1671 Ταῦτα

2015 1714 2123 1786 γὰρ
2152 1714 2400 1781 ἀλληλοις
2441 1713 2744 1766 συνδέδεται
2783 1712 2877 1765 καὶ
2912 1709 3591 1782 συμπλέκεται.⁹Ακοὺσω-

2019 1825 2117 1877 μεν
2159 1808 2338 1860 τοίνυν
2385 1808 2497 1860 ὅσοι
2545 1807 2643 1877 τῆς
2674 1805 3028 1874 ἀναγνώσεως
3057 1805 3163 1858 τῶν
3198 1805 3425 1874 Γραφῶθ
3458 1806 3596 1874 άμεο

2015 1897 2232 1968 λοῦμεν,
2269 1899 2399 1968 ὅσην
2450 1897 2794 1967 ὑπομένομεν
2845 1895 3073 1967 βλάϐην,
3107 1897 3238 1965 ὅσην
3286 1895 3506 1948 πενίανο
3531 1895 3593 1947 οὑ

2016 1991 2125 2059 γάρ
2158 2007 2285 2043 ποτε
2315 1991 2414 2061 τῆς
2435 1989 2523 2043 διὰ
2551 1989 2658 2042 τῶν
2689 1987 2866 2059 ἔργων
2895 1986 3266 2056 ἐπιλαϐόμεθα
3299 1986 3592 2050 πολιτείας,

2016 2084 2066 2135 οἱ
2110 2082 2244 2152 μηδὲ
2290 2083 2487 2146 αὑτοὺς
2524 2083 2650 2144 τοὺς
2682 2082 2879 2152 νόμους
2927 2081 3127 2142 εἰδότες
3170 2079 3286 2132 καθ’
3314 2077 3408 2141 οὓς
3447 2078 3597 2131 πολι-

2015 2171 2267 2225 τεύεσθαι
2335 2175 2476 2243 χρή’
2529 2171 2644 2226 ἀλλ’
2685 2174 2732 2224 οἱ
2789 2173 2886 2241 μὲν
2944 2170 3299 2233 πλουτοῦντες
3359 2170 3596 2240 συνεχῶς

2015 2263 2355 2316 τινάσσουσιν
2405 2261 2583 2315 αὐτῶν
2630 2261 2698 2314 τά
2745 2261 2954 2330 ἱμάτια,
2985 2261 3124 2315 ὥστε
3158 2260 3231 2328 μὴ
3277 2260 3595 2330 σητόϐρωτα

2015 2355 2281 2422 γίνεσθαι.
2301 2354 2490 2423 Ἡμεῖς
2534 2353 2592 2406 δὲ
2640 2353 2802 2423 σητδς
2848 2351 3227 2422 χαλεπώτερον
3265 2352 3495 2421 ὁρῶντες
3528 2354 3592 2422 τῇ

2016 2446 2155 2518 λήθῃ
2185 2443 2586 2515 λυμαινομένην
2627 2445 2783 2514 ἡμῶν
2828 2447 2927 2515 τὴν
2973 2443 3173 2514 ψυχὴν,
3202 2443 3301 2496 οὐκ
3328 2443 3594 2514 ἐντυγχά-

2017 2553 2179 2607 νομεν
2217 2535 2442 2604 βιϐλίοις
2467 2535 2534 2588 δι’
2563 2527 2638 2588 ὧν
2672 2534 3070 2598 καλλωπίζεται
3106 2536 3138 2605 ἡ
3166 2533 3336 2604 ψυχή.

2086 2625 2197 2679 Καὶ
2226 2625 2420 2680 ἐλθὼν
2459 2629 2546 2692 εις
2591 2627 2704 2694 τὴν
2744 2626 2998 2694 πατρίδα
3028 2624 3236 2679 αὐτοῦ.

2088 2719 2248 2771 Πόλιν
2284 2718 2448 2787 (1)δὲ
2497 2717 2702 2770 οἰκείαν
2747 2717 2999 2786 ὁμολογεῖ
3053 2716 3151 2786 τὴν
3205 2715 3482 2785 Ναζαρὲτ.
3520 2713 3595 2776 ὡς

2019 2809 2411 2878 πεποσωμένος
2443 2810 2532 2862 διὰ
2561 2809 2624 2862 τὸ
2656 2809 2948 2879 σῶμα,καὶ
2967 2807 3052 2860 διὰ
3087 2807 3252 2878 μόνην
3283 2808 3381 2876 τὴν
3413 2807 3592 2877 σάρκα

2021 2901 2388 2971 μετρούμενος
2421 2940 2436 2963 ,
2466 2900 2644 2954 καίτοι
2692 2899 2830 2952 κατὰ
2865 2898 3025 2967 φύσιν
3058 2899 3362 2970 ἀμέτρητος
3414 2897 3489 2950 ὢν
3520 2897 3595 2960 ὡς

2016 2991 2174 3054 Θεός’
2205 2991 2391 3060 ἐπειδὴ
2443 2991 2554 3062 γάρ
2603 2993 2659 3043 ὲν
2710 2990 2893 3060 ταυτῷ
2945 2989 3079 3052 Θεός
3123 2988 3182 3041 τέ
3215 2993 3329 3042 ἐστι
3373 2990 3466 3046 καὶ
3507 2989 3598 3043 ἄν·

2015 3083 2252 3154 θρωπος,
2285 3083 2415 3136 ποτὲ
2457 3083 2555 3152 μὲν
2661 3082 2830 3150 Λόγος
2863 3082 3009 3135 ἐστὶν
3030 3083 3093 3133 ὲκ
3118 3081 3332 3152 Πατρὸς
3362 3082 3596 3152 άναλάμυ

2013 3174 2139 3243 ψας,
2173 3173 2291 3237 ὅλος
2341 3173 2416 3236 ὡς
2452 3171 2611 3225 τοῦτο
2652 3173 2914 3243 ὑπάρχων
2946 3174 3148 3224 νοεῖται
3177 3172 3317 3242 μετὰ
3355 3171 3554 3242 σαρκός
3578 3187 3594 3202 ο

2014 3266 2145 3320 ποτὲ
2191 3265 2248 3318 δὲ
2295 3258 2524 3337 πάλι.νῇ
2579 3264 2804 3332 γέγονεν
2841 3263 2998 3334 σὰρξ,
3046 3264 3225 3317 καίτοι
3253 3263 3394 3315 κατά
3434 3262 3595 3330 φύσιν

2014 3357 2274 3426 ὑπάρχων
2301 3354 2494 3422 Λόγος,
2535 3355 2628 3407 καὶ
2656 3355 2711 3404 ὲν
2741 3353 3032 3422 ταυτότητι
3073 3352 3149 3422 (‘2)
3188 3353 3286 3420 τῆς
3328 3351 3462 3414 ἰδίας
3498 3351 3597 3419 φύε

2014 3467 2150 3512 σεως
2196 3447 2583 3518 ἐρηρεισμένος
2612 3487 2627 3511 ,
2658 3448 2856 3499 νοεῖται
2902 3445 3064 3497 πάλιν
3101 3444 3176 3507 ὼς
3220 3446 3338 3506 ὅλος
3372 3444 3448 3495 ὢν
3500 3444 3592 3497 ἆν-

2013 3539 2230 3610 θρωπος
2252 3558 2264 3570 ·
2295 3539 2370 3602 ὠς
2403 3540 2497 3592 καὶ
2531 3539 2655 3601 τοὺς
2678 3538 2774 3607 τῆς
2805 3537 3058 3606 θεότητος
3091 3537 3239 3606 αὑτῷ
3270 3537 3408 3589 κατὰ
3434 3537 3593 3604 φύσιν

2012 3631 2406 3703 ἐναρμόζεσθαι
2431 3631 2624 3698 λόγους
2646 3668 2660 3691 ,
2693 3629 2768 3692 ὡς
2803 3629 3036 3699 άσάρκῳ
3066 3631 3203 3697 μετὰ
3237 3629 3438 3700 σαρκός
3457 3644 3470 3656 ·
3501 3629 3592 3682 καὶ

2011 3725 2138 3786 τοὺς
2170 3725 2268 3793 τῆς
2299 3722 2740 3794 άνθρωπότητος,
2789 3720 2862 3782 ὼς
2891 3721 2994 3773 οὑκ
3040 3721 3218 3790 ἔχοντι
3261 3723 3403 3773 κατὰ
3432 3720 3591 3788 φύσιν

2011 3814 2079 3866 τὰ
2111 3814 2210 3882 τῆς
2245 3814 2496 3884 θεότητος
2527 3813 2657 3875 ἴδια,
2683 3813 2775 3865 καὶ
2809 3814 2855 3865 εί
2886 3811 3016 3875 Θεὸς
3044 3813 3188 3865 κατά
3215 3811 3375 3882 φύσιν
3404 3813 3550 3867 ἐστίν
3572 3829 3586 3844 '

2011 3898 2261 3976 οὑκοῦνῇ
2293 3905 2391 3974 μὲν
2423 3907 2624 3958 νοεῖται
2662 3905 2813 3968 Θεὸς,
2844 3903 3033 3958 οὐδένα
3061 3904 3160 3974 τῆς
3189 3904 3588 3970 καταπαύσεως

2012 3995 2122 4065 ἔχει
2149 3996 2313 4048 τόπον
2333 4012 2344 4024 ·
2378 3996 2636 4066 ἀνωτέρω
2661 3996 2767 4066 γάρ
2798 3996 2966 4049 τόπου
3007 3997 3100 4050 καὶ
3130 3997 3475 4066 περιγραφῆς
3497 3998 3591 4051 καὶ

2015 4089 2212 4160 μέτρου
2259 4089 2351 4142 καὶ
2412 4089 2686 4158 σχήματος
2713 4105 2725 4118 °
2756 4084 2789 4162 ᾖ
2830 4088 2887 4142 δὲ
2925 4092 3126 4144 νοεῖται
3157 4089 3276 4142 καθ’
3315 4091 3461 4160 ἡμᾶς
3493 4091 3588 4144 ἁν-

2012 4181 2250 4252 θρωπος,
2289 4179 2447 4250 δῆλον
2470 4181 2553 4234 ὅτι
2591 4180 2731 4250 μετὰ
2790 4180 2993 4251 σαρκὸς
3023 4182 3116 4234 καί
3143 4183 3202 4234 ἐν
3228 4181 3415 4245 τόποις
3450 4183 3585 4247 ἐστὶ,

2012 4274 2108 4326 καὶ
2144 4273 2296 4326 πόλιν
2346 4271 2480 4324 ἰδίαν
2517 4271 2812 4343 ἐσχηκέναι
2845 4271 3063 4340 λέγεται
3105 4273 3201 4342 (ὅ).

2091 4457 2427 4510 Ἀπόλυσον
2457 4454 2599 4521 τοὺς
2633 4453 2880 4523 ὄχλους.

2082 4548 2147 4600 Τί
2191 4547 2252 4600 τὸ
2283 4548 2601 4602 ἀπόλυσον
2638 4545 2806 4610 ἐστὶν,
2839 4543 3181 4615 ἐξετάσωμεν
3226 4545 3490 4617 ἀκριϐῶς.
3524 4549 3587 4601 Ol

2011 4641 2112 4712 μὲν
2143 4641 2252 4693 τῶν
2277 4638 2711 4694 ἀκολουθούντων
2736 4638 2813 4708 τῷ
2846 4636 3089 4707 Χριστῷ,
3128 4638 3384 4708 πονηρῶν
3425 4640 3590 4692 πατέ-

2012 4751 2119 4804 ρων
2147 4734 2475 4804 συνεχόντων
2502 4733 2716 4794 αὐτοὺς,
2739 4728 3177 4785 ἀπαλλάττεσθαι
3200 4731 3544 4800 παρεκάλουν
3571 4749 3582 4761 ·
3613 4771 3624 4776 -

2006 4825 2053 4877 οι
2092 4823 2150 4877 δὲ
2182 4824 2276 4877 καὶ
2314 4823 2513 4895 ἑτέρων
2555 4821 3005 4895 ἀρρωστημάτων
3035 4819 3263 4892 ἐζήτουν
3302 4819 3585 4877 ἀπόθεσιν.

2007 5155 2152 5237 inter
2185 5169 2280 5209 sua
2321 5171 2387 5210 ex
2439 5153 2643 5226 Cyrillo
2690 5168 2942 5228 excerpta
2996 5158 3098 5215 hoc
3147 5162 3306 5216 etiam
3355 5161 3586 5218 colloca-

2010 5240 2171 5279 νιεεθ.
3241 5243 3246 5248 ’

2080 5295 2160 5370 (5__)
2197 5295 2755 5370 Atlmiremnruadbuc
2783 5297 2848 5370 in
2883 5298 2984 5370 hoc
3016 5300 3232 5370 egregio
3284 5299 3585 5368 fragmento

2009 5362 2467 5436 studiumCyrilli
2513 5365 2841 5420 allirmandae
2889 5362 3296 5423 Verbi'deitatis
3345 5362 3579 5425 aEtt-rnze.

2010 5432 2156 5507 Tulit
2186 5432 2374 5507 utique
2405 5435 2733 5507 Alesandria
2779 5437 3003 5504 Arium;
3037 5439 3129 5491 sed
3172 5439 3296 5491 huic
3336 5441 3582 5507 opposuit

2010 5504 2190 5574 divina
2227 5505 2566 5574 providentia
2611 5519 2676 5574 ex
2707 5507 2821 5574 ipsa
2853 5509 2986 5560 urbe
3005 5504 3582 5562 Alexandrinat'rimu-

2009 5572 2198 5647 phales
2213 5571 2599 5647 debellatores,
2617 5571 2831 5647 Petrum
2862 5587 3173 5647 martyrem.
3194 5578 3573 5647 Alexandrum,

2012 5642 2098 5715 (de
2131 5657 2238 5714 quo
2272 5658 2370 5698 nos
2403 5645 2632 5715 postea),
2669 5642 3052 5714 Athanasium,
3088 5646 3366 5715 Cyrillum.
