3986 6198
350 195 450 247 “'3

1409 189 1464 245 5.
1506 186 1778 244 CYBILLI
1820 184 2287 240 ALEXANDRINI
2327 181 2644 240 ARCHIEP.

3500 181 3597 241 ΩΟ

352 314 418 366 ad
462 325 761 379 vesperam,
790 317 846 364 nt
882 309 1134 364 ostendat
1173 322 1276 363 non
1323 307 1480 362 facile
1521 305 1736 359 taedium
1785 303 1927 356 illius

2039 302 2286 372 ἑσπέρας,
2319 302 2405 353 ῖνα
2441 297 2591 369 δείξῃ
2627 298 2707 351 δτι
2748 298 2808 350 οὐ
2853 298 2959 370 χρὴ
2990 298 3269 369 ἀψικόρως
3308 297 3452 368 ἔχειν
3482 301 3602 371 περὶ

356 418 453 456 nos
489 403 669 455 subire
729 402 950 462 debere,
981 400 1073 455 sed
1107 397 1528 466 exspectandum
1564 410 1701 457 esse,
1732 408 1794 447 ac
1819 392 1925 445 lon-

356 493 719 560 ganimitatem
741 491 1096 544 exhibendam
1124 507 1137 542 :
1171 489 1260 543 hic
1304 487 1520 556 quidem
1556 486 1716 555 igitur
1744 499 1927 538 ascen-

357 582 452 641 dit,
483 580 665 648 ibique
696 581 893 633 oravit.
936 580 1188 647 Discipuli
1246 592 1374 631 vero
1412 576 1607 629 iterum
1652 575 1926 644 iactantur

355 670 607 725 “Ilt‘lilllls
637 686 699 725 ac
728 672 960 725 hiemem
1014 671 1157 723 velut
1200 680 1325 723 ante
1374 669 1658 728 sustinent,
1684 667 1926 720 sedtunc

354 762 571 829 quidem
602 776 723 815 cum
750 762 921 830 ipsum
958 763 1216 813 haberent
1254 760 1306 812 in
1342 759 1483 821 navi,
1512 758 1562 810 id
1608 756 1750 825 passi
1779 766 1924 819 sunt,

358 866 499 904 nunc
531 866 715 905 secum
769 853 1096 905 exsiSIentes
1128 851 1265 915 soli;
1295 850 1522 903 seorsim
1557 847 1700 902 enim
1740 848 1927 917 paula-

358 943 453 995 tim
481 943 545 995 ad
604 942 809 1011 majora
849 957 943 995 eos
999 942 1242 1010 perducit
1292 942 1606 1007 animatque
1660 948 1719 991 ut
1768 954 1927 1008 gene-

361 1050 482 1091 roso
537 1035 716 1089 animo
767 1036 944 1089 omnia
1010 1033 1250 1102 perferre
1316 1032 1548 1087 discant.
1616 1028 1925 1098 PrOpterea,

356 1143 476 1182 cum
510 1128 685 1197 primo
720 1128 936 1196 quidem
976 1124 1433 1194 periclitarentur,
1464 1121 1652 1174 aderat
1688 1121 1925 1187 quidem,

356 1220 451 1273 sed
506 1218 826 1281 dormiebat,
858 1218 992 1270 adeo
1040 1225 1096 1269 ut
1144 1224 1364 1284 paratus
1412 1213 1633 1264 minime
1684 1220 1827 1265 esset
1862 1210 1928 1263 ad

359 1311 636 1364 ferendum
672 1310 780 1364 illis
819 1308 1096 1361 solatium.
1135 1305 1286 1358 Nune
1322 1319 1448 1358 vero
1489 1303 1554 1356 ad
1604 1303 1806 1369 majora
1834 1316 1929 1355 eos

364 1405 586 1461 ducens,
627 1415 692 1453 ne
755 1400 852 1453 hoc
911 1397 1126 1468 quidem
1186 1406 1425 1466 praestat,
1480 1396 1572 1449 sed
1605 1394 1732 1455 abit,
1778 1401 1830 1446 et
1875 1392 1927 1443 in

361 1492 533 1545 medio
563 1492 693 1541 mari
725 1489 991 1558 permittit
1038 1489 1271 1541 hiemem
1327 1499 1642 1557 exsurgere,
1685 1495 1741 1537 ut
1790 1482 1930 1536 unde

356 1595 505 1650 spem
524 1579 1118 1647 salutisexspectarent,
1141 1577 1247 1648 50
1267 1593 1370 1630 non
1397 1578 1691 1640 baberent;
1729 1588 1791 1626 ac
1820 1582 1929 1625 tota

2032 392 2221 453 αὑτοῦ,
2268 392 2379 445 ἀλλ’
2409 392 2721 460 ὑπομένειν,
2768 389 2865 444 καὶ
2912 388 3287 460 μακροθυμίαν
3344 388 3598 442 ἐνδείκνυο

2034 484 2156 536 σθαι
2193 482 2363 553 (I).'0
2393 482 2489 551 μὲν
2524 476 2617 534 οὖν
2649 482 2935 534 ἀνέϐαινεν
2983 481 3179 543 ἐκεῖσε,
3224 480 3313 533 καὶ
3370 480 3603 550 προσηύ-

2033 588 2177 645 χετο·
2206 575 2254 626 οἱ
2285 574 2340 626 δέ
2367 572 2605 643 μαθηταὶ
2630 571 3046 636 κλυδωνίζονται
3073 558 3235 623 πάλιν
3255 571 3346 623 καὶ
3362 571 3605 640 χειμῶνα

2035 665 2397 733 ὑπομένουσιν
2422 659 2531 716 οἷον
2558 665 2652 716 καὶ
2683 664 2966 733 πρότερον.
2988 662 3149 715 Ἀλλά
3177 662 3297 714 τότε
3329 661 3427 730 μὲν
3458 661 3606 731 ἔχον-

2032 774 2120 820 τες
2152 756 2313 808 αὐτὸν
2340 758 2396 808 ἐν
2425 755 2501 826 τῷ
2530 755 2700 825 πλοίῳ
2740 753 2899 808 τοῦτο
2943 754 3207 823 ἔπασχον,
3238 748 3355 806 νυνὶ
3393 752 3448 805 δέ
3477 753 3609 805 καθ’

2034 850 2257 913 ἑαυτοὺς
2285 850 2437 912 ὄντες
2466 849 2636 919 μόνοι.
2658 848 2766 902 Κα)⁸
2786 847 2894 918 γὰρ
2918 849 3102 917 ἠρέμα
3131 848 3220 899 καὶ
3246 846 3386 899 κατά
3416 844 3609 916 μικρὸν

2034 941 2123 993 ἐπὶ
2155 942 2220 993 τὰ
2253 941 2474 1011 μείζονα
2504 941 2701 1003 αὐτοὺς
2733 940 2944 1007 ἀνάγει.
2982 940 3075 991 καὶ
3106 937 3392 1006 ἐμϐιϐάζει
3433 939 3513 999 είς
3551 935 3612 989 τὸ

2035 1034 2220 1103 φέρειν
2247 1033 2423 1085 πάντα
2457 1033 2717 1099 γενναίως
2739 1049 2752 1061 ·
2787 1032 2871 1084 διὰ
2906 1031 2969 1102 δὴ
2999 1031 3177 1095 τοῦτο,
3202 1032 3289 1083 ὅτε
3326 1029 3426 1100 μέν
3458 1029 3610 1101 πρῶ-

2033 1139 2124 1174 τον
2154 1122 2485 1175 κινδυνεύειν
2518 1121 2762 1192 ἔμελλον,
2791 1121 2970 1192 παρῆν
2995 1120 3113 1189 μὲν,
3145 1120 3403 1173 ἐκάθευδε
3437 1119 3515 1181 δέ,
3535 1118 3614 1180 ὡς

2039 1214 2114 1284 μὴ
2153 1213 2369 1283 ἕτοιμος
2410 1212 2594 1266 δοῦναι
2635 1214 2733 1283 τὴν
2779 1212 3128 1281 παραμυθίαν
3154 1213 3370 1273 αὐτοῖς’
3409 1212 3527 1264 νυνὶ
3555 1210 3613 1263 δὲ

2037 1307 2126 1357 ἐπὶ
2159 1303 2380 1375 μείζονα
2407 1305 2554 1372 ἄγων
2578 1305 2773 1366 αὐτοὺς
2796 1304 3093 1375 ὑπομονὴν,
3116 1305 3235 1356 ούδέ
3263 1302 3449 1355 τοῦτο·
3482 1302 3614 1356 ἀλλ’

2036 1398 2222 1451 ἄπεισι
2254 1396 2347 1448 καὶ
2382 1398 2440 1448 ἐν
2481 1396 2620 1466 μέσῃ
2660 1394 2898 1466 θαλάσσῃ
2930 1397 3204 1465 συγχωρεῖ
3234 1395 3324 1446 τὸν
3366 1393 3613 1464 χειμῶνα

2037 1487 2399 1557 διεγερθῆναι,
2432 1488 2571 1541 ὥστε
2619 1486 2753 1556 μηδέ
2800 1486 3165 1557 προσδοκῆσαί
3213 1486 3371 1538 ποθεν
3418 1484 3615 1539 ἐλπίδα

2040 1579 2334 1647 σωτηρίας,
2369 1579 2462 1630 καὶ
2506 1577 2635 1646 ὃλην
2662 1578 2761 1647 τὴν
2790 1577 2958 1630 νύκτα
3000 1576 3224 1647 ἀφίησιν
3254 1578 3448 1641 αὐτοὺς
3482 1576 3615 1630 κλυ-

360 1683 516 1727 nocte
564 1688 659 1727 eos
692 1672 884 1741 jactari
911 1671 1061 1731 sinit,
1092 1679 1445 1732 excaecatum,
1472 1677 1530 1721 ut
1577 1682 1677 1736 ego
1714 1666 1926 1733 quidem

2039 1668 2366 1733 Βωνίζεσθαι,
2398 1669 2679 1737 διεγείρων
2710 1669 2911 1733 αὐτῶν,
2938 1668 3013 1731 ὡς
3056 1662 3229 1739 οἶμαι,
3262 1668 3615 1739 πεπωρωμέ-

358 1764 615 1826 arbitror,
665 1777 852 1815 eorum
916 1775 1012 1815 cor
1079 1760 1446 1813 excitans:ut
1500 1765 1649 1809 tanto
1717 1755 1926 1815 timore,

358 1870 517 1922 quem
548 1864 603 1907 et
642 1862 852 1922 tempus
905 1861 955 1905 et
1008 1860 1299 1921 tempestas
1355 1849 1639 1911 faciebant,
1671 1844 1931 1915 perculsis

359 1944 530 2013 majus
568 1946 651 1999 sui
689 1944 1020 1999 desiderium
1068 1959 1131 1996 ac
1189 1941 1483 1995 ﬁrmiorem
1548 1948 1609 1995 et
1659 1938 1929 1992 assiduam

362 2039 675 2092 memoriam
731 2037 1103 2106 conciperent.
1156 2035 1279 2088 ldeo
1331 2050 1437 2087 non
1466 2032 1648 2088 statim
1703 2034 1783 2085 eis
1830 2031 1928 2083 ad-

359 2131 519 2183 stitit.

426 2217 566 2285 XIV,
606 2218 695 2273 9.7.
730 2215 1014 2286 Canﬁdite,
1042 2234 1132 2288 ego
1161 2233 1297 2271 sum.

429 2309 647 2373 Dicens,
687 2329 703 2362 ι
737 2309 1022 2375 Cnnlidite,
1065 2327 1082 2358 ι
1118 2308 1273 2362 ﬁdem
1302 2306 1498 2374 repetit
1524 2320 1797 2375 perquam
1824 2303 1931 2358 sal-

360 2411 518 2454 ratur
546 2400 917 2469 unusquisque
943 2399 994 2451 iu
1026 2398 1298 2452 Christum
1325 2398 1535 2451 sincere
1562 2395 1929 2456 credentium;

359 2493 561 2545 addens
606 2506 751 2555 vero,
807 2509 824 2540 ι
856 2489 965 2558 Ego
1018 2504 1159 2553 sum,
1195 2507 1214 2541 ι
1270 2503 1485 2542 omnem
1528 2489 1775 2540 timorem
1824 2485 1931 2539 sol-

358 2584 433 2637 vit
467 2601 482 2637 :
514 2582 624 2652 Ego
655 2582 798 2637 enim
820 2621 835 2648 ,
871 2581 1063 2649 inquit,
1088 2596 1228 2644 sum,
1258 2595 1356 2649 ego
1392 2578 1482 2649 qui
1507 2578 1684 2633 omnia
1714 2592 1929 2646 possum

357 2673 557 2727 Licere.

433 2764 534 2835 51
582 2763 697 2831 XV,
732 2765 785 2819 7.
819 2762 1042 2818 Irrilum
1092 2763 1288 2833 fecistis
1335 2760 1641 2815 mandatum
1676 2757 1769 2811 Dei
1805 2775 1931 2825 pro-

355 2866 468 2925 pter
492 2857 826 2907 traditionem
873 2865 1116 2907 vestram.

456 2947 816 3000 Accesserunt
883 2946 1098 3014 quidam
1157 2942 1463 2997 Iudaeorum
1511 2952 1567 2997 et
1611 2957 1932 2996 consecrare

359 3040 646 3093 voluerunt
694 3037 907 3089 animas
942 3052 1067 3090 snas
1103 3036 1229 3097 Deo,
1257 3045 1508 3102 tanquam
1534 3036 1585 3086 in
1618 3035 1786 3103 lignra
1822 3034 1933 3102 qui-

360 3131 479 3180 dem
539 3126 717 3177 adhuc
739 3133 792 3177 et
824 3125 875 3176 in
906 3123 1128 3185 utnbra;
1159 3123 1456 3175 secundum
1521 3122 1690 3191 legem
1752 3131 1930 3173 tamen

359 3216 702 3277 confitcntes,
732 3229 951 3268 suorum
1002 3214 1239 3281 ipsorum
1306 3212 1477 3281 pretia
1543 3212 1932 3275 sacerdotibus,

362 3325 426 3363 ac
483 3308 661 3361 divino
723 3306 878 3359 altari
929 3303 1325 3358 afferunt:sed
1382 3305 1666 3374 cupiebant
1717 3305 1931 3373 quidem

364 3399 600 3454 nonnulli
645 3398 786 3453 hanc
811 3397 1057 3467 gloriam,
1099 3397 1295 3458 sancti,
1323 3396 1563 3465 inquam,
1594 3410 1718 3450 esse
1747 3411 1812 3449 ac
1849 3411 1935 3448 sa-

364 3494 466 3558 rri,
516 3490 865 3557 divinumque
923 3491 1249 3554 anathema;
1308 3489 1483 3558 inopia
1542 3498 1721 3541 autem
1775 3502 1935 3555 pecn-

363 3586 572 3637 niarum
632 3581 983 3650 cupiditatem
1044 3580 1185 3633 hanc
1238 3578 1690 3647 prmscindebant.
1726 3577 1933 3631 Adhor-

364 3676 599 3728 tantibus
629 3684 808 3726 autem
853 3687 965 3736 eos,
995 3686 1114 3723 cum
1149 3685 1285 3738 opus
1320 3679 1484 3733 esset,
1509 3670 1573 3722 ad
1608 3670 1707 3722 hoc
1730 3666 1934 3721 Scribis

362 3781 425 3819 ac
454 3762 748 3818 Phariszeis
804 3760 1128 3827 (admodum
1188 3760 1332 3811 enim
1388 3761 1737 3828 pecuniarum
1777 3766 1935 3811 erant

361 3851 666 3922 amantes),
704 3848 1063 3904 reverentiam
1121 3848 1173 3901 in
1218 3857 1467 3916 parentes
1505 3848 1928 3916 prmtendehant,

362 3960 595 4012 vereque
640 3942 892 3995 dicebant
940 3942 1029 3994 vix
1074 3953 1234 4009 posse
1277 3953 1335 3992 se
1387 3938 1489 3991 sibi
1546 3938 1675 4005 ipsis
1722 3938 1933 4006 illisque

364 4034 673 4089 necessaria
706 4030 1069 4101 suppeditare.
1110 4029 1174 4083 lli
1237 4043 1366 4083 vero
1396 4044 1425 4082 e
1472 4039 1658 4083 contra
1704 4031 1932 4083 suadere

361 4126 649 4188 audebant,
675 4138 772 4192 pro
823 4122 990 4176 nihilo
1031 4120 1302 4175 ducendas
1349 4134 1469 4175 esse
1523 4124 1782 4190 pecunias
1810 4135 1931 4188 pro-

361 4228 480 4289 ptcr
516 4217 709 4279 Deum,
760 4224 814 4268 et
852 4214 895 4267 si
939 4212 1261 4267 accederent
1312 4223 1565 4282 parentes
1615 4222 1928 4267 consuetum

2031 1776 2127 1829 νην
2168 1761 2264 1830 τὴν
2293 1760 2537 1830 καρδίαν.
2570 1762 2679 1813 Καὶ
2704 1760 2812 1830 γὰρ
2840 1760 3079 1813 τοιοῦτον
3108 1762 3135 1813 ὀ
3167 1760 3350 1828 φόϐος,
3379 1759 3436 1813 δν
3471 1760 3616 1829 μετὰ

2032 1852 2297 1922 χειμῶνος
2326 1853 2418 1905 καὶ
2442 1851 2470 1903 ὁ
2502 1852 2691 1921 καιρὸς
2718 1854 2928 1904 ἐποίει·
2970 1852 3109 1922 μετά
3142 1852 3198 1904 δέ
3230 1855 3327 1922 τῆς
3374 1851 3613 1905 κατανύ-

2031 1941 2165 2009 ξεως
2196 1947 2288 1995 καὶ
2316 1944 2396 2006 είς
2428 1941 2720 2011 ἐπιθυμίαν
2755 1942 2976 2012 μείζονα
3003 1943 3201 2007 αὐτοὺς
3247 1942 3467 1996 ἐνέϐαλε
3508 1943 3609 2014 τὴν

2030 2031 2249 2094 ἑαυτοῦ,
2284 2033 2379 2086 καὶ
2410 2035 2487 2097 εἰς
2528 2035 2747 2102 μνήμην
2786 2032 3031 2104 διηνεκῆ’
3060 2033 3147 2085 διὰ
3178 2034 3333 2086 τοῦτο
3371 2032 3473 2085 οὐκ
3519 2033 3609 2085 εὑ-

2032 2123 2168 2186 θεώς
2197 2124 2380 2187 αὐτοῖς
2405 2124 2629 2194 ἐπέστη.

2106 2215 2405 2282 Θαρσεῖτε,
2440 2214 2554 2284 ἐγώ
2589 2219 2726 2285 ειμι.

2105 2304 2285 2373 Εοέπὼν
2318 2306 2419 2377 (2),
2451 2325 2467 2356 ι
2501 2305 2761 2377 Θαρσεῖτε
2787 2347 2803 2371 ,
2846 2327 2866 2359 ι
2909 2309 3004 2380 τὴν
3036 2310 3216 2363 πίστιν
3255 2310 3503 2364 ἀπαιτεῖ·
3541 2311 3603 2364 δι’

2033 2393 2099 2470 ἦς
2129 2398 2360 2460 ἕκαστος
2389 2397 2495 2450 τῶν
2526 2398 2835 2470 εἰλικρινῶς
2879 2403 2957 2465 εἰς
2988 2402 3220 2472 Χριστὸν
3247 2404 3611 2458 πιστευόντων

2036 2485 2267 2548 σώζεται
2290 2502 2304 2516 ο
2343 2485 2641 2553 ἐπαγαγὼν
2668 2486 2747 2549 δὲ,
2795 2506 2815 2541 ‹
2865 2488 3004 2557 Ἐγώ
3031 2493 3178 2561 είμι,
3220 2508 3237 2542 ι
3284 2490 3400 2544 λύει
3434 2492 3616 2545 πάντα

2035 2575 2229 2641 φόϐονδ
2271 2574 2413 2642 Ἐγὼ
2446 2574 2573 2645 γὰρ,
2627 2578 2810 2646 φησὶν,
2842 2580 2980 2649 εἰμὶ,
3011 2580 3039 2631 ό
3092 2581 3272 2634 πάντα
3317 2581 3617 2651 δυνάμενος

2035 2683 2163 2735 ποιη
2173 2684 2281 2720 σαι.

2116 2758 2483 2827 Ἠκυρὼο-ατε
2532 2760 2646 2829 τὴν
2690 2761 2952 2829 ἐντολὴν
2993 2762 3099 2817 τοῦ
3154 2762 3302 2816 Θεοῦ
3348 2764 3449 2818 διὰ
3497 2763 3619 2832 τὴν

2033 2848 2372 2916 παράδοσιν
2412 2850 2599 2921 ὑμῶν.

2107 2944 2423 3015 Προοῄεσάν
2479 2963 2626 3008 τινες
2682 2944 2790 2997 τῶν
2841 2944 3109 2998 Ἰουδαίων
3170 2946 3264 2998 καὶ
3324 2946 3618 3019 καθιεροῦν

2035 3035 2360 3099 ἐσπούδαζον
2406 3036 2484 3106 τῷ
2530 3036 2646 3107 Θεῷ
2675 3036 2772 3100 τὰς
2800 3036 3010 3090 ἑαυτῶν
3037 3036 3235 3107 ψυχὰς,
3267 3037 3343 3101 ὡς
3373 3039 3429 3090 ἐν
3455 3037 3619 3109 τύπῳ

2037 3128 2136 3198 μὲν
2182 3127 2262 3181 ἔτι
2312 3130 2404 3181 καὶ
2453 3131 2609 3199 σκιᾷ·
2643 3129 2784 3199 πλὴν
2830 3128 2971 3182 κατὰ
3005 3129 3092 3181 τὸν
3133 3130 3296 3199 νόμον
3339 3130 3438 3193 τάς
3486 3131 3620 3201 περὶ

2036 3218 2184 3287 σερῶν
2228 3218 2408 3271 αὐτῶν
2453 3218 2842 3288 ὁμολογοῦντες
2872 3217 3038 3288 τιμὰς
3080 3221 3190 3281 τοῖς
3236 3219 3484 3290 ἱερᾶσθαι
3523 3220 3621 3273 λα-

2035 3308 2225 3379 χοῦσι,
2286 3310 2378 3362 καὶ
2427 3308 2503 3379 τῷ
2547 3310 2677 3379 θείῳ
2732 3308 3154 3379 προσεδρεύουσι
3200 3308 3617 3382 θυσιαστηρίῳο

2034 3398 2150 3451 ἀλλ’
2179 3396 2316 3469 ἦσάν
2365 3417 2510 3463 τινες
2556 3400 2831 3470 ἐφιέμενοι
2883 3399 2980 3469 μὲν)
3025 3401 3123 3469 τῆς
3171 3401 3382 3453 τοιᾶσδε
3429 3401 3617 3471 δόξης,

2034 3490 2127 3543 τοῦ
2151 3492 2483 3560 ἡγιασμένοι
2511 3488 2668 3556 εἶναι,
2700 3492 2862 3561 φημὶ,
2888 3493 2980 3543 καὶ
3006 3493 3159 3562 ἱεροὶ,
3193 3493 3287 3544 καὶ
3313 3492 3455 3546 θεῖον
3484 3496 3619 3547 ἀνά-

2035 3582 2186 3653 θημα
2205 3599 2218 3613 ⁸
2255 3583 2446 3636 σπάνει
2473 3582 2528 3636 δὲ
2553 3583 2849 3653 χρημάτων
2876 3583 3269 3646 ἀνακόπτοντες
3297 3585 3393 3656 τὴν
3420 3585 3615 3639 ἐπιθυ-

2038 3674 2184 3743 μίαν.
2220 3674 2643 3744 Προτρεπόντων
2673 3675 2728 3727 δέ
2758 3674 2953 3737 αὐτοὺς
2976 3675 3066 3727 ἐπὶ
3092 3674 3150 3728 τὸ
3180 3676 3290 3728 δεῖν
3312 3673 3451 3731 εἶναι
3478 3678 3618 3749 πρὸς

2033 3765 2191 3818 τοῦτο
2222 3766 2326 3819 τῶν
2357 3766 2663 3836 Φαρισαίων
2693 3765 2786 3818 καὶ
2808 3765 3186 3835 Γραμματέων
3218 3770 3616 3841 (ἐρασιχρημά-

2033 3871 2115 3907 τοι
2152 3848 2294 3909 οὗτοι
2323 3855 2500 3925 λίαν),
2547 3853 2643 3923 τὴν
2683 3855 2763 3917 εἰς
2805 3854 3000 3920 γονέας
3042 3854 3174 3907 αίδὼ
3219 3858 3611 3925 προετείνοντο,

2034 3944 2129 3996 καὶ
2161 3943 2511 4012 ἀληθεύοντες
2542 3943 2747 4011 ἔλεγον,
2779 3943 2931 4013 μόλις
2978 3942 3236 3997 δύνασθαι
3266 3945 3481 4010 ἑαυτοῖς
3507 3948 3614 4000 κά-

2034 4034 2231 4095 κείνοις
2254 4033 2320 4086 τά
2347 4033 2567 4104 ξωαρκῆ
2598 4035 2934 4105 πορίζεσθαι.
2962 4036 3023 4087 Οἱ
3045 4035 3097 4088 δὲ
3123 4036 3436 4090 ἀναπείθειν
3462 4039 3615 4093 ἐτόλη-

2037 4143 2151 4195 μων
2176 4125 2305 4196 παρ’
2336 4124 2487 4177 οὐδὲν
2516 4124 2762 4194 ἡγεῖσθαι
2795 4125 2856 4177 τὸ
2881 4127 3068 4196 χρῆμα
3092 4127 3181 4180 διά
3212 4128 3302 4181 τὸν
3330 4129 3481 4194 Θεὸν,
3505 4131 3611 4184 κᾶν

2033 4216 2306 4287 προσίοιεν
2347 4218 2395 4267 οἱ
2440 4216 2827 4286 γεγεννηκότες
2868 4218 2965 4287 τὴν
3021 4218 3225 4289 συνήθη
3275 4220 3405 4289 παρ’
3433 4222 3612 4274 αὐτῶν

363 4310 433 4362 ab
492 4308 573 4361 eis
630 4304 996 4359 ministerium
1057 4303 1412 4371 postulantes,
1463 4302 1748 4357 dicendum
1811 4316 1929 4354 esse

2039 4306 2319 4377 ζητοῦντες
2366 4306 2702 4377 ἐπικουρίαν,
2747 4308 2941 4377 χρῆναι
2986 4308 3163 4376 λέγειν
3211 4311 3488 4365 ἐδίδασκον
3534 4315 3612 4383 τῷ

361 4398 629 4454 docebant
650 4397 786 4466 patri
815 4406 908 4449 aut
940 4395 1094 4447 matri
1125 4412 1139 4448 :
1174 4413 1191 4444 ι
1231 4394 1421 4448 Munus
1447 4403 1548 4457 est,
1575 4395 1931 4462 quodcunque

362 4508 427 4546 ex
480 4506 566 4545 me
600 4490 695 4544 tibi
747 4487 1037 4558 profuerit,
1094 4505 1112 4537 ι
1150 4487 1201 4540 id
1236 4496 1338 4549 est,
1377 4486 1745 4553 Quodcunque
1782 4500 1810 4537 a
1843 4498 1927 4538 me

363 4580 658 4649 acceperis,
710 4592 978 4649 cegnosce
1035 4577 1212 4630 divino
1250 4575 1569 4644 derogatum
1625 4588 1749 4628 esse
1801 4589 1931 4627 ana-

364 4673 613 4733 themati,
642 4680 696 4724 et
753 4672 923 4725 sacris
973 4670 1215 4739 pecuniis
1272 4682 1461 4719 manus
1509 4680 1627 4721 esse
1681 4666 1926 4734 injectas.

364 4763 686 4818 Consecravi
725 4764 867 4815 enim
899 4772 1094 4814 memet
1140 4760 1268 4824 Deo,
1302 4766 1355 4811 et
1381 4769 1633 4826 tanquam
1665 4756 1807 4810 dono
1834 4757 1930 4810 ad-

364 4855 495 4908 dixi.
527 4852 784 4906 Parentes
808 4865 937 4905 vero
962 4865 1141 4903 rerum
1163 4862 1441 4902 sacrarum
1478 4848 1730 4901 damnum
1748 4848 1926 4912 veriti,

365 4944 680 5016 legibusque
702 4941 765 4994 de
793 4941 877 4994 bis
907 4939 1029 4993 latis
1068 4936 1323 5008 perculsi,
1368 4953 1488 4990 cum
1548 4938 1932 5007 patientiahoc

366 5032 793 5105 concoquebant,
845 5046 908 5085 ac
961 5030 1067 5101 52
1118 5028 1426 5098 religionem
1477 5030 1530 5082 in
1601 5027 1770 5083 Deum
1828 5028 1931 5084 sibi

368 5128 481 5181 fieri
540 5125 699 5180 famis
745 5132 1066 5193 praetextum
1109 5120 1487 5190 patiebantur,
1515 5122 1931 5174 obmurmuran-

370 5228 446 5270 tes
474 5215 614 5269 forte
642 5216 804 5269 etiam
836 5214 1015 5269 divino
1053 5220 1318 5283 praecepto
1351 5212 1403 5263 in
1450 5226 1575 5265 suas
1614 5210 1931 5280 opportuni-

430 5371 516 5451 μ)
544 5370 744 5451 Catena
773 5370 1015 5451 (inmori
1046 5386 1098 5451 ρ.
1128 5369 1229 5451 Ηβ
1254 5368 1401 5451 addit
1430 5385 1443 5421 :
1473 5368 1723 5451 Διδάσκει
1745 5370 1801 5426 δὲ
1833 5373 1928 5451 κιρ

548 5457 563 5471 ·
610 5440 845 5513 ὦστεέν
878 5434 924 5509 ᾧ
958 5434 1137 5512 χρεία,
1185 5438 1485 5513 ὀφείλομενΔ
1514 5440 1580 5513 τά
1628 5442 1926 5513 κοινωφελῆ

369 5509 546 5581 λαλεῖν
590 5512 698 5572 τοῖς
756 5508 1172 5581 ἐντυγχάνουσιν
1198 5550 1212 5572 ,
1238 5509 1330 5561 καὶ
1364 5508 1500 5581 μετά
1526 5509 1622 5579 τὴν
1672 5508 1927 5581 τοιαύτην

366 5578 598 5643 διάλεξιν
648 5581 741 5630 καὶ
790 5578 1172 5643 διδασκαλίαν,
1202 5581 1292 5631 ἐπὶ
1335 5580 1431 5648 τὴν
1473 5578 1778 5650 προσευχὴν
1824 5578 1932 5651 χω-

2036 4397 2202 4467 πατρὶ
2236 4397 2265 4467 ἦ
2300 4400 2363 4467 τῇ
2393 4396 2577 4467 μητρὶ,
2602 4398 2682 4450 ὅτι
2709 4417 2728 4447 ι
2748 4397 2927 4468 Δῶρόν
2949 4400 3120 4464 ἐστιν,
3140 4401 3278 4471 ὅπερ
3306 4402 3370 4455 ἂν
3392 4404 3450 4468 ἐξ
3475 4403 3611 4473 ἐμοῦ

2034 4488 2339 4558 ὠφεληθῇς,
2374 4507 2392 4539 ι
2424 4488 2719 4549 τουτέστιν,
2745 4488 2923 4559 Ὅπερ
2944 4489 3009 4542 ἂν
3029 4490 3087 4556 ἐξ
3126 4490 3259 4560 ἐμοῦ
3290 4492 3495 4556 λάϐοις,
3530 4494 3614 4562 γί-

2034 4597 2209 4633 νωσκε
2234 4579 2295 4631 τὸ
2314 4579 2454 4631 θεῖον
2477 4577 2883 4650 παραϐλάπτων
2915 4580 3192 4650 ἀνάθημα,
3219 4583 3313 4635 καὶ
3334 4585 3614 4654 χρήμασιν

2037 4671 2199 4741 ἱεροῖς
2226 4670 2324 4733 τὰς
2364 4672 2554 4741 χεῖρας
2597 4669 2815 4737 ἐπάγων
2839 4688 2852 4701 ·
2887 4671 3212 4724 ἀνατέθεικα
3241 4675 3350 4744 γάρ
3378 4674 3613 4744 ἐμαυτὸν

2037 4764 2132 4816 καὶ
2175 4763 2249 4826 ὡς
2287 4762 2459 4833 δῶρον
2500 4764 2845 4833 ἐπήγγελμαι
2879 4761 2957 4830 τῷ
2994 4762 3132 4833 Θεῷ.
3164 4765 3226 4818 Ol.
3254 4765 3310 4818 δέ
3338 4769 3518 4834 γονεῖς
3546 4766 3614 4819 τά

2037 4856 2100 4906 ἐκ
2129 4856 2228 4925 τῆς
2258 4854 2561 4924 ἱεροσυλίας
2591 4854 2823 4918 δεδιότες
2863 4854 3056 4926 βλάϐη,
3089 4857 3183 4910 καὶ
3214 4857 3338 4922 τοὺς
3363 4856 3454 4910 ἐπὶ
3479 4856 3613 4927 τῷδε

2036 4945 2233 5015 νόμους
2267 4944 2684 5018 διαπεφρικότες
2712 4946 3101 5019 διεκαρτέρουν
3142 4947 3489 5017 οίμὼζονττς,
3519 4950 3612 5002 καὶ

2035 5038 2134 5108 τὴν
2172 5037 2251 5101 είς
2295 5036 2428 5090 Θεὸν
2480 5037 2766 5091 εὐσέϐειαν
2810 5037 3085 5109 πρόφασιν
3134 5041 3315 5105 αὐτοῖς
3361 5040 3609 5109 γενέσθαι

2032 5129 2192 5201 λιμοῦ
2227 5127 2560 5194 διετείνοντο,
2598 5131 3078 5202 κατακεκραγότες
3105 5131 3247 5203 τάχα
3273 5148 3375 5186 που
3397 5133 3492 5187 καὶ
3515 5134 3611 5203 τῆς

2037 5217 2186 5281 θείας
2214 5216 2432 5287 ἐντολῆς
2460 5214 2751 5288 ἀδικούσης
2786 5216 2981 5280 αὐτοὺς
3016 5219 3097 5280 είς
3138 5219 3207 5271 τὰ
3253 5219 3607 5290 καιριώτατα.

2034 5376 2166 5445 ρεῖν.

2106 5440 2414 5514 (magian
2441 5472 2509 5484 ——
2555 5441 2824 5514 ποιῆσαι.
2880 5442 3125 5498 Cramer.
3173 5459 3228 5514 p.
3260 5442 3385 5501 H8.
3434 5444 3604 5499 Verba

2030 5511 2265 5636 item?
2292 5511 2588 5581 δυνάμενος
2620 5512 2840 5581 ποιῆσαι
2876 5513 3148 5568 adduntur
3170 5511 3236 5570 ex
3276 5522 3466 5571 catena
3502 5513 3598 5571 Vi-

2065 5600 2181 5636 tcan
2224 5620 2239 5635 .
3154 5602 3159 5606 ι

2065 5600 2239 5636 ΙῐὍΙΙθ.
3154 5602 3159 5606 ‘
