3986 6198
298 258 396 313 lii

1465 259 1820 318 COMMENT.
1863 261 1928 316 ια
1970 262 2404 320 ΜΑΤἸἮᾹΣΟΜ.

3453 265 3556 325 ωε

305 399 319 426 ε
357 378 456 431 Διὰ
505 378 557 432 τί
597 379 798 444 τοίνυν,
831 379 1016 451 φησιν,
1049 381 1370 455 ἡκυρώσατι
1397 382 1497 454 τὴν
1532 383 1753 453 ἐντολὴν
1784 382 1878 436 τοῦ

1996 395 2122 440 tates
2181 385 2414 454 injurio:
2449 403 2469 436 ι
2509 383 2636 447 Cur,
2671 384 2835 453 igitur
2891 385 3003 448 alt,
3060 383 3273 438 irritum
3347 381 3556 438 fecistis

296 469 456 533 θεοῦ,
489 468 578 522 διὰ
601 469 700 540 τὴν
726 471 1023 541 παράδοσιν
1055 472 1247 543 ὑμῶνς
1282 491 1300 524 ι
1323 473 1469 528 Ἔδει
1495 472 1622 544 γὰρ,
1659 473 1764 527 ἔδει
1797 489 1880 527 τι-

300 561 411 628 ,ιᾷν
439 561 570 627 τοὺς
602 560 905 628 φύσαντας,
935 561 994 614 οὐ
1025 565 1125 633 τῆς
1156 564 1234 626 είς
1254 562 1386 616 Θεὸν
1414 563 1694 628 εὐσεϐείας
1717 563 1882 617 ἕνεκα

307 666 388 704 σον
412 651 500 704 ἐπ’
527 652 712 714 αὐτοῖς
740 653 1030 708 καταλύειν
1057 655 1239 725 νόμον.
1271 655 1481 709 Οὐκοῦν
1509 653 1633 709 οὔτε
1663 656 1771 710 τῶν
1803 654 1880 724 τῷ

297 743 416 814 Θεῷ
450 743 770 816 πρεπόντων
800 744 1099 815 ἀμελητέον
1143 744 1231 798 διὰ
1275 745 1344 798 τὰ
1386 745 1721 816 ἀνθρώπινα,
1756 744 1878 798 οὕτε

301 835 406 907 μὴν
434 835 669 889 είσάπαν
696 837 807 890 τῶν
835 836 1134 907 ἀνθρώπων
1167 835 1255 889 διὰ
1277 837 1368 889 τὸν
1399 837 1534 891 Θεὸν
1565 839 1878 908 καταμελη-

297 928 447 982 τέον·
477 925 850 997 ἀπονέμοντας
883 929 938 981 δὲ
971 929 1168 998 μᾶλλον
1199 929 1260 981 τδ
1287 929 1387 999 τῆς
1415 929 1633 1000 ἀγάπης
1667 929 1880 999 ἐξαίρε-

300 1035 390 1071 τον
410 1021 475 1088 τῇ
499 1019 719 1072 πάντων
749 1019 913 1088 ἀρχῇ,
933 1017 1178 1072 τουτέστι
1204 1018 1343 1088 Θεῷ,
1371 1019 1621 1090 καθάπερ
1647 1022 1704 1072 ὲν
1728 1021 1880 1086 τάξει

300 1110 529 1182 δευτέρᾳ
550 1111 647 1163 καὶ
668 1109 868 1178 γείτονι
899 1108 1298 1180 παρακομίζειν
1325 1108 1506 1173 εὐθὺς,
1535 1109 1627 1162 καὶ
1652 1111 1732 1172 είς
1757 1112 1880 1173 τοὺς

299 1202 398 1272 τῆς
428 1201 696 1269 γενέσεως
721 1201 1026 1270 ὑπουργοὺς
1048 1200 1146 1265 τὰς
1174 1200 1357 1264 αὐτοῖς
1379 1201 1460 1252 ὅτι
1487 1200 1720 1270 μάλιστα
1749 1217 1877 1272 πρε-

301 1290 510 1354 πούσας
530 1291 715 1361 τιμάς.

377 1383 557 1436 Οὔπω
591 1381 802 1436 νοεῖτε.

373 1473 512 1536 Τοὺς
550 1472 802 1544 μαθητὰς
829 1473 957 1541 γοῦν
990 1473 1280 1537 ἀσυνέτους
1312 1476 1339 1526 ὁ
1370 1474 1572 1544 Κύριός
1596 1491 1730 1545 φησι
1755 1473 1879 1544 περὶ

300 1564 363 1616 τὸ
398 1564 554 1633 σῶμα
583 1565 999 1634 στρεφομένους,
1032 1564 1218 1636 ὥσπερ
1245 1567 1293 1618 οἱ
1321 1566 1625 1636 Φαρισαῖοι,
1653 1565 1748 1617 καὶ
1779 1581 1879 1635 μη-

1981 484 2308 544 ριεαιεεριυιιι
2369 474 2485 541 Dei,
2534 487 2755 544 prapter
2805 474 3150 529 traditionem
3218 474 3492 529 vestram?
3530 492 3554 526 ι

1984 564 2281 634 Oportebat
2311 567 2478 631 enim,
2516 565 2801 635 Oportebat
2839 568 3107 619 honorare
3150 575 3419 634 parentes,
3451 581 3554 619 non

1983 667 2208 726 propter
2242 657 2555 725 religionem
2583 657 2636 708 in
2675 659 2839 710 Deum
2867 656 3036 723 legem
3073 657 3140 708 de
3167 655 3298 724 ipsis
3323 655 3554 710 solvere.

1981 748 2100 802 Non
2144 750 2326 817 igitur,
2381 764 2500 819 qua:
2552 748 2663 802 Deo
2695 750 3024 802 caureuinot
3057 758 3279 816 propter
3319 749 3554 802 humana

1981 839 2296 909 negligenda
2358 848 2520 902 sunt,
2554 855 2731 910 neque
2776 840 3002 894 omnino
3052 839 3302 893 homines
3341 850 3558 908 prapter

1985 931 2149 985 Deum
2197 931 2526 998 despiciendi
2569 949 2581 984 :
2625 932 2994 986 distribuenda
3049 944 3179 985 vero
3243 931 3422 998 potius
3476 943 3558 985 est

1985 1022 2224 1076 cbaritas
2244 1022 2440 1075 eximia
2461 1023 2511 1074 in
2529 1022 2766 1074 omnium
2795 1022 3139 1089 principium.
3157 1020 3207 1073 id
3229 1028 3332 1084 est,
3364 1020 3552 1083 Deum.

1984 1112 2125 1166 sicut
2157 1122 2208 1168 et
2239 1114 2478 1168 secundo
2519 1113 2710 1166 ordine
2743 1113 2796 1166 in
2850 1113 3154 1180 proximum
3199 1113 3384 1165 statim
3438 1127 3555 1166 eam

1981 1201 2248 1266 conferre,
2281 1215 2334 1256 et
2370 1203 2451 1256 vel
2481 1203 2714 1257 maxime
2753 1204 2805 1256 in
2842 1204 2962 1258 vita:
2993 1213 3251 1257 auctores
3282 1217 3554 1272 congruos

1981 1295 2061 1348 eis
2093 1295 2344 1347 honores.

2057 1385 2162 1456 53
2190 1383 2308 1447 XV,
2341 1386 2426 1440 17.
2457 1382 2702 1438 Nondum
2741 1385 3052 1455 intelligitis.

2061 1477 2362 1544 Discipulos
2424 1477 2590 1546 igitur
2649 1478 2765 1532 sine
2829 1478 3102 1530 intellectu
3168 1477 3426 1532 Dominus
3481 1480 3552 1530 ait

1983 1567 2129 1620 circa
2154 1581 2350 1634 corpus
2378 1577 2667 1636 occupatos
2692 1607 2707 1631 ,
2739 1568 2878 1620 sicut
2916 1551 3196 1632 Pliarismi,
3225 1583 3287 1623 ac
3321 1567 3554 1622 nondum

302 1654 450 1707 δέπω
478 1653 852 1716 διαϐαίνοντας
887 1655 979 1706 ἐπὶ
1012 1654 1102 1707 τὸν
1135 1655 1242 1706 ἔσω
1275 1653 1577 1726 ἄνθρωπον.
1607 1655 1878 1726 Βρὼματα

1996 1656 2052 1710 id
2095 1657 2409 1710 interiorem
2469 1657 2740 1711 hominem
2799 1657 3177 1712 ascendentes.
3207 1659 3321 1712 Cibi
3368 1658 3554 1727 igitur,

303 1743 420 1810 οὖν,
472 1746 628 1815 φησὶ,
673 1745 922 1816 σώματος
957 1746 1069 1816 ἔχει
1117 1724 1418 1816 πλήρωσιν,
1453 1724 1678 1816 καρδίας
1707 1724 1760 1798 δὲ
1787 1748 1883 1816 οὐχ

1996 1749 2090 1813 ait,
2118 1762 2316 1815 corpus
2349 1746 2592 1815 implent,
2622 1762 2717 1801 cor
2767 1763 2894 1800 vero
2936 1763 3038 1800 non
3077 1749 3367 1814 attingunt.
3405 1745 3554 1812 Quod

303 1838 559 1892 ἅπτεται.
599 1836 672 1889 Τὸ
701 1835 757 1888 δὲ
786 1836 1013 1906 καρδίας
1049 1834 1122 1905 μὴ
1153 1836 1547 1905 ἐφαπτόμενον,
1569 1836 1628 1902 ού
1661 1834 1883 1888 δύναται

307 1928 563 1982 κοινῶσαι
592 1927 686 1981 τὸν
714 1927 1000 1998 ἄνθρωπον
1027 1926 1117 1980 τὸν
1150 1925 1422 1997 ἀληθινὸν,
1453 1925 1485 1997 ἢ
1521 1926 1593 1995 μὴ
1645 1925 1882 1996 καθαρὸν

311 2025 407 2077 ἀπε
419 2023 594 2092 ργάσα
603 2019 746 2073 σθαι.

375 2112 697 2179 Γενηθήτω
723 2126 819 2164 σοι
855 2111 934 2176 ὠς
972 2111 1186 2177 θέλεις.

376 2195 560 2256 Εἰπὼν
591 2201 666 2271 (1)
695 2202 772 2266 δὲ,
806 2221 824 2252 ι
863 2201 1172 2272 Γενηθήτω,
1199 2200 1532 2271 »βασιλικῶς
1564 2199 1878 2269 ὲςεθέγξατο·

307 2296 370 2350 οὗ
407 2296 474 2349 δι’
507 2295 672 2365 εὐχῆς
694 2295 755 2346 τὸ
774 2295 957 2365 ὅραμα
983 2293 1206 2357 ἀνύσας,
1236 2294 1370 2347 ἀλλά
1399 2294 1485 2347 διά
1512 2293 1614 2362 τῆς
1653 2292 1880 2364 θεοπρε-

308 2388 445 2450 ποῦς
478 2387 722 2452 ἐξουσίας
748 2385 845 2456 (2).
896 2385 1176 2452 Ῥηθέντος
1213 2383 1306 2438 τοῦ
1334 2385 1514 2452 λόγου.
1542 2383 1601 2436 τὸ
1631 2383 1790 2454 ἔργον
1819 2383 1879 2436 οὐ

309 2481 545 2553 χρονίζει
569 2497 582 2510 ο
617 2479 749 2541 Θεὸς
779 2481 886 2550 γὰρ
919 2479 946 2530 ὁ
977 2478 1172 2546 λέγων,
1205 2478 1300 2530 καὶ
1330 2478 1390 2529 τὸ
1425 2477 1576 2547 ῥῆμα
1600 2477 1878 2545 ἐνεργοῦν,

309 2574 402 2626 καὶ
427 2574 458 2642 ἡ
484 2572 713 2640 δύναμις
741 2568 1040 2639 πανταχοῦ.

382 2666 566 2720 Ὥστε
589 2663 729 2728 τοὺς
762 2662 985 2732 ὄχλους
1019 2659 1338 2729 θαυμάσαι.

378 2755 548 2810 υῦπω
591 2755 652 2808 τὸ
698 2753 791 2806 τοῦ
818 2753 1024 2823 Κυρίου
1055 2751 1367 2822 κατέμαθον
1397 2749 1612 2821 ἀξίωμα
1642 2751 1722 2804 ὅτι
1751 2750 1880 2814 Oed;

309 2847 483 2902 ἑστιν⁹
515 2846 628 2899 ἀλλ’
662 2845 943 2916 ἄνθρωπον
970 2842 1220 2914 ἐνόμιζον
1257 2842 1419 2896 αὑτὸν
1462 2841 1636 2912 ψιλόν.
1670 2843 1762 2897 Διδ
1787 2844 1882 2896 καὶ

307 2939 386 3010 τῷ
418 2937 539 3008 Θεῷ
574 2935 788 3008 Ἰσραὴλ
815 2935 912 3006 τὴν
939 2934 1097 3002 δόξαν
1131 2934 1478 3004 ἀπέπεμπον.

383 3125 448 3175 οι
497 3121 565 3174 δὲ
611 3119 919 3186 ἐσθίοντες
965 3116 1128 3190 ἦσαν
1158 3117 1618 3186 τετρακισχίλιοι
1644 3115 1877 3185 ἄνδρες,

307 3213 489 3282 χωρὶς
520 3211 818 3281 γυναικῶν
849 3212 948 3266 καί
976 3211 1242 3265 παιδίων.

394 3304 490 3357 Ἐκ
517 3301 726 3356 πολλῶν
755 3303 828 3374 (5)
852 3302 1128 3357 δείκνυσιν
1156 3303 1236 3356 ὅτι
1267 3301 1398 3365 Θεὸς
1427 3303 1561 3355 ἐστι.
1599 3300 1710 3355 Καὶ
1735 3298 1882 3353 οὐδὲν

308 3389 470 3467 ἧττον
506 3396 570 3447 ἐκ
598 3393 692 3448 τοῦ
721 3395 940 3464 τρέφειν
968 3397 1025 3448 ὲν
1055 3395 1245 3463 ἐρήμῳ
1271 3393 1362 3446 τὸν
1390 3391 1566 3462 ὄχλον.
1587 3389 1755 3444 Τοῦτο
1775 3388 1885 3460 γὰρ

310 3485 662 3557 παρίστησιν,
688 3484 850 3537 οἱονεί
882 3501 998 3546 πως
1040 3483 1188 3537 ἄκων
1227 3482 1316 3537 διὰ
1358 3481 1456 3553 τὴν
1494 3482 1758 3552 ἀνάγκην,
1789 3479 1885 3532 καὶ

306 3579 370 3631 τὸ
418 3580 519 3650 τῆς
559 3577 765 3650 τροφῆς
797 3576 1156 3647 δυσπόριστον
1209 3559 1395 3628 ποιῶν
1429 3574 1488 3626 τὸ
1544 3573 1652 3626 τῶν
1704 3574 1884 3643 ἄρτιον

310 3674 536 3742 σημεῖον
563 3687 576 3700 ⁸
608 3673 742 3740 ὅπερ
772 3670 873 3724 οὐκ
907 3669 972 3722 ἂν
1008 3667 1264 3738 εποίησεν
1300 3669 1357 3720 ὲν
1394 3665 1567 3729 πόλει,
1598 3667 1732 3719 ὅπου
1777 3663 1885 3716 τῶν

310 3761 485 3815 ὠνίων
517 3764 549 3833 ἠ
578 3762 827 3832 ἀφθονία.
861 3761 1006 3832 Πλὴν
1045 3760 1340 3830 δυνάμενος
1373 3757 1516 3829 λόγῳ
1548 3755 1885 3828 κραταιῶσαι

309 3855 434 3919 τοὺς
467 3855 678 3924 ὄχλους,
704 3853 864 3906 τοῦτο
909 3853 972 3906 οὐ
1026 3853 1186 3915 ποιεῖ,
1215 3851 1302 3905 διὰ
1349 3850 1409 3903 τὸ
1454 3848 1659 3920 ἀφανές
1683 3865 1697 3880 ·
1733 3849 1793 3901 τὸ
1830 3847 1886 3900 δὲ

310 3945 419 3998 τῶν
449 3945 627 4012 ἄρτων
648 3943 722 4006 ὡς
747 3943 989 4014 ἐναργῶς
1015 3943 1274 3996 δεικνύων
1294 3942 1397 4014 τὴν
1419 3941 1584 3994 αὐτοῦ
1612 3940 1885 4010 θεοπρεπῆ

312 4035 471 4100 δόξαν
496 4035 739 4105 ἐποίησε.

395 4205 760 4273 Ἀποκριθεὶς
800 4205 868 4258 δὲ
907 4206 1101 4274 Σίμων
1150 4205 1392 4273 Πέτρος,
1436 4201 1597 4258 εἷπε·
1639 4203 1721 4257 Σὺ
1760 4198 1814 4256 εἷ
1851 4208 1882 4259 ό

311 4295 568 4364 Χριστὸς
599 4299 632 4350 ό
680 4296 811 4361 Υἱὸς
842 4297 947 4350 τοῦ
979 4296 1126 4350 Θεοῦ
1164 4297 1270 4349 τοῦ
1299 4294 1530 4361 ζῶντος.

1986 1847 2167 1890 autem
2221 1851 2317 1890 cor
2361 1852 2466 1889 non
2500 1837 2737 1904 attingit,
2767 1852 2870 1890 non
2924 1847 3102 1906 potest
3147 1838 3556 1891 communicare

1986 1941 2175 1983 verum
2205 1926 2503 1995 hominem,
2534 1937 2627 1981 aut
2675 1943 2778 1981 non
2813 1929 3070 1982 mundum
3111 1928 3342 1982 eﬂiccre.

2053 2103 2170 2168 XV,
2201 2105 2293 2159 28.
2338 2103 2463 2159 Fiat
2492 2105 2586 2158 tibi
2622 2107 2754 2160 sicut
2791 2107 2884 2161 vis.

2059 2197 2193 2250 Cum
2229 2197 2383 2262 dicit,
2418 2218 2436 2248 ι
2470 2196 2611 2264 Fiat,
2642 2217 2661 2250 ι
2692 2201 2836 2266 regie
2865 2199 3124 2270 loquitur.
3151 2213 3253 2253 non
3283 2201 3552 2268 precibus.

1984 2289 2078 2342 sed
2105 2289 2432 2342 auctoritate
2459 2291 2638 2343 divina
2669 2291 2984 2346 miraculum
3019 2292 3322 2362 perﬁciens.
3347 2294 3554 2350 Emissa

1982 2395 2137 2442 voce,
2201 2381 2381 2434 statim
2434 2397 2570 2452 opus
2620 2385 2869 2452 sequitur
2907 2401 2920 2437 :
2957 2382 3096 2438 Dens
3139 2396 3224 2439 est
3272 2387 3416 2439 enim
3465 2387 3555 2457 qui

1983 2471 2243 2540 loquitur,
2309 2472 2643 2542 verbutuque
2694 2473 2906 2537 efﬁcax,
2958 2485 3012 2528 et
3061 2477 3298 2544 potentia
3357 2479 3556 2547 ubique

1981 2579 2239 2634 prtesens.

2056 2649 2170 2716 XV,
2199 2653 2286 2707 51.
2311 2651 2392 2705 Ita
2429 2662 2482 2705 ut
2507 2653 2671 2706 turba
2693 2654 3027 2709 mirarentur.

2077 2742 2322 2796 Nondum
2375 2744 2585 2798 Domini
2655 2747 2966 2815 dignitatem
3027 2759 3330 2816 noverant;
3385 2748 3552 2804 Deu-n

1981 2849 2101 2890 esse
2137 2835 2310 2902 ipsum
2347 2837 2568 2889 minime
2616 2839 2793 2892 adhuc
2839 2841 3103 2905 persuasi,
3145 2843 3239 2895 scd
3287 2843 3556 2898 hominem

1981 2942 2174 2994 purum
2199 2941 2262 2979 ac
2281 2927 2578 2995 simplicem
2613 2928 2951 2994 reputabant.
2973 2928 3266 3000 Propterea
3295 2933 3358 2986 ad
3388 2933 3556 2987 Deum

1981 3013 2142 3069 Israel
2177 3014 2401 3081 gloriam
2453 3014 2778 3070 referebant.

2053 3101 2162 3174 54
2188 3102 2300 3165 XV,
2329 3105 2416 3158 58.
2442 3103 2609 3157 Erant
2643 3107 2943 3176 nutem,qui
2969 3109 3526 3183 manducaveruntqua
3549 3147 3554 3152 -

1982 3203 2103 3247 tuor
2133 3195 2299 3247 millia
2325 3195 2592 3247 hominum
2627 3207 2776 3249 extra
2807 3198 3051 3266 parvulos
3069 3209 3116 3251 et
3149 3199 3408 3258 mulieres.

2056 3285 2097 3339 E
2131 3285 2317 3339 multis
2357 3287 2591 3340 Ostendit
2648 3287 2812 3340 Deum
2861 3303 2921 3343 se
2967 3304 3106 3352 esse.
3152 3293 3450 3358 praesertim
3490 3307 3554 3346 ex

1982 3395 2048 3435 eo
2068 3381 2211 3449 quod
2242 3380 2453 3433 turbam
2489 3389 2736 3447 pasceret
2775 3380 2826 3432 in
2854 3383 3087 3436 deserto.
3119 3381 3229 3437 Hoc
3251 3386 3394 3438 enim
3431 3400 3555 3454 pro-

1985 3471 2156 3540 ponit,
2189 3471 2342 3538 quasi
2371 3470 2768 3539 quodammodo
2811 3471 3028 3535 invitus,
3063 3484 3283 3540 propter
3315 3477 3554 3530 ηοεοεείο

1987 3571 2148 3616 tatem
2171 3570 2224 3615 et
2249 3561 2492 3615 alimenti
2539 3561 2816 3630 penuriam
2849 3577 2912 3615 ac
2950 3562 3314 3619 diﬂicnltatcm
3358 3582 3554 3634 panum

1987 3651 2306 3706 miraculum
2341 3653 2564 3706 ederet:
2594 3651 2736 3720 quod
2778 3652 2830 3704 in
2867 3653 3087 3707 civitate
3133 3671 3237 3709 non
3288 3657 3430 3718 fecit,
3469 3659 3553 3711 ubi

1987 3741 2252 3794 venalium
2305 3756 2487 3794 rerum
2520 3743 2694 3809 capia.
2735 3731 2865 3796 Cum
2895 3751 3071 3795 tamen
3107 3747 3266 3798 verbo
3306 3749 3556 3800 corrobo-

1986 3847 2108 3887 rare
2146 3843 2329 3901 posset
2380 3833 2586 3896 turbas,
2620 3834 2670 3886 id
2715 3849 2818 3886 non
2859 3833 3005 3899 facit,
3045 3838 3168 3904 quia
3209 3839 3258 3890 id
3300 3841 3553 3893 observa-

1988 3934 2098 3976 tum
2135 3940 2240 3978 non
2283 3932 2470 3978 esset:
2503 3923 2632 3975 illud
2671 3939 2796 3978 rero
2834 3926 2898 3977 de
2939 3929 3166 3993 panibus
3209 3939 3456 3998 tauquam
3493 3935 3558 3985 ad

1985 4015 2200 4069 oculum
2234 4016 2548 4081 ostendens,
2579 4014 2689 4071 Deo
2727 4019 3138 4072 convenientem
3181 4019 3246 4072 de
3283 4035 3342 4074 se
3378 4024 3558 4075 conci-

1987 4109 2126 4161 tavit
2155 4109 2484 4177 opinionem.

2058 4199 2200 4262 XVI,
2238 4199 2323 4252 16.
2369 4198 2701 4264 Respondeas
2735 4208 2907 4252 autem
2937 4197 3118 4254 Simon
3148 4199 3333 4255 Petrus
3380 4201 3514 4256 dixit
3541 4221 3561 4258 :

1991 4289 2069 4344 Tu
2089 4308 2141 4344 es
2167 4289 2410 4344 Christus
2446 4287 2616 4341 Filius
2650 4289 2746 4343 Dei
2767 4293 2887 4346 vivi.

381 4388 497 4440 Οὐκ
524 4382 676 4439 εἶπεν
711 4389 740 4439 ὁ
774 4387 976 4457 Πέτρος
1000 4403 1013 4416 ·
1068 4387 1141 4439 Σὺ
1181 4383 1232 4438 εἴ
1262 4386 1516 4456 Χριστὸς,
1558 4386 1590 4456 ἢ
1637 4385 1761 4448 Υίδς
1795 4384 1883 4438 τοῦ

2065 4369 2342 4435 Nonium
2377 4379 2586 4442 Petrus,
2622 4380 2702 4434 Tu
2730 4397 2788 4435 es
2827 4384 3071 4436 Christus
3107 4383 3186 4437 vel
3233 4383 3398 4437 Filius
3447 4386 3558 4450 Dei,

312 4478 446 4531 Θεοῦ
467 4493 480 4506 ·
518 4477 680 4530 ἀλλὰο
722 4478 774 4530 '0
804 4478 1054 4544 Χριστὸς
1074 4517 1088 4541 ,
1130 4477 1161 4529 ὁ
1196 4477 1327 4542 Υιὸς
1361 4476 1466 4530 τοῦ
1495 4475 1663 4530 Θεοῦ.
1692 4476 1882 4528 Πολλοὶ

316 4571 414 4640 μὲν
439 4570 550 4639 γὰρ
578 4572 787 4638 χριστοὶ
823 4569 964 4621 κατὰ
991 4571 1150 4640 χάριν
1173 4610 1188 4633 ,
1222 4569 1316 4622 καὶ
1360 4567 1631 4630 υἱοθεσίας
1664 4567 1883 4632 ἀξίωμα

312 4659 548 4730 εχοντες,
587 4659 721 4712 ἀλλὰ
753 4661 912 4728 μόνος
956 4655 1034 4722 εἷς
1056 4662 1084 4714 ὁ
1110 4660 1268 4728 φύσει
1305 4661 1427 4722 Υἱὸς
1456 4661 1551 4712 τοῦ
1590 4661 1746 4714 Θεοῦ.
1796 4662 1888 4714 Διὸ

316 4751 456 4822 μετά
471 4751 676 4822 ἄρθρου
697 4750 820 4820 ἔφη·
847 4769 866 4801 ι
888 4750 946 4802 Ὀ
961 4751 1192 4821 Χριστὸς
1207 4753 1234 4804 ὁ
1251 4750 1376 4814 Υίὺς
1387 4749 1479 4802 τοῦ
1493 4750 1646 4803 Θεοῦ.
1669 4769 1687 4800 ι
1707 4749 1889 4803 Είπὼν

313 4845 367 4896 δὲ
393 4843 560 4898 αὑτὸν
590 4842 716 4896 Υίδν
750 4841 842 4895 τοῦ
869 4841 1006 4895 Θεοῦ
1041 4841 1135 4896 τοῦ
1161 4842 1665 4907 ζῶντος,δείκνυσιν
1687 4844 1767 4895 ὅτι
1793 4844 1889 4895 αὖα

312 4935 403 4999 τὸς
435 4934 550 5005 ζωὴ
598 4930 687 5006 ἦν,
721 4936 815 4988 καὶ
861 4934 1088 4998 θάνατος
1133 4931 1296 4988 αὐτοῦ
1346 4935 1408 4989 οὐ
1463 4935 1728 5006 κυριεύει.
1770 4933 1893 4987 Κᾶν

315 5030 424 5098 γὰρ
449 5027 585 5098 πρὸς
610 5027 792 5094 ὀλίγον
820 5029 854 5098 ἡ
886 5028 1021 5099 σὰρξ
1049 5025 1347 5099 ἠσθένησεν
1382 5028 1759 5091 ἀποθανοῦσα,
1780 5028 1895 5081 ἀλλ’

317 5117 538 5187 ἀνέστη,
579 5117 654 5187 μὴ
686 5116 983 5186 δυναμένου
1005 5116 1100 5169 τοῦ
1135 5118 1192 5169 ὲν
1224 5117 1361 5187 αὐτῇ
1394 5116 1566 5183 Λόγου
1591 5116 1694 5168 ὑπὸ
1725 5115 1896 5183 δεσμὰ

319 5210 549 5263 θανάτου
578 5209 917 5279 κρατεῖσθαι.

389 5301 497 5356 Καὶ
524 5300 710 5354 πύλαι
738 5299 888 5367 ᾅδου
917 5302 990 5354 οὐ
1019 5301 1507 5370 κατισχύσουσιν
1540 5301 1750 5370 αὐτῆς.

393 5543 469 5610 (1)
504 5537 707 5596 Είπὼν
729 5571 797 5583 --
832 5539 1164 5608 πανταχοῦ.
1198 5538 1442 5592 Cramer.
1470 5553 1526 5610 p.
1563 5535 1684 5592 125.

326 5607 470 5738 55:2}
525 5611 812 5679 ﬂuensque
869 5610 1226 5680 fragmentum
1266 5610 1406 5676 apud
1460 5607 1776 5662 Corderiutu
1841 5623 1890 5673 ιι.

1991 4475 2082 4528 sed
2105 4472 2364 4537 Christus,
2388 4469 2557 4523 Filius
2582 4471 2678 4524 Dei
2702 4488 2720 4525 :
2745 4474 2895 4527 multi
2924 4475 3184 4542 siquidem
3225 4476 3408 4528 christi
3440 4490 3561 4530 sunt

1993 4564 2160 4634 gratia
2195 4563 2285 4633 qui
2319 4574 2373 4616 et
2401 4563 2716 4632 dignitatem
2749 4566 3053 4634 adoptionis
3094 4566 3323 4618 ﬁliorum
3372 4581 3558 4621 conse-

1995 4657 2124 4718 cuti,
2186 4656 2279 4707 sed
2340 4663 2547 4706 tantum
2612 4669 2750 4708 unus
2805 4666 2992 4707 natura
3049 4654 3141 4708 Dei
3199 4655 3566 4712 Filius:ideo

1995 4761 2116 4798 cum
2140 4745 2368 4799 articulo
2409 4745 2545 4799 dixit
2583 4762 2595 4798 :
2634 4743 2733 4800 ilic
2779 4746 3044 4809 Christus,
3074 4748 3163 4802 hic
3224 4747 3393 4802 Filius
3450 4751 3560 4804 Dei.

2001 4837 2233 4892 Dicenda
2267 4847 2447 4890 autem
2507 4838 2680 4906 ipsum
2722 4852 2844 4892 esse
2875 4836 3066 4890 Filium
3100 4838 3189 4891 Dei
3227 4839 3356 4906 vivi,
3384 4849 3566 4893 osten-

1998 4928 2078 4981 dit
2119 4927 2290 4996 ipsum
2318 4928 2482 4979 vitam
2508 4941 2649 4992 esse,
2695 4928 3120 4997 ntortcmqtteilli
3142 4946 3245 4983 non
3278 4930 3566 4985 dominari.

1999 5013 2151 5070 Licet
2178 5017 2321 5069 enirn
2357 5016 2428 5068 ad
2453 5017 2706 5084 exiguum
2754 5024 2967 5082 tempus
3011 5030 3140 5070 caro
3169 5027 3376 5071 mortua
3407 5016 3568 5069 fuerit

2000 5107 2293 5173 inﬁrmata,
2341 5107 2436 5160 sed
2469 5109 2792 5170 resurrexit,
2829 5105 3007 5160 Verbo
3035 5108 3178 5174 quod
3228 5107 3278 5160 in
3332 5122 3392 5160 ea
3450 5115 3568 5160 erat

2002 5199 2227 5254 minime
2251 5198 2458 5253 valente
2487 5200 2675 5252 mortis
2700 5201 2957 5266 compede
2998 5199 3246 5252 detineri.

2053 5289 2195 5356 XVI,
2223 5291 2308 5344 l8.
2338 5287 2411 5342 Et
2440 5301 2608 5360 portae
2639 5288 2796 5358 inferi
2827 5305 2928 5343 non
2951 5288 3296 5358 prteralebuut
3319 5291 3569 5343 adversus

1989 5397 2124 5434 eam.

2073 5535 2150 5605 (ὅ)
2183 5535 2291 5589 Hoc
2323 5533 2678 5602 fragmentum
2709 5533 2996 5587 Cramcrus
3023 5532 3268 5605 edidit‘p.
3323 5533 3442 5595 i27.
3470 5537 3571 5605 sed

2000 5601 2311 5672 εοιῑι-ίιριηιιι
2344 5601 2694 5665 ριιιιιιιὶίιιιη,
2737 5618 2857 5658 ctttn
2889 5614 3066 5659 tamen
3091 5618 3157 5658 ex
3180 5601 3438 5660 Cbrderio
3467 5604 3568 5659 hl-

2004 5676 2147 5728 bcrct
2185 5674 2322 5726 unde
2351 5684 2588 5726 sanaret.
