3986 6198
420 270 527 326 1‘33

491 385 954 453 Quemadmodum
989 384 1261 439 sdditione
1307 384 1547 438 materia:
1582 396 1807 436 accensa
1842 379 1989 434 ﬂum-
2018 389 2062 442 Α

423 494 530 544 ma,
564 480 618 531 in
648 476 821 542 majus
869 477 1157 541 excrescit,
1188 475 1260 527 ita
1313 474 1477 527 etiam
1525 472 1991 543 persecutionibus

421 570 625 624 Christi
683 568 980 623 Ecclesiam
1031 568 1212 621 delere
1271 567 1567 627 sttnlentes.
1612 564 1678 617 ad
1736 563 1991 631 majorem

423 662 649 732 gloriam
677 675 737 714 ac
771 662 1026 713 virtutem
1058 674 1175 711 eam
1200 671 1518 726 provexere.
1558 655 1613 709 Si
1650 669 1778 708 vero
1816 653 1994 707 Eccle-

424 756 535 819 sia,
574 753 770 821 inquit,
795 768 900 805 non
930 752 1349 819 przevaluerunt,
1388 748 1555 801 multo
1605 748 1782 801 minus
1825 744 1989 798 mihi:

424 843 606 911 itaque
630 858 696 895 ne
724 841 983 904 turberis,
1016 841 1193 902 Petre,
1221 854 1343 893 cum
1380 840 1664 892 auditurus
1704 853 1763 891 es
1786 838 1996 890 traden-

423 933 548 986 dum
584 946 666 986 tne
704 933 961 1000 crocique
1005 931 1345 1001 alligendum.
1408 930 1538 983 Dein
1590 930 1748 981 alium
1784 941 1995 996 quoque

428 1024 686 1076 honorem
725 1022 951 1088 profert.

498 1128 603 1198 55
628 1127 768 1191 XVI,
805 1130 887 1183 18.
928 1129 1099 1197 Super
1124 1128 1258 1182 hanc
1282 1138 1477 1199 petram
1507 1129 1779 1197 aediﬁcabo
1816 1126 1996 1180 Eccle-

427 1223 556 1275 siam
583 1239 769 1275 meum.
816 1222 879 1274 Et
911 1222 1045 1274 dabo
1075 1221 1167 1274 tibi
1196 1222 1360 1273 claves
1390 1220 1530 1288 regni
1560 1220 1828 1273 calorum.

496 1420 881 1476 Animadverte
933 1418 1203 1489 quomodo
1253 1417 1535 1471 Dominum
1586 1432 1644 1471 se
1681 1419 1990 1471 summatim

430 1513 552 1569 coeli
594 1522 859 1581 ternaque
893 1513 1151 1566 declarat.
1196 1509 1467 1564 Promittit
1516 1510 1800 1577 enimqua‘.
1832 1525 1991 1576 supra

430 1615 666 1657 nostram
729 1612 977 1655 naturam
1034 1609 1194 1666 sunt,
1250 1602 1355 1653 imo
1386 1609 1438 1652 et
1486 1615 1645 1669 supra
1696 1599 1994 1669 angelicam

430 1695 792 1747 (auditionem
818 1733 832 1757 ,
861 1708 977 1761 quae
1010 1691 1239 1760 denique
1271 1690 1359 1743 ttni
1395 1700 1449 1744 ct
1495 1690 1773 1744 excedenti
1805 1705 1993 1744 omnes

430 1796 637 1837 naturae
667 1793 717 1837 et
750 1783 1016 1850 tnajestati
1068 1782 1363 1835 attribucre
1402 1780 1578 1833 decet.
1633 1776 1817 1834 Primo
1871 1778 1994 1848 qui-

430 1876 549 1928 dem
603 1890 723 1928 esse
766 1873 1064 1928 Ecclesiam
1115 1871 1166 1924 in
1200 1879 1465 1940 potestate
1503 1884 1599 1922 sua
1634 1870 1804 1933 dicit,
1831 1884 1991 1939 quam

432 1966 627 2033 alioqui
656 1982 824 2019 sacrae
860 1963 1078 2017 Litteric
1104 1963 1212 2016 Deo
1241 1963 1420 2029 potius
1460 1977 1620 2030 quam
1661 1961 1755 2015 ulli
1790 1961 1993 2015 homini

432 2056 726 2125 subjectum
780 2054 1066 2107 amrmant.
1110 2054 1200 2105 Ait
1233 2054 1431 2121 quippe
1464 2052 1685 2117 Paulus,
1723 2052 1995 2106 Christum

431 2146 531 2199 sibi
564 2147 705 2199 illam
732 2158 1075 2212 comparasse
1098 2142 1287 2212 quavis
1320 2143 1524 2195 macula
1557 2156 1794 2212 rugaque
1812 2160 1999 2196 caren-

442 2248 547 2291 tem
574 2238 621 2269 ¹⁹
650 2256 661 2290 :
690 2254 845 2305 quam
880 2237 1040 2289 etiam
1069 2237 1320 2286 fundasse
1343 2233 1500 2299 dicit,
1536 2234 1789 2288 ﬁrmitate
1825 2236 1996 2289 eidcnt

433 2327 708 2387 attributa,
748 2339 903 2377 cuum
939 2325 1011 2377 sit
1060 2322 1173 2391 ipse
1218 2323 1471 2374 virtutum
1534 2322 1808 2385 Dominus,
1840 2332 2001 2389 atque

434 2420 555 2471 huic
587 2416 799 2470 Petrum
831 2423 1101 2483 pastorem
1134 2410 1767 2483 prmposuit(i).—Tum
1789 2412 1994 2466 subdit:

437 2529 457 2563 ι
479 2509 543 2564 Ει
574 2509 664 2562 tibi
695 2508 831 2561 dabo
866 2506 1041 2560 claves
1074 2506 1219 2576 regni
1262 2504 1543 2560 caelorum.
1565 2502 1749 2557 iHanc
1764 2518 1888 2557 vero
1905 2518 2000 2555 vo-

431 2618 545 2655 ccm
583 2614 684 2653 non
709 2597 948 2666 angelus,
980 2613 1082 2650 non
1114 2598 1217 2650 alia
1242 2596 1447 2665 quaavis
1470 2595 1747 2649 rationalis
1764 2604 1999 2663 potestas

431 2691 671 2761 proferre
702 2698 897 2758 potest.
938 2690 1100 2744 Decet
1142 2698 1319 2743 autem
1351 2689 1528 2757 potius
1550 2686 1791 2741 omnium
1826 2686 1999 2740 domi-

432 2791 673 2835 natorem
713 2782 915 2843 Deum,
953 2779 1042 2847 qui
1102 2778 1224 2833 coeli
1266 2788 1528 2847 terraaqne
1580 2787 1723 2831 tenet
1759 2788 1998 2846 potesta-

433 2882 566 2928 tem.
591 2871 826 2938 Tempus
851 2879 1026 2924 tamen
1059 2870 1182 2923 doni
1223 2869 1639 2923 resurrectionis
1685 2870 1815 2922 hora
1853 2869 1995 2934 fuit,

432 2978 551 3015 cum
588 2963 755 3014 dixit:
791 2979 808 3012 ι
844 2963 1084 3029 Accipite
1122 2960 1380 3029 Spiritum
1419 2974 1690 3017 sanctum.
1719 2962 1992 3028 Quorum-

1414 267 1473 323 s.
1516 258 1786 321 thnLLI
1829 252 2298 319 uenantum
2337 258 2656 317 manu.

3563 256 3661 311 426

2168 379 2380 448 Ὠσπερ
2418 378 2467 429 oi
2508 378 2575 447 τῇ
2622 373 2907 446 προσθήκῃ
2945 370 3043 445 τῆς
3080 372 3213 444 ὕλης
3243 372 3544 442 καιομένης
3574 372 3663 425 ἔπι

2092 468 2152 522 τδ
2185 469 2373 539 μεῖζον
2401 468 2645 537 αἴροντες
2670 466 2768 536 τὴν
2799 465 2992 533 φλόγα,
3027 463 3201 525 οὕτως
3228 463 3322 516 καὶ
3347 464 3393 514 al
3419 461 3663 515 καθελεῖν

2092 562 2191 630 τὴν
2223 557 2319 611 τοῦ
2365 557 2600 627 Χριστοῦ
2642 556 2968 625 Ἐκκλησίαν
3011 554 3410 615 σπουδάσαντες
3452 554 3540 606 διὰ
3579 554 3665 606 τὸν

2092 650 2329 720 διωγμὸν
2356 650 2523 719 αὐτὴν
2557 650 2635 710 είς
2670 646 2855 717 μεῖζον
2891 645 3048 716 δόξης
3088 645 3405 714 προήγαγον
3451 642 3549 696 καὶ
3576 642 3666 694 δυο

2094 742 2327 810 νάμεως.
2347 740 2409 793 Εἰ
2434 740 2490 791 δὲ
2508 739 2607 808 τῆς
2624 738 2965 807 Ἐκκλησίας,
2982 737 3166 807 φησὶν,
3186 736 3244 787 οὺ
3259 733 3664 805 κατισχύσσδσι,

2094 832 2270 902 πολλῷ
2325 831 2523 901 μᾶλλον
2575 830 2897 899 ὲμοῦ.Ὣστε
2936 830 3009 899 μὴ
3061 829 3126 882 σὺ
3177 828 3439 898 φοὸηθῇς,
3470 826 3662 896 Πέτρε,

2094 925 2310 976 ἐπειδὰν
2365 922 2579 993 μέλλεις
2630 921 2881 984 ἀκούειν,
2945 923 3025 974 ὅτι
3076 919 3525 990 παραδοθήσομαι
3576 918 3669 970 καὶ

2096 1015 2576 1087 σταυρωθήσομαι.
2606 1008 2739 1067 Εἶτα
2771 1015 2862 1066 καὶ
2892 1013 3083 1083 ἑτέραν
3116 1012 3268 1078 λέγει
3302 1014 3487 1081 τιμήν.

2177 1126 2301 1177 Ἐπί
2322 1128 2503 1193 ταύτῃ
2543 1122 2617 1187 τῇ
2653 1124 2837 1193 πέτρᾳ
2862 1122 3237 1192 οἰκοδομήσω
3255 1141 3374 1191 μου
3408 1122 3522 1189 τὴν
3542 1121 3660 1174 Ἐκ-

2096 1218 2382 1284 κλησίαν.
2436 1216 2540 1268 Καὶ
2586 1216 2754 1269 δώσω
2819 1233 2916 1269 σοι
2970 1214 3074 1279 τὰς
3120 1214 3282 1279 κλεῖς
3329 1212 3435 1281 τῆς
3484 1214 3672 1276 βασι-

2088 1304 2264 1373 λείας
2288 1306 2406 1359 τῶν
2442 1305 2731 1373 οὐρανῶν.

2171 1421 2359 1489 Ἀθρει
2377 1420 2450 1490 (2)
2472 1421 2620 1482 ὅπως
2640 1419 2840 1489 Κύριον
2860 1419 3046 1471 ἑαυτὸν
3063 1416 3348 1486 ἀποφαίνει
3371 1415 3674 1486 συλλήϐδην

2093 1510 2325 1579 ούρανοῦ
2356 1511 2450 1562 καὶ
2482 1511 2582 1579 γῆς
2604 1526 2616 1538 ⁸
2642 1510 2981 1578 ὑπισχνεῖται
3006 1508 3112 1577 γὰρ
3138 1509 3204 1560 τὰ
3229 1507 3366 1576 ὑπὲρ
3392 1506 3553 1575 φύσιν
3575 1507 3675 1576 τὴν

2099 1603 2219 1656 καθ’
2252 1603 2420 1672 ἡμᾶς,
2451 1601 2649 1671 μᾶλλον
2669 1599 2725 1653 δὲ
2758 1600 2851 1651 καὶ
2883 1599 3088 1663 τάξεως
3110 1598 3207 1667 τῆς
3236 1597 3556 1665 ἀγγελικῆς,
3576 1597 3677 1648 καὶ

2028 1723 2069 1782 Β
2100 1697 2197 1747 ὅσα
2228 1694 2361 1765 μόνῃ
2398 1694 2595 1763 πρέπει
2626 1692 2948 1763 χαρίζεσθαι
2971 1693 3035 1761 τῇ
3066 1690 3325 1743 ἀνωτάτω
3352 1688 3541 1782 misth
3570 1688 3675 1782 φύῖ

2101 1803 2181 1839 σει
2204 1803 2265 1838 τε
2304 1787 2401 1838 καὶ
2438 1786 2593 1856 δόξῃ*
2626 1784 2840 1855 πρῶτον
2868 1784 2968 1853 μὲν
3011 1783 3118 1853 γάρ
3146 1798 3311 1851 φησιν
3348 1780 3433 1847 ἐφ’
3478 1779 3677 1833 ἑαυτοῦ

2098 1873 2236 1930 εἶναι
2262 1877 2359 1947 τὴν
2400 1875 2725 1945 Ἐκκλησίαν
2750 1892 2762 1903 ο
2796 1874 2973 1928 καίτοι
3004 1875 3110 1927 τῶν
3136 1873 3293 1944 ἱερῶν
3324 1872 3678 1942 Γραμμάτων

2099 1968 2217 2037 Θεῷ
2243 1967 2441 2037 μᾶλλον
2469 1967 2561 2021 καὶ
2590 1968 2765 2020 ούδενὶ
2808 1967 2916 2019 τῶν
2961 1965 3261 2037 ἀνθρώπων
3305 1964 3676 2036 ἀφιερούντων

2098 2060 2271 2128 αὐτήν
2288 2073 2300 2086 ⁸
2327 2058 2430 2129 ἔφη
2462 2059 2571 2128 γὰρ
2595 2060 2623 2110 ὁ
2643 2057 2872 2121 Παῦλος,
2895 2059 2975 2111 ὅτι
3005 2059 3174 2127 αὐτὴν
3201 2056 3376 2127 ἑαυτῷ
3400 2058 3678 2127 παρέστη⁹

2101 2167 2191 2202 σεν
2232 2152 2260 2202 ὁ
2304 2150 2537 2220 Χριστὸς
2585 2148 2659 2219 μὴ
2698 2149 2925 2220 ἔχουσαν
2958 2150 3146 2202 σπῖλον
3179 2148 3213 2220 ἢ
3263 2148 3483 2220 ρυτίδα’
3519 2148 3587 2219 ἦν
3610 2149 3673 2216 δὴ

2100 2242 2195 2293 καὶ
2220 2240 2502 2310 θεμελιοῦν
2534 2242 2943 2309 ἐπαγγέλλεται,
2994 2241 3055 2293 τὸ
3095 2242 3487 2295 ἀκατάσειστον
3534 2241 3671 2311 αὐτῇ

2100 2329 2443 2400 προσνέμων,
2466 2330 2539 2394 ὡς
2562 2332 2723 2393 αὐτὸς
2743 2331 3000 2401 ὑπάρχων
3020 2332 3125 2383 τῶν
3145 2331 3424 2399 δυνάμεων
3443 2330 3673 2401 Κύριος·

2102 2420 2194 2472 καὶ
2218 2418 2422 2489 ταύτης
2450 2423 2683 2490 ποιμένα
2727 2422 2816 2473 τὸν
2862 2423 3067 2491 Πέτρον
3101 2422 3410 2491 ἐφίστησιν.
3435 2452 3504 2462 -
3537 2417 3677 2474 Εἶτα

2101 2512 2232 2583 ἔφη·
2270 2501 2305 2563 ι’
2336 2514 2444 2566 Καὶ
2474 2514 2630 2567 δώσω
2660 2532 2741 2567 σοι
2796 2516 2891 2577 τὰς
2926 2516 3072 2577 κλεῖς
3110 2515 3208 2584 τῆς
3250 2514 3528 2584 βασιλείας
3566 2513 3679 2567 τῶν

2100 2602 2360 2673 οὐρανῶν.
2406 2622 2425 2655 ι
2470 2603 2688 2677 Ταύτην
2711 2604 2768 2656 δὲ
2801 2605 2981 2674 φωνὴν
3011 2605 3111 2656 οὐκ
3138 2603 3389 2672 ἄγγελος,
3418 2604 3518 2656 οὐκ
3540 2604 3678 2673 ἄλλη

2100 2709 2182 2754 τις
2212 2691 2400 2764 λογικὴ
2435 2693 2660 2764 δύναμις
2706 2694 3039 2763 φθέγξασθαι
3073 2692 3316 2748 δύναται.
3370 2694 3577 2766 Πρέπει
3620 2694 3681 2747 δὲ

2105 2782 2303 2852 μᾶλλον
2351 2782 2428 2853 τῷ
2484 2785 2699 2836 πάντων
2749 2786 3037 2855 κρατοῦντι
3092 2783 3248 2854 Θεῷ,
3286 2784 3382 2837 καὶ
3425 2784 3681 2849 ἐξουσίαν

2102 2873 2277 2943 ἔχοντι
2298 2873 2399 2943 γῆς
2427 2874 2518 2926 καὶ
2544 2872 2794 2943 ούρανοῦ,
2832 2875 2969 2943 πλὴν
2998 2873 3026 2923 ὁ
3060 2873 3151 2925 τοῦ
3180 2873 3353 2943 δώρου
3394 2872 3583 2943 καιρὸς
3606 2866 3681 2944 ἦν

2101 2964 2136 3033 ἡ
2168 2962 2266 3033 τῆς
2294 2963 2641 3024 ἀναστάσεως
2670 2960 2807 3032 ὥρα,
2835 2962 2921 3014 ὅτε
2952 2956 3073 3014 εἷπε
3097 2978 3112 2994 ·
3156 2980 3173 3011 ι
3215 2961 3424 3014 Λάϐετε
3450 2961 3684 3031 Πνεῦμα

431 3066 641 3121 cunque
712 3054 1024 3106 dimiseritis
1099 3063 1340 3121 peccata,
1403 3054 1749 3105 remittuntur
1798 3054 1907 3117 eis,
1950 3061 1995 3106 et

2107 3055 2259 3121 ἅγιον
2280 3068 2292 3081 ·
2324 3053 2389 3106 ἄν
2413 3070 2573 3105 τινων
2619 3054 2789 3125 ἀφῆτε
2839 3055 2935 3116 τὰς
2970 3053 3263 3125 ἁμαρτίας,
3296 3053 3547 3122 ἀφίενται
3576 3052 3685 3107 αὑ·

430 3157 655 3212 quorum
693 3142 1053 3203 retinueritis,
1096 3150 1296 3196 retenta
1331 3153 1454 3197 sunt
1486 3144 1549 3195 '°.
1582 3161 1600 3193 ι

504 3255 659 3319 XVI,
699 3256 790 3310 '27.
827 3254 1002 3309 Filius
1046 3257 1184 3309 enim
1220 3257 1448 3309 hominis
1496 3266 1740 3311 uenturus
1770 3266 1847 3311 est
1880 3273 1996 3310 cum

434 3349 604 3418 gloria
631 3348 801 3417 patris
839 3348 941 3400 sui.

450 3514 457 3519 _
502 3438 739 3495 Gloriam
768 3439 896 3495 dicit
924 3440 1447 3509 transtigurationem
1478 3441 1995 3495 commutationem-

431 3548 533 3599 que
563 3544 767 3587 naturrc
799 3542 1029 3599 nostrae,
1087 3548 1206 3602 qua:
1243 3533 1470 3604 gloriam
1516 3533 1990 3602 incomparabilem

432 3624 673 3689 habebit,
704 3639 812 3693 prae
844 3623 1083 3692 qualibet.
1118 3624 1300 3693 specie
1322 3623 1373 3678 in
1400 3625 1811 3694 prazsentiat'um
1840 3638 1995 3693 spec-

434 3716 601 3769 labili.

499 3805 606 3874 56
640 3803 776 3856 XVI.
805 3805 895 3868 24,
934 3804 1024 3868 25,
1064 3802 1154 3856 28.
1188 3794 1410 3872 Abneget
1445 3806 1865 3873 semetipsum...
1893 3805 2000 3871 Qui

431 3909 566 3945 enim
619 3891 836 3944 coluerit
874 3892 1104 3944 animam
1153 3906 1301 3943 suam
1348 3892 1546 3945 salvam
1581 3892 1771 3961 facere,
1821 3895 1998 3959 perdet

430 3999 543 4035 eam
567 3997 587 4045 ,°
617 3982 705 4049 qni
737 3991 913 4034 autem
933 3981 1214 4047 perdiderit
1239 3980 1465 4032 animam
1490 3996 1640 4033 suam
1667 3992 1875 4049 propter
1894 3999 1995 4049 me,

430 4073 646 4125 inveniet
678 4089 888 4125 eam....
915 4070 1046 4125 Sunt
1079 4071 1290 4139 quidam
1308 4071 1370 4122 de.
1394 4069 1477 4122 hic
1506 4073 1763 4124 stantibus
1782 4074 1870 4141 qui
1896 4089 2000 4127 non

427 4164 705 4231 gustabunt
738 4173 981 4215 mortem.

495 4254 627 4307 Cum
675 4254 907 4306 nondum
944 4266 1008 4304 ex
1051 4250 1155 4305 alto
1185 4250 1434 4305 virtutem
1463 4252 1797 4320 accepissent
1830 4252 1997 4308 disci-

425 4344 557 4412 puli,
577 4358 672 4414 par
700 4351 818 4397 erat
835 4356 925 4396 eos
952 4342 1093 4397 forte
1120 4342 1169 4395 in
1211 4342 1472 4396 humanas
1510 4343 1742 4397 incidere
1771 4343 1998 4398 inﬁrmi-

430 4443 606 4502 tates,
647 4449 711 4487 ac
757 4434 935 4489 simile
990 4434 1116 4501 quid
1145 4433 1440 4503 cogitantes
1474 4434 1654 4489 dicere
1683 4435 1997 4501 :Quomodo

421 4525 709 4597 abnegabit
749 4525 870 4593 quis
897 4524 1171 4593 seipsum?
1197 4534 1289 4578 aut
1311 4525 1597 4593 quomodo,
1633 4527 1722 4593 qui
1755 4526 1997 4594 perdide-

427 4618 493 4669 rit
539 4616 775 4668 animam
808 4631 981 4680 suam,
1030 4616 1267 4669 inveniet
1315 4614 1467 4669 eam?
1517 4614 1781 4681 quodnam
1816 4627 1994 4670 autem

426 4706 527 4759 illis
550 4709 662 4760 haec
684 4707 1011 4774 patientibus
1040 4721 1135 4774 par
1160 4704 1475 4773 praemium?
1504 4704 1794 4773 Pmpterea
1827 4715 1881 4759 ut
1901 4721 1993 4761 eos

424 4797 491 4849 ab
513 4795 774 4863 ejusmodi
809 4797 1221 4864 cogitationibus
1254 4803 1483 4860 avertat,
1515 4800 1568 4847 ct
1597 4796 1992 4863 quodammodo

389 4930 395 4941 .
423 4893 594 4937 armet
623 4884 686 4937 ad
716 4884 1080 4938 fortitudinem
1106 4923 1121 4949 ,
1155 4884 1347 4937 futura:
1374 4885 1479 4938 illis
1512 4885 1693 4957 gloria:
1723 4885 1989 4952 cupidita-

424 4982 529 5025 tem
557 4972 823 5034 excitans,
848 4972 922 5023 ait
953 4986 966 5024 :
1005 4989 1024 5022 ι
1053 4971 1418 5039 Suntquidam
1441 4974 1507 5027 de
1535 4974 1619 5027 hic
1641 4974 1926 5038 stantibus,
1965 4991 1984 5026 ι

419 5071 526 5113 etc.
550 5101 565 5126 ,
600 5058 817 5114 Petrum
852 5058 1130 5113 insinuans
1164 5076 1226 5114 ac
1258 5060 1394 5115 ﬁlios
1427 5061 1668 5117 Zebedmi
1711 5087 1725 5119 -.
1764 5064 1814 5118 hi
1846 5065 1987 5119 enim

420 5150 472 5204 in
504 5148 984 5205 transformatione
1019 5150 1177 5204 simul
1210 5152 1470 5220 assumpti
1498 5161 1655 5218 sunt,
1687 5168 1846 5223 quam
1878 5153 1981 5223 57

482 5321 527 5357 υ
560 5324 753 5393 Epltcs.
796 5340 844 5388 \’,
878 5320 966 5377 27.
1046 5318 1089 5355 ³⁰
1120 5321 1278 5378 Joau.
1314 5342 1404 5389 xx,
1434 5324 1525 5378 ‘25.

489 5480 564 5548 (l)
604 5479 987 5535 Animadverte
1056 5480 1417 5534 testiinonium
1486 5494 1585 5548 pro
1652 5480 1792 5534 Petri
1867 5482 1975 5551 pri-

419 5558 587 5601 matu.

484 5616 564 5685 β)
601 5618 785 5683 Ἀθρει
809 5650 875 5660 --
899 5620 1003 5672 τὸν
1032 5619 1253 5685 Πέτρον
1285 5617 1627 5686 ἐφίστησιν.
1665 5620 1763 5673 Mai
1796 5619 1857 5672 Β.
1896 5619 1967 5677 Ν.

2101 3144 2233 3205 τοῖς,
2267 3142 2331 3195 ἄν
2360 3159 2518 3196 τινων
2547 3143 2807 3213 κρατῆτε,
2846 3144 3229 3213 κεκράτηνται.
3263 3162 3283 3195 ι

2168 3254 2389 3308 Μέλλει
2426 3254 2536 3323 γὰρ
2560 3257 2591 3307 ό
2640 3253 2769 3320 Υἱὸς
2800 3255 2907 3307 τοῦ
2937 3254 3250 3324 ἀνθρώπου
3282 3256 3562 3326 ἔρχεσθαι
3606 3257 3684 3310 ἐν

2098 3344 2173 3414 τῇ
2195 3345 2342 3413 δόξῃ
2366 3345 2468 3398 τοῦ
2498 3345 2728 3413 Πατρός
2754 3347 2962 3401 αὐτοῦ.

2168 3436 2335 3501 Δόξαν
2376 3438 2453 3507 (3)
2485 3439 2620 3507 φησὶ
2648 3438 2739 3490 τὸν
2785 3440 3306 3509 μετασχηματισμδν
3337 3439 3435 3493 καὶ
3473 3440 3681 3509 μεταλο

2098 3529 2305 3599 λαγμὺν
2352 3530 2449 3599 τῆς
2497 3530 2775 3601 ἡμετέρας
2811 3531 3045 3599 φύσεως,
3092 3531 3424 3603 ἀσύγκριτον
3472 3532 3680 3604 ἕξοντα

2098 3617 2254 3685 δόξαν
2285 3620 2434 3691 παρά
2460 3620 2520 3672 τὸ
2555 3620 2648 3674 νῦν
2681 3619 2953 3693 ὁρώμενον
2989 3622 3194 3692 σχῆμα.

2182 3799 2655 3866 Ἀπαρνησάσθω
2704 3799 2920 3853 ἑαυτόν
2961 3838 2976 3852 .
3015 3838 3031 3853 .
3069 3840 3084 3854 .
3132 3804 3239 3867 "Oc;
3281 3801 3389 3871 γὰρ
3417 3799 3493 3855 ἂν
3525 3802 3677 3869 θέλῃ

2100 3885 2212 3953 τὴν
2235 3887 2448 3955 ψυχὴν
2475 3887 2661 3941 αὑτοῦ
2689 3886 2904 3953 σῶσαι,
2937 3888 3226 3942 ἀπολέσει
3258 3889 3479 3955 αὑτήνυ
3522 3889 3588 3957 ὃς
3616 3889 3676 3943 δ’

2099 3975 2177 4028 ἂν
2228 3978 2505 4043 ἀπολέσῃ
2551 3976 2666 4044 τὴν
2718 3978 2931 4046 ψυχὴν
2972 3981 3198 4043 αὐτοῦ,
3250 3981 3456 4035 ἕνεκεν
3500 3981 3675 4050 ἐμοῦ,

2098 4067 2342 4134 εὑρήσει
2370 4068 2581 4132 αὑτήν.
2625 4109 2639 4123 .
2671 4106 2685 4121 .
2720 4070 2859 4122 Εἰσί
2892 4086 3055 4136 τινες
3098 4071 3217 4124 τῶν
3240 4068 3357 4127 ὦδε
3396 4073 3677 4127 ἑστώτων

2097 4159 2316 4223 οἵτινες
2345 4159 2416 4211 οὐ
2441 4158 2525 4227 μὴ
2556 4159 2885 4227 γεύσωνται
2921 4162 3203 4218 θανάτου.

2182 4247 2333 4299 Ἐπεὶ
2359 4247 2509 4300 οὔπω
2537 4249 2630 4319 τὴν
2660 4250 2718 4317 ἐξ
2756 4250 2921 4321 ὕψους
2956 4253 3184 4323 δύναμιν
3212 4256 3508 4325 ἐσχηκότας
3544 4257 3674 4319 τοὺς

2105 4338 2369 4408 μαθητὰς,
2403 4341 2547 4403 εἰκὸς
2589 4336 2655 4411 ἦν
2695 4343 2835 4412 τάχα
2862 4361 2964 4396 που
2996 4345 3090 4397 καὶ
3119 4347 3489 4416 ἀνθρωπίναις
3522 4365 3673 4416 mp:-

2107 4433 2291 4481 πεσεῖν
2319 4431 2639 4497 ἀσθενείαις,
2671 4436 2763 4485 καί
2794 4451 2847 4487 τι
2880 4435 3118 4489 τοιοῦτον
3148 4437 3552 4507 ἐννενοηκότας,
3588 4441 3673 4490 εί-

2105 4524 2226 4573 πεῖν
2247 4536 2261 4551 ο
2312 4522 2435 4585 Πῶς
2468 4524 2764 4596 ἀρνήσεταί
2797 4543 2878 4588 τις
2906 4528 3131 4595 ὲαυτόν;
3164 4528 3196 4598 ἢ
3225 4529 3342 4591 πῶς
3379 4528 3673 4592 ἀπωλέσας

2102 4610 2198 4681 τὴν
2231 4612 2421 4665 ἑαυτοῦ
2458 4612 2656 4682 ψυχὴν,
2693 4615 2914 4686 εὑρήσει
2949 4618 3157 4689 abripi;
3188 4619 3250 4670 Τί
3288 4619 3344 4671 δὲ
3376 4622 3490 4681 tot;
3510 4619 3672 4676 τοῦτο

2101 4701 2362 4754 παθοῦσιν
2399 4705 2673 4773 ίσοτιμοῦν
2717 4706 2921 4776 γέρας;
2971 4710 3068 4763 Διά
3096 4710 3272 4774 τοῦτο,
3302 4711 3388 4762 ἴνα
3419 4711 3532 4763 τῶν
3563 4729 3673 4765 τοι-

2096 4793 2267 4846 ούτων
2283 4796 2477 4858 αὐτοὺς
2498 4796 2784 4870 ἀποστήσῃ
2809 4798 3106 4869 λογισμῶν,
3134 4800 3228 4854 καὶ
3254 4798 3366 4854 οἷον
3397 4803 3673 4873 μετακαλ-

2096 4886 2268 4958 κεύσῃ
2296 4886 2429 4954 πρὸς
2457 4887 2744 4960 εὐανδρίαν
2768 4890 2869 4962 τῆς
2902 4893 3165 4963 ἐσομένης
3192 4895 3373 4958 αὐτοῖς
3394 4895 3669 4960 εὐκλείας.

2095 4975 2394 5043 ἐπιθυμίαν
2442 4976 2706 5045 ὲντεκὼν,
2754 4982 2950 5051 φησιν’
3000 5002 3018 5034 ι
3054 4983 3172 5036 Εἰσί
3220 5001 3363 5048 τινες
3413 4986 3522 5039 τῶν
3565 4978 3671 5038 ὦδε

2095 5066 2423 5132 ἑστηκότων,
2458 5082 2477 5118 ι
2509 5069 2603 5122 καὶ
2632 5070 2699 5122 τὰ
2727 5069 2874 5140 ἑξῆς,
2906 5071 3112 5143 Πέτρον
3144 5075 3542 5143 αἰνιττόμενος,
3570 5077 3670 5128 καὶ

2095 5153 2219 5216 τοὺς
2248 5154 2398 5218 υἱοὺς
2430 5157 2714 5211 Ζεϐεδαίου
2734 5177 2748 5191 °
2782 5155 2926 5214 οὗτοι
2958 5162 3065 5233 γὰρ
3094 5163 3153 5217 ἂν
3180 5165 3254 5233 ,τῇ
3301 5163 3669 5235 μεταμορφῶσ

2084 5481 2171 5543 Ill.
2214 5483 2331 5607 i3lll.
2367 5482 2593 5571 Reliqua
2642 5505 2706 5545 ex
2758 5492 3017 5548 Corderio
3048 5497 3137 5564 qui
3192 5498 3241 5550 in
3288 5497 3664 5567 superioribus

2090 5571 2266 5607 nonnu
2315 5574 2339 5607 ιι
2387 5571 2605 5607 υιιιιιιιι-

2090 5571 2339 5608 ιιοιιηιιιιιι
2387 5571 2605 5614 Ullllllll.

2154 5626 2231 5694 (3)
2262 5626 2454 5690 Δόξαν
2480 5659 2547 5666 -
2569 5629 2794 5699 σχῆμα.
2838 5633 2934 5686 Mai
2969 5635 3029 5688 Β.
3072 5634 3142 5690 Ν.
3174 5634 3258 5704 lli,
3289 5636 3406 5691 151.
