3986 6198
311 238 412 294 ηὸ

1467 238 1821 298 COMMENT.
1865 241 1927 296 IN
1953 237 2404 330 ⁵ΜΛἸἺἮᾹΞΒΜ.

3441 255 3546 309 4⁸26

307 374 391 411 σει
443 355 1002 428 συμπαρελήφθησαν,
1041 358 1108 428 ἢν
1138 357 1294 412 καλεί
1335 357 1632 428 βασιλείαν,
1663 358 1738 422 ὡς
1783 360 1872 411 ἐκ.

1993 373 2196 428 'egnum
2239 367 2394 414 vocat
2421 369 2672 428 tauquam
2707 359 3028 418 indicantem
3079 366 3401 425 iuetl‘ahilem
3449 385 3545 442 po-

308 449 558 518 φήνασαν
596 447 695 517 τῆς
741 448 990 514 ἐξουσίας
1029 449 1090 502 τὸ
1124 449 1350 518 ἄφατον,
1379 449 1596 520 καὶτῆς
1624 450 1762 521 πρὸς
1788 449 1879 503 τὸν

308 539 532 610 Πατέρα
563 539 915 610 γνησιότητος
942 541 1004 593 τὸ
1032 540 1469 612 ἀπαράλλακτον.
1487 541 1578 595 Ἑν
1615 541 1752 611 αὐτῇ
1799 541 1876 604 δὲ,

1979 458 2254 513 testatem,
2291 458 2347 504 et
2373 450 2668 520 genuinum
2696 465 2820 505 eum
2851 467 2970 507 esse
2999 454 3174 512 Patris
3209 457 3425 515 Filium.
3484 462 3544 518 In

1978 539 2091 608 ipsa
2131 555 2257 596 vero
2284 555 2499 610 quoque
2527 544 2772 598 secundae
2801 548 3097 613 prmsentia:
3127 550 3463 620 dignitatem,
3488 567 3548 609 et

307 631 404 685 καὶ
459 632 559 701 τῆς
609 631 871 697 δευτέρας
916 633 1215 704 παρουσίας
1265 633 1326 685 τὸ
1374 632 1610 704 ἀξίωμα,
1664 634 1759 687 καὶ
1816 633 1877 686 τὸ

1999 631 2216 686 erribile
2241 631 2600 687 subiudleavit
2631 633 2840 688 initium
2887 636 3051 701 illius,
3077 654 3140 693 ac
3169 642 3322 710 quasi
3347 646 3546 699 contir-

308 721 540 792 φρικτὸν
569 721 883 791 ὑπεδήλωσε
920 723 1228 794 προοίμιον,
1271 723 1475 796 ταύτην
1515 724 1752 794 ἐκείνης,
1784 725 1879 779 καὶ

304 809 416 866 οἷον
446 809 734 881 βεϐαίωσιν
765 813 1167 884 ἐνδειξάμενος·
1205 815 1324 885 ἥξει
1358 815 1466 886 γὰρ
1509 817 1568 870 ἐν
1611 814 1740 888 δόξῃ
1783 816 1876 868 τοῦ

304 903 441 957 Θεοῦ
486 904 584 956 καὶ
626 904 882 975 Πατρδς,
922 907 1021 958 οὐκ
1073 906 1131 958 ὲν
1185 907 1590 978 μικροπρεπείᾳ
1633 911 1696 977 τῇ
1745 909 1878 962 καθ’

303 995 472 1065 suis.

370 1088 475 1151 Ε’ίς
503 1085 633 1154 ὄρος
671 1085 932 1152 ὑψηλόν.

374 1178 472 1241 Εἰς
515 1176 576 1230 τὸ
619 1176 743 1246 ὄρος
770 1174 967 1240 ἄνεισι,
1001 1176 1239 1240 δεικνὺς,
1279 1178 1362 1231 ὅτι
1389 1178 1664 1250 χθαμαλὸς
1695 1181 1723 1234 ὁ
1749 1181 1874 1246 νοῦς

302 1267 405 1320 οὐκ
434 1265 500 1318 ἂν
527 1263 736 1332 γένοιτο
762 1264 896 1335 πρὸς
924 1264 1157 1335 θεωρίαν
1189 1265 1510 1337 ἐπιτήδειος,
1542 1266 1658 1320 ἀλλ’
1686 1268 1715 1320 δ
1744 1271 1874 1322 κατ’

304 1358 444 1410 ἰδίαν
481 1354 740 1425 γεγονὼς,
769 1355 865 1408 καὶ
896 1354 1003 1420 ἔξω
1030 1355 1325 1425 φροντίδων
1357 1355 1626 1427 βιωτικῶν
1655 1359 1712 1410 ἐν
1739 1360 1873 1428 ἡσυ-

303 1465 420 1517 xta.

377 1535 486 1590 Kal
517 1537 938 1609 μετεμορφώθη
971 1540 1315 1608 ἔμπροσθεν
1343 1542 1561 1598 αὐτῶν.

376 1630 698 1700 Πεπράχθαι
743 1631 801 1685 δέ
842 1648 1024 1702 φαμεν
1050 1632 1146 1703 τὴν
1177 1634 1620 1706 μεταμὸρφωσιν,
1647 1635 1768 1707 οὐχὶ
1795 1636 1881 1707 δή·

302 1733 407 1770 που
438 1721 501 1772 τὸ
537 1721 696 1792 σῶμα
738 1722 800 1775 τὸ
844 1721 1184 1795 ἀνθρώπινον
1217 1725 1613 1796 μεταϐαλόντος
1639 1727 1736 1782 τοῦ
1768 1729 1873 1781 σώ-

304 1825 496 1877 ματος,
533 1811 673 1866 ἀλλὰ
700 1811 861 1883 δόξης
892 1813 1037 1878 τινὸς
1066 1816 1392 1883 φωτοειδοῦς
1419 1817 1876 1890 περιστελλούσης

300 1902 434 1955 αὑτό
451 1919 464 1932 ·
505 1904 785 1974 μείναντος
800 1905 914 1977 γὰρ
934 1907 1028 1960 τοῦ
1054 1905 1305 1977 σώματος
1333 1909 1427 1962 ἐπὶ
1452 1907 1547 1962 τοῦ
1577 1910 1874 1981 σχήματος,

304 1995 394 2047 ἰπὶ
437 1995 500 2048 τὸ
550 1996 889 2069 ἐνδοξότερον
929 1999 980 2051 οί
1032 2001 1382 2072 χαρακτῆρες
1429 2000 1517 2055 διὰ
1557 2001 1878 2070 φωτοειδοῦς

303 2083 594 2155 χρώματος
621 2085 1028 2159 διεχρὼννυντο.

387 2193 754 2262 Ἀποκριθεὶς
784 2192 852 2246 δὲ
880 2195 914 2247 δ
941 2192 1160 2261 Πέτρος
1189 2189 1318 2246 εἶπε
1363 2192 1441 2258 τῷ
1479 2191 1672 2260 Ἰησοῦ
1699 2208 1713 2222 ⁸
1757 2192 1874 2248 Κύ-

301 2301 418 2352 ριε,
446 2285 640 2339 καλόν
662 2285 834 2337 ἐστιν
865 2281 1016 2352 ἡμᾶς
1028 2276 1145 2337 ὧδε
1159 2279 1311 2338 εἶναι
1331 2300 1343 2314 ·
1377 2286 1428 2337 εὶ
1461 2283 1675 2348 θέλεις,
1702 2281 1874 2349 uoui-

306 2391 511 2446 σωμεν
539 2372 656 2430 ὧδε
693 2379 848 2445 τρεῖς
873 2378 1129 2446 σκηνὰς,
1173 2377 1273 2430 σοι
1300 2377 1468 2446 μίαν,
1505 2377 1602 2430 καὶ
1649 2375 1875 2446 Μωῠσῇ

300 2469 469 2537 μίαν,
497 2469 593 2521 καὶ
627 2469 770 2537 μίαν
805 2469 997 2537 Ἠλίᾳ.

376 2562 494 2614 Οὐκ
528 2561 642 2632 ᾔδει
670 2561 724 2612 τί
754 2561 950 2614 ἐλάλει.
986 2559 1098 2632 Πρὸ
1125 2559 1234 2633 γὰρ
1271 2559 1361 2613 τοῦ
1397 2560 1600 2624 πάθους
1649 2561 1741 2614 καὶ
1776 2562 1875 2631 τῆς

304 2652 652 2715 ἀναστάσεως
695 2651 788 2705 τοῦ
833 2651 1107 2722 Σωτῆρος,
1143 2651 1363 2722 καὶτῆς
1389 2651 1741 2716 καταλύσεως
1779 2651 1874 2706 τοῦ

305 2743 562 2804 Θανάτου,
586 2745 680 2796 καὶ
708 2744 805 2814 τῆς
834 2745 1036 2814 φθορᾶς
1060 2742 1168 2795 τῶν
1189 2743 1456 2812 σωμάτων
1483 2742 1658 2813 ἡμῶν,
1683 2743 1877 2796 ἀδύνα-

303 2849 393 2885 τον
425 2829 495 2906 ἦν
523 2833 615 2887 τὸν
647 2834 854 2904 Πέτρον
891 2836 1128 2887 συνεῖναι
1171 2823 1412 2904 Χριστῷ,
1443 2833 1536 2886 καὶ
1581 2832 1691 2886 τῶν
1741 2850 1875 2903 σκη-

305 2923 411 2976 νῶν
451 2925 699 2992 ἐφίεσθαι
733 2926 946 2997 (1)-τῶν
976 2927 1033 2979 ὲν
1067 2925 1301 2996 οὐρανῷ.
1332 2925 1515 2978 Ταῦτα
1543 2925 1653 2999 γὰρ
1682 2926 1763 2979 δεῖ
1789 2943 1875 2995 γε-

304 3012 491 3064 νέσθαι
549 3012 687 3082 μετά
738 3014 836 3084 τὴν
885 3013 978 3067 τοῦ
1018 3015 1265 3086 Σωτῆρος
1298 3017 1597 3071 ἀνάστασιν
1650 3017 1746 3071 καὶ¹
1795 3020 1943 3090 εὶςα

303 3103 530 3175 οὐρανὸν
558 3104 844 3160 ἀνάϐασιν.

373 3195 488 3248 Kal
526 3197 896 3264 ἀκούσαντες
937 3202 990 3252 oi
1017 3201 1274 3269 μαθηταὶ
1304 3201 1530 3256 ἔπεσον
1556 3202 1653 3256 ἐπὶ
1691 3203 1876 3272 πρόσ-

304 3304 472 3340 ωπον
495 3287 692 3342 αὐτῶν
726 3290 822 3343 καὶ
847 3290 1233 3360 ἐφοϐήθησαν
1256 3293 1511 3363 σφόδρα.

387 3379 452 3431 Ἦ
489 3380 588 3450 μὲν
619 3380 715 3434 τοῦ
758 3380 892 3434 Θεοῦ
943 3384 1036 3436 κα)⁵
1069 3385 1282 3456 Πατρὸς
1312 3384 1462 3458 φωνὴ
1500 3386 1638 3458 καλή
1680 3403 1738 3439 τε
1783 3387 1877 3440 καὶ⁸

306 3470 661 3537 ἁξιάγαστοςο
694 3470 916 3540 ἀκράτῳ
947 3473 1002 3526 δὲ
1035 3474 1137 3545 ἤδη
1168 3476 1518 3546 κατεχόμενοι
1553 3477 1768 3547 δείματι
1795 3476 1878 3529 πί-

306 3577 535 3615 πτουσιν
584 3563 634 3615 oi
685 3567 942 3636 μαθηταὶ,
973 3565 1058 3618 ἵνα
1091 3566 1155 3639 δὴ
1197 3567 1360 3621 πάλιν
1408 3566 1503 3620 καὶ
1554 3568 1641 3622 διὰ
1687 3567 1876 3622 τούτου

309 3653 591 3723 μάθωμεν,
628 3655 703 3717 ὠς
733 3657 1134 3727 ἀναγκαιοτάτη
1174 3661 1286 3721 τοῖς
1315 3659 1405 3711 ἐπὶ
1430 3659 1536 3729 γῆς
1565 3661 1596 3731 ἡ
1627 3659 1722 3714 τοῦ
1766 3661 1877 3713 Σω-

305 3745 466 3814 time;
496 3745 650 3814 ἡμῶν
678 3746 1051 3815 ἀναπέφανται
1083 3747 1348 3818 μεσιτεία,
1381 3747 1646 3820 νοουμένη
1676 3747 1876 3820 δηλαδὴ

306 3836 447 3888 κατὰ
490 3835 584 3888 τὸν
627 3837 727 3907 τῆς
779 3837 1244 3909 ὲνανθρωπήσεως
1275 3837 1509 3907 τρόπον·
1557 3840 1607 3892 εί
1658 3839 1732 3909 μὴ
1771 3839 1878 3911 γὰρ

307 3925 496 3993 γέγονε
547 3926 670 3979 καθ’
699 3928 864 3996 ἡμᾶς,
904 3927 985 3991 τίς
1020 3927 1086 3981 ἂν
1115 3928 1274 3998 ἡμῶν
1306 3929 1539 3998 ἤνεγκεν
1572 3928 1684 3982 ἄνω
1711 3945 1879 3999 προσ-

303 4013 570 4068 ϐάλλοντα
596 4015 748 4079 Θεὸν,
784 4018 878 4069 καὶ
923 4017 1020 4088 τὴν
1068 4018 1274 4086 ἄφατον
1307 4017 1476 4071 αὑτοῦ
1516 4017 1676 4084 δόξαν
1703 4017 1879 4072 οὐδενὶ

302 4107 444 4176 τάχα
487 4105 597 4158 τῶν
630 4108 904 4178 γεννητῶν
954 4110 1198 4181 φορητὴν
1229 4111 1585 4181 ἐμφαίνοντα;
1621 4110 1741 4173 Φῶς
1770 4111 1880 4179 γὰρ

302 4199 474 4251 οἰκεῖν
502 4197 662 4250 αὑτὸν
690 4198 982 4270 ἀπρόσιτον
1018 4203 1108 4254 καὶ
1139 4204 1168 4254 δ
1216 4203 1484 4274 μακάριος
1529 4203 1698 4274 ἔφησε
1729 4203 1877 4256 Παῦ-

303 4289 412 4353 λος.

1978 721 2267 777 ιιιιιιὶοιιοιιι
2319 723 2588 790 ostendit;
2619 725 2798 780 veniet
2838 727 2980 782 enim
3032 730 3083 783 iu
3133 730 3300 798 gloria
3359 733 3451 787 Dei
3492 747 3546 790 et

1978 811 2174 878 Patris,
2203 829 2306 869 non
2332 815 2386 868 in
2413 826 2594 871 nostra
2625 821 2908 873 tenuitate.
2982 887 2988 894 _

2051 1082 2210 1150 XVII,
2242 1089 2292 1142 I.
2325 1085 2392 1141 In
2417 1096 2642 1142 montem
2668 1090 2948 1146 excelsum.

2045 1176 2104 1232 In
2133 1186 2368 1232 montem
2392 1179 2656 1245 ascendit,
2682 1183 2976 1238 ostendens
3003 1177 3276 1242 terrenam
3308 1197 3541 1246 mentem

1973 1268 2041 1323 ad
2090 1265 2600 1337 contemplationem
2655 1271 2877 1326 minime
2937 1273 3183 1330 idoneam
3232 1292 3392 1344 esse,
3447 1283 3543 1337 sed

1972 1355 2295 1420 solitariam,
2325 1362 2550 1412 etextra
2574 1359 2897 1428 temporales
2925 1376 3089 1418 curas
3121 1365 3171 1418 in
3199 1366 3381 1434 quiete
3410 1383 3541 1422 ron-

1971 1451 2236 1506 stitutam.

2060 1545 2223 1610 XVII,
2251 1546 2306 1601 2.
2351 1547 2419 1601 Et
2446 1546 2856 1617 transﬁguratus
2887 1555 2962 1601 est
2997 1557 3122 1602 ante
3143 1565 3250 1604 eos.

2059 1633 2278 1689 Factam
2325 1644 2502 1691 autem
2551 1637 3083 1708 transtiguratiouem
3129 1654 3250 1693 esse
3290 1640 3558 1705 dicimus,

1909 1709 1954 1770 Β
1984 1743 2090 1783 ιιοιι
2127 1727 2272 1798 quod
2317 1743 2515 1799 corpus
2560 1729 2851 1783 humanum
2903 1730 3008 1784 alio
3038 1745 3266 1799 corpore
3311 1733 3556 1796 mutarit.

1982 1819 2076 1875 sed
2110 1819 2279 1890 gloria
2323 1822 2555 1890 quadam
2591 1823 2766 1877 instar
2793 1821 2930 1878 lucis
2959 1823 3087 1877 illud
3133 1822 3297 1877 fuerit
3325 1825 3560 1878 circum-

1984 1911 2190 1967 datum.
2239 1910 2499 1981 Corporis
2536 1914 2679 1968 enim
2709 1925 3062 1982 permanente
3099 1914 3292 1985 ﬁgura,
3342 1915 3458 1984 ejus
3491 1915 3559 1969 Ii-

1985 2009 2272 2055 neamenta
2292 2002 2582 2072 gloriosius
2599 2003 2873 2058 Ittciiornii
2892 2005 3126 2074 quodam
3150 2004 3329 2060 colore
3351 2007 3554 2061 imbuta

1988 2090 2230 2146 fuerunt.

2049 2190 2158 2262 58
2188 2189 2352 2261 XVII,
2393 2193 2448 2250 I.
2491 2192 2829 2262 Respondeas
2861 2202 3034 2247 autem
3078 2191 3268 2247 I’etrus
3303 2195 3436 2248 dixit
3480 2197 3548 2249 ad

1977 2281 2156 2338 Iesum
2183 2301 2203 2338 :
2242 2284 2482 2350 Domine,
2515 2286 2703 2340 bonum
2739 2297 2812 2340 est
2842 2303 2934 2341 nos
2967 2287 3052 2341 hic
3076 2304 3186 2342 esse
3216 2305 3233 2343 :
3263 2292 3310 2342 si
3339 2290 3430 2352 vis,
3465 2292 3550 2357 fa-

1977 2375 2176 2429 ciamus
2230 2376 2314 2429 Iiic
2343 2377 2446 2430 tria
2489 2377 2851 2444 tabernacula,
2905 2378 3002 2432 tibi
3057 2395 3239 2446 unum,
3274 2390 3325 2434 et
3375 2381 3551 2451 Moysi

1979 2481 2161 2530 unum,
2186 2477 2231 2519 et
2261 2465 2397 2521 Elite
2428 2483 2608 2521 unum.

2051 2553 2335 2609 Nesciebat
2366 2557 2494 2625 quid
2532 2557 2754 2611 diceret.
2806 2557 2947 2613 Ante
2981 2559 3284 2627 passionem
3315 2559 3459 2613 enim
3496 2569 3553 2614 et

1981 2646 2434 2702 resurrectionem
2465 2645 2764 2704 Salvatoris
2791 2650 3322 2720 destructionemque
3349 2653 3541 2706 mortis

1977 2746 2032 2792 et
2090 2739 2486 2809 corruptionem
2566 2756 2854 2810 corporum
2909 2751 3214 2798 nostrorum
3275 2744 3390 2799 ﬁeri
3443 2761 3547 2799 non

1977 2833 2190 2894 poterat
2211 2837 2268 2880 ut
2296 2827 2485 2882 Petrus
2511 2838 2654 2884 esset
2683 2845 2804 2885 cum
2830 2830 3046 2886 Christo
3078 2843 3134 2887 et
3190 2834 3550 2888 tabernaculis

1977 2917 2289 2972 coelestibus
2317 2917 2609 2976 frueretur.
2665 2919 2790 2977 Hrec
2821 2923 2963 2977 enim
3002 2923 3266 2980 duntaxat
3308 2926 3421 2980 ﬁeri
3469 2925 3549 2979 Ias

1977 3016 2060 3060 est
2098 3017 2218 3076 post
2249 3009 2704 3066 resurrectionem
2750 3009 3052 3070 Salvatoris
3091 3023 3145 3069 et
3175 3016 3547 3071 ascensionem

1981 3095 2032 3149 in
2061 3097 2275 3152 malum.

2050 3188 2158 3260 59
2193 3188 2354 3256 XVII,
2392 3188 2444 3245 6.
2487 3190 2555 3246 Et
2579 3194 2847 3248 audientes
2879 3195 3122 3265 discipuli
3152 3199 3446 3252 ceciderunt
3495 3200 3550 3251 in

1980 3280 2168 3348 faciem
2200 3299 2350 3336 suam
2375 3292 2423 3336 et
2455 3284 2741 3338 timuerunt
2767 3284 2933 3340 valde.

2049 3372 2144 3429 Dei
2179 3376 2390 3444 quidem
2417 3386 2467 3430 et
2491 3374 2668 3431 Patris
2699 3392 2802 3430 vox
2847 3377 2983 3431 bona
3021 3388 3073 3432 et
3108 3394 3291 3435 amore
3344 3381 3543 3450 digna;

1980 3466 2072 3521 sed
2116 3480 2262 3520 mero
2299 3475 2443 3520 metu
2481 3464 2591 3534 jam
2644 3465 2877 3536 perculsi
2928 3468 3128 3521 cadunt
3179 3469 3448 3540 discipuli,
3495 3481 3554 3525 ut

1983 3569 2173 3610 rursus
2207 3570 2302 3625 per
2334 3557 2437 3610 hoc
2479 3557 2641 3610 etiam
2683 3557 2978 3624 discamus,
3005 3574 3165 3627 quam
3196 3563 3427 3614 maxime
3457 3577 3552 3616 ne-

1981 3643 2271 3699 cessariqu
2313 3658 2452 3709 esse,
2501 3655 2555 3698 ut
2591 3645 2657 3700 iis
2697 3646 2788 3716 qui
2840 3646 2892 3700 in
2926 3656 3068 3701 terra
3103 3658 3248 3715 sunt,
3298 3651 3550 3705 mediatio

1980 3733 2290 3804 apparuerit
2320 3733 2640 3801 Salvatoris,
2689 3737 2960 3793 intellecta
2997 3739 3207 3795 scilicet
3241 3755 3336 3810 per
3365 3740 3547 3796 incar-

1984 3825 2218 3880 nationis
2275 3826 2512 3881 modum.
2545 3827 2658 3883 Nisi
2716 3829 2861 3884 enim
2907 3831 3061 3885 uobis
3125 3832 3318 3887 similis
3373 3832 3548 3889 factus

1983 3917 2197 3982 fuisset,
2231 3920 2351 3988 quis
2395 3921 2579 3990 utique
2621 3936 2854 3990 superne
2897 3923 3309 3980 descendentem
3356 3940 3554 3996 capere

1982 4011 2263 4079 potuisset,
2295 4029 2358 4067 ac
2394 4011 2718 4068 inelfahilem
2753 4014 2894 4068 illius
2930 4015 3155 4085 gloriam
3187 4031 3347 4086 quam
3396 4033 3555 4073 nemo

1985 4103 2210 4159 fortasse
2239 4119 2424 4159 eorum
2459 4106 2688 4180 quinati
2720 4115 2845 4162 sunt
2884 4105 3024 4161 ferre
3054 4117 3250 4177 potest,
3290 4123 3553 4180 apparen-

1983 4194 2137 4248 tem?
2196 4194 2392 4249 Lucem
2424 4196 2565 4250 enim
2599 4211 2720 4250 eum
2770 4197 3070 4254 inhabitare
3121 4197 3548 4259 iuaccessihilem

1985 4286 2174 4340 beatus
2203 4285 2399 4340 Paulus
2431 4286 2564 4340 dixit
2589 4286 2654 4341 ³¹.

377 4383 516 4435 Τότε
565 4381 847 4451 συνῆκαν
882 4386 936 4438 οἱ
979 4387 1233 4453 μαθηταὶ
1283 4385 1371 4439 ὅτι
1420 4387 1550 4455 περὶ
1593 4388 1874 4443 Ἰωάννου

2056 4375 2217 4441 XVII,
2262 4377 2346 4431 15.
2416 4374 2559 4430 Tunc
2603 4376 2969 4434 intellexerunt
3015 4380 3264 4451 discipuli
3313 4384 3440 4452 quia
3488 4384 3554 4437 de

303 4472 408 4526 τοῦ
436 4474 776 4529 Βαπτιστοῦ
807 4472 978 4529 εἴπεν
1003 4477 1224 4544 αὐτοῖς.

372 4567 655 4622 Δείκνυσιν
684 4569 711 4620 ὁ
736 4568 966 4638 Χριστὸς
995 4569 1119 4632 τοὺς
1159 4569 1444 4633 Ἰουδαίους
1473 4569 1590 4624 λίαν
1619 4572 1874 4640 ἀγνοοῦν-

301 4673 404 4719 τας
437 4658 533 4719 τὰς
577 4657 796 4735 Γραφὰς
817 4699 830 4720 ,
864 4658 924 4724 ἐξ
951 4653 1027 4714 ὧν
1055 4661 1146 4712 τὸν
1182 4661 1434 4733 Ἰωάννην
1459 4661 1558 4714 οὐκ
1587 4661 1831 4730 ἔγνωσαν
1856 4681 1867 4694 ·

301 4746 551 4798 τουτέστι
593 4746 684 4798 τὸν
731 4747 947 4816 πρῶτον
982 4748 1204 4812 Ἠλίαν,
1248 4750 1339 4801 τὸν
1376 4748 1472 4820 τὴν
1500 4749 1616 4802 ὁδὸν
1657 4751 1876 4820 ἑτοιμά-

303 4855 468 4892 σαντα
499 4839 594 4891 τοῦ
625 4840 830 4909 Κυρίου
852 4858 864 4870 ·
896 4839 954 4892 ὃν
983 4840 1301 4908 ἀγνοοῦντες
1334 4841 1426 4894 καὶ
1455 4842 1874 4908 ἀποκτείναντες

301 4931 388 4982 τὸν
412 4931 504 4983 τοῦ
547 4929 784 5001 Χριστοῦ
815 4931 1134 5004 πρόδρομον,
1170 4931 1262 4986 καὶ
1295 4933 1454 4986 αὐτὸν
1483 4933 1754 5004 ἠγνόησαν
1785 4933 1874 4987 τὸν

304 5022 506 5093 Κύριον
541 5023 638 5075 καὶ
670 5023 994 5078 ἀπέκτειναν
1028 5023 1211 5078 αὐτόν.

370 5109 443 5170 Ὦ
478 5115 657 5184 γενεὰ
685 5114 937 5182 ἄπιστος
968 5117 1066 5170 καὶ
1099 5116 1553 5190 διεστραμμένη,
1595 5117 1703 5184 ἕως
1732 5120 1874 5172 πότε

303 5205 510 5274 ἔσομαι
535 5205 664 5274 μεθ’
688 5204 885 5273 optim;
913 5205 1022 5270 ἕως
1055 5207 1199 5260 πότε
1226 5206 1510 5276 ἀνέξομαι
1547 5208 1712 5277 ὑμῶν
1727 5226 1748 5274 ;

373 5297 518 5360 "Em;
570 5297 725 5364 πότε,
761 5297 916 5368 φησι,
954 5298 1340 5369 ουνδιαιτῶμαι
1368 5300 1496 5369 ὑμῖν
1528 5303 1642 5363 τοῖς
1695 5300 1871 5364 οὕτως

370 5475 410 5507 ⁸¹
444 5476 461 5530 I
493 5476 813 5541 'I'intothm,
848 5476 935 5531 16.

382 5638 456 5704 (t)
481 5633 587 5689 Pro
620 5634 867 5702 ἐφίεσθαι
895 5635 1141 5704 suspicor
1176 5635 1457 5703 legendum
1487 5633 1794 5703 ἐφικέσθαι.

626 5725 896 5786 ΡΑΤιιοι..
945 5726 1062 5787 Gn.
1113 5726 1213 5785 LX
1228 5727 1274 5785 Χ
1291 5727 1365 5786 II.

1983 4472 2185 4525 Joanne
2221 4469 2461 4538 Baptista
2486 4471 2701 4524 dixisset
2726 4472 2822 4526 eis.

2052 4561 2296 4616 Ostendit
2316 4559 2529 4616 Iudaeos
2554 4563 2605 4616 in
2629 4577 2811 4617 crassa
2843 4571 2898 4617 et
2928 4561 3118 4630 supina
3147 4561 3548 4632 Seripturarum

1983 4653 2322 4726 ignoratione
2356 4651 2561 4721 jacere,
2593 4669 2655 4708 ex
2687 4669 2750 4710 eo
2785 4656 2924 4724 quod
2963 4655 3174 4732 illarum
3219 4655 3416 4711 indicio
3447 4673 3551 4711 non

1987 4748 2301 4818 agnoverint
2348 4744 2629 4810 Joannem,
2661 4747 2762 4802 hoc
2798 4757 2876 4802 est
2931 4748 3162 4817 primum
3209 4749 3402 4813 Eliam,
3431 4765 3553 4804 eum

1988 4838 2076 4908 qui
2107 4837 2243 4891 viam
2277 4837 2484 4892 Domini
2515 4837 2837 4908 praeparavit
2872 4855 2884 4890 :
2919 4853 3026 4909 quo
3071 4839 3182 4910 60
3225 4841 3472 4911 ignorata
3504 4851 3558 4894 et

1987 4927 2269 4983 interiecto
2318 4928 2520 4984 Christi
2575 4945 2942 4998 praecursore,
3000 4946 3066 4986 ne
3111 4933 3284 5000 ipsum
3335 4934 3550 5002 quidem

1984 5029 2314 5089 aguovcruat
2345 5020 2646 5086 Dominum,
2671 5037 2829 5092 quem
2863 5025 3072 5077 tandem
3098 5023 3433 5077 occiderunt.

2055 5109 2214 5177 XVII,
2250 5113 2332 5167 l7.
2360 5110 2404 5166 0
2429 5113 2690 5182 generatio
2717 5115 2986 5168 incredula
3008 5125 3053 5168 et
3074 5131 3333 5182 perversa,
3357 5128 3554 5181 quous-

1980 5219 2078 5270 que
2105 5219 2192 5256 ero
2224 5203 2529 5257 vobiscum?
2559 5220 2818 5274 usquequo
2845 5206 3017 5270 patiar
3043 5207 3170 5258 vos?

2040 5293 2307 5360 Quamliu,
2326 5293 2516 5364 inquit,
2537 5295 2790 5350 t'crsabor
2809 5294 3101 5358 vobiscum,
3121 5294 3190 5347 ita
3209 5287 3560 5360 contumelio_

3157 5723 3228 5784 14
