3980 6194
381 239 486 293 ι2¹1

1368 234 1424 290 S.
1475 231 1744 290 CYRILLI
1786 224 2244 286 ALEXANDRIN
2282 223 2598 280 ARCIHEP.

3501 220 3607 276 828

382 359 523 415 siset
544 356 879 414 incredulis?
917 357 1205 413 ostendens
1234 353 1350 425 cogi
1391 368 1453 410 se
1480 366 1577 423 per
1610 349 1947 422 prtcsentiam

2059 342 2327 413 369:3:ch
2355 342 2449 396 καὶ
2467 340 2755 404 ἀπίστοις,
2785 336 3043 392 δεικνόων
3073 338 3157 394 ὅτι
3183 339 3215 409 ή
3244 338 3378 409 μετά
3407 340 3606 409 σαρκὸς

380 450 433 505 in
468 464 631 506 carne
657 448 967 505 conversari
1000 462 1121 503 eum
1157 462 1262 503 non
1290 445 1463 512 bonis,
1505 454 1563 499 ut
1594 445 1738 514 ipsos
1776 440 1949 497 corri-

377 550 548 611 geret.

450 634 683 690 lntidclis
707 632 1102 705 quodammodo
1127 630 1289 687 etiam
1323 641 1610 699 perversus
1633 634 1739 690 est,
1772 624 1947 679 nullo-

379 741 484 796 que
534 726 695 781 modo
736 734 884 780 recte
931 738 1091 793 agere
1122 722 1290 779 novit.
1345 720 1478 777 Cum
1510 718 1778 774 similibus
1817 730 1947 771 vero

377 815 625 872 Christus
654 830 776 871 esse
816 816 1155 885 dedignatur,
1198 821 1254 868 et
1281 814 1324 866 si
1355 810 1487 881 quid
1533 810 1770 865 humano
1799 820 1949 862 more

379 910 662 964 dicendum
703 917 808 973 est,
842 905 1173 971 contemnit;
1226 920 1331 959 non
1361 913 1539 957 tamen
1574 901 1677 956 hoc
1701 900 1769 955 ad
1809 900 1949 955 illius

380 1014 667 1071 personam
701 1007 908 1053 tantum
940 1012 1000 1053 se
1024 996 1284 1062 extendit,
1317 1004 1374 1048 ut
1403 1009 1469 1048 ne
1514 992 1786 1047 hominem
1829 1004 1948 1045 esse

378 1092 612 1159 dubites,
664 1091 755 1147 sed
812 1089 877 1145 ad
928 1104 1118 1145 omnes
1163 1089 1328 1144 etiam
1376 1084 1614 1141 Judmos.
1664 1082 1950 1138 Probabile

378 1184 523 1238 enim
552 1190 671 1238 erat
698 1180 894 1236 multos
916 1179 1258 1249 praesentium
1295 1174 1650 1233 scandalizari
1676 1188 1738 1229 ac
1759 1174 1949 1228 incon-

379 1274 646 1329 venientia
675 1272 914 1343 cogitare
932 1273 997 1328 de
1024 1273 1109 1328 iis.
1143 1270 1273 1327 Cum
1299 1282 1428 1324 vero
1445 1268 1609 1333 dixit,
1631 1268 1951 1335 aQuousque

380 1366 756 1421 commorabor
801 1363 1117 1419 vobiscum?
1157 1380 1177 1415 ι
1214 1361 1283 1417 ita
1316 1359 1546 1430 injurias
1593 1356 1951 1413 inferentibus

382 1464 436 1511 et
506 1455 815 1511 infidelibus
870 1454 1121 1515 ostendit
1168 1464 1442 1521 corporea:
1488 1463 1601 1504 sua!
1652 1444 1951 1519 praesentiae

382 1557 592 1617 tempus
620 1545 896 1616 postulare
926 1554 984 1601 ut
1016 1560 1138 1601 cum
1162 1546 1243 1600 eis
1276 1549 1663 1609 commoretur,
1690 1554 1812 1596 cum
1829 1537 1947 1595 cle-

382 1636 580 1691 mentia
611 1635 778 1691 Deum
806 1634 1017 1690 decenti
1048 1648 1173 1704 erga
1198 1647 1293 1689 eos
1314 1630 1407 1702 qui
1434 1629 1560 1686 boui
1593 1643 1697 1684 non
1720 1635 1869 1694 sunt,
1894 1635 1951 1679 nt

2046 432 2313 504 παρουσία
2344 428 2509 484 αὐτοῦ
2536 428 2846 500 ἠνάγκασεν
2891 427 3051 482 αὑτὸν
3080 425 3607 496 συναναστρέφεσθαι

2043 524 2156 585 τοῖς
2185 521 2286 574 οὐκ
2315 519 2558 589 ἀγαθοῖς,
2592 519 2680 573 ἵνα
2706 516 3069 590 διορθώσηται
3096 516 3315 579 αὐτούς.

2124 614 2183 667 Ὀ
2209 612 2433 674 ἄπιστος
2456 610 2608 664 ἔσται
2638 626 2741 662 που
2768 609 2860 663 καὶ
2888 607 3338 678 διεστραμμένος,
3364 607 3459 662 καί
3479 609 3610 661 κατ’

2043 704 2233 759 οὐδένα
2260 702 2457 773 τρόπον
2478 700 2787 773 όρθοποδεῖν
2812 699 2986 763 εἰδώς.
3004 700 3127 762 Τοῖς
3149 700 3205 753 δὲ
3227 698 3490 763 τοιούτοις
3514 700 3615 754 οὐκ

2044 794 2186 859 ἀξιοῖ
2212 794 2449 846 συνεῖναι
2478 791 2507 842 ὁ
2538 790 2793 861 Χριστὸς,
2826 788 2939 843 ἀλλ’
2970 790 3019 840 εί
3046 789 3151 860 χρή
3180 806 3233 843 τι
3265 788 3373 842 τῶν
3400 787 3615 859 ἀνθρω-

2046 886 2216 939 πίνων
2269 884 2463 948 είπείν,
2514 881 2799 952 ὀλιγωρεῖν
2852 878 2991 951 πλὴν
3039 880 3141 933 οὐκ
3190 880 3271 943 είς
3314 880 3376 933 τὸ
3424 880 3615 934 τούτου

2047 976 2338 1047 πρόσωπον
2372 967 2511 1027 εἶναι
2555 974 2715 1043 μόνον
2750 970 3110 1035 ἀποτείνεται,
3144 971 3229 1024 ἴνα
3260 970 3335 1041 μὴ
3363 971 3617 1042 ἀπορήσῃ

2043 1067 2135 1119 τὸν
2175 1064 2481 1135 ἄνθρωπον,
2516 1061 2631 1115 ἀλλ’
2658 1063 2736 1125 είς
2770 1061 2979 1125 πάντας
3015 1060 3325 1125 Ἰουδαίους.
3367 1062 3474 1115 Καὶ
3501 1063 3611 1132 γὰρ

2044 1156 2189 1221 εἰκὸς
2214 1155 2441 1218 πολλοὺς
2468 1153 2577 1208 τῶν
2607 1152 2889 1224 παρόντων
2915 1151 3393 1223 σκανδαλισθῆναι,
3419 1154 3514 1207 καὶ
3543 1153 3613 1207 τά

2050 1248 2125 1320 μὴ
2151 1248 2494 1318 προσήκοντα
2522 1244 2770 1313 ἐννοῆσαι
2807 1244 2937 1315 περὶ
2971 1243 3350 1299 αὐτῶν.“οταν
3372 1244 3435 1297 δὲ
3464 1244 3615 1316 εἴπῃ,

2044 1340 2127 1393 ὅτι
2176 1338 2351 1402 «Ἕως
2398 1337 2527 1391 πότε
2575 1334 2962 1407 συνδιαιτῶμαι
3006 1336 3174 1406 ὑμῖν;
3218 1354 3237 1388 ι
3288 1338 3401 1399 τοῖς
3447 1336 3619 1401 οὕτως

2047 1431 2327 1501 ὑϐρίζουσι
2354 1430 2447 1484 καὶ
2481 1429 2727 1491 ἀπίστοις
2749 1428 3022 1482 δείκνυσιν
3052 1428 3135 1482 ὅτι
3161 1430 3189 1481 ό
3221 1427 3324 1499 τῆς
3353 1429 3617 1499 ἐνσάρκου

2048 1521 2348 1594 παρουσίας
2392 1519 2581 1592 καιρὸς
2616 1519 2813 1590 ἀπῄτει
2845 1518 3008 1573 αὑτὸν
3038 1517 3445 1573 συνδιαιτᾶσθαι
3481 1520 3619 1591 μετά

2050 1609 2382 1683 θεοπρεποῦς
2410 1609 2747 1680 ἡμερότητος
2769 1611 2883 1674 τοῖς
2909 1610 3008 1663 οὐκ
3030 1609 3278 1678 ἀγαθοῖς,
3307 1610 3394 1665 ῖνα
3417 1611 3619 1674 αὐτοὺς

382 1744 479 1784 eos
508 1743 606 1799 per
630 1742 692 1783 ea
722 1742 842 1797 quae
882 1725 1010 1782 facit
1051 1691 1288 1795 corrigat
1318 1691 1348 1779 τ’
1365 1721 1601 1778 ostendit
1627 1720 1731 1790 οι
1771 1728 1948 1775 autem

2059 1704 2115 1758 St‘
2144 1697 2217 1758 ὧν
2250 1704 2392 1756 ποιεῖ
2429 1700 2786 1774 διορθώσηται
2808 1717 2822 1734 ·
2854 1702 3093 1761 δείκνυσι
3122 1702 3179 1757 δὲ
3220 1703 3314 1757 καὶ
3344 1702 3623 1758 ἀσπαστὸν

379 1829 656 1891 acceptam
680 1820 781 1877 sibi
806 1819 970 1876 etiam
994 1832 1115 1875 esse
1140 1827 1392 1881 mortem,
1416 1824 1470 1872 et
1490 1830 1550 1873 so
1569 1815 1710 1870 hanc
1731 1828 1950 1884 cupere,

381 1913 792 1982 discessumque
844 1910 1188 1976 desiderare;
1228 1923 1402 1979 neque
1447 1915 1555 1962 tam
1603 1905 1752 1963 cruci
1785 1902 1950 1975 aﬂigi,

378 2015 682 2069 quamcum
713 2000 795 2055 eis
818 1998 1024 2055 versari
1052 1996 1155 2053 sibi
1191 2010 1313 2052 esse
1339 2008 1501 2065 grave
1524 2008 1539 2045 :
1559 2006 1664 2048 non
1694 1999 1869 2045 tamen
1900 1989 1951 2043 in

378 2090 529 2145 hisce
546 2088 865 2144 criminibus
884 2088 1024 2144 stitit
1040 2101 1363 2142 sermonem.
1389 2086 1459 2138 At
1475 2082 1601 2154 quid
1620 2080 1731 2135 ait?
1752 2097 1770 2132 ι
1794 2079 1954 2135 Ferte

377 2180 510 2235 mihi
541 2180 715 2249 ipsum
748 2177 872 2234 huc.
906 2197 926 2233 ι

452 2266 616 2335 XVII,
654 2268 741 2324 18.
781 2267 846 2323 Et
873 2266 1166 2338 increpavit
1223 2265 1372 2320 illum
1422 2261 1601 2324 Jews,
1626 2271 1674 2314 et
1712 2260 1841 2314 exiit
1886 2259 1950 2312 ab

382 2378 435 2416 eo
467 2363 815 2426 da’mom’nm,
844 2375 891 2418 el
921 2372 1137 2416 curatus
1167 2370 1403 2437 estpuer
1431 2371 1496 2411 ex
1526 2352 1621 2408 illa
1651 2351 1815 2405 Itora.‘

462 2509 574 2565 Etsi
613 2518 886 2578 oporteret
936 2510 1248 2566 daemoniaci
1276 2520 1482 2580 patrem
1527 2512 1735 2566 tristem
1774 2513 1950 2575 abire,

394 2613 493 2653 nec
510 2596 619 2655 voti
642 2607 946 2670 compotem
967 2608 1024 2654 ut
1050 2598 1141 2669 qui
1171 2614 1276 2654 non
1300 2597 1418 2653 sine
1442 2598 1595 2669 culpa
1626 2607 1951 2667 accesserat,

392 2692 488 2746 sed
519 2689 744 2748 chorum
776 2691 1140 2762 apostolorum
1173 2689 1471 2754 incusarat,
1499 2689 1819 2745 criminatus
1850 2705 1953 2745 non

395 2784 632 2853 potuisse
662 2796 757 2838 eos
789 2782 1073 2852 increpare
1100 2780 1417 2847 daemonem,
1449 2780 1576 2851 quin
1610 2781 1783 2853 ipsum
1812 2796 1954 2853 quo-

394 2890 498 2945 que
547 2874 909 2931 calumniatus
965 2882 1081 2929 erat
1126 2884 1451 2945 potestatum
1502 2874 1809 2931 Dominum.
1852 2874 1953 2943 Qui

392 2968 536 3022 enim
573 2967 783 3021 dicebat
815 2982 909 3022 eos
952 2967 1195 3022 infirmos
1222 2982 1348 3024 esse
1370 2975 1425 3024 et
1453 2967 1777 3038 impotentes
1820 2984 1953 3023 con-

394 3063 477 3109 tra
510 3053 819 3109 immundos
875 3055 1098 3125 spiritus
1124 3094 1138 3117 ,
1180 3056 1269 3123 qui
1324 3071 1354 3111 a
1408 3054 1626 3111 Christo
1676 3056 1819 3127 ipsos
1860 3058 1958 3127 eji-
1985 3050 2024 3071 "

392 3146 568 3203 ciendi
626 3154 948 3217 acceperant
993 3153 1315 3216 potestatem
1346 3187 1361 3211 ,
1407 3147 1454 3203 is
1498 3144 1677 3216 pntius
1727 3148 1956 3219 gratiam

393 3246 629 3305 accusat,
661 3252 821 3308 quam
849 3251 944 3293 eos
977 3238 1068 3307 qui
1096 3237 1243 3292 illam
1269 3237 1378 3310 62
1406 3249 1733 3309 acceperunt
1765 3258 1778 3295 :
1814 3256 1948 3310 qua-

394 3336 615 3398 propter
641 3325 910 3382 infidelem
937 3325 1083 3381 illum
1104 3335 1334 3397 patrem.
1365 3328 1596 3397 ideoque
1617 3344 1956 3399 perversum,

394 3433 619 3472 vacuum
653 3417 982 3488 oportuisset
1010 3418 1235 3474 dimitti.
1292 3418 1399 3474 Sed
1426 3434 1493 3475 ne
1524 3421 1646 3491 quis
1681 3431 1831 3493 putet
1879 3423 1959 3491 ip-

394 3511 810 3565 summetctiam
840 3510 1114 3566 Christum
1145 3510 1211 3566 ad
1253 3511 1555 3567 mirabilem
1610 3513 1751 3568 hanc
1795 3528 1958 3569 cura-

397 3602 593 3657 tionem
626 3602 897 3657 infirmum
937 3618 1060 3658 esse
1087 3644 1123 3677 ,γ
1149 3603 1446 3674 increpavit
1482 3602 1816 3660 immundunt
1852 3605 1958 3676 spi-

396 3695 577 3760 ritum,
613 3703 667 3750 et
694 3693 979 3750 confestim
1026 3694 1167 3750 {ilius
1224 3711 1253 3749 a
1304 3696 1493 3751 morbo
1545 3696 1805 3754 liberatus
1833 3706 1957 3763 est,

394 3795 450 3841 et
481 3785 713 3840 reddidit
768 3800 890 3840 eum
931 3786 1073 3853 patri
1122 3800 1254 3852 suo;
1289 3796 1574 3855 antequam
1605 3788 1749 3843 enim
1795 3803 1959 3845 cura-

395 3885 566 3941 retur,
600 3888 705 3929 non
733 3873 904 3944 patris
951 3882 1094 3937 erat,
1148 3875 1241 3928 sed
1277 3874 1501 3943 spiritus
1555 3875 1632 3931 illi
1670 3876 1955 3933 dominan-

398 3963 483 4019 tis.
904 3970 907 3973 ‘

528 4202 533 4205 .
793 4141 901 4216 63
932 4141 1085 4216 (Car.
1113 4142 1274 4211 XVII,
1300 4144 1542 4215 passim.)

462 4237 651 4308 Itaque
691 4236 914 4292 deduxit
969 4236 1185 4306 quidem
1246 4253 1431 4293 secum
1474 4240 1526 4294 in
1572 4249 1810 4297 montem
1847 4241 1960 4312 pri-

2051 1793 2178 1847 ὅντα
2204 1792 2295 1847 τὸν
2324 1792 2548 1847 θάνατον
2578 1791 2747 1863 αὐτῷ,
2778 1793 2874 1846 καὶ
2918 1792 3205 1863 ἐπιθυμεῖν
3246 1792 3309 1847 τὸ
3358 1793 3620 1865 πρᾶγμα,

2053 1888 2148 1940 καὶ
2175 1886 2357 1940 ποθεῖν
2388 1886 2489 1956 τὴν
2528 1885 2857 1955 ἀποδημίαν,
2894 1885 2989 1940 καὶ
3009 1886 3089 1940 ὅτι
3118 1885 3180 1939 οὐ
3221 1886 3281 1939 τὸ
3307 1886 3623 1957 σταυρωθῆ-

2052 1994 2161 2042 ναι,
2192 1975 2329 2031 ἀλλά
2370 1976 2431 2028 τὸ
2474 1972 2611 2029 εῖναι
2649 1974 2766 2045 μετ’
2798 1975 2978 2030 αὐτῶν
3019 1975 3158 2047 βαρύ
3182 1992 3197 2008 ο
3232 1978 3293 2031 οὐ
3344 1978 3452 2049 μὴν
3489 1978 3622 2050 ἔστη

2056 2067 2215 2138 μέχρι
2242 2068 2349 2121 τῶν
2382 2066 2762 2138 ἐγκλημάτων.
2782 2068 2943 2122 Ἀλλά
2968 2068 3019 2121 τί
3051 2085 3218 2142 φησι;
3256 2087 3274 2122 ι
3303 2071 3497 2141 Φέρετέ
3532 2090 3622 2143 μοι

2053 2157 2216 2212 αὐτὸν
2244 2150 2368 2211 ὧδε.
2402 2176 2421 2209 ι

2125 2248 2232 2302 Καὶ
2269 2248 2629 2317 ἐπετίμησεν
2673 2245 2833 2314 αὐτῷ
2868 2250 2901 2302 ό
2940 2249 3197 2316 Ἰησοῦς,
3230 2252 3327 2305 καὶ
3365 2251 3625 2320 ἐξῆλθεν

2054 2340 2153 2396 ἀπ’
2187 2339 2371 2395 αὐτοῦ
2414 2341 2480 2393 τὸ
2518 2339 2846 2409 δαιμόνιον,
2880 2342 2975 2396 καί
3014 2341 3376 2411 ἐθεραπεύθη
3419 2348 3451 2397 ό
3480 2345 3624 2410 παῖς

2057 2431 2173 2486 ἀπὸ
2199 2430 2312 2502 τῆς
2338 2431 2492 2501 ὥρας
2519 2432 2778 2499 ἐκείνης.

2128 2522 2191 2576 Εἰ
2214 2523 2309 2576 καὶ
2341 2522 2449 2576 ἔδει
2477 2523 2569 2577 τδν
2602 2523 2696 2576 τοῦ
2725 2524 3089 2592 δαιμονῶντπ
3124 2524 3335 2596 πατέρα
3353 2523 3628 2597 λυπούμε-

2056 2630 2146 2669 νον
2178 2614 2452 2681 άπελθεῖν,
2483 2616 2543 2669 οὐ
2575 2615 2911 2687 τετυχηκότα
2935 2616 3034 2687 τῆς
3059 2615 3387 2687 φιλοτιμίας,
3409 2619 3501 2671 ἆτε
3523 2620 3628 2674 οὐκ

2056 2703 2355 2775 ἀμώμητον
2379 2707 2743 2779 ποιησάμενον
2768 2706 2863 2777 τὴν
2886 2706 3166 2779 πρόσοδον,
3185 2708 3322 2762 ἀλλά
3341 2710 3434 2765 τοῦ
3463 2710 3628 2781 χοροῦ

2055 2797 2162 2850 τῶν
2204 2798 2517 2853 ἀποστόλων
2556 2798 2990 2870 μεταόοήσαντα,
3019 2801 3259 2866 εἰπόντα,
3300 2801 3374 2872 μὴ
3409 2802 3628 2872 ἰσχύσαι

2055 2886 2252 2950 αὐτοὺς
2277 2886 2599 2957 ἐπιτιμῆσαι
2624 2886 2702 2958 τῷ
2732 2886 2947 2957 δαίμονι
2968 2902 2980 2915 ⁸
3017 2886 3215 2957 μᾶλλον
3244 2887 3301 2940 δὲ
3328 2886 3489 2941 αὐτὸν
3512 2887 3631 2940 δια-

2058 2978 2320 3032 δάλλοντα
2351 2977 2442 3031 τὸν
2484 2977 2591 3031 τῶν
2626 2977 2908 3047 δυνάμεων
2961 2976 3258 3048 Κύριον.’0
3303 2976 3410 3050 γάρ
3452 2977 3629 3046 λέγων

2059 3067 2353 3138 ἀσθενῆσαι
2383 3068 2517 3138 πρὸς
2545 3067 2823 3137 ἐνέργειαν
2852 3066 2949 3137 τὴν
2972 3066 3112 3121 κατᾶ
3142 3068 3464 3138 πνευμάτων
3488 3068 3632 3121 ἀκα-

2060 3158 2273 3229 θάρτων
2301 3159 2427 3223 τοὺς
2457 3158 2608 3231 παρὰ
2645 3159 2881 3231 Χριστοῦ
2928 3159 3175 3226 ἐξουσίαν
3219 3158 3503 3224 λαϐόντας,
3535 3160 3631 3212 ἐκο

2060 3249 2274 3305 ϐάλλειν
2306 3251 2467 3317 αὐτὰ,
2506 3251 2604 3322 τῆς
2649 3252 2870 3323 χάριτος
2919 3251 3115 3323 μᾶλλον
3160 3254 3474 3323 κατηγορεῖ,
3505 3252 3632 3323 οὐχὶ

2057 3345 2165 3398 τῶν
2192 3344 2463 3397 λαϐόντων
2495 3344 2694 3414 αὐτήν·
2724 3343 2812 3398 διά
2848 3343 3019 3398 ταῦτα
3065 3343 3245 3397 τοίνυν
3280 3343 3369 3396 τὸν
3397 3343 3630 3397 ἄπιστον

2059 3437 2263 3489 ἐκεῖνον
2297 3435 2529 3505 πατέρα,
2550 3435 2643 3489 καὶ
2673 3434 2762 3489 διά
2792 3434 2951 3488 τοῦτο
2980 3434 3426 3507 διεστραμμένον,
3457 3435 3626 3505 ἐχρῆν

2060 3526 2214 3580 κενὸν
2262 3525 2706 3598 ἀποπεμφθῆναι.
2738 3525 2876 3578 Ἀλλ’
2912 3526 2999 3579 ἵνα
3053 3525 3125 3596 μή
3176 3542 3258 3589 τις
3302 3525 3479 3595 οἴηται
3529 3516 3651 3578 καὶ

2060 3619 2219 3673 αὑτὸν
2248 3617 2505 3688 ἀτονῆσαι
2534 3617 2623 3670 τὸν
2651 3616 2882 3686 Χριστὸν
2909 3616 3043 3688 πρὸς
3065 3617 3161 3689 τὴν
3193 3615 3287 3669 τοῦ
3320 3615 3624 3687 παραδόξου

2060 3709 2419 3781 κατόρθωσιν,
2450 3708 2748 3779 ἐπετίμησε
2776 3708 2850 3778 τῷ
2884 3707 3181 3779 ἀκαθάρτῳ
3213 3707 3500 3779 πνεύματι,
3530 3707 3627 3760 καὶ.

2060 3802 2403 3873 παραχρῆμα
2431 3798 2525 3853 τοῦ
2556 3801 2730 3853 νοσεῖν
2758 3800 2786 3851 ό
2814 3800 2939 3864 παῖς
2971 3798 3364 3870 ἀπηλλάττετο,
3400 3799 3494 3852 καὶ
3524 3800 3628 3851 ἀπ-

2059 3890 2259 3944 έδωκεν
2289 3890 2451 3945 αὐτὸν
2493 3889 2571 3960 τῷ
2613 3891 2781 3960 πατρὶ
2820 3887 3021 3942 αὐτοῦ·
3070 3888 3177 3959 πρὸ
3202 3889 3309 3960 γὰρ
3334 3888 3427 3942 τοῦ
3466 3886 3624 3958 θερα⁹

2060 3980 2345 4052 πευθῆναι,
2383 3981 2483 4033 οὐκ
2525 3974 2593 4049 ἦν
2627 3978 2721 4032 τοῦ
2762 3978 2987 4050 πατρὸς,
3017 3976 3152 4031 ἀλλά
3180 3975 3273 4030 τοῦ
3303 3974 3628 4048 κρατοῦντος

2060 4085 2157 4122 πνε
2166 4070 2193 4121 ύ
2202 4086 2389 4139 ματος.

2128 4159 2334 4213 Οὐκοῦν
2355 4158 2644 4229 ἀνεκόμισε
2676 4158 2774 4228 μὲν
2802 4159 2881 4223 εἰς
2901 4158 2960 4211 τὸ
2982 4158 3105 4230 ὅρος
3126 4158 3250 4219 τοὺς
3273 4153 3624 4228 κορυφαίους.

2060 4249 2155 4304 καὶ
2182 4249 2380 4316 ἔδειξεν
2408 4250 2593 4313 αὐτοῖς
2637 4248 2735 4320 τὴν
2783 4250 2938 4313 δόξαν
2973 4250 3090 4319 μεθ’
3116 4245 3183 4321 ἧς
3229 4246 3522 4317 ἐπιλάμψει
3550 4244 3629 4316 τῷ

395 4333 619 4397 marios,
648 4328 995 4400 ostenditque
1029 4328 1135 4385 illis
1161 4330 1391 4401 gloriam
1417 4372 1434 4397 ,
1472 4346 1577 4402 qua
1605 4331 1719 4387 suis
1746 4340 1955 4403 tempo-

2059 4340 2248 4412 κόσμῳ
2272 4339 2414 4417 κατά
2443 4339 2689 4412 καιρούς.
2727 4336 2879 4405 Εἶτα,
2910 4339 3185 4393 κατελθὼν
3227 4339 3290 4391 ἐκ
3318 4337 3412 4390 τοῦ
3441 4337 3624 4406 ὅρους.

394 4423 546 4479 ribus
578 4420 676 4476 toti
699 4419 900 4476 mundo
935 4418 1289 4491 prmfulgebit.
1323 4420 1873 4479 Deindedescendens
1895 4424 1962 4480 de

393 4523 596 4581 monte,
625 4526 883 4584 perverso
917 4522 972 4568 et
1008 4512 1217 4569 crudeli
1244 4512 1438 4584 spiritu
1485 4516 1774 4583 quemdam
1824 4517 1958 4573 libe-

394 4606 556 4664 ravit.
587 4604 695 4663 Sed
730 4604 1020 4677 oportebat
1078 4620 1201 4661 eum
1238 4606 1462 4663 omnino
1513 4606 1807 4662 salutarem
1861 4623 1959 4679 pro

392 4699 552 4755 nobis
583 4696 854 4754 sustinere
877 4697 1209 4768 passionem,
1267 4712 1332 4752 ac
1385 4697 1689 4755 Judaeorum
1718 4697 1961 4769 perferre

392 4786 803 4857 perversitatem
839 4803 853 4841 :
884 4799 994 4855 quo
1024 4785 1168 4840 facto
1198 4824 1214 4851 ,
1272 4802 1449 4859 neque
1484 4789 1838 4858 improbabile
1878 4798 1961 4845 est

315 4888 324 4897 ‘
394 4875 691 4934 turbandos
720 4875 888 4930 fuisse
916 4874 1230 4949 discipulos,
1267 4879 1507 4949 illudque
1541 4878 1681 4937 forte
1726 4880 1865 4934 intra
1902 4894 1961 4935 se

394 4970 727 5040 cogitaturos
770 4966 1120 5038 dicturosque
1157 4987 1172 5024 :
1204 4969 1305 5037 Qui
1360 4979 1439 5026 tot
1481 4983 1724 5028 mortuos
1775 4988 1957 5027 resus-

395 5063 529 5118 citat
556 5074 678 5115 cum
726 5058 908 5117 divina
928 5062 1159 5132 quadam
1192 5070 1493 5132 potestate,
1542 5064 1633 5133 qui
1677 5078 1824 5120 mare
1873 5064 1959 5118 in~

394 5160 584 5223 crepat
641 5169 706 5210 ac
748 5162 968 5220 ventos,
1021 5153 1125 5225 qui'
1173 5154 1337 5209 verbo
1390 5155 1623 5210 conterit
1673 5153 1958 5217 Satanam.

395 5250 664 5322 quomodo
698 5260 839 5302 nunc
866 5246 1079 5318 capitur
1111 5253 1164 5300 et
1209 5246 1261 5301 in
1309 5245 1530 5317 laqueos
1564 5246 1753 5301 incidit
1784 5247 1960 5302 homi-

288 5418 291 5421 _
395 5338 685 5397 cidarum?
713 5338 923 5409 decepti
970 5353 1159 5394 sumus
1214 5338 1377 5407 igitur
1416 5338 1583 5394 Deum
1620 5337 1793 5409 ipsum
1841 5352 1961 5395 esse

394 5442 666 5503 putantes.
705 5431 775 5487 Ut
810 5430 971 5500 igitur
996 5439 1326 5501 cognoscant
1363 5444 1585 5500 prorsus
1638 5439 1692 5485 et
1735 5431 1958 5487 omnino

395 5526 655 5589 futurum,
694 5524 929 5579 insinuat
956 5524 1035 5581 eis
1068 5523 1384 5594 mysterium
1416 5521 1709 5591 passionis.

466 5613 630 5679 XVII,
652 5614 743 5667 24.
781 5612 1117 5670 l’em’cntibus
1143 5620 1323 5669 autent
1338 5613 1447 5670 illis
1475 5615 1528 5667 in
1550 5612 1923 5683 Capharnaum
1938 5652 1953 5679 ,

2063 4432 2299 4503 πονηροῦ
2325 4450 2384 4485 τε
2410 4431 2507 4486 καὶ
2532 4433 2772 4503 ἀπηνοῦς
2796 4432 3103 4503 πνεύματος
3123 4429 3463 4501 ἠλευθέρωσέ
3482 4444 3624 4481 τινα.

2074 4524 2209 4578 Ἀλλ’
2235 4524 2343 4578 ἔδει
2391 4523 2607 4587 πάντως
2658 4521 2820 4578 αὑτὸν
2866 4522 2927 4576 τὸ
2971 4524 3235 4592 σωτήριον
3282 4520 3420 4590 ὑπὲρ
3468 4519 3627 4589 ἡμῶν

2061 4617 2347 4688 ὑπομεῖναι
2408 4616 2579 4680 πάθος
2604 4656 2617 4681 ,
2688 4616 2783 4668 καὶ
2841 4615 2938 4686 τῆς
2984 4614 3247 4668 Ἰουδαίων
3295 4611 3629 4683 ἀνασχέσθαι

2061 4707 2377 4777 σκαιότητος
2400 4722 2414 4737 ο
2443 4699 2504 4759 οὗ
2532 4705 2594 4777 δὴ
2624 4706 2927 4774 γεγονότος,
2960 4704 3079 4759 οὐδὲ
3109 4702 3334 4766 ἀπεικὸς
3379 4705 3434 4755 ἐν
3468 4700 3631 4773 θορύ-

2060 4796 2175 4860 ϐοις
2206 4795 2422 4849 ἔσεσθαι
2452 4796 2576 4860 τοὺς
2614 4794 2881 4867 μαθητὰς,
2931 4795 3149 4848 κάκεῖνό
3184 4811 3285 4847 που
3314 4792 3453 4863 τάχα
3496 4791 3600 4845 καθ
3619 4792 3634 4812 ⁹

2059 4889 2281 4952 ἑαυτοὺς
2328 4891 2528 4942 ἐννοεῖν
2586 4887 2681 4941 καὶ
2729 4887 2929 4956 λέγειν.
2964 4888 3024 4942 '0
3067 4886 3352 4949 τοσούτους
3401 4885 3630 4955 νεκροὺς

2060 4982 2389 5051 ἀναστήσας,
2418 4981 2473 5033 ἐν
2506 4979 2723 5051 ἐξουσία
2748 4980 3039 5052 θεοπρεπεῖ
3063 4979 3156 5032 καὶ
3181 4977 3477 5040 θαλάσσαις
3503 4978 3630 5028 ἐπι-

2058 5073 2232 5142 τιμῶν
2260 5072 2353 5127 καὶ
2379 5071 2743 5143 πνεύμασιν,ό
2763 5072 2906 5142 λόγῳ
2927 5070 3223 5143 συντρίϐων
3251 5068 3341 5124 τὸν
3358 5069 3627 5128 Σατανᾶν,

2061 5160 2176 5225 πῶς
2222 5158 2337 5233 ἥλω
2382 5163 2519 5227 νυνὶ,
2548 5162 2641 5215 καὶ
2675 5164 2788 5226 τοῖς
2837 5162 2945 5217 τῶν
2978 5160 3260 5231 φονώντων
3295 5159 3631 5230 ἐμπέπτωκε

2061 5254 2313 5326 βρόχοιςς
2360 5256 2502 5325 Ἀρα
2532 5255 2889 5325 ὴπατήθημεν
2942 5254 3074 5306 Θεὸν
3127 5249 3265 5306 εἶναι
3317 5250 3631 5321 νομίζοντες

2059 5344 2365 5398 αὑτόν.”1να
2392 5342 2571 5396 τοίνυν
2601 5343 2789 5398 εἰδεῖεν
2838 5343 2900 5396 τὸ
2947 5344 3121 5417 πάντη
3164 5359 3223 5394 τε
3277 5342 3371 5395 καὶ
3410 5340 3631 5403 πάντως

2056 5436 2333 5504 ἐσόμενον,
2363 5434 2665 5506 προμηνύει
2694 5436 2877 5499 αὐτοῖς
2923 5434 3017 5489 τοῦ
3067 5432 3268 5498 πάθους
3309 5434 3370 5488 τὸ
3418 5433 3632 5503 μυστή-

2060 5543 2194 5599 ριον.

2141 5617 2468 5673 Ἐλθόντων
2514 5618 2582 5672 δὲ
2623 5618 2821 5673 αὐτῶν
2863 5619 2949 5686 είς
2995 5614 3403 5685 Καπερναοὺμ,
3436 5628 3629 5684 προσ-
