4120 6546
486 380 553 457 ti
1480 391 1539 451 s.
1580 367 1851 448 evntem
1888 367 2353 442 ALExANDtuNt
2392 380 2716 442 ARClllEP.
3663 383 3732 439 ιε

489 510 773 583 quemdam
840 508 1190 579 paedagogum
1238 506 1738 573 moderatoremque
1777 501 2058 558 constituit

2168 497 2274 551 ἀλλ’
2306 497 2413 553 οὐδ’
2443 498 2537 552 ἐπὶ
2568 498 2707 551 τισίν
2735 496 2871 560 ὅλως
2892 494 2988 559 τὰς
3010 495 3151 550 οὓτω
3176 488 3417 568 σκληράς
3442 496 3730 569 ὲζήτηνται

487 603 708 658 beatum
750 597 1067 655 Zachariam
1103 616 1118 653 :
1153 596 1438 651 oriundum
1475 594 1691 665 quidem
1729 609 1760 649 e
1798 590 2057 662 sanguine

492 703 667 753 sacro,
703 703 895 759 nempe
926 702 992 743 ex
1023 689 1164 742 tribu
1198 685 1348 751 Levi,
1383 694 1534 755 patre
1565 682 1827 739 Barachia
1862 697 2055 738 secun-

487 780 619 835 dum
665 792 923 846 carnem,
972 776 1188 835 oracula
1241 785 1419 831 autem
1460 775 1715 832 edentem
1763 774 2058 828 secundum

490 870 759 941 spiritum,
789 879 844 926 et
877 868 1047 925 lilium
1080 869 1232 923 Addo
1268 868 1562 939 prophetae.
1594 865 1758 935 Cujus
1792 863 2057 928 moribus,

491 971 551 1017 nt
584 962 839 1018 credibile
869 971 974 1028 est,
1004 962 1285 1025 educatus,
1317 958 1556 1029 ejusdem
1589 972 1801 1027 quoque
1832 956 2058 1011 virtutes

492 1053 731 1108 imitatus
762 1062 865 1108 est.
900 1050 1032 1119 Quae
1068 1051 1233 1120 igitur
1264 1048 1421 1119 hujus
1456 1048 1749 1118 prophetia:
1779 1047 1851 1101 sit
1888 1046 2056 1109 ratio,

492 1154 547 1197 et
570 1144 752 1214 quales
776 1143 1116 1198 narrationes
1138 1141 1372 1202 intexat,
1399 1154 1577 1209 opera:
1601 1139 1831 1207 pretium
1855 1146 1938 1192 est
1964 1151 2059 1192 exa-

490 1250 711 1305 ponere.
730 1233 1039 1290 Vindictam
1070 1234 1213 1289 enim
1245 1246 1403 1302 quam
1435 1231 1803 1294 sustinebant,
1835 1229 2059 1299 captivi-

494 1333 603 1377 tate
630 1322 818 1378 solutis
847 1323 1101 1391 obiectat,
1133 1331 1191 1376 ut
1220 1322 1309 1390 qui
1342 1320 1580 1374 divinum
1612 1320 1918 1373 mandatum
1951 1334 2056 1374 non

491 1414 682 1469 leviter
720 1412 1115 1483 neglexissent,
1152 1422 1207 1467 et
1245 1428 1341 1482 per
1377 1410 1832 1482 sapientissimum
1871 1409 2056 1465 Mosen

494 1504 752 1559 divinitus
787 1513 1050 1574 praecepta
1085 1508 1430 1558 contemnere
1462 1502 1871 1557 cOnsuevissent
1905 1516 1920 1555 :
1958 1515 2057 1555 ex-

493 1603 811 1663 terrensque
862 1592 981 1647 illos
1036 1608 1142 1648 non
1197 1592 1556 1657 mediocriter,
1612 1592 1678 1646 ad
1730 1591 2056 1645 voluntatem

495 1683 886 1753 eonsequendaa
939 1682 1115 1736 laudis
1158 1697 1221 1736 ex
1275 1680 1529 1736 lactiltate
1576 1678 1686 1734 Deo
1734 1693 1831 1748 per
1877 1680 2057 1734 omnia

496 1772 776 1827 obedicndi
815 1769 1059 1842 impellit.
1093 1772 1255 1826 Addit
1288 1787 1469 1841 porro,
1505 1770 1607 1825 nisi
1644 1770 1766 1824 boni
1800 1778 1855 1823 et
1891 1770 2055 1824 mori-

496 1863 633 1933 geri,
663 1841 968 1931 divinisque
996 1860 1202 1932 legibus
1230 1862 1590 1932 obsequentes
1619 1859 1838 1926 fuerint,
1871 1876 2059 1928 passu-
2094 1841 2134 1895 Β

498 1968 588 2009 ros
610 1954 810 2008 diriora
838 1952 943 2007 illis
962 1991 978 2017 ,
1003 1967 1122 2023 qua:
1146 1951 1383 2020 ipsorum
1410 1949 1645 2018 majores
1669 1950 1905 2019 perpessi
1929 1949 2057 2003 sint.

499 2040 565 2096 Et
586 2043 978 2113 quodammodo
1000 2042 1356 2099 institutionis
1378 2056 1486 2098 sua:
1506 2057 1785 2097 sermones
1808 2042 2057 2105 dilataus,

498 2134 693 2188 docere
720 2132 1033 2203 aggreditur
1080 2147 1200 2202 qua:
1224 2141 1438 2201 patrum
1466 2132 1643 2187 studia
1670 2130 1890 2194 fuerint,
1914 2140 1967 2184 et
1995 2134 2062 2185 ob

499 2237 617 2293 qua:
653 2222 867 2278 divinus
901 2237 1063 2292 super
1092 2238 1187 2278 eos
1222 2220 1372 2278 furor
1402 2223 1705 2287 stillaverit,
1741 2232 1795 2277 et
1831 2237 2059 2291 quonam

498 2312 657 2367 modo
689 2320 871 2381 postea
902 2312 1179 2383 perierint.
1211 2311 1339 2368 item
1369 2327 1475 2381 quo
1506 2322 1663 2382 pacto
1696 2312 1793 2382 ipsi
1830 2312 2060 2377 liberati,

497 2410 554 2456 et
579 2404 856 2458 servitutis
876 2403 1006 2474 jugo
1030 2405 1259 2475 exempti
1291 2406 1343 2458 in
1369 2403 1605 2458 Judzeatn
1634 2404 2059 2474 remigraverint.

497 2493 754 2564 Adjungit
792 2494 898 2558 his,
932 2496 1129 2559 adhuc,
1164 2504 1221 2548 ut
1260 2495 1391 2558 dixi,
1425 2497 1672 2564 graviora
1708 2509 1980 2562 passuros,
2018 2496 2061 2550 si

499 2583 763 2652 majorum
790 2583 1035 2653 vestigiis
1063 2583 1116 2636 in
1147 2596 1331 2637 amore
1363 2581 1457 2637 Dei
1490 2582 1781 2651 rejiciendo
1812 2581 2065 2637 insistere

498 2673 900 2729 contenderint.
948 2672 1158 2743 Ubique
1200 2683 1376 2728 autem
1424 2672 1758 2727 liberationis
1799 2671 1927 2727 olim
1968 2687 2064 2741 per

497 2762 773 2820 Christum
802 2764 993 2820 futura:
1020 2765 1285 2831 meminit,
1313 2772 1369 2819 et
1398 2764 1710 2835 mysterium
1738 2762 1791 2817 in
1823 2775 1889 2817 eo
1913 2763 2063 2817 exhi-

500 2852 731 2907 bendum
774 2852 1120 2908 innltilariam
1162 2853 1319 2909 nobis
1357 2852 1631 2909 describit.
1673 2852 1925 2923 Singulas
1961 2854 2066 2908 ita-

499 2955 607 3011 que
640 2951 817 3011 partes
850 2942 1141 3012 prophetia:
1170 2942 1329 3012 hujus
1358 2945 1666 2999 accuratius
1699 2945 2065 3015 pervestigare

498 3031 778 3098 volentes,
815 3048 881 3087 ne
922 3034 1150 3088 ctiosam
1190 3033 1562 3102 repetitionem
1597 3035 1909 3089 existiment
1945 3050 2066 3100 quae

500 3117 820 3184 afferuntur,
861 3129 917 3176 et
957 3121 1024 3177 de
1063 3123 1352 3191 praeteritis
1392 3135 1883 3178 commemorantur
1918 3142 1934 3179 :
1971 3125 2063 3179 sed

502 3206 845 3261 meminerint
876 3208 1074 3278 potius,
1099 3225 1166 3265 ex
1199 3212 1509 3281 captivitate
1538 3214 1589 3268 in
1613 3212 1853 3268 Judazam
1884 3228 2064 3269 rever-

503 3310 624 3360 608,
658 3298 972 3354 narratione
1010 3315 1232 3356 casuum
1274 3314 1703 3373 antegressorum
1742 3318 2067 3373 magnopere

501 3403 635 3457 opus
664 3387 935 3445 habuisse.
966 3390 1058 3447 Sic
1084 3394 1226 3447 enim
1257 3393 1392 3449 alios
1423 3395 1748 3466 corrigebat,
1777 3396 1830 3451 in
1862 3410 2067 3453 memo-

504 3482 636 3534 riam
672 3482 753 3536 eis
787 3482 1034 3552 redigens
1064 3500 1184 3554 quae
1216 3487 1560 3555 pertulissent
1594 3506 1607 3543 :
1634 3487 1941 3558 junioribus
1970 3505 2066 3543 au-

505 3582 610 3626 tem
660 3583 713 3626 et
743 3583 985 3628 veterum
1021 3575 1224 3643 ignaris
1251 3580 1597 3633 securitatem
1628 3579 1969 3646 conciliabat,
2001 3596 2067 3636 ne

505 3664 725 3733 paribus
758 3666 992 3720 miseriis
1025 3666 1441 3731 involverentur,
1502 3669 1548 3723 si
1580 3670 1741 3724 vitam
1780 3672 2056 3738 profanam

502 3764 557 3809 et
593 3754 1042 3824 improbissimam
1079 3766 1436 3813 sectarentur.

2156 587 2327 651 δίκας,
2364 588 2501 660 πλὴν
2540 589 2663 643 ὅσον
2708 586 2769 652 ἐξ
2805 585 3177 658 ἠμελημένων,
3202 586 3343 657 τάχα
3390 603 3490 641 που
3543 587 3733 659 διηγη-

2161 677 2369 747 μάτων,
2413 678 2724 746 ἀναγκαίως
2752 678 2781 729 ὁ
2810 675 2917 729 τῶν
2945 676 3081 728 ὅλων
3124 674 3255 739 Θεὸς
3293 676 3475 740 αὐτοῖς
3503 679 3613 742 τοῖς
3643 676 3731 731 λιι

2157 768 2521 839 λυτρουμένοις
2555 767 2895 837 παιδαγωγὸν
2936 766 3126 836 ῶσπερ
3164 769 3286 821 τινὰ
3317 768 3412 822 καὶ
3451 770 3730 842 ἁρμοστὴν

2160 858 2503 912 ἀναδείκνυσι
2541 859 2631 912 τὸν
2682 859 2951 928 μακάριον
3005 858 3301 929 Ζαχαρίαν,
3350 859 3477 912 δντα
3531 860 3627 930 μὲν
3672 858 3732 925 ἐξ

2158 949 2387 1019 αἵματος
2437 949 2605 1020 ἱεροῦ,
2644 950 2920 1003 τουτέστιν
2967 951 3031 1003 ὲκ
3078 949 3180 1019 τῆς
3217 950 3391 1020 φυλῆς
3438 950 3587 1013 Λευῒ,
3640 952 3731 1005 καὶ

2158 1040 2417 1108 γεγονότα
2446 1041 2542 1110 μὲν
2563 1044 2627 1094 ὲκ
2649 1042 2851 1112 πατρὸς
2876 1042 3144 1114 Βαραχίου
3165 1042 3305 1099 κατὰ
3328 1059 3389 1109 γε
3414 1042 3510 1113 τήν
3531 1042 3727 1113 σάρκα,

2158 1134 2598 1203 κεχρηματικότα
2648 1134 2702 1186 δὲ
2738 1136 2877 1189 κατά
2918 1134 3133 1204 πνεῦμα
3165 1135 3260 1188 καὶ
3286 1134 3399 1187 υίδν
3443 1131 3609 1188 Ἀδδὼ
3635 1134 3730 1187 τοῦ

2160 1226 2459 1295 προφήτου.
2515 1225 2823 1296 Τέθραπιται
2865 1228 2995 1296 γάρ,
3042 1227 3118 1290 ὡς
3163 1226 3328 1290 εἰκὸς,
3378 1229 3490 1290 τοῖς
3521 1228 3729 1279 ἐκείνου

2158 1316 2399 1385 τρόποις,
2435 1317 2529 1371 καὶ
2570 1318 2676 1371 τῶν
2711 1318 2839 1370 ἴσων
2876 1317 3377 1389 ἀνδραγαθημάτων
3416 1320 3603 1387 γέγονε
3641 1336 3730 1389 μι-

2162 1408 2357 1477 μητής.
2390 1407 2487 1470 Τίς
2528 1402 2620 1461 οὗν
2664 1408 2812 1478 αὑτῷ
2840 1408 2935 1478 τῆς
2983 1410 3316 1479 προφητείας
3358 1409 3386 1461 ό
3431 1410 3605 1476 λόγος,
3640 1412 3732 1461 καὶ

2158 1495 2246 1548 διά
2277 1496 2444 1549 ποίων
2474 1496 2582 1550 τῶν
2606 1497 2958 1569 διηγημάτων
2990 1498 3227 1569 ἔρχεται,
3261 1499 3377 1562 πῶς
3422 1500 3520 1551 οὐκ
3547 1499 3614 1553 ἂν
3652 1499 3731 1552 δίς-

2161 1601 2314 1638 καιον
2343 1586 2515 1638 εἰπεῖν
2533 1601 2551 1647 ;
2578 1586 2689 1656 Τὴν
2717 1586 2873 1655 δίκην
2905 1587 3004 1657 μὲν
3034 1588 3164 1658 γὰρ,
3196 1587 3285 1657 ὑφ’
3314 1588 3382 1657 ἦν
3416 1589 3572 1649 είσιν,
3609 1588 3731 1640 ὲπι-

2162 1677 2393 1746 σκήπτει
2423 1678 2533 1737 τοῖς
2562 1676 3008 1747 λελυτρωμένοις,
3044 1678 3137 1730 ἀτε
3178 1677 3242 1746 δὴ
3272 1676 3370 1747 τῆς
3394 1677 3543 1741 θείας
3586 1680 3731 1729 ὲντοο

2160 1767 2259 1837 λῆς
2286 1767 2347 1820 οὐ
2385 1767 2619 1838 μετρίως
2658 1768 2981 1837 ἠμεληκόσι,
3010 1768 3239 1822 καὶτῶν
3279 1767 3368 1821 διά
3409 1769 3499 1821 τοῦ
3532 1769 3732 1822 πανσόο

2163 1872 2263 1924 φου
2291 1856 2530 1919 Μωσέως
2562 1854 3001 1926 τεθεσπισμένων
3034 1857 3246 1924 ἀλογεῖν
3288 1856 3533 1909 εἰωθόσιο
3565 1873 3732 1910 κατα-

2161 1949 2529 2019 δεδιττόμενος
2585 1949 2643 2002 δὲ
2691 1950 2752 2003 οὐ
2807 1951 3041 2022 μετρίως
3109 1952 3343 2016 αὐτοὺς,
3405 1953 3733 2022 μεταφοιτᾷν

2163 2038 2446 2093 ἀναπείθει
2475 2039 2609 2111 πρὸς
2633 2040 2694 2093 τὸ
2719 2040 2829 2094 δεῖν
2855 2040 3070 2094 ἑλέσθαι
3103 2042 3304 2111 μᾶλλον
3326 2042 3628 2112 εὐδοκιμεῖν
3647 2042 3733 2094 διὰ

2162 2131 2257 2199 τῆς
2274 2131 2353 2194 είς
2369 2131 2475 2183 πᾶν
2491 2130 2668 2183 ὁτιοῦν
2680 2131 2985 2196 εὐπειθείας
2998 2134 3093 2185 καὶ
3107 2133 3369 2204 ὑπακοῆς.
3391 2134 3733 2204 Προσεπάγει

2161 2220 2239 2283 δὲ,
2262 2222 2343 2274 ὃτι
2361 2225 2407 2274 εί
2434 2222 2509 2292 μὴ
2543 2217 2650 2275 εἷεν
2674 2223 2887 2291 ἀγαθοὶ,
2908 2223 3002 2277 καὶ
3033 2224 3261 2295 εὐήνιοι,
3304 2224 3400 2276 καὶ
3427 2226 3537 2287 τοῖς
3568 2223 3733 2285 θείοις

2162 2310 2401 2376 εἴκοντες
2427 2315 2633 2383 νόμοις,
2651 2314 2927 2367 πείσονται
2950 2315 3043 2369 καὶ
3059 2315 3212 2368 αὐτοὶ
3238 2313 3346 2368 τῶν
3374 2315 3485 2378 τοῖς
3498 2314 3734 2383 πατράσι

2165 2403 2589 2475 συμϐεϐηκότων
2623 2405 2689 2459 τὰ
2725 2406 3117 2476 φορτικώτερα.
3152 2406 3512 2477 Κατευρύνων
3535 2406 3590 2459 δὲ
3625 2405 3734 2458 ὣσ-

2166 2511 2270 2565 περ
2315 2497 2414 2565 τῆς
2447 2496 2822 2565 παιδαγωγίας
2868 2498 2994 2560 τοὺς
3031 2498 3243 2565 λόγους,
3301 2499 3557 2569 πειρᾶται
3593 2498 3737 2553 διδά-

2166 2601 2333 2651 σκειν,
2365 2586 2484 2638 τίνα
2518 2576 2628 2656 μὲν’
2642 2583 2710 2658 ἢν
2750 2587 2917 2640 πάλαι
2955 2587 3025 2640 τά
3054 2586 3162 2641 τῶν
3191 2588 3439 2659 πατέρων
3463 2588 3737 2659 ἐπιτηδεύ-

2167 2691 2333 2743 ματα,
2362 2676 2455 2728 καὶ
2487 2675 2579 2728 ἐπὶ
2618 2676 2760 2730 τίσιν
2792 2676 2974 2741 αὐτοῖς
2996 2679 3023 2731 ό
3057 2676 3202 2741 θεῖος
3246 2677 3508 2744 ἐπέσταξε
3542 2679 3731 2750 θυμὸς,

2163 2765 2284 2818 τίνα
2316 2765 2360 2818 δ’
2389 2760 2456 2819 αὖ
2483 2764 2766 2821 διολώλασι
2793 2769 2991 2839 τρόπον
3008 2786 3021 2799 ·
3058 2769 3151 2822 καὶ
3175 2768 3279 2840 μὴν
3302 2771 3393 2823 καὶ
3413 2770 3559 2833 ὅπως
3583 2770 3735 2824 λελύ-

2164 2872 2420 2927 τρωνται,
2473 2858 2566 2911 καὶ
2617 2859 2708 2912 τὸν
2756 2862 2855 2929 τῆς
2905 2860 3279 2931 αἰχμαλωσίας
3339 2861 3734 2931 ἀπολυσάμενοι

2166 2945 2348 3014 ζυγὸν,
2378 2947 2814 3020 ἀνεκομίσθησαν
2853 2952 2930 3015 είς
2957 2952 3053 3021 τὴν
3090 2950 3368 3006 Ἰουδαίαν.
3393 2955 3736 3024 Προσεπάγει

2163 3034 2221 3087 δὲ
2252 3036 2482 3101 τούτοις,
2509 3039 2612 3102 ὅτι,
2645 3040 2898 3112 καθάπερ
2937 3040 3072 3112 ἔφην
3107 3041 3328 3112 ἀρτίως,
3367 3045 3640 3098 πείσονται
3670 3048 3739 3098 τὰ

2169 3126 2358 3199 χείρω,
2386 3130 2486 3199 τῆς
2515 3131 2623 3183 τῶν
2658 3131 2907 3202 πατέρων
2930 3134 3243 3201 ἀφιλοθεῒας
3276 3135 3397 3188 κατ’
3432 3137 3573 3207 [χνος
3604 3138 3738 3191 ἰέναι

2178 3218 2584 3284 σπουδάζοντες.
2614 3222 2990 3294 Διαμέμνηται
3012 3224 3067 3277 δὲ
3096 3227 3345 3297 πανταχῆ
3370 3227 3471 3296 τῆς
3499 3227 3584 3281 διὰ
3609 3230 3741 3299 Χρι-

2175 3308 2303 3362 στοῦ
2342 3309 2660 3380 λυτρώσεως
2696 3314 2959 3385 ἐσομένης
2992 3315 3135 3369 κατά
3164 3318 3409 3388 καιροὺς,
3439 3320 3531 3370 καὶ
3554 3320 3615 3371 τὸ
3654 3322 3740 3371 ἐπ’

2173 3402 2323 3473 αὐτῷ
2350 3405 2645 3475 μυστήριον
2667 3404 2756 3459 διὰ
2779 3388 2988 3460 πολλῶν
3009 3408 3142 3478 ήμῖν
3168 3410 3473 3480 ἀναγράφει
3502 3410 3739 3479 τρόπων.

2171 3495 2262 3546 Δεῖ
2297 3494 2352 3547 δὲ
2380 3490 2475 3547 οὖν
2522 3495 2730 3550 ἕκαστα
2769 3497 2867 3567 τῆς
2908 3499 3243 3570 προφητείας
3289 3500 3357 3553 τὰ
3399 3501 3537 3573 μέρη
3578 3500 3744 3553 πολυο

2174 3588 2507 3655 πραγμονεῑν
2548 3586 2855 3652 ἐθέλοντας,
2891 3589 2965 3660 μὴ
2999 3589 3351 3658 ταυτολογίαν
3390 3590 3638 3661 ήγεῖσθαι
3677 3593 3744 3645 τα

2174 3677 2233 3727 ὲν
2264 3677 2421 3748 αὐτῇ,
2450 3679 2543 3730 καὶ
2567 3679 2694 3749 περὶ
2732 3679 2830 3750 τὴν
2860 3681 3134 3751 ἀφήγησιν
3167 3680 3275 3734 τῶν
3305 3681 3401 3753 ήδη
3444 3680 3747 3752 γεγενημέ-

2176 3782 2283 3817 νων
2301 3782 2314 3795 ’
2345 3766 2752 3839 διαμεμνῆσθαι
2782 3769 2838 3822 δὲ
2864 3770 3086 3839 μᾶλλον,
3123 3771 3206 3824 ὅτι
3233 3773 3343 3834 τοῖς
3366 3772 3431 3824 ὲκ
3467 3771 3566 3841 τῆς
3592 3773 3750 3842 αἰχμ-

507 3850 741 3914 αλωσίας
772 3849 1206 3924 ὐπονοστήσασιν
1238 3854 1319 3917 είς
1355 3854 1454 3924 τὴν
1499 3854 1777 3919 Ἰουδαίαν,
1848 3858 2284 3925 ἀναγκαιοτάτην
2327 3858 2439 3930 ἔχει
2508 3862 2618 3915 τῶν
2662 3863 2762 3934 ήδη
2827 3863 3249 3934 συμϐεϐηκότων
3298 3864 3397 3933 τὴν
3448 3864 3743 3935 ἀφήγησιν.

518 3944 864 4015 Ἐπηνώρθου
897 3945 997 4016 μὲν
1023 3946 1130 4018 γὰρ
1169 3948 1297 4011 τοὺς
1334 3948 1563 4015 εἰδότας,
1629 3944 1703 4004 ὧν
1740 3951 1837 4023 ήδη
1864 3951 2193 4007 πεπόνθασιν
2262 3956 2551 4028 ἀναφέρων
2609 3958 2745 4028 πρὸς
2782 3958 3108 4030 ἀνάμνησιν·
3150 3962 3260 4023 τοῖς
3287 3960 3343 4014 δὲ
3388 3960 3453 4030 δὴ
3487 3961 3626 4022 νέοις
3653 3976 3747 4012 κο·

509 4040 655 4112 μιδῇ,
687 4041 782 4095 καὶ
807 4042 906 4095 οὐκ
951 4042 1114 4096 είδόσι
1145 4043 1212 4097 τὰ
1247 4043 1434 4107 πάλαι,
1465 4045 1742 4116 προεξένει
1768 4048 1866 4116 τὴν
1899 4047 2214 4118 ἀσφάλειαν,
2243 4050 2328 4103 ίνα
2388 4051 2463 4123 μή
2482 4055 2593 4115 τοῖς
2626 4051 2763 4115 ίσοις
2826 4053 3063 4107 ἑναλοῐεν
3091 4057 3315 4122 κακοῖς,
3369 4054 3468 4122 τὴν
3523 4053 3747 4123 βέϐηλον

506 4135 600 4188 καὶ
632 4133 988 4204 ἀνομωτάτην
1020 4134 1341 4203 ἀγαπῶντες
1374 4137 1537 4206 ζωήν.

797 4281 1202 4374 TOMUS
1288 4286 1775 4376 PRIMUS.

1074 4429 1239 4502 354
1272 4431 1424 4485 esp.
1466 4432 1502 4485 ι.

588 4563 746 4621 Vens.
780 4565 830 4627 l,
855 4564 911 4618 Ξ.
944 4564 1009 4617 In
1039 4577 1213 4619 octavo
1244 4581 1411 4618 mense
1436 4566 1559 4618 anni
1584 4565 1821 4628 secundi,
1847 4566 1940 4619 sub
1972 4565 2072 4618 Da-

509 4660 608 4720 rio,
642 4658 838 4725 factum
872 4667 945 4709 est
981 4657 1187 4708 verbum
1221 4654 1427 4708 Donttm'
1459 4655 1527 4706 ad
1565 4652 1876 4708 Zachariam
1905 4654 2075 4722 ﬁlium

511 4749 808 4811 Barachiw,
839 4746 1007 4816 ﬁlium
1040 4746 1190 4801 Addo
1224 4748 1503 4816 prophetia,
1535 4748 1711 4800 dicem
1740 4761 1758 4800 .°
1787 4745 1969 4800 Iratus
2003 4754 2079 4801 est

514 4838 764 4891 Dominus
795 4844 976 4889 contra
1004 4848 1178 4904 patres
1206 4844 1400 4890 vestros
1432 4835 1513 4888 ira
1539 4851 1748 4905 magna.

584 5034 649 5089 ιι.
700 5034 1099 5089 Animadvertis
1144 5032 1413 5102 quomodo
1462 5032 1769 5089 narratione
1814 5041 2077 5090 terrorem

513 5127 647 5197 ipsis
678 5124 917 5193 injiciat,
949 5132 1005 5179 et
1035 5125 1366 5195 impuberes,
1396 5139 1516 5193 qua:
1543 5134 1669 5179 ante
1695 5124 1813 5180 illos
1838 5128 2083 5196 contige-

520 5226 641 5271 runt
674 5230 984 5286 exponens,
1021 5216 1086 5270 ad
1120 5215 1440 5285 probitatem
1477 5216 1791 5287 compellat,
1826 5219 2080 5275 minitans

517 5308 931 5376 quodammodo,
962 5306 1248 5373 similibus,
1280 5314 1374 5361 aut
1408 5308 1922 5364 intolerabilioribus
1956 5309 2083 5365 sub-

512 5403 687 5469 jectos
715 5398 1114 5455 calamitatibus
1142 5400 1334 5455 acerbe
1370 5399 1784 5465 lamentaturos,
1818 5400 1919 5455 nisi
1951 5415 2081 5469 pru-

519 5494 706 5547 denter
730 5482 939 5546 illorum
972 5491 1219 5563 exempla
1246 5492 1542 5561 despicere,
1570 5503 1625 5547 et
1655 5492 1748 5548 Dei
1781 5493 2086 5561 beneplaei-

522 5584 656 5646 tum,
687 5593 744 5637 ut
769 5574 1073 5640 omni'cura
1099 5593 1153 5639 et
1176 5584 1531 5639 mstimatione
1557 5586 1774 5652 dignum
1801 5584 2081 5655 complecti

522 5676 875 5734 instituerint.
894 5678 1079 5750 Magna
1092 5688 1271 5735 autem
1290 5681 1367 5733 ira
1386 5680 1600 5746 iratum,
1626 5679 1820 5750 inquit,
1839 5681 2081 5735 omnium

521 5782 699 5825 rerum
733 5781 1000 5842 potentem
1036 5772 1201 5829 Deum
1237 5791 1250 5826 :
1289 5786 1384 5827 nec
1417 5772 1702 5826 verborum
1738 5784 1957 5827 suorum
1996 5785 2087 5824 ve-

2495 4283 2876 4372 ΤΟΜΟΣ
2951 4283 3418 4370 ΠΡΩΤΟΣ.
3514 4310 3518 4315 ’

2748 4438 3028 4498 ΞΚΕΦΛΛ.
3065 4440 3122 4491 A'

2260 4571 2355 4623 Ἐν
2386 4570 2464 4637 τῷ
2509 4573 2696 4642 ὀγδοῳ
2738 4575 2885 4644 μηνὶ
2938 4576 3111 4642 ἐτους
3162 4577 3465 4645 δευτέρου,
3499 4578 3595 4632 ἐπὶ
3643 4582 3752 4630 Δα-

2170 4659 2359 4726 ρείου,
2391 4661 2623 4730 ἐγένετο
2653 4666 2833 4735 λόγος
2874 4669 3096 4734 Κυρίου
3140 4668 3290 4736 πρὸς
3322 4671 3621 4739 Ζαχαρίαν
3647 4671 3752 4725 τὸν

2180 4751 2285 4804 τοῦ
2308 4755 2629 4821 Βαραχίου,
2668 4757 2800 4809 υἱὸν
2822 4756 3007 4810 Ἀδδὼ
3043 4758 3149 4813 τοῦ
3182 4759 3511 4827 προφήτου,
3534 4760 3747 4829 λέγων-

2193 4844 2463 4913 Ὼργίσθη
2494 4848 2707 4915 Κύριος
2750 4849 2846 4902 ἐπὶ
2884 4851 3026 4916 τοὺς
3071 4851 3329 4918 πατέρας
3362 4851 3527 4920 ὑμῶν
3567 4852 3756 4921 ὀργὴν

2175 4934 2467 5004 μεγάλην.

2252 5046 2325 5099 B'.
2359 5048 2551 5119 Συνίης
2602 5052 2752 5115 ὅπως
2801 5055 3095 5106 καταπτοεῖ
3134 5056 3244 5117 τοῖς
3294 5055 3616 5126 διηγήμασι,
3660 5060 3755 5110 καὶ

2182 5138 2294 5199 τοῖς
2322 5138 2516 5211 κομιδῇ
2567 5140 2705 5202 νέοις
2744 5141 2813 5194 τά
2860 5145 2972 5205 τοῖς
3001 5142 3106 5213 πρὸ
3143 5144 3320 5197 αὐτῶν
3374 5145 3757 5216 συμϐεϐηκότα

2182 5226 2506 5296 παρατιθεὶς
2533 5230 2611 5292 είς
2637 5228 2914 5301 ἐξήγησιν,
2937 5231 3230 5300 μετασοϐεἰ
3258 5232 3393 5303 πρὸς
3426 5234 3486 5288 τὸ
3509 5234 3755 5303 ἄμεινον,

2183 5317 2463 5382 οἱονείπως
2480 5321 2739 5385 ἀπειλῶν,
2771 5323 2852 5375 ὅτι
2874 5323 2986 5384 τοῖς
3006 5321 3161 5387 ἴσοις,
3194 5322 3226 5394 ἢ
3253 5325 3346 5378 καὶ
3378 5326 3489 5388 τοῖς
3514 5323 3591 5378 ἔτι
3627 5323 3754 5375 δυσ-

2184 5404 2528 5479 αχοεστέροις
2582 5409 3010 5481 ὑπενηνεγμένοι
3081 5415 3308 5479 κακοῖς,
3360 5409 3755 5480 κατοιμώξουσι

2186 5498 2416 5569 πικρῶς,
2447 5502 2494 5553 εί
2528 5500 2603 5573 μὴ
2634 5501 2840 5555 ἕλοιντο
2874 5503 3167 5575 σωφρόνως
3201 5502 3634 5566 άποσπουδάζειν
3659 5504 3758 5571 μὲν

2184 5589 2253 5642 τά
2304 5590 2542 5653 ἐκείνων,
2598 5594 2876 5663 φροντίδος
2932 5612 2994 5664 γε
3028 5596 3134 5667 μὴν
3184 5597 3275 5651 καὶ
3338 5594 3497 5664 λόγου
3558 5593 3759 5651 παντὸς

2187 5680 2367 5746 ἀξιοῦν
2411 5682 2471 5735 τὸ
2502 5682 2748 5755 θυμῆρες
2782 5685 2920 5757 Θεῷ.
2954 5683 3169 5759 ’Ὀργὴν
3197 5687 3255 5741 δὲ
3295 5686 3541 5758 μεγάλην
3591 5684 3761 5757 ὠργί’

2190 5770 2311 5824 σθαι
2375 5775 2506 5844 φησὶ
2562 5776 2653 5832 τὸν
2707 5776 2817 5833 τῶν
2869 5778 3006 5832 ὅλων
3052 5776 3540 5845 κατεξουσιάζοντα
3588 5776 3761 5840 Θεδνι
