  <div class='ocr_page' id='page_1' title='image "/cluster/home/n/w/nwhite01/storage/ocr_20150623/72/hvd.32044019207893/014.png"; bbox 0 0 4120 6570; ppageno 0'>
   <div class='ocr_carea' id='block_1_1' title="bbox 346 329 1921 409">
    <p class='ocr_par' dir='ltr' id='par_1_1' title="bbox 346 339 1921 409">
     <span class='ocr_line' id='line_1_1' title="bbox 346 339 1921 409; baseline -0.003 0"><span class='ocrx_word' id='word_1_1' title='bbox 346 348 410 409; x_wconf 65' lang='grc'><strong>1⁸5</strong></span> <span class='ocrx_word' id='word_1_2' title='bbox 1147 340 1684 409; x_wconf 63' lang='lat' dir='ltr'><strong>COMMENTARIUS</strong></span> <span class='ocrx_word' id='word_1_3' title='bbox 1726 348 1788 403; x_wconf 81' lang='grc' dir='ltr'><strong>ΙΝ</strong></span> <span class='ocrx_word' id='word_1_4' title='bbox 1830 339 1921 404; x_wconf 66' lang='grc' dir='ltr'><strong>ΖΛε</strong></span> 
     </span>
    </p>
   </div>
   <div class='ocr_carea' id='block_1_2' title="bbox 2020 329 3579 409">
    <p class='ocr_par' dir='ltr' id='par_1_2' title="bbox 2020 329 3579 407">
     <span class='ocr_line' id='line_1_2' title="bbox 2020 329 3579 407; baseline 0.003 -4"><span class='ocrx_word' id='word_1_5' title='bbox 2020 341 2226 405; x_wconf 67' lang='grc' dir='ltr'>ΑιιιΑΜ</span> <span class='ocrx_word' id='word_1_6' title='bbox 2266 329 2701 407; x_wconf 75' lang='lat' dir='ltr'><strong>PBOPHE’I‘AM.</strong></span> <span class='ocrx_word' id='word_1_7' title='bbox 3511 350 3579 407; x_wconf 80' lang='grc' dir='ltr'><strong>ιι</strong></span> 
     </span>
    </p>
   </div>
   <div class='ocr_carea' id='block_1_3' title="bbox 344 462 1921 535">
    <p class='ocr_par' dir='ltr' id='par_1_3' title="bbox 344 462 1910 535">
     <span class='ocr_line' id='line_1_3' title="bbox 344 462 1910 535; baseline -0.005 -14"><span class='ocrx_word' id='word_1_8' title='bbox 344 471 444 523; x_wconf 70' lang='grc' dir='ltr'>οὐκ</span> <span class='ocrx_word' id='word_1_9' title='bbox 488 467 865 522; x_wconf 80' lang='grc' dir='ltr'>ἀναπόδεικτον</span> <span class='ocrx_word' id='word_1_10' title='bbox 912 466 1068 535; x_wconf 69' lang='grc' dir='ltr'>ἀφεὶς</span> <span class='ocrx_word' id='word_1_11' title='bbox 1106 467 1185 530; x_wconf 85' lang='grc' dir='ltr'><strong>εἰς</strong></span> <span class='ocrx_word' id='word_1_12' title='bbox 1229 465 1291 519; x_wconf 79' lang='grc' dir='ltr'><strong>τὺ</strong></span> <span class='ocrx_word' id='word_1_13' title='bbox 1333 464 1558 534; x_wconf 82' lang='grc' dir='ltr'>ἀτρεκὲς</span> <span class='ocrx_word' id='word_1_14' title='bbox 1596 464 1689 517; x_wconf 83' lang='grc' dir='ltr'>τὸν</span> <span class='ocrx_word' id='word_1_15' title='bbox 1734 462 1910 528; x_wconf 88' lang='grc' dir='ltr'>λόγον,</span> 
     </span>
    </p>
   </div>
   <div class='ocr_carea' id='block_1_4' title="bbox 2020 462 3581 535">
    <p class='ocr_par' dir='ltr' id='par_1_4' title="bbox 2020 462 3581 534">
     <span class='ocr_line' id='line_1_4' title="bbox 2020 462 3581 534; baseline 0.003 -21"><span class='ocrx_word' id='word_1_16' title='bbox 2020 462 2232 517; x_wconf 83' lang='lat' dir='ltr'><strong>ritatem</strong></span> <span class='ocrx_word' id='word_1_17' title='bbox 2275 464 2750 520; x_wconf 87' lang='lat' dir='ltr'><strong>indemonstratam</strong></span> <span class='ocrx_word' id='word_1_18' title='bbox 2797 464 3081 534; x_wconf 88' lang='lat' dir='ltr'><strong>relinquit.</strong></span> <span class='ocrx_word' id='word_1_19' title='bbox 3122 463 3215 518; x_wconf 83' lang='lat' dir='ltr'><strong>sed</strong></span> <span class='ocrx_word' id='word_1_20' title='bbox 3254 464 3427 518; x_wconf 73' lang='lat' dir='ltr'><strong>ex‘iis</strong></span> <span class='ocrx_word' id='word_1_21' title='bbox 3459 477 3581 533; x_wconf 70' lang='lat' dir='ltr'><strong>quae</strong></span> 
     </span>
    </p>
   </div>
   <div class='ocr_carea' id='block_1_5' title="bbox 348 551 1921 629">
    <p class='ocr_par' dir='ltr' id='par_1_5' title="bbox 348 552 1911 629">
     <span class='ocr_line' id='line_1_5' title="bbox 348 552 1911 629; baseline -0.004 -17"><span class='ocrx_word' id='word_1_22' title='bbox 348 560 463 613; x_wconf 74' lang='grc' dir='ltr'>ἀλλ’</span> <span class='ocrx_word' id='word_1_23' title='bbox 495 558 554 623; x_wconf 77' lang='grc' dir='ltr'>ἐξ</span> <span class='ocrx_word' id='word_1_24' title='bbox 576 552 650 611; x_wconf 87' lang='grc' dir='ltr'>ὧν</span> <span class='ocrx_word' id='word_1_25' title='bbox 675 557 773 629; x_wconf 66' lang='grc' dir='ltr'>ἤδη</span> <span class='ocrx_word' id='word_1_26' title='bbox 816 556 1185 627; x_wconf 70' lang='grc' dir='ltr'>πεπείρανταιξ</span> <span class='ocrx_word' id='word_1_27' title='bbox 1214 556 1305 610; x_wconf 86' lang='grc' dir='ltr'>καὶ</span> <span class='ocrx_word' id='word_1_28' title='bbox 1336 555 1667 609; x_wconf 81' lang='grc' dir='ltr'><strong>πεπόνθασιν</strong></span> <span class='ocrx_word' id='word_1_29' title='bbox 1688 594 1701 616; x_wconf 88' lang='grc'><strong>,</strong></span> <span class='ocrx_word' id='word_1_30' title='bbox 1731 554 1813 606; x_wconf 85' lang='grc' dir='ltr'>ὃτι</span> <span class='ocrx_word' id='word_1_31' title='bbox 1837 552 1911 621; x_wconf 78' lang='grc' dir='ltr'>μὴ</span> 
     </span>
    </p>
   </div>
   <div class='ocr_carea' id='block_1_6' title="bbox 2020 551 3579 629">
    <p class='ocr_par' dir='ltr' id='par_1_6' title="bbox 2020 551 3579 625">
     <span class='ocr_line' id='line_1_6' title="bbox 2020 551 3579 625; baseline 0.001 -20"><span class='ocrx_word' id='word_1_32' title='bbox 2020 551 2121 619; x_wconf 85' lang='lat' dir='ltr'><strong>iam</strong></span> <span class='ocrx_word' id='word_1_33' title='bbox 2151 553 2358 620; x_wconf 76' lang='lat' dir='ltr'><strong>experti</strong></span> <span class='ocrx_word' id='word_1_34' title='bbox 2393 553 2742 625; x_wconf 85' lang='lat' dir='ltr'><strong>perpessique</strong></span> <span class='ocrx_word' id='word_1_35' title='bbox 2768 563 2914 620; x_wconf 86' lang='lat' dir='ltr'><strong>sunt,</strong></span> <span class='ocrx_word' id='word_1_36' title='bbox 2942 568 3001 609; x_wconf 88' lang='lat' dir='ltr'><strong>se</strong></span> <span class='ocrx_word' id='word_1_37' title='bbox 3026 553 3250 608; x_wconf 88' lang='lat' dir='ltr'><strong>minime</strong></span> <span class='ocrx_word' id='word_1_38' title='bbox 3276 552 3468 607; x_wconf 76' lang='lat' dir='ltr'><strong>falsum</strong></span> <span class='ocrx_word' id='word_1_39' title='bbox 3500 553 3579 606; x_wconf 82' lang='lat' dir='ltr'><strong>lo-</strong></span> 
     </span>
    </p>
   </div>
   <div class='ocr_carea' id='block_1_7' title="bbox 348 643 1913 717">
    <p class='ocr_par' dir='ltr' id='par_1_7' title="bbox 348 643 1913 717">
     <span class='ocr_line' id='line_1_7' title="bbox 348 643 1913 717; baseline -0.003 -17"><span class='ocrx_word' id='word_1_40' title='bbox 348 651 461 701; x_wconf 75' lang='grc' dir='ltr'>εστι</span> <span class='ocrx_word' id='word_1_41' title='bbox 496 646 794 717; x_wconf 75' lang='grc' dir='ltr'>ψευδοεπὴς</span> <span class='ocrx_word' id='word_1_42' title='bbox 844 648 1181 716; x_wconf 78' lang='grc' dir='ltr'>ἀποφαίνων.</span> <span class='ocrx_word' id='word_1_43' title='bbox 1222 646 1321 715; x_wconf 83' lang='grc' dir='ltr'><strong>Είη</strong></span> <span class='ocrx_word' id='word_1_44' title='bbox 1354 647 1462 715; x_wconf 84' lang='grc' dir='ltr'>γὰρ</span> <span class='ocrx_word' id='word_1_45' title='bbox 1495 645 1561 698; x_wconf 79' lang='grc' dir='ltr'>ἂν</span> <span class='ocrx_word' id='word_1_46' title='bbox 1600 643 1659 698; x_wconf 82' lang='grc' dir='ltr'><strong>ού</strong></span> <span class='ocrx_word' id='word_1_47' title='bbox 1691 645 1788 714; x_wconf 84' lang='grc' dir='ltr'>τῆς</span> <span class='ocrx_word' id='word_1_48' title='bbox 1821 660 1913 695; x_wconf 87' lang='grc' dir='ltr'>τυ-</span> 
     </span>
    </p>
   </div>
   <div class='ocr_carea' id='block_1_8' title="bbox 347 732 1915 809">
    <p class='ocr_par' dir='ltr' id='par_1_8' title="bbox 347 732 1915 809">
     <span class='ocr_line' id='line_1_8' title="bbox 347 732 1915 809; baseline -0.004 -18"><span class='ocrx_word' id='word_1_49' title='bbox 347 740 546 809; x_wconf 83' lang='grc' dir='ltr'>χούσης</span> <span class='ocrx_word' id='word_1_50' title='bbox 582 737 1008 807; x_wconf 75' lang='grc' dir='ltr'><strong>ἀγανακτήσεως</strong></span> <span class='ocrx_word' id='word_1_51' title='bbox 1030 735 1251 801; x_wconf 72' lang='grc' dir='ltr'>ἔνδειξις</span> <span class='ocrx_word' id='word_1_52' title='bbox 1285 736 1347 788; x_wconf 78' lang='grc' dir='ltr'>τὸ</span> <span class='ocrx_word' id='word_1_53' title='bbox 1370 738 1579 805; x_wconf 66' lang='grc' dir='ltr'>ἐφεῖναι</span> <span class='ocrx_word' id='word_1_54' title='bbox 1602 736 1713 797; x_wconf 86' lang='grc' dir='ltr'>τοῐς</span> <span class='ocrx_word' id='word_1_55' title='bbox 1735 732 1915 785; x_wconf 79' lang='grc' dir='ltr'>Βαϐυ-</span> 
     </span>
    </p>
   </div>
   <div class='ocr_carea' id='block_1_9' title="bbox 346 826 1916 901">
    <p class='ocr_par' dir='ltr' id='par_1_9' title="bbox 346 826 1916 901">
     <span class='ocr_line' id='line_1_9' title="bbox 346 826 1916 901; baseline -0.003 -19"><span class='ocrx_word' id='word_1_56' title='bbox 346 830 556 892; x_wconf 81' lang='grc' dir='ltr'>λωνίοις</span> <span class='ocrx_word' id='word_1_57' title='bbox 589 828 937 901; x_wconf 81' lang='grc' dir='ltr'>καταδῃῶσαι</span> <span class='ocrx_word' id='word_1_58' title='bbox 980 828 1078 899; x_wconf 84' lang='grc' dir='ltr'>μὲν</span> <span class='ocrx_word' id='word_1_59' title='bbox 1112 828 1331 883; x_wconf 72' lang='grc' dir='ltr'>ἃπασαν</span> <span class='ocrx_word' id='word_1_60' title='bbox 1373 829 1473 898; x_wconf 81' lang='grc' dir='ltr'>τὴν</span> <span class='ocrx_word' id='word_1_61' title='bbox 1508 826 1762 880; x_wconf 83' lang='grc' dir='ltr'><strong>Ἰουδαίαν</strong></span> <span class='ocrx_word' id='word_1_62' title='bbox 1821 826 1916 878; x_wconf 71' lang='grc' dir='ltr'>καὶ</span> 
     </span>
    </p>
   </div>
   <div class='ocr_carea' id='block_1_10' title="bbox 348 916 1917 992">
    <p class='ocr_par' dir='ltr' id='par_1_10' title="bbox 348 916 1917 992">
     <span class='ocr_line' id='line_1_10' title="bbox 348 916 1917 992; baseline -0.003 -19"><span class='ocrx_word' id='word_1_63' title='bbox 348 922 443 975; x_wconf 76' lang='grc' dir='ltr'>σὺν</span> <span class='ocrx_word' id='word_1_64' title='bbox 473 920 609 992; x_wconf 78' lang='grc' dir='ltr'>αὐτῇ</span> <span class='ocrx_word' id='word_1_65' title='bbox 638 920 735 992; x_wconf 82' lang='grc' dir='ltr'>τὴν</span> <span class='ocrx_word' id='word_1_66' title='bbox 765 921 1095 991; x_wconf 86' lang='grc' dir='ltr'>Σαμάρειαν.</span> <span class='ocrx_word' id='word_1_67' title='bbox 1128 919 1513 992; x_wconf 85' lang='grc' dir='ltr'>κατεμπρῆσαι</span> <span class='ocrx_word' id='word_1_68' title='bbox 1553 918 1611 972; x_wconf 82' lang='grc' dir='ltr'>δὲ</span> <span class='ocrx_word' id='word_1_69' title='bbox 1653 919 1749 970; x_wconf 78' lang='grc' dir='ltr'>καὶ</span> <span class='ocrx_word' id='word_1_70' title='bbox 1777 916 1917 971; x_wconf 80' lang='grc' dir='ltr'>αὐτὰ</span> 
     </span>
    </p>
   </div>
   <div class='ocr_carea' id='block_1_11' title="bbox 344 993 1916 1082">
    <p class='ocr_par' dir='ltr' id='par_1_11' title="bbox 344 993 1916 1082">
     <span class='ocr_line' id='line_1_11' title="bbox 344 993 1916 1082; baseline -0.003 -17"><span class='ocrx_word' id='word_1_71' title='bbox 344 993 593 1080; x_wconf 69' lang='grc' dir='ltr'>τά’ἆγια,</span> <span class='ocrx_word' id='word_1_72' title='bbox 623 1011 717 1067; x_wconf 70' lang='grc' dir='ltr'><strong>καί⁵</strong></span> <span class='ocrx_word' id='word_1_73' title='bbox 757 1012 1108 1079; x_wconf 74' lang='grc' dir='ltr'><strong>κατασκάψαι</strong></span> <span class='ocrx_word' id='word_1_74' title='bbox 1143 1011 1244 1082; x_wconf 79' lang='grc' dir='ltr'>τὴν</span> <span class='ocrx_word' id='word_1_75' title='bbox 1294 1009 1680 1080; x_wconf 86' lang='grc' dir='ltr'>Ἰερουσαλήμ·</span> <span class='ocrx_word' id='word_1_76' title='bbox 1712 1007 1916 1061; x_wconf 77' lang='grc' dir='ltr'>καὶτὸν</span> 
     </span>
    </p>
   </div>
   <div class='ocr_carea' id='block_1_12' title="bbox 345 1095 1917 1172">
    <p class='ocr_par' dir='ltr' id='par_1_12' title="bbox 345 1095 1917 1172">
     <span class='ocr_line' id='line_1_12' title="bbox 345 1095 1917 1172; baseline -0.005 -16"><span class='ocrx_word' id='word_1_77' title='bbox 345 1102 643 1156; x_wconf 85' lang='grc' dir='ltr'>ἁπόλεκτον</span> <span class='ocrx_word' id='word_1_78' title='bbox 684 1100 898 1172; x_wconf 81' lang='grc' dir='ltr'>Ἰσραὴλ</span> <span class='ocrx_word' id='word_1_79' title='bbox 939 1101 1212 1171; x_wconf 80' lang='grc' dir='ltr'>ἀποφῆναι</span> <span class='ocrx_word' id='word_1_80' title='bbox 1256 1100 1525 1171; x_wconf 83' lang='grc' dir='ltr'>μέτοικον.</span> <span class='ocrx_word' id='word_1_81' title='bbox 1564 1095 1797 1167; x_wconf 84' lang='grc' dir='ltr'>οἰκτρῶς</span> <span class='ocrx_word' id='word_1_82' title='bbox 1824 1096 1917 1149; x_wconf 71' lang='grc' dir='ltr'><strong>καὶ</strong></span> 
     </span>
    </p>
   </div>
   <div class='ocr_carea' id='block_1_13' title="bbox 346 1188 1920 1261">
    <p class='ocr_par' dir='ltr' id='par_1_13' title="bbox 346 1188 1920 1261">
     <span class='ocr_line' id='line_1_13' title="bbox 346 1188 1920 1261; baseline -0.004 -16"><span class='ocrx_word' id='word_1_83' title='bbox 346 1192 593 1255; x_wconf 72' lang='grc' dir='ltr'>ἐλεεινῶς</span> <span class='ocrx_word' id='word_1_84' title='bbox 621 1193 677 1244; x_wconf 86' lang='grc' dir='ltr'>ὲν</span> <span class='ocrx_word' id='word_1_85' title='bbox 699 1192 970 1261; x_wconf 78' lang='grc' dir='ltr'>ἀλλοδαπῇ</span> <span class='ocrx_word' id='word_1_86' title='bbox 1003 1189 1340 1252; x_wconf 86' lang='grc' dir='ltr'>δουλεύοντα,</span> <span class='ocrx_word' id='word_1_87' title='bbox 1368 1190 1459 1243; x_wconf 77' lang='grc' dir='ltr'><strong>και</strong></span> <span class='ocrx_word' id='word_1_88' title='bbox 1488 1188 1764 1242; x_wconf 79' lang='grc' dir='ltr'>δύσοιστον</span> <span class='ocrx_word' id='word_1_89' title='bbox 1793 1188 1920 1240; x_wconf 83' lang='grc' dir='ltr'>ὑπο-</span> 
     </span>
    </p>
   </div>
   <div class='ocr_carea' id='block_1_14' title="bbox 350 1276 1915 1352">
    <p class='ocr_par' dir='ltr' id='par_1_14' title="bbox 350 1276 1915 1352">
     <span class='ocr_line' id='line_1_14' title="bbox 350 1276 1915 1352; baseline -0.004 -17"><span class='ocrx_word' id='word_1_90' title='bbox 350 1281 580 1349; x_wconf 79' lang='grc' dir='ltr'>μένοντα</span> <span class='ocrx_word' id='word_1_91' title='bbox 625 1282 726 1352; x_wconf 75' lang='grc' dir='ltr'>τὴν</span> <span class='ocrx_word' id='word_1_92' title='bbox 757 1280 1156 1350; x_wconf 80' lang='grc' dir='ltr'><strong>ταλαιπωρίαν,</strong></span> <span class='ocrx_word' id='word_1_93' title='bbox 1189 1282 1283 1335; x_wconf 78' lang='grc' dir='ltr'>καὶ</span> <span class='ocrx_word' id='word_1_94' title='bbox 1329 1280 1632 1349; x_wconf 79' lang='grc' dir='ltr'>ἀπτόμενον</span> <span class='ocrx_word' id='word_1_95' title='bbox 1682 1277 1782 1349; x_wconf 82' lang='grc' dir='ltr'>μὲν</span> <span class='ocrx_word' id='word_1_96' title='bbox 1821 1276 1915 1330; x_wconf 84' lang='grc' dir='ltr'>θυ-</span> 
     </span>
    </p>
   </div>
   <div class='ocr_carea' id='block_1_15' title="bbox 349 1369 1915 1443">
    <p class='ocr_par' dir='ltr' id='par_1_15' title="bbox 349 1369 1915 1443">
     <span class='ocr_line' id='line_1_15' title="bbox 349 1369 1915 1443; baseline -0.003 -17"><span class='ocrx_word' id='word_1_97' title='bbox 349 1373 482 1426; x_wconf 83' lang='grc' dir='ltr'>σιῶν</span> <span class='ocrx_word' id='word_1_98' title='bbox 512 1375 717 1437; x_wconf 81' lang='grc' dir='ltr'>οὐκέτι,</span> <span class='ocrx_word' id='word_1_99' title='bbox 773 1374 873 1431; x_wconf 78' lang='grc' dir='ltr'><strong>οὐκ</strong></span> <span class='ocrx_word' id='word_1_100' title='bbox 906 1373 1075 1443; x_wconf 80' lang='grc' dir='ltr'>αὐλῆς</span> <span class='ocrx_word' id='word_1_101' title='bbox 1123 1372 1255 1426; x_wconf 73' lang='grc' dir='ltr'>εἵσω</span> <span class='ocrx_word' id='word_1_102' title='bbox 1300 1369 1570 1442; x_wconf 81' lang='grc' dir='ltr'>φοιτῶντα</span> <span class='ocrx_word' id='word_1_103' title='bbox 1608 1374 1709 1443; x_wconf 83' lang='grc' dir='ltr'>τῆς</span> <span class='ocrx_word' id='word_1_104' title='bbox 1745 1372 1915 1441; x_wconf 74' lang='grc' dir='ltr'>ἱερᾶς,</span> 
     </span>
    </p>
   </div>
   <div class='ocr_carea' id='block_1_16' title="bbox 347 1462 1915 1536">
    <p class='ocr_par' dir='ltr' id='par_1_16' title="bbox 347 1462 1915 1536">
     <span class='ocr_line' id='line_1_16' title="bbox 347 1462 1915 1536; baseline -0.001 -20"><span class='ocrx_word' id='word_1_105' title='bbox 347 1467 447 1518; x_wconf 84' lang='grc' dir='ltr'>οὐκ</span> <span class='ocrx_word' id='word_1_106' title='bbox 472 1465 823 1536; x_wconf 75' lang='grc' dir='ltr'>εὐχαριστίαν</span> <span class='ocrx_word' id='word_1_107' title='bbox 844 1464 1183 1536; x_wconf 89' lang='grc' dir='ltr'>προσάγοντα</span> <span class='ocrx_word' id='word_1_108' title='bbox 1216 1464 1357 1517; x_wconf 76' lang='grc' dir='ltr'>κατὰ</span> <span class='ocrx_word' id='word_1_109' title='bbox 1378 1465 1563 1534; x_wconf 86' lang='grc' dir='ltr'>νόμον,</span> <span class='ocrx_word' id='word_1_110' title='bbox 1597 1463 1632 1535; x_wconf 80' lang='grc' dir='ltr'>ἢ</span> <span class='ocrx_word' id='word_1_111' title='bbox 1666 1462 1915 1523; x_wconf 83' lang='grc' dir='ltr'>δεκάτας,</span> 
     </span>
    </p>
   </div>
   <div class='ocr_carea' id='block_1_17' title="bbox 348 1552 1917 1628">
    <p class='ocr_par' dir='ltr' id='par_1_17' title="bbox 348 1552 1917 1628">
     <span class='ocr_line' id='line_1_17' title="bbox 348 1552 1917 1628; baseline -0.005 -17"><span class='ocrx_word' id='word_1_112' title='bbox 348 1558 383 1626; x_wconf 74' lang='grc' dir='ltr'>ἢ</span> <span class='ocrx_word' id='word_1_113' title='bbox 415 1557 688 1628; x_wconf 84' lang='grc' dir='ltr'>ἀπαρχάς·</span> <span class='ocrx_word' id='word_1_114' title='bbox 722 1555 1040 1626; x_wconf 87' lang='grc' dir='ltr'>εἰργόμενον</span> <span class='ocrx_word' id='word_1_115' title='bbox 1066 1553 1123 1607; x_wconf 80' lang='grc' dir='ltr'>δὲ</span> <span class='ocrx_word' id='word_1_116' title='bbox 1171 1554 1248 1618; x_wconf 84' lang='grc' dir='ltr'><strong>ὡς</strong></span> <span class='ocrx_word' id='word_1_117' title='bbox 1280 1554 1339 1622; x_wconf 73' lang='grc' dir='ltr'><strong>ἐξ</strong></span> <span class='ocrx_word' id='word_1_118' title='bbox 1377 1555 1643 1625; x_wconf 84' lang='grc' dir='ltr'><strong>ἀνάγκης,</strong></span> <span class='ocrx_word' id='word_1_119' title='bbox 1690 1554 1783 1606; x_wconf 76' lang='grc' dir='ltr'>καὶ</span> <span class='ocrx_word' id='word_1_120' title='bbox 1820 1552 1917 1620; x_wconf 84' lang='grc' dir='ltr'>φό-</span> 
     </span>
    </p>
   </div>
   <div class='ocr_carea' id='block_1_18' title="bbox 349 1642 1919 1718">
    <p class='ocr_par' dir='ltr' id='par_1_18' title="bbox 349 1642 1919 1718">
     <span class='ocr_line' id='line_1_18' title="bbox 349 1642 1919 1718; baseline -0.003 -18"><span class='ocrx_word' id='word_1_121' title='bbox 349 1648 469 1711; x_wconf 69' lang='grc' dir='ltr'>ϐου,</span> <span class='ocrx_word' id='word_1_122' title='bbox 498 1649 593 1700; x_wconf 76' lang='grc' dir='ltr'>καὶ</span> <span class='ocrx_word' id='word_1_123' title='bbox 630 1646 726 1700; x_wconf 88' lang='grc' dir='ltr'><strong>τοῦ</strong></span> <span class='ocrx_word' id='word_1_124' title='bbox 752 1649 949 1718; x_wconf 84' lang='grc' dir='ltr'>χρῆναι</span> <span class='ocrx_word' id='word_1_125' title='bbox 990 1645 1164 1699; x_wconf 78' lang='grc' dir='ltr'>τελεῖν</span> <span class='ocrx_word' id='word_1_126' title='bbox 1198 1645 1299 1704; x_wconf 85' lang='grc' dir='ltr'><strong>τὰς</strong></span> <span class='ocrx_word' id='word_1_127' title='bbox 1340 1645 1731 1716; x_wconf 81' lang='grc' dir='ltr'>νενομισμένας</span> <span class='ocrx_word' id='word_1_128' title='bbox 1771 1642 1919 1713; x_wconf 82' lang='grc' dir='ltr'><strong>αὐτῷ</strong></span> 
     </span>
    </p>
   </div>
   <div class='ocr_carea' id='block_1_19' title="bbox 2015 643 3581 713">
    <p class='ocr_par' dir='ltr' id='par_1_19' title="bbox 2015 643 3581 713">
     <span class='ocr_line' id='line_1_19' title="bbox 2015 643 3581 713; baseline -0.001 -16"><span class='ocrx_word' id='word_1_129' title='bbox 2015 645 2108 710; x_wconf 86' lang='lat' dir='ltr'><strong>qui</strong></span> <span class='ocrx_word' id='word_1_130' title='bbox 2141 644 2397 699; x_wconf 71' lang='lat' dir='ltr'><strong>ostendit.</strong></span> <span class='ocrx_word' id='word_1_131' title='bbox 2426 643 2741 700; x_wconf 88' lang='lat' dir='ltr'><strong>Certissime</strong></span> <span class='ocrx_word' id='word_1_132' title='bbox 2768 645 2912 699; x_wconf 89' lang='lat' dir='ltr'><strong>enim</strong></span> <span class='ocrx_word' id='word_1_133' title='bbox 2941 660 3046 699; x_wconf 89' lang='lat' dir='ltr'><strong>non</strong></span> <span class='ocrx_word' id='word_1_134' title='bbox 3078 643 3469 713; x_wconf 84' lang='lat' dir='ltr'><strong>qualiscunque</strong></span> <span class='ocrx_word' id='word_1_135' title='bbox 3501 643 3581 695; x_wconf 83' lang='lat' dir='ltr'><strong>iu-</strong></span> 
     </span>
    </p>
   </div>
   <div class='ocr_carea' id='block_1_20' title="bbox 2014 731 3581 805">
    <p class='ocr_par' dir='ltr' id='par_1_20' title="bbox 2014 731 3581 805">
     <span class='ocr_line' id='line_1_20' title="bbox 2014 731 3581 805; baseline 0.001 -21"><span class='ocrx_word' id='word_1_136' title='bbox 2014 731 2337 801; x_wconf 69' lang='lat' dir='ltr'><strong>dignationis</strong></span> <span class='ocrx_word' id='word_1_137' title='bbox 2379 744 2757 802; x_wconf 80' lang='lat' dir='ltr'><strong>argumentum</strong></span> <span class='ocrx_word' id='word_1_138' title='bbox 2798 744 2882 789; x_wconf 89' lang='lat' dir='ltr'><strong>est</strong></span> <span class='ocrx_word' id='word_1_139' title='bbox 2920 733 3233 805; x_wconf 80' lang='lat' dir='ltr'><strong>Babyloniis</strong></span> <span class='ocrx_word' id='word_1_140' title='bbox 3272 735 3581 788; x_wconf 74' lang='lat' dir='ltr'><strong>universam</strong></span> 
     </span>
    </p>
   </div>
   <div class='ocr_carea' id='block_1_21' title="bbox 2014 820 3584 886">
    <p class='ocr_par' dir='ltr' id='par_1_21' title="bbox 2014 820 3584 886">
     <span class='ocr_line' id='line_1_21' title="bbox 2014 820 3584 886; baseline 0.001 -11"><span class='ocrx_word' id='word_1_141' title='bbox 2014 820 2252 876; x_wconf 67' lang='lat' dir='ltr'><strong>Judaaam</strong></span> <span class='ocrx_word' id='word_1_142' title='bbox 2271 861 2287 886; x_wconf 96' lang='lat'><strong>,</strong></span> <span class='ocrx_word' id='word_1_143' title='bbox 2315 834 2370 877; x_wconf 90' lang='lat' dir='ltr'><strong>et</strong></span> <span class='ocrx_word' id='word_1_144' title='bbox 2399 838 2520 878; x_wconf 90' lang='lat' dir='ltr'><strong>cum</strong></span> <span class='ocrx_word' id='word_1_145' title='bbox 2551 840 2613 878; x_wconf 84' lang='lat' dir='ltr'><strong>ea</strong></span> <span class='ocrx_word' id='word_1_146' title='bbox 2642 826 2798 879; x_wconf 85' lang='lat' dir='ltr'><strong>simul</strong></span> <span class='ocrx_word' id='word_1_147' title='bbox 2834 826 3135 879; x_wconf 84' lang='lat' dir='ltr'><strong>Samariam</strong></span> <span class='ocrx_word' id='word_1_148' title='bbox 3168 825 3312 879; x_wconf 89' lang='lat' dir='ltr'><strong>l‘erro</strong></span> <span class='ocrx_word' id='word_1_149' title='bbox 3339 824 3584 879; x_wconf 83' lang='lat' dir='ltr'><strong>ﬂamma-</strong></span> 
     </span>
    </p>
   </div>
   <div class='ocr_carea' id='block_1_22' title="bbox 2017 912 3584 985">
    <p class='ocr_par' dir='ltr' id='par_1_22' title="bbox 2017 912 3584 985">
     <span class='ocr_line' id='line_1_22' title="bbox 2017 912 3584 985; baseline 0.001 -19"><span class='ocrx_word' id='word_1_150' title='bbox 2017 926 2122 980; x_wconf 86' lang='lat' dir='ltr'><strong>que</strong></span> <span class='ocrx_word' id='word_1_151' title='bbox 2156 912 2562 981; x_wconf 85' lang='lat' dir='ltr'><strong>devastandam,</strong></span> <span class='ocrx_word' id='word_1_152' title='bbox 2597 927 2856 984; x_wconf 67' lang='lat' dir='ltr'><strong>praeterea</strong></span> <span class='ocrx_word' id='word_1_153' title='bbox 2893 918 3004 985; x_wconf 89' lang='lat' dir='ltr'><strong>ipsa</strong></span> <span class='ocrx_word' id='word_1_154' title='bbox 3041 917 3235 972; x_wconf 87' lang='lat' dir='ltr'><strong>Sancta</strong></span> <span class='ocrx_word' id='word_1_155' title='bbox 3270 924 3584 972; x_wconf 86' lang='lat' dir='ltr'><strong>sanctorum</strong></span> 
     </span>
    </p>
   </div>
   <div class='ocr_carea' id='block_1_23' title="bbox 2017 1002 3582 1079">
    <p class='ocr_par' dir='ltr' id='par_1_23' title="bbox 2017 1002 3582 1079">
     <span class='ocr_line' id='line_1_23' title="bbox 2017 1002 3582 1079; baseline 0.003 -24"><span class='ocrx_word' id='word_1_156' title='bbox 2017 1002 2344 1070; x_wconf 83' lang='lat' dir='ltr'><strong>cremanda,</strong></span> <span class='ocrx_word' id='word_1_157' title='bbox 2392 1014 2449 1060; x_wconf 91' lang='lat' dir='ltr'><strong>et</strong></span> <span class='ocrx_word' id='word_1_158' title='bbox 2496 1005 2923 1079; x_wconf 78' lang='lat' dir='ltr'><strong>Hierosolymam</strong></span> <span class='ocrx_word' id='word_1_159' title='bbox 2967 1009 3311 1063; x_wconf 87' lang='lat' dir='ltr'><strong>evertendam</strong></span> <span class='ocrx_word' id='word_1_160' title='bbox 3357 1019 3582 1061; x_wconf 79' lang='lat' dir='ltr'><strong>conces-</strong></span> 
     </span>
    </p>
   </div>
   <div class='ocr_carea' id='block_1_24' title="bbox 2018 1091 3586 1171">
    <p class='ocr_par' dir='ltr' id='par_1_24' title="bbox 2018 1091 3586 1171">
     <span class='ocr_line' id='line_1_24' title="bbox 2018 1091 3586 1171; baseline 0.006 -27"><span class='ocrx_word' id='word_1_161' title='bbox 2018 1091 2155 1147; x_wconf 85' lang='lat' dir='ltr'><strong>sisse</strong></span> <span class='ocrx_word' id='word_1_162' title='bbox 2190 1110 2204 1145; x_wconf 87' lang='lat'><strong>:</strong></span> <span class='ocrx_word' id='word_1_163' title='bbox 2243 1093 2473 1149; x_wconf 81' lang='lat' dir='ltr'><strong>electum</strong></span> <span class='ocrx_word' id='word_1_164' title='bbox 2516 1095 2765 1153; x_wconf 89' lang='lat' dir='ltr'><strong>lsraelem</strong></span> <span class='ocrx_word' id='word_1_165' title='bbox 2810 1099 3107 1155; x_wconf 87' lang='lat' dir='ltr'><strong>reddidisse</strong></span> <span class='ocrx_word' id='word_1_166' title='bbox 3150 1098 3491 1171; x_wconf 84' lang='lat' dir='ltr'><strong>peregrinum</strong></span> <span class='ocrx_word' id='word_1_167' title='bbox 3530 1108 3586 1153; x_wconf 87' lang='lat' dir='ltr'><strong>et</strong></span> 
     </span>
    </p>
   </div>
   <div class='ocr_carea' id='block_1_25' title="bbox 2017 1185 3586 1261">
    <p class='ocr_par' dir='ltr' id='par_1_25' title="bbox 2017 1185 3586 1261">
     <span class='ocr_line' id='line_1_25' title="bbox 2017 1185 3586 1261; baseline 0.006 -25"><span class='ocrx_word' id='word_1_168' title='bbox 2017 1185 2307 1251; x_wconf 80' lang='lat' dir='ltr'><strong>advenam,</strong></span> <span class='ocrx_word' id='word_1_169' title='bbox 2342 1187 2395 1243; x_wconf 93' lang='lat' dir='ltr'><strong>iu</strong></span> <span class='ocrx_word' id='word_1_170' title='bbox 2434 1189 2609 1244; x_wconf 87' lang='lat' dir='ltr'><strong>aliena</strong></span> <span class='ocrx_word' id='word_1_171' title='bbox 2643 1190 2860 1261; x_wconf 89' lang='lat' dir='ltr'><strong>regione</strong></span> <span class='ocrx_word' id='word_1_172' title='bbox 2892 1192 3091 1248; x_wconf 87' lang='lat' dir='ltr'><strong>misere</strong></span> <span class='ocrx_word' id='word_1_173' title='bbox 3121 1201 3177 1249; x_wconf 92' lang='lat' dir='ltr'><strong>et</strong></span> <span class='ocrx_word' id='word_1_174' title='bbox 3207 1192 3586 1249; x_wconf 82' lang='lat' dir='ltr'><strong>miserabiliter</strong></span> 
     </span>
    </p>
   </div>
   <div class='ocr_carea' id='block_1_26' title="bbox 2018 1273 3582 1343">
    <p class='ocr_par' dir='ltr' id='par_1_26' title="bbox 2018 1273 3582 1343">
     <span class='ocr_line' id='line_1_26' title="bbox 2018 1273 3582 1343; baseline 0.006 -16"><span class='ocrx_word' id='word_1_175' title='bbox 2018 1273 2361 1338; x_wconf 82' lang='lat' dir='ltr'><strong>servientem,</strong></span> <span class='ocrx_word' id='word_1_176' title='bbox 2400 1286 2455 1332; x_wconf 86' lang='lat' dir='ltr'><strong>et</strong></span> <span class='ocrx_word' id='word_1_177' title='bbox 2496 1293 2736 1334; x_wconf 67' lang='lat' dir='ltr'><strong>aerumna</strong></span> <span class='ocrx_word' id='word_1_178' title='bbox 2783 1280 3106 1335; x_wconf 82' lang='lat' dir='ltr'><strong>intolerabili</strong></span> <span class='ocrx_word' id='word_1_179' title='bbox 3150 1280 3582 1343; x_wconf 80' lang='lat' dir='ltr'><strong>conﬂictandam,</strong></span> 
     </span>
    </p>
   </div>
   <div class='ocr_carea' id='block_1_27' title="bbox 2021 1365 3585 1440">
    <p class='ocr_par' dir='ltr' id='par_1_27' title="bbox 2021 1365 3585 1440">
     <span class='ocr_line' id='line_1_27' title="bbox 2021 1365 3585 1440; baseline 0.005 -25"><span class='ocrx_word' id='word_1_180' title='bbox 2021 1376 2123 1416; x_wconf 90' lang='lat' dir='ltr'><strong>non</strong></span> <span class='ocrx_word' id='word_1_181' title='bbox 2156 1365 2384 1433; x_wconf 90' lang='lat' dir='ltr'><strong>amplius</strong></span> <span class='ocrx_word' id='word_1_182' title='bbox 2412 1368 2697 1425; x_wconf 82' lang='lat' dir='ltr'><strong>sacriﬁciis</strong></span> <span class='ocrx_word' id='word_1_183' title='bbox 2726 1369 2941 1424; x_wconf 81' lang='lat' dir='ltr'><strong>dantem</strong></span> <span class='ocrx_word' id='word_1_184' title='bbox 2972 1384 3219 1440; x_wconf 89' lang='lat' dir='ltr'><strong>operam,</strong></span> <span class='ocrx_word' id='word_1_185' title='bbox 3250 1384 3353 1425; x_wconf 89' lang='lat' dir='ltr'><strong>non</strong></span> <span class='ocrx_word' id='word_1_186' title='bbox 3386 1369 3585 1423; x_wconf 88' lang='lat' dir='ltr'><strong>atrium</strong></span> 
     </span>
    </p>
   </div>
   <div class='ocr_carea' id='block_1_28' title="bbox 2020 1456 3585 1529">
    <p class='ocr_par' dir='ltr' id='par_1_28' title="bbox 2020 1456 3585 1529">
     <span class='ocr_line' id='line_1_28' title="bbox 2020 1456 3585 1529; baseline 0.006 -24"><span class='ocrx_word' id='word_1_187' title='bbox 2020 1463 2267 1509; x_wconf 87' lang='lat' dir='ltr'><strong>sanctum</strong></span> <span class='ocrx_word' id='word_1_188' title='bbox 2314 1456 2726 1526; x_wconf 75' lang='lat' dir='ltr'><strong>ingredientem,</strong></span> <span class='ocrx_word' id='word_1_189' title='bbox 2772 1473 2870 1514; x_wconf 88' lang='lat' dir='ltr'><strong>nec</strong></span> <span class='ocrx_word' id='word_1_190' title='bbox 2916 1462 3143 1529; x_wconf 82' lang='lat' dir='ltr'><strong>gratias,</strong></span> <span class='ocrx_word' id='word_1_191' title='bbox 3187 1468 3281 1514; x_wconf 87' lang='lat' dir='ltr'><strong>aut</strong></span> <span class='ocrx_word' id='word_1_192' title='bbox 3321 1460 3585 1525; x_wconf 56' lang='lat' dir='ltr'><strong>decimas,</strong></span> 
     </span>
    </p>
   </div>
   <div class='ocr_carea' id='block_1_29' title="bbox 2018 1547 3588 1621">
    <p class='ocr_par' dir='ltr' id='par_1_29' title="bbox 2018 1547 3588 1621">
     <span class='ocr_line' id='line_1_29' title="bbox 2018 1547 3588 1621; baseline 0.005 -25"><span class='ocrx_word' id='word_1_193' title='bbox 2018 1554 2111 1598; x_wconf 86' lang='lat' dir='ltr'><strong>aut</strong></span> <span class='ocrx_word' id='word_1_194' title='bbox 2137 1547 2403 1614; x_wconf 85' lang='lat' dir='ltr'><strong>primitias</strong></span> <span class='ocrx_word' id='word_1_195' title='bbox 2431 1550 2724 1605; x_wconf 84' lang='lat' dir='ltr'><strong>secundum</strong></span> <span class='ocrx_word' id='word_1_196' title='bbox 2754 1549 2899 1621; x_wconf 89' lang='lat' dir='ltr'><strong>leges</strong></span> <span class='ocrx_word' id='word_1_197' title='bbox 2922 1550 3261 1617; x_wconf 79' lang='lat' dir='ltr'><strong>oﬂ&#39;erentem,</strong></span> <span class='ocrx_word' id='word_1_198' title='bbox 3288 1551 3588 1607; x_wconf 82' lang='lat' dir='ltr'><strong>necessita-</strong></span> 
     </span>
    </p>
   </div>
   <div class='ocr_carea' id='block_1_30' title="bbox 2022 1639 3585 1706">
    <p class='ocr_par' dir='ltr' id='par_1_30' title="bbox 2022 1639 3585 1706">
     <span class='ocr_line' id='line_1_30' title="bbox 2022 1639 3585 1706; baseline 0.004 -17"><span class='ocrx_word' id='word_1_199' title='bbox 2022 1644 2201 1705; x_wconf 88' lang='lat' dir='ltr'><strong>teque,</strong></span> <span class='ocrx_word' id='word_1_200' title='bbox 2246 1651 2310 1692; x_wconf 89' lang='lat' dir='ltr'><strong>ac</strong></span> <span class='ocrx_word' id='word_1_201' title='bbox 2357 1639 2549 1695; x_wconf 88' lang='lat' dir='ltr'><strong>timore</strong></span> <span class='ocrx_word' id='word_1_202' title='bbox 2592 1642 2965 1705; x_wconf 88' lang='lat' dir='ltr'><strong>constrictum,</strong></span> <span class='ocrx_word' id='word_1_203' title='bbox 3006 1656 3037 1695; x_wconf 83' lang='lat' dir='ltr'><strong>a</strong></span> <span class='ocrx_word' id='word_1_204' title='bbox 3085 1641 3413 1699; x_wconf 82' lang='lat' dir='ltr'><strong>solemnibus</strong></span> <span class='ocrx_word' id='word_1_205' title='bbox 3458 1640 3585 1706; x_wconf 85' lang='lat' dir='ltr'><strong>sibi,</strong></span> 
     </span>
    </p>
   </div>
   <div class='ocr_carea' id='block_1_31' title="bbox 350 1726 1921 1808">
    <p class='ocr_par' dir='ltr' id='par_1_31' title="bbox 350 1735 1919 1808">
     <span class='ocr_line' id='line_1_31' title="bbox 350 1735 1919 1808; baseline -0.002 -17"><span class='ocrx_word' id='word_1_206' title='bbox 350 1738 450 1791; x_wconf 77' lang='grc' dir='ltr'><strong>και</strong></span> <span class='ocrx_word' id='word_1_207' title='bbox 479 1736 741 1804; x_wconf 80' lang='grc' dir='ltr'>φιλτάτας</span> <span class='ocrx_word' id='word_1_208' title='bbox 763 1736 976 1808; x_wconf 77' lang='grc' dir='ltr'>ἑορτάς.</span> <span class='ocrx_word' id='word_1_209' title='bbox 1006 1736 1214 1791; x_wconf 82' lang='grc' dir='ltr'>Οὐκοῦν</span> <span class='ocrx_word' id='word_1_210' title='bbox 1243 1756 1261 1787; x_wconf 80' lang='grc' dir='ltr'><strong>ι</strong></span> <span class='ocrx_word' id='word_1_211' title='bbox 1306 1735 1562 1805; x_wconf 84' lang='grc' dir='ltr'>Ὠργίσθη</span> <span class='ocrx_word' id='word_1_212' title='bbox 1592 1736 1792 1806; x_wconf 77' lang='grc' dir='ltr'>Κύριος</span> <span class='ocrx_word' id='word_1_213' title='bbox 1825 1736 1919 1788; x_wconf 76' lang='grc' dir='ltr'><strong>ἐπὶ</strong></span> 
     </span>
    </p>
   </div>
   <div class='ocr_carea' id='block_1_32' title="bbox 2020 1726 3585 1808">
    <p class='ocr_par' dir='ltr' id='par_1_32' title="bbox 2020 1726 3585 1797">
     <span class='ocr_line' id='line_1_32' title="bbox 2020 1726 3585 1797; baseline 0.006 -20"><span class='ocrx_word' id='word_1_214' title='bbox 2020 1726 2481 1797; x_wconf 87' lang='lat' dir='ltr'><strong>optatissimisque</strong></span> <span class='ocrx_word' id='word_1_215' title='bbox 2531 1730 2722 1784; x_wconf 86' lang='lat' dir='ltr'><strong>diebus</strong></span> <span class='ocrx_word' id='word_1_216' title='bbox 2771 1729 3110 1786; x_wconf 86' lang='lat' dir='ltr'><strong>celebrandis</strong></span> <span class='ocrx_word' id='word_1_217' title='bbox 3157 1730 3515 1788; x_wconf 87' lang='lat' dir='ltr'><strong>abstinentem</strong></span> <span class='ocrx_word' id='word_1_218' title='bbox 3568 1749 3585 1786; x_wconf 89' lang='lat'><strong>:</strong></span> 
     </span>
    </p>
   </div>
   <div class='ocr_carea' id='block_1_33' title="bbox 347 1826 1507 1899">
    <p class='ocr_par' dir='ltr' id='par_1_33' title="bbox 347 1826 1507 1899">
     <span class='ocr_line' id='line_1_33' title="bbox 347 1826 1507 1899; baseline -0.003 -18"><span class='ocrx_word' id='word_1_219' title='bbox 347 1830 474 1892; x_wconf 79' lang='grc' dir='ltr'>τοὺς</span> <span class='ocrx_word' id='word_1_220' title='bbox 503 1828 745 1899; x_wconf 82' lang='grc' dir='ltr'>πατέρας</span> <span class='ocrx_word' id='word_1_221' title='bbox 774 1827 951 1881; x_wconf 80' lang='grc' dir='ltr'>αὐτῶν</span> <span class='ocrx_word' id='word_1_222' title='bbox 977 1827 1147 1898; x_wconf 81' lang='grc' dir='ltr'>ὀργὴν</span> <span class='ocrx_word' id='word_1_223' title='bbox 1178 1826 1440 1896; x_wconf 85' lang='grc' dir='ltr'>μεγάλην.</span> <span class='ocrx_word' id='word_1_224' title='bbox 1489 1844 1507 1877; x_wconf 76' lang='grc' dir='ltr'><strong>ι</strong></span> 
     </span>
    </p>
   </div>
   <div class='ocr_carea' id='block_1_34' title="bbox 431 1996 1918 2071">
    <p class='ocr_par' dir='ltr' id='par_1_34' title="bbox 431 1996 1918 2071">
     <span class='ocr_line' id='line_1_34' title="bbox 431 1996 1918 2071; baseline -0.003 -16"><span class='ocrx_word' id='word_1_225' title='bbox 431 2000 781 2071; x_wconf 74' lang='grc' dir='ltr'>Ἐπιφωνήσῃ</span> <span class='ocrx_word' id='word_1_226' title='bbox 808 1998 852 2052; x_wconf 82' lang='grc' dir='ltr'>δ’</span> <span class='ocrx_word' id='word_1_227' title='bbox 873 1999 939 2054; x_wconf 83' lang='grc' dir='ltr'><strong>ἀν</strong></span> <span class='ocrx_word' id='word_1_228' title='bbox 967 2015 1052 2064; x_wconf 89' lang='grc' dir='ltr'><strong>τις</strong></span> <span class='ocrx_word' id='word_1_229' title='bbox 1079 1999 1147 2055; x_wconf 71' lang='grc' dir='ltr'><strong>τά</strong></span> <span class='ocrx_word' id='word_1_230' title='bbox 1178 2000 1355 2052; x_wconf 85' lang='grc' dir='ltr'>τοιάδε</span> <span class='ocrx_word' id='word_1_231' title='bbox 1388 1999 1612 2062; x_wconf 74' lang='grc' dir='ltr'>καὶτοῖς</span> <span class='ocrx_word' id='word_1_232' title='bbox 1651 1996 1918 2061; x_wconf 80' lang='grc' dir='ltr'>Ἰουδαίοις</span> 
     </span>
    </p>
   </div>
   <div class='ocr_carea' id='block_1_35' title="bbox 347 2087 1917 2162">
    <p class='ocr_par' dir='ltr' id='par_1_35' title="bbox 347 2087 1917 2162">
     <span class='ocr_line' id='line_1_35' title="bbox 347 2087 1917 2162; baseline -0.003 -18"><span class='ocrx_word' id='word_1_233' title='bbox 347 2091 563 2162; x_wconf 80' lang='grc' dir='ltr'>δήμοις,</span> <span class='ocrx_word' id='word_1_234' title='bbox 592 2090 751 2162; x_wconf 80' lang='grc' dir='ltr'>εἴπερ</span> <span class='ocrx_word' id='word_1_235' title='bbox 782 2091 956 2144; x_wconf 69' lang='grc' dir='ltr'>ἕλοιτο</span> <span class='ocrx_word' id='word_1_236' title='bbox 1005 2092 1385 2161; x_wconf 86' lang='grc' dir='ltr'>μυσταγωγείν</span> <span class='ocrx_word' id='word_1_237' title='bbox 1432 2090 1523 2141; x_wconf 76' lang='grc' dir='ltr'>επὶ</span> <span class='ocrx_word' id='word_1_238' title='bbox 1574 2088 1635 2141; x_wconf 81' lang='grc' dir='ltr'>τὸ</span> <span class='ocrx_word' id='word_1_239' title='bbox 1678 2087 1917 2160; x_wconf 77' lang='grc' dir='ltr'>Χριστοῦ</span> 
     </span>
    </p>
   </div>
   <div class='ocr_carea' id='block_1_36' title="bbox 354 2178 1921 2252">
    <p class='ocr_par' dir='ltr' id='par_1_36' title="bbox 354 2178 1921 2252">
     <span class='ocr_line' id='line_1_36' title="bbox 354 2178 1921 2252; baseline -0.004 -15"><span class='ocrx_word' id='word_1_240' title='bbox 354 2181 645 2252; x_wconf 74' lang='grc' dir='ltr'>μυστήριον</span> <span class='ocrx_word' id='word_1_241' title='bbox 654 2222 666 2235; x_wconf 96' lang='grc'><strong>.</strong></span> <span class='ocrx_word' id='word_1_242' title='bbox 685 2180 901 2252; x_wconf 75' lang='grc' dir='ltr'>Ἐπειδὴ</span> <span class='ocrx_word' id='word_1_243' title='bbox 913 2180 1022 2251; x_wconf 60' lang='grc' dir='ltr'>γῗιρ</span> <span class='ocrx_word' id='word_1_244' title='bbox 1034 2179 1361 2235; x_wconf 85' lang='grc' dir='ltr'>ἀπεκτόνασι</span> <span class='ocrx_word' id='word_1_245' title='bbox 1373 2181 1495 2243; x_wconf 77' lang='grc' dir='ltr'>τοὺς</span> <span class='ocrx_word' id='word_1_246' title='bbox 1511 2180 1811 2248; x_wconf 81' lang='grc' dir='ltr'>προφήτας,</span> <span class='ocrx_word' id='word_1_247' title='bbox 1826 2178 1921 2231; x_wconf 77' lang='grc' dir='ltr'><strong>και</strong></span> 
     </span>
    </p>
   </div>
   <div class='ocr_carea' id='block_1_37' title="bbox 352 2269 1920 2343">
    <p class='ocr_par' dir='ltr' id='par_1_37' title="bbox 352 2269 1920 2343">
     <span class='ocr_line' id='line_1_37' title="bbox 352 2269 1920 2343; baseline -0.003 -17"><span class='ocrx_word' id='word_1_248' title='bbox 352 2274 516 2328; x_wconf 80' lang='grc' dir='ltr'>αὑτὸν</span> <span class='ocrx_word' id='word_1_249' title='bbox 544 2274 601 2327; x_wconf 76' lang='grc' dir='ltr'>δὲ</span> <span class='ocrx_word' id='word_1_250' title='bbox 621 2273 712 2326; x_wconf 78' lang='grc' dir='ltr'>τὸν</span> <span class='ocrx_word' id='word_1_251' title='bbox 740 2272 944 2343; x_wconf 78' lang='grc' dir='ltr'>Κύριον</span> <span class='ocrx_word' id='word_1_252' title='bbox 970 2272 1070 2343; x_wconf 75' lang='grc' dir='ltr'>τῆς</span> <span class='ocrx_word' id='word_1_253' title='bbox 1086 2270 1243 2342; x_wconf 83' lang='grc' dir='ltr'>δόξης</span> <span class='ocrx_word' id='word_1_254' title='bbox 1264 2269 1639 2342; x_wconf 74' lang='grc' dir='ltr'>ἐσταύρωσαν,</span> <span class='ocrx_word' id='word_1_255' title='bbox 1675 2269 1920 2323; x_wconf 76' lang='grc' dir='ltr'>ἑάλωσαν</span> 
     </span>
    </p>
   </div>
   <div class='ocr_carea' id='block_1_38' title="bbox 354 2360 1923 2435">
    <p class='ocr_par' dir='ltr' id='par_1_38' title="bbox 354 2360 1923 2435">
     <span class='ocr_line' id='line_1_38' title="bbox 354 2360 1923 2435; baseline -0.004 -18"><span class='ocrx_word' id='word_1_256' title='bbox 354 2367 453 2419; x_wconf 73' lang='grc' dir='ltr'>καὶ</span> <span class='ocrx_word' id='word_1_257' title='bbox 474 2363 866 2435; x_wconf 86' lang='grc' dir='ltr'>πεπόρθηνται.</span> <span class='ocrx_word' id='word_1_258' title='bbox 886 2362 1223 2432; x_wconf 80' lang='grc' dir='ltr'>Κατεσείσθη</span> <span class='ocrx_word' id='word_1_259' title='bbox 1238 2363 1295 2416; x_wconf 81' lang='grc' dir='ltr'>δὲ</span> <span class='ocrx_word' id='word_1_260' title='bbox 1315 2362 1407 2417; x_wconf 79' lang='grc' dir='ltr'>καὶ</span> <span class='ocrx_word' id='word_1_261' title='bbox 1422 2362 1581 2424; x_wconf 84' lang='grc' dir='ltr'>αὐτὸς</span> <span class='ocrx_word' id='word_1_262' title='bbox 1597 2363 1626 2413; x_wconf 90' lang='grc' dir='ltr'><strong>ό</strong></span> <span class='ocrx_word' id='word_1_263' title='bbox 1642 2360 1923 2431; x_wconf 72' lang='grc' dir='ltr'>διαϐόητος</span> 
     </span>
    </p>
   </div>
   <div class='ocr_carea' id='block_1_39' title="bbox 354 2452 1923 2525">
    <p class='ocr_par' dir='ltr' id='par_1_39' title="bbox 354 2452 1923 2525">
     <span class='ocr_line' id='line_1_39' title="bbox 354 2452 1923 2525; baseline -0.004 -14"><span class='ocrx_word' id='word_1_264' title='bbox 354 2454 515 2520; x_wconf 79' lang='grc' dir='ltr'>νεὼς,</span> <span class='ocrx_word' id='word_1_265' title='bbox 542 2458 637 2510; x_wconf 77' lang='grc' dir='ltr'>καὶ</span> <span class='ocrx_word' id='word_1_266' title='bbox 661 2456 1016 2525; x_wconf 80' lang='grc' dir='ltr'>πεπλήρωται</span> <span class='ocrx_word' id='word_1_267' title='bbox 1041 2455 1227 2509; x_wconf 84' lang='grc' dir='ltr'>λοιπὸν</span> <span class='ocrx_word' id='word_1_268' title='bbox 1271 2454 1356 2508; x_wconf 73' lang='grc' dir='ltr'><strong>ἐπ’</strong></span> <span class='ocrx_word' id='word_1_269' title='bbox 1391 2455 1571 2517; x_wconf 84' lang='grc' dir='ltr'>αὐτοῖς</span> <span class='ocrx_word' id='word_1_270' title='bbox 1600 2454 1660 2507; x_wconf 80' lang='grc' dir='ltr'>τὸ</span> <span class='ocrx_word' id='word_1_271' title='bbox 1690 2452 1777 2505; x_wconf 86' lang='grc' dir='ltr'>διὰ</span> <span class='ocrx_word' id='word_1_272' title='bbox 1811 2469 1923 2523; x_wconf 83' lang='grc' dir='ltr'>φω-</span> 
     </span>
    </p>
   </div>
   <div class='ocr_carea' id='block_1_40' title="bbox 350 2543 1923 2621">
    <p class='ocr_par' dir='ltr' id='par_1_40' title="bbox 350 2543 1923 2621">
     <span class='ocr_line' id='line_1_40' title="bbox 350 2543 1923 2621; baseline -0.003 -22"><span class='ocrx_word' id='word_1_273' title='bbox 350 2548 448 2621; x_wconf 78' lang='grc' dir='ltr'>νῆς</span> <span class='ocrx_word' id='word_1_274' title='bbox 488 2545 648 2616; x_wconf 86' lang='grc' dir='ltr'><strong>Ὠσηέ</strong></span> <span class='ocrx_word' id='word_1_275' title='bbox 668 2562 681 2576; x_wconf 90' lang='grc'><strong>·</strong></span> <span class='ocrx_word' id='word_1_276' title='bbox 723 2564 742 2597; x_wconf 77' lang='grc' dir='ltr'><strong>ι</strong></span> <span class='ocrx_word' id='word_1_277' title='bbox 774 2547 898 2599; x_wconf 87' lang='grc' dir='ltr'>’Ότι</span> <span class='ocrx_word' id='word_1_278' title='bbox 930 2545 1144 2616; x_wconf 81' lang='grc' dir='ltr'>ἡμέρας</span> <span class='ocrx_word' id='word_1_279' title='bbox 1184 2544 1385 2607; x_wconf 85' lang='grc' dir='ltr'>πολλὰς</span> <span class='ocrx_word' id='word_1_280' title='bbox 1414 2544 1791 2597; x_wconf 79' lang='grc' dir='ltr'>καθίσονταιοί</span> <span class='ocrx_word' id='word_1_281' title='bbox 1817 2543 1923 2595; x_wconf 80' lang='grc' dir='ltr'>υἱοὶ</span> 
     </span>
    </p>
   </div>
   <div class='ocr_carea' id='block_1_41' title="bbox 362 2631 1919 2708">
    <p class='ocr_par' dir='ltr' id='par_1_41' title="bbox 362 2631 1919 2708">
     <span class='ocr_line' id='line_1_41' title="bbox 362 2631 1919 2708; baseline -0.006 -17"><span class='ocrx_word' id='word_1_282' title='bbox 362 2636 603 2708; x_wconf 81' lang='grc' dir='ltr'>Ἰσραὴλ,</span> <span class='ocrx_word' id='word_1_283' title='bbox 629 2635 729 2689; x_wconf 83' lang='grc' dir='ltr'>οὐκ</span> <span class='ocrx_word' id='word_1_284' title='bbox 772 2635 925 2699; x_wconf 77' lang='grc' dir='ltr'>ὄντος</span> <span class='ocrx_word' id='word_1_285' title='bbox 958 2633 1241 2703; x_wconf 82' lang='grc' dir='ltr'>βασιλέως,</span> <span class='ocrx_word' id='word_1_286' title='bbox 1282 2632 1403 2686; x_wconf 75' lang='grc' dir='ltr'>οὐδὲ</span> <span class='ocrx_word' id='word_1_287' title='bbox 1442 2631 1593 2695; x_wconf 76' lang='grc' dir='ltr'>ὄντος</span> <span class='ocrx_word' id='word_1_288' title='bbox 1638 2634 1919 2701; x_wconf 83' lang='grc' dir='ltr'>ἄρχοντος,</span> 
     </span>
    </p>
   </div>
   <div class='ocr_carea' id='block_1_42' title="bbox 347 2721 1921 2798">
    <p class='ocr_par' dir='ltr' id='par_1_42' title="bbox 347 2721 1921 2798">
     <span class='ocr_line' id='line_1_42' title="bbox 347 2721 1921 2798; baseline -0.005 -16"><span class='ocrx_word' id='word_1_289' title='bbox 347 2729 450 2782; x_wconf 80' lang='grc' dir='ltr'>οὐκ</span> <span class='ocrx_word' id='word_1_290' title='bbox 502 2726 667 2798; x_wconf 82' lang='grc' dir='ltr'>ούσης</span> <span class='ocrx_word' id='word_1_291' title='bbox 715 2725 923 2790; x_wconf 81' lang='grc' dir='ltr'>θυσίας,</span> <span class='ocrx_word' id='word_1_292' title='bbox 978 2724 1097 2778; x_wconf 69' lang='grc' dir='ltr'>οὐδὲ</span> <span class='ocrx_word' id='word_1_293' title='bbox 1142 2724 1295 2787; x_wconf 76' lang='grc' dir='ltr'>ὄντος</span> <span class='ocrx_word' id='word_1_294' title='bbox 1342 2722 1750 2793; x_wconf 84' lang='grc' dir='ltr'>θυσιαστηρίου,</span> <span class='ocrx_word' id='word_1_295' title='bbox 1798 2721 1921 2775; x_wconf 81' lang='grc' dir='ltr'>οῦτε</span> 
     </span>
    </p>
   </div>
   <div class='ocr_carea' id='block_1_43' title="bbox 353 2813 1920 2891">
    <p class='ocr_par' dir='ltr' id='par_1_43' title="bbox 353 2813 1920 2891">
     <span class='ocr_line' id='line_1_43' title="bbox 353 2813 1920 2891; baseline -0.003 -21"><span class='ocrx_word' id='word_1_296' title='bbox 353 2818 647 2891; x_wconf 74' lang='grc' dir='ltr'>ἱερατείας,</span> <span class='ocrx_word' id='word_1_297' title='bbox 691 2815 813 2870; x_wconf 80' lang='grc' dir='ltr'>οὔτε</span> <span class='ocrx_word' id='word_1_298' title='bbox 857 2815 1052 2886; x_wconf 87' lang='grc' dir='ltr'>δήλων.</span> <span class='ocrx_word' id='word_1_299' title='bbox 1083 2832 1102 2864; x_wconf 77' lang='grc' dir='ltr'><strong>ι</strong></span> <span class='ocrx_word' id='word_1_300' title='bbox 1136 2814 1258 2867; x_wconf 88' lang='grc' dir='ltr'>Ὅτι</span> <span class='ocrx_word' id='word_1_301' title='bbox 1303 2813 1360 2867; x_wconf 81' lang='grc' dir='ltr'><strong>δέ</strong></span> <span class='ocrx_word' id='word_1_302' title='bbox 1387 2814 1523 2866; x_wconf 92' lang='grc' dir='ltr'>εἰσιν</span> <span class='ocrx_word' id='word_1_303' title='bbox 1563 2813 1920 2883; x_wconf 73' lang='grc' dir='ltr'>αἰχμάλωτοι,</span> 
     </span>
    </p>
   </div>
   <div class='ocr_carea' id='block_1_44' title="bbox 352 2903 1921 2980">
    <p class='ocr_par' dir='ltr' id='par_1_44' title="bbox 352 2903 1921 2980">
     <span class='ocr_line' id='line_1_44' title="bbox 352 2903 1921 2980; baseline -0.004 -17"><span class='ocrx_word' id='word_1_304' title='bbox 352 2912 446 2965; x_wconf 71' lang='grc' dir='ltr'><strong>ναι</strong></span> <span class='ocrx_word' id='word_1_305' title='bbox 470 2909 573 2963; x_wconf 78' lang='grc' dir='ltr'>ὑπὸ</span> <span class='ocrx_word' id='word_1_306' title='bbox 595 2909 753 2980; x_wconf 82' lang='grc' dir='ltr'>χεῖρα</span> <span class='ocrx_word' id='word_1_307' title='bbox 770 2907 907 2968; x_wconf 83' lang='grc' dir='ltr'>τέως</span> <span class='ocrx_word' id='word_1_308' title='bbox 930 2904 1238 2973; x_wconf 81' lang='grc' dir='ltr'>διαϐολικὴν</span> <span class='ocrx_word' id='word_1_309' title='bbox 1261 2903 1761 2975; x_wconf 86' lang='grc' dir='ltr'>προσκεκρουκότες</span> <span class='ocrx_word' id='word_1_310' title='bbox 1782 2903 1921 2974; x_wconf 86' lang='grc' dir='ltr'>Θεῷ,</span> 
     </span>
    </p>
   </div>
   <div class='ocr_carea' id='block_1_45' title="bbox 352 2993 1920 3072">
    <p class='ocr_par' dir='ltr' id='par_1_45' title="bbox 352 2993 1920 3072">
     <span class='ocr_line' id='line_1_45' title="bbox 352 2993 1920 3072; baseline -0.004 -19"><span class='ocrx_word' id='word_1_311' title='bbox 352 3000 446 3055; x_wconf 74' lang='grc' dir='ltr'>καὶ</span> <span class='ocrx_word' id='word_1_312' title='bbox 471 2999 898 3072; x_wconf 74' lang='grc' dir='ltr'>ἀπερριμμένοι,</span> <span class='ocrx_word' id='word_1_313' title='bbox 926 2997 1020 3050; x_wconf 74' lang='grc' dir='ltr'>καὶ</span> <span class='ocrx_word' id='word_1_314' title='bbox 1039 2996 1255 3066; x_wconf 76' lang='grc' dir='ltr'>ἁπάσης</span> <span class='ocrx_word' id='word_1_315' title='bbox 1284 2994 1388 3060; x_wconf 79' lang='grc' dir='ltr'><strong>ἔξω</strong></span> <span class='ocrx_word' id='word_1_316' title='bbox 1420 2993 1635 3062; x_wconf 78' lang='grc' dir='ltr'>φειδοῦς</span> <span class='ocrx_word' id='word_1_317' title='bbox 1662 2997 1759 3064; x_wconf 80' lang='grc' dir='ltr'>τῆς</span> <span class='ocrx_word' id='word_1_318' title='bbox 1780 2993 1920 3047; x_wconf 81' lang='grc' dir='ltr'>ἄνω-</span> 
     </span>
    </p>
   </div>
   <div class='ocr_carea' id='block_1_46' title="bbox 352 3085 1923 3161">
    <p class='ocr_par' dir='ltr' id='par_1_46' title="bbox 352 3085 1923 3161">
     <span class='ocr_line' id='line_1_46' title="bbox 352 3085 1923 3161; baseline -0.006 -14"><span class='ocrx_word' id='word_1_319' title='bbox 352 3093 443 3147; x_wconf 82' lang='grc' dir='ltr'><strong>θεν</strong></span> <span class='ocrx_word' id='word_1_320' title='bbox 461 3091 765 3161; x_wconf 82' lang='grc' dir='ltr'>γεγονότες,</span> <span class='ocrx_word' id='word_1_321' title='bbox 794 3089 909 3152; x_wconf 82' lang='grc' dir='ltr'>πῶς</span> <span class='ocrx_word' id='word_1_322' title='bbox 932 3088 997 3142; x_wconf 76' lang='grc' dir='ltr'>ἂν</span> <span class='ocrx_word' id='word_1_323' title='bbox 1018 3086 1311 3142; x_wconf 77' lang='grc' dir='ltr'>ἑνδοιάσειέ</span> <span class='ocrx_word' id='word_1_324' title='bbox 1332 3104 1448 3153; x_wconf 88' lang='grc' dir='ltr'>τις;</span> <span class='ocrx_word' id='word_1_325' title='bbox 1480 3087 1540 3140; x_wconf 87' lang='grc' dir='ltr'><strong>Εἰ</strong></span> <span class='ocrx_word' id='word_1_326' title='bbox 1560 3086 1615 3140; x_wconf 81' lang='grc' dir='ltr'>δὲ</span> <span class='ocrx_word' id='word_1_327' title='bbox 1638 3085 1703 3155; x_wconf 83' lang='grc' dir='ltr'>δὴ</span> <span class='ocrx_word' id='word_1_328' title='bbox 1725 3086 1923 3157; x_wconf 58' lang='lat' dir='ltr'><strong>luepu-</strong></span> 
     </span>
    </p>
   </div>
   <div class='ocr_carea' id='block_1_47' title="bbox 351 3178 1924 3250">
    <p class='ocr_par' dir='ltr' id='par_1_47' title="bbox 351 3178 1924 3250">
     <span class='ocr_line' id='line_1_47' title="bbox 351 3178 1924 3250; baseline -0.003 -12"><span class='ocrx_word' id='word_1_329' title='bbox 351 3185 492 3238; x_wconf 80' lang='grc' dir='ltr'>θεῖεν</span> <span class='ocrx_word' id='word_1_330' title='bbox 522 3182 664 3236; x_wconf 86' lang='grc' dir='ltr'><strong>κατά</strong></span> <span class='ocrx_word' id='word_1_331' title='bbox 719 3180 964 3250; x_wconf 81' lang='grc' dir='ltr'>καιροὺς,</span> <span class='ocrx_word' id='word_1_332' title='bbox 1005 3179 1407 3250; x_wconf 87' lang='grc' dir='ltr'>προσηκάμενοι</span> <span class='ocrx_word' id='word_1_333' title='bbox 1450 3178 1547 3249; x_wconf 85' lang='grc' dir='ltr'>τὴν</span> <span class='ocrx_word' id='word_1_334' title='bbox 1592 3179 1795 3244; x_wconf 84' lang='grc' dir='ltr'>πίστιν,</span> <span class='ocrx_word' id='word_1_335' title='bbox 1830 3181 1924 3233; x_wconf 74' lang='grc' dir='ltr'>καὶ</span> 
     </span>
    </p>
   </div>
   <div class='ocr_carea' id='block_1_48' title="bbox 348 3265 1923 3346">
    <p class='ocr_par' dir='ltr' id='par_1_48' title="bbox 348 3265 1923 3346">
     <span class='ocr_line' id='line_1_48' title="bbox 348 3265 1923 3346; baseline -0.006 -18"><span class='ocrx_word' id='word_1_336' title='bbox 348 3272 584 3346; x_wconf 78' lang='grc' dir='ltr'>Χριστὸν</span> <span class='ocrx_word' id='word_1_337' title='bbox 632 3268 1067 3340; x_wconf 67' lang='grc' dir='ltr'>ἐπιγραψάμενοι</span> <span class='ocrx_word' id='word_1_338' title='bbox 1108 3266 1240 3320; x_wconf 88' lang='grc' dir='ltr'>Θεόν</span> <span class='ocrx_word' id='word_1_339' title='bbox 1287 3283 1347 3319; x_wconf 81' lang='grc' dir='ltr'><strong>τε</strong></span> <span class='ocrx_word' id='word_1_340' title='bbox 1397 3265 1492 3319; x_wconf 81' lang='grc' dir='ltr'>καὶ</span> <span class='ocrx_word' id='word_1_341' title='bbox 1547 3265 1794 3335; x_wconf 84' lang='grc' dir='ltr'>βασιλέα,</span> <span class='ocrx_word' id='word_1_342' title='bbox 1830 3267 1923 3319; x_wconf 81' lang='grc' dir='ltr'><strong>καὶ</strong></span> 
     </span>
    </p>
   </div>
   <div class='ocr_carea' id='block_1_49' title="bbox 350 3353 1957 3435">
    <p class='ocr_par' dir='ltr' id='par_1_49' title="bbox 350 3353 1957 3435">
     <span class='ocr_line' id='line_1_49' title="bbox 350 3353 1957 3435; baseline -0.009 -16"><span class='ocrx_word' id='word_1_343' title='bbox 350 3364 576 3435; x_wconf 75' lang='grc' dir='ltr'>Κύριον,</span> <span class='ocrx_word' id='word_1_344' title='bbox 609 3361 731 3413; x_wconf 84' lang='grc' dir='ltr'>τότε</span> <span class='ocrx_word' id='word_1_345' title='bbox 779 3357 864 3429; x_wconf 78' lang='grc' dir='ltr'>δὴ,</span> <span class='ocrx_word' id='word_1_346' title='bbox 902 3357 1045 3420; x_wconf 86' lang='grc' dir='ltr'>τότε,</span> <span class='ocrx_word' id='word_1_347' title='bbox 1074 3354 1167 3410; x_wconf 81' lang='grc' dir='ltr'>καὶ</span> <span class='ocrx_word' id='word_1_348' title='bbox 1200 3355 1346 3427; x_wconf 85' lang='grc' dir='ltr'>μάλα</span> <span class='ocrx_word' id='word_1_349' title='bbox 1376 3354 1622 3417; x_wconf 76' lang='grc' dir='ltr'>εἰκότως,</span> <span class='ocrx_word' id='word_1_350' title='bbox 1659 3354 1828 3424; x_wconf 83' lang='grc' dir='ltr'>σοφὴν</span> <span class='ocrx_word' id='word_1_351' title='bbox 1857 3353 1923 3407; x_wconf 81' lang='grc' dir='ltr'>ἄν</span> <span class='ocrx_word' id='word_1_352' title='bbox 1954 3414 1957 3417; x_wconf 7' lang='grc' dir='ltr'>ὗ</span> 
     </span>
    </p>
   </div>
   <div class='ocr_carea' id='block_1_50' title="bbox 348 3446 1922 3517">
    <p class='ocr_par' dir='ltr' id='par_1_50' title="bbox 348 3446 1922 3517">
     <span class='ocr_line' id='line_1_50' title="bbox 348 3446 1922 3517; baseline -0.004 -11"><span class='ocrx_word' id='word_1_353' title='bbox 348 3470 432 3517; x_wconf 84' lang='grc' dir='ltr'><strong>τις</strong></span> <span class='ocrx_word' id='word_1_354' title='bbox 461 3451 547 3507; x_wconf 68' lang='grc' dir='ltr'><strong>ἔπ’</strong></span> <span class='ocrx_word' id='word_1_355' title='bbox 570 3450 753 3513; x_wconf 80' lang='grc' dir='ltr'>αὐτοῖς</span> <span class='ocrx_word' id='word_1_356' title='bbox 779 3448 1066 3517; x_wconf 83' lang='grc' dir='ltr'>ποιήσαιτο</span> <span class='ocrx_word' id='word_1_357' title='bbox 1093 3446 1192 3517; x_wconf 76' lang='grc' dir='ltr'>τὴν</span> <span class='ocrx_word' id='word_1_358' title='bbox 1223 3447 1564 3517; x_wconf 90' lang='grc' dir='ltr'>παραίνεσιν,</span> <span class='ocrx_word' id='word_1_359' title='bbox 1590 3448 1682 3501; x_wconf 75' lang='grc' dir='ltr'><strong>ἐπὶ</strong></span> <span class='ocrx_word' id='word_1_360' title='bbox 1731 3447 1922 3517; x_wconf 78' lang='grc' dir='ltr'>καιροῦ</span> 
     </span>
    </p>
   </div>
   <div class='ocr_carea' id='block_1_51' title="bbox 348 3535 1922 3611">
    <p class='ocr_par' dir='ltr' id='par_1_51' title="bbox 348 3535 1922 3611">
     <span class='ocr_line' id='line_1_51' title="bbox 348 3535 1922 3611; baseline -0.006 -13"><span class='ocrx_word' id='word_1_361' title='bbox 348 3541 523 3598; x_wconf 78' lang='grc' dir='ltr'>ταῦτα</span> <span class='ocrx_word' id='word_1_362' title='bbox 552 3541 728 3610; x_wconf 81' lang='grc' dir='ltr'>λέγων</span> <span class='ocrx_word' id='word_1_363' title='bbox 747 3538 767 3572; x_wconf 68' lang='grc' dir='ltr'><strong>θ’</strong></span> <span class='ocrx_word' id='word_1_364' title='bbox 804 3556 826 3592; x_wconf 73' lang='grc' dir='ltr'><strong>ε</strong></span> <span class='ocrx_word' id='word_1_365' title='bbox 875 3535 1134 3611; x_wconf 75' lang='grc' dir='ltr'>Ὠργίσθη</span> <span class='ocrx_word' id='word_1_366' title='bbox 1168 3536 1371 3607; x_wconf 81' lang='grc' dir='ltr'>Κύριος</span> <span class='ocrx_word' id='word_1_367' title='bbox 1403 3538 1496 3590; x_wconf 68' lang='grc' dir='ltr'><strong>ἐπὶ</strong></span> <span class='ocrx_word' id='word_1_368' title='bbox 1525 3539 1649 3599; x_wconf 75' lang='grc' dir='ltr'>τοὺς</span> <span class='ocrx_word' id='word_1_369' title='bbox 1681 3536 1922 3606; x_wconf 76' lang='grc' dir='ltr'>πατέρας</span> 
     </span>
    </p>
   </div>
   <div class='ocr_carea' id='block_1_52' title="bbox 346 3631 993 3705">
    <p class='ocr_par' dir='ltr' id='par_1_52' title="bbox 346 3631 993 3705">
     <span class='ocr_line' id='line_1_52' title="bbox 346 3631 993 3705; baseline -0.003 -19"><span class='ocrx_word' id='word_1_370' title='bbox 346 3634 505 3704; x_wconf 75' lang='grc' dir='ltr'>ὑμῶν</span> <span class='ocrx_word' id='word_1_371' title='bbox 533 3632 701 3705; x_wconf 84' lang='grc' dir='ltr'>ὀργὴν</span> <span class='ocrx_word' id='word_1_372' title='bbox 730 3631 993 3702; x_wconf 88' lang='grc' dir='ltr'>μεγάλην.</span> 
     </span>
    </p>
   </div>
   <div class='ocr_carea' id='block_1_53' title="bbox 422 3716 1923 3791">
    <p class='ocr_par' dir='ltr' id='par_1_53' title="bbox 422 3716 1923 3791">
     <span class='ocr_line' id='line_1_53' title="bbox 422 3716 1923 3791; baseline -0.003 -14"><span class='ocrx_word' id='word_1_373' title='bbox 422 3723 531 3777; x_wconf 74' lang='grc' dir='ltr'><strong>Καὶ</strong></span> <span class='ocrx_word' id='word_1_374' title='bbox 582 3721 738 3791; x_wconf 83' lang='grc' dir='ltr'>ἐρεῖς</span> <span class='ocrx_word' id='word_1_375' title='bbox 792 3721 944 3788; x_wconf 78' lang='grc' dir='ltr'>πρὸς</span> <span class='ocrx_word' id='word_1_376' title='bbox 991 3722 1210 3786; x_wconf 82' lang='grc' dir='ltr'>αὐτούς</span> <span class='ocrx_word' id='word_1_377' title='bbox 1239 3737 1253 3752; x_wconf 85' lang='grc'><strong>·</strong></span> <span class='ocrx_word' id='word_1_378' title='bbox 1314 3718 1456 3773; x_wconf 79' lang='grc' dir='ltr'>Τάδε</span> <span class='ocrx_word' id='word_1_379' title='bbox 1501 3716 1660 3787; x_wconf 72' lang='grc' dir='ltr'>λέγει</span> <span class='ocrx_word' id='word_1_380' title='bbox 1708 3720 1923 3786; x_wconf 80' lang='grc' dir='ltr'>Κύριος</span> 
     </span>
    </p>
   </div>
   <div class='ocr_carea' id='block_1_54' title="bbox 343 3808 1923 3880">
    <p class='ocr_par' dir='ltr' id='par_1_54' title="bbox 343 3808 1923 3880">
     <span class='ocr_line' id='line_1_54' title="bbox 343 3808 1923 3880; baseline -0.004 -14"><span class='ocrx_word' id='word_1_381' title='bbox 343 3810 773 3880; x_wconf 72' lang='grc' dir='ltr'>παντοκράτωρ</span> <span class='ocrx_word' id='word_1_382' title='bbox 792 3826 805 3841; x_wconf 76' lang='grc' dir='ltr'><strong>ο</strong></span> <span class='ocrx_word' id='word_1_383' title='bbox 849 3808 1273 3878; x_wconf 69' lang='grc' dir='ltr'>Ἐπιστρέψατε</span> <span class='ocrx_word' id='word_1_384' title='bbox 1327 3811 1478 3876; x_wconf 75' lang='grc' dir='ltr'>πρός</span> <span class='ocrx_word' id='word_1_385' title='bbox 1516 3825 1613 3877; x_wconf 80' lang='grc' dir='ltr'><strong>με,</strong></span> <span class='ocrx_word' id='word_1_386' title='bbox 1647 3811 1745 3863; x_wconf 78' lang='grc' dir='ltr'><strong>καὶ</strong></span> <span class='ocrx_word' id='word_1_387' title='bbox 1798 3808 1923 3867; x_wconf 62' lang='lat' dir='ltr'><strong>sm.</strong></span> 
     </span>
    </p>
   </div>
   <div class='ocr_carea' id='block_1_55' title="bbox 343 3890 1920 3973">
    <p class='ocr_par' dir='ltr' id='par_1_55' title="bbox 343 3890 1920 3973">
     <span class='ocr_line' id='line_1_55' title="bbox 343 3890 1920 3973; baseline -0.004 -15"><span class='ocrx_word' id='word_1_388' title='bbox 343 3901 773 3973; x_wconf 69' lang='grc' dir='ltr'>στραφήσομαι</span> <span class='ocrx_word' id='word_1_389' title='bbox 818 3899 968 3970; x_wconf 78' lang='grc' dir='ltr'>πρὸς</span> <span class='ocrx_word' id='word_1_390' title='bbox 1008 3890 1185 3969; x_wconf 72' lang='grc' dir='ltr'>ὑμᾶς,</span> <span class='ocrx_word' id='word_1_391' title='bbox 1230 3898 1392 3970; x_wconf 71' lang='grc' dir='ltr'>λέγει</span> <span class='ocrx_word' id='word_1_392' title='bbox 1448 3900 1663 3967; x_wconf 82' lang='grc' dir='ltr'>Κύριος</span> <span class='ocrx_word' id='word_1_393' title='bbox 1704 3914 1920 3954; x_wconf 76' lang='grc' dir='ltr'>παν-τοο</span> 
     </span>
    </p>
   </div>
   <div class='ocr_carea' id='block_1_56' title="bbox 345 3986 1918 4063">
    <p class='ocr_par' dir='ltr' id='par_1_56' title="bbox 345 3986 1918 4063">
     <span class='ocr_line' id='line_1_56' title="bbox 345 3986 1918 4063; baseline -0.02 1"><span class='ocrx_word' id='word_1_394' title='bbox 345 3992 602 4063; x_wconf 73' lang='grc' dir='ltr'>κράτωρ,</span> <span class='ocrx_word' id='word_1_395' title='bbox 629 3990 729 4045; x_wconf 71' lang='grc' dir='ltr'><strong>καὶ</strong></span> <span class='ocrx_word' id='word_1_396' title='bbox 745 3990 827 4059; x_wconf 79' lang='grc' dir='ltr'>μὴ</span> <span class='ocrx_word' id='word_1_397' title='bbox 853 3986 1093 4060; x_wconf 75' lang='grc' dir='ltr'>γίνεσθε</span> <span class='ocrx_word' id='word_1_398' title='bbox 1122 3988 1314 4054; x_wconf 82' lang='grc' dir='ltr'>καθὼς</span> <span class='ocrx_word' id='word_1_399' title='bbox 1338 3987 1437 4059; x_wconf 76' lang='grc' dir='ltr'>ίοι]</span> <span class='ocrx_word' id='word_1_400' title='bbox 1464 3988 1713 4055; x_wconf 78' lang='grc' dir='ltr'>πατέρες</span> <span class='ocrx_word' id='word_1_401' title='bbox 1733 3987 1918 4055; x_wconf 70' lang='grc' dir='ltr'>ὑμῶν,</span> 
     </span>
    </p>
   </div>
   <div class='ocr_carea' id='block_1_57' title="bbox 342 4077 1920 4149">
    <p class='ocr_par' dir='ltr' id='par_1_57' title="bbox 342 4077 1920 4149">
     <span class='ocr_line' id='line_1_57' title="bbox 342 4077 1920 4149; baseline -0.003 -10"><span class='ocrx_word' id='word_1_402' title='bbox 342 4081 440 4149; x_wconf 76' lang='grc' dir='ltr'>οἷς</span> <span class='ocrx_word' id='word_1_403' title='bbox 476 4082 848 4137; x_wconf 70' lang='grc' dir='ltr'>ἐνεκάλεσαν</span> <span class='ocrx_word' id='word_1_404' title='bbox 891 4080 1093 4146; x_wconf 83' lang='grc' dir='ltr'>αὐτοῖς</span> <span class='ocrx_word' id='word_1_405' title='bbox 1138 4084 1192 4134; x_wconf 86' lang='lat' dir='ltr'><strong>ol</strong></span> <span class='ocrx_word' id='word_1_406' title='bbox 1235 4077 1531 4148; x_wconf 70' lang='grc' dir='ltr'>προφῆται</span> <span class='ocrx_word' id='word_1_407' title='bbox 1560 4079 1920 4148; x_wconf 71' lang='grc' dir='ltr'>ἔμπροσθεν,</span> 
     </span>
    </p>
   </div>
   <div class='ocr_carea' id='block_1_58' title="bbox 340 4170 1923 4244">
    <p class='ocr_par' dir='ltr' id='par_1_58' title="bbox 340 4170 1923 4244">
     <span class='ocr_line' id='line_1_58' title="bbox 340 4170 1923 4244; baseline -0.004 -15"><span class='ocrx_word' id='word_1_408' title='bbox 340 4177 630 4244; x_wconf 62' lang='grc' dir='ltr'>λέγοντες</span> <span class='ocrx_word' id='word_1_409' title='bbox 649 4189 662 4203; x_wconf 79' lang='grc'><strong><em>⁸</em></strong></span> <span class='ocrx_word' id='word_1_410' title='bbox 698 4172 840 4227; x_wconf 84' lang='grc' dir='ltr'>Τάδε</span> <span class='ocrx_word' id='word_1_411' title='bbox 869 4171 1029 4240; x_wconf 75' lang='grc' dir='ltr'>λέγει</span> <span class='ocrx_word' id='word_1_412' title='bbox 1059 4170 1270 4237; x_wconf 82' lang='grc' dir='ltr'>Κύριος</span> <span class='ocrx_word' id='word_1_413' title='bbox 1308 4171 1740 4237; x_wconf 72' lang='grc' dir='ltr'>παντοκράτωρ·</span> <span class='ocrx_word' id='word_1_414' title='bbox 1764 4171 1923 4223; x_wconf 77' lang='grc' dir='ltr'>Ἀποο</span> 
     </span>
    </p>
   </div>
   <div class='ocr_carea' id='block_1_59' title="bbox 338 4260 1919 4335">
    <p class='ocr_par' dir='ltr' id='par_1_59' title="bbox 338 4260 1919 4335">
     <span class='ocr_line' id='line_1_59' title="bbox 338 4260 1919 4335; baseline -0.004 -14"><span class='ocrx_word' id='word_1_415' title='bbox 338 4266 647 4335; x_wconf 69' lang='grc' dir='ltr'>στρέψατε</span> <span class='ocrx_word' id='word_1_416' title='bbox 683 4264 800 4319; x_wconf 73' lang='grc' dir='ltr'><strong>ἀπὸ</strong></span> <span class='ocrx_word' id='word_1_417' title='bbox 829 4262 944 4318; x_wconf 85' lang='grc' dir='ltr'>τῶν</span> <span class='ocrx_word' id='word_1_418' title='bbox 970 4263 1127 4318; x_wconf 81' lang='grc' dir='ltr'>ὁδῶν</span> <span class='ocrx_word' id='word_1_419' title='bbox 1150 4263 1315 4333; x_wconf 84' lang='grc' dir='ltr'>ὑμῶν</span> <span class='ocrx_word' id='word_1_420' title='bbox 1345 4261 1463 4318; x_wconf 83' lang='grc' dir='ltr'>τῶν</span> <span class='ocrx_word' id='word_1_421' title='bbox 1495 4260 1795 4330; x_wconf 77' lang='grc' dir='ltr'>πονηρῶν,</span> <span class='ocrx_word' id='word_1_422' title='bbox 1823 4261 1919 4315; x_wconf 77' lang='grc' dir='ltr'><strong>καὶ</strong></span> 
     </span>
    </p>
   </div>
   <div class='ocr_carea' id='block_1_60' title="bbox 337 4352 1919 4425">
    <p class='ocr_par' dir='ltr' id='par_1_60' title="bbox 337 4352 1919 4425">
     <span class='ocr_line' id='line_1_60' title="bbox 337 4352 1919 4425; baseline -0.006 -11"><span class='ocrx_word' id='word_1_423' title='bbox 337 4358 469 4414; x_wconf 74' lang='grc' dir='ltr'><strong>ἀπὸ</strong></span> <span class='ocrx_word' id='word_1_424' title='bbox 508 4354 626 4411; x_wconf 86' lang='grc' dir='ltr'>τῶν</span> <span class='ocrx_word' id='word_1_425' title='bbox 691 4354 1173 4422; x_wconf 78' lang='grc' dir='ltr'>ἐπιτηδευμάτων</span> <span class='ocrx_word' id='word_1_426' title='bbox 1224 4352 1392 4425; x_wconf 80' lang='grc' dir='ltr'>ὑμῶν</span> <span class='ocrx_word' id='word_1_427' title='bbox 1440 4352 1559 4407; x_wconf 83' lang='grc' dir='ltr'><strong>τῶν</strong></span> <span class='ocrx_word' id='word_1_428' title='bbox 1619 4352 1919 4419; x_wconf 77' lang='grc' dir='ltr'>πονηρῶν.</span> 
     </span>
    </p>
   </div>
   <div class='ocr_carea' id='block_1_61' title="bbox 336 4444 1996 4529">
    <p class='ocr_par' dir='ltr' id='par_1_61' title="bbox 336 4444 1996 4529">
     <span class='ocr_line' id='line_1_61' title="bbox 336 4444 1996 4529; baseline -0.004 -25"><span class='ocrx_word' id='word_1_429' title='bbox 336 4449 463 4505; x_wconf 73' lang='grc' dir='ltr'><strong>Καὶ</strong></span> <span class='ocrx_word' id='word_1_430' title='bbox 507 4450 580 4503; x_wconf 82' lang='grc' dir='ltr'>οὐ</span> <span class='ocrx_word' id='word_1_431' title='bbox 620 4445 977 4517; x_wconf 80' lang='grc' dir='ltr'>προσέσχον</span> <span class='ocrx_word' id='word_1_432' title='bbox 1012 4446 1118 4500; x_wconf 84' lang='grc' dir='ltr'><strong>τοῦ</strong></span> <span class='ocrx_word' id='word_1_433' title='bbox 1150 4445 1538 4510; x_wconf 74' lang='grc' dir='ltr'>,εἰσακοῦσαι</span> <span class='ocrx_word' id='word_1_434' title='bbox 1579 4461 1722 4513; x_wconf 81' lang='grc' dir='ltr'>μου,</span> <span class='ocrx_word' id='word_1_435' title='bbox 1756 4444 1916 4512; x_wconf 74' lang='grc' dir='ltr'>λέγει</span> <span class='ocrx_word' id='word_1_436' title='bbox 1951 4473 1996 4529; x_wconf 73' lang='lat' dir='ltr'><strong>D</strong></span> 
     </span>
    </p>
   </div>
   <div class='ocr_carea' id='block_1_62' title="bbox 332 4541 581 4606">
    <p class='ocr_par' dir='ltr' id='par_1_62' title="bbox 332 4541 581 4606">
     <span class='ocr_line' id='line_1_62' title="bbox 332 4541 581 4606; baseline -0.028 -8"><span class='ocrx_word' id='word_1_437' title='bbox 332 4541 581 4606; x_wconf 81' lang='grc' dir='ltr'>Κύριος.</span> 
     </span>
    </p>
   </div>
   <div class='ocr_carea' id='block_1_63' title="bbox 413 4626 1922 4699">
    <p class='ocr_par' dir='ltr' id='par_1_63' title="bbox 413 4626 1922 4699">
     <span class='ocr_line' id='line_1_63' title="bbox 413 4626 1922 4699; baseline -0.005 -13"><span class='ocrx_word' id='word_1_438' title='bbox 413 4626 456 4686; x_wconf 86' lang='grc' dir='ltr'><strong>Γ</strong></span> <span class='ocrx_word' id='word_1_439' title='bbox 458 4636 493 4684; x_wconf 85' lang='grc'>’.</span> <span class='ocrx_word' id='word_1_440' title='bbox 533 4627 992 4699; x_wconf 75' lang='grc' dir='ltr'>’Λνακεκλημένοι</span> <span class='ocrx_word' id='word_1_441' title='bbox 1026 4627 1168 4699; x_wconf 75' lang='grc' dir='ltr'>γὰρ,</span> <span class='ocrx_word' id='word_1_442' title='bbox 1200 4626 1275 4691; x_wconf 85' lang='grc' dir='ltr'>ὡς</span> <span class='ocrx_word' id='word_1_443' title='bbox 1307 4626 1461 4698; x_wconf 69' lang='grc' dir='ltr'>ἔφην,</span> <span class='ocrx_word' id='word_1_444' title='bbox 1504 4627 1570 4679; x_wconf 79' lang='grc' dir='ltr'>ὲκ</span> <span class='ocrx_word' id='word_1_445' title='bbox 1618 4626 1716 4696; x_wconf 79' lang='grc' dir='ltr'>τῆς</span> <span class='ocrx_word' id='word_1_446' title='bbox 1754 4627 1922 4695; x_wconf 83' lang='grc' dir='ltr'>αἰχμ-</span> 
     </span>
    </p>
   </div>
   <div class='ocr_carea' id='block_1_64' title="bbox 330 4715 1917 4789">
    <p class='ocr_par' dir='ltr' id='par_1_64' title="bbox 330 4715 1917 4789">
     <span class='ocr_line' id='line_1_64' title="bbox 330 4715 1917 4789; baseline -0.004 -14"><span class='ocrx_word' id='word_1_447' title='bbox 330 4719 603 4783; x_wconf 86' lang='grc' dir='ltr'>αλωσίας,</span> <span class='ocrx_word' id='word_1_448' title='bbox 633 4719 730 4773; x_wconf 69' lang='grc' dir='ltr'>καὶ</span> <span class='ocrx_word' id='word_1_449' title='bbox 756 4718 1239 4789; x_wconf 82' lang='grc' dir='ltr'>ἀνατρέχοντεςείς</span> <span class='ocrx_word' id='word_1_450' title='bbox 1258 4717 1357 4787; x_wconf 83' lang='grc' dir='ltr'>τὴν</span> <span class='ocrx_word' id='word_1_451' title='bbox 1380 4715 1661 4782; x_wconf 80' lang='grc' dir='ltr'>Ἰουδαίαν,</span> <span class='ocrx_word' id='word_1_452' title='bbox 1685 4716 1917 4787; x_wconf 75' lang='grc' dir='ltr'>ρᾁυμοι</span> 
     </span>
    </p>
   </div>
   <div class='ocr_carea' id='block_1_65' title="bbox 328 4806 1918 4883">
    <p class='ocr_par' dir='ltr' id='par_1_65' title="bbox 328 4806 1918 4883">
     <span class='ocr_line' id='line_1_65' title="bbox 328 4806 1918 4883; baseline -0.004 -17"><span class='ocrx_word' id='word_1_453' title='bbox 328 4812 601 4883; x_wconf 82' lang='grc' dir='ltr'>γεγόνασι</span> <span class='ocrx_word' id='word_1_454' title='bbox 628 4814 755 4881; x_wconf 77' lang='grc' dir='ltr'>περὶ</span> <span class='ocrx_word' id='word_1_455' title='bbox 790 4811 854 4865; x_wconf 84' lang='grc' dir='ltr'><strong>τὸ</strong></span> <span class='ocrx_word' id='word_1_456' title='bbox 876 4809 1065 4864; x_wconf 89' lang='grc' dir='ltr'>δοκοῦν</span> <span class='ocrx_word' id='word_1_457' title='bbox 1089 4809 1167 4878; x_wconf 84' lang='grc' dir='ltr'>τῷ</span> <span class='ocrx_word' id='word_1_458' title='bbox 1188 4807 1327 4879; x_wconf 78' lang='grc' dir='ltr'>Θεῷ,</span> <span class='ocrx_word' id='word_1_459' title='bbox 1349 4808 1442 4861; x_wconf 81' lang='grc' dir='ltr'>καὶ</span> <span class='ocrx_word' id='word_1_460' title='bbox 1468 4806 1705 4871; x_wconf 84' lang='grc' dir='ltr'>εἰδώλοις</span> <span class='ocrx_word' id='word_1_461' title='bbox 1735 4808 1831 4876; x_wconf 86' lang='grc' dir='ltr'>μὲν</span> <span class='ocrx_word' id='word_1_462' title='bbox 1857 4807 1918 4860; x_wconf 84' lang='grc' dir='ltr'><strong>ού</strong></span> 
     </span>
    </p>
   </div>
   <div class='ocr_carea' id='block_1_66' title="bbox 328 4896 1923 4972">
    <p class='ocr_par' dir='ltr' id='par_1_66' title="bbox 328 4896 1923 4972">
     <span class='ocr_line' id='line_1_66' title="bbox 328 4896 1923 4972; baseline -0.003 -17"><span class='ocrx_word' id='word_1_463' title='bbox 328 4900 701 4972; x_wconf 82' lang='grc' dir='ltr'>προσέκειντο</span> <span class='ocrx_word' id='word_1_464' title='bbox 746 4899 903 4962; x_wconf 80' lang='grc' dir='ltr'>τέως,</span> <span class='ocrx_word' id='word_1_465' title='bbox 930 4898 1053 4952; x_wconf 84' lang='grc' dir='ltr'>οῦτε</span> <span class='ocrx_word' id='word_1_466' title='bbox 1101 4899 1209 4967; x_wconf 79' lang='grc' dir='ltr'>μὴν</span> <span class='ocrx_word' id='word_1_467' title='bbox 1246 4897 1343 4967; x_wconf 85' lang='grc' dir='ltr'><strong>τὴν</strong></span> <span class='ocrx_word' id='word_1_468' title='bbox 1373 4897 1607 4969; x_wconf 80' lang='grc' dir='ltr'>ἀρχαίαν</span> <span class='ocrx_word' id='word_1_469' title='bbox 1637 4896 1923 4966; x_wconf 86' lang='grc' dir='ltr'>προσίεντο</span> 
     </span>
    </p>
   </div>
   <div class='ocr_carea' id='block_1_67' title="bbox 327 4988 1920 5063">
    <p class='ocr_par' dir='ltr' id='par_1_67' title="bbox 327 4988 1920 5063">
     <span class='ocr_line' id='line_1_67' title="bbox 327 4988 1920 5063; baseline -0.004 -17"><span class='ocrx_word' id='word_1_470' title='bbox 327 4993 553 5062; x_wconf 88' lang='grc' dir='ltr'>πλάνην</span> <span class='ocrx_word' id='word_1_471' title='bbox 571 5008 583 5019; x_wconf 90' lang='grc'><strong>·</strong></span> <span class='ocrx_word' id='word_1_472' title='bbox 619 4990 757 5061; x_wconf 78' lang='grc' dir='ltr'>πλὴν</span> <span class='ocrx_word' id='word_1_473' title='bbox 785 4990 903 5044; x_wconf 82' lang='grc' dir='ltr'>καθ’</span> <span class='ocrx_word' id='word_1_474' title='bbox 930 4991 1147 5063; x_wconf 76' lang='grc' dir='ltr'>ἑτέρους</span> <span class='ocrx_word' id='word_1_475' title='bbox 1174 4990 1455 5060; x_wconf 79' lang='grc' dir='ltr'>ἡλίσκοντο</span> <span class='ocrx_word' id='word_1_476' title='bbox 1490 4988 1920 5059; x_wconf 87' lang='grc' dir='ltr'>παροτρύνοντες</span> 
     </span>
    </p>
   </div>
   <div class='ocr_carea' id='block_1_68' title="bbox 1948 1808 3584 1890">
    <p class='ocr_par' dir='ltr' id='par_1_68' title="bbox 1948 1808 3584 1890">
     <span class='ocr_line' id='line_1_68' title="bbox 1948 1808 3584 1890; baseline 0.01 -26"><span class='ocrx_word' id='word_1_477' title='bbox 1948 1808 1991 1864; x_wconf 82' lang='grc' dir='ltr'><strong>Β</strong></span> <span class='ocrx_word' id='word_1_478' title='bbox 2027 1831 2046 1865; x_wconf 77' lang='grc' dir='ltr'><strong>ι</strong></span> <span class='ocrx_word' id='word_1_479' title='bbox 2083 1812 2257 1870; x_wconf 86' lang='lat' dir='ltr'><strong>Iratus</strong></span> <span class='ocrx_word' id='word_1_480' title='bbox 2287 1826 2374 1872; x_wconf 89' lang='lat' dir='ltr'><strong>est</strong></span> <span class='ocrx_word' id='word_1_481' title='bbox 2404 1831 2534 1886; x_wconf 82' lang='lat' dir='ltr'><strong>ergo</strong></span> <span class='ocrx_word' id='word_1_482' title='bbox 2565 1817 2823 1875; x_wconf 89' lang='lat' dir='ltr'><strong>Dominus</strong></span> <span class='ocrx_word' id='word_1_483' title='bbox 2856 1829 3041 1875; x_wconf 88' lang='lat' dir='ltr'><strong>contra</strong></span> <span class='ocrx_word' id='word_1_484' title='bbox 3075 1830 3255 1890; x_wconf 86' lang='lat' dir='ltr'><strong>patres</strong></span> <span class='ocrx_word' id='word_1_485' title='bbox 3287 1838 3473 1879; x_wconf 89' lang='lat' dir='ltr'><strong>eorum</strong></span> <span class='ocrx_word' id='word_1_486' title='bbox 3508 1824 3584 1879; x_wconf 85' lang='lat' dir='ltr'><strong>ira</strong></span> 
     </span>
    </p>
   </div>
   <div class='ocr_carea' id='block_1_69' title="bbox 2020 1920 2313 1973">
    <p class='ocr_par' dir='ltr' id='par_1_69' title="bbox 2020 1920 2313 1973">
     <span class='ocr_line' id='line_1_69' title="bbox 2020 1920 2313 1973; baseline 0.007 -16"><span class='ocrx_word' id='word_1_487' title='bbox 2020 1920 2229 1973; x_wconf 82' lang='lat' dir='ltr'><strong>magna.</strong></span> <span class='ocrx_word' id='word_1_488' title='bbox 2270 1923 2291 1959; x_wconf 76' lang='grc' dir='ltr'><strong>ι</strong></span> <span class='ocrx_word' id='word_1_489' title='bbox 2310 1970 2313 1971; x_wconf 18' lang='grc' dir='ltr'><em>ν</em></span> 
     </span>
    </p>
   </div>
   <div class='ocr_carea' id='block_1_70' title="bbox 2091 1993 3585 2076">
    <p class='ocr_par' dir='ltr' id='par_1_70' title="bbox 2091 1993 3585 2076">
     <span class='ocr_line' id='line_1_70' title="bbox 2091 1993 3585 2076; baseline 0.007 -28"><span class='ocrx_word' id='word_1_490' title='bbox 2091 1993 2219 2049; x_wconf 83' lang='lat' dir='ltr'><strong>Tale</strong></span> <span class='ocrx_word' id='word_1_491' title='bbox 2244 1997 2512 2067; x_wconf 87' lang='lat' dir='ltr'><strong>quispiam</strong></span> <span class='ocrx_word' id='word_1_492' title='bbox 2540 2008 2596 2054; x_wconf 94' lang='lat' dir='ltr'><strong>et</strong></span> <span class='ocrx_word' id='word_1_493' title='bbox 2619 1997 2924 2058; x_wconf 73' lang='lat' dir='ltr'><strong>Judzeorum</strong></span> <span class='ocrx_word' id='word_1_494' title='bbox 2955 2004 3164 2076; x_wconf 85' lang='lat' dir='ltr'><strong>populis</strong></span> <span class='ocrx_word' id='word_1_495' title='bbox 3192 2004 3516 2071; x_wconf 83' lang='lat' dir='ltr'><strong>occiuuerit,</strong></span> <span class='ocrx_word' id='word_1_496' title='bbox 3540 2007 3585 2060; x_wconf 85' lang='lat' dir='ltr'><strong>si</strong></span> 
     </span>
    </p>
   </div>
   <div class='ocr_carea' id='block_1_71' title="bbox 2020 2084 3590 2163">
    <p class='ocr_par' dir='ltr' id='par_1_71' title="bbox 2020 2084 3590 2163">
     <span class='ocr_line' id='line_1_71' title="bbox 2020 2084 3590 2163; baseline 0.009 -26"><span class='ocrx_word' id='word_1_497' title='bbox 2020 2084 2145 2139; x_wconf 92' lang='lat' dir='ltr'><strong>hinc</strong></span> <span class='ocrx_word' id='word_1_498' title='bbox 2168 2102 2425 2141; x_wconf 86' lang='lat' dir='ltr'><strong>arcanum</strong></span> <span class='ocrx_word' id='word_1_499' title='bbox 2447 2089 2649 2146; x_wconf 87' lang='lat' dir='ltr'><strong>Christi</strong></span> <span class='ocrx_word' id='word_1_500' title='bbox 2676 2094 2991 2163; x_wconf 80' lang='lat' dir='ltr'><strong>mysterium</strong></span> <span class='ocrx_word' id='word_1_501' title='bbox 3016 2096 3211 2152; x_wconf 83' lang='lat' dir='ltr'><strong>docere</strong></span> <span class='ocrx_word' id='word_1_502' title='bbox 3236 2095 3415 2153; x_wconf 85' lang='lat' dir='ltr'><strong>libeat.</strong></span> <span class='ocrx_word' id='word_1_503' title='bbox 3436 2096 3590 2153; x_wconf 77' lang='lat' dir='ltr'><strong>Post-</strong></span> 
     </span>
    </p>
   </div>
   <div class='ocr_carea' id='block_1_72' title="bbox 2021 2180 3589 2258">
    <p class='ocr_par' dir='ltr' id='par_1_72' title="bbox 2021 2180 3589 2258">
     <span class='ocr_line' id='line_1_72' title="bbox 2021 2180 3589 2258; baseline 0.011 -29"><span class='ocrx_word' id='word_1_504' title='bbox 2021 2192 2179 2245; x_wconf 84' lang='lat' dir='ltr'><strong>quam</strong></span> <span class='ocrx_word' id='word_1_505' title='bbox 2210 2180 2353 2233; x_wconf 90' lang='lat' dir='ltr'><strong>enim</strong></span> <span class='ocrx_word' id='word_1_506' title='bbox 2382 2185 2699 2239; x_wconf 89' lang='lat' dir='ltr'><strong>occiderunt</strong></span> <span class='ocrx_word' id='word_1_507' title='bbox 2729 2186 3080 2255; x_wconf 76' lang='lat' dir='ltr'><strong>prophetas‘,</strong></span> <span class='ocrx_word' id='word_1_508' title='bbox 3110 2198 3165 2242; x_wconf 92' lang='lat' dir='ltr'><strong>et</strong></span> <span class='ocrx_word' id='word_1_509' title='bbox 3198 2190 3370 2258; x_wconf 90' lang='lat' dir='ltr'><strong>ipsum</strong></span> <span class='ocrx_word' id='word_1_510' title='bbox 3406 2191 3589 2246; x_wconf 84' lang='lat' dir='ltr'><strong>Domi-</strong></span> 
     </span>
    </p>
   </div>
   <div class='ocr_carea' id='block_1_73' title="bbox 2023 2270 3586 2353">
    <p class='ocr_par' dir='ltr' id='par_1_73' title="bbox 2023 2270 3586 2353">
     <span class='ocr_line' id='line_1_73' title="bbox 2023 2270 3586 2353; baseline 0.012 -32"><span class='ocrx_word' id='word_1_511' title='bbox 2023 2284 2149 2324; x_wconf 91' lang='lat' dir='ltr'><strong>num</strong></span> <span class='ocrx_word' id='word_1_512' title='bbox 2178 2270 2362 2339; x_wconf 61' lang='lat' dir='ltr'><strong>glorise</strong></span> <span class='ocrx_word' id='word_1_513' title='bbox 2388 2272 2441 2326; x_wconf 90' lang='lat' dir='ltr'><strong>in</strong></span> <span class='ocrx_word' id='word_1_514' title='bbox 2469 2289 2683 2330; x_wconf 87' lang='lat' dir='ltr'><strong>crucem</strong></span> <span class='ocrx_word' id='word_1_515' title='bbox 2713 2281 2996 2347; x_wconf 79' lang='lat' dir='ltr'><strong>egerunt’,</strong></span> <span class='ocrx_word' id='word_1_516' title='bbox 3020 2283 3162 2349; x_wconf 85' lang='lat' dir='ltr'><strong>capti</strong></span> <span class='ocrx_word' id='word_1_517' title='bbox 3192 2296 3255 2336; x_wconf 90' lang='lat' dir='ltr'><strong>ac</strong></span> <span class='ocrx_word' id='word_1_518' title='bbox 3284 2280 3586 2353; x_wconf 85' lang='lat' dir='ltr'><strong>subjugati;</strong></span> 
     </span>
    </p>
   </div>
   <div class='ocr_carea' id='block_1_74' title="bbox 2022 2358 3591 2440">
    <p class='ocr_par' dir='ltr' id='par_1_74' title="bbox 2022 2358 3591 2440">
     <span class='ocr_line' id='line_1_74' title="bbox 2022 2358 3591 2440; baseline 0.012 -31"><span class='ocrx_word' id='word_1_519' title='bbox 2022 2365 2078 2410; x_wconf 91' lang='lat' dir='ltr'><strong>et</strong></span> <span class='ocrx_word' id='word_1_520' title='bbox 2115 2358 2370 2426; x_wconf 90' lang='lat' dir='ltr'><strong>templum</strong></span> <span class='ocrx_word' id='word_1_521' title='bbox 2407 2360 2581 2429; x_wconf 90' lang='lat' dir='ltr'><strong>ipsum</strong></span> <span class='ocrx_word' id='word_1_522' title='bbox 2622 2362 2765 2419; x_wconf 79' lang='lat' dir='ltr'><strong>fama</strong></span> <span class='ocrx_word' id='word_1_523' title='bbox 2804 2381 2965 2434; x_wconf 89' lang='lat' dir='ltr'><strong>super</strong></span> <span class='ocrx_word' id='word_1_524' title='bbox 2999 2370 3202 2424; x_wconf 67' lang='lat' dir='ltr'><strong>aethera</strong></span> <span class='ocrx_word' id='word_1_525' title='bbox 3244 2379 3426 2425; x_wconf 91' lang='lat' dir='ltr'><strong>notum</strong></span> <span class='ocrx_word' id='word_1_526' title='bbox 3466 2388 3591 2440; x_wconf 83' lang='lat' dir='ltr'><strong>pro-</strong></span> 
     </span>
    </p>
   </div>
   <div class='ocr_carea' id='block_1_75' title="bbox 2023 2451 3594 2530">
    <p class='ocr_par' dir='ltr' id='par_1_75' title="bbox 2023 2451 3594 2530">
     <span class='ocr_line' id='line_1_75' title="bbox 2023 2451 3594 2530; baseline 0.011 -30"><span class='ocrx_word' id='word_1_527' title='bbox 2023 2455 2280 2516; x_wconf 88' lang='lat' dir='ltr'><strong>stratum,</strong></span> <span class='ocrx_word' id='word_1_528' title='bbox 2313 2458 2367 2505; x_wconf 88' lang='lat' dir='ltr'><strong>et</strong></span> <span class='ocrx_word' id='word_1_529' title='bbox 2395 2451 2649 2522; x_wconf 85' lang='lat' dir='ltr'><strong>deinceps</strong></span> <span class='ocrx_word' id='word_1_530' title='bbox 2681 2455 2733 2509; x_wconf 93' lang='lat' dir='ltr'><strong>in</strong></span> <span class='ocrx_word' id='word_1_531' title='bbox 2772 2455 2838 2510; x_wconf 87' lang='lat' dir='ltr'><strong>iis</strong></span> <span class='ocrx_word' id='word_1_532' title='bbox 2872 2457 3147 2527; x_wconf 86' lang='lat' dir='ltr'><strong>impletum</strong></span> <span class='ocrx_word' id='word_1_533' title='bbox 3180 2470 3291 2524; x_wconf 91' lang='lat' dir='ltr'><strong>est,</strong></span> <span class='ocrx_word' id='word_1_534' title='bbox 3326 2465 3465 2530; x_wconf 85' lang='lat' dir='ltr'><strong>quod</strong></span> <span class='ocrx_word' id='word_1_535' title='bbox 3499 2478 3594 2517; x_wconf 59' lang='lat' dir='ltr'><strong>ex.</strong></span> 
     </span>
    </p>
   </div>
   <div class='ocr_carea' id='block_1_76' title="bbox 2022 2538 3590 2609">
    <p class='ocr_par' dir='ltr' id='par_1_76' title="bbox 2022 2538 3590 2609">
     <span class='ocr_line' id='line_1_76' title="bbox 2022 2538 3590 2609; baseline 0.011 -22"><span class='ocrx_word' id='word_1_536' title='bbox 2022 2544 2129 2589; x_wconf 87' lang='lat' dir='ltr'><strong>stat</strong></span> <span class='ocrx_word' id='word_1_537' title='bbox 2161 2538 2297 2606; x_wconf 86' lang='lat' dir='ltr'><strong>apud</strong></span> <span class='ocrx_word' id='word_1_538' title='bbox 2329 2539 2522 2595; x_wconf 80' lang='lat' dir='ltr'><strong>Oscam</strong></span> <span class='ocrx_word' id='word_1_539' title='bbox 2547 2559 2596 2597; x_wconf 77' lang='grc' dir='ltr'>ει</span> <span class='ocrx_word' id='word_1_540' title='bbox 2621 2542 2755 2609; x_wconf 81' lang='lat' dir='ltr'><strong>Quia</strong></span> <span class='ocrx_word' id='word_1_541' title='bbox 2787 2544 2975 2601; x_wconf 90' lang='lat' dir='ltr'><strong>diebus</strong></span> <span class='ocrx_word' id='word_1_542' title='bbox 2995 2545 3177 2601; x_wconf 89' lang='lat' dir='ltr'><strong>multis</strong></span> <span class='ocrx_word' id='word_1_543' title='bbox 3208 2549 3469 2604; x_wconf 88' lang='lat' dir='ltr'><strong>sedebunt</strong></span> <span class='ocrx_word' id='word_1_544' title='bbox 3497 2551 3590 2605; x_wconf 79' lang='lat' dir='ltr'><strong>lilii</strong></span> 
     </span>
    </p>
   </div>
   <div class='ocr_carea' id='block_1_77' title="bbox 2022 2624 3594 2706">
    <p class='ocr_par' dir='ltr' id='par_1_77' title="bbox 2022 2624 3594 2706">
     <span class='ocr_line' id='line_1_77' title="bbox 2022 2624 3594 2706; baseline 0.011 -27"><span class='ocrx_word' id='word_1_545' title='bbox 2022 2624 2185 2679; x_wconf 78' lang='lat' dir='ltr'><strong>Israel</strong></span> <span class='ocrx_word' id='word_1_546' title='bbox 2216 2628 2333 2683; x_wconf 90' lang='lat' dir='ltr'><strong>sine</strong></span> <span class='ocrx_word' id='word_1_547' title='bbox 2364 2643 2516 2698; x_wconf 87' lang='lat' dir='ltr'><strong>rege,</strong></span> <span class='ocrx_word' id='word_1_548' title='bbox 2545 2632 2663 2687; x_wconf 89' lang='lat' dir='ltr'><strong>sine</strong></span> <span class='ocrx_word' id='word_1_549' title='bbox 2693 2633 2966 2702; x_wconf 89' lang='lat' dir='ltr'><strong>principe,</strong></span> <span class='ocrx_word' id='word_1_550' title='bbox 2998 2636 3115 2690; x_wconf 90' lang='lat' dir='ltr'><strong>sine</strong></span> <span class='ocrx_word' id='word_1_551' title='bbox 3143 2636 3444 2706; x_wconf 74' lang='lat' dir='ltr'><strong>Sacriﬁcio,</strong></span> <span class='ocrx_word' id='word_1_552' title='bbox 3474 2643 3594 2697; x_wconf 84' lang='lat' dir='ltr'><strong>sine</strong></span> 
     </span>
    </p>
   </div>
   <div class='ocr_carea' id='block_1_78' title="bbox 2023 2716 3592 2787">
    <p class='ocr_par' dir='ltr' id='par_1_78' title="bbox 2023 2716 3592 2787">
     <span class='ocr_line' id='line_1_78' title="bbox 2023 2716 3592 2787; baseline 0.01 -19"><span class='ocrx_word' id='word_1_553' title='bbox 2023 2716 2203 2782; x_wconf 85' lang='lat' dir='ltr'><strong>altari,</strong></span> <span class='ocrx_word' id='word_1_554' title='bbox 2231 2718 2347 2774; x_wconf 89' lang='lat' dir='ltr'><strong>sine</strong></span> <span class='ocrx_word' id='word_1_555' title='bbox 2377 2722 2702 2787; x_wconf 88' lang='lat' dir='ltr'><strong>sacerdotio,</strong></span> <span class='ocrx_word' id='word_1_556' title='bbox 2731 2724 2848 2780; x_wconf 85' lang='lat' dir='ltr'><strong>sine</strong></span> <span class='ocrx_word' id='word_1_557' title='bbox 2879 2725 3218 2782; x_wconf 79' lang='lat' dir='ltr'><strong>manifestis&#39;</strong></span> <span class='ocrx_word' id='word_1_558' title='bbox 3272 2746 3291 2779; x_wconf 71' lang='grc' dir='ltr'><strong>ι</strong></span> <span class='ocrx_word' id='word_1_559' title='bbox 3327 2729 3458 2786; x_wconf 87' lang='lat' dir='ltr'><strong>Esse</strong></span> <span class='ocrx_word' id='word_1_560' title='bbox 3491 2748 3592 2784; x_wconf 84' lang='lat' dir='ltr'><strong>au-</strong></span> 
     </span>
    </p>
   </div>
   <div class='ocr_carea' id='block_1_79' title="bbox 2022 2815 3590 2888">
    <p class='ocr_par' dir='ltr' id='par_1_79' title="bbox 2022 2815 3590 2888">
     <span class='ocr_line' id='line_1_79' title="bbox 2022 2815 3590 2888; baseline 0.011 -27"><span class='ocrx_word' id='word_1_561' title='bbox 2022 2817 2132 2864; x_wconf 87' lang='lat' dir='ltr'><strong>tem</strong></span> <span class='ocrx_word' id='word_1_562' title='bbox 2169 2825 2263 2866; x_wconf 87' lang='lat' dir='ltr'><strong>eos</strong></span> <span class='ocrx_word' id='word_1_563' title='bbox 2298 2828 2441 2867; x_wconf 91' lang='lat' dir='ltr'><strong>nunc</strong></span> <span class='ocrx_word' id='word_1_564' title='bbox 2477 2815 2741 2882; x_wconf 85' lang='lat' dir='ltr'><strong>captivos,</strong></span> <span class='ocrx_word' id='word_1_565' title='bbox 2777 2826 2831 2870; x_wconf 90' lang='lat' dir='ltr'><strong>et</strong></span> <span class='ocrx_word' id='word_1_566' title='bbox 2867 2817 2966 2870; x_wconf 89' lang='lat' dir='ltr'><strong>suh</strong></span> <span class='ocrx_word' id='word_1_567' title='bbox 3000 2826 3267 2885; x_wconf 82' lang='lat' dir='ltr'><strong>potestate</strong></span> <span class='ocrx_word' id='word_1_568' title='bbox 3303 2821 3590 2888; x_wconf 83' lang='lat' dir='ltr'><strong>diabolica,</strong></span> 
     </span>
    </p>
   </div>
   <div class='ocr_carea' id='block_1_80' title="bbox 2023 2899 3594 2981">
    <p class='ocr_par' dir='ltr' id='par_1_80' title="bbox 2023 2899 3594 2981">
     <span class='ocr_line' id='line_1_80' title="bbox 2023 2899 3594 2981; baseline 0.01 -29"><span class='ocrx_word' id='word_1_569' title='bbox 2023 2899 2227 2955; x_wconf 80' lang='lat' dir='ltr'><strong>olfenso</strong></span> <span class='ocrx_word' id='word_1_570' title='bbox 2262 2901 2402 2967; x_wconf 85' lang='lat' dir='ltr'><strong>Deo,</strong></span> <span class='ocrx_word' id='word_1_571' title='bbox 2433 2917 2487 2959; x_wconf 90' lang='lat' dir='ltr'><strong>et</strong></span> <span class='ocrx_word' id='word_1_572' title='bbox 2514 2906 2584 2958; x_wconf 89' lang='lat' dir='ltr'><strong>ab</strong></span> <span class='ocrx_word' id='word_1_573' title='bbox 2618 2906 2733 2974; x_wconf 87' lang='lat' dir='ltr'><strong>ipso</strong></span> <span class='ocrx_word' id='word_1_574' title='bbox 2764 2907 3033 2976; x_wconf 74' lang='lat' dir='ltr'><strong>abiectos,</strong></span> <span class='ocrx_word' id='word_1_575' title='bbox 3064 2918 3119 2963; x_wconf 86' lang='lat' dir='ltr'><strong>et</strong></span> <span class='ocrx_word' id='word_1_576' title='bbox 3150 2910 3475 2981; x_wconf 83' lang='lat' dir='ltr'><strong>benignitate</strong></span> <span class='ocrx_word' id='word_1_577' title='bbox 3503 2930 3594 2970; x_wconf 80' lang='lat' dir='ltr'><strong>su-</strong></span> 
     </span>
    </p>
   </div>
   <div class='ocr_carea' id='block_1_81' title="bbox 2025 2992 3591 3067">
    <p class='ocr_par' dir='ltr' id='par_1_81' title="bbox 2025 2992 3591 3067">
     <span class='ocr_line' id='line_1_81' title="bbox 2025 2992 3591 3067; baseline 0.009 -24"><span class='ocrx_word' id='word_1_578' title='bbox 2025 3003 2188 3056; x_wconf 88' lang='lat' dir='ltr'><strong>perna</strong></span> <span class='ocrx_word' id='word_1_579' title='bbox 2234 2992 2492 3058; x_wconf 90' lang='lat' dir='ltr'><strong>spoliatos</strong></span> <span class='ocrx_word' id='word_1_580' title='bbox 2535 2994 2767 3049; x_wconf 85' lang='lat' dir='ltr'><strong>dubitari</strong></span> <span class='ocrx_word' id='word_1_581' title='bbox 2817 3013 2919 3050; x_wconf 86' lang='lat' dir='ltr'><strong>non</strong></span> <span class='ocrx_word' id='word_1_582' title='bbox 2966 3008 3163 3065; x_wconf 89' lang='lat' dir='ltr'><strong>potest.</strong></span> <span class='ocrx_word' id='word_1_583' title='bbox 3205 2999 3357 3067; x_wconf 86' lang='lat' dir='ltr'><strong>Quod</strong></span> <span class='ocrx_word' id='word_1_584' title='bbox 3400 3003 3443 3057; x_wconf 92' lang='lat' dir='ltr'><strong>si</strong></span> <span class='ocrx_word' id='word_1_585' title='bbox 3490 3005 3591 3057; x_wconf 66' lang='lat' dir='ltr'><strong>ali.</strong></span> 
     </span>
    </p>
   </div>
   <div class='ocr_carea' id='block_1_82' title="bbox 2028 3081 3592 3161">
    <p class='ocr_par' dir='ltr' id='par_1_82' title="bbox 2028 3081 3592 3161">
     <span class='ocr_line' id='line_1_82' title="bbox 2028 3081 3592 3161; baseline 0.01 -30"><span class='ocrx_word' id='word_1_586' title='bbox 2028 3083 2241 3148; x_wconf 89' lang='lat' dir='ltr'><strong>quando</strong></span> <span class='ocrx_word' id='word_1_587' title='bbox 2284 3081 2584 3139; x_wconf 81' lang='lat' dir='ltr'><strong>libertatem</strong></span> <span class='ocrx_word' id='word_1_588' title='bbox 2630 3088 2906 3141; x_wconf 82' lang='lat' dir='ltr'><strong>consecuti</strong></span> <span class='ocrx_word' id='word_1_589' title='bbox 2957 3087 3189 3156; x_wconf 81' lang='lat' dir='ltr'><strong>fuerint,</strong></span> <span class='ocrx_word' id='word_1_590' title='bbox 3230 3090 3390 3161; x_wconf 78' lang='lat'><strong>655</strong></span> <span class='ocrx_word' id='word_1_591' title='bbox 3437 3092 3592 3147; x_wconf 73' lang='lat' dir='ltr'><strong>(idem</strong></span> 
     </span>
    </p>
   </div>
   <div class='ocr_carea' id='block_1_83' title="bbox 2027 3171 3595 3250">
    <p class='ocr_par' dir='ltr' id='par_1_83' title="bbox 2027 3171 3595 3250">
     <span class='ocr_line' id='line_1_83' title="bbox 2027 3171 3595 3250; baseline 0.008 -25"><span class='ocrx_word' id='word_1_592' title='bbox 2027 3171 2325 3241; x_wconf 74' lang='lat' dir='ltr'><strong>complexi,</strong></span> <span class='ocrx_word' id='word_1_593' title='bbox 2355 3184 2411 3227; x_wconf 93' lang='lat' dir='ltr'><strong>et</strong></span> <span class='ocrx_word' id='word_1_594' title='bbox 2441 3172 2661 3231; x_wconf 84' lang='lat' dir='ltr'><strong>Christo</strong></span> <span class='ocrx_word' id='word_1_595' title='bbox 2696 3191 2793 3245; x_wconf 89' lang='lat' dir='ltr'><strong>pro</strong></span> <span class='ocrx_word' id='word_1_596' title='bbox 2828 3177 2967 3246; x_wconf 89' lang='lat' dir='ltr'><strong>Deo,</strong></span> <span class='ocrx_word' id='word_1_597' title='bbox 3004 3189 3059 3235; x_wconf 90' lang='lat' dir='ltr'><strong>et</strong></span> <span class='ocrx_word' id='word_1_598' title='bbox 3093 3196 3249 3250; x_wconf 81' lang='lat' dir='ltr'><strong>rege,</strong></span> <span class='ocrx_word' id='word_1_599' title='bbox 3279 3192 3332 3236; x_wconf 87' lang='lat' dir='ltr'><strong>et</strong></span> <span class='ocrx_word' id='word_1_600' title='bbox 3371 3182 3595 3237; x_wconf 84' lang='lat' dir='ltr'><strong>Domino</strong></span> 
     </span>
    </p>
   </div>
   <div class='ocr_carea' id='block_1_84' title="bbox 2025 3261 3619 3340">
    <p class='ocr_par' dir='ltr' id='par_1_84' title="bbox 2025 3261 3619 3340">
     <span class='ocr_line' id='line_1_84' title="bbox 2025 3261 3619 3340; baseline 0.011 -25"><span class='ocrx_word' id='word_1_601' title='bbox 2025 3261 2122 3315; x_wconf 89' lang='lat' dir='ltr'><strong>sibi</strong></span> <span class='ocrx_word' id='word_1_602' title='bbox 2147 3263 2435 3326; x_wconf 81' lang='lat' dir='ltr'><strong>vindicato,</strong></span> <span class='ocrx_word' id='word_1_603' title='bbox 2463 3270 2779 3336; x_wconf 29' lang='lat' dir='ltr'><strong>tunc,&quot;tunc,</strong></span> <span class='ocrx_word' id='word_1_604' title='bbox 2808 3268 3046 3339; x_wconf 87' lang='lat' dir='ltr'><strong>inquam,</strong></span> <span class='ocrx_word' id='word_1_605' title='bbox 3075 3280 3130 3325; x_wconf 91' lang='lat' dir='ltr'><strong>et</strong></span> <span class='ocrx_word' id='word_1_606' title='bbox 3153 3274 3460 3340; x_wconf 65' lang='lat' dir='ltr'><strong>aequissime</strong></span> <span class='ocrx_word' id='word_1_607' title='bbox 3488 3276 3619 3331; x_wconf 80' lang='lat' dir='ltr'><strong>illic&#39;</strong></span> 
     </span>
    </p>
   </div>
   <div class='ocr_carea' id='block_1_85' title="bbox 2025 3350 3596 3422">
    <p class='ocr_par' dir='ltr' id='par_1_85' title="bbox 2025 3350 3596 3422">
     <span class='ocr_line' id='line_1_85' title="bbox 2025 3350 3596 3422; baseline 0.011 -20"><span class='ocrx_word' id='word_1_608' title='bbox 2025 3350 2146 3418; x_wconf 90' lang='lat' dir='ltr'><strong>quis</strong></span> <span class='ocrx_word' id='word_1_609' title='bbox 2183 3363 2485 3422; x_wconf 83' lang='lat' dir='ltr'><strong>opportune</strong></span> <span class='ocrx_word' id='word_1_610' title='bbox 2525 3358 2667 3411; x_wconf 91' lang='lat' dir='ltr'><strong>hunc</strong></span> <span class='ocrx_word' id='word_1_611' title='bbox 2705 3358 2757 3412; x_wconf 91' lang='lat' dir='ltr'><strong>iu</strong></span> <span class='ocrx_word' id='word_1_612' title='bbox 2804 3359 3018 3414; x_wconf 89' lang='lat' dir='ltr'><strong>modum</strong></span> <span class='ocrx_word' id='word_1_613' title='bbox 3061 3363 3272 3416; x_wconf 85' lang='lat' dir='ltr'><strong>oceiuat</strong></span> <span class='ocrx_word' id='word_1_614' title='bbox 3308 3380 3321 3417; x_wconf 92' lang='lat'><strong>:</strong></span> <span class='ocrx_word' id='word_1_615' title='bbox 3364 3382 3383 3414; x_wconf 77' lang='grc' dir='ltr'><strong>ι</strong></span> <span class='ocrx_word' id='word_1_616' title='bbox 3426 3364 3596 3421; x_wconf 74' lang='lat' dir='ltr'><strong>Iratus</strong></span> 
     </span>
    </p>
   </div>
   <div class='ocr_carea' id='block_1_86' title="bbox 2024 3439 3475 3521">
    <p class='ocr_par' dir='ltr' id='par_1_86' title="bbox 2024 3439 3475 3521">
     <span class='ocr_line' id='line_1_86' title="bbox 2024 3439 3475 3521; baseline 0.008 -28"><span class='ocrx_word' id='word_1_617' title='bbox 2024 3449 2105 3493; x_wconf 84' lang='lat' dir='ltr'><strong>est</strong></span> <span class='ocrx_word' id='word_1_618' title='bbox 2137 3439 2398 3497; x_wconf 84' lang='lat' dir='ltr'><strong>Dominus</strong></span> <span class='ocrx_word' id='word_1_619' title='bbox 2426 3457 2611 3499; x_wconf 82' lang='lat' dir='ltr'><strong>contra</strong></span> <span class='ocrx_word' id='word_1_620' title='bbox 2646 3457 2828 3516; x_wconf 80' lang='lat' dir='ltr'><strong>patres</strong></span> <span class='ocrx_word' id='word_1_621' title='bbox 2857 3457 3064 3503; x_wconf 76' lang='lat' dir='ltr'><strong>vestros</strong></span> <span class='ocrx_word' id='word_1_622' title='bbox 3095 3450 3172 3503; x_wconf 89' lang='lat' dir='ltr'><strong>ira</strong></span> <span class='ocrx_word' id='word_1_623' title='bbox 3206 3466 3416 3521; x_wconf 83' lang='lat' dir='ltr'><strong>magna.</strong></span> <span class='ocrx_word' id='word_1_624' title='bbox 3458 3472 3475 3505; x_wconf 82' lang='grc' dir='ltr'><strong>ι</strong></span> 
     </span>
    </p>
   </div>
   <div class='ocr_carea' id='block_1_87' title="bbox 2098 3716 3593 3789">
    <p class='ocr_par' dir='ltr' id='par_1_87' title="bbox 2098 3716 3593 3789">
     <span class='ocr_line' id='line_1_87' title="bbox 2098 3716 3593 3789; baseline 0.009 -19"><span class='ocrx_word' id='word_1_625' title='bbox 2098 3716 2259 3775; x_wconf 75' lang='lat' dir='ltr'><strong>Vens.</strong></span> <span class='ocrx_word' id='word_1_626' title='bbox 2296 3718 2351 3784; x_wconf 75' lang='lat'><strong>3,</strong></span> <span class='ocrx_word' id='word_1_627' title='bbox 2379 3719 2548 3789; x_wconf 49' lang='lat' dir='ltr'><strong>4.,Et</strong></span> <span class='ocrx_word' id='word_1_628' title='bbox 2577 3721 2717 3775; x_wconf 71' lang='lat' dir='ltr'><strong>dices</strong></span> <span class='ocrx_word' id='word_1_629' title='bbox 2747 3721 2817 3774; x_wconf 87' lang='lat' dir='ltr'><strong>ad</strong></span> <span class='ocrx_word' id='word_1_630' title='bbox 2842 3738 2929 3776; x_wconf 82' lang='lat' dir='ltr'><strong>eos</strong></span> <span class='ocrx_word' id='word_1_631' title='bbox 2962 3740 2981 3776; x_wconf 87' lang='lat'><strong><em>:</em></strong></span> <span class='ocrx_word' id='word_1_632' title='bbox 3024 3722 3152 3778; x_wconf 64' lang='lat' dir='ltr'><strong>Illac</strong></span> <span class='ocrx_word' id='word_1_633' title='bbox 3178 3723 3306 3779; x_wconf 80' lang='lat' dir='ltr'><strong>dicit</strong></span> <span class='ocrx_word' id='word_1_634' title='bbox 3336 3726 3593 3784; x_wconf 68' lang='lat' dir='ltr'><strong>Dominus</strong></span> 
     </span>
    </p>
   </div>
   <div class='ocr_carea' id='block_1_88' title="bbox 2024 3809 3594 3889">
    <p class='ocr_par' dir='ltr' id='par_1_88' title="bbox 2024 3809 3594 3889">
     <span class='ocr_line' id='line_1_88' title="bbox 2024 3809 3594 3889; baseline 0.006 -28"><span class='ocrx_word' id='word_1_635' title='bbox 2024 3809 2348 3876; x_wconf 77' lang='lat' dir='ltr'><strong>omnipotens</strong></span> <span class='ocrx_word' id='word_1_636' title='bbox 2380 3811 2806 3866; x_wconf 69' lang='lat' dir='ltr'><strong>:Convertimini</strong></span> <span class='ocrx_word' id='word_1_637' title='bbox 2856 3815 2924 3865; x_wconf 80' lang='lat' dir='ltr'><strong>ad</strong></span> <span class='ocrx_word' id='word_1_638' title='bbox 2965 3830 3064 3889; x_wconf 76' lang='lat' dir='ltr'><strong>me,</strong></span> <span class='ocrx_word' id='word_1_639' title='bbox 3114 3825 3161 3869; x_wconf 82' lang='lat' dir='ltr'><strong>ct</strong></span> <span class='ocrx_word' id='word_1_640' title='bbox 3210 3827 3483 3871; x_wconf 83' lang='lat' dir='ltr'><strong>convertar</strong></span> <span class='ocrx_word' id='word_1_641' title='bbox 3524 3822 3594 3873; x_wconf 72' lang='lat' dir='ltr'><strong>ed</strong></span> 
     </span>
    </p>
   </div>
   <div class='ocr_carea' id='block_1_89' title="bbox 2024 3902 3595 3976">
    <p class='ocr_par' dir='ltr' id='par_1_89' title="bbox 2024 3902 3595 3976">
     <span class='ocr_line' id='line_1_89' title="bbox 2024 3902 3595 3976; baseline 0.007 -22"><span class='ocrx_word' id='word_1_642' title='bbox 2024 3918 2132 3965; x_wconf 75' lang='lat' dir='ltr'><strong>vos,</strong></span> <span class='ocrx_word' id='word_1_643' title='bbox 2171 3902 2298 3956; x_wconf 85' lang='lat' dir='ltr'><strong>dicit</strong></span> <span class='ocrx_word' id='word_1_644' title='bbox 2330 3902 2585 3959; x_wconf 78' lang='lat' dir='ltr'><strong>Dominus</strong></span> <span class='ocrx_word' id='word_1_645' title='bbox 2622 3906 2969 3972; x_wconf 81' lang='lat' dir='ltr'><strong>omnipotens,</strong></span> <span class='ocrx_word' id='word_1_646' title='bbox 3005 3917 3054 3960; x_wconf 81' lang='lat' dir='ltr'><strong>et</strong></span> <span class='ocrx_word' id='word_1_647' title='bbox 3098 3907 3257 3962; x_wconf 75' lang='lat' dir='ltr'><strong>nolite</strong></span> <span class='ocrx_word' id='word_1_648' title='bbox 3287 3908 3406 3976; x_wconf 73' lang='lat' dir='ltr'><strong>ﬁeri</strong></span> <span class='ocrx_word' id='word_1_649' title='bbox 3457 3912 3595 3965; x_wconf 79' lang='lat' dir='ltr'><strong>sicut</strong></span> 
     </span>
    </p>
   </div>
   <div class='ocr_carea' id='block_1_90' title="bbox 2021 3995 3592 4069">
    <p class='ocr_par' dir='ltr' id='par_1_90' title="bbox 2021 3995 3592 4069">
     <span class='ocr_line' id='line_1_90' title="bbox 2021 3995 3592 4069; baseline 0.005 -24"><span class='ocrx_word' id='word_1_650' title='bbox 2021 4003 2195 4060; x_wconf 80' lang='lat' dir='ltr'><strong>patres</strong></span> <span class='ocrx_word' id='word_1_651' title='bbox 2224 3995 2406 4058; x_wconf 80' lang='lat' dir='ltr'><strong>uestri,</strong></span> <span class='ocrx_word' id='word_1_652' title='bbox 2440 4011 2570 4064; x_wconf 78' lang='lat' dir='ltr'><strong>quos</strong></span> <span class='ocrx_word' id='word_1_653' title='bbox 2598 4007 2885 4064; x_wconf 80' lang='lat' dir='ltr'><strong>arguerunt</strong></span> <span class='ocrx_word' id='word_1_654' title='bbox 2918 4012 3003 4051; x_wconf 80' lang='lat' dir='ltr'><strong>eos</strong></span> <span class='ocrx_word' id='word_1_655' title='bbox 3034 3997 3295 4065; x_wconf 69' lang='lat' dir='ltr'><strong>propheta:</strong></span> <span class='ocrx_word' id='word_1_656' title='bbox 3322 4001 3412 4069; x_wconf 84' lang='lat' dir='ltr'><strong>qui</strong></span> <span class='ocrx_word' id='word_1_657' title='bbox 3446 4002 3592 4068; x_wconf 79' lang='lat' dir='ltr'><strong>prius</strong></span> 
     </span>
    </p>
   </div>
   <div class='ocr_carea' id='block_1_91' title="bbox 2023 4084 3588 4157">
    <p class='ocr_par' dir='ltr' id='par_1_91' title="bbox 2023 4084 3588 4157">
     <span class='ocr_line' id='line_1_91' title="bbox 2023 4084 3588 4157; baseline 0.008 -23"><span class='ocrx_word' id='word_1_658' title='bbox 2023 4084 2256 4150; x_wconf 80' lang='lat' dir='ltr'><strong>fuerunt,</strong></span> <span class='ocrx_word' id='word_1_659' title='bbox 2306 4084 2537 4139; x_wconf 75' lang='lat' dir='ltr'><strong>dicentes</strong></span> <span class='ocrx_word' id='word_1_660' title='bbox 2568 4101 2585 4138; x_wconf 85' lang='lat'><strong>.&#39;</strong></span> <span class='ocrx_word' id='word_1_661' title='bbox 2615 4085 2742 4141; x_wconf 67' lang='lat' dir='ltr'><strong>llazc</strong></span> <span class='ocrx_word' id='word_1_662' title='bbox 2778 4087 2904 4141; x_wconf 85' lang='lat' dir='ltr'><strong>dicit</strong></span> <span class='ocrx_word' id='word_1_663' title='bbox 2956 4088 3207 4141; x_wconf 79' lang='lat' dir='ltr'><strong>Dominus</strong></span> <span class='ocrx_word' id='word_1_664' title='bbox 3248 4092 3588 4157; x_wconf 78' lang='lat' dir='ltr'><strong>omnipotens.</strong></span> 
     </span>
    </p>
   </div>
   <div class='ocr_carea' id='block_1_92' title="bbox 2023 4171 3594 4239">
    <p class='ocr_par' dir='ltr' id='par_1_92' title="bbox 2023 4171 3594 4239">
     <span class='ocr_line' id='line_1_92' title="bbox 2023 4171 3594 4239; baseline 0.008 -14"><span class='ocrx_word' id='word_1_665' title='bbox 2023 4171 2401 4228; x_wconf 70' lang='lat' dir='ltr'><strong>Convertimini</strong></span> <span class='ocrx_word' id='word_1_666' title='bbox 2439 4192 2470 4229; x_wconf 84' lang='grc' dir='ltr'><strong>ιι</strong></span> <span class='ocrx_word' id='word_1_667' title='bbox 2500 4177 2596 4229; x_wconf 77' lang='lat' dir='ltr'><strong>viis</strong></span> <span class='ocrx_word' id='word_1_668' title='bbox 2638 4179 2821 4231; x_wconf 80' lang='lat' dir='ltr'><strong>uestris</strong></span> <span class='ocrx_word' id='word_1_669' title='bbox 2854 4178 3031 4239; x_wconf 82' lang='lat' dir='ltr'><strong>malis,</strong></span> <span class='ocrx_word' id='word_1_670' title='bbox 3074 4188 3125 4231; x_wconf 83' lang='lat' dir='ltr'><strong>et</strong></span> <span class='ocrx_word' id='word_1_671' title='bbox 3168 4180 3232 4231; x_wconf 87' lang='lat' dir='ltr'><strong>ab</strong></span> <span class='ocrx_word' id='word_1_672' title='bbox 3266 4181 3594 4237; x_wconf 69' lang='lat' dir='ltr'><strong>adiuvantia-</strong></span> 
     </span>
    </p>
   </div>
   <div class='ocr_carea' id='block_1_93' title="bbox 2024 4263 3595 4328">
    <p class='ocr_par' dir='ltr' id='par_1_93' title="bbox 2024 4263 3595 4328">
     <span class='ocr_line' id='line_1_93' title="bbox 2024 4263 3595 4328; baseline 0.007 -11"><span class='ocrx_word' id='word_1_673' title='bbox 2024 4263 2174 4317; x_wconf 81' lang='lat' dir='ltr'><strong>nibus</strong></span> <span class='ocrx_word' id='word_1_674' title='bbox 2216 4266 2398 4319; x_wconf 74' lang='lat' dir='ltr'><strong>vestris</strong></span> <span class='ocrx_word' id='word_1_675' title='bbox 2433 4267 2608 4321; x_wconf 83' lang='lat' dir='ltr'><strong>malis.</strong></span> <span class='ocrx_word' id='word_1_676' title='bbox 2654 4267 2716 4319; x_wconf 82' lang='lat' dir='ltr'><strong>Et</strong></span> <span class='ocrx_word' id='word_1_677' title='bbox 2746 4283 2849 4319; x_wconf 83' lang='lat' dir='ltr'><strong>non</strong></span> <span class='ocrx_word' id='word_1_678' title='bbox 2883 4267 3217 4321; x_wconf 79' lang='lat' dir='ltr'><strong>attenderunt</strong></span> <span class='ocrx_word' id='word_1_679' title='bbox 3253 4281 3305 4322; x_wconf 84' lang='lat' dir='ltr'><strong>ut</strong></span> <span class='ocrx_word' id='word_1_680' title='bbox 3351 4273 3595 4328; x_wconf 79' lang='lat' dir='ltr'><strong>audirent</strong></span> 
     </span>
    </p>
   </div>
   <div class='ocr_carea' id='block_1_94' title="bbox 2023 4354 2592 4421">
    <p class='ocr_par' dir='ltr' id='par_1_94' title="bbox 2023 4354 2592 4421">
     <span class='ocr_line' id='line_1_94' title="bbox 2023 4354 2592 4421; baseline 0.007 -14"><span class='ocrx_word' id='word_1_681' title='bbox 2023 4371 2124 4421; x_wconf 73' lang='lat' dir='ltr'><strong>me,</strong></span> <span class='ocrx_word' id='word_1_682' title='bbox 2153 4354 2280 4409; x_wconf 87' lang='lat' dir='ltr'><strong>dicit</strong></span> <span class='ocrx_word' id='word_1_683' title='bbox 2311 4355 2592 4411; x_wconf 79' lang='lat' dir='ltr'><strong>Dominus.</strong></span> 
     </span>
    </p>
   </div>
   <div class='ocr_carea' id='block_1_95' title="bbox 2100 4625 3592 4699">
    <p class='ocr_par' dir='ltr' id='par_1_95' title="bbox 2100 4625 3592 4699">
     <span class='ocr_line' id='line_1_95' title="bbox 2100 4625 3592 4699; baseline 0.007 -22"><span class='ocrx_word' id='word_1_684' title='bbox 2100 4625 2182 4683; x_wconf 93' lang='lat' dir='ltr'><strong>Ill.</strong></span> <span class='ocrx_word' id='word_1_685' title='bbox 2227 4625 2479 4681; x_wconf 79' lang='lat' dir='ltr'><strong>ﬂevecati</strong></span> <span class='ocrx_word' id='word_1_686' title='bbox 2523 4627 2690 4693; x_wconf 89' lang='lat' dir='ltr'><strong>enim,</strong></span> <span class='ocrx_word' id='word_1_687' title='bbox 2725 4634 2787 4682; x_wconf 92' lang='lat' dir='ltr'><strong>ut</strong></span> <span class='ocrx_word' id='word_1_688' title='bbox 2814 4627 2951 4693; x_wconf 80' lang='lat' dir='ltr'><strong>dixi,</strong></span> <span class='ocrx_word' id='word_1_689' title='bbox 2974 4642 3041 4683; x_wconf 79' lang='lat' dir='ltr'><strong>ex</strong></span> <span class='ocrx_word' id='word_1_690' title='bbox 3069 4629 3407 4699; x_wconf 76' lang='lat' dir='ltr'><strong>captivitate,</strong></span> <span class='ocrx_word' id='word_1_691' title='bbox 3451 4642 3505 4687; x_wconf 90' lang='lat' dir='ltr'><strong>et</strong></span> <span class='ocrx_word' id='word_1_692' title='bbox 3540 4635 3592 4689; x_wconf 89' lang='lat' dir='ltr'><strong>in</strong></span> 
     </span>
    </p>
   </div>
   <div class='ocr_carea' id='block_1_96' title="bbox 2024 4717 3597 4789">
    <p class='ocr_par' dir='ltr' id='par_1_96' title="bbox 2024 4717 3597 4789">
     <span class='ocr_line' id='line_1_96' title="bbox 2024 4717 3597 4789; baseline 0.004 -15"><span class='ocrx_word' id='word_1_693' title='bbox 2024 4717 2267 4774; x_wconf 75' lang='lat' dir='ltr'><strong>Judzeam</strong></span> <span class='ocrx_word' id='word_1_694' title='bbox 2298 4718 2541 4781; x_wconf 89' lang='lat' dir='ltr'><strong>reduces,</strong></span> <span class='ocrx_word' id='word_1_695' title='bbox 2580 4719 2633 4773; x_wconf 87' lang='lat' dir='ltr'><strong>in</strong></span> <span class='ocrx_word' id='word_1_696' title='bbox 2660 4718 3002 4789; x_wconf 76' lang='lat' dir='ltr'><strong>exsequenda</strong></span> <span class='ocrx_word' id='word_1_697' title='bbox 3031 4719 3127 4775; x_wconf 88' lang='lat' dir='ltr'><strong>Dei</strong></span> <span class='ocrx_word' id='word_1_698' title='bbox 3156 4720 3429 4779; x_wconf 80' lang='lat' dir='ltr'><strong>voluntate</strong></span> <span class='ocrx_word' id='word_1_699' title='bbox 3454 4724 3597 4780; x_wconf 83' lang='lat' dir='ltr'><strong>desi-</strong></span> 
     </span>
    </p>
   </div>
   <div class='ocr_carea' id='block_1_97' title="bbox 2027 4809 3589 4882">
    <p class='ocr_par' dir='ltr' id='par_1_97' title="bbox 2027 4809 3589 4882">
     <span class='ocr_line' id='line_1_97' title="bbox 2027 4809 3589 4882; baseline 0.004 -19"><span class='ocrx_word' id='word_1_700' title='bbox 2027 4811 2121 4863; x_wconf 89' lang='lat' dir='ltr'><strong>des</strong></span> <span class='ocrx_word' id='word_1_701' title='bbox 2149 4821 2471 4876; x_wconf 84' lang='lat' dir='ltr'><strong>evaserunt;</strong></span> <span class='ocrx_word' id='word_1_702' title='bbox 2508 4820 2561 4865; x_wconf 90' lang='lat' dir='ltr'><strong>et</strong></span> <span class='ocrx_word' id='word_1_703' title='bbox 2603 4809 2744 4866; x_wconf 90' lang='lat' dir='ltr'><strong>idola</strong></span> <span class='ocrx_word' id='word_1_704' title='bbox 2771 4811 2987 4882; x_wconf 88' lang='lat' dir='ltr'><strong>quidem</strong></span> <span class='ocrx_word' id='word_1_705' title='bbox 3022 4820 3134 4867; x_wconf 89' lang='lat' dir='ltr'><strong>tum</strong></span> <span class='ocrx_word' id='word_1_706' title='bbox 3178 4827 3283 4868; x_wconf 86' lang='lat' dir='ltr'><strong>non</strong></span> <span class='ocrx_word' id='word_1_707' title='bbox 3322 4816 3589 4879; x_wconf 88' lang='lat' dir='ltr'><strong>colebant,</strong></span> 
     </span>
    </p>
   </div>
   <div class='ocr_carea' id='block_1_98' title="bbox 2025 4905 3591 4976">
    <p class='ocr_par' dir='ltr' id='par_1_98' title="bbox 2025 4905 3591 4976">
     <span class='ocr_line' id='line_1_98' title="bbox 2025 4905 3591 4976; baseline 0.003 -15"><span class='ocrx_word' id='word_1_708' title='bbox 2025 4920 2198 4976; x_wconf 87' lang='lat' dir='ltr'><strong>neque</strong></span> <span class='ocrx_word' id='word_1_709' title='bbox 2228 4906 2412 4961; x_wconf 91' lang='lat' dir='ltr'><strong>seduci</strong></span> <span class='ocrx_word' id='word_1_710' title='bbox 2442 4920 2520 4969; x_wconf 81' lang='lat' dir='ltr'><strong>se,</strong></span> <span class='ocrx_word' id='word_1_711' title='bbox 2554 4916 2612 4960; x_wconf 92' lang='lat' dir='ltr'><strong>ut</strong></span> <span class='ocrx_word' id='word_1_712' title='bbox 2633 4906 2785 4969; x_wconf 87' lang='lat' dir='ltr'><strong>olim.</strong></span> <span class='ocrx_word' id='word_1_713' title='bbox 2817 4905 3191 4976; x_wconf 88' lang='lat' dir='ltr'><strong>patiebantur:</strong></span> <span class='ocrx_word' id='word_1_714' title='bbox 3224 4918 3591 4965; x_wconf 82' lang='lat' dir='ltr'><strong>verumtamen</strong></span> 
     </span>
    </p>
   </div>
   <div class='ocr_carea' id='block_1_99' title="bbox 2025 4997 3590 5067">
    <p class='ocr_par' dir='ltr' id='par_1_99' title="bbox 2025 4997 3590 5067">
     <span class='ocr_line' id='line_1_99' title="bbox 2025 4997 3590 5067; baseline 0.004 -17"><span class='ocrx_word' id='word_1_715' title='bbox 2025 4997 2144 5053; x_wconf 84' lang='lat' dir='ltr'><strong>aliis</strong></span> <span class='ocrx_word' id='word_1_716' title='bbox 2186 4998 2358 5053; x_wconf 90' lang='lat' dir='ltr'><strong>modis</strong></span> <span class='ocrx_word' id='word_1_717' title='bbox 2406 5012 2498 5054; x_wconf 89' lang='lat' dir='ltr'><strong>eos</strong></span> <span class='ocrx_word' id='word_1_718' title='bbox 2546 4999 2711 5052; x_wconf 91' lang='lat' dir='ltr'><strong>Deum</strong></span> <span class='ocrx_word' id='word_1_719' title='bbox 2745 4998 2811 5051; x_wconf 89' lang='lat' dir='ltr'><strong>ad</strong></span> <span class='ocrx_word' id='word_1_720' title='bbox 2858 4998 2991 5051; x_wconf 87' lang='lat' dir='ltr'><strong>iram</strong></span> <span class='ocrx_word' id='word_1_721' title='bbox 3043 5012 3336 5067; x_wconf 82' lang='lat' dir='ltr'><strong>provocare</strong></span> <span class='ocrx_word' id='word_1_722' title='bbox 3384 5011 3590 5056; x_wconf 85' lang='lat' dir='ltr'><strong>certum</strong></span> 
     </span>
    </p>
   </div>
   <div class='ocr_carea' id='block_1_100' title="bbox 321 5078 1919 5153">
    <p class='ocr_par' dir='ltr' id='par_1_100' title="bbox 321 5078 1919 5153">
     <span class='ocr_line' id='line_1_100' title="bbox 321 5078 1919 5153; baseline -0.004 -15"><span class='ocrx_word' id='word_1_723' title='bbox 321 5081 699 5153; x_wconf 82' lang='grc' dir='ltr'>τρόπους.Ὢς</span> <span class='ocrx_word' id='word_1_724' title='bbox 742 5081 851 5153; x_wconf 84' lang='grc' dir='ltr'><strong>γάρ</strong></span> <span class='ocrx_word' id='word_1_725' title='bbox 894 5083 952 5134; x_wconf 76' lang='grc' dir='ltr'>ἐν</span> <span class='ocrx_word' id='word_1_726' title='bbox 996 5080 1075 5150; x_wconf 79' lang='grc' dir='ltr'>τῷ</span> <span class='ocrx_word' id='word_1_727' title='bbox 1098 5080 1300 5151; x_wconf 74' lang='grc' dir='ltr'>Ἔσδρᾳ</span> <span class='ocrx_word' id='word_1_728' title='bbox 1333 5079 1658 5151; x_wconf 79' lang='grc' dir='ltr'>γέγραπται,</span> <span class='ocrx_word' id='word_1_729' title='bbox 1694 5078 1789 5131; x_wconf 79' lang='grc' dir='ltr'>καὶ</span> <span class='ocrx_word' id='word_1_730' title='bbox 1822 5096 1919 5146; x_wconf 79' lang='grc' dir='ltr'>γυο</span> 
     </span>
    </p>
   </div>
   <div class='ocr_carea' id='block_1_101' title="bbox 322 5169 1920 5243">
    <p class='ocr_par' dir='ltr' id='par_1_101' title="bbox 322 5169 1920 5243">
     <span class='ocr_line' id='line_1_101' title="bbox 322 5169 1920 5243; baseline -0.006 -12"><span class='ocrx_word' id='word_1_731' title='bbox 322 5174 515 5237; x_wconf 84' lang='grc' dir='ltr'>ναίοις</span> <span class='ocrx_word' id='word_1_732' title='bbox 562 5172 881 5242; x_wconf 77' lang='grc' dir='ltr'>ἀλλοφύλοις</span> <span class='ocrx_word' id='word_1_733' title='bbox 927 5172 1348 5243; x_wconf 75' lang='grc' dir='ltr'>ἐπιμεμίγοντο·</span> <span class='ocrx_word' id='word_1_734' title='bbox 1407 5170 1502 5224; x_wconf 79' lang='grc' dir='ltr'>καὶ</span> <span class='ocrx_word' id='word_1_735' title='bbox 1549 5170 1649 5232; x_wconf 81' lang='grc' dir='ltr'>τὰς</span> <span class='ocrx_word' id='word_1_736' title='bbox 1694 5171 1759 5223; x_wconf 81' lang='grc' dir='ltr'>ὲκ</span> <span class='ocrx_word' id='word_1_737' title='bbox 1812 5169 1920 5223; x_wconf 87' lang='grc' dir='ltr'><strong>τῶν</strong></span> 
     </span>
    </p>
   </div>
   <div class='ocr_carea' id='block_1_102' title="bbox 319 5254 1912 5343">
    <p class='ocr_par' dir='ltr' id='par_1_102' title="bbox 319 5254 1912 5343">
     <span class='ocr_line' id='line_1_102' title="bbox 319 5254 1912 5343; baseline -0.006 -17"><span class='ocrx_word' id='word_1_738' title='bbox 319 5270 555 5343; x_wconf 77' lang='grc' dir='ltr'>ὁμόρων</span> <span class='ocrx_word' id='word_1_739' title='bbox 591 5267 759 5321; x_wconf 77' lang='grc' dir='ltr'>ἐθνῶν</span> <span class='ocrx_word' id='word_1_740' title='bbox 796 5267 1235 5337; x_wconf 87' lang='grc' dir='ltr'>εἰσοικισάμενοι,</span> <span class='ocrx_word' id='word_1_741' title='bbox 1263 5266 1465 5319; x_wconf 77' lang='grc' dir='ltr'>τέκνων</span> <span class='ocrx_word' id='word_1_742' title='bbox 1484 5254 1777 5335; x_wconf 77' lang='grc' dir='ltr'>ἀλλοτρίων</span> <span class='ocrx_word' id='word_1_743' title='bbox 1805 5280 1912 5317; x_wconf 89' lang='grc' dir='ltr'>πα-</span> 
     </span>
    </p>
   </div>
   <div class='ocr_carea' id='block_1_103' title="bbox 317 5358 1912 5433">
    <p class='ocr_par' dir='ltr' id='par_1_103' title="bbox 317 5358 1912 5433">
     <span class='ocr_line' id='line_1_103' title="bbox 317 5358 1912 5433; baseline -0.005 -16"><span class='ocrx_word' id='word_1_744' title='bbox 317 5363 494 5433; x_wconf 82' lang='grc' dir='ltr'>τέρες</span> <span class='ocrx_word' id='word_1_745' title='bbox 528 5360 805 5430; x_wconf 85' lang='grc' dir='ltr'>γεγόνασι,</span> <span class='ocrx_word' id='word_1_746' title='bbox 834 5360 1012 5415; x_wconf 84' lang='grc' dir='ltr'>καίτοι</span> <span class='ocrx_word' id='word_1_747' title='bbox 1056 5359 1152 5414; x_wconf 85' lang='grc' dir='ltr'><strong>τοῦ</strong></span> <span class='ocrx_word' id='word_1_748' title='bbox 1201 5359 1366 5431; x_wconf 85' lang='grc' dir='ltr'>νόμου</span> <span class='ocrx_word' id='word_1_749' title='bbox 1398 5358 1460 5411; x_wconf 82' lang='grc' dir='ltr'>τὸ</span> <span class='ocrx_word' id='word_1_750' title='bbox 1501 5360 1691 5429; x_wconf 84' lang='grc' dir='ltr'>χρῆμα</span> <span class='ocrx_word' id='word_1_751' title='bbox 1729 5358 1912 5421; x_wconf 78' lang='grc' dir='ltr'>αὐτοῖς</span> 
     </span>
    </p>
   </div>
   <div class='ocr_carea' id='block_1_104' title="bbox 318 5448 1911 5522">
    <p class='ocr_par' dir='ltr' id='par_1_104' title="bbox 318 5448 1911 5522">
     <span class='ocr_line' id='line_1_104' title="bbox 318 5448 1911 5522; baseline -0.003 -15"><span class='ocrx_word' id='word_1_752' title='bbox 318 5455 401 5517; x_wconf 85' lang='grc' dir='ltr'>ὡς</span> <span class='ocrx_word' id='word_1_753' title='bbox 444 5451 683 5505; x_wconf 77' lang='grc' dir='ltr'>ἔκτοπον</span> <span class='ocrx_word' id='word_1_754' title='bbox 735 5452 1165 5520; x_wconf 80' lang='grc' dir='ltr'>ἀποφάσκοντος.</span> <span class='ocrx_word' id='word_1_755' title='bbox 1200 5450 1559 5522; x_wconf 80' lang='grc' dir='ltr'>Κατημέλουν</span> <span class='ocrx_word' id='word_1_756' title='bbox 1600 5448 1657 5502; x_wconf 81' lang='grc' dir='ltr'>δὲ</span> <span class='ocrx_word' id='word_1_757' title='bbox 1696 5451 1788 5502; x_wconf 72' lang='grc' dir='ltr'>καὶ</span> <span class='ocrx_word' id='word_1_758' title='bbox 1817 5448 1911 5503; x_wconf 85' lang='grc' dir='ltr'><strong>τοῦ</strong></span> 
     </span>
    </p>
   </div>
   <div class='ocr_carea' id='block_1_105' title="bbox 317 5540 1911 5616">
    <p class='ocr_par' dir='ltr' id='par_1_105' title="bbox 317 5540 1911 5616">
     <span class='ocr_line' id='line_1_105' title="bbox 317 5540 1911 5616; baseline -0.003 -18"><span class='ocrx_word' id='word_1_759' title='bbox 317 5544 512 5599; x_wconf 79' lang='grc' dir='ltr'>τελεῖν</span> <span class='ocrx_word' id='word_1_760' title='bbox 561 5542 772 5614; x_wconf 76' lang='grc' dir='ltr'>ἑορτὰς,</span> <span class='ocrx_word' id='word_1_761' title='bbox 805 5542 899 5597; x_wconf 82' lang='grc' dir='ltr'>καὶ</span> <span class='ocrx_word' id='word_1_762' title='bbox 949 5541 1191 5616; x_wconf 89' lang='grc' dir='ltr'>πληροῦν</span> <span class='ocrx_word' id='word_1_763' title='bbox 1243 5541 1452 5604; x_wconf 83' lang='grc' dir='ltr'>θυσίας,</span> <span class='ocrx_word' id='word_1_764' title='bbox 1498 5542 1591 5593; x_wconf 75' lang='grc' dir='ltr'>καὶ</span> <span class='ocrx_word' id='word_1_765' title='bbox 1654 5540 1761 5611; x_wconf 81' lang='grc' dir='ltr'>μὴν</span> <span class='ocrx_word' id='word_1_766' title='bbox 1819 5540 1911 5593; x_wconf 69' lang='grc' dir='ltr'>καὶ</span> 
     </span>
    </p>
   </div>
   <div class='ocr_carea' id='block_1_106' title="bbox 2023 5087 3590 5158">
    <p class='ocr_par' dir='ltr' id='par_1_106' title="bbox 2023 5087 3590 5158">
     <span class='ocr_line' id='line_1_106' title="bbox 2023 5087 3590 5158; baseline -0.001 -14"><span class='ocrx_word' id='word_1_767' title='bbox 2023 5098 2161 5144; x_wconf 85' lang='lat' dir='ltr'><strong>erat.</strong></span> <span class='ocrx_word' id='word_1_768' title='bbox 2202 5088 2358 5154; x_wconf 80' lang='lat' dir='ltr'><strong>Nam,</strong></span> <span class='ocrx_word' id='word_1_769' title='bbox 2410 5098 2463 5141; x_wconf 92' lang='lat' dir='ltr'><strong>ut</strong></span> <span class='ocrx_word' id='word_1_770' title='bbox 2513 5088 2565 5142; x_wconf 90' lang='lat' dir='ltr'><strong>in</strong></span> <span class='ocrx_word' id='word_1_771' title='bbox 2614 5088 2783 5142; x_wconf 85' lang='lat' dir='ltr'><strong>Esdra</strong></span> <span class='ocrx_word' id='word_1_772' title='bbox 2825 5087 3054 5158; x_wconf 83' lang='lat' dir='ltr'><strong>legimus</strong></span> <span class='ocrx_word' id='word_1_773' title='bbox 3074 5087 3116 5154; x_wconf 73' lang='grc'>⁸,</span> <span class='ocrx_word' id='word_1_774' title='bbox 3160 5098 3217 5144; x_wconf 91' lang='lat' dir='ltr'><strong>et</strong></span> <span class='ocrx_word' id='word_1_775' title='bbox 3258 5089 3590 5144; x_wconf 82' lang='lat' dir='ltr'><strong>mulierculis</strong></span> 
     </span>
    </p>
   </div>
   <div class='ocr_carea' id='block_1_107' title="bbox 2023 5176 3589 5247">
    <p class='ocr_par' dir='ltr' id='par_1_107' title="bbox 2023 5176 3589 5247">
     <span class='ocr_line' id='line_1_107' title="bbox 2023 5176 3589 5247; baseline 0.001 -16"><span class='ocrx_word' id='word_1_776' title='bbox 2023 5176 2340 5247; x_wconf 71' lang='lat' dir='ltr'><strong>alienigenis</strong></span> <span class='ocrx_word' id='word_1_777' title='bbox 2378 5191 2438 5232; x_wconf 90' lang='lat' dir='ltr'><strong>se</strong></span> <span class='ocrx_word' id='word_1_778' title='bbox 2474 5178 2958 5243; x_wconf 86' lang='lat' dir='ltr'><strong>commiscuerant;</strong></span> <span class='ocrx_word' id='word_1_779' title='bbox 3004 5177 3463 5246; x_wconf 78' lang='lat' dir='ltr'><strong>ﬁnitimorumque</strong></span> <span class='ocrx_word' id='word_1_780' title='bbox 3493 5180 3589 5232; x_wconf 89' lang='lat' dir='ltr'><strong>du-</strong></span> 
     </span>
    </p>
   </div>
   <div class='ocr_carea' id='block_1_108' title="bbox 2023 5268 3589 5340">
    <p class='ocr_par' dir='ltr' id='par_1_108' title="bbox 2023 5268 3589 5340">
     <span class='ocr_line' id='line_1_108' title="bbox 2023 5268 3589 5340; baseline 0 -16"><span class='ocrx_word' id='word_1_781' title='bbox 2023 5270 2124 5324; x_wconf 90' lang='lat' dir='ltr'><strong>ctis</strong></span> <span class='ocrx_word' id='word_1_782' title='bbox 2159 5268 2391 5333; x_wconf 82' lang='lat' dir='ltr'><strong>ﬁliabus,</strong></span> <span class='ocrx_word' id='word_1_783' title='bbox 2425 5268 2622 5324; x_wconf 89' lang='lat' dir='ltr'><strong>liberos</strong></span> <span class='ocrx_word' id='word_1_784' title='bbox 2666 5270 2874 5325; x_wconf 86' lang='lat' dir='ltr'><strong>alienos</strong></span> <span class='ocrx_word' id='word_1_785' title='bbox 2914 5280 3232 5340; x_wconf 86' lang='lat' dir='ltr'><strong>genueram,</strong></span> <span class='ocrx_word' id='word_1_786' title='bbox 3285 5271 3495 5325; x_wconf 88' lang='lat' dir='ltr'><strong>tametsi</strong></span> <span class='ocrx_word' id='word_1_787' title='bbox 3537 5271 3589 5324; x_wconf 83' lang='lat' dir='ltr'><strong>id</strong></span> 
     </span>
    </p>
   </div>
   <div class='ocr_carea' id='block_1_109' title="bbox 2022 5360 3587 5431">
    <p class='ocr_par' dir='ltr' id='par_1_109' title="bbox 2022 5360 3587 5431">
     <span class='ocr_line' id='line_1_109' title="bbox 2022 5360 3587 5431; baseline 0.001 -17"><span class='ocrx_word' id='word_1_788' title='bbox 2022 5360 2105 5415; x_wconf 78' lang='lat' dir='ltr'><strong>lex</strong></span> <span class='ocrx_word' id='word_1_789' title='bbox 2139 5371 2195 5414; x_wconf 93' lang='lat' dir='ltr'><strong>ut</strong></span> <span class='ocrx_word' id='word_1_790' title='bbox 2246 5362 2396 5415; x_wconf 72' lang='lat' dir='ltr'><strong>nefas</strong></span> <span class='ocrx_word' id='word_1_791' title='bbox 2450 5361 2580 5431; x_wconf 78' lang='lat' dir='ltr'><strong>ipsis</strong></span> <span class='ocrx_word' id='word_1_792' title='bbox 2612 5362 3015 5417; x_wconf 84' lang='lat' dir='ltr'><strong>interdiceret&#39;.</strong></span> <span class='ocrx_word' id='word_1_793' title='bbox 3063 5361 3413 5431; x_wconf 77' lang='lat' dir='ltr'><strong>Negligehant</strong></span> <span class='ocrx_word' id='word_1_794' title='bbox 3461 5364 3587 5416; x_wconf 89' lang='lat' dir='ltr'><strong>item</strong></span> 
     </span>
    </p>
   </div>
   <div class='ocr_carea' id='block_1_110' title="bbox 2021 5452 3587 5523">
    <p class='ocr_par' dir='ltr' id='par_1_110' title="bbox 2021 5452 3587 5523">
     <span class='ocr_line' id='line_1_110' title="bbox 2021 5452 3587 5523; baseline 0.001 -18"><span class='ocrx_word' id='word_1_795' title='bbox 2021 5452 2136 5505; x_wconf 79' lang='lat' dir='ltr'><strong>dies</strong></span> <span class='ocrx_word' id='word_1_796' title='bbox 2176 5452 2363 5514; x_wconf 78' lang='lat' dir='ltr'><strong>festos,</strong></span> <span class='ocrx_word' id='word_1_797' title='bbox 2412 5460 2465 5506; x_wconf 84' lang='lat' dir='ltr'><strong>et</strong></span> <span class='ocrx_word' id='word_1_798' title='bbox 2499 5452 2787 5517; x_wconf 73' lang='lat' dir='ltr'><strong>sacrificia,</strong></span> <span class='ocrx_word' id='word_1_799' title='bbox 2821 5464 2873 5506; x_wconf 85' lang='lat' dir='ltr'><strong>et</strong></span> <span class='ocrx_word' id='word_1_800' title='bbox 2921 5455 2986 5506; x_wconf 84' lang='lat' dir='ltr'><strong>ad</strong></span> <span class='ocrx_word' id='word_1_801' title='bbox 3038 5454 3278 5506; x_wconf 83' lang='lat' dir='ltr'><strong>divinum</strong></span> <span class='ocrx_word' id='word_1_802' title='bbox 3330 5452 3587 5523; x_wconf 85' lang='lat' dir='ltr'><strong>templum</strong></span> 
     </span>
    </p>
   </div>
   <div class='ocr_carea' id='block_1_111' title="bbox 2023 5543 3591 5614">
    <p class='ocr_par' dir='ltr' id='par_1_111' title="bbox 2023 5543 3591 5614">
     <span class='ocr_line' id='line_1_111' title="bbox 2023 5543 3591 5614; baseline 0.001 -17"><span class='ocrx_word' id='word_1_803' title='bbox 2023 5543 2454 5597; x_wconf 73' lang='lat' dir='ltr'><strong>rcmdilicandum</strong></span> <span class='ocrx_word' id='word_1_804' title='bbox 2503 5546 2803 5613; x_wconf 86' lang='lat' dir='ltr'><strong>torpebant.</strong></span> <span class='ocrx_word' id='word_1_805' title='bbox 2856 5543 3079 5606; x_wconf 81' lang='lat' dir='ltr'><strong>Idcirco,</strong></span> <span class='ocrx_word' id='word_1_806' title='bbox 3127 5544 3267 5595; x_wconf 89' lang='lat' dir='ltr'><strong>sicut</strong></span> <span class='ocrx_word' id='word_1_807' title='bbox 3301 5544 3351 5597; x_wconf 91' lang='lat' dir='ltr'><strong>iu</strong></span> <span class='ocrx_word' id='word_1_808' title='bbox 3394 5544 3591 5614; x_wconf 75' lang='lat' dir='ltr'><strong>Aggan</strong></span> 
     </span>
    </p>
   </div>
   <div class='ocr_carea' id='block_1_112' title="bbox 397 5718 3052 5789">
    <p class='ocr_par' dir='ltr' id='par_1_112' title="bbox 397 5718 3052 5789">
     <span class='ocr_line' id='line_1_112' title="bbox 397 5718 3052 5789; baseline -0.002 -12"><span class='ocrx_word' id='word_1_809' title='bbox 397 5726 415 5758; x_wconf 72' lang='grc' dir='ltr'><strong>ί</strong></span> <span class='ocrx_word' id='word_1_810' title='bbox 455 5722 650 5777; x_wconf 70' lang='lat' dir='ltr'><strong>Mauh.</strong></span> <span class='ocrx_word' id='word_1_811' title='bbox 681 5736 833 5789; x_wconf 78' lang='lat' dir='ltr'><strong>um,</strong></span> <span class='ocrx_word' id='word_1_812' title='bbox 866 5722 953 5777; x_wconf 80' lang='lat'><strong>37.</strong></span> <span class='ocrx_word' id='word_1_813' title='bbox 1032 5723 1049 5752; x_wconf 81' lang='grc'><strong><em>⁸</em></strong></span> <span class='ocrx_word' id='word_1_814' title='bbox 1084 5722 1101 5773; x_wconf 89' lang='lat' dir='ltr'><strong>l</strong></span> <span class='ocrx_word' id='word_1_815' title='bbox 1136 5720 1257 5775; x_wconf 88' lang='lat' dir='ltr'><strong>Cor.</strong></span> <span class='ocrx_word' id='word_1_816' title='bbox 1292 5737 1351 5785; x_wconf 83' lang='grc' dir='ltr'><strong>ιι,</strong></span> <span class='ocrx_word' id='word_1_817' title='bbox 1389 5722 1440 5775; x_wconf 84' lang='lat'><strong>8.</strong></span> <span class='ocrx_word' id='word_1_818' title='bbox 1523 5721 1539 5750; x_wconf 86' lang='grc'>³</span> <span class='ocrx_word' id='word_1_819' title='bbox 1572 5723 1704 5777; x_wconf 87' lang='lat' dir='ltr'><strong>Osee</strong></span> <span class='ocrx_word' id='word_1_820' title='bbox 1748 5736 1825 5787; x_wconf 85' lang='lat' dir='ltr'><strong>tu,</strong></span> <span class='ocrx_word' id='word_1_821' title='bbox 1856 5719 1908 5776; x_wconf 66' lang='grc'>4.</span> <span class='ocrx_word' id='word_1_822' title='bbox 1988 5720 2005 5752; x_wconf 73' lang='grc'>⁸</span> <span class='ocrx_word' id='word_1_823' title='bbox 2042 5718 2060 5773; x_wconf 81' lang='grc' dir='ltr'><strong>ι</strong></span> <span class='ocrx_word' id='word_1_824' title='bbox 2094 5720 2244 5776; x_wconf 82' lang='lat' dir='ltr'><strong>Esdr.</strong></span> <span class='ocrx_word' id='word_1_825' title='bbox 2276 5736 2349 5787; x_wconf 73' lang='lat' dir='ltr'><strong>is,</strong></span> <span class='ocrx_word' id='word_1_826' title='bbox 2374 5720 2427 5776; x_wconf 70' lang='lat'><strong>2.</strong></span> <span class='ocrx_word' id='word_1_827' title='bbox 2505 5720 2527 5752; x_wconf 86' lang='grc'><strong><em>⁸</em></strong></span> <span class='ocrx_word' id='word_1_828' title='bbox 2555 5718 2720 5775; x_wconf 75' lang='lat' dir='ltr'><strong>Exod.</strong></span> <span class='ocrx_word' id='word_1_829' title='bbox 2753 5732 2936 5781; x_wconf 75' lang='lat' dir='ltr'><strong>xxxiv,</strong></span> <span class='ocrx_word' id='word_1_830' title='bbox 2971 5719 3052 5771; x_wconf 86' lang='lat' dir='ltr'><strong>l6.</strong></span> 
     </span>
    </p>
   </div>
  </div>
