4120 6550
505 353 578 412 15
1487 359 1553 413 S.
1582 354 1867 414 "CYNLLI
1910 358 2375 414 ALEXANDlllNl
2418 361 2738 419 AliClllEP.
3696 376 3755 427 l6

508 466 769 540 scriptum
813 476 934 524 est:
969 488 987 522 ι
1018 466 1293 528 Percussit
1339 484 1432 525 eos
1481 474 1533 525 in
1575 473 1882 537 sterilitate,
1933 485 1984 526 et
2030 474 2076 526 in

2187 475 2494 546 ἀπρόθυμοι
2526 480 2653 548 περὶ
2683 481 2742 531 τὸ
2778 481 2886 533 δεῖν
2917 483 3307 552 ἀναδείμασθαι
3334 483 3421 534 τὸν
3458 482 3599 533 θεῖον
3634 485 3757 535 ναδν

496 559 858 630 corruptione
889 560 1053 625 aeris,
1088 570 1142 615 et
1176 562 1231 618 in
1261 564 1522 631 grandine
1556 564 1738 617 omnia
1782 578 1946 631 Opera
1987 578 2079 619 eo-

512 666 656 705 rum.
686 650 754 705 Et
788 650 1077 707 mittebant
1117 652 1171 708 in
1215 654 1450 708 modium
1494 654 1686 709 hordei
1716 655 1905 723 viginti
1939 663 2079 719 sata,

508 750 567 797 et
610 740 752 796 facta
797 751 927 797 sunt
967 741 1179 799 decem.
1228 742 1297 797 Et
1340 744 1789 813 ingrediebantur
1826 754 2081 814 praeterea

509 832 754 891 torcular
792 832 1013 888 haurire
1036 833 1425 903 quinquaginta
1482 835 1791 904 amphoras,
1844 828 1900 889 et
1926 834 2081 889 factm

510 931 638 977 sunt
672 922 860 993 viginti
884 924 928 976 ⁸.
963 942 981 975 ι
1028 923 1307 978 Promittit
1351 924 1515 993 igitur
1559 924 1686 990 illis,
1732 924 1777 979 si
1823 923 2080 978 virtutem

511 1012 712 1075 colere,
764 1019 818 1064 et
870 1012 1114 1067 converti
1166 1013 1234 1066 ad
1286 1013 1462 1082 ipsum
1518 1026 1622 1067 non
1688 1011 2079 1075 recusaverint,

498 1102 721 1171 agendo
761 1116 881 1173 quae
939 1101 1043 1172 ipsi
1096 1101 1294 1170 placita
1351 1110 1409 1157 et
1466 1112 1623 1172 grata
1671 1105 1802 1169 sint,
1854 1110 1982 1156 tunc
2022 1115 2081 1155 se

510 1204 725 1260 quoque
773 1191 841 1247 ad
881 1192 1027 1261 ipsos
1070 1206 1488 1256 conversurum.
1525 1191 1633 1248 hoc
1681 1203 1764 1248 est
1796 1192 1866 1247 ab
1897 1193 1978 1247 ira
2026 1193 2078 1245 in

515 1281 640 1335 illos
684 1291 1130 1351 temperaturum,
1163 1291 1219 1337 et
1253 1282 1688 1339 misericordiam
1722 1284 1898 1339 denuo
1926 1284 2082 1337 adhi-

512 1369 771 1426 biturum.
830 1369 992 1426 Vetat
1062 1380 1241 1428 autem
1306 1386 1401 1427 eos
1454 1373 1757 1441 perniciosa
1817 1375 2079 1443 majorum

511 1462 752 1531 exempla
800 1463 974 1531 sequi,
1030 1476 1168 1532 quos
1216 1462 1336 1533 ipse
1386 1478 1482 1532 per
1529 1472 1747 1521 sanctos
1792 1467 2083 1534 prophetas

512 1565 639 1606 suos
680 1565 1050 1620 saepenumero
1088 1554 1404 1610 cohortatus
1452 1554 1543 1621 sit,
1586 1566 1641 1611 et
1681 1559 1749 1611 ad
1798 1558 2081 1611 indecoras

511 1641 753 1697 actiones
774 1641 1105 1698 deserendas
1131 1643 1329 1698 blande
1352 1644 1614 1710 invitarit,
1642 1662 1947 1716 quanquam
1975 1646 2082 1702 illis

513 1742 692 1786 autem
729 1732 953 1787 minime
976 1735 1515 1790 accommodantibus
1546 1737 1681 1791 nihil
1712 1738 1924 1805 penitus
1960 1753 2081 1807 pro-

2181 567 2464 633 γεγονότες
2495 568 2797 637 ἡλίσκοντο.
2832 572 3126 643 Ταύτῃτοι,
3166 572 3416 642 καθάπερ
3448 575 3506 624 ἐν
3531 572 3610 644 τῷ
3634 576 3761 640 Ἀγ-

2179 657 2321 727 γαίῳ
2348 659 2689 729 γέγραπταιο
2726 678 2744 710 ι
2767 662 3066 728 Ἐπάταξεν
3093 662 3288 724 αὐτοὺς
3317 663 3374 713 ἐν
3404 663 3627 733 ἀφορίᾳ,
3667 682 3759 715 και

2179 747 2569 820 ἀνεμοφθορίᾳ,
2606 751 2700 803 καὶ
2742 752 2800 803 ἐν
2840 752 3051 825 χαλάζῃ
3082 754 3259 806 πάντα
3285 753 3353 806 τά
3380 752 3516 823 ἔργα
3555 754 3755 808 αὐτῶν.

2179 838 2291 891 Καὶ
2338 836 2588 893 ἐνέϐαλον
2634 842 2730 911 μὲν
2775 844 2853 906 είς
2899 843 3140 913 κυψέλην
3170 844 3364 913 κριθῆς
3393 843 3564 897 εἴκοσι
3597 844 3755 906 σάτα,

2180 928 2274 980 καὶ
2311 926 2549 996 ἐγίνοντο
2592 927 2743 984 δέκα.
2778 930 3199 1001 Είσεπορεύοντο
3231 931 3287 983 δέ
3317 931 3410 983 καὶ
3447 931 3605 985 πάλιν
3661 934 3757 984 ἀν-

2179 1016 2374 1087 τλῆσαι
2407 1018 2742 1088 πεντήκοντα
2787 1019 3080 1089 μετρητὰς,
3119 1020 3212 1071 καὶ
3244 1019 3487 1086 ἐγίνοντο
3518 1022 3708 1074 εἴκοσι.
3736 1042 3751 1071 ι

2192 1106 2613 1176 Ἐπαγγέλλεται
2638 1107 2816 1161 τοίνυν
2847 1110 3051 1173 αὐτοῖς,
3078 1109 3153 1172 ὡς
3181 1111 3231 1162 εί
3262 1109 3469 1162 ἕλοιντο
3501 1126 3760 1179 μεταφοι-

2161 1199 2277 1268 ντᾷν
2310 1199 2389 1261 είς
2420 1198 2481 1251 τὸ
2506 1198 2749 1269 ἄμεινον,
2782 1201 2876 1253 καὶ
2906 1200 3257 1272 ἐπιστρέφειν
3291 1200 3427 1271 πρὸς
3461 1202 3642 1266 αὑτὸν,
3671 1203 3758 1255 διὰ

2175 1288 2271 1342 τοῦ
2303 1290 2434 1361 δρᾷν
2466 1290 2684 1346 ἑλέσθαι
2724 1292 2793 1343 τὰ
2839 1291 2988 1361 αὐτῷ
3026 1291 3286 1344 δοκοῦντα
3333 1292 3426 1345 καὶ
3459 1293 3607 1360 φίλα.
3635 1294 3755 1346 τότε

2177 1380 2273 1432 καὶ⁸
2306 1378 2466 1443 αὐτὸς
2497 1380 2812 1452 ἐπιστρέψει
2842 1381 2980 1452 πρὸς
3005 1382 3220 1445 αὐτοὺς,
3250 1383 3528 1435 τουτέστιν
3558 1383 3756 1450 ἀφέξε-

2177 1486 2267 1523 ται
2315 1470 2413 1540 τῆς
2455 1470 2542 1523 ἐπ’
2568 1471 2766 1535 αὐτοὺς
2811 1471 3001 1542 ὀργῆς,
3037 1472 3132 1524 καὶ
3164 1472 3589 1543 παλινδρομήσει
3620 1475 3757 1543 πρὸς

2178 1560 2695 1629 έλεον.“Αποφάσκει
2742 1579 2811 1631 γε
2864 1564 2971 1633 μὴν
3014 1563 3089 1625 ὡς
3130 1562 3352 1634 ὀλέθρου
3396 1563 3654 1634 πρόξενον
3698 1566 3756 1616 τὸ

2178 1651 2393 1706 ἑλέσθαι
2412 1652 2607 1723 ζηλοῦν
2630 1654 2755 1717 τοὺς
2776 1655 2879 1725 πρὸ
2907 1654 3084 1706 αὐτῶν
3106 1655 3411 1722 γεγονότας,
3430 1651 3511 1718 οἷς
3529 1655 3753 1725 πλείστη

2182 1742 2278 1811 μὲν
2305 1742 2406 1811 ὅση
2431 1742 2611 1796 δέδοτο
2636 1743 2765 1815 παρ’
2801 1744 2968 1797 αὑτοῦ
2992 1745 3080 1799 διὰ
3112 1744 3222 1799 τῶν
3253 1746 3423 1813 ἁγίων
3460 1748 3755 1818 προφητῶν

512 1822 722 1877 fecerit.
784 1820 1021 1877 Ridiculi
1075 1823 1240 1893 igitur
1291 1825 1385 1893 qui
1436 1836 1650 1894 patrum
1713 1826 2072 1897 insipientiam

2178 1833 2539 1904 παράκλησις,
2568 1837 2662 1888 καὶ
2693 1836 3034 1905 παραμυθία,
3063 1837 3305 1893 καλοῦσα
3331 1838 3465 1909 πρὸς
3491 1841 3757 1909 ἀποστρο-

511 1920 825 1981 sequuntur,
870 1910 1247 1981 maiorumque
1278 1914 1726 1970 consuetudinem
1761 1932 1858 1985 pro
1892 1917 2077 1972 defen-

510 2005 663 2057 sioue
716 2002 1037 2057 irrefutabili
1090 2004 1418 2072 obtendunt,
1459 2005 1585 2061 licet
1635 2008 1702 2061 de
1746 2010 2076 2077 gravissimis

507 2091 673 2163 656
699 2092 992 2147 sceleribus
1036 2095 1516 2163 reprehendantur.
1559 2096 1663 2152 Sed
1698 2100 1801 2154 hoc
1839 2100 2078 2155 usitatis-

508 2186 705 2237 simum
766 2192 848 2237 est
898 2183 1162 2239 idolorum
1210 2185 1527 2241 cultoribus.
1585 2188 1768 2244 Vocati
1816 2191 1958 2245 enim
2010 2191 2076 2245 ad

509 2274 834 2341 agnitionem
883 2273 1154 2341 veritatis,
1196 2284 1408 2344 patrum
1455 2290 1694 2331 errorem
1746 2293 1963 2348 semper
1994 2278 2078 2347 ja-

507 2375 681 2426 ctant,
715 2364 1037 2433 illorumque
1083 2365 1444 2431 ignorantiam
1477 2377 1532 2421 ut
1562 2377 1844 2435 paternam
1881 2384 2075 2437 quam-

508 2456 629 2507 dam
667 2454 1033 2509 haereditatem
1065 2454 1457 2524 amplexantes,
1486 2458 1612 2512 caeci
1645 2469 1980 2528 permanent.
2012 2458 2077 2513 Et

507 2549 723 2616 Opinor.
756 2547 971 2601 etiamsi
1005 2548 1274 2617 quispiam
1307 2549 1391 2604 bis
1420 2550 1510 2619 qui
1543 2562 1665 2604 sunt
1697 2552 1765 2605 de
1791 2551 2076 2606 circumci-

509 2641 662 2693 sione
695 2640 949 2700 suuserit,
992 2638 1069 2691 uti
1119 2639 1325 2694 relictis
1367 2640 1721 2695 deterioribus
1772 2640 1840 2696 ad
1877 2641 2078 2696 condu-

513 2728 694 2783 cibilia
730 2742 849 2782 sese
889 2728 1041 2790 dent,
1078 2728 1224 2796 ipsos
1254 2743 1469 2797 quoque
1507 2731 1573 2784 ad
1605 2740 1814 2799 patrum
1851 2746 2078 2787 consue-

513 2819 750 2873 tudinem
800 2817 1195 2888 coulugituros.
1242 2817 1473 2887 Expedit
1510 2819 1673 2890 igitur
1715 2820 1964 2875 seductos
2003 2820 2077 2873 ila

502 2910 833 2979 compellare
886 2928 899 2963 :
946 2928 965 2960 ι
1001 2906 1394 2964 Convertimini
1443 2912 1507 2963 ad
1552 2926 1655 2974 me,
1705 2922 1759 2964 et
1792 2921 2078 2966 convertar

509 3001 579 3055 ad
624 3016 739 3065 vos,
784 2998 918 3054 dicit
963 2998 1227 3053 Dominus
1264 3001 1623 3070 omnipotens.
1656 3020 1674 3052 ι
1706 3000 1772 3055 Et
1808 3001 1899 3055 illo
1930 3001 2078 3056 insu-

512 3106 607 3161 per
643 3109 656 3145 :
699 3110 717 3143 ι
752 3091 921 3146 Nolite
959 3092 1071 3146 fieri
1115 3095 1255 3147 sicut
1281 3102 1462 3161 patres
1496 3094 1679 3157 vestri,
1712 3113 1730 3146 ι
1766 3096 1859 3164 qui
1892 3110 2076 3149 errore

512 3183 681 3237 delusi
714 3183 983 3248 videlicet,
1020 3184 1070 3237 itt
1109 3183 1413 3253 ignorantia
1446 3186 1535 3238 {ixi
1566 3190 1933 3253 perstiterunt.

2183 1925 2289 1995 φὴν
2341 1925 2448 1978 τῶν
2504 1926 2743 1997 αἰσχρῶν
2790 1926 3255 1997 ἐπιτηδευμάτων,
3288 1929 3542 1998 ἀνόνητον
3591 1928 3647 1981 δέ
3695 1928 3757 1979 τὸ

2183 2014 2412 2083 πρᾶγμα
2451 2013 2586 2066 πολὺ
2617 2013 2734 2066 λίαν
2766 2014 3000 2067 ἐτέθειτο
3028 2015 3356 2068 ἀπονεύσασι
3382 2016 3515 2084 πρὸς
3542 2016 3601 2068 τὸ
3628 2015 3754 2069 δυσ-

2184 2104 2365 2174 ήκοον.
2398 2104 2807 2172 Καταγέλαστοι
2856 2104 2921 2174 δὴ
2966 2100 3078 2167 οὖν,
3108 2107 3155 2156 οἱ
3202 2108 3322 2167 ταῖς
3354 2105 3461 2157 τῶν
3507 2107 3756 2173 πατέρων

2183 2193 2444 2262 ἀμαθίαις
2501 2194 2775 2263 ἑπόμενοι,
2820 2196 2913 2247 κα)⁸
2960 2194 3294 2265 προγονικὴν
3342 2195 3631 2265 συνήθειαν
3680 2194 3757 2255 ὼς

2181 2283 2618 2354 δυσανάτρεπτον
2641 2284 2934 2350 ἀπολογίαν
2970 2284 3415 2353 προσαλλόμενοι,
3452 2283 3552 2337 κᾶν
3584 2285 3632 2335 εί
3664 2284 3757 2335 ἐπὶ⁹

2181 2380 2291 2438 τοῖς
2335 2375 2584 2445 ἐσχάτοις
2629 2376 3020 2445 καταψέγοιντο
3069 2374 3456 2438 κακοῖς.“Ἐθος
3502 2373 3557 2426 δὲ
3601 2374 3757 2427 τοῦτο

2186 2465 2416 2535 μάλιστα
2462 2466 2574 2527 τοῖς
2613 2463 2720 2517 τῶν
2750 2463 2981 2517 εἰδώλων
3006 2463 3384 2533 θεραπευταῖς.
3418 2460 3754 2530 Καλούμενοι

2182 2556 2291 2627 γὰρ
2317 2555 2412 2607 ἐπὶ
2434 2553 2531 2624 τὴν
2562 2555 2660 2625 τῆς
2692 2553 2946 2624 ἀληθείας
2976 2552 3293 2620 ἐπίγνωσιν,
3319 2551 3419 2620 τῆς
3448 2550 3556 2603 τῶν
3587 2550 3752 2603 πικτιέ⁸

2186 2662 2295 2716 ρων
2339 2644 2555 2715 ἀπάτης
2597 2643 2990 2715 διαμέμνηνται
3036 2641 3335 2712 πανταχοῦ,
3366 2642 3459 2694 καὶ
3507 2640 3756 2711 πατρῷον

2182 2733 2372 2805 ὥσπερ
2399 2732 2522 2787 τινὰ
2554 2734 2753 2804 κλῆρον
2787 2734 2846 2786 τὸ
2875 2734 3103 2786 ἐκείνων
3133 2731 3341 2802 ἀμαθὲς
3366 2730 3753 2798 ἀσπαζόμενοι,

2182 2823 2492 2894 διαμένουσι
2518 2824 2728 2892 τυφλοί.
2763 2818 2930 2893 Οἶμαι
2962 2824 3040 2885 δέ,
3070 2824 3151 2876 ὅτι
3187 2822 3289 2877 κᾶν
3314 2824 3362 2875 εί
3401 2821 3581 2882 αὐτοῖς
3618 2836 3755 2886 συμ-

2184 2914 2489 2968 ϐουλεύσειέ
2513 2932 2597 2978 τις
2626 2917 2736 2978 τοῖς
2757 2916 2821 2967 ἐκ
2845 2917 3145 2985 περιτομῆς
3172 2913 3425 2985 μεταθεῖν
3450 2914 3516 2965 τά
3542 2911 3755 2978 αἰσχίω,

2184 3008 2457 3077 καὶτιμᾷν
2488 3006 2701 3059 ἑλέσθαι
2730 3006 2789 3059 τὸ
2816 3006 3078 3075 ὠφελοῦν,
3106 3008 3200 3058 ἐπὶ
3224 3006 3321 3076 τὴν
3358 3004 3464 3056 τῶν
3507 3002 3757 3069 πατέρων

2186 3096 2473 3166 συνήθειαν
2524 3094 2925 3166 καταφεύξουσι
2971 3097 3065 3149 καὶ
3105 3094 3278 3147 αὐτοί.
3328 3093 3608 3161 Χρήσιμον
3664 3083 3757 3139 οὖν

2104 3180 2147 3239 C
2181 3190 2293 3250 τοῖς
2338 3187 2709 3258 πλανωμένοις
2757 3189 3078 3256 ἐπιφωνεῖν
3140 3204 3157 3236 t
3183 3179 3572 3252 Ἐπιστρέψατε
3620 3178 3757 3239 πρός

514 3296 602 3348 με,
645 3279 740 3331 καὶ
787 3279 1262 3349 ἐπιστραφήσομαι
1308 3280 1442 3348 πρὸς
1491 3282 1653 3350 ὑμᾶς,
1731 3282 1867 3349 ιέγει
1912 3279 2113 3350 Κύριος
2154 3283 2567 3353 παντοκράτωρ.
2601 3300 2618 3333 ι
2659 3284 2767 3334 Καὶ
2836 3282 2942 3352 μὴν
2974 3281 3094 3343 καί,
3149 3297 3168 3328 ι
3201 3278 3288 3347 Μὴ
3326 3274 3537 3344 γίνεσθε
3578 3273 3757 3348 καθὼς

508 3376 558 3428 oi
589 3375 821 3444 πατέρες
852 3373 1024 3444 ὑμῶν,
1056 3393 1074 3425 ι
1108 3375 1155 3426 oi
1185 3374 1525 3445 πλανώμενοι
1552 3375 1813 3447 δηλονότι,
1844 3377 1936 3429 καὶ
1978 3377 2141 3451 μέχρι
2174 3379 2265 3431 τοῦ
2303 3379 2502 3441 παντὸς
2536 3378 2905 3448 μεμενηκότες
2929 3378 2987 3427 ἐν
3011 3373 3273 3443 ἀγνωσία.

587 3464 748 3519 Vsus.
791 3465 848 3529 5,
878 3466 933 3519 6.
974 3463 1161 3519 Patres
1193 3467 1345 3519 uestri
1395 3469 1485 3521 ubi
1515 3480 1656 3534 sunt,
1691 3479 1740 3521 et
1774 3469 2033 3537 propheta:
2054 3473 2079 3525 ?

513 3555 783 3626 Numquid
815 3558 867 3608 in
898 3567 1148 3610 wternum
1182 3558 1388 3611 vivent?
1422 3556 1792 3614 Verumtamen
1816 3577 2077 3616 sermones

510 3660 671 3709 meos,
705 3652 754 3697 et
776 3643 1007 3712 legitima
1037 3660 1149 3697 mea
1178 3644 1443 3714 suscipite,
1473 3661 1793 3716 quwcunque
1819 3662 1910 3714 ego
1937 3662 2075 3715 pra:-

509 3738 649 3803 cipio
685 3738 739 3789 in
769 3736 959 3803 spiritu
991 3752 1104 3788 meo
1131 3738 1293 3790 servis
1334 3739 1461 3791 meis
1501 3738 1787 3805 prophetis,
1813 3739 1902 3803 qui
1930 3755 2076 3792 com-

508 3828 888 3894 prehenderunt
945 3837 1123 3895 putres
1178 3841 1393 3884 vestros.
1449 3827 1516 3880 Et
1574 3830 1981 3896 responderunt,
2029 3839 2076 3884 et

509 3918 751 3969 dixerunt
785 3930 803 3968 :
835 3916 981 3970 Sicut
1019 3919 1167 3985 quasi
1217 3919 1326 3971 acie
1382 3920 1664 3973 instructus
1695 3931 1771 3974 est
1825 3922 2076 3974 Dominus

510 4009 857 4073 omnipotens,
895 4008 1066 4073 facere
1107 4008 1251 4059 nobis
1283 4013 1565 4062 seeumtum
1606 4012 1715 4063 vias
1762 4022 1986 4073 nostras,
2028 4019 2075 4063 et

509 4098 795 4151 secundum
824 4099 1001 4152 studia
1037 4109 1240 4162 nostra,
1266 4102 1341 4154 sic
1371 4098 1489 4167 fecit
1515 4104 1677 4157 nobis.

582 4280 671 4333 iV.
713 4280 1019 4347 Antequam
1067 4277 1252 4333 .ludzcn
1311 4290 1361 4333 et
1415 4279 1781 4352 Hierosolyma
1833 4283 2077 4351 subjuga-

513 4378 720 4431 rentur,
751 4369 1134 4436 prophetarum
1173 4384 1363 4422 nomen
1396 4372 1547 4436 quasi
1579 4386 1864 4438 pet-sonam
1889 4387 2076 4439 quaut-

511 4461 649 4513 dam.
672 4459 774 4513 sibi
803 4459 1137 4528 imponentes
1184 4460 1443 4524 nonnulli,
1493 4461 1556 4514 de
1591 4462 1754 4514 corde
1782 4478 1900 4526 sun,
1940 4463 2077 4515 sicut

510 4550 771 4619 scriptum
803 4550 948 4614 est",
984 4566 1086 4603 non
1116 4550 1179 4603 de
1221 4564 1317 4603 ore
1348 4549 1553 4603 Domini
1591 4552 1966 4619 loquebantur.
2012 4549 2072 4603 lli

509 4659 606 4711 per
645 4641 988 4697 mendacium
1035 4643 1320 4703 cauebant,
1378 4658 1482 4694 non
1534 4652 1853 4709 occupatum
1898 4641 1957 4693 iri
2008 4642 2086 4693 ab

2255 3475 2319 3524 Ol
2366 3473 2619 3540 πατέρες
2672 3470 2825 3539 ὑμῶν
2871 3468 2995 3538 ,ποῦ
3028 3467 3144 3519 εἰσὶ
3191 3465 3286 3519 καὶ
3330 3466 3382 3517 οἱ
3417 3462 3749 3531 προφῆται,

2178 3561 2275 3628 Μὴ
2305 3561 2410 3613 τὸν
2437 3560 2619 3614 αἰῶνα
2665 3558 2977 3624 ζήσονταιῖ
3025 3557 3197 3625 Πλὴν
3230 3554 3370 3619 τοὺς
3391 3555 3613 3620 λόγους
3637 3570 3755 3622 μου

2180 3647 2279 3701 καὶ
2314 3648 2384 3701 τὰ
2414 3647 2632 3716 νόμιμά
2651 3664 2770 3716 μου
2797 3646 3066 3714 δέχεσθε,
3100 3644 3217 3697 ὅσα
3249 3641 3363 3711 ἐγὼ
3398 3641 3754 3709 ἐντέλλομαι

2178 3740 2246 3793 ἐν
2274 3740 2565 3808 πνεύματί
2605 3756 2725 3807 μου
2776 3737 2898 3802 τοῖς
2930 3737 3172 3800 δούλοις
3202 3750 3320 3802 μου
3371 3733 3492 3797 τοῖς
3533 3732 3755 3800 προφή-

2176 3845 2325 3894 ταις,
2358 3829 2414 3882 οἳ
2460 3826 2875 3881 κατελάϐοσαν
2927 3825 3068 3889 τοὺς
3115 3822 3372 3891 πατέρας
3415 3821 3597 3889 ὑμῶν.
3642 3822 3752 3874 Καὶ

2178 3920 2606 3987 ἀπεκρίθησαν,
2657 3915 2753 3969 καί
2796 3912 2973 3968 εἶπαν
3001 3932 3012 3944 ·
3067 3914 3269 3978 Καθὼς
3320 3911 3752 3980 παρατέτακται

2178 4013 2391 4079 Κύριος
2426 4009 2867 4077 παντοκράτωρ,
2895 4008 2998 4060 τοῦ
3031 4005 3280 4073 ποιῆσαι
3308 4004 3450 4072 ἡμῖν
3477 4004 3626 4057 κατὰ
3646 4005 3754 4067 τὰς·

2178 4102 2356 4164 ὀδοὺς
2390 4100 2560 4169 ἡμῶν
2599 4100 2695 4152 καὶ
2745 4100 2895 4151 κατὰ
2948 4099 3016 4151 τὰ
3075 4097 3511 4164 ἐπιτηδεύματα
3562 4094 3747 4163 ἡμῶν,

2178 4192 2363 4255 οὕτως
2386 4192 2681 4257 ἐποίησεν
2714 4189 2879 4256 ἡμῖν.

2249 4283 2318 4332 Δ¹.
2364 4280 2496 4349 Πρὶν
2544 4279 2745 4332 ἁλῶναι
2800 4279 2899 4347 τὴν
2933 4278 3212 4339 Ἰουδαίαν,
3246 4277 3341 4329 καὶ
3392 4275 3532 4327 αὐτὰ
3578 4274 3634 4327 δὲ
3682 4274 3749 4326 τὰ

2188 4370 2553 4442 Ἰεροσόλυμα,
2579 4371 2640 4423 τὸ
2669 4370 2767 4440 τῆς
2811 4370 3142 4439 προφητείας
3179 4369 3371 4439 ὀνομα,
3397 4367 3649 4435 καθάπερ
3690 4366 3751 4418 τὸ

2177 4465 2512 4532 προσωπεῖον
2561 4463 2769 4525 ἑαυτοῖς
2800 4462 3165 4532 περιτιθέντες
3207 4460 3373 4524 τινὲς,
3419 4458 3641 4510 ἐλάλουν
3682 4457 3749 4509 τὰ

2175 4554 2282 4606 ἀπὸ
2327 4553 2550 4622 καρδίας
2589 4554 2788 4616 αὐτῶν,
2824 4553 2964 4605 καθὰ
2991 4553 3321 4623 γέγραπται,
3352 4550 3447 4603 καὶ
3493 4551 3593 4602 οὐκ
3643 4548 3750 4602 ἀπὸ

2178 4645 2443 4714 στόματος
2486 4646 2713 4716 Κυρίου.
2743 4641 2900 4698 Οὗτοι
2940 4642 3361 4714 ψευδοεποῦντες
3394 4643 3649 4711 ἔφασκον,
3674 4641 3751 4702 ὡς

509 4734 753 4789 hostibus
800 4743 1044 4789 sanctam
1093 4733 1389 4795 civitatem,
1448 4745 1673 4798 nequea
1714 4731 2075 4785 vastatoribus

2178 4736 2277 4788 οὐκ
2311 4738 2372 4788 ἂν
2405 4736 2556 4805 ἁλοίη
2608 4736 2735 4789 ποτὲ
2777 4738 2904 4805 παρ’
2930 4736 3139 4806 ἐχθρῶν
3177 4737 3209 4806 ἡ
3258 4734 3386 4802 ἀγία
3431 4733 3605 4797 πόλις,
3640 4732 3750 4783 οὐδ’

508 4822 918 4893 expugnabilem
963 4823 1079 4877 lore
1108 4821 1358 4877 lsraelem
1392 4838 1405 4874 :
1445 4821 1537 4875 sed
1572 4820 1826 4875 felicitate
1858 4835 2073 4888 semper

508 4929 751 4979 usuram,
812 4924 866 4967 et
918 4914 969 4967 in
1030 4914 1249 4979 perenni
1297 4913 1568 4980 voluptate
1624 4911 1911 4974 victuram,
1964 4912 2072 4967 Deo

510 5014 846 5075 prategente,
894 5014 946 5058 et
997 5005 1228 5057 electqu
1274 5017 1442 5069 genus
1480 5001 1783 5055 honorante
1816 5012 2072 5069 perpetuo

510 5111 573 5149 ac
603 5096 878 5163 diligente.
930 5093 1309 5162 Loquebautur
1353 5106 1517 5160 porro
1572 5092 1704 5156 lta‘c,
1756 5092 1895 5145 sicut
1939 5094 2070 5159 dixi,

511 5184 832 5238 mentientes
878 5183 1082 5244 miseri,
1127 5191 1180 5233 et
1214 5180 1460 5234 Israelem
1490 5181 1599 5248 jam
1649 5192 1777 5234 ante
1823 5182 2069 5251 ignavum

509 5271 840 5338 ignaviorem
892 5267 1209 5332 eiliciebanl,
1243 5284 1365 5322 cum
1400 5270 1464 5321 ad
1512 5268 1679 5323 Deum
1725 5270 2063 5338 placandum,

508 5372 563 5414 et
596 5376 756 5430 quam
795 5360 1103 5429 longissime
1153 5360 1381 5426 repulsis
1428 5361 1624 5426 quibus
1665 5376 1786 5414 eum
1826 5363 2073 5418 irritave-

511 5460 651 5514 rant,
673 5453 739 5505 ad
764 5451 877 5518 ejus
906 5449 1099 5517 placita
1125 5452 1472 5518 exsequenda
1500 5452 1704 5505 hortari
1733 5455 2067 5509 debuissent.

506 5540 607 5595 Ast
643 5540 717 5594 illi
750 5540 1033 5593 veritatem
1082 5539 1134 5592 in
1170 5542 1461 5609 postremis
1493 5544 1816 5611 habuerunt,
1849 5549 2072 5615 quaesti-

580 5714 602 5745 ⁸
628 5715 759 5785 Agg.
787 5731 825 5780 t,
854 5713 973 5769 6-9.
1050 5717 1068 5748 ⁷
1103 5715 1303 5771 Jerem.
1336 5734 1492 5784 χχιιι,
1528 5719 1611 5774 16.

2179 4829 2244 4882 ἂν
2276 4830 2483 4897 γένοιτό
2515 4847 2644 4882 ποτε
2679 4832 2791 4892 τοῖς
2815 4828 3053 4881 ἐθέλουσι
3089 4828 3390 4898 καταδῃοῦν
3437 4824 3751 4892 εὐκαταγώ-

2179 4935 2355 4981 νιστος
2384 4922 2411 4972 ὁ
2434 4919 2651 4989 Ἰσραήλ
2674 4936 2686 4949 ·
2716 4919 2829 4973 ἀλλ’
2852 4918 3250 4989 ἐρηρεισμένην
3277 4918 3384 4983 ἕξει
3409 4916 3507 4985 τὴν
3530 4916 3749 4983 εὑημε-

2184 5012 2336 5079 ρίαν,
2390 5011 2481 5062 καὶ
2539 5012 2597 5062 ἐν
2638 5010 2954 5079 ἀκλονήτοις
3006 5010 3243 5062 κείσεται
3299 5009 3568 5077 τρυφαῖς,
3614 5004 3748 5057 Θεοῦ

2182 5095 2625 5167 προασπίζοντος,
2653 5099 2746 5149 καὶ
2771 5098 2830 5149 τὸ
2857 5098 3149 5150 ἀπόλεκτον
3172 5096 3260 5148 ἀεὶ
3286 5093 3554 5164 τιμῶντος
3575 5110 3633 5145 τε
3658 5094 3749 5143 καὶ

2178 5186 2496 5255 ἀγαπῶντος
2520 5186 2981 5254 γένος.⁹Εφασκον
3002 5185 3058 5237 δέ
3082 5185 3322 5244 τοιαῦτα,
3344 5182 3593 5251 καθάπερ
3616 5181 3748 5247 ἔφην

2177 5278 2395 5347 ἀρτίως,
2414 5278 2869 5347 ψευδηγοροῦντες
2892 5277 2939 5328 οἱ
2965 5276 3207 5339 τάλανες,
3240 5276 3326 5327 stati
3354 5275 3595 5345 ῥᾴθυμον
3620 5272 3748 5324 ὅντα

2174 5367 2264 5418 τὸν
2298 5366 2515 5436 Ἰσραὴλ
2559 5367 2873 5428 ὑπτιοῦντες
2919 5364 3019 5427 ἐτι,
3050 5366 3225 5417 καίτοι
3273 5364 3390 5416 δέον
3436 5359 3749 5416 ἀναπείθειν

2176 5458 2789 5527 ἐκμειλίσσεσθαιθεὸν,
2833 5459 2924 5509 καὶ
2972 5458 3040 5510 τὰ
3088 5458 3168 5525 ἐφ’
3203 5453 3281 5519 οἷς
3325 5454 3622 5523 λελύπηται
3668 5457 3749 5522 ρι-

2180 5551 2444 5615 πτοῦντας
2486 5553 2559 5614 ὡς
2591 5553 2868 5615 ἁποτάτω,
2909 5553 3243 5622 μεταφοιτᾷν
3271 5548 3486 5601 ἑλέσθαι
3520 5547 3653 5617 πρὸς
3690 5546 3768 5596 se
