4120 6544
341 468 405 524 Π
582 422 587 425 ν
1175 464 1719 522 COMMENTARIUS
1762 466 1823 519 IN
1861 462 2255 519 ZACHARIAM
2297 464 2736 520 PROPHETAM.
3512 473 3590 528 18⁸

338 584 488 654 αὐτῷ
517 584 723 637 δοκοῦν.
743 582 874 658 Ἀλλ’
896 582 1073 649 όλίγος
1102 581 1327 644 ἐκείνοις
1356 582 1450 650 τῆς
1480 582 1734 653 ἀληθείας
1766 584 1793 634 ό
1822 581 1907 634 λό-

2012 581 2252 649 culisqtte
2293 582 2567 636 vilissimis
2620 583 2865 645 inescati,
2919 580 3170 638 lsraelem
3220 584 3568 642 seduxerunt.

338 692 451 743 γος,
490 674 810 745 λημματίων
855 674 910 726 δὲ
959 673 1205 745 σμικρῶν
1250 674 1343 726 καὶ
1386 673 1782 737 εὐτελεστάτων
1813 675 1908 741 ἠτ-

335 764 587 834 τώμενοι,
616 764 991 833 πεπλανήκασι
1030 764 1120 816 τὸν
1144 764 1381 833 Ἰσραήλ.
1419 764 1525 815 Καὶ
1564 763 1694 832 γοῦν
1738 765 1767 815 ὁ
1812 762 1909 830 μὲν

338 855 620 923 προφήτης
656 854 922 924 Ἱερεμίας
955 855 1297 907 καταιτιᾶται
1343 853 1464 907 λίαν
1508 853 1727 918 αὐτοὺς,
1767 851 1910 906 οὕτω

335 945 538 1012 λέγων⁹
573 964 590 996 ι
613 943 673 996 Ὀ
702 943 801 1005 ῶν,
834 942 1026 1013 Κύριε,
1062 943 1170 996 ἰδοὺ
1200 943 1540 1013 οί,προφῆται
1569 942 1746 995 αὐτῶν
1779 958 1909 1012 προ-

336 1034 652 1102 φητεύουσι,
687 1036 781 1086 καὶ
817 1033 1066 1101 λέγουσιν
1088 1050 1101 1064 ’
1132 1034 1244 1087 Οὐκ
1270 1032 1465 1101 ὖψεσθε
1501 1033 1794 1103 μάχαιραν,
1818 1032 1910 1085 καὶ

332 1124 491 1195 λιμὸς
535 1126 635 1179 οὐκ
675 1125 825 1178 ἔσται
864 1127 922 1177 ὲν
956 1125 1104 1193 ὑμῖν,
1126 1124 1210 1176 ὅτι
1253 1122 1510 1192 ἀλήθειαν
1552 1123 1646 1175 καὶ
1689 1122 1909 1191 εἰρήνην

333 1217 490 1271 δώσω
526 1219 617 1270 ἐπὶ
642 1217 741 1287 τῆς
777 1217 901 1286 γῆς,
935 1216 1028 1269 καὶ
1060 1217 1116 1267 ὲν
1140 1214 1219 1279 τῷ
1252 1214 1400 1283 τόπῳ
1424 1213 1617 1283 τούτῳ.
1652 1232 1669 1263 ι
1702 1212 1832 1274 Θεὸς
1853 1211 1909 1264 δὲ

336 1306 473 1377 πρὸς
506 1308 706 1362 ταῦτα·
744 1327 760 1358 ι
791 1307 975 1377 Ψευδῆ
997 1308 1045 1359 oi
1070 1306 1344 1375 προφῆται
1370 1304 1801 1373 προφητεύουσιν
1820 1302 1910 1355 ἐπὶ

334 1396 412 1467 τῷ
445 1397 667 1468 ὀνόματί
700 1413 800 1465 μου
825 1412 838 1426 ο
875 1397 973 1450 οὐκ
999 1394 1294 1448 ἀπέστειλα
1320 1394 1537 1457 αὐτοὺς,
1564 1396 1659 1445 καὶ
1686 1394 1787 1445 οὐκ
1820 1394 1908 1445 ὲν-

337 1488 627 1556 ετειλάμην
657 1487 857 1549 αὐτοῖς,
895 1486 988 1538 καὶ
1022 1485 1120 1537 οὐκ
1148 1482 1385 1553 ἐλάλησα
1419 1482 1554 1554 πρὸς
1588 1483 1803 1546 αὐτοὺς,
1830 1482 1911 1533 ὅτι

334 1578 551 1647 ὁράσεις
589 1577 822 1645 ψευδεῖς,
853 1577 947 1629 καὶ
992 1575 1272 1644 μαντείας,
1308 1575 1401 1626 καὶ
1424 1574 1778 1643 οίωνίσματα,
1815 1574 1908 1624 καὶ

336 1667 682 1737 προαιρέσεις
744 1666 968 1735 καρδίας
1023 1664 1201 1717 αὐτῶν
1264 1663 1416 1717 αὐτοὶ
1472 1661 1909 1734 προφητεύουσιν

335 1760 483 1829 ὑμῖν.
516 1778 532 1808 ι
577 1759 684 1812 Καὶ
721 1758 826 1829 μὴν
873 1759 967 1811 καὶ
1014 1756 1238 1826 ἑτέρωθι
1285 1756 1445 1810 πάλιν
1494 1754 1693 1827 φησίνο
1749 1773 1767 1805 t
1795 1754 1907 1806 Οὐκ

334 1849 661 1902 ἀπέστελλον
708 1848 834 1912 τοὺς
874 1851 1177 1920 προφήτας,
1208 1850 1302 1901 καὶ
1332 1846 1485 1902 αὐτοὶ
1510 1847 1729 1917 ἔτρεχον
1747 1862 1759 1875 ·
1787 1844 1905 1899 οὐδὲ

334 1937 568 2007 ἐλάλησα
594 1937 731 2007 πρὸς
757 1938 975 2000 αὐτοὺς,
1007 1938 1097 1990 καὶ
1127 1938 1282 1990 αὐτοὶ
1306 1938 1695 2009 προεφήτευον.
1726 1954 1744 1989 ι
1797 1936 1905 1988 Πε-
1938 1921 1978 1974 Β

334 2028 603 2099 πλάνηται
632 2029 829 2091 τοίνυν,
864 2028 941 2091 ὡς
968 2028 1128 2097 ἔφην,
1160 2030 1188 2081 ὁ
1214 2030 1453 2101 Ἰσραὴλ,
1488 2032 1599 2093 τοῖς
1628 2028 1738 2084 τῶν
1774 2029 1906 2099 ψευ-

329 2120 641 2189 δομάντεων
702 2123 1056 2189 φενακισμοῖς
1104 2120 1378 2183 ἀσυνέτως
1435 2120 1903 2190 συνηρπασμένος.

344 2207 480 2259 Ἀλλ’
508 2209 611 2261 οὐκ
642 2208 708 2262 ἂν
741 2209 856 2277 ἥλω
904 2209 1032 2262 ποτὲ
1076 2210 1203 2279 παρ’
1228 2210 1456 2279 ἐχθρῶν,
1490 2210 1581 2263 καὶ
1623 2211 1723 2281 τῆς
1764 2208 1907 2265 οὕτω

331 2300 555 2368 πικρᾶς,
584 2298 680 2351 καὶ
728 2298 1141 2370 φορτικωτάτης
1192 2297 1433 2359 δουλείας
1485 2301 1763 2369 ἐπειρᾶτο,
1794 2300 1908 2360 τοῖς

332 2389 481 2456 παρὰ
509 2385 645 2440 Θεοῦ
676 2388 985 2459 προφήταις
1009 2389 1098 2442 τὸν
1122 2389 1247 2442 νοῦν
1278 2390 1514 2453 ἐπιδοὺς,
1542 2390 1591 2442 οἳ
1641 2390 1735 2443 καὶ
1764 2406 1907 2460 συμ-

327 2474 595 2545 ϐήσεσθαι
623 2477 695 2530 τὰ
727 2478 902 2530 τοιάδε
930 2478 1380 2549 προαπήγγελλον
1409 2479 1610 2542 αὐτοῖς,
1636 2478 1733 2534 καὶ
1756 2478 1908 2549 διαρο

329 2565 500 2637 ρήδην
540 2565 798 2636 ἔφασκον,
822 2569 902 2621 ὅτι
947 2567 1166 2631 πάντως
1192 2571 1273 2635 είς
1302 2571 1496 2639 πεῖραν
1521 2568 1904 2641 ὲνεχθήσονται

330 2654 519 2720 κακοῦ,
553 2657 629 2726 μὴ
653 2657 773 2728 οὐχὶ
805 2658 937 2729 δρᾷν
960 2658 1226 2729 ᾑρημένοι
1250 2658 1319 2711 τὰ
1349 2659 1566 2730 θυμήρη
1601 2658 1739 2729 Θεῷ.
1766 2658 1908 2713 Ταΰ-

326 2763 479 2818 τῃτοι
508 2752 691 2803 καλεῖν
728 2750 863 2821 πρὸς
893 2751 1196 2819 ἀνάμνησιν
1222 2749 1329 2805 τῶν
1354 2767 1413 2803 τε
1439 2748 1669 2804 ἀνοσίων
1692 2766 1905 2821 προφη-

331 2834 440 2887 τῶν
479 2837 574 2891 καὶ
615 2835 724 2891 τῶν
750 2838 1251 2907 πεφενακισμένων,
1289 2838 1381 2897 καί
1414 2854 1578 2907 φησιν
1598 2852 1612 2868 ο
1655 2859 1672 2889 ι
1700 2837 1766 2894 Oi
1798 2855 1906 2893 πα-

328 2924 486 2996 τέρες
531 2926 684 2997 ὑμῶν
726 2927 830 2981 ποῦ
865 2929 970 2982 είσὶ
1020 2930 1113 2982 καὶ
1164 2930 1213 2982 οί
1244 2930 1547 3001 προφῆται;
1584 2929 1676 3000 Μὴ
1707 2930 1790 2995 είς
1815 2928 1909 2985 τὸν

326 3014 501 3071 αἰῶνα
534 3015 827 3087 Chaonas;
860 3037 877 3069 ι
907 3019 1129 3088 Ὅμοιον
1146 3019 1221 3081 ὼς
1240 3020 1289 3071 εί
1320 3018 1501 3087 λέγον
1545 3017 1909 3074 Ἀπολώλασιν

288 3115 291 3120 ’
330 3109 381 3161 οί
412 3108 643 3181 πατέρες
672 3108 844 3178 ὑμῶν,
880 3110 970 3163 καὶ
1002 3109 1160 3165 τοῦτο
1182 3110 1436 3181 οίκτρῶς,
1458 3112 1515 3163 ἐν
1538 3111 1903 3182 αἰχμαλωσίᾳ,

2012 673 2239 726 Proinde
2286 674 2544 741 propheta
2590 672 2850 728 Jeremias
2898 676 3100 728 acriter
3145 674 3268 730 illos
3315 691 3577 732 accusans

2009 764 2082 816 ait
2112 781 2123 816 :
2163 782 2181 813 ι
2217 764 2314 830 Qui
2343 779 2421 828 es,
2452 761 2710 827 Domine,
2729 778 2857 817 ecce
2879 765 3155 834 propheta:
3178 766 3497 834 prophetam
3522 778 3579 821 et

2008 854 2190 906 dicunt
2223 870 2236 905 :
2271 853 2381 906 Non
2412 852 2662 908 videbitis
2689 853 2948 923 gladium,
2974 864 3028 909 et
3052 856 3219 909 fames
3246 871 3350 909 non
3381 857 3485 910 erit
3522 857 3574 910 in

2010 944 2183 1007 vobis,
2210 945 2332 1013 quia
2370 945 2646 999 veritatem
2676 955 2731 1000 et
2764 960 2950 1013 pacem
2994 946 3137 1001 dabo
3166 947 3221 1000 in
3266 955 3409 1001 terra
3437 957 3491 1000 et
3521 948 3574 1000 in

2007 1034 2169 1105 857
2202 1036 2317 1089 loco
2370 1034 2477 1089 isto
2497 1034 2541 1087 ⁸.
2575 1053 2595 1085 ι
2648 1035 2791 1089 Deus
2831 1046 3008 1089 autem
3039 1036 3105 1089 ad
3137 1037 3249 1090 hac
3298 1056 3310 1091 :
3366 1056 3381 1086 ι
3421 1035 3573 1090 Falsa

2009 1127 2281 1194 prophetae
2328 1125 2703 1193 prophetizant
2746 1127 2800 1178 iu
2847 1126 3065 1179 nomine
3105 1140 3225 1179 meo
3259 1143 3274 1179 :
3303 1140 3408 1179 non
3454 1126 3577 1180 misi

2008 1230 2121 1279 eos,
2166 1224 2223 1268 et
2252 1230 2356 1267 non
2384 1216 2610 1285 praecepi
2658 1214 2736 1269 eis
2770 1231 2791 1269 ε.
2820 1230 2924 1269 non
2954 1215 3165 1269 locutus
3205 1230 3322 1269 sum
3354 1216 3419 1268 ad
3450 1228 3543 1270 eos
3558 1232 3577 1280 ;‘

2009 1305 2133 1375 quia
2161 1304 2396 1359 visiones
2419 1306 2728 1368 mendaces,
2755 1315 2809 1359 et
2832 1305 3212 1369 divinationes,
3241 1315 3295 1359 et
3326 1304 3573 1374 auguria,

2010 1405 2064 1448 et
2100 1394 2391 1450 electiones
2430 1395 2607 1449 cordis
2636 1395 2714 1447 sui
2763 1394 2860 1463 ipsi
2891 1396 3269 1464 prophetizant
3301 1395 3516 1449 vobis“.
3553 1412 3571 1445 ι

2011 1483 2149 1549 Quin
2182 1493 2235 1538 et
2264 1484 2389 1538 alibi
2427 1498 2636 1537 rursum
2669 1502 2681 1537 :
2724 1502 2740 1536 ι
2777 1484 2891 1538 Non
2939 1485 3219 1540 mittebam
3264 1484 3575 1554 prophetas.

2009 1581 2063 1627 et
2096 1572 2193 1641 ipsi
2234 1573 2556 1637 currebant;
2591 1589 2764 1644 neque
2810 1575 3067 1644 loquebar
3119 1575 3185 1629 ad
3230 1590 3346 1640 eos,
3385 1588 3439 1628 et
3471 1576 3572 1644 ipsi

2010 1662 2485 1730 prophetabant“.
2520 1680 2537 1713 ›
2598 1662 2865 1717 Seductus
2911 1671 2994 1718 est
3045 1664 3208 1733 igitur
3256 1662 3454 1727 Israel,
3522 1674 3580 1717 ut
3667 1669 3671 1672 ’

2010 1752 2144 1814 dixi,
2188 1750 2591 1818 falsiloquorum
2624 1761 2805 1806 vatum
2853 1753 3580 1823 imposturis-imprudenter

2010 1846 2286 1913 abreptus.
2341 1843 2500 1911 Atqui
2547 1844 2600 1896 in
2649 1844 2882 1897 hostium
2928 1852 3255 1913 potestatem
3304 1860 3583 1915 nunquam

2008 1935 2265 2000 venisset,
2314 1943 2371 1987 et
2409 1934 2814 1988 acerbissimam
2866 1934 3304 2004 dirissimamque
3350 1936 3580 1990 servitu-

2010 2035 2113 2081 tem
2147 2040 2253 2078 nou
2296 2024 2485 2078 fuisset
2514 2032 2793 2093 expertus,
2827 2024 2869 2078 si
2905 2024 3102 2080 missos
3146 2042 3175 2080 a
3213 2026 3320 2082 Deo
3350 2031 3582 2099 prophe-

2008 2128 2092 2172 tas
2113 2117 2498 2183 auscultasset,
2530 2116 2620 2185 qui
2643 2125 2701 2170 et
2727 2115 2853 2171 talia
2884 2118 3015 2187 ipsis
3042 2128 3301 2174 eventura
3333 2136 3583 2188 praenun-

2010 2208 2237 2272 tiabant,
2276 2218 2331 2263 et
2358 2217 2544 2277 aperte
2588 2206 3004 2275 conﬁrmabant,
3056 2212 3280 2265 omnino
3325 2226 3579 2266 sensuros

2010 2298 2232 2364 malum,
2268 2299 2368 2353 nisi
2402 2314 2461 2354 se
2499 2300 2564 2353 ad
2594 2313 2657 2353 ea
2689 2312 2848 2369 opera
2877 2302 3178 2369 praastanda
3211 2302 3423 2369 darent,
3459 2319 3579 2373 quae

2009 2390 2152 2446 Deus
2174 2389 2357 2446 vellet.
2398 2389 2659 2457 Quocirca
2708 2389 2814 2444 illis
2845 2401 2902 2445 et
2951 2376 3143 2461 impios
3184 2395 3493 2463 prophetas,
3528 2404 3582 2449 et

2009 2480 2079 2535 ab
2108 2481 2210 2536 illis
2239 2482 2453 2536 delusos
2481 2481 2533 2534 in
2556 2479 2897 2545 memoriam
2930 2481 3143 2550 redigit,
3187 2492 3241 2537 et
3270 2484 3349 2537 ait
3376 2500 3389 2535 :
3427 2502 3445 2535 r
3478 2483 3581 2537 Pa-

2009 2584 2125 2627 tres
2155 2572 2320 2627 vestri
2354 2571 2445 2625 ubi
2485 2579 2631 2637 sunt,
2659 2577 2715 2625 et
2754 2570 3070 2641 prophetas?
3094 2570 3233 2627 Num
3280 2575 3333 2626 in
3377 2576 3579 2642 sempi-

2008 2673 2221 2718 ternum
2274 2661 2497 2717 vivent?
2534 2681 2551 2713 ι
2594 2661 2661 2716 Ut
2704 2664 2748 2716 sl
2800 2662 3023 2728 diceret,
3069 2664 3350 2730 perierunt
3396 2673 3581 2734 patres

2005 2754 2193 2818 vestri,
2228 2753 2387 2821 idque
2410 2754 2774 2811 miserandum
2808 2753 2861 2805 in
2901 2756 3116 2808 modum
3153 2755 3206 2808 in
3240 2755 3575 2825 captivitate,

2005 2855 2060 2897 et
2090 2860 2212 2901 cum
2246 2845 2375 2915 ipsis
2420 2844 2714 2915 falsitoqui,
2748 2856 2803 2900 et
2840 2847 3178 2915 impostores,
3226 2848 3315 2915 qui
3348 2849 3577 2915 prophe-

2007 2937 2095 2990 tia:
2119 2945 2173 2991 et
2216 2950 2411 2990 nomen
2459 2945 2513 2989 et
2560 2951 2675 2991 rem
2724 2937 3188 3007 cauponabantur.
3228 2936 3382 3003 Quod
3416 2938 3460 2992 si
3497 2939 3577 2991 vi-

2003 3036 2215 3088 verent,
2264 3025 2513 3091 forsitan,
2558 3035 2814 3095 expertas
2860 3026 3195 3082 calamitates
3238 3026 3581 3081 continenter

2007 3117 2367 3186 deplorantes,
2398 3126 2452 3172 et
2483 3119 2535 3171 in
2564 3117 2822 3172 ementita
2854 3118 3111 3171 vaticinia
3147 3133 3242 3172 sua
3279 3118 3577 3174 vehemen-

328 3201 422 3251 καὶ
458 3199 554 3251 σὺν
592 3198 775 3261 αὐτοῖς
812 3200 862 3251 oi
912 3199 1227 3268 ψευδοεπεῖς
1270 3201 1363 3255 καὶ
1400 3199 1826 3274 πεπλανηκότες,
1855 3202 1904 3255 οί

2008 3205 2114 3258 tius
2173 3205 2512 3272 invehentes,
2559 3220 2655 3261 vos
2695 3204 2839 3272 frugi
2900 3206 3277 3262 reddidissent.
3333 3206 3439 3261 Sed
3504 3207 3576 3260 iiii

324 3288 390 3340 τὸ
414 3288 514 3358 τῆς
543 3290 877 3359 προφητείας
925 3290 1095 3362 όνομα
1134 3291 1228 3347 καὶ
1262 3291 1451 3363 χρῆμα
1485 3291 1902 3362 καπηλεύοντες.

340 3380 481 3435 Ἀλλ’
508 3381 668 3451 εἴπερ
706 3381 843 3445 ἔζων
874 3380 975 3447 ἐτι,
1005 3384 1144 3453 τάχα
1195 3400 1297 3437 που
1344 3382 1587 3453 βελτίους
1623 3382 1767 3453 ὑμᾶς
1796 3383 1903 3436 άπ-

324 3474 555 3545 έιφηναν,
584 3474 670 3528 ἀεὶ
691 3474 1121 3546 κατοιμώζοντες
1140 3475 1233 3528 ἐπὶ
1256 3477 1369 3538 τοῖς
1397 3472 1790 3543 συμϐεϐηκόσι,
1809 3473 1905 3527 καὶ

326 3567 438 3621 τῶν
484 3569 609 3635 παρ’
638 3568 819 3629 αὐτοῖς
868 3568 1170 3635 γεγονότων
1204 3566 1661 3636 ψευδοπροφητῶν
1701 3566 1760 3618 οὐ
1807 3581 1905 3635 με-

327 3658 487 3727 τρίαν
532 3661 844 3726 ποιούμενοι
896 3658 993 3727 τὴν
1041 3659 1337 3727 καταϐοήν.
1378 3657 1517 3709 Ἀλλ’
1561 3658 1758 3710 ἐκεῖνοι
1809 3657 1907 3726 μὲν

328 3749 611 3819 ῥᾳστώνης
657 3766 716 3801 τε
761 3748 895 3818 όμοῦ
938 3749 1030 3803 καὶ
1075 3748 1357 3811 ἀπειθείας
1401 3748 1648 3816 ὀψώνιον,
1684 3748 1744 3800 τὸ
1778 3762 1904 3801 συν-

322 3836 596 3892 διολέσθαι
623 3842 733 3902 τοῖς
772 3838 1110 3908 ὴπατηκόσιν
1145 3840 1460 3909 ἐσχήκασιν.
1480 3839 1666 3908 Ὑμεῖς
1693 3838 1749 3891 δὲ
1778 3837 1903 3900 τοὺς

323 3928 435 3979 τῶν
457 3928 629 3996 ἁγίων
660 3928 955 4000 προφητῶν
983 3929 1358 3999 παραδέχεσθε
1386 3928 1599 3997 λόγους,
1631 3930 1723 3981 καὶ
1747 3929 1813 3981 τὰ
1837 3928 1903 3980 δι’

307 4019 506 4087 ,αὐτῶν
544 4019 888 4091 θεσπίσματα
918 4019 1158 4073 ποιεῖσθε
1191 4021 1317 4088 περὶ
1346 4018 1561 4073 πολλοῦ.
1601 4019 1764 4073 Αὐτοὶ
1796 4019 1903 4089 γὰρ

323 4107 656 4179 λελαλήκασι
687 4110 780 4165 καὶ
813 4109 924 4173 τοῖς
956 4109 1061 4180 πρὸ
1086 4109 1238 4178 ὑμῶν
1258 4125 1271 4141 ο
1316 4110 1465 4165 «Ὅτι
1496 4110 1901 4179 παρατέτακται

324 4196 531 4270 Κύριος
552 4196 645 4252 τοῦ
669 4201 914 4269 ποιῆσαι·
957 4217 978 4251 ι
1027 4198 1182 4269 δῆλον
1212 4199 1268 4255 δὲ
1284 4198 1364 4251 ὅτι
1390 4199 1489 4271 τὴν
1528 4200 1905 4271 αἰχμαλωσίαν

324 4290 418 4340 καὶ
453 4288 551 4351 τὰς
596 4291 655 4342 ὲν
695 4290 879 4354 αὐτοῖς
925 4289 1345 4361 συμϐησομένας
1383 4290 1778 4363 ταλαιπωρίαςο
1821 4291 1903 4346 δι-

322 4380 554 4448 ήλεγχον
574 4380 632 4432 δὲ
654 4380 898 4448 λέγοντες
926 4381 1226 4451 ἀναφανδόν
1247 4398 1259 4413 ο
1291 4382 1446 4437 «Ὅτι
1474 4381 1614 4434 κατὰ
1633 4384 1733 4445 τάς
1752 4382 1903 4446 ὁδοὺς

322 4468 480 4537 ὑμῶν
522 4470 616 4523 καὶ
648 4469 716 4523 τὰ
748 4470 1153 4541 ἐπιτηδεύματα
1202 4471 1378 4541 ὑμῶν,
1430 4468 1602 4535 οὕτως
1649 4470 1904 4542 εποίησεν

2006 3296 2220 3365 quidem
2260 3296 2468 3350 inertiae
2505 3304 2559 3351 et
2597 3299 2951 3352 contumaciae
2988 3312 3098 3352 suae
3131 3298 3453 3366 stipendium
3483 3312 3577 3352 ac-

2006 3396 2285 3454 ceperunt,
2320 3386 2461 3455 quod
2509 3402 2631 3440 cum
2661 3386 2972 3443 illusoribus
3009 3388 3346 3443 interierunt.
3383 3390 3452 3441 At
3485 3402 3587 3442 vos

2007 3486 2316 3532 sanctorum
2353 3478 2737 3547 prophetarum
2784 3492 3065 3534 sermones
3112 3478 3365 3546 excipite.
3413 3486 3465 3530 et
3496 3480 3583 3530 dt"

2008 3567 2125 3620 vina
2176 3581 2361 3622 eorum
2406 3567 2565 3622 effata
2639 3569 2819 3639 magni
2850 3568 3088 3639 pendite.
3135 3564 3241 3635 Ipsi
3286 3566 3482 3636 quippe
3522 3575 3581 3618 et

2008 3655 2300 3725 majoribus
2332 3659 2529 3712 vestris
2554 3658 2718 3713 locuti
2748 3669 2875 3713 sunt
2905 3675 2917 3710 :
2950 3676 2972 3708 ι
3001 3657 3137 3723 Quia
3164 3658 3461 3711 instructus
3490 3667 3576 3710 est

2009 3747 2268 3802 Dominus
2293 3746 2506 3803 facere:
2536 3766 2555 3801 ι
2582 3748 2767 3818 utique
2784 3747 3181 3819 captivitatem,
3199 3756 3255 3801 et
3283 3748 3341 3801 in
3364 3762 3428 3802 ca
3452 3760 3576 3815 ρει-ο

2008 3838 2256 3893 ferendas
2304 3853 2595 3902 aerumnas,
2647 3849 2699 3893 et
2757 3836 3150 3907 redarguebant
3197 3849 3292 3891 eos
3333 3835 3575 3892 dicentes

2007 3928 2333 3985 manifeste:
2366 3949 2384 3981 ι
2420 3930 2555 3995 Quia
2596 3929 2889 3984 secundum
2925 3927 3041 3983 vias
3086 3936 3316 3993 vestras,
3368 3925 3445 3998 [et
3475 3928 3573 3979 ad-

2007 4017 2342 4074 inventiones
2373 4029 2581 4075 vestras
2610 4019 2762 4073 vobis
2787 4014 2962 4091 fecit.)
2996 4038 3014 4072 ο
3048 4017 3163 4074 Non
3192 4019 3336 4074 enim
3367 4028 3571 4072 temere

2006 4110 2159 4178 punit
2208 4111 2579 4166 universorum
2640 4108 2809 4173 Deus,
2874 4125 3048 4179 neque
3104 4109 3285 4163 divina
3349 4116 3403 4161 et
3459 4106 3571 4160 falli

2009 4198 2189 4252 nescia
2232 4212 2458 4254 censura
2487 4199 2620 4254 citra
2646 4213 2875 4253 examen
2917 4199 2970 4253 iu
3006 4211 3328 4268 quocunque
3358 4196 3574 4264 negotio

2007 4287 2113 4343 fert
2147 4288 2473 4345 sententiam
2503 4304 2516 4341 :
2550 4289 2643 4345 sed
2679 4302 2801 4342 cum
2835 4301 2999 4355 supra
3048 4288 3262 4341 modum
3304 4285 3570 4355 patienter

2004 4379 2345 4444 sustinuerit,
2372 4387 2503 4434 tunc
2530 4381 2743 4434 demum
2773 4378 3018 4434 sontibus
3046 4392 3167 4447 quae
3199 4378 3431 4432 maxime
3461 4390 3574 4429 me-

2006 4477 2192 4523 rentur
2226 4470 2488 4537 rependit.
2529 4470 2801 4538 Sapientis
2830 4478 2911 4524 est
2941 4468 3105 4536 igitur
3128 4477 3375 4537 prompte
3413 4467 3573 4522 obse-

322 4557 473 4625 ὐμίν.
506 4576 525 4608 ι
554 4558 788 4622 Κολάζει
819 4559 926 4630 γὰρ
951 4561 1012 4613 οὐ
1046 4561 1217 4630 μάτην
1242 4560 1269 4612 ό
1302 4559 1409 4612 τῶν
1440 4560 1577 4613 ὅλων
1604 4559 1753 4625 Θεὸς,
1777 4559 1899 4615 οὔτε

2007 4562 2119 4631 qui,
2156 4570 2210 4615 et
2256 4560 2454 4615 divinis
2496 4576 2687 4628 parere
2719 4560 2944 4631 legibus,
2982 4569 3398 4627 sanctorumque
3432 4572 3569 4625 prm-

324 4646 431 4715 μὴν
466 4645 825 4702 ἀϐασάνιστον
868 4648 964 4719 τὴν
1012 4649 1096 4717 ἐφ’
1129 4647 1329 4718 ὁτῳοῦν
1384 4652 1613 4702 ποιεῖται
1657 4650 1890 4721 ψῆφονή

321 4734 440 4787 θεία
467 4752 525 4789 τε
556 4737 652 4790 καὶ
676 4737 919 4807 ἀπλανὴς
950 4739 1043 4791 καὶ
1070 4738 1379 4806 δικαιοτάτη
1409 4737 1589 4808 κρίσις
1607 4754 1618 4767 ·
1645 4738 1895 4802 ἀνεξικα-

323 4826 539 4894 κήσασα
570 4824 624 4878 δὲ
654 4828 1030 4897 ὑπερμέτρως.
1059 4828 1178 4881 τότε
1208 4827 1293 4896 δὴ,
1311 4828 1430 4880 τότε
1451 4828 1763 4881 ταλαντεύει
1790 4832 1897 4890 τοῖς

328 4911 669 4983 ἡμαρτηκόσι
721 4913 789 4966 τὰ
839 4913 1022 4978 αὐτοῖς
1058 4916 1139 4967 ὅτι
1172 4915 1401 4983 μάλιστα
1450 4916 1891 4981 πρεπωδέστατα.

2003 4650 2262 4705 dictiones
2311 4649 2572 4712 revereri,
2629 4659 2683 4703 et
2737 4650 2892 4704 fidem
2943 4651 3289 4707 coinmodare
3351 4645 3570 4700 vocibus

2001 4738 2244 4807 spiritus,
2276 4740 2625 4809 cogitareque
2671 4754 2775 4793 non
2810 4748 2992 4808 posset
3041 4756 3144 4793 non
3176 4738 3411 4800 evenire.
3449 4753 3567 4806 quae

2005 4828 2258 4901 prtedicta
2290 4832 2420 4895 sint,
2452 4840 2508 4885 et
2543 4831 2819 4887 meliorem
2857 4841 3089 4885 mentem
3122 4830 3368 4892 induere,
3407 4838 3569 4897 atque

2004 4922 2069 4974 ad
2097 4923 2467 4989 paenitentiam
2493 4939 2552 4978 se
2584 4926 2851 4979 conferre.

324 5004 492 5071 Σοφὸν
518 5003 610 5061 οὖν
639 5007 749 5076 ἄρα
771 5009 833 5063 τὸ
857 5010 1089 5081 εὐήνιον,
1123 5012 1213 5062 καὶ
1250 5012 1445 5074 παντὸς
1480 5013 1624 5081 ήμᾶς
1650 5012 1942 5081 ἀπαλλάξει
1970 5017 2141 5072 κακοῦ
2174 5018 2233 5072 τὸ
2260 5022 2371 5082 τοίς
2433 5019 2596 5083 θείοις
2653 5021 2880 5075 ἕπεσθαι
2937 5020 3140 5089 νόμοις,
3172 5020 3266 5073 καὶ
3303 5016 3402 5077 τὰς
3463 5013 3567 5066 τῶν

326 5098 494 5163 ἁγίων
526 5102 949 5171 προαγορεύσεις
980 5108 1163 5173 τιμᾷν,
1197 5105 1288 5157 καὶ
1318 5106 1550 5165 πίστεως
1580 5105 1762 5169 ἀξιοῦν
1810 5108 1906 5171 τὰς
1943 5110 2037 5164 τοῦ
2090 5112 2397 5183 πνεύματος
2460 5116 2661 5183 φωνὰς,
2718 5114 3030 5177 ὲννοοῦντάς
3069 5131 3127 5167 τε
3165 5114 3246 5167 ὅτι
3287 5112 3461 5177 πάντη
3508 5126 3567 5161 τε

326 5187 418 5241 καὶ
472 5189 691 5255 πάντως
745 5192 1075 5261 συμϐήσεται
1120 5192 1185 5244 τὰ
1240 5194 1675 5264 προηγγελμένα,
1748 5198 2213 5265 μεταπλάττεσθαι
2267 5206 2401 5273 πρὸς
2458 5205 2517 5259 τὸ
2599 5206 2839 5273 ἄμεινον,
2923 5206 3014 5258 καὶ

327 5284 688 5351 μετάγνωσιν.

399 5378 475 5447 Τῇ
504 5378 738 5446 τετράδι
768 5380 863 5433 καὶ
892 5382 1078 5437 succidi
1125 5382 1203 5444 τῷ
1243 5381 1536 5447 ἑνδεκάτῳ
1564 5384 1711 5452 μηνί
1754 5382 1891 5452 (οὗ-

3103 5200 3439 5272 μεταχωρεῖν
3487 5197 3581 5258 είς,

2066 5387 2236 5459 658
2266 5387 2426 5440 Vens.
2468 5386 2615 5440 7-H.
2662 5386 2865 5451 Quarta
2910 5394 2958 5437 et
3013 5383 3255 5436 vicesima
3292 5382 3565 5437 undecimo

325 5469 423 5533 τός
449 5469 621 5523 ἐστιν
645 5473 677 5527 ό
700 5474 826 5538 μὴν
855 5473 1082 5540 Σαϐὰτ)
1132 5473 1201 5524 ἐν
1241 5470 1320 5537 τῷ
1343 5471 1596 5541 δευτέρῳ
1624 5474 1761 5537 ἔτει,
1792 5476 1891 5527 ἐπὶ

2007 5494 2170 5533 meme
2205 5477 2311 5546 (hic
2349 5489 2421 5531 est
2469 5478 2658 5530 mensis
2690 5476 2877 5544 Saba!)
2932 5476 2985 5527 in
3026 5472 3249 5525 secundo
3294 5488 3432 5527 anno
3468 5474 3563 5527 sub

326 5560 587 5626 Δαρείου,
616 5560 850 5629 ἐγένετο
896 5562 1074 5629 ,λόγος
1117 5564 1336 5632 Κυρίου
1395 5564 1544 5630 πρὸς
1591 5565 1889 5633 Ζαχαρίαν

328 5650 430 5704 τὸν
452 5650 553 5705 τοῦ
578 5654 897 5722 Βαραχίου,
917 5653 1046 5705 υίοῦ
1085 5653 1274 5719 Ἀδδὼ,
1310 5655 1412 5707 τὸν
1436 5654 1767 5722 προφήτην,
1792 5656 1886 5708 λέ-

395 5826 417 5857 θ
446 5826 641 5883 Jerem.
682 5828 903 5893 x1v,i'5.
983 5829 1000 5858 ’
1034 5827 1159 5882 ibid.
1200 5828 1280 5881 ii.
1360 5830 1399 5859 ‘°
1432 5828 1627 5884 ιρι-ειη.
1665 5845 1817 5889 um,
1850 5830 1936 5883 2i.
1988 5892 1993 5895 Α

2000 5561 2185 5629 Dario,
2237 5566 2437 5635 factum
2482 5582 2556 5621 est
2602 5565 2809 5620 verbum
2860 5562 3069 5619 Domini
3124 5564 3189 5615 ad
3244 5561 3563 5618 Zachariam

1996 5658 2157 5724 ﬁlium
2186 5658 2482 5724 BGHM/iiiP,
2508 5660 2607 5725 [iiii
2640 5660 2802 5719 Addo,
2833 5656 3155 5725 prophetam,
3186 5657 3360 5710 dicens
3389 5672 3404 5707 :
3444 5654 3562 5708 Vidi
