  <div class='ocr_page' id='page_1' title='image "/cluster/home/n/w/nwhite01/storage/ocr_20150623/72/hvd.32044019207893/017.png"; bbox 0 0 4120 6552; ppageno 0'>
   <div class='ocr_carea' id='block_1_1' title="bbox 522 414 3780 476">
    <p class='ocr_par' dir='ltr' id='par_1_1' title="bbox 522 414 3780 476">
     <span class='ocr_line' id='line_1_1' title="bbox 522 414 3780 476; baseline -0.001 -1"><span class='ocrx_word' id='word_1_1' title='bbox 522 423 588 476; x_wconf 75' lang='grc'><strong><em>19</em></strong></span> <span class='ocrx_word' id='word_1_2' title='bbox 1370 470 1373 473; x_wconf 38' lang='grc' dir='ltr'><strong>λ</strong></span> <span class='ocrx_word' id='word_1_3' title='bbox 1548 420 1604 474; x_wconf 86' lang='lat' dir='ltr'><strong><em>S.</em></strong></span> <span class='ocrx_word' id='word_1_4' title='bbox 1646 415 1925 474; x_wconf 76' lang='lat' dir='ltr'><strong><em>CYRILLI</em></strong></span> <span class='ocrx_word' id='word_1_5' title='bbox 1962 416 2427 473; x_wconf 71' lang='lat' dir='ltr'><strong><em>ALEXANDRINI</em></strong></span> <span class='ocrx_word' id='word_1_6' title='bbox 2465 414 2786 474; x_wconf 79' lang='lat' dir='ltr'><strong><em>ARCHIEP.</em></strong></span> <span class='ocrx_word' id='word_1_7' title='bbox 3708 416 3780 473; x_wconf 72' lang='lat'><strong>20</strong></span> 
     </span>
    </p>
   </div>
   <div class='ocr_carea' id='block_1_2' title="bbox 519 534 2092 610">
    <p class='ocr_par' dir='ltr' id='par_1_2' title="bbox 519 542 2092 610">
     <span class='ocr_line' id='line_1_2' title="bbox 519 542 2092 610; baseline -0.001 -16"><span class='ocrx_word' id='word_1_8' title='bbox 519 556 611 609; x_wconf 87' lang='lat' dir='ltr'><strong><em>per</em></strong></span> <span class='ocrx_word' id='word_1_9' title='bbox 659 552 881 605; x_wconf 82' lang='lat' dir='ltr'><strong><em>noctem,</em></strong></span> <span class='ocrx_word' id='word_1_10' title='bbox 926 551 973 595; x_wconf 87' lang='lat' dir='ltr'><strong><em>et</em></strong></span> <span class='ocrx_word' id='word_1_11' title='bbox 1020 558 1133 596; x_wconf 85' lang='lat' dir='ltr'><strong><em>ecce</em></strong></span> <span class='ocrx_word' id='word_1_12' title='bbox 1176 542 1257 596; x_wconf 82' lang='lat' dir='ltr'><strong><em>uir</em></strong></span> <span class='ocrx_word' id='word_1_13' title='bbox 1293 543 1575 596; x_wconf 80' lang='lat' dir='ltr'><strong><em>ascendens</em></strong></span> <span class='ocrx_word' id='word_1_14' title='bbox 1595 558 1751 610; x_wconf 88' lang='lat' dir='ltr'><strong><em>super</em></strong></span> <span class='ocrx_word' id='word_1_15' title='bbox 1781 558 1968 610; x_wconf 84' lang='lat' dir='ltr'><strong><em>equum</em></strong></span> <span class='ocrx_word' id='word_1_16' title='bbox 2012 557 2092 593; x_wconf 87' lang='lat' dir='ltr'><strong><em>ru-</em></strong></span> 
     </span>
    </p>
   </div>
   <div class='ocr_carea' id='block_1_3' title="bbox 2198 534 3779 610">
    <p class='ocr_par' dir='ltr' id='par_1_3' title="bbox 2204 534 3779 608">
     <span class='ocr_line' id='line_1_3' title="bbox 2204 534 3779 608; baseline -0.004 -13"><span class='ocrx_word' id='word_1_17' title='bbox 2204 557 2324 608; x_wconf 78' lang='grc' dir='ltr'>γων</span> <span class='ocrx_word' id='word_1_18' title='bbox 2349 557 2361 570; x_wconf 85' lang='grc'>·</span> <span class='ocrx_word' id='word_1_19' title='bbox 2408 538 2670 607; x_wconf 77' lang='grc' dir='ltr'><strong><em>Ἑώρακα</em></strong></span> <span class='ocrx_word' id='word_1_20' title='bbox 2715 538 2828 604; x_wconf 78' lang='grc' dir='ltr'><strong><em>τὴν</em></strong></span> <span class='ocrx_word' id='word_1_21' title='bbox 2861 539 3070 603; x_wconf 77' lang='grc' dir='ltr'>νύκτα,</span> <span class='ocrx_word' id='word_1_22' title='bbox 3117 538 3211 591; x_wconf 79' lang='grc' dir='ltr'><strong><em>καί</em></strong></span> <span class='ocrx_word' id='word_1_23' title='bbox 3246 536 3375 591; x_wconf 75' lang='grc' dir='ltr'>ἰδοὺ</span> <span class='ocrx_word' id='word_1_24' title='bbox 3402 534 3559 604; x_wconf 76' lang='grc' dir='ltr'><strong><em>ἀνὴρ</em></strong></span> <span class='ocrx_word' id='word_1_25' title='bbox 3589 535 3779 590; x_wconf 61' lang='lat'><strong><em>£1163-</em></strong></span> 
     </span>
    </p>
   </div>
   <div class='ocr_carea' id='block_1_4' title="bbox 521 629 2089 698">
    <p class='ocr_par' dir='ltr' id='par_1_4' title="bbox 521 629 2089 698">
     <span class='ocr_line' id='line_1_4' title="bbox 521 629 2089 698; baseline -0.003 -15"><span class='ocrx_word' id='word_1_26' title='bbox 521 632 655 698; x_wconf 75' lang='grc' dir='ltr'>Ῑιιηι,</span> <span class='ocrx_word' id='word_1_27' title='bbox 692 640 740 683; x_wconf 88' lang='lat' dir='ltr'><strong><em>et</em></strong></span> <span class='ocrx_word' id='word_1_28' title='bbox 773 629 868 684; x_wconf 83' lang='lat' dir='ltr'><strong><em>iste</em></strong></span> <span class='ocrx_word' id='word_1_29' title='bbox 912 629 1084 684; x_wconf 85' lang='lat' dir='ltr'><strong><em>stabat</em></strong></span> <span class='ocrx_word' id='word_1_30' title='bbox 1132 632 1266 684; x_wconf 85' lang='lat' dir='ltr'><strong><em>inter</em></strong></span> <span class='ocrx_word' id='word_1_31' title='bbox 1302 631 1437 683; x_wconf 84' lang='lat' dir='ltr'><strong><em>duos</em></strong></span> <span class='ocrx_word' id='word_1_32' title='bbox 1468 639 1667 683; x_wconf 84' lang='lat' dir='ltr'><strong><em>montes</em></strong></span> <span class='ocrx_word' id='word_1_33' title='bbox 1716 635 2006 689; x_wconf 77' lang='lat' dir='ltr'><strong><em>umbrosas,</em></strong></span> <span class='ocrx_word' id='word_1_34' title='bbox 2042 636 2089 679; x_wconf 82' lang='lat' dir='ltr'><strong><em>et</em></strong></span> 
     </span>
    </p>
   </div>
   <div class='ocr_carea' id='block_1_5' title="bbox 519 716 2090 789">
    <p class='ocr_par' dir='ltr' id='par_1_5' title="bbox 519 716 2090 789">
     <span class='ocr_line' id='line_1_5' title="bbox 519 716 2090 789; baseline -0.001 -17"><span class='ocrx_word' id='word_1_35' title='bbox 519 729 633 788; x_wconf 85' lang='lat' dir='ltr'><strong><em>post</em></strong></span> <span class='ocrx_word' id='word_1_36' title='bbox 658 736 774 773; x_wconf 84' lang='lat' dir='ltr'><strong><em>eum</em></strong></span> <span class='ocrx_word' id='word_1_37' title='bbox 806 721 924 786; x_wconf 85' lang='lat' dir='ltr'><strong><em>equi</em></strong></span> <span class='ocrx_word' id='word_1_38' title='bbox 954 721 1079 789; x_wconf 78' lang='lat' dir='ltr'><strong><em>ruﬁ,</em></strong></span> <span class='ocrx_word' id='word_1_39' title='bbox 1110 730 1159 774; x_wconf 89' lang='lat' dir='ltr'><strong><em>et</em></strong></span> <span class='ocrx_word' id='word_1_40' title='bbox 1198 720 1478 783; x_wconf 82' lang='lat' dir='ltr'><strong><em>maculosi,</em></strong></span> <span class='ocrx_word' id='word_1_41' title='bbox 1511 729 1559 773; x_wconf 87' lang='lat' dir='ltr'><strong><em>et</em></strong></span> <span class='ocrx_word' id='word_1_42' title='bbox 1598 721 1751 782; x_wconf 79' lang='lat' dir='ltr'><strong><em>uarii,</em></strong></span> <span class='ocrx_word' id='word_1_43' title='bbox 1783 729 1830 773; x_wconf 85' lang='lat' dir='ltr'><strong><em>et</em></strong></span> <span class='ocrx_word' id='word_1_44' title='bbox 1865 719 1986 771; x_wconf 85' lang='lat' dir='ltr'><strong><em>albi.</em></strong></span> <span class='ocrx_word' id='word_1_45' title='bbox 2023 716 2090 770; x_wconf 82' lang='lat' dir='ltr'><strong><em>Et</em></strong></span> 
     </span>
    </p>
   </div>
   <div class='ocr_carea' id='block_1_6' title="bbox 518 804 2090 873">
    <p class='ocr_par' dir='ltr' id='par_1_6' title="bbox 518 804 2090 873">
     <span class='ocr_line' id='line_1_6' title="bbox 518 804 2090 873; baseline -0.003 -13"><span class='ocrx_word' id='word_1_46' title='bbox 518 807 636 862; x_wconf 71' lang='lat' dir='ltr'><strong><em>dixi</em></strong></span> <span class='ocrx_word' id='word_1_47' title='bbox 662 822 681 859; x_wconf 80' lang='lat'><strong><em>.&#39;</em></strong></span> <span class='ocrx_word' id='word_1_48' title='bbox 713 805 852 873; x_wconf 78' lang='lat' dir='ltr'><strong><em>Quid</em></strong></span> <span class='ocrx_word' id='word_1_49' title='bbox 896 810 1003 872; x_wconf 88' lang='lat' dir='ltr'><strong><em>isti,</em></strong></span> <span class='ocrx_word' id='word_1_50' title='bbox 1052 806 1313 864; x_wconf 79' lang='lat' dir='ltr'><strong><em>Domine?</em></strong></span> <span class='ocrx_word' id='word_1_51' title='bbox 1341 804 1411 863; x_wconf 84' lang='lat' dir='ltr'><strong><em>Et</em></strong></span> <span class='ocrx_word' id='word_1_52' title='bbox 1456 808 1590 860; x_wconf 68' lang='lat' dir='ltr'><strong><em>dixit</em></strong></span> <span class='ocrx_word' id='word_1_53' title='bbox 1631 806 1699 859; x_wconf 83' lang='lat' dir='ltr'><strong><em>ad</em></strong></span> <span class='ocrx_word' id='word_1_54' title='bbox 1748 820 1829 858; x_wconf 87' lang='lat' dir='ltr'><strong><em>me</em></strong></span> <span class='ocrx_word' id='word_1_55' title='bbox 1871 804 2090 872; x_wconf 78' lang='lat' dir='ltr'><strong><em>angelus</em></strong></span> 
     </span>
    </p>
   </div>
   <div class='ocr_carea' id='block_1_7' title="bbox 517 896 2091 967">
    <p class='ocr_par' dir='ltr' id='par_1_7' title="bbox 517 896 2091 967">
     <span class='ocr_line' id='line_1_7' title="bbox 517 896 2091 967; baseline -0.002 -17"><span class='ocrx_word' id='word_1_56' title='bbox 517 898 609 965; x_wconf 81' lang='lat' dir='ltr'><strong><em>qui</em></strong></span> <span class='ocrx_word' id='word_1_57' title='bbox 646 897 953 967; x_wconf 76' lang='lat' dir='ltr'><strong><em>loquebatur</em></strong></span> <span class='ocrx_word' id='word_1_58' title='bbox 981 899 1036 951; x_wconf 85' lang='lat' dir='ltr'><strong><em>in</em></strong></span> <span class='ocrx_word' id='word_1_59' title='bbox 1074 915 1153 953; x_wconf 83' lang='lat' dir='ltr'><strong><em>me</em></strong></span> <span class='ocrx_word' id='word_1_60' title='bbox 1178 915 1197 953; x_wconf 88' lang='lat'><strong><em>:</em></strong></span> <span class='ocrx_word' id='word_1_61' title='bbox 1227 897 1338 967; x_wconf 87' lang='lat' dir='ltr'><strong><em>Ego</em></strong></span> <span class='ocrx_word' id='word_1_62' title='bbox 1374 901 1646 952; x_wconf 80' lang='lat' dir='ltr'><strong><em>ostendam</em></strong></span> <span class='ocrx_word' id='word_1_63' title='bbox 1685 897 1779 949; x_wconf 85' lang='lat' dir='ltr'><strong><em>tibi</em></strong></span> <span class='ocrx_word' id='word_1_64' title='bbox 1810 896 1935 964; x_wconf 87' lang='lat' dir='ltr'><strong><em>quid</em></strong></span> <span class='ocrx_word' id='word_1_65' title='bbox 1968 906 2091 948; x_wconf 85' lang='lat' dir='ltr'><strong><em>sunt</em></strong></span> 
     </span>
    </p>
   </div>
   <div class='ocr_carea' id='block_1_8' title="bbox 519 989 2091 1059">
    <p class='ocr_par' dir='ltr' id='par_1_8' title="bbox 519 989 2091 1059">
     <span class='ocr_line' id='line_1_8' title="bbox 519 989 2091 1059; baseline -0.001 -18"><span class='ocrx_word' id='word_1_66' title='bbox 519 992 650 1043; x_wconf 65' lang='lat' dir='ltr'><strong><em>haec.</em></strong></span> <span class='ocrx_word' id='word_1_67' title='bbox 696 990 764 1042; x_wconf 83' lang='lat' dir='ltr'><strong><em>Et</em></strong></span> <span class='ocrx_word' id='word_1_68' title='bbox 802 989 1069 1059; x_wconf 84' lang='lat' dir='ltr'><strong><em>respondit</em></strong></span> <span class='ocrx_word' id='word_1_69' title='bbox 1124 992 1208 1044; x_wconf 81' lang='lat' dir='ltr'><strong><em>uir</em></strong></span> <span class='ocrx_word' id='word_1_70' title='bbox 1248 989 1338 1059; x_wconf 85' lang='lat' dir='ltr'><strong><em>qui</em></strong></span> <span class='ocrx_word' id='word_1_71' title='bbox 1383 989 1554 1043; x_wconf 81' lang='lat' dir='ltr'><strong><em>stabat</em></strong></span> <span class='ocrx_word' id='word_1_72' title='bbox 1595 989 1734 1041; x_wconf 83' lang='lat' dir='ltr'><strong><em>inter</em></strong></span> <span class='ocrx_word' id='word_1_73' title='bbox 1774 997 1996 1049; x_wconf 84' lang='lat' dir='ltr'><strong><em>montes,</em></strong></span> <span class='ocrx_word' id='word_1_74' title='bbox 2040 994 2091 1039; x_wconf 84' lang='lat' dir='ltr'><strong><em>et</em></strong></span> 
     </span>
    </p>
   </div>
   <div class='ocr_carea' id='block_1_9' title="bbox 518 1078 2092 1150">
    <p class='ocr_par' dir='ltr' id='par_1_9' title="bbox 518 1078 2092 1150">
     <span class='ocr_line' id='line_1_9' title="bbox 518 1078 2092 1150; baseline -0.001 -19"><span class='ocrx_word' id='word_1_75' title='bbox 518 1081 653 1134; x_wconf 73' lang='lat' dir='ltr'><strong><em>dixit</em></strong></span> <span class='ocrx_word' id='word_1_76' title='bbox 684 1080 752 1133; x_wconf 84' lang='lat' dir='ltr'><strong><em>ad</em></strong></span> <span class='ocrx_word' id='word_1_77' title='bbox 797 1096 921 1134; x_wconf 86' lang='lat' dir='ltr'><strong><em>me:</em></strong></span> <span class='ocrx_word' id='word_1_78' title='bbox 953 1080 1054 1134; x_wconf 80' lang='lat' dir='ltr'><strong><em>Isti</em></strong></span> <span class='ocrx_word' id='word_1_79' title='bbox 1085 1092 1206 1135; x_wconf 81' lang='lat' dir='ltr'><strong><em>sunt</em></strong></span> <span class='ocrx_word' id='word_1_80' title='bbox 1247 1096 1374 1150; x_wconf 82' lang='lat' dir='ltr'><strong><em>quos</em></strong></span> <span class='ocrx_word' id='word_1_81' title='bbox 1405 1080 1544 1131; x_wconf 87' lang='lat' dir='ltr'><strong><em>misit</em></strong></span> <span class='ocrx_word' id='word_1_82' title='bbox 1590 1078 1845 1131; x_wconf 81' lang='lat' dir='ltr'><strong><em>Dominus</em></strong></span> <span class='ocrx_word' id='word_1_83' title='bbox 1885 1087 1940 1131; x_wconf 86' lang='lat' dir='ltr'><strong><em>ut</em></strong></span> <span class='ocrx_word' id='word_1_84' title='bbox 1984 1078 2092 1130; x_wconf 87' lang='lat' dir='ltr'><strong><em>cir-</em></strong></span> 
     </span>
    </p>
   </div>
   <div class='ocr_carea' id='block_1_10' title="bbox 517 1168 2091 1241">
    <p class='ocr_par' dir='ltr' id='par_1_10' title="bbox 517 1168 2091 1241">
     <span class='ocr_line' id='line_1_10' title="bbox 517 1168 2091 1241; baseline 0.001 -21"><span class='ocrx_word' id='word_1_85' title='bbox 517 1172 770 1224; x_wconf 72' lang='lat' dir='ltr'><strong><em>cumirent</em></strong></span> <span class='ocrx_word' id='word_1_86' title='bbox 800 1178 1019 1224; x_wconf 83' lang='lat' dir='ltr'><strong><em>terram.</em></strong></span> <span class='ocrx_word' id='word_1_87' title='bbox 1051 1170 1115 1224; x_wconf 83' lang='lat' dir='ltr'><strong><em>Et</em></strong></span> <span class='ocrx_word' id='word_1_88' title='bbox 1142 1170 1519 1241; x_wconf 83' lang='lat' dir='ltr'><strong><em>responderunt</em></strong></span> <span class='ocrx_word' id='word_1_89' title='bbox 1547 1169 1732 1239; x_wconf 83' lang='lat' dir='ltr'><strong><em>angelo</em></strong></span> <span class='ocrx_word' id='word_1_90' title='bbox 1760 1168 1972 1221; x_wconf 85' lang='lat' dir='ltr'><strong><em>Domini</em></strong></span> <span class='ocrx_word' id='word_1_91' title='bbox 1999 1168 2091 1236; x_wconf 82' lang='lat' dir='ltr'><strong><em>qui</em></strong></span> 
     </span>
    </p>
   </div>
   <div class='ocr_carea' id='block_1_11' title="bbox 518 1259 2093 1326">
    <p class='ocr_par' dir='ltr' id='par_1_11' title="bbox 518 1259 2093 1326">
     <span class='ocr_line' id='line_1_11' title="bbox 518 1259 2093 1326; baseline 0.001 -15"><span class='ocrx_word' id='word_1_92' title='bbox 518 1260 690 1314; x_wconf 86' lang='lat' dir='ltr'><strong><em>stabat</em></strong></span> <span class='ocrx_word' id='word_1_93' title='bbox 729 1263 867 1315; x_wconf 85' lang='lat' dir='ltr'><strong><em>inter</em></strong></span> <span class='ocrx_word' id='word_1_94' title='bbox 909 1271 1130 1326; x_wconf 85' lang='lat' dir='ltr'><strong><em>montes,</em></strong></span> <span class='ocrx_word' id='word_1_95' title='bbox 1181 1271 1231 1315; x_wconf 87' lang='lat' dir='ltr'><strong><em>et</em></strong></span> <span class='ocrx_word' id='word_1_96' title='bbox 1265 1262 1509 1316; x_wconf 74' lang='lat' dir='ltr'><strong><em>dixerunt</em></strong></span> <span class='ocrx_word' id='word_1_97' title='bbox 1539 1277 1557 1315; x_wconf 90' lang='lat'><strong><em>:</em></strong></span> <span class='ocrx_word' id='word_1_98' title='bbox 1586 1259 1933 1317; x_wconf 84' lang='lat' dir='ltr'><strong><em>Cirruiuimus</em></strong></span> <span class='ocrx_word' id='word_1_99' title='bbox 1977 1276 2093 1313; x_wconf 86' lang='lat' dir='ltr'><strong><em>om-</em></strong></span> 
     </span>
    </p>
   </div>
   <div class='ocr_carea' id='block_1_12' title="bbox 521 1351 2089 1418">
    <p class='ocr_par' dir='ltr' id='par_1_12' title="bbox 521 1351 2089 1418">
     <span class='ocr_line' id='line_1_12' title="bbox 521 1351 2089 1418; baseline 0.002 -18"><span class='ocrx_word' id='word_1_100' title='bbox 521 1364 634 1402; x_wconf 77' lang='lat' dir='ltr'><strong><em>nem</em></strong></span> <span class='ocrx_word' id='word_1_101' title='bbox 696 1360 922 1415; x_wconf 90' lang='lat' dir='ltr'><strong><em>terram,</em></strong></span> <span class='ocrx_word' id='word_1_102' title='bbox 987 1362 1032 1405; x_wconf 84' lang='lat' dir='ltr'><strong><em>et</em></strong></span> <span class='ocrx_word' id='word_1_103' title='bbox 1090 1368 1205 1407; x_wconf 88' lang='lat' dir='ltr'><strong><em>ecce</em></strong></span> <span class='ocrx_word' id='word_1_104' title='bbox 1260 1352 1430 1405; x_wconf 85' lang='lat' dir='ltr'><strong><em>omnis</em></strong></span> <span class='ocrx_word' id='word_1_105' title='bbox 1484 1367 1621 1405; x_wconf 87' lang='lat' dir='ltr'><strong><em>.erra</em></strong></span> <span class='ocrx_word' id='word_1_106' title='bbox 1683 1351 1989 1418; x_wconf 83' lang='lat' dir='ltr'><strong><em>habitatur,</em></strong></span> <span class='ocrx_word' id='word_1_107' title='bbox 2042 1362 2089 1403; x_wconf 91' lang='lat' dir='ltr'><strong><em>et</em></strong></span> 
     </span>
    </p>
   </div>
   <div class='ocr_carea' id='block_1_13' title="bbox 518 1440 751 1507">
    <p class='ocr_par' dir='ltr' id='par_1_13' title="bbox 518 1440 751 1507">
     <span class='ocr_line' id='line_1_13' title="bbox 518 1440 751 1507; baseline 0.017 -17"><span class='ocrx_word' id='word_1_108' title='bbox 518 1440 751 1507; x_wconf 82' lang='lat' dir='ltr'><strong><em>quiescit.</em></strong></span> 
     </span>
    </p>
   </div>
   <div class='ocr_carea' id='block_1_14' title="bbox 592 1706 2092 1778">
    <p class='ocr_par' dir='ltr' id='par_1_14' title="bbox 592 1706 2092 1778">
     <span class='ocr_line' id='line_1_14' title="bbox 592 1706 2092 1778; baseline -0.003 -17"><span class='ocrx_word' id='word_1_109' title='bbox 592 1708 656 1765; x_wconf 86' lang='lat' dir='ltr'><strong><em>V.</em></strong></span> <span class='ocrx_word' id='word_1_110' title='bbox 700 1708 1089 1774; x_wconf 85' lang='lat' dir='ltr'><strong><em>Particulatim,</em></strong></span> <span class='ocrx_word' id='word_1_111' title='bbox 1138 1711 1412 1778; x_wconf 83' lang='lat' dir='ltr'><strong><em>certisque</em></strong></span> <span class='ocrx_word' id='word_1_112' title='bbox 1460 1707 1790 1778; x_wconf 76' lang='lat' dir='ltr'><strong><em>temporibus</em></strong></span> <span class='ocrx_word' id='word_1_113' title='bbox 1828 1708 1964 1762; x_wconf 88' lang='lat' dir='ltr'><strong><em>Deus</em></strong></span> <span class='ocrx_word' id='word_1_114' title='bbox 2014 1706 2092 1760; x_wconf 88' lang='lat' dir='ltr'><strong><em>vi-.-</em></strong></span> 
     </span>
    </p>
   </div>
   <div class='ocr_carea' id='block_1_15' title="bbox 520 1796 2089 1868">
    <p class='ocr_par' dir='ltr' id='par_1_15' title="bbox 520 1796 2089 1868">
     <span class='ocr_line' id='line_1_15' title="bbox 520 1796 2089 1868; baseline -0.001 -18"><span class='ocrx_word' id='word_1_115' title='bbox 520 1799 701 1852; x_wconf 80' lang='lat' dir='ltr'><strong><em>sioucs</em></strong></span> <span class='ocrx_word' id='word_1_116' title='bbox 738 1797 944 1853; x_wconf 84' lang='lat' dir='ltr'><strong><em>sanctis</em></strong></span> <span class='ocrx_word' id='word_1_117' title='bbox 974 1798 1251 1868; x_wconf 84' lang='lat' dir='ltr'><strong><em>prophetis</em></strong></span> <span class='ocrx_word' id='word_1_118' title='bbox 1293 1796 1589 1853; x_wconf 87' lang='lat' dir='ltr'><strong><em>revelabat.</em></strong></span> <span class='ocrx_word' id='word_1_119' title='bbox 1644 1796 1757 1852; x_wconf 84' lang='lat' dir='ltr'><strong><em>Dici</em></strong></span> <span class='ocrx_word' id='word_1_120' title='bbox 1803 1797 1949 1852; x_wconf 90' lang='lat' dir='ltr'><strong><em>enim</em></strong></span> <span class='ocrx_word' id='word_1_121' title='bbox 1982 1812 2089 1850; x_wconf 89' lang='lat' dir='ltr'><strong><em>non</em></strong></span> 
     </span>
    </p>
   </div>
   <div class='ocr_carea' id='block_1_16' title="bbox 2200 623 3778 698">
    <p class='ocr_par' dir='ltr' id='par_1_16' title="bbox 2200 623 3778 698">
     <span class='ocr_line' id='line_1_16' title="bbox 2200 623 3778 698; baseline -0.004 -14"><span class='ocrx_word' id='word_1_122' title='bbox 2200 629 2395 697; x_wconf 75' lang='grc' dir='ltr'>ὅηκὼς</span> <span class='ocrx_word' id='word_1_123' title='bbox 2446 630 2543 683; x_wconf 78' lang='grc' dir='ltr'><strong><em>ἐπὶ</em></strong></span> <span class='ocrx_word' id='word_1_124' title='bbox 2598 632 2785 697; x_wconf 76' lang='grc' dir='ltr'>ἵππον</span> <span class='ocrx_word' id='word_1_125' title='bbox 2832 628 3094 698; x_wconf 77' lang='grc' dir='ltr'>πυρῤὸν,</span> <span class='ocrx_word' id='word_1_126' title='bbox 3145 629 3245 682; x_wconf 83' lang='lat' dir='ltr'><strong><em>ual</em></strong></span> <span class='ocrx_word' id='word_1_127' title='bbox 3293 623 3471 693; x_wconf 82' lang='grc' dir='ltr'>οὗτος</span> <span class='ocrx_word' id='word_1_128' title='bbox 3516 625 3778 694; x_wconf 76' lang='grc' dir='ltr'><strong><em>εἱστήκει</em></strong></span> 
     </span>
    </p>
   </div>
   <div class='ocr_carea' id='block_1_17' title="bbox 2199 716 3778 789">
    <p class='ocr_par' dir='ltr' id='par_1_17' title="bbox 2199 716 3778 789">
     <span class='ocr_line' id='line_1_17' title="bbox 2199 716 3778 789; baseline -0.003 -16"><span class='ocrx_word' id='word_1_129' title='bbox 2199 720 2510 789; x_wconf 79' lang='grc' dir='ltr'><strong><em>ἁναμέσον</em></strong></span> <span class='ocrx_word' id='word_1_130' title='bbox 2558 719 2672 773; x_wconf 80' lang='grc' dir='ltr'><strong><em>τῶν</em></strong></span> <span class='ocrx_word' id='word_1_131' title='bbox 2711 720 2819 775; x_wconf 81' lang='grc' dir='ltr'><strong><em>δύο</em></strong></span> <span class='ocrx_word' id='word_1_132' title='bbox 2872 718 3057 786; x_wconf 78' lang='grc' dir='ltr'>ὀρέων</span> <span class='ocrx_word' id='word_1_133' title='bbox 3103 716 3221 771; x_wconf 77' lang='grc' dir='ltr'>τῶν</span> <span class='ocrx_word' id='word_1_134' title='bbox 3271 717 3634 779; x_wconf 73' lang='grc' dir='ltr'>κατασκίων,</span> <span class='ocrx_word' id='word_1_135' title='bbox 3679 718 3778 770; x_wconf 78' lang='grc' dir='ltr'>καὶ</span> 
     </span>
    </p>
   </div>
   <div class='ocr_carea' id='block_1_18' title="bbox 2201 807 3779 878">
    <p class='ocr_par' dir='ltr' id='par_1_18' title="bbox 2201 807 3779 878">
     <span class='ocr_line' id='line_1_18' title="bbox 2201 807 3779 878; baseline -0.003 -14"><span class='ocrx_word' id='word_1_136' title='bbox 2201 814 2394 867; x_wconf 82' lang='grc' dir='ltr'><em>ὀπίσω</em></span> <span class='ocrx_word' id='word_1_137' title='bbox 2421 813 2605 867; x_wconf 85' lang='grc' dir='ltr'>αὐτοῦ</span> <span class='ocrx_word' id='word_1_138' title='bbox 2630 814 2797 866; x_wconf 75' lang='grc' dir='ltr'>ἵπποι</span> <span class='ocrx_word' id='word_1_139' title='bbox 2824 811 3057 878; x_wconf 77' lang='grc' dir='ltr'>πυρῤοὶ.</span> <span class='ocrx_word' id='word_1_140' title='bbox 3091 810 3191 863; x_wconf 79' lang='grc' dir='ltr'>καὶ</span> <span class='ocrx_word' id='word_1_141' title='bbox 3224 809 3427 878; x_wconf 73' lang='grc' dir='ltr'>ψαροί,</span> <span class='ocrx_word' id='word_1_142' title='bbox 3455 808 3556 862; x_wconf 79' lang='lat' dir='ltr'><strong><em>ual</em></strong></span> <span class='ocrx_word' id='word_1_143' title='bbox 3585 807 3779 861; x_wconf 78' lang='grc' dir='ltr'>ποικι-</span> 
     </span>
    </p>
   </div>
   <div class='ocr_carea' id='block_1_19' title="bbox 2198 893 3779 965">
    <p class='ocr_par' dir='ltr' id='par_1_19' title="bbox 2198 893 3779 965">
     <span class='ocr_line' id='line_1_19' title="bbox 2198 893 3779 965; baseline -0.003 -13"><span class='ocrx_word' id='word_1_144' title='bbox 2198 902 2318 965; x_wconf 76' lang='grc' dir='ltr'>λοι,</span> <span class='ocrx_word' id='word_1_145' title='bbox 2351 898 2447 952; x_wconf 75' lang='grc' dir='ltr'><strong><em>καί</em></strong></span> <span class='ocrx_word' id='word_1_146' title='bbox 2475 900 2707 954; x_wconf 70' lang='grc' dir='ltr'>λευκοί.</span> <span class='ocrx_word' id='word_1_147' title='bbox 2735 899 2845 954; x_wconf 98' lang='lat' dir='ltr'><strong><em>Kal</em></strong></span> <span class='ocrx_word' id='word_1_148' title='bbox 2876 895 3017 952; x_wconf 76' lang='grc' dir='ltr'>εἶπα</span> <span class='ocrx_word' id='word_1_149' title='bbox 3036 913 3050 928; x_wconf 87' lang='grc'><strong>·</strong></span> <span class='ocrx_word' id='word_1_150' title='bbox 3104 897 3172 951; x_wconf 76' lang='lat' dir='ltr'><strong><em>TI</em></strong></span> <span class='ocrx_word' id='word_1_151' title='bbox 3205 893 3391 963; x_wconf 85' lang='grc' dir='ltr'>οὗτοι,</span> <span class='ocrx_word' id='word_1_152' title='bbox 3427 898 3641 965; x_wconf 79' lang='grc' dir='ltr'>Κύριε;</span> <span class='ocrx_word' id='word_1_153' title='bbox 3668 895 3779 950; x_wconf 82' lang='lat' dir='ltr'><strong><em>Kal</em></strong></span> 
     </span>
    </p>
   </div>
   <div class='ocr_carea' id='block_1_20' title="bbox 2198 982 3779 1060">
    <p class='ocr_par' dir='ltr' id='par_1_20' title="bbox 2198 982 3779 1060">
     <span class='ocr_line' id='line_1_20' title="bbox 2198 982 3779 1060; baseline -0.001 -20"><span class='ocrx_word' id='word_1_154' title='bbox 2198 983 2329 1041; x_wconf 82' lang='grc' dir='ltr'>εἷπε</span> <span class='ocrx_word' id='word_1_155' title='bbox 2375 988 2525 1056; x_wconf 80' lang='grc' dir='ltr'>πρός</span> <span class='ocrx_word' id='word_1_156' title='bbox 2564 1005 2640 1057; x_wconf 83' lang='grc' dir='ltr'>με</span> <span class='ocrx_word' id='word_1_157' title='bbox 2689 989 2944 1058; x_wconf 65' lang='grc' dir='ltr'>ἄγγελοι,-</span> <span class='ocrx_word' id='word_1_158' title='bbox 2985 991 3018 1040; x_wconf 86' lang='lat' dir='ltr'><strong><em>d</em></strong></span> <span class='ocrx_word' id='word_1_159' title='bbox 3061 987 3271 1042; x_wconf 74' lang='grc' dir='ltr'>λαλῶν</span> <span class='ocrx_word' id='word_1_160' title='bbox 3307 988 3389 1060; x_wconf 38' lang='grc' dir='ltr'><strong><em>ἐν.</em></strong></span> <span class='ocrx_word' id='word_1_161' title='bbox 3412 986 3544 1055; x_wconf 81' lang='grc' dir='ltr'>ἐμοι</span> <span class='ocrx_word' id='word_1_162' title='bbox 3568 1001 3581 1015; x_wconf 89' lang='grc'><strong>·</strong></span> <span class='ocrx_word' id='word_1_163' title='bbox 3631 982 3779 1053; x_wconf 63' lang='grc' dir='ltr'><strong><em>Ἐγὼ</em></strong></span> 
     </span>
    </p>
   </div>
   <div class='ocr_carea' id='block_1_21' title="bbox 2199 1075 3775 1146">
    <p class='ocr_par' dir='ltr' id='par_1_21' title="bbox 2199 1075 3775 1146">
     <span class='ocr_line' id='line_1_21' title="bbox 2199 1075 3775 1146; baseline -0.002 -15"><span class='ocrx_word' id='word_1_164' title='bbox 2199 1078 2375 1143; x_wconf 79' lang='grc' dir='ltr'>δείξω</span> <span class='ocrx_word' id='word_1_165' title='bbox 2408 1095 2507 1133; x_wconf 88' lang='grc' dir='ltr'><strong><em>σοι</em></strong></span> <span class='ocrx_word' id='word_1_166' title='bbox 2534 1080 2591 1131; x_wconf 83' lang='grc' dir='ltr'><strong><em>τί</em></strong></span> <span class='ocrx_word' id='word_1_167' title='bbox 2614 1078 2743 1131; x_wconf 80' lang='grc' dir='ltr'><strong><em>ἐστι</em></strong></span> <span class='ocrx_word' id='word_1_168' title='bbox 2772 1078 2980 1132; x_wconf 82' lang='grc' dir='ltr'>ταῦτα.</span> <span class='ocrx_word' id='word_1_169' title='bbox 3023 1078 3130 1132; x_wconf 80' lang='grc' dir='ltr'><strong><em>Καὶ</em></strong></span> <span class='ocrx_word' id='word_1_170' title='bbox 3176 1078 3467 1146; x_wconf 78' lang='grc' dir='ltr'><strong><em>ἀπεκρίθη</em></strong></span> <span class='ocrx_word' id='word_1_171' title='bbox 3493 1079 3526 1129; x_wconf 82' lang='grc' dir='ltr'><strong><em>δ</em></strong></span> <span class='ocrx_word' id='word_1_172' title='bbox 3557 1075 3711 1143; x_wconf 78' lang='grc' dir='ltr'><strong><em>ἀνὴρ</em></strong></span> <span class='ocrx_word' id='word_1_173' title='bbox 3742 1078 3775 1128; x_wconf 83' lang='grc' dir='ltr'><em>ὀ</em></span> 
     </span>
    </p>
   </div>
   <div class='ocr_carea' id='block_1_22' title="bbox 2198 1162 3777 1237">
    <p class='ocr_par' dir='ltr' id='par_1_22' title="bbox 2198 1162 3777 1237">
     <span class='ocr_line' id='line_1_22' title="bbox 2198 1162 3777 1237; baseline -0.004 -14"><span class='ocrx_word' id='word_1_174' title='bbox 2198 1169 2545 1237; x_wconf 73' lang='grc' dir='ltr'><strong><em>ἐφεστηκὼς</em></strong></span> <span class='ocrx_word' id='word_1_175' title='bbox 2578 1169 2884 1237; x_wconf 82' lang='grc' dir='ltr'><strong><em>ἁναμέσον</em></strong></span> <span class='ocrx_word' id='word_1_176' title='bbox 2910 1166 3028 1221; x_wconf 79' lang='grc' dir='ltr'><strong><em>τῶν</em></strong></span> <span class='ocrx_word' id='word_1_177' title='bbox 3066 1167 3270 1235; x_wconf 79' lang='grc' dir='ltr'>ὀρέων,</span> <span class='ocrx_word' id='word_1_178' title='bbox 3303 1165 3401 1220; x_wconf 79' lang='grc' dir='ltr'>καὶ</span> <span class='ocrx_word' id='word_1_179' title='bbox 3452 1162 3583 1220; x_wconf 82' lang='grc' dir='ltr'>εἷπε</span> <span class='ocrx_word' id='word_1_180' title='bbox 3628 1165 3777 1233; x_wconf 81' lang='grc' dir='ltr'>πρός</span> 
     </span>
    </p>
   </div>
   <div class='ocr_carea' id='block_1_23' title="bbox 2193 1257 3779 1330">
    <p class='ocr_par' dir='ltr' id='par_1_23' title="bbox 2193 1257 3779 1330">
     <span class='ocr_line' id='line_1_23' title="bbox 2193 1257 3779 1330; baseline -0.004 -17"><span class='ocrx_word' id='word_1_181' title='bbox 2193 1277 2306 1330; x_wconf 72' lang='grc' dir='ltr'><strong><em>με*</em></strong></span> <span class='ocrx_word' id='word_1_182' title='bbox 2353 1257 2530 1317; x_wconf 80' lang='grc' dir='ltr'>Οὗτοί</span> <span class='ocrx_word' id='word_1_183' title='bbox 2573 1262 2729 1314; x_wconf 71' lang='grc' dir='ltr'><em>εἰσιν</em></span> <span class='ocrx_word' id='word_1_184' title='bbox 2781 1259 2888 1325; x_wconf 79' lang='grc' dir='ltr'>οὓς</span> <span class='ocrx_word' id='word_1_185' title='bbox 2931 1258 3322 1323; x_wconf 77' lang='grc' dir='ltr'><strong><em>ἐξαπέστειλε</em></strong></span> <span class='ocrx_word' id='word_1_186' title='bbox 3369 1258 3583 1325; x_wconf 84' lang='grc' dir='ltr'>Κύριος</span> <span class='ocrx_word' id='word_1_187' title='bbox 3619 1269 3779 1323; x_wconf 79' lang='grc' dir='ltr'>περι-</span> 
     </span>
    </p>
   </div>
   <div class='ocr_carea' id='block_1_24' title="bbox 2200 1344 3779 1419">
    <p class='ocr_par' dir='ltr' id='par_1_24' title="bbox 2200 1344 3779 1419">
     <span class='ocr_line' id='line_1_24' title="bbox 2200 1344 3779 1419; baseline -0.005 -14"><span class='ocrx_word' id='word_1_188' title='bbox 2200 1351 2447 1406; x_wconf 80' lang='grc' dir='ltr'>οδεῦσαι</span> <span class='ocrx_word' id='word_1_189' title='bbox 2495 1350 2610 1419; x_wconf 78' lang='grc' dir='ltr'><strong><em>τὴν</em></strong></span> <span class='ocrx_word' id='word_1_190' title='bbox 2652 1349 2789 1419; x_wconf 72' lang='grc' dir='ltr'><strong><em>γῆν.</em></strong></span> <span class='ocrx_word' id='word_1_191' title='bbox 2829 1350 2939 1404; x_wconf 80' lang='grc' dir='ltr'><strong><em>Καὶ</em></strong></span> <span class='ocrx_word' id='word_1_192' title='bbox 2985 1350 3400 1418; x_wconf 79' lang='grc' dir='ltr'><strong><em>ἀπεκρίθησαν</em></strong></span> <span class='ocrx_word' id='word_1_193' title='bbox 3426 1345 3507 1412; x_wconf 85' lang='grc' dir='ltr'><strong><em>τῷ</em></strong></span> <span class='ocrx_word' id='word_1_194' title='bbox 3545 1344 3779 1416; x_wconf 75' lang='grc' dir='ltr'>ἀγγέλῳ</span> 
     </span>
    </p>
   </div>
   <div class='ocr_carea' id='block_1_25' title="bbox 2200 1438 3773 1512">
    <p class='ocr_par' dir='ltr' id='par_1_25' title="bbox 2200 1438 3773 1512">
     <span class='ocr_line' id='line_1_25' title="bbox 2200 1438 3773 1512; baseline -0.004 -15"><span class='ocrx_word' id='word_1_195' title='bbox 2200 1444 2421 1511; x_wconf 81' lang='grc' dir='ltr'><strong><em>Κυρίου</em></strong></span> <span class='ocrx_word' id='word_1_196' title='bbox 2468 1443 2547 1509; x_wconf 86' lang='grc' dir='ltr'><strong><em>τῷ</em></strong></span> <span class='ocrx_word' id='word_1_197' title='bbox 2595 1442 2882 1512; x_wconf 71' lang='grc' dir='ltr'>ἐφεστῶτι</span> <span class='ocrx_word' id='word_1_198' title='bbox 2924 1440 3234 1511; x_wconf 82' lang='grc' dir='ltr'>ἀναμέσον</span> <span class='ocrx_word' id='word_1_199' title='bbox 3271 1439 3390 1494; x_wconf 75' lang='grc' dir='ltr'><strong><em>τῶν</em></strong></span> <span class='ocrx_word' id='word_1_200' title='bbox 3431 1438 3635 1508; x_wconf 75' lang='grc' dir='ltr'>ὀρέων,</span> <span class='ocrx_word' id='word_1_201' title='bbox 3674 1438 3773 1491; x_wconf 72' lang='grc' dir='ltr'><strong><em>καὶ</em></strong></span> 
     </span>
    </p>
   </div>
   <div class='ocr_carea' id='block_1_26' title="bbox 2199 1524 3775 1600">
    <p class='ocr_par' dir='ltr' id='par_1_26' title="bbox 2199 1524 3775 1600">
     <span class='ocr_line' id='line_1_26' title="bbox 2199 1524 3775 1600; baseline -0.004 -14"><span class='ocrx_word' id='word_1_202' title='bbox 2199 1533 2373 1586; x_wconf 79' lang='grc' dir='ltr'>εἷπον</span> <span class='ocrx_word' id='word_1_203' title='bbox 2393 1547 2408 1563; x_wconf 76' lang='grc' dir='ltr'><strong>ο</strong></span> <span class='ocrx_word' id='word_1_204' title='bbox 2457 1532 2947 1600; x_wconf 81' lang='grc' dir='ltr'>ΙΙεριωδεύσαμεν</span> <span class='ocrx_word' id='word_1_205' title='bbox 2978 1529 3186 1585; x_wconf 83' lang='grc' dir='ltr'>πᾶσαν</span> <span class='ocrx_word' id='word_1_206' title='bbox 3212 1529 3329 1598; x_wconf 80' lang='grc' dir='ltr'><strong><em>τὴν</em></strong></span> <span class='ocrx_word' id='word_1_207' title='bbox 3356 1526 3489 1599; x_wconf 76' lang='grc' dir='ltr'>γῆν,</span> <span class='ocrx_word' id='word_1_208' title='bbox 3517 1527 3617 1581; x_wconf 83' lang='grc' dir='ltr'>καὶ</span> <span class='ocrx_word' id='word_1_209' title='bbox 3645 1524 3775 1580; x_wconf 81' lang='grc' dir='ltr'>ίδοὺ</span> 
     </span>
    </p>
   </div>
   <div class='ocr_carea' id='block_1_27' title="bbox 2204 1619 3415 1691">
    <p class='ocr_par' dir='ltr' id='par_1_27' title="bbox 2204 1619 3415 1691">
     <span class='ocr_line' id='line_1_27' title="bbox 2204 1619 3415 1691; baseline -0.002 -15"><span class='ocrx_word' id='word_1_210' title='bbox 2204 1622 2371 1679; x_wconf 82' lang='grc' dir='ltr'>πᾶσα</span> <span class='ocrx_word' id='word_1_211' title='bbox 2395 1624 2433 1689; x_wconf 69' lang='grc' dir='ltr'>ἡ</span> <span class='ocrx_word' id='word_1_212' title='bbox 2462 1621 2535 1691; x_wconf 75' lang='grc' dir='ltr'>γῆ</span> <span class='ocrx_word' id='word_1_213' title='bbox 2571 1620 2951 1685; x_wconf 81' lang='grc' dir='ltr'><strong><em>κατοικεῖται,</em></strong></span> <span class='ocrx_word' id='word_1_214' title='bbox 2978 1621 3080 1675; x_wconf 78' lang='grc' dir='ltr'><strong><em>καὶ</em></strong></span> <span class='ocrx_word' id='word_1_215' title='bbox 3110 1619 3415 1690; x_wconf 75' lang='grc' dir='ltr'>ἡσυχάζει.</span> 
     </span>
    </p>
   </div>
   <div class='ocr_carea' id='block_1_28' title="bbox 2274 1709 3777 1784">
    <p class='ocr_par' dir='ltr' id='par_1_28' title="bbox 2274 1709 3777 1784">
     <span class='ocr_line' id='line_1_28' title="bbox 2274 1709 3777 1784; baseline -0.005 -16"><span class='ocrx_word' id='word_1_216' title='bbox 2274 1715 2351 1768; x_wconf 85' lang='grc' dir='ltr'><strong><em>Ε’.</em></strong></span> <span class='ocrx_word' id='word_1_217' title='bbox 2394 1714 2522 1767; x_wconf 79' lang='grc' dir='ltr'><strong><em>Ἀνὰ</em></strong></span> <span class='ocrx_word' id='word_1_218' title='bbox 2555 1714 2720 1784; x_wconf 83' lang='grc' dir='ltr'><strong><em>μέρος</em></strong></span> <span class='ocrx_word' id='word_1_219' title='bbox 2749 1715 2843 1767; x_wconf 84' lang='lat' dir='ltr'><strong><em>uel</em></strong></span> <span class='ocrx_word' id='word_1_220' title='bbox 2873 1713 3013 1766; x_wconf 84' lang='grc' dir='ltr'>κατὰ</span> <span class='ocrx_word' id='word_1_221' title='bbox 3049 1713 3275 1784; x_wconf 81' lang='grc' dir='ltr'>καιροὺς</span> <span class='ocrx_word' id='word_1_222' title='bbox 3301 1711 3399 1775; x_wconf 85' lang='grc' dir='ltr'><strong><em>τὰς</em></strong></span> <span class='ocrx_word' id='word_1_223' title='bbox 3425 1709 3644 1781; x_wconf 79' lang='grc' dir='ltr'><strong><em>ὁράσεις</em></strong></span> <span class='ocrx_word' id='word_1_224' title='bbox 3665 1710 3777 1770; x_wconf 77' lang='grc' dir='ltr'>τοῖς</span> 
     </span>
    </p>
   </div>
   <div class='ocr_carea' id='block_1_29' title="bbox 2202 1799 3775 1877">
    <p class='ocr_par' dir='ltr' id='par_1_29' title="bbox 2202 1799 3775 1877">
     <span class='ocr_line' id='line_1_29' title="bbox 2202 1799 3775 1877; baseline -0.006 -16"><span class='ocrx_word' id='word_1_225' title='bbox 2202 1808 2379 1877; x_wconf 81' lang='grc' dir='ltr'>ἁγίοις</span> <span class='ocrx_word' id='word_1_226' title='bbox 2426 1808 2729 1877; x_wconf 75' lang='grc' dir='ltr'><strong><em>προφήταις</em></strong></span> <span class='ocrx_word' id='word_1_227' title='bbox 2780 1805 3143 1872; x_wconf 80' lang='grc' dir='ltr'>ὲξεκάλυπτεν</span> <span class='ocrx_word' id='word_1_228' title='bbox 3173 1805 3201 1856; x_wconf 99' lang='lat'><strong><em>6</em></strong></span> <span class='ocrx_word' id='word_1_229' title='bbox 3230 1804 3381 1868; x_wconf 87' lang='grc' dir='ltr'>Θεός.</span> <span class='ocrx_word' id='word_1_230' title='bbox 3413 1802 3487 1857; x_wconf 80' lang='grc' dir='ltr'><strong><em>Οὐ</em></strong></span> <span class='ocrx_word' id='word_1_231' title='bbox 3521 1802 3629 1871; x_wconf 88' lang='grc' dir='ltr'><strong><em>γάρ</em></strong></span> <span class='ocrx_word' id='word_1_232' title='bbox 3673 1799 3775 1852; x_wconf 87' lang='grc' dir='ltr'><strong><em>πού</em></strong></span> 
     </span>
    </p>
   </div>
   <div class='ocr_carea' id='block_1_30' title="bbox 526 1888 2092 1969">
    <p class='ocr_par' dir='ltr' id='par_1_30' title="bbox 526 1888 2091 1958">
     <span class='ocr_line' id='line_1_30' title="bbox 526 1888 2091 1958; baseline 0.001 -17"><span class='ocrx_word' id='word_1_233' title='bbox 526 1899 699 1957; x_wconf 76' lang='lat' dir='ltr'><strong><em>potest</em></strong></span> <span class='ocrx_word' id='word_1_234' title='bbox 730 1904 965 1957; x_wconf 80' lang='lat' dir='ltr'><strong><em>semper,</em></strong></span> <span class='ocrx_word' id='word_1_235' title='bbox 1008 1899 1063 1943; x_wconf 90' lang='lat' dir='ltr'><strong><em>et</em></strong></span> <span class='ocrx_word' id='word_1_236' title='bbox 1091 1889 1304 1952; x_wconf 84' lang='lat' dir='ltr'><strong><em>crebro,</em></strong></span> <span class='ocrx_word' id='word_1_237' title='bbox 1336 1899 1392 1944; x_wconf 88' lang='lat' dir='ltr'><strong><em>et</em></strong></span> <span class='ocrx_word' id='word_1_238' title='bbox 1425 1888 1573 1943; x_wconf 89' lang='lat' dir='ltr'><strong><em>nullo</em></strong></span> <span class='ocrx_word' id='word_1_239' title='bbox 1602 1903 1826 1958; x_wconf 84' lang='lat' dir='ltr'><strong><em>prorsus</em></strong></span> <span class='ocrx_word' id='word_1_240' title='bbox 1857 1890 2091 1945; x_wconf 87' lang='lat' dir='ltr'><strong><em>interce-</em></strong></span> 
     </span>
    </p>
   </div>
   <div class='ocr_carea' id='block_1_31' title="bbox 2198 1888 3776 1969">
    <p class='ocr_par' dir='ltr' id='par_1_31' title="bbox 2198 1894 3776 1969">
     <span class='ocr_line' id='line_1_31' title="bbox 2198 1894 3776 1969; baseline -0.008 -16"><span class='ocrx_word' id='word_1_241' title='bbox 2198 1916 2371 1969; x_wconf 77' lang='grc' dir='ltr'>φαμεν</span> <span class='ocrx_word' id='word_1_242' title='bbox 2399 1898 2473 1962; x_wconf 82' lang='grc' dir='ltr'>ὡς</span> <span class='ocrx_word' id='word_1_243' title='bbox 2500 1898 2587 1951; x_wconf 80' lang='grc' dir='ltr'>ἀεί</span> <span class='ocrx_word' id='word_1_244' title='bbox 2617 1914 2741 1960; x_wconf 92' lang='grc' dir='ltr'>που,</span> <span class='ocrx_word' id='word_1_245' title='bbox 2774 1898 2866 1951; x_wconf 88' lang='lat' dir='ltr'><strong><em>uel</em></strong></span> <span class='ocrx_word' id='word_1_246' title='bbox 2891 1896 3081 1967; x_wconf 83' lang='grc' dir='ltr'>συχνὴ,</span> <span class='ocrx_word' id='word_1_247' title='bbox 3105 1894 3199 1948; x_wconf 83' lang='lat' dir='ltr'><strong><em>uel</em></strong></span> <span class='ocrx_word' id='word_1_248' title='bbox 3227 1894 3549 1954; x_wconf 82' lang='grc' dir='ltr'>ἀδιάστατος</span> <span class='ocrx_word' id='word_1_249' title='bbox 3575 1903 3776 1943; x_wconf 80' lang='grc' dir='ltr'>παντε-</span> 
     </span>
    </p>
   </div>
   <div class='ocr_carea' id='block_1_32' title="bbox 519 1978 2094 2050">
    <p class='ocr_par' dir='ltr' id='par_1_32' title="bbox 519 1978 2094 2050">
     <span class='ocr_line' id='line_1_32' title="bbox 519 1978 2094 2050; baseline 0.002 -21"><span class='ocrx_word' id='word_1_250' title='bbox 519 1981 682 2034; x_wconf 84' lang='lat' dir='ltr'><strong><em>dente</em></strong></span> <span class='ocrx_word' id='word_1_251' title='bbox 723 1978 1006 2035; x_wconf 86' lang='lat' dir='ltr'><strong><em>intervallo</em></strong></span> <span class='ocrx_word' id='word_1_252' title='bbox 1039 1979 1235 2035; x_wconf 72' lang='lat' dir='ltr'><strong><em>divina:</em></strong></span> <span class='ocrx_word' id='word_1_253' title='bbox 1267 1980 1515 2045; x_wconf 83' lang='lat' dir='ltr'><strong><em>visionis,</em></strong></span> <span class='ocrx_word' id='word_1_254' title='bbox 1550 1978 1965 2050; x_wconf 76' lang='lat' dir='ltr'><strong><em>futurorumque</em></strong></span> <span class='ocrx_word' id='word_1_255' title='bbox 2008 1993 2094 2032; x_wconf 89' lang='lat' dir='ltr'><strong><em>re-</em></strong></span> 
     </span>
    </p>
   </div>
   <div class='ocr_carea' id='block_1_33' title="bbox 518 2069 2093 2142">
    <p class='ocr_par' dir='ltr' id='par_1_33' title="bbox 518 2069 2093 2142">
     <span class='ocr_line' id='line_1_33' title="bbox 518 2069 2093 2142; baseline 0.001 -21"><span class='ocrx_word' id='word_1_256' title='bbox 518 2071 807 2126; x_wconf 85' lang='lat' dir='ltr'><strong><em>velatiouis</em></strong></span> <span class='ocrx_word' id='word_1_257' title='bbox 849 2072 1078 2142; x_wconf 77' lang='lat' dir='ltr'><strong><em>gratiam</em></strong></span> <span class='ocrx_word' id='word_1_258' title='bbox 1120 2072 1543 2141; x_wconf 84' lang='lat' dir='ltr'><strong><em>suppeditatam.</em></strong></span> <span class='ocrx_word' id='word_1_259' title='bbox 1582 2071 1723 2138; x_wconf 88' lang='lat' dir='ltr'><strong><em>Quin</em></strong></span> <span class='ocrx_word' id='word_1_260' title='bbox 1756 2069 2093 2139; x_wconf 87' lang='lat' dir='ltr'><strong><em>temporibus</em></strong></span> 
     </span>
    </p>
   </div>
   <div class='ocr_carea' id='block_1_34' title="bbox 520 2158 2091 2234">
    <p class='ocr_par' dir='ltr' id='par_1_34' title="bbox 520 2158 2091 2234">
     <span class='ocr_line' id='line_1_34' title="bbox 520 2158 2091 2234; baseline -0.002 -17"><span class='ocrx_word' id='word_1_261' title='bbox 520 2165 697 2230; x_wconf 82' lang='lat' dir='ltr'><strong><em>potius</em></strong></span> <span class='ocrx_word' id='word_1_262' title='bbox 736 2164 1024 2233; x_wconf 86' lang='lat' dir='ltr'><strong><em>unicuique</em></strong></span> <span class='ocrx_word' id='word_1_263' title='bbox 1080 2165 1297 2234; x_wconf 87' lang='lat' dir='ltr'><strong><em>negotio</em></strong></span> <span class='ocrx_word' id='word_1_264' title='bbox 1342 2162 1790 2233; x_wconf 88' lang='lat' dir='ltr'><strong><em>congruentibus,</em></strong></span> <span class='ocrx_word' id='word_1_265' title='bbox 1836 2170 1892 2215; x_wconf 89' lang='lat' dir='ltr'><strong><em>et</em></strong></span> <span class='ocrx_word' id='word_1_266' title='bbox 1933 2158 2091 2230; x_wconf 80' lang='lat' dir='ltr'><strong><em>juxta</em></strong></span> 
     </span>
    </p>
   </div>
   <div class='ocr_carea' id='block_1_35' title="bbox 520 2252 2090 2316">
    <p class='ocr_par' dir='ltr' id='par_1_35' title="bbox 520 2252 2090 2316">
     <span class='ocr_line' id='line_1_35' title="bbox 520 2252 2090 2316; baseline -0.002 -6"><span class='ocrx_word' id='word_1_267' title='bbox 520 2256 837 2310; x_wconf 80' lang='lat' dir='ltr'><strong><em>arbitratum</em></strong></span> <span class='ocrx_word' id='word_1_268' title='bbox 889 2256 1205 2311; x_wconf 87' lang='lat' dir='ltr'><strong><em>abscondita</em></strong></span> <span class='ocrx_word' id='word_1_269' title='bbox 1252 2255 1563 2311; x_wconf 86' lang='lat' dir='ltr'><strong><em>revelantis.</em></strong></span> <span class='ocrx_word' id='word_1_270' title='bbox 1620 2252 1688 2308; x_wconf 84' lang='lat' dir='ltr'><strong><em>Et</em></strong></span> <span class='ocrx_word' id='word_1_271' title='bbox 1742 2252 1901 2307; x_wconf 93' lang='lat' dir='ltr'><strong><em>modo</em></strong></span> <span class='ocrx_word' id='word_1_272' title='bbox 1952 2252 2090 2316; x_wconf 89' lang='lat' dir='ltr'><strong><em>hoc,</em></strong></span> 
     </span>
    </p>
   </div>
   <div class='ocr_carea' id='block_1_36' title="bbox 520 2338 2093 2410">
    <p class='ocr_par' dir='ltr' id='par_1_36' title="bbox 520 2338 2093 2410">
     <span class='ocr_line' id='line_1_36' title="bbox 520 2338 2093 2410; baseline -0.002 -10"><span class='ocrx_word' id='word_1_273' title='bbox 520 2347 680 2401; x_wconf 87' lang='lat' dir='ltr'><strong><em>modo</em></strong></span> <span class='ocrx_word' id='word_1_274' title='bbox 714 2346 867 2410; x_wconf 83' lang='lat' dir='ltr'><strong><em>illud,</em></strong></span> <span class='ocrx_word' id='word_1_275' title='bbox 898 2338 1080 2401; x_wconf 90' lang='lat' dir='ltr'><strong><em>multis</em></strong></span> <span class='ocrx_word' id='word_1_276' title='bbox 1133 2360 1197 2401; x_wconf 91' lang='lat' dir='ltr'><strong><em>ac</em></strong></span> <span class='ocrx_word' id='word_1_277' title='bbox 1223 2345 1454 2401; x_wconf 84' lang='lat' dir='ltr'><strong><em>diversis</em></strong></span> <span class='ocrx_word' id='word_1_278' title='bbox 1486 2344 1794 2399; x_wconf 83' lang='lat' dir='ltr'><strong><em>rationibus</em></strong></span> <span class='ocrx_word' id='word_1_279' title='bbox 1827 2343 2093 2398; x_wconf 85' lang='lat' dir='ltr'><strong><em>doceban-</em></strong></span> 
     </span>
    </p>
   </div>
   <div class='ocr_carea' id='block_1_37' title="bbox 470 2424 2090 2505">
    <p class='ocr_par' dir='ltr' id='par_1_37' title="bbox 470 2424 2090 2505">
     <span class='ocr_line' id='line_1_37' title="bbox 470 2424 2090 2505; baseline -0.001 -15"><span class='ocrx_word' id='word_1_280' title='bbox 470 2424 474 2428; x_wconf 65' lang='grc'><em>’</em></span> <span class='ocrx_word' id='word_1_281' title='bbox 519 2450 623 2491; x_wconf 89' lang='lat' dir='ltr'><strong><em>tur.</em></strong></span> <span class='ocrx_word' id='word_1_282' title='bbox 658 2437 791 2493; x_wconf 81' lang='lat' dir='ltr'><strong><em>Nam</em></strong></span> <span class='ocrx_word' id='word_1_283' title='bbox 824 2437 1093 2493; x_wconf 87' lang='lat' dir='ltr'><strong><em>interdum</em></strong></span> <span class='ocrx_word' id='word_1_284' title='bbox 1124 2435 1420 2505; x_wconf 81' lang='lat' dir='ltr'><strong><em>simplicem</em></strong></span> <span class='ocrx_word' id='word_1_285' title='bbox 1447 2435 1699 2490; x_wconf 83' lang='lat' dir='ltr'><strong><em>notitiam</em></strong></span> <span class='ocrx_word' id='word_1_286' title='bbox 1727 2434 2090 2504; x_wconf 82' lang='lat' dir='ltr'><strong><em>accipiebant,</em></strong></span> 
     </span>
    </p>
   </div>
   <div class='ocr_carea' id='block_1_38' title="bbox 518 2526 2093 2599">
    <p class='ocr_par' dir='ltr' id='par_1_38' title="bbox 518 2526 2093 2599">
     <span class='ocr_line' id='line_1_38' title="bbox 518 2526 2093 2599; baseline 0.001 -17"><span class='ocrx_word' id='word_1_287' title='bbox 518 2530 726 2599; x_wconf 85' lang='lat' dir='ltr'><strong><em>Spiritu</em></strong></span> <span class='ocrx_word' id='word_1_288' title='bbox 758 2540 951 2585; x_wconf 88' lang='lat' dir='ltr'><strong><em>sancto</em></strong></span> <span class='ocrx_word' id='word_1_289' title='bbox 976 2530 1236 2585; x_wconf 84' lang='lat' dir='ltr'><strong><em>docente:</em></strong></span> <span class='ocrx_word' id='word_1_290' title='bbox 1264 2526 1919 2583; x_wconf 80' lang='lat' dir='ltr'><strong><em>interdummihilomiuus</em></strong></span> <span class='ocrx_word' id='word_1_291' title='bbox 1950 2543 2093 2596; x_wconf 63' lang='lat' dir='ltr'><strong><em>quie-</em></strong></span> 
     </span>
    </p>
   </div>
   <div class='ocr_carea' id='block_1_39' title="bbox 517 2617 2092 2691">
    <p class='ocr_par' dir='ltr' id='par_1_39' title="bbox 517 2617 2092 2691">
     <span class='ocr_line' id='line_1_39' title="bbox 517 2617 2092 2691; baseline 0 -18"><span class='ocrx_word' id='word_1_292' title='bbox 517 2626 641 2674; x_wconf 81' lang='lat' dir='ltr'><strong><em>dam</em></strong></span> <span class='ocrx_word' id='word_1_293' title='bbox 698 2622 783 2690; x_wconf 85' lang='lat' dir='ltr'><strong><em>agi</em></strong></span> <span class='ocrx_word' id='word_1_294' title='bbox 824 2635 918 2691; x_wconf 90' lang='lat' dir='ltr'><strong><em>per</em></strong></span> <span class='ocrx_word' id='word_1_295' title='bbox 965 2621 1142 2675; x_wconf 84' lang='lat' dir='ltr'><strong><em>visum</em></strong></span> <span class='ocrx_word' id='word_1_296' title='bbox 1193 2619 1529 2682; x_wconf 84' lang='lat' dir='ltr'><strong><em>cernebant,</em></strong></span> <span class='ocrx_word' id='word_1_297' title='bbox 1572 2617 1684 2673; x_wconf 90' lang='lat' dir='ltr'><strong><em>Deo</em></strong></span> <span class='ocrx_word' id='word_1_298' title='bbox 1736 2618 1895 2673; x_wconf 77' lang='lat' dir='ltr'><strong><em>aliter</em></strong></span> <span class='ocrx_word' id='word_1_299' title='bbox 1932 2629 2092 2689; x_wconf 90' lang='lat' dir='ltr'><strong><em>atque</em></strong></span> 
     </span>
    </p>
   </div>
   <div class='ocr_carea' id='block_1_40' title="bbox 517 2710 2094 2781">
    <p class='ocr_par' dir='ltr' id='par_1_40' title="bbox 517 2710 2094 2781">
     <span class='ocr_line' id='line_1_40' title="bbox 517 2710 2094 2781; baseline -0.001 -15"><span class='ocrx_word' id='word_1_300' title='bbox 517 2713 695 2776; x_wconf 84' lang='lat' dir='ltr'><strong><em>aliter,</em></strong></span> <span class='ocrx_word' id='word_1_301' title='bbox 731 2722 784 2767; x_wconf 90' lang='lat' dir='ltr'><strong><em>ct</em></strong></span> <span class='ocrx_word' id='word_1_302' title='bbox 836 2713 887 2766; x_wconf 88' lang='lat' dir='ltr'><strong><em>in</em></strong></span> <span class='ocrx_word' id='word_1_303' title='bbox 942 2711 1175 2767; x_wconf 88' lang='lat' dir='ltr'><strong><em>obscura</em></strong></span> <span class='ocrx_word' id='word_1_304' title='bbox 1226 2710 1408 2780; x_wconf 83' lang='lat' dir='ltr'><strong><em>specie</em></strong></span> <span class='ocrx_word' id='word_1_305' title='bbox 1450 2711 1707 2781; x_wconf 85' lang='lat' dir='ltr'><strong><em>mysteria</em></strong></span> <span class='ocrx_word' id='word_1_306' title='bbox 1757 2710 1864 2766; x_wconf 86' lang='lat' dir='ltr'><strong><em>illis</em></strong></span> <span class='ocrx_word' id='word_1_307' title='bbox 1905 2710 2094 2767; x_wconf 84' lang='lat' dir='ltr'><strong><em>infor-</em></strong></span> 
     </span>
    </p>
   </div>
   <div class='ocr_carea' id='block_1_41' title="bbox 518 2800 2094 2872">
    <p class='ocr_par' dir='ltr' id='par_1_41' title="bbox 518 2800 2094 2872">
     <span class='ocr_line' id='line_1_41' title="bbox 518 2800 2094 2872; baseline 0 -15"><span class='ocrx_word' id='word_1_308' title='bbox 518 2816 702 2859; x_wconf 81' lang='lat' dir='ltr'><strong><em>mante</em></strong></span> <span class='ocrx_word' id='word_1_309' title='bbox 757 2818 821 2858; x_wconf 86' lang='lat' dir='ltr'><strong><em>ac</em></strong></span> <span class='ocrx_word' id='word_1_310' title='bbox 859 2803 1239 2872; x_wconf 79' lang='lat' dir='ltr'><strong><em>patefacieute.</em></strong></span> <span class='ocrx_word' id='word_1_311' title='bbox 1277 2800 1473 2857; x_wconf 84' lang='lat' dir='ltr'><strong><em>Beatus</em></strong></span> <span class='ocrx_word' id='word_1_312' title='bbox 1522 2802 1668 2857; x_wconf 89' lang='lat' dir='ltr'><strong><em>enim</em></strong></span> <span class='ocrx_word' id='word_1_313' title='bbox 1709 2801 1873 2857; x_wconf 86' lang='lat' dir='ltr'><strong><em>Isaias</em></strong></span> <span class='ocrx_word' id='word_1_314' title='bbox 1906 2812 2094 2857; x_wconf 85' lang='lat' dir='ltr'><strong><em>narrat</em></strong></span> 
     </span>
    </p>
   </div>
   <div class='ocr_carea' id='block_1_42' title="bbox 519 2892 2094 2964">
    <p class='ocr_par' dir='ltr' id='par_1_42' title="bbox 519 2892 2094 2964">
     <span class='ocr_line' id='line_1_42' title="bbox 519 2892 2094 2964; baseline 0.001 -16"><span class='ocrx_word' id='word_1_315' title='bbox 519 2910 577 2951; x_wconf 87' lang='lat' dir='ltr'><strong><em>se</em></strong></span> <span class='ocrx_word' id='word_1_316' title='bbox 631 2896 839 2951; x_wconf 82' lang='lat' dir='ltr'><strong><em>vidisse</em></strong></span> <span class='ocrx_word' id='word_1_317' title='bbox 885 2895 1166 2949; x_wconf 87' lang='lat' dir='ltr'><strong><em>Dominum</em></strong></span> <span class='ocrx_word' id='word_1_318' title='bbox 1220 2894 1482 2959; x_wconf 84' lang='lat' dir='ltr'><strong><em>Sabaoth,</em></strong></span> <span class='ocrx_word' id='word_1_319' title='bbox 1540 2911 1560 2945; x_wconf 77' lang='grc' dir='ltr'><em>ι</em></span> <span class='ocrx_word' id='word_1_320' title='bbox 1594 2892 1887 2949; x_wconf 81' lang='lat' dir='ltr'><strong><em>Sedentem</em></strong></span> <span class='ocrx_word' id='word_1_321' title='bbox 1930 2908 2094 2964; x_wconf 89' lang='lat' dir='ltr'><strong><em>super</em></strong></span> 
     </span>
    </p>
   </div>
   <div class='ocr_carea' id='block_1_43' title="bbox 517 2980 2090 3049">
    <p class='ocr_par' dir='ltr' id='par_1_43' title="bbox 517 2980 2090 3049">
     <span class='ocr_line' id='line_1_43' title="bbox 517 2980 2090 3049; baseline 0.001 -10"><span class='ocrx_word' id='word_1_322' title='bbox 517 2984 653 3042; x_wconf 90' lang='lat' dir='ltr'><strong><em>solio</em></strong></span> <span class='ocrx_word' id='word_1_323' title='bbox 680 2986 900 3042; x_wconf 77' lang='lat' dir='ltr'><strong><em>excelso</em></strong></span> <span class='ocrx_word' id='word_1_324' title='bbox 956 2995 1013 3042; x_wconf 87' lang='lat' dir='ltr'><strong><em>et</em></strong></span> <span class='ocrx_word' id='word_1_325' title='bbox 1045 2980 1277 3049; x_wconf 85' lang='lat' dir='ltr'><strong><em>elevato,</em></strong></span> <span class='ocrx_word' id='word_1_326' title='bbox 1311 2986 1791 3041; x_wconf 77' lang='lat' dir='ltr'><strong><em>circumstantibus</em></strong></span> <span class='ocrx_word' id='word_1_327' title='bbox 1833 3002 1957 3040; x_wconf 87' lang='lat' dir='ltr'><strong><em>cum</em></strong></span> <span class='ocrx_word' id='word_1_328' title='bbox 1990 2987 2090 3041; x_wconf 83' lang='lat' dir='ltr'><strong><em>Se-</em></strong></span> 
     </span>
    </p>
   </div>
   <div class='ocr_carea' id='block_1_44' title="bbox 519 3078 2093 3148">
    <p class='ocr_par' dir='ltr' id='par_1_44' title="bbox 519 3078 2093 3148">
     <span class='ocr_line' id='line_1_44' title="bbox 519 3078 2093 3148; baseline 0 -14"><span class='ocrx_word' id='word_1_329' title='bbox 519 3080 765 3148; x_wconf 84' lang='lat' dir='ltr'><strong><em>rapbim,</em></strong></span> <span class='ocrx_word' id='word_1_330' title='bbox 814 3089 867 3134; x_wconf 92' lang='lat' dir='ltr'><strong><em>et</em></strong></span> <span class='ocrx_word' id='word_1_331' title='bbox 926 3081 1165 3136; x_wconf 79' lang='lat' dir='ltr'><strong><em>vicissim</em></strong></span> <span class='ocrx_word' id='word_1_332' title='bbox 1226 3078 1661 3135; x_wconf 88' lang='lat' dir='ltr'><strong><em>collaudantibus</em></strong></span> <span class='ocrx_word' id='word_1_333' title='bbox 1685 3080 1749 3134; x_wconf 84' lang='lat'><strong><em>“.</em></strong></span> <span class='ocrx_word' id='word_1_334' title='bbox 1785 3098 1803 3132; x_wconf 74' lang='grc' dir='ltr'><strong><em>ι</em></strong></span> <span class='ocrx_word' id='word_1_335' title='bbox 1872 3079 2093 3134; x_wconf 83' lang='lat' dir='ltr'><strong><em>Diviuus</em></strong></span> 
     </span>
    </p>
   </div>
   <div class='ocr_carea' id='block_1_45' title="bbox 516 3170 2093 3242">
    <p class='ocr_par' dir='ltr' id='par_1_45' title="bbox 516 3170 2093 3242">
     <span class='ocr_line' id='line_1_45' title="bbox 516 3170 2093 3242; baseline 0 -18"><span class='ocrx_word' id='word_1_336' title='bbox 516 3182 697 3226; x_wconf 87' lang='lat' dir='ltr'><strong><em>autem</em></strong></span> <span class='ocrx_word' id='word_1_337' title='bbox 730 3170 977 3227; x_wconf 79' lang='lat' dir='ltr'><strong><em>Ezechiel</em></strong></span> <span class='ocrx_word' id='word_1_338' title='bbox 1023 3174 1273 3227; x_wconf 89' lang='lat' dir='ltr'><strong><em>thronum</em></strong></span> <span class='ocrx_word' id='word_1_339' title='bbox 1302 3186 1360 3226; x_wconf 90' lang='lat' dir='ltr'><strong><em>se</em></strong></span> <span class='ocrx_word' id='word_1_340' title='bbox 1389 3172 1739 3242; x_wconf 67' lang='lat' dir='ltr'><strong><em>conspexisse</em></strong></span> <span class='ocrx_word' id='word_1_341' title='bbox 1769 3171 1900 3225; x_wconf 89' lang='lat' dir='ltr'><strong><em>dicit</em></strong></span> <span class='ocrx_word' id='word_1_342' title='bbox 1929 3186 2093 3241; x_wconf 85' lang='lat' dir='ltr'><strong><em>super</em></strong></span> 
     </span>
    </p>
   </div>
   <div class='ocr_carea' id='block_1_46' title="bbox 2194 1981 3777 2063">
    <p class='ocr_par' dir='ltr' id='par_1_46' title="bbox 2194 1981 3777 2063">
     <span class='ocr_line' id='line_1_46' title="bbox 2194 1981 3777 2063; baseline -0.006 -20"><span class='ocrx_word' id='word_1_343' title='bbox 2194 1992 2301 2054; x_wconf 84' lang='grc' dir='ltr'><strong><em>λῶς</em></strong></span> <span class='ocrx_word' id='word_1_344' title='bbox 2333 1991 2365 2063; x_wconf 77' lang='grc' dir='ltr'><strong>ἡ</strong></span> <span class='ocrx_word' id='word_1_345' title='bbox 2393 1993 2491 2062; x_wconf 83' lang='grc' dir='ltr'><strong><em>τῆς</em></strong></span> <span class='ocrx_word' id='word_1_346' title='bbox 2515 1990 2769 2053; x_wconf 85' lang='grc' dir='ltr'>θεοπτίας</span> <span class='ocrx_word' id='word_1_347' title='bbox 2797 1989 2980 2052; x_wconf 79' lang='grc' dir='ltr'>αὐτοῖς</span> <span class='ocrx_word' id='word_1_348' title='bbox 3008 1988 3325 2059; x_wconf 71' lang='grc' dir='ltr'><strong><em>ἐχορηγεῖτο</em></strong></span> <span class='ocrx_word' id='word_1_349' title='bbox 3345 1985 3526 2055; x_wconf 86' lang='grc' dir='ltr'>χάρις,</span> <span class='ocrx_word' id='word_1_350' title='bbox 3553 1983 3648 2035; x_wconf 85' lang='lat' dir='ltr'><strong><em>uel</em></strong></span> <span class='ocrx_word' id='word_1_351' title='bbox 3665 1981 3777 2035; x_wconf 88' lang='grc' dir='ltr'><strong><em>τῶν</em></strong></span> 
     </span>
    </p>
   </div>
   <div class='ocr_carea' id='block_1_47' title="bbox 2195 2072 3775 2153">
    <p class='ocr_par' dir='ltr' id='par_1_47' title="bbox 2195 2072 3775 2153">
     <span class='ocr_line' id='line_1_47' title="bbox 2195 2072 3775 2153; baseline -0.006 -17"><span class='ocrx_word' id='word_1_352' title='bbox 2195 2084 2466 2153; x_wconf 84' lang='grc' dir='ltr'>ὲσομένων</span> <span class='ocrx_word' id='word_1_353' title='bbox 2493 2081 2855 2151; x_wconf 78' lang='grc' dir='ltr'><strong><em>ἀποκάλυψις.</em></strong></span> <span class='ocrx_word' id='word_1_354' title='bbox 2888 2079 3045 2133; x_wconf 78' lang='grc' dir='ltr'><strong><em>Κατὰ</em></strong></span> <span class='ocrx_word' id='word_1_355' title='bbox 3068 2078 3295 2150; x_wconf 81' lang='grc' dir='ltr'>καιροὺς</span> <span class='ocrx_word' id='word_1_356' title='bbox 3324 2077 3381 2130; x_wconf 86' lang='grc' dir='ltr'>δὲ</span> <span class='ocrx_word' id='word_1_357' title='bbox 3411 2074 3633 2146; x_wconf 85' lang='grc' dir='ltr'>μᾶλλον,</span> <span class='ocrx_word' id='word_1_358' title='bbox 3648 2072 3775 2135; x_wconf 77' lang='grc' dir='ltr'>τοὺς</span> 
     </span>
    </p>
   </div>
   <div class='ocr_carea' id='block_1_48' title="bbox 2194 2164 3772 2246">
    <p class='ocr_par' dir='ltr' id='par_1_48' title="bbox 2194 2164 3772 2246">
     <span class='ocr_line' id='line_1_48' title="bbox 2194 2164 3772 2246; baseline -0.008 -18"><span class='ocrx_word' id='word_1_359' title='bbox 2194 2176 2409 2246; x_wconf 78' lang='grc' dir='ltr'><strong>ἑκάστῳ</strong></span> <span class='ocrx_word' id='word_1_360' title='bbox 2437 2174 2718 2245; x_wconf 78' lang='grc' dir='ltr'>πράγματι</span> <span class='ocrx_word' id='word_1_361' title='bbox 2745 2172 3075 2245; x_wconf 85' lang='grc' dir='ltr'>πρέποντας,</span> <span class='ocrx_word' id='word_1_362' title='bbox 3103 2170 3199 2225; x_wconf 87' lang='lat' dir='ltr'><strong><em>uel</em></strong></span> <span class='ocrx_word' id='word_1_363' title='bbox 3227 2168 3368 2224; x_wconf 82' lang='grc' dir='ltr'>κατὰ</span> <span class='ocrx_word' id='word_1_364' title='bbox 3409 2170 3472 2222; x_wconf 84' lang='grc' dir='ltr'><strong><em>τὸ</em></strong></span> <span class='ocrx_word' id='word_1_365' title='bbox 3502 2165 3650 2237; x_wconf 83' lang='grc' dir='ltr'><strong><em>αὑτῷ</em></strong></span> <span class='ocrx_word' id='word_1_366' title='bbox 3694 2164 3772 2217; x_wconf 80' lang='grc' dir='ltr'>δο·</span> 
     </span>
    </p>
   </div>
   <div class='ocr_carea' id='block_1_49' title="bbox 2195 2256 3775 2335">
    <p class='ocr_par' dir='ltr' id='par_1_49' title="bbox 2195 2256 3775 2335">
     <span class='ocr_line' id='line_1_49' title="bbox 2195 2256 3775 2335; baseline -0.007 -15"><span class='ocrx_word' id='word_1_367' title='bbox 2195 2266 2325 2320; x_wconf 84' lang='grc' dir='ltr'>κοῦν</span> <span class='ocrx_word' id='word_1_368' title='bbox 2376 2266 2454 2335; x_wconf 79' lang='grc' dir='ltr'>τῷ</span> <span class='ocrx_word' id='word_1_369' title='bbox 2501 2262 2939 2319; x_wconf 81' lang='grc' dir='ltr'>ἀποκαλύπτοντι</span> <span class='ocrx_word' id='word_1_370' title='bbox 2970 2262 3038 2318; x_wconf 83' lang='grc' dir='ltr'>τὰ</span> <span class='ocrx_word' id='word_1_371' title='bbox 3070 2260 3454 2333; x_wconf 78' lang='grc' dir='ltr'><strong><em>κεκρυμμένα.</em></strong></span> <span class='ocrx_word' id='word_1_372' title='bbox 3490 2260 3601 2313; x_wconf 79' lang='grc' dir='ltr'><strong><em>Καὶ</em></strong></span> <span class='ocrx_word' id='word_1_373' title='bbox 3644 2256 3775 2311; x_wconf 72' lang='grc' dir='ltr'>ποτὶ</span> 
     </span>
    </p>
   </div>
   <div class='ocr_carea' id='block_1_50' title="bbox 2197 2348 3778 2430">
    <p class='ocr_par' dir='ltr' id='par_1_50' title="bbox 2197 2348 3778 2430">
     <span class='ocr_line' id='line_1_50' title="bbox 2197 2348 3778 2430; baseline -0.008 -18"><span class='ocrx_word' id='word_1_374' title='bbox 2197 2359 2295 2430; x_wconf 82' lang='grc' dir='ltr'>μὲν</span> <span class='ocrx_word' id='word_1_375' title='bbox 2324 2356 2501 2420; x_wconf 86' lang='grc' dir='ltr'>τοῦτο,</span> <span class='ocrx_word' id='word_1_376' title='bbox 2542 2356 2672 2408; x_wconf 78' lang='grc' dir='ltr'>ποτὲ</span> <span class='ocrx_word' id='word_1_377' title='bbox 2707 2355 2765 2408; x_wconf 85' lang='grc' dir='ltr'>δὲ</span> <span class='ocrx_word' id='word_1_378' title='bbox 2794 2356 2990 2418; x_wconf 80' lang='grc' dir='ltr'>έκεῖνο,</span> <span class='ocrx_word' id='word_1_379' title='bbox 3026 2351 3168 2407; x_wconf 84' lang='grc' dir='ltr'>κατὰ</span> <span class='ocrx_word' id='word_1_380' title='bbox 3193 2350 3423 2414; x_wconf 82' lang='grc' dir='ltr'>πολλούς</span> <span class='ocrx_word' id='word_1_381' title='bbox 3447 2366 3506 2403; x_wconf 79' lang='grc' dir='ltr'><strong><em>τε</em></strong></span> <span class='ocrx_word' id='word_1_382' title='bbox 3542 2349 3637 2403; x_wconf 89' lang='lat' dir='ltr'><strong><em>uel</em></strong></span> <span class='ocrx_word' id='word_1_383' title='bbox 3664 2348 3778 2401; x_wconf 81' lang='grc' dir='ltr'>δια-</span> 
     </span>
    </p>
   </div>
   <div class='ocr_carea' id='block_1_51' title="bbox 2196 2438 3861 2520">
    <p class='ocr_par' dir='ltr' id='par_1_51' title="bbox 2196 2438 3861 2520">
     <span class='ocr_line' id='line_1_51' title="bbox 2196 2438 3861 2520; baseline -0.007 -18"><span class='ocrx_word' id='word_1_384' title='bbox 2196 2448 2394 2520; x_wconf 84' lang='grc' dir='ltr'>φόρους</span> <span class='ocrx_word' id='word_1_385' title='bbox 2423 2445 2769 2500; x_wconf 76' lang='grc' dir='ltr'><strong><em>ἐπαιδεύοντο</em></strong></span> <span class='ocrx_word' id='word_1_386' title='bbox 2789 2442 3209 2518; x_wconf 82' lang='grc' dir='ltr'>τρόπους.”Εσθ’</span> <span class='ocrx_word' id='word_1_387' title='bbox 3226 2443 3314 2496; x_wconf 76' lang='grc' dir='ltr'>ὅτε</span> <span class='ocrx_word' id='word_1_388' title='bbox 3346 2442 3443 2512; x_wconf 81' lang='grc' dir='ltr'>μὲν</span> <span class='ocrx_word' id='word_1_389' title='bbox 3468 2440 3579 2511; x_wconf 80' lang='grc' dir='ltr'><strong><em>γὰρ</em></strong></span> <span class='ocrx_word' id='word_1_390' title='bbox 3600 2438 3776 2508; x_wconf 81' lang='grc' dir='ltr'>ἁπλῆν</span> <span class='ocrx_word' id='word_1_391' title='bbox 3858 2438 3861 2441; x_wconf 80' lang='grc'><em>’</em></span> 
     </span>
    </p>
   </div>
   <div class='ocr_carea' id='block_1_52' title="bbox 2195 2531 3776 2611">
    <p class='ocr_par' dir='ltr' id='par_1_52' title="bbox 2195 2531 3776 2611">
     <span class='ocr_line' id='line_1_52' title="bbox 2195 2531 3776 2611; baseline -0.008 -16"><span class='ocrx_word' id='word_1_392' title='bbox 2195 2541 2442 2611; x_wconf 72' lang='grc' dir='ltr'>ἐδέχοντο</span> <span class='ocrx_word' id='word_1_393' title='bbox 2471 2538 2693 2609; x_wconf 85' lang='grc' dir='ltr'>γνῶσιν,</span> <span class='ocrx_word' id='word_1_394' title='bbox 2726 2535 3048 2607; x_wconf 81' lang='grc' dir='ltr'>ὲνηχοῦντος</span> <span class='ocrx_word' id='word_1_395' title='bbox 3082 2536 3266 2598; x_wconf 83' lang='grc' dir='ltr'>αὐτοῖς</span> <span class='ocrx_word' id='word_1_396' title='bbox 3301 2533 3397 2587; x_wconf 89' lang='grc' dir='ltr'><strong><em>τοῦ</em></strong></span> <span class='ocrx_word' id='word_1_397' title='bbox 3427 2532 3584 2601; x_wconf 83' lang='grc' dir='ltr'>ἁγίου</span> <span class='ocrx_word' id='word_1_398' title='bbox 3603 2531 3776 2584; x_wconf 70' lang='lat' dir='ltr'><strong><em>[lusti-</em></strong></span> 
     </span>
    </p>
   </div>
   <div class='ocr_carea' id='block_1_53' title="bbox 2198 2624 3775 2702">
    <p class='ocr_par' dir='ltr' id='par_1_53' title="bbox 2198 2624 3775 2702">
     <span class='ocr_line' id='line_1_53' title="bbox 2198 2624 3775 2702; baseline -0.005 -18"><span class='ocrx_word' id='word_1_399' title='bbox 2198 2648 2366 2702; x_wconf 81' lang='grc' dir='ltr'><strong>ματος</strong></span> <span class='ocrx_word' id='word_1_400' title='bbox 2391 2646 2405 2660; x_wconf 74' lang='grc'><em>’</em></span> <span class='ocrx_word' id='word_1_401' title='bbox 2428 2629 2538 2682; x_wconf 79' lang='grc' dir='ltr'>ἐσθ’</span> <span class='ocrx_word' id='word_1_402' title='bbox 2563 2630 2652 2683; x_wconf 81' lang='grc' dir='ltr'><strong><em>ὅτε</em></strong></span> <span class='ocrx_word' id='word_1_403' title='bbox 2674 2630 2732 2682; x_wconf 82' lang='grc' dir='ltr'>δὲ</span> <span class='ocrx_word' id='word_1_404' title='bbox 2757 2631 2893 2701; x_wconf 66' lang='grc' dir='ltr'>πρὶς</span> <span class='ocrx_word' id='word_1_405' title='bbox 2922 2627 3098 2695; x_wconf 78' lang='grc' dir='ltr'>τούτῳ</span> <span class='ocrx_word' id='word_1_406' title='bbox 3128 2625 3224 2678; x_wconf 88' lang='lat' dir='ltr'><strong><em>uel</em></strong></span> <span class='ocrx_word' id='word_1_407' title='bbox 3248 2627 3305 2678; x_wconf 79' lang='grc' dir='ltr'>ὲν</span> <span class='ocrx_word' id='word_1_408' title='bbox 3329 2624 3519 2687; x_wconf 84' lang='grc' dir='ltr'>αὑταῖς</span> <span class='ocrx_word' id='word_1_409' title='bbox 3552 2624 3775 2695; x_wconf 83' lang='grc' dir='ltr'>ὁράσεσι</span> 
     </span>
    </p>
   </div>
   <div class='ocr_carea' id='block_1_54' title="bbox 2194 2715 3775 2793">
    <p class='ocr_par' dir='ltr' id='par_1_54' title="bbox 2194 2715 3775 2793">
     <span class='ocr_line' id='line_1_54' title="bbox 2194 2715 3775 2793; baseline -0.006 -17"><span class='ocrx_word' id='word_1_410' title='bbox 2194 2723 2301 2777; x_wconf 88' lang='grc' dir='ltr'><strong><em>τῶν</em></strong></span> <span class='ocrx_word' id='word_1_411' title='bbox 2328 2722 2620 2793; x_wconf 82' lang='grc' dir='ltr'><strong><em>δρωμένων</em></strong></span> <span class='ocrx_word' id='word_1_412' title='bbox 2645 2721 2904 2790; x_wconf 79' lang='grc' dir='ltr'>ἐγίνοντο,</span> <span class='ocrx_word' id='word_1_413' title='bbox 2935 2719 3121 2774; x_wconf 79' lang='grc' dir='ltr'>ἄλλοτε</span> <span class='ocrx_word' id='word_1_414' title='bbox 3155 2716 3330 2781; x_wconf 80' lang='grc' dir='ltr'>ἄλλως</span> <span class='ocrx_word' id='word_1_415' title='bbox 3349 2716 3532 2779; x_wconf 81' lang='grc' dir='ltr'>αὐτοῖς</span> <span class='ocrx_word' id='word_1_416' title='bbox 3550 2715 3775 2786; x_wconf 83' lang='grc' dir='ltr'>διαμορ-</span> 
     </span>
    </p>
   </div>
   <div class='ocr_carea' id='block_1_55' title="bbox 2195 2805 3776 2883">
    <p class='ocr_par' dir='ltr' id='par_1_55' title="bbox 2195 2805 3776 2883">
     <span class='ocr_line' id='line_1_55' title="bbox 2195 2805 3776 2883; baseline -0.005 -16"><span class='ocrx_word' id='word_1_417' title='bbox 2195 2814 2422 2883; x_wconf 85' lang='grc' dir='ltr'>φοῦντος</span> <span class='ocrx_word' id='word_1_418' title='bbox 2475 2813 2611 2867; x_wconf 91' lang='grc' dir='ltr'>Θεοῦ</span> <span class='ocrx_word' id='word_1_419' title='bbox 2664 2814 2759 2868; x_wconf 88' lang='lat' dir='ltr'><strong><em>uel</em></strong></span> <span class='ocrx_word' id='word_1_420' title='bbox 2825 2810 3302 2874; x_wconf 77' lang='grc' dir='ltr'>ἀποκαλύπτοντας</span> <span class='ocrx_word' id='word_1_421' title='bbox 3363 2805 3776 2879; x_wconf 71' lang='grc' dir='ltr'>αἰνιγματωδῶς</span> 
     </span>
    </p>
   </div>
   <div class='ocr_carea' id='block_1_56' title="bbox 2198 2897 3776 2978">
    <p class='ocr_par' dir='ltr' id='par_1_56' title="bbox 2198 2897 3776 2978">
     <span class='ocr_line' id='line_1_56' title="bbox 2198 2897 3776 2978; baseline -0.006 -18"><span class='ocrx_word' id='word_1_422' title='bbox 2198 2906 2735 2978; x_wconf 78' lang='grc' dir='ltr'>μυστήρια.Ἥσαῖας</span> <span class='ocrx_word' id='word_1_423' title='bbox 2781 2904 2880 2977; x_wconf 84' lang='grc' dir='ltr'>μὲν</span> <span class='ocrx_word' id='word_1_424' title='bbox 2932 2905 3042 2976; x_wconf 84' lang='grc' dir='ltr'>γὰρ</span> <span class='ocrx_word' id='word_1_425' title='bbox 3092 2905 3120 2955; x_wconf 93' lang='grc' dir='ltr'><strong><em>ὁ</em></strong></span> <span class='ocrx_word' id='word_1_426' title='bbox 3174 2902 3444 2973; x_wconf 83' lang='grc' dir='ltr'>μακάριος</span> <span class='ocrx_word' id='word_1_427' title='bbox 3486 2897 3776 2953; x_wconf 72' lang='grc' dir='ltr'>τεθεᾶσθαι</span> 
     </span>
    </p>
   </div>
   <div class='ocr_carea' id='block_1_57' title="bbox 2194 2986 3777 3068">
    <p class='ocr_par' dir='ltr' id='par_1_57' title="bbox 2194 2986 3777 3068">
     <span class='ocr_line' id='line_1_57' title="bbox 2194 2986 3777 3068; baseline -0.008 -17"><span class='ocrx_word' id='word_1_428' title='bbox 2194 3014 2327 3068; x_wconf 78' lang='grc' dir='ltr'>φησι</span> <span class='ocrx_word' id='word_1_429' title='bbox 2363 2997 2456 3050; x_wconf 85' lang='grc' dir='ltr'>τὸν</span> <span class='ocrx_word' id='word_1_430' title='bbox 2494 2996 2699 3068; x_wconf 80' lang='grc' dir='ltr'>Κύριον</span> <span class='ocrx_word' id='word_1_431' title='bbox 2735 2992 3020 3058; x_wconf 78' lang='grc' dir='ltr'>Σαϐϐαὼθ,</span> <span class='ocrx_word' id='word_1_432' title='bbox 3055 3010 3073 3045; x_wconf 81' lang='grc' dir='ltr'><strong><em>ι</em></strong></span> <span class='ocrx_word' id='word_1_433' title='bbox 3106 2991 3431 3062; x_wconf 80' lang='grc' dir='ltr'>Καθήμενον</span> <span class='ocrx_word' id='word_1_434' title='bbox 3464 2989 3558 3042; x_wconf 80' lang='grc' dir='ltr'><strong><em>ἐπὶ</em></strong></span> <span class='ocrx_word' id='word_1_435' title='bbox 3585 2986 3777 3057; x_wconf 81' lang='grc' dir='ltr'>θρόνου</span> 
     </span>
    </p>
   </div>
   <div class='ocr_carea' id='block_1_58' title="bbox 2196 3075 3775 3161">
    <p class='ocr_par' dir='ltr' id='par_1_58' title="bbox 2196 3075 3775 3161">
     <span class='ocr_line' id='line_1_58' title="bbox 2196 3075 3775 3161; baseline -0.007 -20"><span class='ocrx_word' id='word_1_436' title='bbox 2196 3088 2400 3161; x_wconf 63' lang='grc' dir='ltr'>ὑψηλοῦ</span> <span class='ocrx_word' id='word_1_437' title='bbox 2435 3088 2530 3142; x_wconf 82' lang='lat' dir='ltr'><strong><em>uel</em></strong></span> <span class='ocrx_word' id='word_1_438' title='bbox 2574 3087 2919 3159; x_wconf 69' lang='grc' dir='ltr'>ἐπηρμένου,</span> <span class='ocrx_word' id='word_1_439' title='bbox 2970 3083 3408 3155; x_wconf 80' lang='grc' dir='ltr'>περιεστηκότων</span> <span class='ocrx_word' id='word_1_440' title='bbox 3460 3079 3626 3151; x_wconf 57' lang='grc' dir='ltr'>αὐτόν</span> <span class='ocrx_word' id='word_1_441' title='bbox 3666 3075 3775 3132; x_wconf 86' lang='grc' dir='ltr'><strong><em>τῶν</em></strong></span> 
     </span>
    </p>
   </div>
   <div class='ocr_carea' id='block_1_59' title="bbox 2196 3167 3778 3248">
    <p class='ocr_par' dir='ltr' id='par_1_59' title="bbox 2196 3167 3778 3248">
     <span class='ocr_line' id='line_1_59' title="bbox 2196 3167 3778 3248; baseline -0.007 -18"><span class='ocrx_word' id='word_1_442' title='bbox 2196 3178 2463 3248; x_wconf 71' lang='grc' dir='ltr'>Σεραφὶμ,</span> <span class='ocrx_word' id='word_1_443' title='bbox 2492 3178 2588 3232; x_wconf 87' lang='lat' dir='ltr'><strong><em>uel</em></strong></span> <span class='ocrx_word' id='word_1_444' title='bbox 2631 3176 3020 3248; x_wconf 77' lang='grc' dir='ltr'>εὐφημούντων</span> <span class='ocrx_word' id='word_1_445' title='bbox 3058 3172 3118 3239; x_wconf 72' lang='grc' dir='ltr'><strong><em>ἐξ</em></strong></span> <span class='ocrx_word' id='word_1_446' title='bbox 3146 3173 3414 3245; x_wconf 75' lang='grc' dir='ltr'>ἀμοιϐῆς.</span> <span class='ocrx_word' id='word_1_447' title='bbox 3449 3190 3468 3223; x_wconf 80' lang='lat' dir='ltr'><strong><em>s</em></strong></span> <span class='ocrx_word' id='word_1_448' title='bbox 3506 3171 3566 3223; x_wconf 79' lang='grc' dir='ltr'>Ὀ</span> <span class='ocrx_word' id='word_1_449' title='bbox 3612 3167 3670 3222; x_wconf 81' lang='grc' dir='ltr'><strong><em>δέ</em></strong></span> <span class='ocrx_word' id='word_1_450' title='bbox 3712 3183 3778 3237; x_wconf 77' lang='grc' dir='ltr'><strong><em>γε</em></strong></span> 
     </span>
    </p>
   </div>
   <div class='ocr_carea' id='block_1_60' title="bbox 516 3243 2092 3338">
    <p class='ocr_par' dir='ltr' id='par_1_60' title="bbox 516 3262 2091 3333">
     <span class='ocr_line' id='line_1_60' title="bbox 516 3262 2091 3333; baseline 0.001 -18"><span class='ocrx_word' id='word_1_451' title='bbox 516 3262 881 3327; x_wconf 82' lang='lat' dir='ltr'><strong><em>ﬁrmamento,</em></strong></span> <span class='ocrx_word' id='word_1_452' title='bbox 913 3272 967 3318; x_wconf 88' lang='lat' dir='ltr'><strong><em>et</em></strong></span> <span class='ocrx_word' id='word_1_453' title='bbox 1011 3264 1114 3319; x_wconf 89' lang='lat' dir='ltr'><strong><em>sub</em></strong></span> <span class='ocrx_word' id='word_1_454' title='bbox 1157 3279 1223 3319; x_wconf 92' lang='lat' dir='ltr'><strong><em>eo</em></strong></span> <span class='ocrx_word' id='word_1_455' title='bbox 1258 3262 1562 3333; x_wconf 87' lang='lat' dir='ltr'><strong><em>Serapbim.</em></strong></span> <span class='ocrx_word' id='word_1_456' title='bbox 1607 3262 1965 3332; x_wconf 83' lang='lat' dir='ltr'><strong><em>AlIirmalque</em></strong></span> <span class='ocrx_word' id='word_1_457' title='bbox 2006 3277 2091 3317; x_wconf 91' lang='lat' dir='ltr'><strong><em>se-</em></strong></span> 
     </span>
    </p>
   </div>
   <div class='ocr_carea' id='block_1_61' title="bbox 2198 3243 3779 3338">
    <p class='ocr_par' dir='ltr' id='par_1_61' title="bbox 2199 3243 3779 3338">
     <span class='ocr_line' id='line_1_61' title="bbox 2199 3243 3779 3338; baseline -0.007 -16"><span class='ocrx_word' id='word_1_458' title='bbox 2199 3243 2488 3333; x_wconf 75' lang='grc' dir='ltr'>θεσπέσιος</span> <span class='ocrx_word' id='word_1_459' title='bbox 2520 3243 2789 3338; x_wconf 24' lang='grc' dir='ltr'>Ἰεξεχιγὴῧί</span> <span class='ocrx_word' id='word_1_460' title='bbox 2811 3266 3001 3338; x_wconf 82' lang='grc' dir='ltr'>θρόνον</span> <span class='ocrx_word' id='word_1_461' title='bbox 3029 3263 3317 3319; x_wconf 77' lang='grc' dir='ltr'>τεθεᾶσθαι</span> <span class='ocrx_word' id='word_1_462' title='bbox 3343 3277 3506 3332; x_wconf 85' lang='grc' dir='ltr'>φησιν</span> <span class='ocrx_word' id='word_1_463' title='bbox 3536 3260 3630 3313; x_wconf 74' lang='grc' dir='ltr'><strong><em>ἐπὶ</em></strong></span> <span class='ocrx_word' id='word_1_464' title='bbox 3661 3276 3779 3313; x_wconf 77' lang='grc' dir='ltr'>στεο</span> 
     </span>
    </p>
   </div>
   <div class='ocr_carea' id='block_1_62' title="bbox 513 3352 2092 3423">
    <p class='ocr_par' dir='ltr' id='par_1_62' title="bbox 513 3352 2092 3423">
     <span class='ocr_line' id='line_1_62' title="bbox 513 3352 2092 3423; baseline 0.002 -19"><span class='ocrx_word' id='word_1_465' title='bbox 513 3353 731 3407; x_wconf 85' lang='lat' dir='ltr'><strong><em>dentem</em></strong></span> <span class='ocrx_word' id='word_1_466' title='bbox 776 3369 939 3423; x_wconf 86' lang='lat' dir='ltr'><strong><em>super</em></strong></span> <span class='ocrx_word' id='word_1_467' title='bbox 981 3356 1178 3410; x_wconf 91' lang='lat' dir='ltr'><strong><em>throno</em></strong></span> <span class='ocrx_word' id='word_1_468' title='bbox 1224 3369 1284 3408; x_wconf 90' lang='lat' dir='ltr'><strong><em>se</em></strong></span> <span class='ocrx_word' id='word_1_469' title='bbox 1329 3352 1604 3417; x_wconf 88' lang='lat' dir='ltr'><strong><em>intuitum,</em></strong></span> <span class='ocrx_word' id='word_1_470' title='bbox 1637 3352 1810 3407; x_wconf 78' lang='lat' dir='ltr'><strong><em>forma</em></strong></span> <span class='ocrx_word' id='word_1_471' title='bbox 1856 3352 2092 3422; x_wconf 85' lang='lat' dir='ltr'><strong><em>gemina,</em></strong></span> 
     </span>
    </p>
   </div>
   <div class='ocr_carea' id='block_1_63' title="bbox 516 3445 2095 3516">
    <p class='ocr_par' dir='ltr' id='par_1_63' title="bbox 516 3445 2095 3516">
     <span class='ocr_line' id='line_1_63' title="bbox 516 3445 2095 3516; baseline 0.001 -19"><span class='ocrx_word' id='word_1_472' title='bbox 516 3445 826 3500; x_wconf 80' lang='lat' dir='ltr'><strong><em>inferiorem</em></strong></span> <span class='ocrx_word' id='word_1_473' title='bbox 870 3446 1086 3516; x_wconf 80' lang='lat' dir='ltr'><strong><em>quidem</em></strong></span> <span class='ocrx_word' id='word_1_474' title='bbox 1130 3445 1246 3512; x_wconf 88' lang='lat' dir='ltr'><strong><em>ejus</em></strong></span> <span class='ocrx_word' id='word_1_475' title='bbox 1290 3455 1520 3515; x_wconf 89' lang='lat' dir='ltr'><strong><em>partem,</em></strong></span> <span class='ocrx_word' id='word_1_476' title='bbox 1588 3461 1617 3498; x_wconf 90' lang='lat' dir='ltr'><strong><em>a</em></strong></span> <span class='ocrx_word' id='word_1_477' title='bbox 1678 3445 1875 3499; x_wconf 88' lang='lat' dir='ltr'><strong><em>lumbis</em></strong></span> <span class='ocrx_word' id='word_1_478' title='bbox 1924 3459 2095 3515; x_wconf 86' lang='lat' dir='ltr'><strong><em>usque</em></strong></span> 
     </span>
    </p>
   </div>
   <div class='ocr_carea' id='block_1_64' title="bbox 516 3533 2092 3606">
    <p class='ocr_par' dir='ltr' id='par_1_64' title="bbox 516 3533 2092 3606">
     <span class='ocr_line' id='line_1_64' title="bbox 516 3533 2092 3606; baseline -0.001 -16"><span class='ocrx_word' id='word_1_479' title='bbox 516 3537 798 3602; x_wconf 85' lang='lat' dir='ltr'><strong><em>deorsum,</em></strong></span> <span class='ocrx_word' id='word_1_480' title='bbox 829 3538 1004 3606; x_wconf 84' lang='lat' dir='ltr'><strong><em>ignem</em></strong></span> <span class='ocrx_word' id='word_1_481' title='bbox 1038 3535 1321 3598; x_wconf 80' lang='lat' dir='ltr'><strong><em>evidenter</em></strong></span> <span class='ocrx_word' id='word_1_482' title='bbox 1349 3533 1674 3589; x_wconf 73' lang='lat' dir='ltr'><strong><em>referentem</em></strong></span> <span class='ocrx_word' id='word_1_483' title='bbox 1709 3553 1722 3589; x_wconf 90' lang='lat'>:</span> <span class='ocrx_word' id='word_1_484' title='bbox 1755 3537 2092 3605; x_wconf 87' lang='lat' dir='ltr'><strong><em>superiorem</em></strong></span> 
     </span>
    </p>
   </div>
   <div class='ocr_carea' id='block_1_65' title="bbox 519 3624 2095 3696">
    <p class='ocr_par' dir='ltr' id='par_1_65' title="bbox 519 3624 2095 3696">
     <span class='ocr_line' id='line_1_65' title="bbox 519 3624 2095 3696; baseline -0.001 -17"><span class='ocrx_word' id='word_1_485' title='bbox 519 3641 646 3682; x_wconf 85' lang='lat' dir='ltr'><strong><em>vero</em></strong></span> <span class='ocrx_word' id='word_1_486' title='bbox 693 3626 978 3681; x_wconf 79' lang='lat' dir='ltr'><strong><em>electrum.</em></strong></span> <span class='ocrx_word' id='word_1_487' title='bbox 1025 3624 1155 3692; x_wconf 71' lang='lat' dir='ltr'><strong><em>Quae</em></strong></span> <span class='ocrx_word' id='word_1_488' title='bbox 1210 3626 1417 3696; x_wconf 84' lang='lat' dir='ltr'><strong><em>singula</em></strong></span> <span class='ocrx_word' id='word_1_489' title='bbox 1472 3639 1664 3680; x_wconf 84' lang='lat' dir='ltr'><strong><em>exacte</em></strong></span> <span class='ocrx_word' id='word_1_490' title='bbox 1688 3627 1731 3658; x_wconf 83' lang='grc'>¹²</span> <span class='ocrx_word' id='word_1_491' title='bbox 1778 3636 1834 3680; x_wconf 89' lang='lat' dir='ltr'><strong><em>et</em></strong></span> <span class='ocrx_word' id='word_1_492' title='bbox 1875 3627 2095 3694; x_wconf 87' lang='lat' dir='ltr'><strong><em>copiose</em></strong></span> 
     </span>
    </p>
   </div>
   <div class='ocr_carea' id='block_1_66' title="bbox 514 3715 2093 3785">
    <p class='ocr_par' dir='ltr' id='par_1_66' title="bbox 514 3715 2093 3785">
     <span class='ocr_line' id='line_1_66' title="bbox 514 3715 2093 3785; baseline 0.001 -16"><span class='ocrx_word' id='word_1_493' title='bbox 514 3716 792 3784; x_wconf 81' lang='lat' dir='ltr'><strong><em>explanari</em></strong></span> <span class='ocrx_word' id='word_1_494' title='bbox 831 3725 1072 3785; x_wconf 80' lang='lat' dir='ltr'><strong><em>possent,</em></strong></span> <span class='ocrx_word' id='word_1_495' title='bbox 1105 3718 1149 3771; x_wconf 93' lang='lat' dir='ltr'><strong><em>si</em></strong></span> <span class='ocrx_word' id='word_1_496' title='bbox 1189 3718 1274 3771; x_wconf 89' lang='lat' dir='ltr'><strong><em>cui</em></strong></span> <span class='ocrx_word' id='word_1_497' title='bbox 1306 3732 1524 3782; x_wconf 86' lang='lat' dir='ltr'><strong><em>causas,</em></strong></span> <span class='ocrx_word' id='word_1_498' title='bbox 1559 3718 1916 3785; x_wconf 89' lang='lat' dir='ltr'><strong><em>quamobrem</em></strong></span> <span class='ocrx_word' id='word_1_499' title='bbox 1949 3715 2093 3770; x_wconf 82' lang='lat' dir='ltr'><strong><em>Deus</em></strong></span> 
     </span>
    </p>
   </div>
   <div class='ocr_carea' id='block_1_67' title="bbox 516 3804 2093 3875">
    <p class='ocr_par' dir='ltr' id='par_1_67' title="bbox 516 3804 2093 3875">
     <span class='ocr_line' id='line_1_67' title="bbox 516 3804 2093 3875; baseline -0.001 -14"><span class='ocrx_word' id='word_1_500' title='bbox 516 3805 845 3861; x_wconf 77' lang='lat' dir='ltr'><strong><em>tnultifarias</em></strong></span> <span class='ocrx_word' id='word_1_501' title='bbox 870 3808 1109 3861; x_wconf 85' lang='lat' dir='ltr'><strong><em>visiones</em></strong></span> <span class='ocrx_word' id='word_1_502' title='bbox 1130 3808 1211 3862; x_wconf 79' lang='lat' dir='ltr'><strong><em>eis</em></strong></span> <span class='ocrx_word' id='word_1_503' title='bbox 1237 3807 1520 3869; x_wconf 82' lang='lat' dir='ltr'><strong><em>obtulerit,</em></strong></span> <span class='ocrx_word' id='word_1_504' title='bbox 1556 3806 1794 3875; x_wconf 90' lang='lat' dir='ltr'><strong><em>penitius</em></strong></span> <span class='ocrx_word' id='word_1_505' title='bbox 1831 3804 2093 3875; x_wconf 77' lang='lat' dir='ltr'><strong><em>indagare</em></strong></span> 
     </span>
    </p>
   </div>
   <div class='ocr_carea' id='block_1_68' title="bbox 515 3892 2096 3966">
    <p class='ocr_par' dir='ltr' id='par_1_68' title="bbox 515 3892 2096 3966">
     <span class='ocr_line' id='line_1_68' title="bbox 515 3892 2096 3966; baseline 0.001 -20"><span class='ocrx_word' id='word_1_506' title='bbox 515 3893 729 3949; x_wconf 84' lang='lat' dir='ltr'><strong><em>liberet.</em></strong></span> <span class='ocrx_word' id='word_1_507' title='bbox 772 3892 864 3950; x_wconf 88' lang='lat' dir='ltr'><strong><em>Sic</em></strong></span> <span class='ocrx_word' id='word_1_508' title='bbox 909 3910 1041 3966; x_wconf 85' lang='lat' dir='ltr'><strong><em>ergo</em></strong></span> <span class='ocrx_word' id='word_1_509' title='bbox 1091 3906 1142 3949; x_wconf 92' lang='lat' dir='ltr'><strong><em>et</em></strong></span> <span class='ocrx_word' id='word_1_510' title='bbox 1198 3896 1384 3949; x_wconf 86' lang='lat' dir='ltr'><strong><em>beatus</em></strong></span> <span class='ocrx_word' id='word_1_511' title='bbox 1420 3894 1713 3949; x_wconf 81' lang='lat' dir='ltr'><strong><em>Zacharias</em></strong></span> <span class='ocrx_word' id='word_1_512' title='bbox 1758 3905 1991 3963; x_wconf 87' lang='lat' dir='ltr'><strong><em>tempus,</em></strong></span> <span class='ocrx_word' id='word_1_513' title='bbox 2039 3904 2096 3947; x_wconf 89' lang='lat' dir='ltr'><strong><em>et</em></strong></span> 
     </span>
    </p>
   </div>
   <div class='ocr_carea' id='block_1_69' title="bbox 515 3983 2095 4056">
    <p class='ocr_par' dir='ltr' id='par_1_69' title="bbox 515 3983 2095 4056">
     <span class='ocr_line' id='line_1_69' title="bbox 515 3983 2095 4056; baseline 0 -17"><span class='ocrx_word' id='word_1_514' title='bbox 515 3986 653 4049; x_wconf 85' lang='lat' dir='ltr'><strong><em>dies,</em></strong></span> <span class='ocrx_word' id='word_1_515' title='bbox 689 3995 744 4041; x_wconf 89' lang='lat' dir='ltr'><strong><em>et</em></strong></span> <span class='ocrx_word' id='word_1_516' title='bbox 774 4001 1011 4041; x_wconf 89' lang='lat' dir='ltr'><strong><em>mensem</em></strong></span> <span class='ocrx_word' id='word_1_517' title='bbox 1037 3990 1319 4056; x_wconf 87' lang='lat' dir='ltr'><strong><em>perspicue</em></strong></span> <span class='ocrx_word' id='word_1_518' title='bbox 1343 3986 1675 4056; x_wconf 67' lang='lat' dir='ltr'><strong><em>esprimeus,</em></strong></span> <span class='ocrx_word' id='word_1_519' title='bbox 1703 3983 1995 4040; x_wconf 86' lang='lat' dir='ltr'><strong><em>Dominum</em></strong></span> <span class='ocrx_word' id='word_1_520' title='bbox 2035 4000 2095 4039; x_wconf 85' lang='lat' dir='ltr'><strong><em>se</em></strong></span> 
     </span>
    </p>
   </div>
   <div class='ocr_carea' id='block_1_70' title="bbox 513 4075 2089 4148">
    <p class='ocr_par' dir='ltr' id='par_1_70' title="bbox 513 4075 2089 4148">
     <span class='ocr_line' id='line_1_70' title="bbox 513 4075 2089 4148; baseline 0.002 -19"><span class='ocrx_word' id='word_1_521' title='bbox 513 4076 568 4129; x_wconf 82' lang='lat' dir='ltr'><strong><em>in</em></strong></span> <span class='ocrx_word' id='word_1_522' title='bbox 613 4075 785 4131; x_wconf 81' lang='lat' dir='ltr'><strong><em>forma</em></strong></span> <span class='ocrx_word' id='word_1_523' title='bbox 833 4087 1015 4132; x_wconf 87' lang='lat' dir='ltr'><strong><em>nostra</em></strong></span> <span class='ocrx_word' id='word_1_524' title='bbox 1067 4077 1265 4133; x_wconf 80' lang='lat' dir='ltr'><strong><em>vidisse</em></strong></span> <span class='ocrx_word' id='word_1_525' title='bbox 1308 4078 1618 4133; x_wconf 80' lang='lat' dir='ltr'><strong><em>conﬁtetur.</em></strong></span> <span class='ocrx_word' id='word_1_526' title='bbox 1670 4079 1858 4148; x_wconf 84' lang='lat' dir='ltr'><strong><em>luquit</em></strong></span> <span class='ocrx_word' id='word_1_527' title='bbox 1902 4079 2089 4132; x_wconf 87' lang='lat' dir='ltr'><strong><em>enim:</em></strong></span> 
     </span>
    </p>
   </div>
   <div class='ocr_carea' id='block_1_71' title="bbox 521 4167 2086 4240">
    <p class='ocr_par' dir='ltr' id='par_1_71' title="bbox 521 4167 2086 4240">
     <span class='ocr_line' id='line_1_71' title="bbox 521 4167 2086 4240; baseline -0.001 -18"><span class='ocrx_word' id='word_1_528' title='bbox 521 4186 539 4222; x_wconf 82' lang='grc' dir='ltr'><strong><em>ι</em></strong></span> <span class='ocrx_word' id='word_1_529' title='bbox 575 4167 714 4223; x_wconf 81' lang='lat' dir='ltr'><strong><em>Ecce</em></strong></span> <span class='ocrx_word' id='word_1_530' title='bbox 760 4170 862 4238; x_wconf 86' lang='lat' dir='ltr'><strong><em>vir,</em></strong></span> <span class='ocrx_word' id='word_1_531' title='bbox 892 4170 982 4240; x_wconf 90' lang='lat' dir='ltr'><strong><em>qui</em></strong></span> <span class='ocrx_word' id='word_1_532' title='bbox 1032 4170 1358 4226; x_wconf 85' lang='lat' dir='ltr'><strong><em>ascenderat</em></strong></span> <span class='ocrx_word' id='word_1_533' title='bbox 1391 4184 1554 4239; x_wconf 88' lang='lat' dir='ltr'><strong><em>super</em></strong></span> <span class='ocrx_word' id='word_1_534' title='bbox 1586 4185 1785 4240; x_wconf 87' lang='lat' dir='ltr'><strong><em>equum</em></strong></span> <span class='ocrx_word' id='word_1_535' title='bbox 1825 4169 2029 4224; x_wconf 79' lang='lat' dir='ltr'><strong><em>rufum.</em></strong></span> <span class='ocrx_word' id='word_1_536' title='bbox 2068 4188 2086 4221; x_wconf 71' lang='grc' dir='ltr'>ι</span> 
     </span>
    </p>
   </div>
   <div class='ocr_carea' id='block_1_72' title="bbox 508 4250 2095 4333">
    <p class='ocr_par' dir='ltr' id='par_1_72' title="bbox 508 4250 2095 4333">
     <span class='ocr_line' id='line_1_72' title="bbox 508 4250 2095 4333; baseline -0.001 -16"><span class='ocrx_word' id='word_1_537' title='bbox 508 4260 679 4333; x_wconf 80' lang='lat'><strong><em>659</em></strong></span> <span class='ocrx_word' id='word_1_538' title='bbox 712 4250 919 4330; x_wconf 84' lang='lat' dir='ltr'><strong><em>Quibus</em></strong></span> <span class='ocrx_word' id='word_1_539' title='bbox 971 4262 1151 4318; x_wconf 70' lang='lat' dir='ltr'><strong><em>verbis</em></strong></span> <span class='ocrx_word' id='word_1_540' title='bbox 1196 4263 1352 4333; x_wconf 87' lang='lat' dir='ltr'><strong><em>quasi</em></strong></span> <span class='ocrx_word' id='word_1_541' title='bbox 1410 4262 1550 4317; x_wconf 89' lang='lat' dir='ltr'><strong><em>bello</em></strong></span> <span class='ocrx_word' id='word_1_542' title='bbox 1610 4262 1971 4317; x_wconf 77' lang='lat' dir='ltr'><strong><em>exercitatum</em></strong></span> <span class='ocrx_word' id='word_1_543' title='bbox 2040 4273 2095 4316; x_wconf 93' lang='lat' dir='ltr'><strong><em>et</em></strong></span> 
     </span>
    </p>
   </div>
   <div class='ocr_carea' id='block_1_73' title="bbox 514 4353 2090 4425">
    <p class='ocr_par' dir='ltr' id='par_1_73' title="bbox 514 4353 2090 4425">
     <span class='ocr_line' id='line_1_73' title="bbox 514 4353 2090 4425; baseline 0.001 -20"><span class='ocrx_word' id='word_1_544' title='bbox 514 4354 766 4408; x_wconf 84' lang='lat' dir='ltr'><strong><em>militaris</em></strong></span> <span class='ocrx_word' id='word_1_545' title='bbox 808 4353 1108 4424; x_wconf 66' lang='lat' dir='ltr'><strong><em>disciplina:</em></strong></span> <span class='ocrx_word' id='word_1_546' title='bbox 1141 4370 1247 4409; x_wconf 93' lang='lat' dir='ltr'><strong><em>non</em></strong></span> <span class='ocrx_word' id='word_1_547' title='bbox 1289 4354 1536 4425; x_wconf 86' lang='lat' dir='ltr'><strong><em>ignarum</em></strong></span> <span class='ocrx_word' id='word_1_548' title='bbox 1584 4356 1751 4408; x_wconf 83' lang='lat' dir='ltr'><strong><em>tacite</em></strong></span> <span class='ocrx_word' id='word_1_549' title='bbox 1794 4353 2090 4422; x_wconf 74' lang='lat' dir='ltr'><strong><em>signiﬁcat.</em></strong></span> 
     </span>
    </p>
   </div>
   <div class='ocr_carea' id='block_1_74' title="bbox 515 4430 2095 4513">
    <p class='ocr_par' dir='ltr' id='par_1_74' title="bbox 515 4430 2095 4513">
     <span class='ocr_line' id='line_1_74' title="bbox 515 4430 2095 4513; baseline 0.002 -20"><span class='ocrx_word' id='word_1_550' title='bbox 515 4439 665 4507; x_wconf 78' lang='lat' dir='ltr'><strong><em>Equo</em></strong></span> <span class='ocrx_word' id='word_1_551' title='bbox 711 4441 854 4496; x_wconf 86' lang='lat' dir='ltr'><strong><em>enim</em></strong></span> <span class='ocrx_word' id='word_1_552' title='bbox 911 4430 1173 4507; x_wconf 87' lang='lat' dir='ltr'><strong><em>insidere,</em></strong></span> <span class='ocrx_word' id='word_1_553' title='bbox 1227 4452 1282 4497; x_wconf 89' lang='lat' dir='ltr'><strong><em>et</em></strong></span> <span class='ocrx_word' id='word_1_554' title='bbox 1327 4444 1545 4513; x_wconf 88' lang='lat' dir='ltr'><strong><em>quidem</em></strong></span> <span class='ocrx_word' id='word_1_555' title='bbox 1597 4442 1735 4508; x_wconf 82' lang='lat' dir='ltr'><strong><em>rufo,</em></strong></span> <span class='ocrx_word' id='word_1_556' title='bbox 1792 4455 1849 4498; x_wconf 90' lang='lat' dir='ltr'><strong><em>et</em></strong></span> <span class='ocrx_word' id='word_1_557' title='bbox 1891 4443 2095 4497; x_wconf 90' lang='lat' dir='ltr'><strong><em>coloris</em></strong></span> 
     </span>
    </p>
   </div>
   <div class='ocr_carea' id='block_1_75' title="bbox 511 4532 2087 4606">
    <p class='ocr_par' dir='ltr' id='par_1_75' title="bbox 511 4532 2087 4606">
     <span class='ocr_line' id='line_1_75' title="bbox 511 4532 2087 4606; baseline 0.003 -22"><span class='ocrx_word' id='word_1_558' title='bbox 511 4532 665 4600; x_wconf 86' lang='lat' dir='ltr'><strong><em>quasi</em></strong></span> <span class='ocrx_word' id='word_1_559' title='bbox 704 4534 1007 4603; x_wconf 73' lang='lat' dir='ltr'><strong><em>sanguinei,</em></strong></span> <span class='ocrx_word' id='word_1_560' title='bbox 1044 4534 1151 4591; x_wconf 89' lang='lat' dir='ltr'><strong><em>tale</em></strong></span> <span class='ocrx_word' id='word_1_561' title='bbox 1194 4534 1323 4604; x_wconf 91' lang='lat' dir='ltr'><strong><em>quid</em></strong></span> <span class='ocrx_word' id='word_1_562' title='bbox 1371 4537 1472 4591; x_wconf 89' lang='lat' dir='ltr'><strong><em>sibi</em></strong></span> <span class='ocrx_word' id='word_1_563' title='bbox 1509 4535 1762 4604; x_wconf 87' lang='lat' dir='ltr'><strong><em>deinceps</em></strong></span> <span class='ocrx_word' id='word_1_564' title='bbox 1799 4535 1934 4591; x_wconf 90' lang='lat' dir='ltr'><strong><em>velle</em></strong></span> <span class='ocrx_word' id='word_1_565' title='bbox 1974 4536 2087 4606; x_wconf 88' lang='lat' dir='ltr'><strong><em>opi-</em></strong></span> 
     </span>
    </p>
   </div>
   <div class='ocr_carea' id='block_1_76' title="bbox 512 4612 2170 4693">
    <p class='ocr_par' dir='ltr' id='par_1_76' title="bbox 512 4612 2170 4693">
     <span class='ocr_line' id='line_1_76' title="bbox 512 4612 2170 4693; baseline 0.002 -16"><span class='ocrx_word' id='word_1_566' title='bbox 512 4619 632 4691; x_wconf 66' lang='grc' dir='ltr'><strong><em>νῦν.</em></strong></span> <span class='ocrx_word' id='word_1_567' title='bbox 667 4622 874 4693; x_wconf 78' lang='lat' dir='ltr'><strong><em>Pugnat</em></strong></span> <span class='ocrx_word' id='word_1_568' title='bbox 910 4626 1055 4681; x_wconf 89' lang='lat' dir='ltr'><strong><em>enim</em></strong></span> <span class='ocrx_word' id='word_1_569' title='bbox 1109 4626 1487 4689; x_wconf 80' lang='lat' dir='ltr'><strong><em>universorum</em></strong></span> <span class='ocrx_word' id='word_1_570' title='bbox 1534 4626 1677 4681; x_wconf 89' lang='lat' dir='ltr'><strong><em>Deus</em></strong></span> <span class='ocrx_word' id='word_1_571' title='bbox 1715 4635 1905 4681; x_wconf 86' lang='lat' dir='ltr'><strong><em>contra</em></strong></span> <span class='ocrx_word' id='word_1_572' title='bbox 1956 4628 2091 4682; x_wconf 87' lang='lat' dir='ltr'><strong><em>resi-</em></strong></span> <span class='ocrx_word' id='word_1_573' title='bbox 2130 4612 2170 4665; x_wconf 74' lang='grc' dir='ltr'><strong><em>θ</em></strong></span> 
     </span>
    </p>
   </div>
   <div class='ocr_carea' id='block_1_77' title="bbox 511 4715 2094 4789">
    <p class='ocr_par' dir='ltr' id='par_1_77' title="bbox 511 4715 2094 4789">
     <span class='ocr_line' id='line_1_77' title="bbox 511 4715 2094 4789; baseline 0.008 -24"><span class='ocrx_word' id='word_1_574' title='bbox 511 4722 719 4768; x_wconf 84' lang='lat' dir='ltr'><strong><em>stentes</em></strong></span> <span class='ocrx_word' id='word_1_575' title='bbox 751 4715 877 4778; x_wconf 89' lang='lat' dir='ltr'><strong><em>sibi,</em></strong></span> <span class='ocrx_word' id='word_1_576' title='bbox 905 4724 960 4770; x_wconf 92' lang='lat' dir='ltr'><strong><em>et</em></strong></span> <span class='ocrx_word' id='word_1_577' title='bbox 988 4726 1244 4785; x_wconf 83' lang='lat' dir='ltr'><strong><em>tauquam</em></strong></span> <span class='ocrx_word' id='word_1_578' title='bbox 1288 4718 1458 4783; x_wconf 85' lang='lat' dir='ltr'><strong><em>hostis</em></strong></span> <span class='ocrx_word' id='word_1_579' title='bbox 1497 4730 1685 4775; x_wconf 86' lang='lat' dir='ltr'><strong><em>contra</em></strong></span> <span class='ocrx_word' id='word_1_580' title='bbox 1726 4722 2094 4789; x_wconf 90' lang='lat' dir='ltr'><strong><em>rebellem,.et</em></strong></span> 
     </span>
    </p>
   </div>
   <div class='ocr_carea' id='block_1_78' title="bbox 513 4806 2091 4885">
    <p class='ocr_par' dir='ltr' id='par_1_78' title="bbox 513 4806 2091 4885">
     <span class='ocr_line' id='line_1_78' title="bbox 513 4806 2091 4885; baseline 0.005 -26"><span class='ocrx_word' id='word_1_581' title='bbox 513 4808 799 4875; x_wconf 88' lang='lat' dir='ltr'><strong><em>superbam</em></strong></span> <span class='ocrx_word' id='word_1_582' title='bbox 833 4806 1108 4864; x_wconf 81' lang='lat' dir='ltr'><strong><em>adversus</em></strong></span> <span class='ocrx_word' id='word_1_583' title='bbox 1139 4824 1199 4865; x_wconf 87' lang='lat' dir='ltr'><strong><em>se</em></strong></span> <span class='ocrx_word' id='word_1_584' title='bbox 1247 4812 1445 4866; x_wconf 89' lang='lat' dir='ltr'><strong><em>mentis</em></strong></span> <span class='ocrx_word' id='word_1_585' title='bbox 1479 4812 1746 4883; x_wconf 83' lang='lat' dir='ltr'><strong><em>cervicem</em></strong></span> <span class='ocrx_word' id='word_1_586' title='bbox 1790 4817 2091 4885; x_wconf 81' lang='lat' dir='ltr'><strong><em>erigentes,</em></strong></span> 
     </span>
    </p>
   </div>
   <div class='ocr_carea' id='block_1_79' title="bbox 508 4900 2095 4975">
    <p class='ocr_par' dir='ltr' id='par_1_79' title="bbox 508 4900 2095 4975">
     <span class='ocr_line' id='line_1_79' title="bbox 508 4900 2095 4975; baseline 0.006 -26"><span class='ocrx_word' id='word_1_587' title='bbox 508 4913 660 4950; x_wconf 76' lang='lat' dir='ltr'><strong><em>arma</em></strong></span> <span class='ocrx_word' id='word_1_588' title='bbox 720 4900 977 4968; x_wconf 86' lang='lat' dir='ltr'><strong><em>capessit.</em></strong></span> <span class='ocrx_word' id='word_1_589' title='bbox 1046 4900 1338 4959; x_wconf 70' lang='lat' dir='ltr'><strong><em>Faciebant</em></strong></span> <span class='ocrx_word' id='word_1_590' title='bbox 1387 4903 1563 4975; x_wconf 88' lang='lat' dir='ltr'><strong><em>istud,</em></strong></span> <span class='ocrx_word' id='word_1_591' title='bbox 1618 4915 1672 4959; x_wconf 86' lang='lat' dir='ltr'><strong><em>et</em></strong></span> <span class='ocrx_word' id='word_1_592' title='bbox 1727 4905 2095 4966; x_wconf 81' lang='lat' dir='ltr'><strong><em>audacissime</em></strong></span> 
     </span>
    </p>
   </div>
   <div class='ocr_carea' id='block_1_80' title="bbox 510 4990 2094 5066">
    <p class='ocr_par' dir='ltr' id='par_1_80' title="bbox 510 4990 2094 5066">
     <span class='ocr_line' id='line_1_80' title="bbox 510 4990 2094 5066; baseline 0.004 -21"><span class='ocrx_word' id='word_1_593' title='bbox 510 4990 791 5058; x_wconf 60' lang='lat' dir='ltr'><strong><em>Israelita,</em></strong></span> <span class='ocrx_word' id='word_1_594' title='bbox 831 4992 1072 5049; x_wconf 72' lang='lat' dir='ltr'><strong><em>Judazam</em></strong></span> <span class='ocrx_word' id='word_1_595' title='bbox 1132 4996 1414 5065; x_wconf 87' lang='lat' dir='ltr'><strong><em>ipsamque</em></strong></span> <span class='ocrx_word' id='word_1_596' title='bbox 1461 4995 1890 5066; x_wconf 86' lang='lat' dir='ltr'><strong><em>Hierosolymam</em></strong></span> <span class='ocrx_word' id='word_1_597' title='bbox 1940 4997 2094 5051; x_wconf 84' lang='lat' dir='ltr'><strong><em>inco-</em></strong></span> 
     </span>
    </p>
   </div>
   <div class='ocr_carea' id='block_1_81' title="bbox 510 5087 2085 5159">
    <p class='ocr_par' dir='ltr' id='par_1_81' title="bbox 510 5087 2085 5159">
     <span class='ocr_line' id='line_1_81' title="bbox 510 5087 2085 5159; baseline 0.006 -22"><span class='ocrx_word' id='word_1_598' title='bbox 510 5087 686 5140; x_wconf 88' lang='lat' dir='ltr'><strong><em>lentes</em></strong></span> <span class='ocrx_word' id='word_1_599' title='bbox 712 5102 725 5141; x_wconf 89' lang='lat'><strong>:</strong></span> <span class='ocrx_word' id='word_1_600' title='bbox 753 5088 885 5157; x_wconf 84' lang='lat' dir='ltr'><strong><em>quin</em></strong></span> <span class='ocrx_word' id='word_1_601' title='bbox 910 5096 963 5142; x_wconf 89' lang='lat' dir='ltr'><strong><em>et</em></strong></span> <span class='ocrx_word' id='word_1_602' title='bbox 994 5089 1229 5157; x_wconf 86' lang='lat' dir='ltr'><strong><em>regionis</em></strong></span> <span class='ocrx_word' id='word_1_603' title='bbox 1252 5088 1643 5159; x_wconf 65' lang='lat' dir='ltr'><strong><em>Samaritanus)</em></strong></span> <span class='ocrx_word' id='word_1_604' title='bbox 1670 5091 1954 5158; x_wconf 69' lang='lat' dir='ltr'><strong><em>indigenae,</em></strong></span> <span class='ocrx_word' id='word_1_605' title='bbox 1981 5092 2085 5153; x_wconf 72' lang='grc' dir='ltr'>ιιυιι</span> 
     </span>
    </p>
   </div>
   <div class='ocr_carea' id='block_1_82' title="bbox 510 5170 2090 5245">
    <p class='ocr_par' dir='ltr' id='par_1_82' title="bbox 510 5170 2090 5245">
     <span class='ocr_line' id='line_1_82' title="bbox 510 5170 2090 5245; baseline 0.003 -12"><span class='ocrx_word' id='word_1_606' title='bbox 510 5186 615 5245; x_wconf 84' lang='lat' dir='ltr'><strong><em>est,</em></strong></span> <span class='ocrx_word' id='word_1_607' title='bbox 649 5179 837 5235; x_wconf 89' lang='lat' dir='ltr'><strong><em>decem</em></strong></span> <span class='ocrx_word' id='word_1_608' title='bbox 869 5181 1063 5235; x_wconf 87' lang='lat' dir='ltr'><strong><em>tribus.</em></strong></span> <span class='ocrx_word' id='word_1_609' title='bbox 1097 5181 1499 5237; x_wconf 85' lang='lat' dir='ltr'><strong><em>Descenderam</em></strong></span> <span class='ocrx_word' id='word_1_610' title='bbox 1530 5184 1673 5237; x_wconf 86' lang='lat' dir='ltr'><strong><em>enim</em></strong></span> <span class='ocrx_word' id='word_1_611' title='bbox 1710 5184 1776 5237; x_wconf 88' lang='lat' dir='ltr'><strong><em>ad</em></strong></span> <span class='ocrx_word' id='word_1_612' title='bbox 1805 5170 2090 5240; x_wconf 76' lang='lat' dir='ltr'><strong><em>colendaui</em></strong></span> 
     </span>
    </p>
   </div>
   <div class='ocr_carea' id='block_1_83' title="bbox 512 5273 2081 5337">
    <p class='ocr_par' dir='ltr' id='par_1_83' title="bbox 512 5273 2081 5337">
     <span class='ocr_line' id='line_1_83' title="bbox 512 5273 2081 5337; baseline 0.004 -12"><span class='ocrx_word' id='word_1_613' title='bbox 512 5276 737 5328; x_wconf 85' lang='lat' dir='ltr'><strong><em>deorum</em></strong></span> <span class='ocrx_word' id='word_1_614' title='bbox 768 5273 1186 5337; x_wconf 87' lang='lat' dir='ltr'><strong><em>multitudinem,</em></strong></span> <span class='ocrx_word' id='word_1_615' title='bbox 1218 5283 1275 5328; x_wconf 88' lang='lat' dir='ltr'><strong><em>et</em></strong></span> <span class='ocrx_word' id='word_1_616' title='bbox 1305 5274 1631 5331; x_wconf 80' lang='lat' dir='ltr'><strong><em>manulactis</em></strong></span> <span class='ocrx_word' id='word_1_617' title='bbox 1660 5275 1873 5330; x_wconf 85' lang='lat' dir='ltr'><strong><em>divinos</em></strong></span> <span class='ocrx_word' id='word_1_618' title='bbox 1911 5276 2081 5331; x_wconf 87' lang='lat' dir='ltr'><strong><em>hono-</em></strong></span> 
     </span>
    </p>
   </div>
   <div class='ocr_carea' id='block_1_84' title="bbox 512 5352 2083 5436">
    <p class='ocr_par' dir='ltr' id='par_1_84' title="bbox 512 5352 2083 5436">
     <span class='ocr_line' id='line_1_84' title="bbox 512 5352 2083 5436; baseline 0.005 -20"><span class='ocrx_word' id='word_1_619' title='bbox 512 5379 601 5420; x_wconf 85' lang='lat' dir='ltr'><strong><em>res</em></strong></span> <span class='ocrx_word' id='word_1_620' title='bbox 652 5364 970 5429; x_wconf 83' lang='lat' dir='ltr'><strong><em>tribuentes,</em></strong></span> <span class='ocrx_word' id='word_1_621' title='bbox 1020 5364 1208 5419; x_wconf 84' lang='lat' dir='ltr'><strong><em>vitulis</em></strong></span> <span class='ocrx_word' id='word_1_622' title='bbox 1248 5367 1430 5420; x_wconf 87' lang='lat' dir='ltr'><strong><em>aureis</em></strong></span> <span class='ocrx_word' id='word_1_623' title='bbox 1474 5352 1850 5436; x_wconf 85' lang='lat' dir='ltr'><strong><em>acclamabaut</em></strong></span> <span class='ocrx_word' id='word_1_624' title='bbox 1891 5386 1904 5421; x_wconf 88' lang='lat'><strong>:</strong></span> <span class='ocrx_word' id='word_1_625' title='bbox 1944 5387 1961 5419; x_wconf 75' lang='grc' dir='ltr'><strong><em>ι</em></strong></span> <span class='ocrx_word' id='word_1_626' title='bbox 1992 5366 2083 5423; x_wconf 89' lang='lat' dir='ltr'><strong><em>lsti</em></strong></span> 
     </span>
    </p>
   </div>
   <div class='ocr_carea' id='block_1_85' title="bbox 511 5455 2087 5535">
    <p class='ocr_par' dir='ltr' id='par_1_85' title="bbox 511 5455 2087 5535">
     <span class='ocr_line' id='line_1_85' title="bbox 511 5455 2087 5535; baseline 0.002 -23"><span class='ocrx_word' id='word_1_627' title='bbox 511 5467 637 5512; x_wconf 79' lang='lat' dir='ltr'><strong><em>sunt</em></strong></span> <span class='ocrx_word' id='word_1_628' title='bbox 665 5457 738 5512; x_wconf 90' lang='lat' dir='ltr'><strong><em>dii</em></strong></span> <span class='ocrx_word' id='word_1_629' title='bbox 776 5457 850 5535; x_wconf 81' lang='lat' dir='ltr'><strong><em>tui</em></strong></span> <span class='ocrx_word' id='word_1_630' title='bbox 887 5455 1071 5523; x_wconf 83' lang='lat' dir='ltr'><strong><em>Israel,</em></strong></span> <span class='ocrx_word' id='word_1_631' title='bbox 1108 5458 1200 5532; x_wconf 85' lang='lat' dir='ltr'><strong><em>qui</em></strong></span> <span class='ocrx_word' id='word_1_632' title='bbox 1225 5457 1531 5530; x_wconf 75' lang='lat' dir='ltr'><strong><em>eduxerunt</em></strong></span> <span class='ocrx_word' id='word_1_633' title='bbox 1566 5466 1618 5515; x_wconf 89' lang='lat' dir='ltr'><strong><em>te</em></strong></span> <span class='ocrx_word' id='word_1_634' title='bbox 1658 5459 1724 5528; x_wconf 82' lang='lat' dir='ltr'><strong><em>de</em></strong></span> <span class='ocrx_word' id='word_1_635' title='bbox 1754 5468 1893 5514; x_wconf 89' lang='lat' dir='ltr'><strong><em>terra</em></strong></span> <span class='ocrx_word' id='word_1_636' title='bbox 1915 5459 2087 5531; x_wconf 57' lang='grc' dir='ltr'>,Εεν-</span> 
     </span>
    </p>
   </div>
   <div class='ocr_carea' id='block_1_86' title="bbox 512 5548 2085 5622">
    <p class='ocr_par' dir='ltr' id='par_1_86' title="bbox 512 5548 2085 5622">
     <span class='ocr_line' id='line_1_86' title="bbox 512 5548 2085 5622; baseline 0.002 -19"><span class='ocrx_word' id='word_1_637' title='bbox 512 5549 590 5615; x_wconf 85' lang='lat' dir='ltr'><strong><em>pti</em></strong></span> <span class='ocrx_word' id='word_1_638' title='bbox 613 5548 694 5613; x_wconf 87' lang='grc'><strong><em>¹³;</em></strong></span> <span class='ocrx_word' id='word_1_639' title='bbox 732 5567 752 5615; x_wconf 66' lang='grc' dir='ltr'><strong>ρ</strong></span> <span class='ocrx_word' id='word_1_640' title='bbox 792 5558 848 5603; x_wconf 88' lang='lat' dir='ltr'><strong><em>et</em></strong></span> <span class='ocrx_word' id='word_1_641' title='bbox 883 5550 1101 5619; x_wconf 88' lang='lat' dir='ltr'><strong><em>insuper</em></strong></span> <span class='ocrx_word' id='word_1_642' title='bbox 1131 5550 1469 5620; x_wconf 65' lang='lat' dir='ltr'><strong><em>,legislatoris</em></strong></span> <span class='ocrx_word' id='word_1_643' title='bbox 1507 5553 1959 5622; x_wconf 59' lang='lat' dir='ltr'><strong><em>praeceptionibus</em></strong></span> <span class='ocrx_word' id='word_1_644' title='bbox 1999 5568 2085 5608; x_wconf 77' lang='lat' dir='ltr'><strong><em>sa-</em></strong></span> 
     </span>
    </p>
   </div>
   <div class='ocr_carea' id='block_1_87' title="bbox 511 5628 2084 5721">
    <p class='ocr_par' dir='ltr' id='par_1_87' title="bbox 511 5628 2084 5721">
     <span class='ocr_line' id='line_1_87' title="bbox 511 5628 2084 5721; baseline 0.003 -26"><span class='ocrx_word' id='word_1_645' title='bbox 511 5641 623 5695; x_wconf 85' lang='lat' dir='ltr'><strong><em>cris</em></strong></span> <span class='ocrx_word' id='word_1_646' title='bbox 671 5640 889 5699; x_wconf 87' lang='lat' dir='ltr'><strong><em>omnino</em></strong></span> <span class='ocrx_word' id='word_1_647' title='bbox 937 5628 1283 5713; x_wconf 86' lang='lat' dir='ltr'><strong><em>contemptis,</em></strong></span> <span class='ocrx_word' id='word_1_648' title='bbox 1344 5658 1452 5712; x_wconf 88' lang='lat' dir='ltr'><strong><em>quo</em></strong></span> <span class='ocrx_word' id='word_1_649' title='bbox 1504 5628 1776 5717; x_wconf 78' lang='lat' dir='ltr'><strong><em>quemque</em></strong></span> <span class='ocrx_word' id='word_1_650' title='bbox 1815 5645 2084 5721; x_wconf 70' lang='lat' dir='ltr'><strong><em>cupiditas</em></strong></span> 
     </span>
    </p>
   </div>
   <div class='ocr_carea' id='block_1_88' title="bbox 588 5815 1636 5891">
    <p class='ocr_par' dir='ltr' id='par_1_88' title="bbox 588 5815 1636 5891">
     <span class='ocr_line' id='line_1_88' title="bbox 588 5815 1636 5891; baseline 0.008 -21"><span class='ocrx_word' id='word_1_651' title='bbox 588 5816 629 5852; x_wconf 76' lang='lat'>”</span> <span class='ocrx_word' id='word_1_652' title='bbox 666 5815 769 5885; x_wconf 74' lang='lat' dir='ltr'><strong><em>lsa.</em></strong></span> <span class='ocrx_word' id='word_1_653' title='bbox 810 5832 883 5883; x_wconf 76' lang='lat' dir='ltr'><strong><em>vi,</em></strong></span> <span class='ocrx_word' id='word_1_654' title='bbox 914 5817 967 5872; x_wconf 69' lang='lat' dir='ltr'><strong><em>i.</em></strong></span> <span class='ocrx_word' id='word_1_655' title='bbox 1050 5818 1091 5850; x_wconf 76' lang='lat'><strong>&quot;</strong></span> <span class='ocrx_word' id='word_1_656' title='bbox 1124 5820 1318 5875; x_wconf 81' lang='lat' dir='ltr'><strong><em>Ezech.</em></strong></span> <span class='ocrx_word' id='word_1_657' title='bbox 1350 5836 1385 5883; x_wconf 80' lang='grc' dir='ltr'>ι.</span> <span class='ocrx_word' id='word_1_658' title='bbox 1420 5822 1444 5876; x_wconf 76' lang='grc' dir='ltr'>ι</span> <span class='ocrx_word' id='word_1_659' title='bbox 1484 5837 1636 5891; x_wconf 79' lang='lat' dir='ltr'><strong><em>seqq.</em></strong></span> 
     </span>
    </p>
   </div>
   <div class='ocr_carea' id='block_1_89' title="bbox 2200 3351 3779 3430">
    <p class='ocr_par' dir='ltr' id='par_1_89' title="bbox 2200 3351 3779 3430">
     <span class='ocr_line' id='line_1_89' title="bbox 2200 3351 3779 3430; baseline -0.006 -17"><span class='ocrx_word' id='word_1_660' title='bbox 2200 3359 2504 3430; x_wconf 85' lang='grc' dir='ltr'>ρεὼματος,</span> <span class='ocrx_word' id='word_1_661' title='bbox 2547 3358 2921 3430; x_wconf 78' lang='grc' dir='ltr'>ὑποκειμένων</span> <span class='ocrx_word' id='word_1_662' title='bbox 2967 3357 3076 3410; x_wconf 84' lang='grc' dir='ltr'><strong><em>τῶν</em></strong></span> <span class='ocrx_word' id='word_1_663' title='bbox 3115 3353 3540 3426; x_wconf 74' lang='grc' dir='ltr'>Σεραφίμ.Ἔςρη</span> <span class='ocrx_word' id='word_1_664' title='bbox 3589 3351 3667 3416; x_wconf 79' lang='grc' dir='ltr'>δὲ,</span> <span class='ocrx_word' id='word_1_665' title='bbox 3696 3352 3779 3405; x_wconf 83' lang='grc' dir='ltr'>ὅτι</span> 
     </span>
    </p>
   </div>
   <div class='ocr_carea' id='block_1_90' title="bbox 2196 3444 3781 3523">
    <p class='ocr_par' dir='ltr' id='par_1_90' title="bbox 2196 3444 3781 3523">
     <span class='ocr_line' id='line_1_90' title="bbox 2196 3444 3781 3523; baseline -0.006 -18"><span class='ocrx_word' id='word_1_666' title='bbox 2196 3453 2288 3507; x_wconf 75' lang='grc' dir='ltr'><strong><em>τὸν</em></strong></span> <span class='ocrx_word' id='word_1_667' title='bbox 2318 3451 2412 3523; x_wconf 73' lang='grc' dir='ltr'><strong><em>ἐπὶ</em></strong></span> <span class='ocrx_word' id='word_1_668' title='bbox 2435 3451 2622 3522; x_wconf 88' lang='grc' dir='ltr'>θρόνου</span> <span class='ocrx_word' id='word_1_669' title='bbox 2651 3450 2961 3521; x_wconf 80' lang='grc' dir='ltr'>καθήμενον</span> <span class='ocrx_word' id='word_1_670' title='bbox 2992 3448 3204 3519; x_wconf 79' lang='grc' dir='ltr'>ἑώρακε</span> <span class='ocrx_word' id='word_1_671' title='bbox 3230 3445 3505 3515; x_wconf 82' lang='grc' dir='ltr'>διφυᾶ,ὼς</span> <span class='ocrx_word' id='word_1_672' title='bbox 3536 3444 3606 3497; x_wconf 79' lang='grc' dir='ltr'><strong><em>τά</em></strong></span> <span class='ocrx_word' id='word_1_673' title='bbox 3629 3446 3781 3497; x_wconf 79' lang='grc' dir='ltr'>κάτω</span> 
     </span>
    </p>
   </div>
   <div class='ocr_carea' id='block_1_91' title="bbox 2200 3536 3780 3614">
    <p class='ocr_par' dir='ltr' id='par_1_91' title="bbox 2200 3536 3780 3614">
     <span class='ocr_line' id='line_1_91' title="bbox 2200 3536 3780 3614; baseline -0.008 -16"><span class='ocrx_word' id='word_1_674' title='bbox 2200 3543 2300 3614; x_wconf 82' lang='grc' dir='ltr'>μὲν</span> <span class='ocrx_word' id='word_1_675' title='bbox 2343 3544 2451 3598; x_wconf 75' lang='grc' dir='ltr'>ἀπὸ</span> <span class='ocrx_word' id='word_1_676' title='bbox 2490 3543 2691 3613; x_wconf 82' lang='grc' dir='ltr'>ὀσφύος</span> <span class='ocrx_word' id='word_1_677' title='bbox 2734 3546 2791 3597; x_wconf 81' lang='grc' dir='ltr'>ὲν</span> <span class='ocrx_word' id='word_1_678' title='bbox 2838 3542 2968 3595; x_wconf 80' lang='grc' dir='ltr'>εῖδει</span> <span class='ocrx_word' id='word_1_679' title='bbox 3000 3540 3172 3611; x_wconf 75' lang='grc' dir='ltr'>πυρὸς</span> <span class='ocrx_word' id='word_1_680' title='bbox 3215 3537 3443 3611; x_wconf 82' lang='grc' dir='ltr'>ὁρᾶσθαι</span> <span class='ocrx_word' id='word_1_681' title='bbox 3486 3536 3693 3605; x_wconf 80' lang='grc' dir='ltr'>σαφῶς,</span> <span class='ocrx_word' id='word_1_682' title='bbox 3722 3537 3780 3587; x_wconf 79' lang='grc' dir='ltr'>ὲν</span> 
     </span>
    </p>
   </div>
   <div class='ocr_carea' id='block_1_92' title="bbox 2196 3627 3776 3706">
    <p class='ocr_par' dir='ltr' id='par_1_92' title="bbox 2196 3627 3776 3706">
     <span class='ocr_line' id='line_1_92' title="bbox 2196 3627 3776 3706; baseline -0.007 -17"><span class='ocrx_word' id='word_1_683' title='bbox 2196 3637 2384 3706; x_wconf 81' lang='grc' dir='ltr'>ὁράσει</span> <span class='ocrx_word' id='word_1_684' title='bbox 2407 3635 2465 3689; x_wconf 83' lang='grc' dir='ltr'>δὲ</span> <span class='ocrx_word' id='word_1_685' title='bbox 2498 3635 2765 3706; x_wconf 70' lang='grc' dir='ltr'>ἠλέκτρου</span> <span class='ocrx_word' id='word_1_686' title='bbox 2811 3635 2879 3687; x_wconf 84' lang='grc' dir='ltr'>τὰ</span> <span class='ocrx_word' id='word_1_687' title='bbox 2923 3634 3055 3687; x_wconf 78' lang='grc' dir='ltr'>ἄνω.</span> <span class='ocrx_word' id='word_1_688' title='bbox 3092 3630 3201 3684; x_wconf 82' lang='lat' dir='ltr'><strong><em>Kel</em></strong></span> <span class='ocrx_word' id='word_1_689' title='bbox 3251 3628 3417 3700; x_wconf 77' lang='grc' dir='ltr'>βαθὺς</span> <span class='ocrx_word' id='word_1_690' title='bbox 3446 3627 3513 3681; x_wconf 80' lang='grc' dir='ltr'>ἂν</span> <span class='ocrx_word' id='word_1_691' title='bbox 3545 3627 3776 3695; x_wconf 82' lang='grc' dir='ltr'>γένοιτο,</span> 
     </span>
    </p>
   </div>
   <div class='ocr_carea' id='block_1_93' title="bbox 2197 3718 3778 3797">
    <p class='ocr_par' dir='ltr' id='par_1_93' title="bbox 2197 3718 3778 3797">
     <span class='ocr_line' id='line_1_93' title="bbox 2197 3718 3778 3797; baseline -0.008 -17"><span class='ocrx_word' id='word_1_692' title='bbox 2197 3729 2294 3781; x_wconf 88' lang='lat' dir='ltr'><strong><em>uel</em></strong></span> <span class='ocrx_word' id='word_1_693' title='bbox 2323 3727 2530 3797; x_wconf 79' lang='grc' dir='ltr'>μακρὸς</span> <span class='ocrx_word' id='word_1_694' title='bbox 2558 3730 2585 3779; x_wconf 92' lang='lat'><strong><em>6</em></strong></span> <span class='ocrx_word' id='word_1_695' title='bbox 2620 3728 2705 3793; x_wconf 74' lang='grc' dir='ltr'><strong><em>ἐφ’</em></strong></span> <span class='ocrx_word' id='word_1_696' title='bbox 2745 3726 2960 3795; x_wconf 74' lang='grc' dir='ltr'>ἑκάστῳ</span> <span class='ocrx_word' id='word_1_697' title='bbox 2989 3723 3165 3791; x_wconf 84' lang='grc' dir='ltr'>λόγος,</span> <span class='ocrx_word' id='word_1_698' title='bbox 3186 3721 3345 3790; x_wconf 83' lang='grc' dir='ltr'>εἴπερ</span> <span class='ocrx_word' id='word_1_699' title='bbox 3372 3718 3543 3772; x_wconf 80' lang='grc' dir='ltr'>ἓλοιτό</span> <span class='ocrx_word' id='word_1_700' title='bbox 3567 3734 3650 3780; x_wconf 86' lang='grc' dir='ltr'><strong><em>τις</em></strong></span> <span class='ocrx_word' id='word_1_701' title='bbox 3680 3733 3778 3768; x_wconf 89' lang='grc' dir='ltr'>πο-</span> 
     </span>
    </p>
   </div>
   <div class='ocr_carea' id='block_1_94' title="bbox 2196 3807 3779 3889">
    <p class='ocr_par' dir='ltr' id='par_1_94' title="bbox 2196 3807 3779 3889">
     <span class='ocr_line' id='line_1_94' title="bbox 2196 3807 3779 3889; baseline -0.006 -21"><span class='ocrx_word' id='word_1_702' title='bbox 2196 3818 2600 3889; x_wconf 83' lang='grc' dir='ltr'>λυπραγμονεῖν</span> <span class='ocrx_word' id='word_1_703' title='bbox 2648 3816 2747 3876; x_wconf 80' lang='grc' dir='ltr'><strong><em>τὰς</em></strong></span> <span class='ocrx_word' id='word_1_704' title='bbox 2792 3815 2972 3878; x_wconf 82' lang='grc' dir='ltr'>αἰτίας</span> <span class='ocrx_word' id='word_1_705' title='bbox 3020 3814 3115 3866; x_wconf 89' lang='grc' dir='ltr'><strong><em>τοῦ</em></strong></span> <span class='ocrx_word' id='word_1_706' title='bbox 3175 3810 3471 3872; x_wconf 80' lang='grc' dir='ltr'>πολυειδεῖς</span> <span class='ocrx_word' id='word_1_707' title='bbox 3527 3807 3779 3876; x_wconf 83' lang='grc' dir='ltr'>γενέσθαι</span> 
     </span>
    </p>
   </div>
   <div class='ocr_carea' id='block_1_95' title="bbox 2200 3897 3781 3975">
    <p class='ocr_par' dir='ltr' id='par_1_95' title="bbox 2200 3897 3781 3975">
     <span class='ocr_line' id='line_1_95' title="bbox 2200 3897 3781 3975; baseline -0.007 -15"><span class='ocrx_word' id='word_1_708' title='bbox 2200 3908 2352 3975; x_wconf 83' lang='grc' dir='ltr'>παρὰ</span> <span class='ocrx_word' id='word_1_709' title='bbox 2384 3906 2518 3958; x_wconf 82' lang='grc' dir='ltr'>Θεοῦ</span> <span class='ocrx_word' id='word_1_710' title='bbox 2546 3904 2645 3968; x_wconf 83' lang='grc' dir='ltr'>τὰς</span> <span class='ocrx_word' id='word_1_711' title='bbox 2681 3904 2899 3974; x_wconf 80' lang='grc' dir='ltr'>ὁράσεις</span> <span class='ocrx_word' id='word_1_712' title='bbox 2926 3905 3130 3966; x_wconf 76' lang='grc' dir='ltr'>αὐτοῖς.</span> <span class='ocrx_word' id='word_1_713' title='bbox 3166 3902 3322 3954; x_wconf 74' lang='grc' dir='ltr'>Οὕτω</span> <span class='ocrx_word' id='word_1_714' title='bbox 3366 3897 3656 3967; x_wconf 81' lang='grc' dir='ltr'>τοιγαροῦν</span> <span class='ocrx_word' id='word_1_715' title='bbox 3685 3898 3781 3950; x_wconf 85' lang='lat' dir='ltr'><strong><em>uel</em></strong></span> 
     </span>
    </p>
   </div>
   <div class='ocr_carea' id='block_1_96' title="bbox 2199 3983 3779 4067">
    <p class='ocr_par' dir='ltr' id='par_1_96' title="bbox 2199 3983 3779 4067">
     <span class='ocr_line' id='line_1_96' title="bbox 2199 3983 3779 4067; baseline -0.011 -16"><span class='ocrx_word' id='word_1_716' title='bbox 2199 4000 2227 4050; x_wconf 90' lang='lat'><strong><em>6</em></strong></span> <span class='ocrx_word' id='word_1_717' title='bbox 2255 3995 2522 4067; x_wconf 86' lang='grc' dir='ltr'>μακάριος</span> <span class='ocrx_word' id='word_1_718' title='bbox 2549 3992 2825 4063; x_wconf 81' lang='grc' dir='ltr'>Ζαχαρίας</span> <span class='ocrx_word' id='word_1_719' title='bbox 2848 3990 3059 4064; x_wconf 82' lang='grc' dir='ltr'>καιρὸν,</span> <span class='ocrx_word' id='word_1_720' title='bbox 3091 3989 3186 4041; x_wconf 88' lang='lat' dir='ltr'><strong><em>uel</em></strong></span> <span class='ocrx_word' id='word_1_721' title='bbox 3212 3986 3448 4058; x_wconf 82' lang='grc' dir='ltr'>ἡμέρας,</span> <span class='ocrx_word' id='word_1_722' title='bbox 3482 3983 3577 4036; x_wconf 88' lang='lat' dir='ltr'><strong><em>uel</em></strong></span> <span class='ocrx_word' id='word_1_723' title='bbox 3634 3983 3779 4053; x_wconf 82' lang='grc' dir='ltr'>μῆνα</span> 
     </span>
    </p>
   </div>
   <div class='ocr_carea' id='block_1_97' title="bbox 2201 4074 3780 4158">
    <p class='ocr_par' dir='ltr' id='par_1_97' title="bbox 2201 4074 3780 4158">
     <span class='ocr_line' id='line_1_97' title="bbox 2201 4074 3780 4158; baseline -0.011 -16"><span class='ocrx_word' id='word_1_724' title='bbox 2201 4087 2385 4158; x_wconf 84' lang='grc' dir='ltr'>σαφῶς</span> <span class='ocrx_word' id='word_1_725' title='bbox 2425 4085 2783 4156; x_wconf 86' lang='grc' dir='ltr'>ὁρισάμενος,</span> <span class='ocrx_word' id='word_1_726' title='bbox 2816 4080 3105 4136; x_wconf 80' lang='grc' dir='ltr'>τεθεᾶσθαι</span> <span class='ocrx_word' id='word_1_727' title='bbox 3151 4095 3285 4149; x_wconf 78' lang='grc' dir='ltr'>φησι</span> <span class='ocrx_word' id='word_1_728' title='bbox 3333 4076 3423 4130; x_wconf 80' lang='grc' dir='ltr'><strong><em>τὸν</em></strong></span> <span class='ocrx_word' id='word_1_729' title='bbox 3470 4074 3674 4145; x_wconf 84' lang='grc' dir='ltr'>Κύριον</span> <span class='ocrx_word' id='word_1_730' title='bbox 3724 4076 3780 4125; x_wconf 81' lang='grc' dir='ltr'>ὲν</span> 
     </span>
    </p>
   </div>
   <div class='ocr_carea' id='block_1_98' title="bbox 2196 4164 3779 4248">
    <p class='ocr_par' dir='ltr' id='par_1_98' title="bbox 2196 4164 3779 4248">
     <span class='ocr_line' id='line_1_98' title="bbox 2196 4164 3779 4248; baseline -0.01 -15"><span class='ocrx_word' id='word_1_731' title='bbox 2196 4181 2329 4234; x_wconf 79' lang='grc' dir='ltr'>εἴδει</span> <span class='ocrx_word' id='word_1_732' title='bbox 2360 4177 2438 4248; x_wconf 84' lang='grc' dir='ltr'><strong><em>τῷ</em></strong></span> <span class='ocrx_word' id='word_1_733' title='bbox 2472 4176 2592 4231; x_wconf 83' lang='grc' dir='ltr'>καθ’</span> <span class='ocrx_word' id='word_1_734' title='bbox 2624 4177 2793 4246; x_wconf 77' lang='grc' dir='ltr'>ἡμᾶς.</span> <span class='ocrx_word' id='word_1_735' title='bbox 2834 4192 2852 4227; x_wconf 79' lang='grc' dir='ltr'><strong><em>ι</em></strong></span> <span class='ocrx_word' id='word_1_736' title='bbox 2875 4173 3006 4227; x_wconf 85' lang='grc' dir='ltr'>Ἰδοὺ</span> <span class='ocrx_word' id='word_1_737' title='bbox 3035 4171 3145 4243; x_wconf 84' lang='grc' dir='ltr'><strong><em>γὰρ</em></strong></span> <span class='ocrx_word' id='word_1_738' title='bbox 3175 4169 3335 4241; x_wconf 75' lang='grc' dir='ltr'>ἀνὴρ,</span> <span class='ocrx_word' id='word_1_739' title='bbox 3366 4167 3552 4239; x_wconf 76' lang='grc' dir='ltr'>φησὶν,</span> <span class='ocrx_word' id='word_1_740' title='bbox 3596 4164 3779 4219; x_wconf 78' lang='grc' dir='ltr'>ἐπιδε-</span> 
     </span>
    </p>
   </div>
   <div class='ocr_carea' id='block_1_99' title="bbox 2201 4257 3776 4342">
    <p class='ocr_par' dir='ltr' id='par_1_99' title="bbox 2201 4257 3776 4342">
     <span class='ocr_line' id='line_1_99' title="bbox 2201 4257 3776 4342; baseline -0.009 -18"><span class='ocrx_word' id='word_1_741' title='bbox 2201 4270 2387 4342; x_wconf 77' lang='grc' dir='ltr'>δηκὼς</span> <span class='ocrx_word' id='word_1_742' title='bbox 2421 4268 2507 4339; x_wconf 76' lang='grc' dir='ltr'><strong><em>ἐφ’</em></strong></span> <span class='ocrx_word' id='word_1_743' title='bbox 2539 4269 2706 4321; x_wconf 81' lang='grc' dir='ltr'>ἵππον</span> <span class='ocrx_word' id='word_1_744' title='bbox 2736 4266 2963 4338; x_wconf 77' lang='grc' dir='ltr'>πυρρόν.</span> <span class='ocrx_word' id='word_1_745' title='bbox 3001 4283 3019 4317; x_wconf 79' lang='lat' dir='ltr'><strong><em>s</em></strong></span> <span class='ocrx_word' id='word_1_746' title='bbox 3057 4263 3365 4317; x_wconf 79' lang='grc' dir='ltr'>Αἰνίττεται</span> <span class='ocrx_word' id='word_1_747' title='bbox 3390 4260 3446 4314; x_wconf 83' lang='grc' dir='ltr'>δὲ</span> <span class='ocrx_word' id='word_1_748' title='bbox 3476 4259 3563 4313; x_wconf 80' lang='grc' dir='ltr'>διὰ</span> <span class='ocrx_word' id='word_1_749' title='bbox 3586 4257 3776 4312; x_wconf 86' lang='grc' dir='ltr'>τούτου</span> 
     </span>
    </p>
   </div>
   <div class='ocr_carea' id='block_1_100' title="bbox 2199 4349 3779 4428">
    <p class='ocr_par' dir='ltr' id='par_1_100' title="bbox 2199 4349 3779 4428">
     <span class='ocr_line' id='line_1_100' title="bbox 2199 4349 3779 4428; baseline -0.009 -12"><span class='ocrx_word' id='word_1_750' title='bbox 2199 4362 2292 4416; x_wconf 83' lang='grc' dir='ltr'><strong><em>τὸν</em></strong></span> <span class='ocrx_word' id='word_1_751' title='bbox 2324 4357 2606 4422; x_wconf 84' lang='grc' dir='ltr'>οἱονειπως</span> <span class='ocrx_word' id='word_1_752' title='bbox 2651 4355 3126 4428; x_wconf 85' lang='grc' dir='ltr'>έμπειροπόλεμον</span> <span class='ocrx_word' id='word_1_753' title='bbox 3149 4352 3255 4407; x_wconf 78' lang='grc' dir='ltr'>’καὶ</span> <span class='ocrx_word' id='word_1_754' title='bbox 3297 4351 3475 4405; x_wconf 86' lang='grc' dir='ltr'>εἰδότα</span> <span class='ocrx_word' id='word_1_755' title='bbox 3500 4349 3569 4403; x_wconf 82' lang='grc' dir='ltr'><strong><em>τὰ</em></strong></span> <span class='ocrx_word' id='word_1_756' title='bbox 3593 4366 3779 4402; x_wconf 83' lang='grc' dir='ltr'>τακτι-</span> 
     </span>
    </p>
   </div>
   <div class='ocr_carea' id='block_1_101' title="bbox 2200 4439 3778 4521">
    <p class='ocr_par' dir='ltr' id='par_1_101' title="bbox 2200 4439 3778 4521">
     <span class='ocr_line' id='line_1_101' title="bbox 2200 4439 3778 4521; baseline -0.006 -14"><span class='ocrx_word' id='word_1_757' title='bbox 2200 4454 2290 4507; x_wconf 86' lang='grc' dir='ltr'>κά.</span> <span class='ocrx_word' id='word_1_758' title='bbox 2322 4452 2395 4505; x_wconf 83' lang='lat' dir='ltr'><strong>T6</strong></span> <span class='ocrx_word' id='word_1_759' title='bbox 2422 4450 2534 4521; x_wconf 82' lang='grc' dir='ltr'><strong><em>γὰρ</em></strong></span> <span class='ocrx_word' id='word_1_760' title='bbox 2561 4450 2715 4518; x_wconf 72' lang='grc' dir='ltr'>ἵππῳ</span> <span class='ocrx_word' id='word_1_761' title='bbox 2758 4448 2856 4519; x_wconf 83' lang='grc' dir='ltr'>μὲν</span> <span class='ocrx_word' id='word_1_762' title='bbox 2898 4447 3172 4516; x_wconf 78' lang='grc' dir='ltr'>ὲφιζῆσαι,</span> <span class='ocrx_word' id='word_1_763' title='bbox 3204 4445 3299 4498; x_wconf 87' lang='lat' dir='ltr'><strong><em>uel</em></strong></span> <span class='ocrx_word' id='word_1_764' title='bbox 3330 4442 3517 4512; x_wconf 81' lang='grc' dir='ltr'>τούτῳ</span> <span class='ocrx_word' id='word_1_765' title='bbox 3563 4439 3778 4514; x_wconf 76' lang='grc' dir='ltr'>πυρῤῷ.</span> 
     </span>
    </p>
   </div>
   <div class='ocr_carea' id='block_1_102' title="bbox 2203 4532 3779 4612">
    <p class='ocr_par' dir='ltr' id='par_1_102' title="bbox 2203 4532 3779 4612">
     <span class='ocr_line' id='line_1_102' title="bbox 2203 4532 3779 4612; baseline -0.009 -15"><span class='ocrx_word' id='word_1_766' title='bbox 2203 4546 2297 4599; x_wconf 84' lang='lat' dir='ltr'><strong><em>uel</em></strong></span> <span class='ocrx_word' id='word_1_767' title='bbox 2343 4545 2440 4612; x_wconf 83' lang='grc' dir='ltr'><strong><em>τὴν</em></strong></span> <span class='ocrx_word' id='word_1_768' title='bbox 2483 4539 2594 4596; x_wconf 75' lang='grc' dir='ltr'>οἷον</span> <span class='ocrx_word' id='word_1_769' title='bbox 2646 4542 2705 4604; x_wconf 80' lang='grc' dir='ltr'>ἐξ</span> <span class='ocrx_word' id='word_1_770' title='bbox 2750 4541 2979 4611; x_wconf 78' lang='grc' dir='ltr'>αἵματος</span> <span class='ocrx_word' id='word_1_771' title='bbox 3006 4538 3181 4608; x_wconf 84' lang='grc' dir='ltr'>ἔχοντι</span> <span class='ocrx_word' id='word_1_772' title='bbox 3216 4536 3428 4607; x_wconf 81' lang='grc' dir='ltr'>χροιὰν,</span> <span class='ocrx_word' id='word_1_773' title='bbox 3453 4532 3692 4587; x_wconf 86' lang='grc' dir='ltr'>τοιοῦτόν</span> <span class='ocrx_word' id='word_1_774' title='bbox 3727 4548 3779 4582; x_wconf 88' lang='grc' dir='ltr'><strong><em>τι</em></strong></span> 
     </span>
    </p>
   </div>
   <div class='ocr_carea' id='block_1_103' title="bbox 2198 4625 3780 4707">
    <p class='ocr_par' dir='ltr' id='par_1_103' title="bbox 2198 4625 3780 4707">
     <span class='ocr_line' id='line_1_103' title="bbox 2198 4625 3780 4707; baseline -0.009 -17"><span class='ocrx_word' id='word_1_775' title='bbox 2198 4635 2351 4707; x_wconf 78' lang='grc' dir='ltr'>οἴμαι</span> <span class='ocrx_word' id='word_1_776' title='bbox 2384 4653 2485 4690; x_wconf 88' lang='grc' dir='ltr'><strong><em>που</em></strong></span> <span class='ocrx_word' id='word_1_777' title='bbox 2517 4635 2805 4704; x_wconf 81' lang='grc' dir='ltr'>σημαίνειν</span> <span class='ocrx_word' id='word_1_778' title='bbox 2830 4633 3032 4684; x_wconf 86' lang='grc' dir='ltr'>λοιπόν.</span> <span class='ocrx_word' id='word_1_779' title='bbox 3066 4632 3315 4699; x_wconf 81' lang='grc' dir='ltr'>Μάχεται</span> <span class='ocrx_word' id='word_1_780' title='bbox 3339 4627 3446 4697; x_wconf 79' lang='grc' dir='ltr'><strong><em>γὰρ</em></strong></span> <span class='ocrx_word' id='word_1_781' title='bbox 3465 4628 3495 4680; x_wconf 91' lang='lat'><strong><em>6</em></strong></span> <span class='ocrx_word' id='word_1_782' title='bbox 3515 4625 3623 4678; x_wconf 85' lang='grc' dir='ltr'><strong><em>τῶν</em></strong></span> <span class='ocrx_word' id='word_1_783' title='bbox 3644 4625 3780 4677; x_wconf 77' lang='grc' dir='ltr'>ὅλων</span> 
     </span>
    </p>
   </div>
   <div class='ocr_carea' id='block_1_104' title="bbox 2197 4714 3779 4794">
    <p class='ocr_par' dir='ltr' id='par_1_104' title="bbox 2197 4714 3779 4794">
     <span class='ocr_line' id='line_1_104' title="bbox 2197 4714 3779 4794; baseline -0.011 -10"><span class='ocrx_word' id='word_1_784' title='bbox 2197 4731 2329 4794; x_wconf 82' lang='grc' dir='ltr'>Θεὸς</span> <span class='ocrx_word' id='word_1_785' title='bbox 2379 4732 2489 4792; x_wconf 85' lang='grc' dir='ltr'>τοῖς</span> <span class='ocrx_word' id='word_1_786' title='bbox 2540 4726 2922 4793; x_wconf 78' lang='grc' dir='ltr'>άντεξάγουσιν</span> <span class='ocrx_word' id='word_1_787' title='bbox 2956 4722 3124 4793; x_wconf 82' lang='grc' dir='ltr'>αὐτῷ,</span> <span class='ocrx_word' id='word_1_788' title='bbox 3156 4722 3253 4774; x_wconf 83' lang='grc' dir='ltr'>καὶ</span> <span class='ocrx_word' id='word_1_789' title='bbox 3283 4714 3373 4774; x_wconf 76' lang='grc' dir='ltr'><strong><em>οἷά</em></strong></span> <span class='ocrx_word' id='word_1_790' title='bbox 3401 4735 3485 4782; x_wconf 83' lang='grc' dir='ltr'><strong><em>τις</em></strong></span> <span class='ocrx_word' id='word_1_791' title='bbox 3519 4716 3779 4786; x_wconf 87' lang='grc' dir='ltr'>πολέμιος</span> 
     </span>
    </p>
   </div>
   <div class='ocr_carea' id='block_1_105' title="bbox 2199 4806 3779 4883">
    <p class='ocr_par' dir='ltr' id='par_1_105' title="bbox 2199 4806 3779 4883">
     <span class='ocr_line' id='line_1_105' title="bbox 2199 4806 3779 4883; baseline -0.01 -12"><span class='ocrx_word' id='word_1_792' title='bbox 2199 4818 2582 4882; x_wconf 78' lang='grc' dir='ltr'>ἀνθοπλίζεται</span> <span class='ocrx_word' id='word_1_793' title='bbox 2621 4818 2731 4877; x_wconf 86' lang='grc' dir='ltr'>τοῖς</span> <span class='ocrx_word' id='word_1_794' title='bbox 2751 4813 2948 4883; x_wconf 83' lang='grc' dir='ltr'>ἀπειθῆ</span> <span class='ocrx_word' id='word_1_795' title='bbox 2977 4811 3069 4865; x_wconf 80' lang='grc' dir='ltr'>καὶ</span> <span class='ocrx_word' id='word_1_796' title='bbox 3094 4811 3374 4882; x_wconf 84' lang='grc' dir='ltr'>ἀγέρωχον</span> <span class='ocrx_word' id='word_1_797' title='bbox 3396 4806 3779 4861; x_wconf 74' lang='grc' dir='ltr'>ἁντανιστᾶσιν</span> 
     </span>
    </p>
   </div>
   <div class='ocr_carea' id='block_1_106' title="bbox 2199 4897 3781 4982">
    <p class='ocr_par' dir='ltr' id='par_1_106' title="bbox 2199 4897 3781 4982">
     <span class='ocr_line' id='line_1_106' title="bbox 2199 4897 3781 4982; baseline -0.011 -17"><span class='ocrx_word' id='word_1_798' title='bbox 2199 4908 2348 4982; x_wconf 80' lang='grc' dir='ltr'><strong><em>αὐτῷ</em></strong></span> <span class='ocrx_word' id='word_1_799' title='bbox 2381 4909 2474 4963; x_wconf 82' lang='grc' dir='ltr'><strong><em>τὸν</em></strong></span> <span class='ocrx_word' id='word_1_800' title='bbox 2505 4908 2603 4977; x_wconf 82' lang='grc' dir='ltr'>τῆς</span> <span class='ocrx_word' id='word_1_801' title='bbox 2646 4906 2884 4968; x_wconf 83' lang='grc' dir='ltr'>διανοίας</span> <span class='ocrx_word' id='word_1_802' title='bbox 2914 4902 3358 4975; x_wconf 83' lang='grc' dir='ltr'>αὐχένα.“Ἐδρων</span> <span class='ocrx_word' id='word_1_803' title='bbox 3382 4899 3440 4952; x_wconf 83' lang='grc' dir='ltr'>δὲ</span> <span class='ocrx_word' id='word_1_804' title='bbox 3477 4897 3655 4963; x_wconf 86' lang='grc' dir='ltr'>τοῦτο,</span> <span class='ocrx_word' id='word_1_805' title='bbox 3688 4898 3781 4949; x_wconf 82' lang='lat' dir='ltr'><strong><em>uel</em></strong></span> 
     </span>
    </p>
   </div>
   <div class='ocr_carea' id='block_1_107' title="bbox 2204 4985 3780 5070">
    <p class='ocr_par' dir='ltr' id='par_1_107' title="bbox 2204 4985 3780 5070">
     <span class='ocr_line' id='line_1_107' title="bbox 2204 4985 3780 5070; baseline -0.01 -17"><span class='ocrx_word' id='word_1_806' title='bbox 2204 4999 2349 5070; x_wconf 83' lang='grc' dir='ltr'>μάλα</span> <span class='ocrx_word' id='word_1_807' title='bbox 2376 4996 2660 5059; x_wconf 79' lang='grc' dir='ltr'>νεανικῶς,</span> <span class='ocrx_word' id='word_1_808' title='bbox 2689 4996 2738 5047; x_wconf 92' lang='grc' dir='ltr'>οἱ</span> <span class='ocrx_word' id='word_1_809' title='bbox 2769 4994 2829 5058; x_wconf 76' lang='grc' dir='ltr'><strong><em>ἐξ</em></strong></span> <span class='ocrx_word' id='word_1_810' title='bbox 2849 4995 3076 5063; x_wconf 76' lang='grc' dir='ltr'>αἵματος</span> <span class='ocrx_word' id='word_1_811' title='bbox 3098 4989 3335 5061; x_wconf 75' lang='grc' dir='ltr'>Ἰσραὴλ,</span> <span class='ocrx_word' id='word_1_812' title='bbox 3362 4988 3414 5041; x_wconf 82' lang='grc' dir='ltr'>οἵ</span> <span class='ocrx_word' id='word_1_813' title='bbox 3436 5004 3497 5040; x_wconf 86' lang='grc' dir='ltr'>τε</span> <span class='ocrx_word' id='word_1_814' title='bbox 3528 4987 3626 5057; x_wconf 87' lang='grc' dir='ltr'>τὴν</span> <span class='ocrx_word' id='word_1_815' title='bbox 3650 4985 3780 5039; x_wconf 77' lang='grc' dir='ltr'>Ἰουο</span> 
     </span>
    </p>
   </div>
   <div class='ocr_carea' id='block_1_108' title="bbox 2199 5077 3781 5157">
    <p class='ocr_par' dir='ltr' id='par_1_108' title="bbox 2199 5077 3781 5157">
     <span class='ocr_line' id='line_1_108' title="bbox 2199 5077 3781 5157; baseline -0.011 -12"><span class='ocrx_word' id='word_1_816' title='bbox 2199 5084 2356 5145; x_wconf 82' lang='grc' dir='ltr'>δαίαν</span> <span class='ocrx_word' id='word_1_817' title='bbox 2405 5088 2501 5143; x_wconf 84' lang='lat' dir='ltr'><strong><em>uel</em></strong></span> <span class='ocrx_word' id='word_1_818' title='bbox 2542 5086 2712 5157; x_wconf 82' lang='grc' dir='ltr'>αὐτὴν</span> <span class='ocrx_word' id='word_1_819' title='bbox 2758 5084 3035 5146; x_wconf 82' lang='grc' dir='ltr'>οἰκοῦντες</span> <span class='ocrx_word' id='word_1_820' title='bbox 3083 5084 3183 5153; x_wconf 83' lang='grc' dir='ltr'><strong><em>τὴν</em></strong></span> <span class='ocrx_word' id='word_1_821' title='bbox 3237 5078 3634 5152; x_wconf 82' lang='grc' dir='ltr'>Ἰερουσαλήμ·</span> <span class='ocrx_word' id='word_1_822' title='bbox 3687 5077 3781 5130; x_wconf 88' lang='lat' dir='ltr'><strong><em>uel</em></strong></span> 
     </span>
    </p>
   </div>
   <div class='ocr_carea' id='block_1_109' title="bbox 2203 5170 3779 5255">
    <p class='ocr_par' dir='ltr' id='par_1_109' title="bbox 2203 5170 3779 5255">
     <span class='ocr_line' id='line_1_109' title="bbox 2203 5170 3779 5255; baseline -0.01 -18"><span class='ocrx_word' id='word_1_823' title='bbox 2203 5183 2310 5255; x_wconf 80' lang='grc' dir='ltr'><strong><em>μὴν</em></strong></span> <span class='ocrx_word' id='word_1_824' title='bbox 2335 5183 2429 5237; x_wconf 84' lang='lat' dir='ltr'><strong><em>uel</em></strong></span> <span class='ocrx_word' id='word_1_825' title='bbox 2453 5183 2502 5235; x_wconf 72' lang='grc' dir='ltr'>οἱ</span> <span class='ocrx_word' id='word_1_826' title='bbox 2528 5180 2626 5251; x_wconf 79' lang='grc' dir='ltr'>τὴν</span> <span class='ocrx_word' id='word_1_827' title='bbox 2648 5177 3003 5249; x_wconf 84' lang='grc' dir='ltr'>Σαμαρειτῶν</span> <span class='ocrx_word' id='word_1_828' title='bbox 3022 5175 3205 5245; x_wconf 86' lang='grc' dir='ltr'>χώραν</span> <span class='ocrx_word' id='word_1_829' title='bbox 3226 5174 3459 5245; x_wconf 70' lang='grc' dir='ltr'>ἔχοντες,</span> <span class='ocrx_word' id='word_1_830' title='bbox 3477 5170 3779 5232; x_wconf 81' lang='grc' dir='ltr'>τουτέστιν,</span> 
     </span>
    </p>
   </div>
   <div class='ocr_carea' id='block_1_110' title="bbox 2199 5259 3781 5344">
    <p class='ocr_par' dir='ltr' id='par_1_110' title="bbox 2199 5259 3781 5344">
     <span class='ocr_line' id='line_1_110' title="bbox 2199 5259 3781 5344; baseline -0.011 -12"><span class='ocrx_word' id='word_1_831' title='bbox 2199 5280 2255 5331; x_wconf 81' lang='grc' dir='ltr'>αἱ</span> <span class='ocrx_word' id='word_1_832' title='bbox 2306 5277 2438 5330; x_wconf 86' lang='grc' dir='ltr'>δέκα</span> <span class='ocrx_word' id='word_1_833' title='bbox 2486 5271 3019 5344; x_wconf 81' lang='grc' dir='ltr'>φυλαί.Ἐτράποντο</span> <span class='ocrx_word' id='word_1_834' title='bbox 3068 5268 3177 5339; x_wconf 86' lang='grc' dir='ltr'>γὰρ</span> <span class='ocrx_word' id='word_1_835' title='bbox 3220 5267 3300 5328; x_wconf 82' lang='grc' dir='ltr'><strong><em>είς</em></strong></span> <span class='ocrx_word' id='word_1_836' title='bbox 3344 5262 3659 5327; x_wconf 82' lang='grc' dir='ltr'>πολυθεΐαν,</span> <span class='ocrx_word' id='word_1_837' title='bbox 3688 5259 3781 5314; x_wconf 79' lang='grc' dir='ltr'>καὶ</span> 
     </span>
    </p>
   </div>
   <div class='ocr_carea' id='block_1_111' title="bbox 2198 5354 3781 5439">
    <p class='ocr_par' dir='ltr' id='par_1_111' title="bbox 2198 5354 3781 5439">
     <span class='ocr_line' id='line_1_111' title="bbox 2198 5354 3781 5439; baseline -0.011 -17"><span class='ocrx_word' id='word_1_838' title='bbox 2198 5371 2312 5433; x_wconf 85' lang='grc' dir='ltr'>τοῖς</span> <span class='ocrx_word' id='word_1_839' title='bbox 2340 5366 2726 5439; x_wconf 83' lang='grc' dir='ltr'>χειροκμήτοις</span> <span class='ocrx_word' id='word_1_840' title='bbox 2772 5362 2835 5416; x_wconf 72' lang='grc' dir='ltr'><strong>τὸ</strong></span> <span class='ocrx_word' id='word_1_841' title='bbox 2884 5360 3047 5422; x_wconf 74' lang='grc' dir='ltr'>σέϐας</span> <span class='ocrx_word' id='word_1_842' title='bbox 3093 5360 3441 5421; x_wconf 81' lang='grc' dir='ltr'>ὰνάπτοντες,</span> <span class='ocrx_word' id='word_1_843' title='bbox 3472 5354 3781 5424; x_wconf 73' lang='grc' dir='ltr'>ἐπεφώνουν</span> 
     </span>
    </p>
   </div>
   <div class='ocr_carea' id='block_1_112' title="bbox 2202 5445 3779 5527">
    <p class='ocr_par' dir='ltr' id='par_1_112' title="bbox 2202 5445 3779 5527">
     <span class='ocr_line' id='line_1_112' title="bbox 2202 5445 3779 5527; baseline -0.011 -14"><span class='ocrx_word' id='word_1_844' title='bbox 2202 5462 2318 5524; x_wconf 75' lang='grc' dir='ltr'>ταῖς</span> <span class='ocrx_word' id='word_1_845' title='bbox 2363 5456 2625 5527; x_wconf 85' lang='grc' dir='ltr'>δαμάλεσι</span> <span class='ocrx_word' id='word_1_846' title='bbox 2670 5456 2790 5517; x_wconf 80' lang='grc' dir='ltr'>ταῖς</span> <span class='ocrx_word' id='word_1_847' title='bbox 2840 5454 3097 5524; x_wconf 84' lang='grc' dir='ltr'>χρυσαῖς·</span> <span class='ocrx_word' id='word_1_848' title='bbox 3158 5468 3177 5504; x_wconf 85' lang='lat' dir='ltr'><strong><em>t</em></strong></span> <span class='ocrx_word' id='word_1_849' title='bbox 3207 5445 3367 5504; x_wconf 73' lang='grc' dir='ltr'>Οὗτοι</span> <span class='ocrx_word' id='word_1_850' title='bbox 3418 5448 3468 5501; x_wconf 85' lang='grc' dir='ltr'><strong><em>οί</em></strong></span> <span class='ocrx_word' id='word_1_851' title='bbox 3516 5445 3628 5499; x_wconf 87' lang='grc' dir='ltr'>θεοί</span> <span class='ocrx_word' id='word_1_852' title='bbox 3679 5461 3779 5503; x_wconf 73' lang='grc' dir='ltr'>σοι.</span> 
     </span>
    </p>
   </div>
   <div class='ocr_carea' id='block_1_113' title="bbox 2214 5537 3807 5624">
    <p class='ocr_par' dir='ltr' id='par_1_113' title="bbox 2214 5537 3807 5624">
     <span class='ocr_line' id='line_1_113' title="bbox 2214 5537 3807 5624; baseline -0.011 -20"><span class='ocrx_word' id='word_1_853' title='bbox 2214 5550 2453 5624; x_wconf 82' lang='grc' dir='ltr'>Ἰσραὴλ,</span> <span class='ocrx_word' id='word_1_854' title='bbox 2483 5549 2679 5611; x_wconf 78' lang='grc' dir='ltr'>οἵτινες</span> <span class='ocrx_word' id='word_1_855' title='bbox 2738 5546 3017 5617; x_wconf 83' lang='grc' dir='ltr'>ἀνήγαγὸν</span> <span class='ocrx_word' id='word_1_856' title='bbox 3067 5559 3125 5596; x_wconf 88' lang='grc' dir='ltr'><strong><em>σε</em></strong></span> <span class='ocrx_word' id='word_1_857' title='bbox 3174 5545 3237 5596; x_wconf 88' lang='grc' dir='ltr'>ὲκ</span> <span class='ocrx_word' id='word_1_858' title='bbox 3282 5543 3383 5611; x_wconf 76' lang='grc' dir='ltr'>γῆς</span> <span class='ocrx_word' id='word_1_859' title='bbox 3426 5537 3724 5605; x_wconf 66' lang='grc' dir='ltr'>Αἰγύπτου,</span> <span class='ocrx_word' id='word_1_860' title='bbox 3755 5538 3807 5586; x_wconf 74' lang='grc' dir='ltr'>δ’</span> 
     </span>
    </p>
   </div>
   <div class='ocr_carea' id='block_1_114' title="bbox 2200 5628 3776 5713">
    <p class='ocr_par' dir='ltr' id='par_1_114' title="bbox 2200 5628 3776 5713">
     <span class='ocr_line' id='line_1_114' title="bbox 2200 5628 3776 5713; baseline -0.011 -16"><span class='ocrx_word' id='word_1_861' title='bbox 2200 5645 2299 5699; x_wconf 84' lang='lat' dir='ltr'><strong><em>uel</em></strong></span> <span class='ocrx_word' id='word_1_862' title='bbox 2324 5644 2462 5713; x_wconf 86' lang='grc' dir='ltr'>πρός</span> <span class='ocrx_word' id='word_1_863' title='bbox 2490 5658 2551 5708; x_wconf 89' lang='grc' dir='ltr'><strong><em>γε</em></strong></span> <span class='ocrx_word' id='word_1_864' title='bbox 2573 5640 2638 5712; x_wconf 81' lang='grc' dir='ltr'>δὴ</span> <span class='ocrx_word' id='word_1_865' title='bbox 2667 5638 2876 5702; x_wconf 66' lang='grc' dir='ltr'>τούτοις</span> <span class='ocrx_word' id='word_1_866' title='bbox 2907 5637 3013 5688; x_wconf 79' lang='grc' dir='ltr'><strong><em>τῶν</em></strong></span> <span class='ocrx_word' id='word_1_867' title='bbox 3042 5636 3135 5691; x_wconf 83' lang='grc' dir='ltr'><strong><em>τοῦ</em></strong></span> <span class='ocrx_word' id='word_1_868' title='bbox 3169 5633 3459 5708; x_wconf 81' lang='grc' dir='ltr'>νομοθέτου</span> <span class='ocrx_word' id='word_1_869' title='bbox 3483 5628 3776 5697; x_wconf 83' lang='grc' dir='ltr'>θεσπισμά-</span> 
     </span>
    </p>
   </div>
   <div class='ocr_carea' id='block_1_115' title="bbox 1717 5821 2697 5893">
    <p class='ocr_par' dir='ltr' id='par_1_115' title="bbox 1717 5821 2697 5893">
     <span class='ocr_line' id='line_1_115' title="bbox 1717 5821 2697 5893; baseline -0.009 -13"><span class='ocrx_word' id='word_1_870' title='bbox 1717 5825 1755 5854; x_wconf 82' lang='grc'><strong><em>¹³</em></strong></span> <span class='ocrx_word' id='word_1_871' title='bbox 1786 5824 1957 5882; x_wconf 78' lang='lat' dir='ltr'><strong><em>Exod.</em></strong></span> <span class='ocrx_word' id='word_1_872' title='bbox 1986 5839 2063 5890; x_wconf 77' lang='grc' dir='ltr'>ιιι,</span> <span class='ocrx_word' id='word_1_873' title='bbox 2093 5824 2179 5891; x_wconf 69' lang='lat'><strong><em>8;</em></strong></span> <span class='ocrx_word' id='word_1_874' title='bbox 2214 5824 2278 5877; x_wconf 86' lang='lat' dir='ltr'><strong><em>Ill</em></strong></span> <span class='ocrx_word' id='word_1_875' title='bbox 2314 5824 2438 5893; x_wconf 72' lang='lat' dir='ltr'><strong><em>Reg.</em></strong></span> <span class='ocrx_word' id='word_1_876' title='bbox 2478 5839 2575 5885; x_wconf 69' lang='grc' dir='ltr'><strong><em>τη,</em></strong></span> <span class='ocrx_word' id='word_1_877' title='bbox 2608 5821 2697 5874; x_wconf 72' lang='lat'><strong><em>9.8.</em></strong></span> 
     </span>
    </p>
   </div>
  </div>
