4120 6570
391 404 458 464 at
1240 402 1787 463 COMﬂENTARlUS
1823 404 1891 460 IN
1930 405 2330 463 ZACllARlAM
2368 383 2808 463 PBOPHETAM.
3562 398 3636 456 τε

393 536 505 573 των
525 519 887 592 ἀλογήσαντες
911 517 1208 583 παντελῶς,
1228 518 1647 591 ἀπερισκέπτως
1672 518 1973 590 ἐτράποντο

2077 537 2170 577 sua
2203 522 2510 589 allectabat,
2537 534 2603 575 eo
2636 518 2767 573 ibat.
2798 514 3011 571 Idcirco
3038 515 3408 571 universorum
3436 513 3635 569 Condi-

397 607 536 679 πρὸς
557 607 618 661 τὸ
645 608 857 679 ἑκάστῳ
886 607 1037 678 φίλον
1070 606 1278 662 δοκοῦν.
1309 607 1574 681 Ταύτῃτοι
1599 610 1781 662 λοιπὸν
1804 611 1833 662 6
1856 609 1962 664 τῶν

396 698 533 750 ὅλων
560 697 713 761 Θεὸς,
745 697 993 766 ἔφιππος·
1006 698 1064 753 δὲ
1090 698 1280 771 ὥσπερ
1313 700 1518 763 αὐτοῖς,
1543 700 1620 762 ὼς
1653 700 1710 752 ὲν
1738 699 1865 752 εἴδει
1887 698 1965 770 τῷ

398 790 516 841 καθ’
551 789 696 858 ἡμᾶς
742 790 1153 860 αἰνιγματωδῶς
1199 791 1719 863 ὲπιφοιτᾷ.Ἒστηκε
1764 791 1821 844 δὲ
1863 792 1967 846 ἀνά

399 880 562 946 μέσον
584 880 691 933 τῶν
718 879 813 935 δύο
838 881 1010 954 ὀρέων
1037 882 1145 935 τῶν
1176 882 1653 953 κατασκίων.⁹ορη
1681 882 1758 947 δὲ,
1789 879 1961 951 οἶμαι,

396 969 665 1025 κατάσκιά
695 987 830 1041 φησι
862 971 923 1024 τὸ
948 972 1049 1041 τῆς
1078 972 1358 1035 Ἰουδαίας,
1392 972 1635 1025 τουτέστι
1684 973 1780 1042 τὴν
1804 972 1962 1036 Σιὼν,

395 1054 489 1107 καὶ
527 1052 633 1124 μὴν
661 1055 752 1109 καὶ
785 1055 846 1109 τὸ
886 1056 985 1128 τῆς
1024 1058 1511 1130 Σαμαρείας.Ἕφη
1543 1059 1650 1130 γάρ
1689 1078 1791 1114 που
1839 1064 1966 1133 περὶ

396 1144 576 1199 αὐτῶν
622 1147 651 1199 6
699 1146 867 1211 Θεός’
909 1168 927 1200 ι
962 1147 1102 1203 Οὐαὶ
1146 1151 1256 1212 τοῖς
1290 1148 1627 1216 ὲξουθενοῦσι
1675 1152 1832 1217 Σιὼν,
1870 1156 1965 1207 καὶ

398 1242 507 1302 τοῖς
541 1239 856 1295 πεποιθόσιν
894 1242 988 1295 ἐπὶ
1017 1240 1077 1295 τὸ
1108 1241 1235 1312 ὅρος
1264 1241 1593 1312 Σαμαρείας.
1625 1262 1643 1295 ι
1680 1246 1881 1314 Ἀμφω
1910 1245 1967 1298 δὲ

398 1332 667 1387 κατάσκια
696 1334 783 1388 διά
809 1352 889 1389 τοι
916 1336 996 1404 τῷ
1017 1336 1308 1406 ἀμετρήτῳ
1346 1336 1540 1408 πλήθει
1571 1337 1679 1391 τῶν
1710 1356 1966 1411 κατῳκη-

398 1422 570 1476 κότων
617 1427 1063 1498 στενοχωρεῖσθαι
1110 1427 1248 1498 τάχα
1298 1445 1425 1492 που,
1455 1430 1549 1482 καὶ
1604 1430 1736 1501 ὓλην
1764 1432 1967 1502 ἀπομι-

402 1513 619 1582 μεῖσθαι
667 1515 889 1583 βαθείάν
931 1534 990 1570 τε
1027 1525 1122 1572 καί⁵
1155 1520 1466 1589 ἀμφιλαφῆ.
1493 1521 1739 1574 Κατόπιν
1764 1538 1826 1589 γε
1862 1523 1967 1593 μὴν

400 1601 493 1656 τοῦ
522 1603 909 1675 ὲπιδεὸηκότος
938 1608 1028 1661 τὸν
1055 1609 1219 1663 ἵππον
1247 1609 1338 1663 τὸν
1363 1610 1591 1681 πυρρὸν,
1629 1612 1784 1665 ἵπποι
1808 1614 1969 1668 πάλιν

340 1704 343 1707 ’
398 1690 539 1765 ἦσαν
561 1696 756 1767 ἕτεροι,
791 1700 887 1753 καὶ
916 1701 1016 1753 οὐκ
1046 1702 1104 1754 ἐν
1130 1701 1248 1771 ὄψει
1286 1704 1406 1773 μιᾷ·
1439 1704 1638 1774 πυρροὶ
1674 1703 1781 1774 γάρ
1806 1700 1965 1776 ἦσαν,

402 1784 493 1837 καὶ
657 1787 751 1888 καλ
778 1786 961 1888 ψαροὶ,
990 1790 1084 1843 καὶ
1125 1791 1379 1854 ποικίλοι,
1410 1792 1501 1845 καὶ
1525 1792 1725 1847 λευκοί.
1760 1795 1969 1864 Σημαί-
2006 1834 2046 1888 Β

400 1889 548 1927 νουσι
575 1875 747 1930 δὲκαὶ
784 1878 936 1931 αὐτοὶ
965 1880 1057 1932 καὶ
1084 1879 1354 1950 βασιλέας,
1383 1882 1415 1952 ἢ
1466 1882 1591 1954 ἔθνη
1638 1884 1972 1956 φιλοπόλεμά

398 1980 458 2017 τε
485 1966 581 2019 καὶ
616 1967 995 2037 μαχιμώτατα,
1024 1972 1116 2024 καὶ
1144 1972 1266 2042 οὐχὶ
1290 1972 1355 2043 δὴ
1389 1974 1558 2045 μόνην
1590 1974 1688 2045 τὴν
1717 1975 1973 2043 ἐνεγκοῦ-

402 2068 500 2106 σαν
545 2052 689 2124 ἔχειν
740 2056 1106 2126 ἡγαπηκότα,
1165 2060 1636 2132 κατασκιδνάμενα
1680 2063 1739 2116 δὲ
1781 2064 1968 2136 ὥσπερ

398 2142 616 2213 ἀπάσης
664 2145 765 2214 τῆς
806 2146 932 2216 γῆς,
961 2148 1055 2201 καὶ
1085 2148 1174 2217 ὑφ’
1208 2149 1376 2203 ἑαυτά
1426 2154 1695 2207 ποιεῖσθαι
1741 2155 1973 2208 σπουδά-

400 2233 562 2296 ζοντα
601 2235 698 2305 τὴν
740 2236 832 2289 ὑπ’
860 2237 1109 2307 οὐρανὸν,
1140 2239 1313 2292 ὁποῖοι
1342 2240 1626 2309 γεγόνασιν
1653 2244 1702 2295 οι
1728 2242 1973 2295 Βαϐυλω-

400 2323 527 2376 νίων
557 2323 812 2392 βασιλεῖς
845 2326 1048 2390 Φούλας
1081 2328 1177 2395 μὲν
1202 2329 1438 2399 πρῶτος,
1466 2330 1523 2393 ὃς
1550 2325 1658 2384 εἷλε
1683 2332 1781 2396 τὰς
1799 2333 1973 2404 πέραν

400 2412 495 2466 τοῦ
522 2413 785 2486 Ἰορδάνου
819 2416 1005 2485 φυλάς.
1036 2416 1172 2471 Εἶτα
1211 2421 1331 2489 μετ’
1357 2422 1561 2474 ἐκεῖνον
1589 2424 1617 2476 6
1651 2422 1973 2493 Σαλαμανα-

400 2506 526 2573 σὰρ,
561 2503 619 2567 ὃς
641 2506 953 2577 πεπόρϐηκε
986 2507 1083 2579 τὴν
1116 2510 1447 2581 Σαμάρειαν,
1474 2513 1568 2568 καὶ
1592 2514 1774 2584 τρίτος
1802 2516 1973 2569 Σενα-

400 2594 628 2665 χηρεὶμ.
659 2597 688 2649 6
719 2595 820 2665 τῆς
860 2598 1171 2671 Σαμαρείας
1213 2602 1273 2654 τὸ
1324 2602 1573 2671 λείψανον
1618 2605 1976 2676 καταδῃώσας

399 2684 623 2754 ἀγρίως,
653 2691 1082 2759 πῳσεμπρὴσας
1120 2692 1178 2744 δὲ
1222 2694 1315 2745 καὶ
1349 2693 1550 2757 πολλὰς
1582 2694 1680 2765 τῆς
1712 2696 1975 2761 Ἰουδαίας

402 2775 582 2840 πόλεις
606 2793 618 2808 ⁸
649 2777 909 2848 τέταρτος
957 2782 986 2833 6
1026 2780 1531 2855 Ναϐουχοδονόσωρ,
1569 2784 1630 2849 ὃς
1676 2788 1769 2840 καὶ
1805 2788 1973 2858 αὐτὴν

400 2860 511 2920 εἷλε
549 2866 647 2938 τὴν
686 2868 1060 2941 Ἰερουσαλὴμ,
1091 2872 1183 2926 καὶ
1226 2874 1561 2945 ἀπεκόμισεν
1589 2878 1669 2939 είς
1694 2878 1973 2948 αἰχμαλω·

403 2955 523 3011 σίαν
548 2957 638 3012 τὸν
667 2960 902 3031 Ἰσραήλ.
941 2961 1073 3015 Τότε
1102 2964 1209 3035 μὴν
1234 2964 1292 3018 ὲν
1328 2966 1592 3030 ποικίλοις
1619 2969 1813 3023 εἴδεσιν
1840 2971 1973 3042 ὁρᾶ-

404 3047 529 3101 σθαι
574 3051 699 3114 τοὺς
730 3051 929 3117 ἵππους
959 3056 1212 3125 σημαίνει
1239 3057 1379 3127 τάχα
1400 3074 1413 3087 '
1467 3059 1562 3112 καὶ
1606 3058 1669 3112 τὸ
1704 3062 1761 3113 ὲν
1789 3062 1974 3126 αὐτοῖς

2068 613 2188 681 tor,l
2215 612 2361 667 velut
2404 612 2457 666 in
2505 625 2665 679 equo,
2701 619 2755 663 et
2801 606 2983 677 nostril
3014 605 3321 675 similis,let
3361 604 3462 668 sub
3490 613 3639 673 tegu-

2069 712 2253 759 mento
2275 702 2451 758 adest.
2487 700 2611 755 Stat
2636 707 2819 753 autem
2855 698 2998 753 inter
3021 696 3155 752 duos
3181 704 3394 753 montes
3417 694 3636 754 umbrae

2067 806 2176 848 sos.
2216 792 2331 846 Meo
2356 791 2560 861 judicio
2597 799 2810 845 montes
2843 789 3128 843 umbrosus
3154 786 3430 856 Inominat,
3468 796 3633 843 unum

2067 885 2158 953 qui
2189 893 2274 938 est
2306 884 2360 937 in
2402 879 2608 947 Judaa,
2658 880 2789 936 Sion
2842 877 3114 940 videlicet,
3151 874 3385 931 alterum
3420 873 3511 942 qui
3552 880 3634 931 est

2067 975 2121 1029 in
2146 975 2415 1029 Samaria.
2444 972 2650 1028 Alicubi
2682 971 2824 1025 enim
2856 970 2923 1023 de
2953 967 3040 1022 bis
3078 968 3150 1020 ita
3178 964 3418 1033 loquitur
3445 963 3585 1016 Deus
3616 977 3631 1013 :

2046 1102 2048 1106 ι
2073 1083 2092 1116 ι
2130 1062 2224 1119 Vae
2262 1063 2643 1133 spernentibus
2668 1059 2821 1125 Sion,
2845 1068 2901 1113 et
2931 1056 3328 1113 conlidentibus
3349 1052 3425 1122 Sin
3456 1060 3638 1105 monte

2071 1155 2329 1211 Samarite
2353 1157 2418 1209 ".
2451 1173 2471 1205 ι
2511 1152 2683 1209 Ambo
2726 1162 2906 1209 autem
2951 1146 3212 1209 umbrosi,
3247 1142 3389 1213 quod
3420 1152 3637 1211 propter

2069 1247 2385 1301 immensam
2424 1244 2769 1299 incolentium
2802 1238 3198 1296 multitudinem
3233 1241 3638 1291 coarctarentur

2072 1336 2321 1401 fortasse,
2348 1344 2401 1389 et
2427 1334 2614 1388 silvam
2648 1332 2872 1387 densam
2926 1338 3091 1395 atque
3123 1325 3433 1384 umbrosam
3463 1322 3640 1376 imita-

2071 1436 2279 1479 rentur.
2320 1426 2361 1478 Α
2392 1435 2539 1493 tergo
2570 1435 2732 1492 porro
2778 1433 2921 1488 equo
2951 1417 3069 1471 rufo
3118 1414 3429 1477 insidentis,
3466 1423 3519 1465 et
3560 1412 3640 1465 in-

2070 1531 2231 1586 super
2254 1515 2344 1570 alii
2371 1515 2520 1581 equi,
2562 1528 2661 1567 nec
2691 1511 2763 1565 illi
2806 1506 3123 1564 concolores
3166 1505 3456 1560 astabant:
3484 1511 3641 1555 erant

2070 1605 2337 1674 siquidem
2386 1604 2507 1668 ruli,
2543 1610 2599 1657 et
2638 1599 2917 1661 maculosi,
2973 1606 3027 1651 et
3058 1597 3219 1657 varii,
3263 1605 3317 1649 et
3359 1593 3485 1649 albi.
3536 1593 3641 1660 Qui

2071 1700 2170 1769 ipsi
2217 1710 2430 1766 quoque
2456 1701 2511 1749 et
2541 1707 2715 1763 reges,
2761 1698 2815 1745 et
2862 1696 3049 1759 gentes
3091 1686 3212 1742 belli
3246 1685 3467 1753 cupidas
3498 1694 3553 1739 et
3584 1684 3638 1738 in

2073 1803 2249 1858 pugna
2298 1785 2591 1840 acerrimas
2649 1779 2981 1849 signiﬁcant,
3029 1786 3084 1831 et
3140 1791 3257 1845 quae
3302 1775 3468 1831 natali
3528 1776 3641 1829 solo

2076 1876 2445 1932 tantummodo
2494 1881 2766 1929 contenta
2818 1885 2921 1925 non
2966 1868 3075 1923 sint
3114 1882 3130 1921 :
3173 1867 3268 1921 sed
3326 1880 3418 1933 per
3468 1872 3641 1929 totum

2072 1972 2259 2026 orbem
2287 1968 2435 2024 velut
2473 1966 2752 2036 dispersae,
2800 1975 2990 2017 omnes
3028 1958 3336 2030 provincias
3375 1968 3431 2011 et
3475 1969 3642 2025 regna

2070 2061 2171 2117 sub
2205 2059 2316 2116 sole
2350 2059 2402 2112 in
2451 2072 2605 2113 suam
2641 2055 2885 2125 redigere
2950 2051 3209 2107 ditionem
3254 2048 3639 2113 connitantur;

2071 2153 2259 2225 quales
2318 2150 2731 2223 Babyloniorum
2804 2160 2959 2218 reges
3013 2144 3338 2201 exstiterunt
3382 2159 3398 2195 :
3446 2140 3643 2195 Phulas

2072 2246 2328 2314 primum,
2369 2244 2460 2314 qui
2515 2243 2689 2298 tribus
2748 2248 2900 2296 trans
2954 2236 3244 2294 Jordanem
3293 2232 3559 2301 subegity
3590 2240 3647 2285 et

2072 2347 2197 2407 post
2251 2336 2399 2391 illum
2449 2334 2827 2397 Salmanasar,
2878 2330 2968 2399 qui
3015 2329 3249 2395 vastavit
3300 2322 3643 2386 Samariam;

2076 2429 2269 2484 tertius
2296 2425 2654 2489 Senacherib,
2683 2423 2773 2492 qui
2808 2421 3064 2492 reliquias
3098 2418 3359 2475 Samaria:
3397 2414 3645 2470 immani-

2078 2527 2159 2573 ter
2213 2516 2600 2588 deprtrdatus,
2648 2510 2923 2581 complura
2991 2510 3119 2564 item
3175 2506 3378 2563 Iudaeas
3445 2503 3640 2574 oppida

2075 2609 2317 2673 exussit;
2378 2614 2602 2675 quartus
2637 2600 3154 2664 Nabuchodonosor,
3185 2597 3273 2667 qui
3305 2607 3359 2650 et
3387 2594 3644 2663 Hieroso-

2074 2700 2271 2770 lymam
2307 2696 2521 2761 evertit,
2546 2702 2598 2749 et
2639 2691 2886 2747 Israelem
2914 2689 3185 2758 captivum
3213 2686 3459 2752 abduxit.
3494 2682 3647 2755 Tunc

2075 2803 2206 2844 sane
2250 2788 2527 2841 variorum
2565 2783 2809 2838 colorum
2848 2794 3016 2850 equos
3051 2793 3171 2833 esse
3218 2778 3363 2832 visos
3412 2777 3647 2829 fortasse

2076 2880 2313 2944 indicat;
2350 2887 2406 2931 et
2433 2876 2660 2944 aenigma
2702 2871 2947 2928 colorum
2978 2868 3314 2923 diversitatis
3349 2882 3511 2936 quam
3547 2866 3645 2920 ha-

2075 2969 2275 3026 bebant
2318 2968 2387 3023 de
2424 2963 2727 3023 dilferentia
2767 2960 3032 3031 cujusque
3084 2958 3399 3020 voluntatis,
3439 2964 3493 3011 et
3522 2968 3647 3009 seu-

2077 3061 2256 3115 tentia:
2281 3055 2623 3126 interpretari
2665 3052 2933 3122 quispiam
2961 3047 3398 3107 commodissime
3425 3046 3642 3114 poterit.

400 3141 749 3212 ἐτερόχροον,
794 3143 1023 3216 αἴνιγμα
1050 3148 1149 3215 τῆς
1193 3150 1423 3203 ἑκάστου
1469 3149 1693 3221 γνώμης
1741 3153 1831 3205 καὶ
1872 3152 1973 3222 τῆς

2073 3146 2438 3221 omnem
2479 3146 2643 3216 igitur
2684 3143 2971 3211 ambiguus
3020 3140 3303 3211 propheta,
3343 3145 3398 3193 et
3442 3133 3646 3191 revela-

398 3231 630 3286 ἑκάστου
655 3234 893 3299 διανοίας
922 3237 1284 3309 παραδέξαιτο
1312 3240 1378 3294 ἄν
1406 3257 1509 3304 τις,
1546 3242 1638 3295 καὶ
1662 3243 1806 3312 μάλα
1833 3243 1973 3296 είκοα

400 3340 528 3386 τως.
558 3324 865 3397 Διηπόρηκε
897 3331 996 3399 μὲν
1022 3325 1115 3384 οὖν
1133 3332 1163 3384 6
1192 3332 1497 3402 προφήτης,
1520 3334 1611 3386 καὶ
1635 3334 1973 3404 ἀποκάλυψιν

394 3418 558 3470 αἰτεῖ.
593 3417 867 3474 Μανθάνει
903 3420 981 3482 δὲ,
1011 3422 1094 3474 ὅτι
1124 3414 1273 3475 οὗτοί
1304 3425 1462 3487 είσιν,
1489 3424 1584 3488 οὓς
1608 3421 1973 3487 ἐξαπέσταλκε

403 3505 625 3577 Κύριος,
653 3508 747 3561 τοῦ
787 3509 1132 3581 περιοδεῦσαι
1160 3511 1257 3582 τὴν
1288 3513 1391 3581 γῆν
1432 3514 1672 3577 ἃπασαν,
1704 3514 1798 3579 καὶ
1824 3516 1975 3567 αὐτοὶ

399 3596 457 3648 δὲ
489 3594 647 3650 τοῦτό
675 3614 839 3666 φασιν
876 3601 926 3652 οἱ
971 3600 1392 3669 ἀπεσταλμένοι,
1416 3601 1836 3670 περιωδευκέναι
1877 3603 1975 3673 τὴν

405 3686 696 3755 σύμπασαν
742 3688 1228 3759 διαὸεὕαιούμενοι,
1254 3690 1349 3743 καὶ
1381 3690 1486 3761 μὴν
1516 3691 1598 3743 ὅτι
1630 3692 1723 3744 καὶ
1756 3692 1974 3762 ἠρεμεῖ,

397 3780 522 3842 ταῖς
555 3778 734 3832 αὐτῶν
762 3778 1092 3844 πλεονεξίαις
1125 3780 1445 3833 ἀντιτείνειν
1481 3782 1581 3834 οὐκ
1631 3781 1847 3852 ἔχουσα,
1883 3784 1973 3836 καὶ

401 3869 495 3923 τὸν
528 3869 620 3923 ὑπ’
649 3870 833 3933 αὐτοῖς
856 3869 1153 3940 ἀϐούλητον
1184 3871 1305 3940 μὲν,
1343 3870 1481 3941 πλὴν
1511 3870 1807 3940 ἀναγκαῖον
1836 3874 1970 3927 ὑπο-

400 3962 641 4031 μένουσα
674 3960 859 4029 ζυγόν.

474 4050 582 4106 Καὶ
605 4052 892 4121 ἀπεκρίθη
931 4053 1185 4123 ἄγγελος
1212 4056 1453 4124 Κυρίου,
1478 4055 1576 4109 καί
1607 4051 1735 4110 εἷπε
1753 4070 1767 4086 ·
1798 4054 1973 4125 Κύριε

399 4142 841 4213 παντοκράτωρ,
872 4142 982 4210 ἕως
1006 4145 1169 4211 τίνος
1193 4146 1265 4200 οὐ
1302 4146 1390 4215 μὴ
1417 4146 1693 4213 ἐλεήσεις
1722 4145 1837 4214 τὴν
1873 4147 1968 4201 'Is-

394 4233 717 4303 ρουσανιὴμ
741 4275 757 4299 ,
804 4236 903 4289 καὶ
954 4236 1056 4301 τὰς
1100 4236 1314 4301 πόλεις
1359 4235 1469 4305 τῆς
1523 4236 1807 4304 Ἰουδαίας
1834 4278 1850 4304 ,
1899 4236 1975 4305 ἀς

402 4324 743 4393 ὑπερεῖδες;
772 4325 947 4379 τοῦτο
973 4325 1423 4394 ἑϐδομηκοστὸν
1447 4326 1603 4392 ἔτος.

472 4417 564 4484 ς’.
605 4416 725 4471 Τῶν
753 4417 1176 4484 ἀπεσταλμένων
1199 4416 1402 4479 ἵππων,
1420 4416 1586 4486 ἤγουν
1610 4417 1778 4471 ἐθνῶν
1801 4436 1860 4472 τε
1883 4422 1973 4473 καὶ

2076 3244 2274 3296 tionem
2304 3237 2518 3310 quaerit.
2564 3234 2733 3292 Discit
2773 3241 2951 3289 autem
2998 3231 3095 3287 hos
3149 3246 3296 3296 esse,
3338 3241 3476 3299 quos
3511 3224 3647 3295 emi:

2072 3334 2204 3390 serit
2255 3333 2539 3396 Dominus,
2596 3338 2659 3384 ut
2723 3327 3080 3384 circumirent
3143 3337 3355 3379 omnem
3423 3330 3644 3387 terram,

2073 3432 2235 3492 atque
2271 3423 2404 3477 adeo
2449 3422 2552 3490 ipsi
2592 3420 2743 3474 missi
2796 3421 2901 3475 hoc
2939 3424 3243 3480 autumant,
3289 3426 3505 3468 omnem
3538 3421 3646 3466 ter-

2074 3530 2189 3569 ram
2216 3529 2277 3570 se
2304 3512 2681 3569 circumivisse
2716 3510 3138 3572 contirmantes;
3178 3513 3436 3576 praeterea
3472 3502 3645 3573 ipsam

2074 3605 2378 3674 quiescere.
2406 3618 2593 3659 eorum
2626 3601 2881 3671 potentiae
2918 3598 3091 3655 obniti
3124 3611 3231 3651 non
3268 3595 3559 3653 valentem,
3592 3601 3648 3646 et

2068 3692 2255 3765 iugum
2289 3708 2474 3750 eorum
2508 3709 2614 3749 non
2641 3692 2937 3754 voluntate,
2977 3691 3071 3744 sed
3121 3687 3442 3743 necessitate
3477 3680 3641 3738 susti-

2075 3793 2317 3840 nentem.

2153 4057 2309 4110 Vens.
2346 4054 2431 4110 12.
2474 4053 2539 4109 Et
2573 4054 2840 4121 respondit
2875 4054 3105 4123 Angelus
3135 4049 3365 4115 Domini,
3390 4059 3439 4103 et
3461 4050 3597 4104 dixit
3620 4064 3641 4106 ἱ

2078 4150 2299 4205 Domine
2325 4150 2671 4213 omniparens,
2705 4160 2967 4217 usquequo
3004 4161 3104 4198 non
3137 4141 3646 4205 misereberis'leru:

2072 4242 2258 4306 salem,
2290 4250 2352 4301 .et
2388 4240 2596 4293 urbium
2644 4238 2788 4292 Juda
2819 4253 2948 4303 quas
2986 4235 3297 4304 neglexisti?
3328 4234 3427 4287 iste
3474 4249 3643 4302 aitan

2075 4331 2509 4400 sepluagesimus.

2146 4421 2235 4477 Vl.
2276 4421 2563 4489 Postquam
2609 4419 2730 4487 equi
2772 4415 2943 4480 missi,
2990 4417 3103 4471 sive
3139 4427 3351 4485 gentes,
3395 4426 3448 4468 et
3493 4432 3644 4488 reges

404 4504 666 4575 βασιλέων
696 4506 1159 4578 περιοδευσάντων
1210 4505 1309 4576 τὴν
1358 4504 1651 4577 σύμπασαν
1699 4510 1821 4578 γῆν,
1852 4503 1971 4563 εἶτα

2080 4514 2171 4583 qui
2228 4522 2392 4567 totam
2440 4520 2639 4566 terram
2676 4507 3084 4569 circumierunt,
3134 4522 3451 4578 responsum
3498 4522 3649 4579 apere

400 4595 587 4664 σαφῶς
616 4596 936 4666 εἰρηκότων,
975 4596 1051 4660 ὡς
1079 4598 1430 4661 κατοικεῖται,
1453 4600 1545 4650 καὶ
1571 4598 1853 4668 ἡσυχάζει,
1880 4600 1970 4652 καὶ

397 4687 491 4767 τρν
533 4685 593 4750 ἐξ
630 4685 875 4755 ἀνάγκης
917 4686 1320 4757 ἑπερῤιμμένον
1362 4687 1623 4757 ὑπομένει
1657 4687 1841 4756 ζυγὸν,
1878 4689 1972 4742 καὶ

397 4776 497 4845 τῆς
529 4774 789 4838 Ἰουδαίας
815 4776 844 4827 6
878 4775 1148 4845 μακάριος
1173 4777 1421 4845 ἄγγελος,
1452 4775 1510 4839 ὃς
1541 4778 1680 4847 τάχα
1709 4796 1808 4831 που
1851 4779 1970 4834 ἑτέ-

400 4883 565 4921 τακτο
603 4865 756 4937 παρά
799 4865 934 4919 Θεοῦ
974 4867 1037 4919 τὸ
1080 4867 1187 4919 τῶν
1215 4867 1484 4922 Ἰουδαίων
1516 4868 1668 4934 ἔθνος
1695 4869 1974 4939 παιδαγω-

399 4960 533 5022 γεῖν.
567 4958 887 5031 Εΰρήσομεν
917 4957 975 5011 δὲ
1016 4958 1099 5011 ὅτι
1141 4958 1235 5011 καὶ
1267 4958 1357 5011 ὅτε
1396 4958 1493 5029 τῆς
1521 4958 1628 5011 τῶν
1657 4960 1971 5028 Αἰγυπτίων

401 5045 835 5118 ἐκδεδραμήκασι
882 5046 1004 5116 γῆς.
1054 5044 1245 5107 δεινοῖς
1294 5045 1393 5116 μὲν
1436 5047 1633 5111 αὐτοὺς
1683 5049 1971 5103 κατεπτόει

401 5136 649 5206 δείμασιν
683 5139 713 5191 6
745 5136 1092 5207 ἀπόπληκτος
1132 5135 1348 5207 Φαραὼ,
1377 5137 1470 5190 τὸν
1519 5137 1755 5209 πολέμου
1804 5141 1969 5209 νόμον

401 5226 823 5297 ἐξωπλισμένος,
850 5222 967 5281 εἶτα
1006 5225 1219 5280 διώκειν
1248 5226 1569 5298 ἐπιχειρῶν*
1608 5230 1832 5299 ιἜστη,
1864 5247 1970 5301 φη-

403 5318 507 5379 σιν,
539 5318 568 5370 6
588 5317 817 5385 ἄγγελος
844 5318 1052 5388 Κυρίου
1080 5318 1181 5370 ἀνὰ
1217 5318 1379 5387 μέσον
1408 5318 1610 5382 αὐτῶν,
1632 5321 1728 5374 καὶ
1752 5322 1814 5374 οὐ
1844 5337 1969 5375 συν-

401 5407 596 5478 ἔμιξαν
624 5406 873 5477 ἀλλήλοις
903 5406 1032 5477 ὃλην
1071 5408 1169 5478 τὴν
1209 5408 1398 5462 νύκτα.
1431 5428 1450 5462 ι
1490 5409 1651 5463 Ἀλλά
1682 5411 1777 5464 καὶ
1806 5411 1969 5467 αὐτὸν

400 5502 491 5555 τὸν
534 5499 697 5570 νόμον
728 5500 797 5553 δι’
823 5499 1066 5569 ἀγγέλων
1096 5499 1423 5570 umquam
1447 5504 1475 5555 6
1503 5502 1811 5573 νομομαθὴς
1865 5503 1970 5576 ἔφη

402 5591 633 5657 Παῦλος.
651 5592 1014 5664 ’Υπεμφαίνει
1040 5592 1095 5645 δέ
1126 5610 1179 5645 τι
1215 5593 1454 5648 τοιοῦτον
1496 5596 1588 5648 καὶ
1615 5594 1715 5665 τῆς
1740 5596 1961 5665 εὐαγγε-

475 5770 515 5799 ¹⁵
544 5767 707 5822 Amos
760 5783 832 5834 vv,
872 5768 921 5823 l.
1005 5768 1046 5800 ”
1076 5768 1244 5824 Exod.
1273 5784 1387 5834 xw,
1420 5768 1505 5825 {9.
1583 5772 1625 5803 ¹⁸
1657 5769 1827 5825 Galat.
1863 5785 1944 5837 tn,
1982 5771 2064 5827 19.

2085 4614 2193 4658 tum
2247 4600 2623 4666 reddiderunt,
2671 4614 2790 4655 eam
2838 4597 3097 4661 habitari,
3141 4609 3194 4652 et
3246 4598 3544 4668 quiescere,
3592 4612 3646 4664 et

2083 4692 2390 4759 impositum
2420 4690 2523 4746 sibi
2546 4688 2731 4759 jugum
2758 4686 2840 4741 vel
2873 4685 3116 4741 nolentes
3139 4686 3401 4753 perferre,
3432 4692 3563 4741 mox’
3580 4686 3646 4742 ad

2077 4799 2265 4855 preces
2314 4795 2417 4851 pro
2446 4781 2815 4851 Hierosolyma
2875 4790 2929 4834 et
2977 4779 3159 4834 Juda-a
3203 4779 3478 4834 faciendas
3518 4793 3649 4846 con?

2078 4876 2306 4931 vertitur
2361 4875 2549 4931 beatus
2604 4874 2846 4943 angelus,
2902 4873 2991 4941 qui
3042 4871 3289 4927 fortassis
3338 4869 3646 4939 δυόωσι-οη)

2076 4965 2218 5033 genti
2260 4962 2599 5018 instituenda:
2645 4978 2674 5015 a
2713 4960 2823 5016 Deo
2864 4961 3186 5031 praepositus
3225 4970 3362 5014 erat.
3395 4957 3649 5030 Legimus

2076 5071 2240 5126 porro
2294 5070 2416 5109 cum
2470 5055 2692 5110 insanus
2734 5052 2944 5109 Pharao
3005 5066 3071 5109 ex
3124 5050 3361 5124 Egypto
3416 5064 3648 5121 propera

2075 5147 2306 5215 egressis
2335 5159 2527 5215 graves
2564 5154 2803 5200 terrores
2831 5144 3119 5207 incuteret,
3148 5144 3397 5199 hosnlem
3440 5143 3492 5196 in
3527 5154 3643 5197 mo:-

2077 5238 2204 5292 dum
2244 5245 2506 5303 armatus,
2537 5245 2586 5292 et
2641 5249 2737 5290 eos
2780 5236 2995 5305 insequi
3041 5248 3372 5304 aggressus:
3405 5250 3426 5285 ι
3459 5232 3640 5295 Stetit.

2076 5323 2269 5396 inquit,
2313 5324 2534 5391 angelus
2579 5323 2790 5380 Domini
2846 5323 2899 5377 in
2954 5323 3132 5378 medio
3171 5337 3379 5385 eorum,
3430 5330 3486 5376 et
3535 5336 3642 5393 non

2076 5417 2535 5473 commiscuernnt
2565 5431 2625 5472 se
2661 5417 2728 5471 ad
2771 5414 2999 5471 invicem
3037 5423 3146 5469 tota
3176 5425 3335 5469 nocte
3356 5413 3420 5465 η.
3453 5430 3471 5465 ι
3502 5413 3642 5490 Quin

2077 5515 2131 5562 et
2158 5505 2330 5576 legem
2360 5520 2457 5577 per
2491 5505 2709 5576 angelos
2744 5505 3001 5560 dictatam
3049 5503 3237 5570 doctus
3270 5502 3401 5571 legis
3452 5504 3644 5580 scribit

2074 5597 2271 5653 Paulus
2296 5598 2359 5650 “.
2394 5598 2521 5652 Tale
2568 5598 2817 5667 quiddam
2869 5612 2967 5672 pos
3015 5604 3199 5670 monet
3237 5596 3395 5665 etiam
3449 5609 3644 5665 sensus
