4120 6544
491 358 585 411 2'5.
1378 345 1382 350 ’
1475 353 1533 409 S.
1573 351 1842 408 CYRILLI
1881 348 2345 408 ALEXANDRINl
2381 351 2701 406 ARCHIEP.
2908 379 2912 385 ·
3661 357 3763 410 ει-

492 469 763 539 parabolm
806 468 1148 539 evangelica.
1189 467 1279 522 Ait
1308 470 1450 524 enim
1481 469 1676 525 alicubi
1707 470 1957 526 Christus
1992 471 2059 524 de

2165 468 2318 539 λικῆς
2359 468 2673 539 παραϐολῆς
2708 468 3167 540 ήδύναμις.Ἔφη
3214 471 3322 541 γάρ
3365 487 3467 524 που
3503 472 3739 541 Χριστὸς

493 575 762 630 synagoga
815 558 1144 627 Judmorum,
1200 561 1298 617 sub
1350 561 1626 618 involucra
1680 562 1756 617 illi
1804 574 2062 618 eventura

2171 557 2301 628 περὶ
2333 559 2433 628 τῆς
2463 558 2571 610 τῶν
2596 558 2864 611 Ἰουδαίων
2895 561 3236 630 συναγωγῆς,
3273 562 3332 614 τὸ
3379 562 3568 632 μέλλον
3601 563 3735 632 αὐτῇ

496 661 914 719 ριπιιιοιιειτιιιιε
943 669 957 706 :
993 668 1011 701 ι
1040 651 1229 706 Ficum
1263 651 1491 708 habebat
1517 654 1734 724 quidam
1766 653 2061 724 plantatam

2173 648 2548 719 συμϐήσεσθαι
2577 649 3002 718 προαναδεικνὺς
3028 651 3441 721 αἰνιγματωδῶς
3461 669 3474 682 ·
3516 670 3535 701 ι
3561 652 3739 719 Συκῆν

498 741 549 793 in
579 756 708 810 agro
760 755 858 795 suo
885 742 948 797 ".
987 762 1006 794 ι
1047 741 1217 809 Quam
1255 752 1312 798 ut
1340 745 1579 799 sterilem
1610 745 1928 800 exscindere
1967 761 2064 799 vo-

496 832 628 894 luit,
682 832 842 900 idque
903 833 1099 889 cultori
1164 837 1334 890 vineae
1387 834 1704 891 mandavit:
1745 852 1764 886 ι
1797 835 2066 890 Exscinde

497 922 663 984 illam,
689 923 864 992 inquit
892 940 904 976 :
941 933 996 976 ut
1029 923 1156 992 quid
1188 925 1364 979 adhuc
1395 931 1597 978 terram
1628 923 1892 994 occupat?
1925 923 2061 978 Tum

496 1015 672 1068 cultor
708 1032 719 1065 :
757 1015 998 1079 Domine,
1021 1016 1137 1071 sine
1174 1017 1318 1071 illam
1359 1017 1522 1072 etiam
1560 1016 1663 1072 hoc
1693 1031 1857 1080 anno,
1892 1029 2064 1085 usque

497 1109 623 1160 dum
664 1106 859 1160 fodiam
909 1108 1052 1162 circa
1103 1107 1273 1173 illam,
1316 1116 1370 1163 et
1417 1109 1627 1162 mittam
1682 1117 1924 1163 stercora
1961 1124 1974 1160 :
2009 1114 2064 1160 et

497 1196 727 1249 fortasse
774 1195 968 1249 fecerit
1015 1195 1248 1250 fructum
1303 1197 1354 1250 in
1391 1204 1670 1265 posterum
1721 1212 1733 1248 :
1781 1195 1826 1250 si
1861 1196 2060 1259 minus,

495 1287 778 1340 esseindes
823 1301 940 1340 eam
969 1285 1034 1339 '°.
1072 1305 1090 1338 ι
1124 1285 1260 1352 Quid
1307 1288 1449 1342 enim
1495 1286 1637 1341 aliud
1682 1286 1838 1341 nobis
1880 1286 1933 1340 in
1977 1285 2062 1340 Itis

497 1392 726 1445 persona
784 1378 1028 1433 vinitoris
1078 1378 1340 1443 insinuat,
1388 1379 1489 1434 nisi
1531 1379 1845 1448 praefectum
1892 1393 2062 1447 ange-

495 1469 628 1534 lum,
659 1477 713 1524 et
764 1470 831 1525 ad
879 1471 1072 1538 ipsam,
1126 1479 1183 1523 ut
1224 1469 1357 1533 dixi,
1405 1471 1755 1526 erudiendam
1795 1471 2062 1525 constitu-

496 1562 656 1614 tum?
701 1561 867 1632 Igitur
921 1562 1028 1616 Deo
1067 1562 1428 1632 captivitatem
1473 1577 1616 1617 anno
1668 1565 2064 1633 septuagesimo

495 1654 996 1720 circumscribente,
1035 1663 1160 1708 ante
1193 1654 1245 1707 id
1292 1663 1501 1724 tempus
1531 1654 1764 1718 ﬁnitum,
1797 1645 2074 1709 silendum.

495 1741 597 1796 fuit
625 1744 951 1808 necessario,
994 1758 1061 1798 ne
1089 1744 1382 1798 Dominicis
1415 1744 1636 1799 nutibus
1679 1744 1954 1800 adversari
1984 1745 2066 1798 vi-

2171 734 2282 808 εἶχέ
2322 755 2405 801 τις
2439 739 2852 809 πεφυτευμένην
2882 740 2940 792 ὲν
2968 740 3044 810 τῷ
3070 740 3224 811 ἀγρῷ
3245 739 3432 794 αὐτοῦ.
3465 761 3483 796 s
3522 741 3738 811 Ἐπειδὴ

2168 829 2225 882 δὲ
2255 830 2501 898 ἄκαρπος
2531 827 2618 901 ἦν,
2646 831 2932 884 ἐκκόπτειν
2968 832 3136 902 αὐτὴν
3166 831 3347 902 ἡθελε,
3373 835 3466 886 καὶ
3490 833 3555 903 δὴ
3584 832 3740 885 τοῦτο

2169 921 2299 992 δρᾷν
2330 921 2547 974 ἐκέλευε
2569 921 2743 988 λέγων
2767 921 2846 992 τῷ
2887 922 3141 991 γηπόνῳο
3186 941 3203 972 ι
3234 923 3504 992 Ἐκκοψον
3549 923 3739 993 αὐτὴν,

2172 1013 2258 1066 ἵνα
2287 1013 2339 1066 τί
2366 1012 2458 1067 καὶ
2479 1013 2575 1084 τὴν
2603 1015 2705 1083 γῆν
2729 1017 3028 1085 καταργεϊς
3073 1015 3131 1068 '0
3153 1014 3208 1068 δὲ
3232 1015 3367 1085 πρὸς
3395 1014 3553 1068 τοῦτό
3572 1030 3738 1084 φησιο

2171 1105 2364 1178 Κύριε,
2393 1107 2526 1174 ἄφες
2559 1105 2727 1177 αὐτὴν
2762 1107 2855 1160 καὶ
2880 1106 3037 1159 τοῦτο
3069 1107 3129 1159 τὸ
3162 1106 3296 1170 ἔτος,
3326 1107 3430 1170 ἓως
3459 1106 3524 1160 ἂν
3551 1107 3744 1176 σκάψω

2171 1196 2300 1266 περὶ
2321 1196 2509 1266 αὐτὴν,
2532 1196 2624 1248 καὶ
2649 1195 2827 1265 βάλλω
2850 1196 3054 1268 κόπρια
3077 1214 3092 1228 ο
3120 1196 3223 1250 κᾶν
3253 1197 3350 1268 μὲν
3382 1198 3582 1268 ποιήσῃ
3609 1213 3743 1266 καρ-

2171 1286 2272 1339 πὸν
2294 1289 2374 1350 είς
2401 1286 2460 1339 τὸ
2487 1286 2678 1356 μέλλον
2703 1303 2716 1317 ο
2747 1287 2794 1339 εί
2819 1287 2875 1342 δὲ
2907 1289 2980 1358 μή
3010 1305 3096 1357 γε,
3129 1289 3384 1358 ἐκκόψεις
3416 1289 3607 1359 αύτήν.
3632 1308 3650 1341 ι
3678 1289 3742 1341 Τί

2170 1378 2277 1449 γὰρ
2303 1379 2487 1448 ἕτερον
2508 1381 2640 1448 ἡμῖν
2668 1380 2726 1430 έν
2747 1377 2957 1442 τούτοις
2981 1378 3040 1431 τὸ
3070 1379 3162 1433 τοῦ
3188 1381 3428 1450 γηπόνου
3455 1379 3743 1452 πρόσωπον

2169 1468 2561 1530 ύπαινίττεται,
2585 1467 2722 1538 πλὴν
2753 1469 2833 1522 ὃτι
2857 1469 2915 1520 τὸ
2935 1467 3030 1522 τοῦ
3055 1470 3451 1540 προεστηκότος
3487 1469 3740 1537 ἀγγέλου,

2171 1561 2264 1612 καὶ
2305 1561 2670 1628 παιδαγωγεῖν
2711 1559 2898 1630 αὐτὴν,
2928 1561 3002 1623 ὡς
3033 1560 3187 1631 ἔφην,
3225 1561 3698 1632 προστεταγμένου
3725 1578 3738 1624 ;

2181 1652 2492 1722 Ὀρξσαντος
2518 1648 2611 1704 οὖν
2637 1649 2732 1703 τοῦ
2757 1650 2892 1704 Θεοῦ
2921 1651 3020 1721 τῆς
3045 1651 3418 1721 αἰχμαλωσίας
3441 1652 3532 1704 τὸν
3553 1651 3742 1721 χρόνον
3806 1658 3809 1661 ’

2171 1745 2249 1805 εἰς
2287 1742 2404 1805 έτος
2445 1742 2862 1813 έῦδομηκοστον,
2889 1741 3044 1795 οὔπω
3077 1742 3175 1812 μὲν
3202 1744 3282 1806 είς
3315 1742 3490 1812 πέρας
3516 1743 3742 1811 ἥκοντος

493 1833 736 1888 deretur.
783 1833 1049 1888 Caeterum
1103 1833 1257 1887 annis
1305 1833 1414 1900 jam
1479 1834 1809 1898 transactis,
1870 1847 2060 1902 preces

2165 1831 2255 1884 τοῦ
2288 1832 2503 1904 καιροῦ,
2535 1835 2750 1902 σιωπᾷν
2777 1828 2843 1902 ἦν
2874 1832 3186 1899 ἀναγκαῖον,
3217 1832 3292 1895 ὡς
3331 1831 3395 1885 ἂν
3443 1833 3517 1903 μὴ
3559 1831 3740 1900 δοκοίη

497 1923 674 1979 fundit
699 1925 1042 1994 suppliciter:
1063 1923 1482 1992 offensionisque
1501 1925 1808 1994 suspicione
1828 1924 2060 1986 sublata,

493 2030 614 2069 cum
664 2017 801 2070 sciat
857 2015 1143 2069 Dominum
1193 2015 1405 2069 mentiri
1438 2030 1566 2082 _non
1614 2029 1792 2084 posse,
1853 2015 2063 2070 discere

493 2107 640 2174 cupit
667 2107 824 2180 661
860 2117 1036 2161 utrum
1080 2107 1202 2160 irati
1246 2107 1504 2172 vindicta,
1529 2107 1680 2174 juxta
1716 2115 1869 2162 vetus
1900 2107 2063 2160 bene-

491 2198 750 2268 placitum
808 2199 863 2252 in
914 2213 1112 2252 annum
1173 2198 1628 2266 septuagesimum
1686 2197 2057 2260 extendenda,

493 2291 711 2360 perinde
742 2291 989 2353 cessarit,
1023 2291 1164 2345 sicut
1217 2304 1442 2358 peccare
1492 2289 1771 2352 desierint,
1813 2290 1902 2359 qui
1937 2304 2062 2359 pec-

491 2385 694 2441 cabant
730 2403 743 2440 :
777 2400 842 2438 an
886 2385 1022 2437 ultra
1055 2383 1230 2437 adhuc
1261 2381 1603 2452 proferenda,
1650 2383 1846 2436 additis
1870 2397 2062 2452 pecca-

493 2479 561 2532 tis
596 2477 768 2537 novis,
815 2486 869 2529 et
908 2474 1242 2542 proroganda
1276 2473 1452 2527 adhuc
1501 2472 1553 2525 in
1589 2471 1804 2538 longum
1841 2470 2061 2526 calami-

493 2578 594 2621 tas.
623 2567 830 2622 ldcirco
859 2567 932 2619 ait
960 2584 973 2619 :
1013 2585 1031 2617 ι
1066 2565 1355 2632 Qudnsque
1385 2579 1490 2617 non
1537 2563 1882 2616 misereberis
1905 2561 2063 2617 Jeru-

490 2660 696 2722 salem,
759 2665 812 2710 et
870 2659 1146 2712 civitatum
1211 2655 1361 2709 Iudae
1419 2654 1780 2726 ncglectarum
1827 2654 1940 2721 jam
1995 2654 2062 2708 ad

490 2764 689 2803 annum
729 2763 896 2815 usque
930 2743 1423 2817 septuagesimum?
1454 2764 1472 2796 ι

558 2919 822 2987 Quocirca
886 2932 982 2988 spe
1011 2918 1149 2972 bona
1185 2926 1240 2971 et
1265 2915 1541 2986 explorata
1567 2924 1941 2971 sustentantur
1967 2917 2059 2986 qui

2165 1924 2515 1986 Δεσποτικοίς
2550 1923 2864 1991 ἀντεξάγειν
2910 1922 3160 1994 νεύμασι.
3212 1923 3636 1994 Πεπερασμένου
3685 1921 3742 1974 δὲ

2165 2012 2267 2082 ήδη
2320 2012 2412 2065 τοῦ
2464 2013 2678 2084 καιροῦ,
2713 2017 2946 2068 ποιεῖται
2992 2013 3092 2077 τάς
3138 2013 3316 2079 λιτὰς,
3368 2015 3463 2067 καὶ
3505 2014 3606 2083 τῆς
3648 2013 3740 2065 τοῦ

2164 2103 2524 2173 προσκρούειν
2553 2103 2786 2172 ὑποψίας
2819 2105 2884 2156 ὲκ
2917 2103 3084 2173 μέσου
3113 2103 3505 2174 γεγενημένης,
3537 2100 3740 2170 ἀψευδῆ

2162 2195 2218 2246 δὲ
2252 2195 2382 2248 ὄντα
2403 2195 2494 2247 τὸν
2521 2196 2798 2265 Δεσπότην
2834 2195 3007 2260 είδὼς,
3049 2195 3352 2266 ἀναμαθεῖν
3382 2195 3544 2259 ἀξιοῖ,
3579 2193 3742 2246 πότε-

2166 2303 2255 2355 ρον
2307 2283 2763 2358 συμπεπέρασται
2815 2289 2929 2350 τοῖς
2981 2287 3328 2358 ἡμαρτηκόσι
3375 2287 3444 2340 τὰ
3487 2285 3544 2352 ἐξ
3573 2284 3742 2354 ὀργῆς

2163 2378 2303 2431 κατὰ
2351 2380 2411 2431 τὸ
2459 2379 2627 2434 πάλαι
2661 2379 2852 2435 δοκοῦν
2898 2381 2978 2444 είς
3031 2379 3149 2444 ἔτος
3197 2380 3258 2433 τὸ
3302 2379 3739 2450 ἑϐδομηκοστόν

2162 2470 2328 2538 ἧγουν
2354 2469 2504 2522 ἔσται
2543 2487 2625 2532 τις
2657 2471 2821 2539 ἑτέρα
2847 2471 3008 2522 πάλιν
3030 2469 3328 2538 ἀνάϐλησις
3349 2467 3742 2537 προστεθειμέ-

2162 2577 2267 2612 νων
2297 2558 2597 2629 ἁμαρτιῶν,
2631 2559 2723 2612 καὶ
2748 2562 2826 2622 είς
2851 2561 3024 2629 μῆκος
3048 2559 3128 2612 ἔτι
3159 2559 3228 2612 τὰ
3246 2559 3344 2629 τῆς
3369 2558 3742 2629 ταλαιπωρίας

2162 2650 2344 2714 αὐτοῖς
2376 2650 2693 2702 ἐκτείνεται.
2738 2649 3003 2720 Ταύτῃτοξ
3037 2666 3234 2720 φησιν’
3280 2649 3455 2712 ιἜως
3503 2649 3647 2711 τίνος
3679 2648 3739 2700 ού

2167 2740 2241 2812 μὴ
2286 2741 2484 2813 ἐλεήσῃ
2529 2741 2626 2810 τὴν
2658 2741 3013 2812 Ἰερουσαλὴμ
3066 2743 3159 2794 καὶ
3201 2740 3300 2805 τάς
3350 2742 3449 2810 τῆς
3481 2741 3741 2803 Ἰουδαίας

2164 2833 2345 2896 πόλεις
2362 2833 2824 2903 ὑπερεωραμένας
2845 2833 2945 2904 ήδη
2961 2833 3120 2886 τοῦτο
3139 2833 3532 2904 ἑϐδομηκοστὸν
3547 2833 3664 2896 ἔτος
3681 2851 3694 2896 ;
3718 2853 3736 2882 ι

2231 2920 2419 2984 Ἐλπὶς
2452 2917 2545 2974 οῦν
2582 2921 2690 2991 ἀρα
2724 2924 2836 2984 τοῖς
2871 2921 3181 2992 σεϐομένοις
3218 2921 3350 2976 Θεὸν
3379 2923 3611 2994 χρηστὴ,
3648 2924 3738 2973 καὶ

489 3010 656 3064 Deum
685 3009 885 3071 colunt,
910 3009 1051 3076 quod
1081 3008 1126 3062 si
1173 3008 1459 3076 contigerit
1498 3006 1771 3063 olfendere
1794 3023 1854 3062 ex
1908 3009 2060 3062 infir-

2165 3013 2260 3066 οὐκ
2296 3012 2615 3083 ἀμφίὸολος,
2659 3013 2735 3076 ὼς
2757 3015 2804 3065 εί
2837 3013 3012 3085 δήπου
3057 3015 3268 3082 γένοιτο
3304 3015 3663 3085 προσκρούειν
3685 3013 3743 3078 ἐξ

489 3101 698 3164 mitate,
734 3115 853 3155 esse
882 3100 972 3169 qui
1007 3099 1146 3167 apud
1187 3099 1356 3153 Deum
1391 3113 1490 3166 pro
1545 3099 1676 3168 ipsis
1731 3098 2057 3169 supplicent,

2165 3104 2469 3171 ἀσθενείας,
2498 3104 2613 3158 ἀλλ’
2644 3099 2736 3157 οὖν
2766 3103 2949 3173 έχουσι
2978 3106 3130 3176 παρά
3152 3106 3270 3177 Θεῷ
3292 3107 3418 3169 τοὺς
3451 3106 3742 3175 λιπαροῦν-

489 3204 594 3243 non
619 3189 864 3244 homines
894 3195 1121 3254 tantum,
1141 3187 1234 3242 sed
1265 3189 1426 3244 etiam
1445 3189 1587 3256 ipsos
1613 3198 1830 3245 sanctos
1847 3190 2064 3260 angelos

2165 3210 2265 3256 τας
2313 3192 2452 3262 ὑπὲρ
2494 3193 2722 3258 ἑαυτῶν,
2751 3193 2852 3246 ούκ
2897 3193 3216 3264 ἀνθρώπους
3265 3195 3445 3260 μόνον,
3476 3193 3612 3248 ἀλλὰ
3652 3197 3742 3248 καὶ

490 3279 580 3348 qui
613 3277 780 3333 Deum
811 3278 992 3334 mitem
1021 3287 1074 3332 et
1102 3278 1372 3347 placidum
1417 3280 1659 3346 reddant,
1696 3295 1790 3336 sua
1831 3282 2066 3348 puritate

2165 3285 2360 3348 αὐτοὺς
2405 3285 2532 3348 τοὺς
2583 3284 2770 3353 ἀγίους
2816 3284 3103 3353 ἀγγέλους,
3151 3284 3201 3337 οἳ
3251 3287 3496 3355 προσηνῆ
3543 3303 3601 3338 τε
3648 3288 3742 3338 καὶ

488 3378 545 3425 et
595 3369 896 3423 innocentia
939 3369 1056 3438 ejus
1097 3367 1207 3422 iras
1262 3370 1534 3431 sedantes,
1601 3379 1656 3423 et
1699 3369 2061 3438 indignantem

2169 3374 2430 3446 μειλίχιον
2478 3374 2802 3428 ἀποτελοῦσι
2829 3373 2981 3439 Θεὸν,
3007 3378 3070 3446 τῇ
3112 3374 3216 3446 ίδίᾳ
3247 3374 3577 3447 καθαρότητι
3614 3393 3742 3430 κατ-

483 3460 716 3528 judicem
743 3460 808 3514 ad
837 3459 1221 3529 ignoscendum
1241 3458 1638 3528 quodammodo
1661 3459 2060 3527 compellentes.

491 3547 689 3605 Verum
715 3560 822 3604 tum
842 3551 1055 3618 quidem
1081 3549 1304 3618 angelus
1337 3564 1434 3617 pro
1466 3563 1735 3621 synagoga
1756 3548 2062 3604 Judaeorum

491 3639 710 3707 supplex
745 3639 924 3694 fiebat.
957 3638 1067 3694 Nos
1105 3649 1282 3694 autent
1323 3639 1508 3695 lidcles
1549 3653 1604 3695 et
1651 3640 1968 3694 sattctilicati
1999 3640 2064 3696 de

489 3740 688 3785 caetero
717 3730 768 3782 in
787 3730 996 3798 spiritu,
1021 3749 1038 3780 ι
1063 3734 1378 3784 advocatum
1411 3730 1669 3785 habemus
1689 3731 1828 3797 apud
1847 3730 2061 3783 Patrem

488 3819 674 3875 Jesum
697 3820 993 3889 Christum,
1021 3831 1074 3877 et
1100 3823 1215 3892 ipse
1239 3831 1323 3877 est
1349 3822 1655 3892 propitiatio
1684 3837 1782 3891 pro
1831 3824 2064 3892 peccatis

487 3914 695 3968 nostris
721 3929 734 3966 :
770 3929 870 3968 nec
899 3929 996 3983 pro
1023 3914 1223 3969 nostris
1262 3922 1488 3979 tantum,
1516 3917 1609 3968 sed
1638 3924 1692 3969 et
1753 3929 1850 3982 pro
1901 3915 2064 3968 totius

431 4020 435 4024 ί
488 4005 674 4059 mundi
708 4006 806 4058 ".s
845 4005 906 4059 Et
933 4015 990 4060 ut
1029 4006 1242 4060 divinus
1272 4005 1468 4060 Paulus
1495 4006 1752 4073 scriptum
1803 4006 2058 4076 reliquit:

491 4115 512 4148 s
543 4097 718 4168 Ipsum
748 4099 922 4167 posuit
949 4097 1086 4152 Deus
1109 4097 1542 4166 propitiationem
1565 4111 1660 4167 per
1690 4097 1844 4152 fidem
1870 4098 1971 4163 ",s
2000 4098 2063 4152 li-

488 4187 762 4244 bcrautem
795 4204 822 4242 a
854 4190 1090 4258 peccatis
1118 4189 1183 4242 ad
1211 4191 1382 4256 ipsum
1419 4190 1757 4243 accedentes.

2164 3467 2480 3530 ευνάζοντες
2512 3466 2610 3528 τὰς
2637 3467 2828 3539 ὀργὰς,
2863 3466 2958 3519 καὶ
2995 3465 3277 3530 οίονείπως
3305 3467 3740 3531 έκδυσωποῦντες

2165 3558 2502 3627 ἀσχάλλοντα
2529 3557 2621 3610 τὸν
2650 3558 2864 3628 κριτήν.
2884 3557 3043 3612 Ἀλλά
3065 3557 3186 3612 τότε
3215 3560 3315 3630 μὲν
3339 3559 3566 3626 ἄγγελος
3602 3559 3741 3629 ὑπὲρ

2163 3648 2265 3718 τῆς
2316 3648 2425 3701 τῶν
2454 3649 2723 3702 Ἰουδαίων
2771 3651 3092 3720 συναγωγῆς
3141 3653 3376 3704 ἐποιεῖτο
3419 3651 3519 3714 τὰς
3564 3650 3739 3713 λιτάς.

2176 3739 2366 3808 Ἡμεῖς
2398 3740 2476 3805 δὲ,
2513 3742 2560 3792 οἱ
2592 3741 3038 3804 πεπιστευκότες,
3075 3742 3168 3794 καὶ
3198 3740 3521 3810 ἡγιασμένοι
3554 3740 3739 3794 λοιπὸν

2165 3834 2222 3884 ὲν
2253 3832 2541 3902 πνεύματι,
2576 3853 2595 3882 ι
2627 3833 2981 3904 Παράκλητον
3016 3835 3210 3904 ἔχομεν
3241 3833 3377 3903 πρὸς
3406 3833 3495 3886 τὸν
3520 3834 3740 3902 Πατέρα

2177 3921 2387 3993 Ἰησοῦν
2435 3922 2686 3992 Χριστὸν,
2717 3923 2811 3975 καὶ
2861 3923 3021 3986 αὐτὸς
3055 3924 3280 3994 ἱλασμός
3312 3925 3427 3976 ἐστι
3465 3923 3592 3994 περὶ
3632 3923 3740 3976 τῶν

2166 4012 2447 4082 ἁμαρτιῶν
2481 4011 2668 4082 ἡμῶν
2723 4014 2786 4066 οὐ
2839 4013 2970 4084 περὶ
3003 4013 3110 4066 τῶν
3154 4013 3437 4084 ἡμετέρων
3467 4015 3522 4066 δὲ
3559 4014 3738 4082 μόνον,

2165 4104 2300 4157 ἀλλὰ
2327 4103 2455 4173 περὶ
2467 4103 2588 4157 ὅλου
2605 4103 2698 4157 τοῦ
2721 4105 2946 4173 κόσμου.
2973 4125 2992 4158 s
3013 4106 3125 4159 Καὶ
3141 4106 3215 4168 ὡς
3246 4107 3274 4158 ὁ
3298 4105 3582 4168 θεσπέσιος
3603 4107 3738 4176 γρά-

2165 4210 2255 4262 φει
2305 4192 2552 4257 Παῦλος,
2610 4212 2627 4244 ι
2658 4193 2829 4247 Αὑτὸν
2884 4194 3192 4265 ἱλαστήριον
3225 4197 3253 4247 ὁ
3299 4195 3430 4258 Θεὸς
3477 4194 3628 4248 ἔθετο
3653 4195 3740 4248 sta

2167 4287 2418 4350 πίστεως,
2460 4304 2477 4335 ι
2503 4285 2784 4356 ἁμαρτιῶν
2828 4285 3236 4340 ἀπαλλάττοντα
3265 4285 3386 4348 τοὺς
3417 4286 3736 4355 προσιόντας

2163 4376 2332 4430 αὐτῶ.

561 4461 724 4519 Vens.
750 4462 933 4515 {3-15.
968 4461 1033 4514 Et
1096 4462 1364 4531 respondit
1406 4459 1659 4512 Dominus
1733 4460 2058 4527 omnipotens

2234 4439 2343 4522 κὲιι
2385 4439 2671 4536 ἀπεκρίθη
2703 4468 2918 4533 Κύριος
2953 4465 3372 4533 παντοκράτωρ
3402 4463 3480 4530 τῷ
3506 4464 3739 4534 ἀγγέλῳ

486 4557 671 4626 angelo
702 4554 790 4622 qui
823 4553 1131 4622 loquebatur
1164 4553 1220 4604 in
1252 4568 1354 4614 me,
1391 4551 1544 4604 verba
1589 4552 1744 4611 bona.
1776 4559 1825 4603 et
1864 4566 2061 4604 sermo-

489 4662 576 4698 nes
626 4644 1018 4698 consolatorios.
1073 4641 1138 4695 Et
1183 4643 1318 4696 dixit
1364 4644 1432 4695 ad
1484 4659 1564 4695 me
1609 4642 1825 4712 angelus
1859 4643 1947 4710 qui
1984 4641 2062 4694 lo-

483 4738 741 4806 quebatur
766 4736 818 4789 in
847 4751 926 4787 me
955 4732 1199 4796 :Clama,
1225 4734 1399 4786 dicens
1418 4749 1437 4786 :
1468 4732 1595 4787 Hazc
1631 4731 1760 4785 dicit
1808 4731 2059 4785 Dominus

484 4829 809 4895 omnipotens
841 4840 859 4877 :
894 4825 1071 4879 Zelart’
1119 4824 1435 4888 Jerusalem,
1468 4836 1516 4876 et
1549 4823 1674 4878 Sion
1713 4820 1823 4876 zelo
1849 4839 2058 4892 magno,

483 4931 534 4971 et
571 4921 648 4971 irn
677 4935 864 4989 magna
891 4935 982 4986 ego
1004 4919 1204 4970 irascor
1232 4931 1387 4985 super
1416 4925 1586 4985 gentes
1611 4916 2060 4983 superimpositas.

490 5010 596 5060 Pro
630 5025 689 5062 eo
711 5012 850 5077 quod
890 5025 981 5077 ego
1035 5010 1242 5077 quidem
1290 5009 1459 5060 iratus
1496 5023 1610 5061 sum
1651 5009 1929 5070 modicum,
1961 5010 2062 5077 ipsi

484 5116 604 5154 vero
655 5101 812 5154 simul
871 5101 1216 5153 incubuerunt
1257 5100 1313 5153 in
1366 5100 1529 5152 mula.

560 5291 670 5345 ιἰι.
715 5292 853 5346 Vere
874 5290 1120 5353 dicimus,
1155 5289 1304 5359 juxta
1332 5304 1518 5343 vocem
1567 5286 1873 5348 Psallentis,
1903 5306 1922 5336 ι
1962 5286 2058 5341 Mi-

485 5387 722 5437 scricors
751 5394 805 5438 et
834 5386 1125 5436 miserator
1181 5381 1438 5434 Dominus
1471 5378 1515 5412 “
1543 5401 1560 5431 ι
1592 5389 1645 5433 et
1711 5381 1825 5447 ipsa
1880 5393 2058 5433 rerum

487 5477 811 5547 experientia
852 5475 1049 5530 clamat
1082 5475 1154 5528 ita
1184 5489 1240 5528 se
1276 5474 1491 5534 habere,
1513 5488 1615 5526 non
1652 5473 1826 5526 aliter.
1857 5470 2057 5525 Obser-

487 5583 551 5619 va
583 5569 725 5622 enim
760 5567 1025 5635 quomodo
1043 5565 1312 5633 extemplo
1334 5565 1582 5619 exaudiat
1609 5578 1795 5632 preces
1835 5579 1932 5632 pro
1969 5579 2059 5616 vc-

563 5747 606 5775 "
645 5745 776 5801 Luc.
808 5761 925 5808 χιιι,
957 5748 1008 5800 6.
1089 5745 1130 5775 ’⁸
1169 5743 1297 5800 ibid.
1331 5742 1442 5795 7L9.

2159 4558 2240 4624 τῷ
2279 4559 2569 4613 ,λαλοῦντι
2615 4560 2683 4612 ἐν
2725 4558 2873 4626 ἐμοὶ,
2898 4557 3136 4624 ῥήματα
3167 4557 3342 4619 καλὰ,
3374 4556 3469 4609 καὶ
3514 4555 3736 4625 λόγους

2160 4649 2663 4715 παρακλητικούς.
2697 4647 2806 4700 Καὶ
2854 4647 2983 4699 εἷπε
3033 4645 3182 4713 πρός
3219 4661 3296 4713 με
3348 4647 3381 4698 ὁ
3425 4644 3676 4713 ἄγγελος
3706 4649 3738 4698 ό

2159 4737 2364 4792 λαλῶν
2401 4738 2472 4790 ἐν
2510 4737 2676 4808 ἐμοί’
2726 4734 3044 4804 Ἀνὰκραγε
3083 4735 3277 4803 λέγων
3301 4750 3314 4762 ν
3376 4734 3520 4787 Τάδε
3577 4736 3736 4805 λέγει

2160 4830 2374 4897 Κύριος
2410 4827 2863 4896 παντοκράτωρο
2929 4826 3220 4892 Ἐξήλωκα
3263 4825 3378 4893 τὴν
3434 4825 3734 4893 Ἰερουσα-

2158 4923 2303 4988 λὴμ.
2319 4921 2414 4974 καί
2440 4919 2716 4986 τὴνΣιὼν
2739 4917 3140 4986 ζῆλονμέγαν,
3158 4917 3252 4970 καὶ
3268 4917 3457 4985 ὀργὴν
3465 4917 3738 4986 μεγάλην

2161 5010 2454 5080 ὀργίζομαι
2501 5011 2602 5062 ἐπὶ
2650 5011 2720 5063 τὰ
2759 5010 2904 5074 ἔθνη
2940 5010 3011 5061 τὰ
3041 5009 3736 5076 συνεπιτιθέμενα.Ἇνθ’

2157 5097 2244 5154 ὧν
2294 5101 2406 5170 ἐγὼ
2455 5101 2571 5169 μὲν
2615 5101 2912 5168 ὠργίσθην
2964 5101 3155 5166 ὀλίγα,
3188 5099 3355 5152 αὐτοὶ
3403 5097 3471 5151 δὲ
3509 5113 3736 5153 συνεπα-

2159 5192 2364 5247 ἐθεντο
2401 5193 2488 5255 εἰς
2521 5190 2696 5242 κακά.

2231 5283 2301 5336 Z'.
2347 5282 2570 5351 Ἀληθές
2623 5281 2816 5344 εἰπεῖν,
2850 5281 2932 5331 ὅτι
2983 5280 3124 5331 κατά
3158 5279 3254 5348 τὴν
3304 5278 3396 5332 τοῦ
3433 5280 3734 5355 Ψάλλοντος

2161 5375 2363 5445 φωνὴν,
2401 5394 2419 5424 ι
2451 5372 2762 5443 Οίκτίρμων
2789 5371 2883 5425 καὶ
2932 5371 3179 5440 ἐλεήμων
3221 5374 3249 5424 ὁ
3302 5372 3531 5440 Κύριος,
3566 5391 3584 5423 ι
3643 5373 3736 5423 καὶ

2159 5467 2296 5536 αὑτὴ
2333 5468 2387 5520 δὲ
2422 5467 2529 5519 τῶν
2570 5465 2966 5537 πραγμάτωνὴ
2999 5467 3159 5535 πεῖρα
3186 5465 3522 5536 διαδοήσειεν
3551 5464 3636 5522 ἂν,
3661 5465 3735 5526 ὡς
3800 5526 3802 5529 _

2156 5553 2259 5612 ὧδέ
2293 5576 2349 5610 τε
2402 5558 2532 5627 ἔχει,
2566 5557 2660 5610 καὶ
2694 5558 2790 5626 οὐχ
2828 5557 3246 5627 ὲτέρως.⁹Ᾱθρει
3281 5557 3388 5626 γὰρ
3414 5557 3556 5618 ὅπως
3585 5555 3731 5623 δέχε-

1525 5743 1564 5771 "
1598 5737 1794 5795 lJoan.
1832 5753 1888 5803 ιι,
1933 5738 1976 5804 1,
2007 5739 2060 5791 '2.
2139 5739 2183 5770 ’θ
2215 5737 2371 5792 netu.
2405 5753 2480 5804 ιιι,
2509 5735 2597 5790 ‘25.
2675 5737 2715 5767 "
2753 5734 2892 5792 Psal.
2921 5753 3017 5802 cn,
3046 5737 3095 5790 8.
