4120 6570
601 388 673 443 27
1078 441 1084 447 .
1625 391 1687 446 S.
1728 389 1999 447 CYRILLI
2037 387 2505 444 ALEXANDRINI
2550 388 2865 443 ARCHIEP.
3780 395 3851 449 28

603 505 791 557 urbem
849 504 1117 560 manibus
1179 505 1356 576 cingi,
1388 522 1452 560 ac
1490 508 1686 561 tutmiri
1740 510 2082 577 permitti-nte
2106 509 2164 561 ’³.

2280 506 2678 575 ἀναδείμασθαι
2714 506 3138 576 προστάττοντος
3190 506 3279 559 τὸν
3324 507 3472 571 ναὸν,
3504 509 3745 579 ἐφιέντος
3793 532 3851 568 τε

658 680 906 736 Videmus
930 694 1108 737 autem
1155 682 1319 737 Deum
1344 684 1625 751 aliquando
1649 696 1956 740 sanctorum
1991 687 2171 750 tidem,

602 784 654 825 et
681 774 1067 828 adluereutium
1087 774 1186 829 sibi
1207 776 1546 830 dilectionem
1566 786 1927 842 exercentem,
1947 777 2172 846 quibus-

604 864 725 917 dam
761 867 1089 933 temporibus
1132 866 1426 921 Ecclesiam
1476 868 1942 936 persecutiouibus
1997 869 2175 922 sinere

604 959 883 1027 exagitari.
911 959 1161 1013 Attamen
1191 958 1535 1013 mediocriter
1574 968 1821 1011 vexatam
1846 958 2028 1012 statim
2061 959 2172 1011 eri-

604 1065 748 1117 gere,
778 1051 994 1118 suisque
1015 1050 1228 1103 auxiliis
1262 1051 1329 1103 de
1357 1048 1565 1115 integro
1596 1052 1955 1113 communire,
1984 1059 2037 1103 et
2082 1065 2172 1103 su-

605 1156 766 1212 perna
787 1142 956 1212 gratia
981 1142 1197 1195 domum
1219 1156 1370 1195 suam
1414 1156 1698 1196 exornare.
1742 1142 1851 1196 lmo
1889 1142 2176 1210 unusquis-

604 1247 711 1300 que
764 1234 882 1299 pius
925 1241 981 1286 et
1048 1232 1179 1286 urbs
1248 1242 1302 1286 et
1357 1232 1612 1300 templum
1666 1230 1760 1285 Dei
1812 1237 1915 1286 est.
1966 1230 2175 1299 Saepius

605 1334 784 1376 autem
818 1327 1098 1392 probatur,
1139 1333 1190 1376 et
1211 1323 1415 1377 carnali
1468 1322 1763 1391 voluptate,
1814 1333 1867 1375 et
1904 1323 2171 1377 mundana

604 1414 959 1468 sollicitudine
983 1415 1045 1466 ad
1085 1412 1278 1483 ﬂagitia
1316 1414 1671 1478 irritantibus,
1691 1423 1748 1467 ut
1782 1415 2030 1484 patientis
2057 1413 2174 1466 aui-

604 1518 687 1555 ma
715 1503 926 1566 ardere,
953 1512 1007 1556 et
1045 1518 1072 1555 a
1103 1504 1291 1567 muris,
1325 1503 1439 1558 sive
1483 1503 1641 1557 tutela
1667 1506 1875 1558 deserta
1907 1504 2169 1559 videatur.

602 1595 799 1647 Verum
831 1596 1119 1648 miserante
1147 1596 1274 1658 Deo,
1296 1606 1351 1650 et
1401 1606 1706 1649 Sanctorum
1743 1596 1992 1664 precibus
2057 1610 2173 1650 sese

602 1684 667 1735 ad
697 1685 1155 1738 mansuetudinem
1199 1686 1540 1749 immutante,
1581 1700 1771 1739 rursus
1822 1686 2116 1739 aediﬁcatur
2148 1706 2166 1738 ι

602 1776 653 1826 in
687 1773 940 1839 templum
976 1783 1240 1837 sanctum,
1284 1773 1332 1825 in
1376 1772 1734 1826 habitaculum
1775 1773 1864 1827 Dei
1902 1774 1952 1827 in
2006 1776 2166 1843 spiri-

2277 596 2369 647 καὶ
2391 596 2559 666 αὐτὴν
2585 598 2698 657 τοῖς
2727 596 2959 665 τείχεσιν
2981 596 3212 667 ὀχυροῦν
3238 597 3337 668 τὴν
3362 598 3536 653 πόλιν.

2356 683 2601 754 ὀρῶμεν
2647 684 2725 749 δὲ,
2759 687 2844 737 ὅτι
2879 685 3264 755 διαγυμνάζων
3303 686 3414 739 ἐσθ’
3440 689 3531 741 ὅτε
3580 687 3712 752 Θεὸς
3745 689 3852 743 τῶν

2274 775 2444 843 ἁγίων
2486 776 2584 847 τὴν
2624 778 2826 841 πίστιν,
2859 778 2952 829 καὶ
2991 778 3099 831 τῶν
3127 779 3541 849 προσκειμένων
3570 781 3719 851 αὐτῷ
3750 783 3850 850 τὴν

2273 868 2571 937 ἀγάπησιν,
2597 868 2780 938 ἐφίησι
2825 869 2965 922 κατὰ
3014 870 3240 940 καιροὺς
3273 870 3563 926 διώκεσθαι
3608 872 3708 945 τὴν
3727 874 3850 927 Ἐκ-

2274 957 2522 1026 κλησίαν.
2556 958 2692 1010 Ἀλλ’
2716 957 2873 1027 ὀλίγα
2915 957 3192 1012 παθοῦσαν
3239 959 3401 1023 εὐθὺς
3445 960 3716 1032 ἀνίστησι,
3756 963 3850 1015 καὶ

2274 1051 2604 1120 ἀνατειχίζει
2649 1050 2809 1104 πάλιν
2854 1052 2974 1112 ταῖς
3016 1049 3378 1121 ἐπικουρίαις,
3406 1050 3501 1102 καὶ⁵
3541 1052 3609 1120 τῇ
3642 1049 3848 1104 ἀνωθεν

2273 1140 2455 1211 χάριτι
2482 1141 2576 1194 τὸν
2609 1140 2738 1194 ῐδιον
2775 1136 2921 1193 οἷκον
2951 1140 3221 1207 στεφανοῖ.
3257 1138 3367 1191 Καὶ
3398 1137 3629 1200 ἕκαστος
3655 1137 3714 1191 δὲ
3739 1137 3847 1190 τῶν

2274 1229 2516 1282 εὐσεϐεῖν
2544 1229 2835 1301 ᾑρημένων
2866 1228 2962 1281 καὶ
2992 1227 3145 1290 πόλις
3176 1227 3312 1291 ἐστὶ,
3360 1226 3454 1279 καὶ
3502 1222 3649 1290 οἶκος
3685 1224 3843 1281 Θεοῦ.

2273 1320 2637 1392 Δοκιμάζεται
2680 1321 2738 1375 δὲ
2778 1320 3057 1383 πολλάκις,
3090 1317 3546 1390 κατερεθιζούσης
3579 1316 3739 1371 αὐτὸν
3769 1319 3848 1381 είς

2273 1415 2602 1485 φαυλότητα,
2630 1414 2726 1466 καὶ
2769 1413 3035 1483 σαρκικῆς
3076 1412 3287 1481 ἡδονῆς,
3314 1409 3411 1464 καὶ
3453 1408 3722 1481 μερίμνης
3754 1424 3846 1462 κο-

2275 1505 2497 1576 σμικῆς,
2532 1504 2609 1568 ὡς
2642 1504 2820 1558 δοκεῖν
2853 1501 3244 1573 ἐμπεπρῆσθαί
3282 1518 3344 1554 τε
3370 1500 3464 1553 καὶ
3496 1498 3692 1569 τειχῶν
3728 1499 3848 1569 ἐρή-

2276 1615 2404 1669 μην,
2433 1598 2600 1667 ἧγουν
2643 1597 2966 1666 ἀσφαλείας,
3007 1595 3104 1665 τὴν
3129 1593 3223 1647 τοῦ
3267 1592 3529 1655 παθόντος
3561 1592 3846 1661 ἁπομεῖναι

2270 1690 2466 1759 ψυχήν,
2512 1687 2670 1740 Ἀλλὰ
2719 1686 3183 1756 κατοικτείροντος
3233 1682 3391 1746 Θεοῦ,
3437 1683 3531 1736 καὶ
3574 1684 3694 1745 ταῖς
3738 1679 3846 1733 τῶν

2271 1779 2444 1847 ἁγίων
2477 1779 2653 1841 λιταῖς
2679 1776 3105 1849 μετατιθεμένου
3132 1774 3266 1844 πρὸς
3297 1774 3357 1826 τὸ
3388 1774 3615 1844 ἥμερον,
3648 1769 3847 1825 οἰκοδοο

603 1875 655 1916 tu
694 1863 793 1917 ³³.»
822 1863 1159 1932 Depulsaque
1189 1866 1330 1917 omni
1375 1866 1714 1918 immnnditia
1752 1867 1926 1919 denuo
1978 1868 2164 1919 tumui-

2283 1872 2459 1939 μεῖται
2504 1848 2688 1922 πάλιν
2722 1888 2740 1919 ι
2770 1870 2846 1930 εἰς
2898 1867 3024 1919 ναὸν
3081 1865 3253 1933 ἆγιον,
3303 1867 3381 1927 είς
3428 1863 3845 1933 κατοικητήριον

598 1956 701 2009 bus
718 1956 1100 2015 cmumunitur.
1127 1967 1179 2009 et
1202 1956 1388 2010 civitas
1414 1957 1584 2025 magni
1609 1956 1769 2026 regis,
1795 1956 1892 2011 hoc
1909 1967 1989 2011 est
2023 1958 2177 2012 Chri-

600 2047 694 2111 sti,
730 2044 979 2100 cliicitnr.

672 2224 832 2276 Vnus.
864 2224 944 2276 l7.
976 2222 1041 2276 Et
1071 2225 1204 2277 dixit
1240 2226 1307 2277 ad
1356 2241 1433 2277 me
1480 2224 1693 2294 angelus
1727 2226 1817 2293 qui
1870 2226 2174 2295 loquebatur

596 2313 651 2364 in
687 2328 764 2363 me
788 2327 807 2365 :
836 2312 1019 2364 .«ldltuc
1079 2312 1272 2375 clama,
1312 2313 1526 2366 dicens:
1569 2312 1695 2365 Hu'c
1737 2315 1860 2366 dicit
1920 2315 2173 2368 Dominus

594 2405 918 2472 omnipotens
942 2420 961 2457 .'
985 2405 1170 2457 Adhuc
1220 2405 1584 2472 (li/fundentur
1633 2406 1870 2459 ciuitates
1920 2407 1972 2459 in
2001 2407 2169 2471 bonis,

592 2503 643 2547 et
672 2496 1000 2548 miserebitur
1038 2494 1294 2549 Dominus
1336 2497 1509 2549 adhuc
1542 2496 1692 2557 Sion,
1716 2507 1762 2550 et
1800 2497 1949 2566 eliget
2000 2498 2171 2551 adhuc

594 2584 907 2639 Jerusalem.

669 2674 757 2729 IX.
792 2676 926 2729 Cum
966 2678 1405 2733 duraretdiutius
1434 2677 1973 2748 captivitasJudmar,
2004 2688 2058 2733 et
2091 2696 2171 2732 ut-

595 2767 887 2823 hilominus
911 2766 1306 2821 Samaritarum
1338 2768 1571 2821 urbesin
1592 2782 1792 2821 meram
1824 2769 2165 2823 solitudinem

593 2860 1070 2915 convertebantur.
1100 2858 1230 2911 Nam
1278 2870 1332 2912 et
1366 2859 1553 2913 domus
1594 2859 2076 2928 conﬂagraverunt,
2110 2870 2166 2914 et

593 2966 725 3004 voce
754 2950 1138 3018 propemodum
1166 2950 1327 3003 missa
1355 2950 1761 3020 Babyloniorum
1789 2952 2049 3005 szevitiam
2074 2967 2166 3006 ac-

595 3043 858 3096 cusabant
896 3042 1119 3112 ipsaque
1170 3042 1455 3098 civitatum
1486 3043 1693 3110 species
1736 3042 2058 3107 deformata,
2113 3052 2168 3097 et

2278 1944 2412 2013 θεοῦ
2456 1962 2513 2013 ὲν
2562 1958 2849 2029 πνεύματι.
2883 1977 2901 2009 ι
2940 1957 3050 2010 Καὶ
3078 1955 3142 2025 δὴ
3173 1955 3391 2023 ἀπάσης
3435 1952 3847 2023 ἀπεληλαμένης

2278 2051 2640 2122 ἀκαθαρσίας,
2670 2047 3067 2118 ἀνατειχίζεται
3125 2045 3274 2115 παρὰ
3318 2044 3473 2108 Θεοῦ,
3502 2045 3596 2097 καὶ
3639 2043 3848 2111 γίνεται

2279 2142 2430 2206 πόλις
2458 2141 2551 2194 τοῦ
2596 2141 2829 2211 μεγάλου
2864 2138 3148 2209 βασιλέως,
3175 2137 3415 2190 τουτέστι
3442 2133 3703 2205 Χριστοῦ.

2348 2233 2458 2287 Kal
2485 2228 2615 2286 εἶπε
2648 2232 2798 2300 πρός
2821 2247 2896 2300 με
2925 2233 2957 2283 ὁ
2984 2229 3238 2298 ἄγγελος
3283 2230 3316 2279 ό
3340 2223 3546 2279 λαλῶν
3577 2223 3647 2277 ἐν
3676 2222 3806 2292 ἐμοί
3828 2236 3848 2253 ·

2280 2328 2409 2380 Ἔτι
2439 2324 2761 2393 ἀνάκραγε.
2794 2322 2989 2390 λέγων
3010 2336 3026 2354 ·
3080 2318 3224 2374 Τάδε
3264 2316 3424 2386 λέγει
3456 2315 3672 2382 Κύριος
3701 2328 3850 2367 παν-

2274 2410 2570 2480 τοκράτωρ
2586 2432 2598 2442 ·
2622 2412 2750 2463 Ἔτι
2774 2407 3244 2478 διαχυθήσονται
3272 2405 3480 2469 πόλεις
3497 2403 3566 2456 ἐν
3585 2398 3845 2471 ἀγαθοῖς,

2273 2503 2369 2557 καὶ
2396 2502 2638 2568 ἐλεήσει
2672 2501 2887 2567 Κύριος
2915 2500 3002 2552 ἐτι
3028 2498 3140 2565 τὴν
3170 2495 3341 2559 Σιὼν,
3373 2494 3473 2548 καὶ
3498 2490 3743 2563 dipsas?
3759 2490 3848 2545 ἔτι

2272 2594 2388 2661 τὴν
2430 2590 2837 2660 Ἰερουσαλήμ.

2341 2682 2419 2737 Θ’.
2460 2681 2883 2753 Παρατείνοντος
2910 2676 3003 2732 τοῦ
3026 2678 3217 2748 χρόνου
3244 2677 3341 2745 τῆς
3372 2672 3771 2746 αἰχμαλωσίας,
3788 2672 3848 2725 al

2270 2775 2369 2844 τῆς
2402 2774 2661 2835 ἰουδαίας
2700 2771 2885 2833 πόλεις
2915 2768 3068 2823 οὐδὲν
3101 2768 3165 2838 δὴ
3208 2762 3369 2839 ἦττον
3408 2764 3634 2819 καὶτῶν
3665 2764 3846 2832 Σαμαο

2271 2865 2467 2937 ρειτῶν
2508 2863 2865 2935 ὲξηρήμωντο
2913 2857 3211 2922 παντελῶς.
3255 2852 3407 2910 Οἵκοί
3452 2873 3512 2909 τε
3556 2855 3666 2925 γάρ
3700 2848 3848 2924 ἦσαν

2269 2953 2744 3026 ἐμπεπρησμένοι,
2770 2951 2864 3005 καὶ
2897 2948 3179 3021 μονονουχὶ
3205 2946 3305 3017 τῆς
3325 2942 3684 2999 Βαϐυλωνίων
3704 2941 3851 3011 ὠμό-

2269 3060 2428 3117 τητος
2453 3043 2948 3116 κατακεκραγότες,
2986 3041 3081 3095 καὶ
3113 3038 3254 3093 αὐτά
3284 3038 3342 3093 δὲ
3383 3036 3452 3091 τά
3492 3034 3601 3089 τῶν
3642 3033 3848 3087 πόλεων

594 3137 865 3187 destructa
898 3134 1117 3187 omnino
1148 3132 1442 3188 visebatur.
1474 3131 1823 3189 Paucissimis
1847 3144 2025 3187 autem
2086 3133 2164 3187 in-

637 3224 728 3244 -..-
784 3224 952 3244 -.εηημ
1446 3223 1639 3244 me“.
1674 3223 1929 3244 ._-,__,.___-
1957 3223 2060 3244 ens-
2087 3224 2137 3244 --ε

2274 3138 2549 3210 σχήματα,
2582 3132 3057 3205 κατηφανισμὲνα,
3089 3131 3184 3185 καὶ
3219 3125 3676 3198 ἀνατετραμμένα
3709 3140 3847 3177 παν-

2276 3243 2284 3244 ,
2330 3226 2348 3241 κ
2372 3225 2397 3239 ~
2428 3243 2434 3244 ,
2495 3225 2560 3244 np
2581 3241 2636 3244 ___
2668 3223 2767 3244 n__,r
2785 3240 2888 3244 --.η
2917 3222 2965 3244 βλ
2998 3220 3188 3244 -----_§a
3235 3216 3631 3244 --_..-...-.'..._.,...
3683 3215 3847 3244 ιηέ-..

593 3224 754 3289 colis,
784 3224 956 3278 virum
1004 3224 1289 3291 illustrem,
1321 3234 1411 3279 aut
1442 3223 1643 3292 alioqui
1674 3223 1933 3293 insignem
1957 3223 2065 3278 illic
2087 3224 2168 3277 vi-

594 3320 723 3370 dere
748 3332 852 3370 non
890 3324 1012 3371 erat
1042 3333 1057 3370 :
1087 3330 1260 3385 neque
1299 3315 1508 3384 aliquos
1551 3316 1715 3369 vitam
1742 3315 2005 3382 genialem
2047 3314 2157 3385 agi-

595 3416 790 3471 tantes,
819 3409 911 3463 sed
940 3416 1162 3462 mestos
1186 3421 1374 3461 onmes
1395 3406 1535 3461 fatue
1557 3417 1612 3460 et
1634 3406 1813 3475 in0pia
1841 3405 2163 3460 laborantes.

594 3498 794 3553 llorum
843 3502 1079 3553 omnium
1129 3497 1241 3552 lore
1299 3498 1455 3552 linem
1506 3499 1791 3567 promittit.
1850 3499 1939 3552 Ait
1972 3499 2161 3553 enim:

600 3607 619 3640 ι
661 3586 1031 3642 Ιὶὶαιιηιίθιιίυι·
1056 3588 1303 3644 civitates
1336 3590 1387 3642 in
1416 3588 1594 3652 bonis,
1627 3608 1645 3640 ι
1680 3590 1779 3643 hoc
1818 3598 1904 3643 est
1957 3589 2011 3641 in
2060 3604 2161 3641 an-

594 3679 742 3746 tiqua
775 3679 1030 3732 felicitate
1088 3679 1464 3744 versabantur,
1500 3683 1849 3748 adauclmque
1901 3684 2162 3736 benorum

596 3769 826 3823 cumulis
867 3770 1055 3823 faciem
1090 3769 1618 3838 iunovabunt,atque
1665 3770 1730 3823 ad
1767 3780 1950 3839 optata
1988 3773 2164 3825 denuo

594 3871 980 3916 revertentur.t
1003 3861 1340 3915 Miserebitur
1364 3862 1506 3916 enim
1540 3860 1795 3917 Dominus
1824 3862 2000 3917 adhuc
2034 3861 2160 3917 Sion

592 3964 643 4012 et
670 3953 829 4023 eliget
854 3952 1027 4007 adhuc
1047 3951 1364 4010 Jerusalem.
1401 3972 1420 4005 ι

658 4219 937 4290 Perpende
966 4233 1149 4289 porro,
1167 4234 1324 4288 quam
1354 4221 1642 4289 prudenter
1667 4218 1977 4287 prophetica
2005 4221 2157 4274 nobis

586 4313 845 4380 procedat
880 4313 1071 4365 oratio.
1120 4311 1234 4365 Non
1286 4311 1428 4365 enim
1473 4309 1639 4383 664
1692 4312 1942 4367 universe
1984 4312 2152 4380 ipsum

588 4408 701 4459 tore
758 4402 1164 4458 misericordem
1213 4406 1457 4470 spondet,
1485 4418 1581 4457 nec
1635 4404 1686 4457 in
1736 4419 1894 4457 omne
1947 4414 2155 4471 tempus

2268 3225 2458 3289 τελῶς.
2495 3223 2888 3297 Εὐαριθμήτων
2912 3222 2969 3275 δὲ
2998 3220 3191 3292 κομιδῇ
3234 3216 3649 3279 κατοικούντων,
3679 3215 3849 3285 ἄνδρα
3920 3217 3938 3230 “

2273 3318 2370 3387 μὲν
2404 3317 2499 3370 οὐκ
2533 3312 2602 3386 ἦν
2631 3315 2902 3385 λαμπρὸν,
2936 3314 2971 3385 ἢ
3000 3314 3097 3368 καὶ
3146 3310 3348 3382 ἑτέρως
3401 3308 3672 3379 ἐπίσημον
3697 3307 3847 3367 ίδεῖν,

2268 3409 2382 3462 ἀλλ’
2404 3409 2527 3462 οὐδὲ
2551 3411 2608 3463 ὲν
2635 3406 2902 3478 εὐπαθείᾳ
2922 3407 3080 3469 ὄντας
3107 3406 3278 3467 τινὰς,
3305 3404 3572 3472 κατηφεῖς
3593 3399 3651 3455 δὲ
3675 3400 3847 3453 ᾶπαν-

2266 3517 2387 3563 τας,
2423 3497 2569 3570 λιμῷ
2620 3499 2715 3553 καὶ
2744 3497 2906 3568 πενίᾳ
2932 3492 3650 3565 κατηχθεσμένους.Τούτων
3682 3491 3849 3544 ἀπάν-

2268 3609 2375 3645 των
2420 3588 2641 3643 εσεσθαι
2687 3588 2858 3659 πέρας
2908 3581 3321 3652 ἐπαγγέλλεται.
3369 3598 3387 3631 ι
3420 3577 3848 3648 Διαχυθήσονται

2267 3680 2395 3751 γάρ,
2427 3680 2582 3752 φησὶ,
2616 3677 2801 3739 πόλεις
2844 3677 2903 3727 ὲν
2951 3672 3193 3741 ἀγαθοῖς,
3228 3689 3247 3722 ι
3296 3667 3570 3724 τουτέστιν
3622 3668 3679 3717 ὲν
3725 3666 3849 3727 ταῖς

2266 3772 2519 3843 ἀρχαίαις
2543 3768 2864 3838 εὐημερίαις
2892 3764 3124 3827 ἔσονται,
3157 3762 3251 3815 καὶ
3293 3758 3713 3831 παρακειμένων
3743 3756 3842 3810 αὐ-

2262 3866 2384 3925 ταῖς
2408 3861 2517 3914 τῶν
2540 3863 2618 3922 είς
2643 3857 2907 3926 ἀφθονίαν
2929 3854 3167 3921 ἀγαθῶν,
3197 3849 3557 3922 μεταϐαλοῦσι
3578 3850 3678 3919 τὴν
3699 3847 3840 3917 ὄψιν.

2264 3956 2356 4008 καὶ
2378 3950 2810 4024 ἀναδραμοῦνται
2842 3947 3003 4001 πάλιν
3029 3947 3087 3999 ὲν
3112 3947 3226 4009 τοῖς
3252 3946 3374 3998 κατ’
3394 3944 3580 4014 εὐχήν.
3619 3962 3637 3994 t
3661 3942 3842 4012 Ἐλεή-

2266 4065 2345 4100 σει
2398 4047 2507 4114 γὰρ
2558 4045 2762 4114 Κύριος
2793 4039 2873 4093 ἔτι
2907 4040 3005 4109 τὴν
3034 4035 3194 4103 Σιὼν,
3223 4038 3315 4090 καὶ
3360 4037 3594 4105 αίρετιεῖ
3634 4033 3713 4087 ἔτι
3743 4034 3842 4105 τὴν

2276 4135 2584 4207 ἰερουσαλή
2593 4152 2652 4203 μ.
2687 4153 2705 4184 ι

2335 4228 2526 4297 Ἀθρει
2574 4224 2629 4278 δὲ
2666 4225 2813 4286 ὅπως
2843 4222 3112 4293 εὐτέχνως
3142 4223 3274 4292 ἡμῖν
3305 4223 3333 4274 ὁ
3364 4221 3464 4289 τῆς
3503 4217 3839 4289 προφητείας

2260 4322 2477 4393 πρόεισι
2509 4318 2684 4385 λόγος.
2721 4316 2795 4368 Οὐ
2825 4314 2933 4386 γὰρ
2963 4316 3043 4378 είς
3076 4313 3220 4367 ἆπαν
3248 4310 3417 4381 αὐτὴν
3447 4309 3687 4380 ἐλεήσειν
3713 4322 3841 4359 κατ-

2260 4411 2679 4481 επαγγέλλεται,
2712 4406 2835 4460 οὔτε
2872 4405 2976 4477 μὴν
3008 4406 3084 4468 είς
3120 4404 3296 4457 πάντα
3330 4401 3521 4473 χρόνον
3546 4398 3835 4470 αἱρετιεῐνθ

585 4501 905 4557 eiecturum,
929 4494 1021 4548 sed
1054 4494 1254 4557 adhuc,
1276 4492 1468 4563 inquit,
1503 4494 1742 4549 leuitatis
1774 4494 1941 4548 veluti
1998 4504 2142 4548 certa

2268 4505 2394 4566 ιλλά
2421 4504 2500 4568 τὸ,
2521 4502 2623 4568 ἔτι,
2641 4501 2794 4571 φησὶ,
2825 4494 3443 4570 μεμετρημένονιῶσπερ
3468 4492 3560 4546 τδν
3579 4491 3678 4562 τῆς
3702 4490 3838 4580 ήμεέ

586 4600 839 4639 meusura
865 4584 1142 4639 deﬁnitum
1190 4595 1400 4652 tempus
1456 4586 1795 4653 promittens.
1840 4586 1967 4639 Erat
2006 4586 2148 4639 enim

585 4683 709 4743 post
743 4677 857 4731 hate
878 4677 1176 4732 atrociores
1223 4677 1468 4731 subitura
1528 4676 1883 4739 calamitates,
1938 4685 2155 4745 prapter

587 4767 765 4823 illatas
815 4768 1032 4824 Christo
1067 4769 1421 4824 contumelias
1468 4768 1843 4823 condemnata.
1884 4768 2150 4833 Quocirca

588 4859 716 4915 illud
752 4860 928 4916 adhuc
974 4862 1126 4932 quasi
1179 4861 1480 4916 dimensum
1536 4860 1881 4929 benignitatis
1944 4871 2153 4928 tempus

590 4952 860 5017 declarat,
886 4968 1005 5007 cum
1044 4953 1464 5007 connniuatioue
1506 4951 1712 5004 occulta
1750 4951 1848 5020 ipsi
1872 4961 2154 5007 eventuru-

587 5060 729 5109 rum,
772 5047 858 5099 ubi
888 5044 1131 5100 Cbrisms
1155 5044 1401 5098 Salvator
1426 5052 1607 5098 noster
1642 5044 1935 5098 advenerit.

660 5224 821 5277 Vsus.
860 5219 1073 5275 18-21.
1115 5219 1176 5272 Et
1208 5219 1369 5273 levavi
1399 5218 1573 5272 oculos
1627 5236 1786 5284 meos,
1819 5230 1865 5272 et
1920 5220 2046 5283 vidi,
2101 5230 2153 5274 et

588 5332 702 5369 ecce
734 5322 961 5383 quatuor
975 5328 1193 5365 cornua.
1228 5311 1292 5364 Et
1319 5312 1432 5365 dixi
1481 5313 1550 5363 ad
1577 5312 1817 5380 angelum
1866 5314 1953 5381 qui
1977 5312 2155 5383 loque-

591 5409 743 5458 batur
774 5405 831 5458 in
857 5420 973 5459 me:
1001 5403 1140 5467 Quid
1164 5412 1284 5455 sunt
1318 5402 1448 5466 ha’c,
1492 5402 1706 5455 Domine
1732 5404 1757 5456 Ρ
1805 5401 1875 5456 Ει
1909 5404 2042 5457 dixit
2086 5403 2156 5456 ad

590 5510 713 5549 me:
745 5494 871 5549 Haec
904 5510 1122 5557 cornua,
1169 5508 1286 5559 qua:
1319 5495 1635 5561 dissiparant
1670 5495 1885 5559 ludam,
1906 5505 1954 5549 et
1990 5494 2159 5549 Israel

590 5594 636 5637 et
671 5583 983 5639 Jerusalem.
1017 5583 1081 5637 Et
1120 5585 1341 5639 ostendit
1375 5586 1500 5639 mihi
1546 5578 1799 5639 Dominus
1826 5596 2049 5656 quatuor
2076 5584 2156 5652 fa-

660 5771 704 5801 "
742 5767 939 5823 I‘Esdr.
974 5783 1009 5832 t,
1043 5766 1093 5821 6.
1172 5767 1214 5797 "
1246 5766 1437 5836 Ephes.
1466 5785 1526 5833 tt,
1559 5769 1649 5825 εξ.

2266 4602 2486 4673 ρότητος
2544 4593 2734 4665 χρόνον
2779 4591 3227 4660 ὑπισχνούμενος.
3258 4584 3491 4654 Ἔμελλε
3539 4582 3649 4653 γὰρ
3703 4579 3842 4652 μετά

2258 4692 2415 4745 τοῦτο
2446 4690 2558 4750 τοῖς
2588 4685 2670 4738 ἐτι
2696 4682 2935 4754 χείροσιν
2956 4680 3220 4733 ὲναλῶναι
3254 4677 3464 4738 κακοῖς,
3491 4674 3585 4726 ἐπὶ
3612 4674 3732 4735 ταῖς
3756 4673 3838 4733 είς

2260 4780 2492 4854 Χριστὸν
2546 4774 2853 4847 παροινίαις
2883 4769 3326 4839 κατεγνωσμένη.
3368 4766 3577 4821 Οὐκοῦν
3620 4765 3701 4830 τὸ,
3731 4764 3835 4822 ἔτι.

2264 4867 2681 4941 μεμετρημένον
2716 4864 2905 4934 ὥσπερ
2934 4862 3083 4934 δηλοῖ
3113 4860 3205 4915 τὸν
3241 4860 3338 4928 τῆς
3362 4857 3695 4929 ἡμερότητος
3714 4856 3839 4926 χρό-

2261 4978 2372 5023 νον,
2404 4957 2633 5027 ἀπειλὴν
2677 4956 2870 5025 ἔχοντα
2909 4953 3204 5023 ἀσυμφανῆ
3250 4950 3360 5003 τῶν
3408 4948 3838 5021 συμϐησομένων

2263 5050 2401 5117 αὐτῇ
2436 5046 2579 5100 κατά
2609 5044 2733 5107 τοὺς
2766 5043 2989 5113 καιροὺς
3025 5042 3125 5110 τῆς
3148 5038 3241 5092 τοῦ
3264 5038 3515 5109 Σωτῆρος
3537 5039 3570 5107 ἡ
3580 5036 3694 5107 μῶν
3720 5038 3840 5090 ἐπι-

2265 5139 2327 5206 δη
2338 5137 2488 5206 μίας.

2296 5156 2581 5295 ηιιὲιῗῗῖρα
2614 5224 2756 5291 τοὺς
2808 5221 3161 5293 ὀφθαλμούς
3200 5237 3340 5290 μου,
3370 5220 3467 5275 καὶ
3517 5215 3701 5278 εἶδον,
3736 5216 3837 5270 καὶ

2262 5318 2391 5373 ὶὸοὺ
2417 5317 2685 5382 τέσσαρα
2708 5313 2943 5381 κέρατα.
2972 5312 3083 5366 Kal
3110 5308 3249 5365 εἶπα
3276 5311 3427 5380 πρὸς
3454 5311 3559 5365 τὸν
3577 5308 3835 5378 ἄγγελον

2259 5410 2367 5463 τὸν
2414 5407 2724 5463 λαλοῦντα
2769 5406 2838 5459 ὲν
2880 5404 3045 5473 ἐμοι·
3092 5405 3153 5458 Τί
3199 5403 3328 5457 ἐστι
3374 5402 3579 5463 ταῦτα,
3618 5400 3837 5467 Ktipts;

2260 5499 2369 5554 Kal
2397 5495 2526 5553 εἷπε
2559 5498 2705 5565 πρός
2732 5513 2808 5566 με
2827 5514 2839 5528 ⁸
2873 5495 3071 5551 Ταῦτα·
3092 5497 3165 5551 τὰ
3191 5494 3427 5564 κέρατα,
3455 5493 3527 5547 τὰ
3554 5491 3831 5557 διασκορ-

2262 5590 2523 5643 πίσαντα
2573 5589 2678 5643 τὸν
2718 5589 2961 5655 Ἰούδαν,
2988 5589 3083 5641 καὶ
3135 5588 3240 5644 τὸν
3282 5584 3545 5654 Ἰσραὴλ,
3600 5582 3695 5638 καὶ
3737 5579 3836 5635 ἰε-
