4120 6562
297 447 366 504 2':
640 398 645 403 ‘
1109 436 1654 497 COMMEN.ARIUS
1692 435 1758 491 IN
1802 437 2199 497 ZACHARIAM
2239 443 2671 505 PROPHETAM.
3468 455 3537 508 50

298 566 633 636 ρουσαλήμ.
667 564 772 619 Καὶ
816 562 1007 627 ἔδειξε
1036 562 1249 628 Κύριός
1290 576 1391 629 μοι
1436 560 1739 627 τέσσαρας
1770 558 1849 613 τέ-

1965 564 2104 627 bras,
2138 575 2184 618 et
2222 564 2380 619 dixi:
2436 566 2575 632 Quid
2614 569 2700 622 isti
2748 569 2954 623 veniunt
3013 574 3181 638 facere
3204 572 3229 624 ?
3259 571 3320 624 Et
3357 573 3531 627 dixit:

299 676 536 724 κτονας,
579 656 675 710 καὶ
728 651 899 709 εἶπα·
948 655 1008 708 Τί
1048 649 1213 708 οὗτοι
1253 652 1530 721 ἔρχονται
1575 649 1864 718 ποιῆσαι;

299 750 406 805 Καὶ
431 745 560 802 εἷπε
581 763 596 778 ο
644 746 835 800 Ταῦτα
871 746 943 799 τὰ
976 743 1193 812 κέρατα
1233 741 1306 795 τὰ
1346 741 1865 808 διασκορπίσαντα

296 837 404 891 τὸν
442 834 683 893 Ἰούδαν.
713 833 812 887 καί
852 834 962 887 τὸν
999 831 1243 899 Ἰσραὴλ
1284 831 1602 894 κατέαξαν,
1637 830 1733 884 καί
1762 832 1865 885 οὐ·

293 929 419 993 δεὶς
462 926 661 981 αὐτῶν
696 922 804 994 ἦρε
844 923 1134 994 κεφαλήν.
1165 922 1273 977 Kal
1294 921 1669 988 είσήλθοσαν
1700 916 1864 977 οὗτοι

293 1021 399 1075 τοῦ
440 1020 649 1085 όξῦναι
685 1018 835 1072 αὐτὰ
879 1020 967 1082 είς
1003 1016 1204 1085 χεῖρας
1235 1013 1453 1068 αὐτῶν.
1494 1013 1569 1069 Τὰ
1597 1013 1865 1081 τέσσαρα

292 1109 510 1178 κέρατα
542 1110 614 1165 τὰ
640 1109 805 1176 ἔθνη.
835 1109 906 1163 τὰ
932 1106 1382 1179 ἐπαιρο[ὐ]μενα
1421 1106 1597 1175 κέρας
1624 1107 1718 1161 ἐπὶ
1750 1107 1865 1176 τὴν

292 1198 411 1268 γῆν
437 1199 542 1253 τοῦ
566 1201 808 1266 Κυρίου,
830 1199 938 1253 τοῦ
971 1199 1397 1265 διασκορπίσαι
1427 1198 1639 1264 αὐτήν.

362 1292 415 1344 l'.
460 1290 577 1359 Ἐφ’
608 1291 800 1361 ἑτέραν
847 1292 1036 1361 ὅρασιν
1083 1292 1110 1343 6
1156 1292 1439 1360 προφήτης
1484 1289 1723 1360 ἔρχεται,
1771 1290 1863 1343 καὶ

290 1383 389 1435 οὐκ
418 1383 498 1445 εἰς
533 1383 773 1454 μακρὰν,
810 1382 897 1435 ἵνα
947 1383 1020 1452 μὴ
1062 1382 1204 1452 λόγῳ
1243 1381 1387 1451 μόνῳ
1435 1381 1739 1435 παιδεύοιτο
1793 1382 1862 1436 τὰ

290 1474 522 1542 δσόμενα
543 1486 556 1501 ⁸
580 1472 711 1526 ἀλλὰ
740 1473 834 1525 καὶ
856 1472 1036 1525 αὐτῶν
1064 1472 1171 1526 τῶν
1202 1472 1629 1542 συμϐησομένων
1652 1476 1708 1527 ὲν
1733 1474 1863 1528 θεω-

294 1565 436 1635 ρίαις
487 1565 793 1635 γενόμενος,
826 1563 1039 1627 λεπτῶς
1084 1581 1141 1616 τε
1174 1564 1267 1617 καὶ
1300 1564 1542 1633 ἀκριϐῶς
1575 1565 1740 1635 εἰδείη
1793 1566 1861 1619 τὰ

290 1655 682 1725 σημαινόμενα.
715 1655 810 1717 Τίς
835 1651 926 1708 οὖν
960 1656 1065 1724 ἄρα
1093 1655 1241 1707 ἐστὶν
1272 1655 1298 1705 6
1326 1657 1422 1724 τῆς
1452 1655 1693 1723 ὁράσεως
1713 1655 1855 1719 νοῦς,

288 1749 364 1811 ὡς
398 1748 463 1801 ἂν
508 1741 617 1810 οἷός
644 1763 701 1799 τε
732 1739 794 1805 ὧ,
826 1745 1051 1799 διειπεῖν
1079 1745 1436 1815 πειράσομαι.
1469 1744 1541 1797 Τὸ
1570 1744 1740 1815 κέρας
1773 1745 1859 1797 ἀεὶ

289 1838 439 1909 παρὰ
483 1840 548 1908 τῇ
597 1835 937 1908 θεοπνεύστῳ
975 1837 1164 1908 Γραφῇ
1192 1837 1526 1908 λαμϐάνεται
1557 1837 1655 1906 μὲν
1679 1839 1759 1900 εἰς
1782 1839 1858 1890 εἱ-

286 1929 439 1992 κὸνα,
475 1930 569 1981 καὶ
597 1926 941 1980 ὑποτύπωσιν
972 1927 1171 1996 ἰσχύος,
1204 1928 1369 1997 ἤγουν
1399 1927 1699 1997 βασιλείας.
1745 1930 1856 1982 Κα-

283 2017 610 2089 τασημαίνει
634 2017 689 2071 δὲ
711 2018 1022 2081 πλειστάκις
1051 2020 1145 2070 καὶ
1171 2018 1489 2089 ὑπεροψίαν,
1517 2019 1591 2082 ὼς
1614 2019 1671 2073 ἐν
1696 2037 1759 2088 γε
1778 2020 1855 2090 τῷ

284 2110 451 2175 φάναι
479 2110 590 2164 τισὶ
635 2110 725 2163 τὸν
774 2110 1043 2181 μακάριον
1072 2108 1261 2162 Δαϐίδ·
1303 2126 1322 2160 ι
1354 2106 1497 2163 Εῖπα
1528 2113 1639 2173 τοῖς
1675 2128 1853 2181 παρα-

280 2200 539 2272 νομοῦσι⁶
593 2200 684 2270 Μὴ
735 2205 1118 2272 παρανομεῖτε·
1150 2203 1242 2256 καὶ
1289 2204 1402 2265 τοῖς
1442 2202 1849 2271 ἁμαρτάνουσι·

278 2292 374 2363 Μὴ
406 2290 603 2360 ὑψοῦτε
628 2290 849 2360 κέρας.»
873 2291 1081 2344 Ψάλλει
1100 2291 1156 2344 δέ
1180 2308 1281 2344 που
1311 2292 1403 2344 καὶ
1430 2292 1557 2362 περλ⁵
1585 2290 1849 2361 Χριστοῦ·

283 2404 304 2436 α
340 2385 414 2439 Τδ
458 2384 624 2454 κέρας
663 2382 826 2437 αὐτοῦ
862 2382 1206 2453 ὑψωθήσεται
1236 2385 1293 2436 ὲν
1321 2383 1474 2453 δόξῃ,
1508 2403 1527 2434 ι
1577 2383 1854 2437 τουτέστιν

272 2479 307 2545 ἡ
345 2474 613 2545 βασιλεία,
645 2476 739 2528 καὶ¹
776 2475 809 2545 ἡ
841 2474 932 2527 τοῦ
966 2475 1259 2544 κατάρχειν
1295 2473 1401 2527 τῶν
1446 2474 1580 2528 ὅλων
1614 2473 1765 2544 ἰσχύς
1796 2490 1854 2527 τε

272 2566 372 2619 καὶ
420 2564 655 2629 ἐξουσία.
691 2566 823 2636 Ὁρᾷ
869 2565 1156 2635 τοιγαροῦν
1206 2568 1233 2617 6
1290 2566 1574 2636 προφήτης
1614 2566 1853 2635 τέσσαρα

272 2658 506 2729 κέρατα,
535 2656 807 2710 τουτέστιν
832 2656 959 2725 ἔθνη
999 2656 1259 2725 τέσσαρα,
1289 2655 1499 2725 σκληρά
1526 2673 1583 2708 τε
1630 2655 1725 2708 καὶ
1756 2656 1851 2709 ἀλ-

270 2748 582 2818 κιμώτατα,
629 2748 812 2811 πόλεις
852 2763 911 2799 τε
959 2745 1095 2816 ὁμοῦ
1136 2746 1230 2797 καὶ
1280 2743 1462 2813 χώρας
1510 2742 1851 2815 ὲκκεραῖξειν

269 2840 513 2903 εὐκόλως
561 2839 852 2905 δυνάμενα.
890 2838 998 2890 Καὶ
1042 2836 1093 2889 οἱ
1153 2837 1251 2902 μὲν
1304 2832 1444 2896 εἶναι
1488 2834 1662 2888 ταῦτά
1694 2851 1846 2903 φασι,

269 2934 370 3003 τήν
415 2947 473 2986 τε
500 2930 800 3000 Ἀσσυρίων
850 2928 1145 2998 βασιλείαν,
1180 2925 1271 2979 καὶ
1319 2925 1501 2997 μέντοι
1547 2925 1685 2999 πρὸς
1722 2924 1850 2996 τῇδε

266 3023 368 3091 τὴν
415 3020 524 3073 τῶν
571 3019 945 3084 Βαϐυλωνίων,
996 3018 1089 3071 καὶ
1128 3016 1320 3086 τρίτην
1363 3016 1461 3085 τὴν
1499 3014 1845 3072 Μακεδόνων.

282 3111 553 3181 Ἀντίοχος
576 3110 685 3180 γάρ
729 3111 757 3161 6
800 3106 1029 3177 ἐπίκλην
1058 3107 1378 3177 Ἐπιφανὴς,
1414 3107 1478 3160 ἐκ
1507 3107 1848 3169 Μακεδονίας

1969 653 2095 710 llaec
2151 674 2344 711 cornua
2379 674 2494 727 qua:
2535 660 2856 729 dissiparant
2900 660 3117 722 ludam.
3146 670 3195 715 et
3221 661 3534 717 Israelcon-

1965 745 2250 815 fregerunt,
2286 756 2336 801 et
2384 749 2560 803 nullus
2584 766 2761 805 eorum
2790 750 2973 806 levavit
3033 760 3209 822 caput.
3244 751 3311 806 Et
3343 759 3533 822 egressi

1965 845 2087 889 sunt
2150 835 2237 890 isti
2286 848 2342 891 ut
2393 852 2630 893 acuerent
2665 857 2725 894 ea
2764 842 2818 894 in
2864 858 3047 895 manus
3078 842 3531 909 eorum.Qualuor

1964 942 2161 981 cornua
2194 938 2367 999 gentes
2391 943 2530 993 sunt,
2559 932 2813 987 elevautes
2840 950 3001 988 cornu
3024 950 3180 1004 super
3205 946 3397 991 terram
3432 937 3526 991 Do-

1967 1018 2117 1084 mini,
2161 1028 2217 1071 ut
2249 1020 2497 1089 dissipent
2523 1039 2661 1077 eam.

2035 1288 2101 1344 Χ.
2126 1289 2205 1344 Ad
2237 1290 2391 1343 aliam
2425 1292 2682 1346 visionem
2710 1294 2965 1363 propheta
3003 1295 3173 1362 venit,
3214 1309 3311 1350 nec
3365 1294 3531 1351 multo

1964 1389 2101 1450 post,
2134 1392 2189 1433 ut
2220 1396 2322 1435 non
2353 1382 2467 1436 solo
2497 1382 2659 1437 verbo
2690 1399 2809 1453 qua:
2834 1382 3013 1438 futura
3060 1394 3185 1439 sunt
3226 1383 3483 1440 doceatur
3514 1426 3529 1450 ,

1962 1472 2054 1526 sed
2087 1487 2210 1525 cum
2264 1484 2520 1527 eventura
2564 1476 2725 1529 etiam
2764 1476 2976 1540 viderit,
3012 1476 3279 1530 subtiliter
3313 1486 3366 1530 et
3405 1493 3528 1546 per-

1963 1563 2100 1619 lecte
2133 1579 2251 1633 quae
2283 1566 2660 1634 signiﬁcantur
2706 1566 2981 1636 intelligat.
3037 1565 3188 1632 Quod
3249 1567 3410 1636 igitur
3463 1567 3530 1621 sit

1961 1654 2120 1723 hujus
2147 1656 2369 1712 visionis
2421 1666 2820 1726 argumentum,
2869 1668 3123 1726 quantum
3156 1658 3209 1710 in
3273 1672 3357 1711 me
3400 1658 3525 1721 erit,

1959 1746 2235 1801 declarare
2281 1748 2535 1801 conabor.
2592 1746 2770 1800 Cornu
2820 1747 2870 1799 in
2921 1748 3118 1802 divinis
3155 1746 3375 1801 Litteris
3434 1761 3529 1816 pro

1960 1836 2188 1902 imagine
2216 1836 2442 1903 quadam
2488 1845 2541 1891 ot
2573 1837 3046 1904 repraesentatione
3112 1838 3361 1905 potentiae
3414 1837 3530 1892 sive

1962 1928 2106 1992 regni
2134 1928 2380 1980 sumitur.
2408 1927 2561 1997 Smpe
2590 1928 2715 1981 item
2751 1928 3014 1996 superbia:
3040 1929 3310 1981 notionem
3345 1927 3525 1991 habet,

1959 2029 2014 2070 ut
2043 2033 2162 2071 cum
2190 2017 2321 2072 dicit
2347 2019 2536 2073 beatus
2564 2019 2728 2071 David
2762 2035 2774 2071 :
2817 2036 2835 2069 ι
2875 2019 2991 2072 Dixi
3052 2018 3249 2086 iniquis
3302 2037 3315 2073 :
3352 2017 3525 2073 Nolite

1958 2109 2137 2179 inique
2188 2125 2384 2180 agere,
2437 2118 2490 2167 et
2536 2110 2967 2180 delinquentibus
3012 2125 3028 2165 :
3070 2109 3243 2165 Nolite
3291 2111 3530 2166 exaltare

1956 2215 2124 2255 cornu
2166 2200 2264 2256 ³⁸.»
2292 2201 2356 2255 Ει
2384 2200 2576 2254 alicubi
2604 2200 2671 2254 de
2693 2200 2913 2254 Christo
2951 2200 3166 2268 psallit:
3202 2200 3377 2255 Cornu
3411 2199 3529 2269 ejus

1956 2291 2285 2346 exaltabitur
2317 2292 2369 2346 in
2398 2292 2562 2362 gloria
2600 2294 2666 2357 ",
2699 2311 2718 2343 ›
2755 2292 2805 2346 id
2842 2302 2926 2346 est.
2969 2307 3223 2359 regnum,
3284 2292 3529 2360 viresque

1956 2390 2009 2435 et
2035 2390 2293 2451 potestas,
2324 2398 2426 2449 qua
2468 2384 2695 2451 imperet
2737 2382 3004 2436 omnibus.
3043 2380 3197 2435 Videt
3220 2382 3380 2450 igitur
3402 2395 3527 2449 pro-

1956 2471 2116 2539 pheta
2147 2486 2347 2526 cornua
2387 2481 2635 2540 quatuor,
2670 2471 2769 2526 boc
2798 2479 2881 2526 est
2901 2480 3128 2541 quatuor
3160 2480 3345 2540 gentes
3365 2483 3524 2538 aspe-

1959 2573 2051 2613 ras
2093 2568 2145 2612 et
2174 2558 2493 2614 fortissimas
2523 2564 2579 2614 et
2599 2576 2719 2629 qua:
2757 2562 2915 2615 urbes
2945 2570 3105 2631 atque
3141 2562 3380 2630 regiones
3405 2570 3525 2615 tan-

1954 2664 2114 2717 quam
2148 2649 2681 2719 cornibusimpetere
2725 2652 3097 2720 dissipareque
3128 2650 3282 2705 facile
3303 2661 3523 2720 queant.

1953 2739 2063 2795 Has
2099 2742 2311 2808 quidem
2343 2742 2527 2795 volunt
2557 2757 2678 2797 esse
2712 2757 2931 2812 regnum
2976 2743 3343 2813 Assyriorum,
3394 2742 3526 2797 alte-

1952 2846 2074 2885 rum
2096 2830 2530 2901 Babyloniorum,
2565 2832 2783 2886 tertium
2830 2831 3203 2887 Macedonum.
3229 2835 3526 2889 Antiochus

1950 2922 2095 2977 enim
2118 2932 2475 2991 cognomento
2502 2923 2729 2977 illustris
2748 2932 2801 2977 et
2829 2922 3050 2978 Macedo
3079 2922 3315 2977 Judazam
3349 2937 3526 2980 vaSIa-

1951 3014 2023 3067 vit
2085 3011 2219 3068 Huic
2250 3013 2613 3068 Romanorum
2651 3026 3034 3077 annumerant,
3059 3016 3149 3084 qui
3180 3026 3299 3085 post
3334 3014 3523 3070 Salva-

1953 3115 2121 3160 torem
2156 3105 2208 3159 in
2233 3120 2396 3160 cruce
2431 3114 2723 3172 mortuum,
2743 3107 2792 3161 vi
2821 3113 2875 3160 et
2899 3107 3063 3161 armis
3098 3106 3522 3179 Hierosolymam

266 3202 365 3266 ὢν,
404 3201 722 3271 πεπόρθηκε
750 3199 847 3271 τὴν
869 3198 1150 3252 Ἰουδαίαν.
1170 3196 1563 3269 Ἐπαριθμοῦσι
1588 3198 1645 3250 δὲ
1673 3198 1844 3269 ταύτῃ

1952 3206 2343 3266 expugnarunt.
2385 3195 2649 3263 Quoniam
2708 3214 2835 3255 vero
2874 3200 3086 3254 divinus
3134 3200 3355 3268 angelus
3398 3216 3525 3269 pro-

270 3293 365 3345 mi.
396 3293 497 3365 τὴν
523 3292 827 3361 Ῥωμαίων,
852 3290 886 3360 ἥ
917 3290 1052 3360 μετὰ
1085 3289 1171 3341 τὸν
1202 3288 1298 3341 τοῦ
1322 3288 1574 3359 Σωτῆρος
1617 3290 1845 3359 σταυρὸν

268 3381 378 3437 εἷλε
409 3384 480 3437 τὰ
513 3383 857 3453 Ἰεροσόλυμα
886 3381 1248 3447 κατακράτος.
1268 3379 1484 3449 Ἐπειδὴ
1529 3381 1583 3433 δὲ
1617 3380 1843 3451 διερμη-

269 3475 441 3530 νεύων
469 3474 547 3546 τῷ
586 3475 836 3546 προφήτῃ
882 3471 981 3543 τὴν
1024 3472 1209 3542 ὅρασιν
1236 3472 1264 3522 6
1288 3469 1571 3534 Θεσπέσιος
1597 3471 1843 3541 ἄγγελος,

268 3569 437 3637 ἐξησε
476 3565 603 3636 περὶ
631 3565 739 3618 τῶν
768 3566 1036 3635 κεράτων,
1076 3565 1157 3617 ὅτι
1190 3582 1208 3614 ι
1240 3561 1425 3617 Ταῦτα
1457 3564 1523 3616 τὰ
1549 3564 1753 3635 κέρατα
1778 3565 1848 3618 τὰ

266 3656 732 3728 διασκορπίσαντα
779 3656 867 3709 τὸν
897 3654 1117 3718 Ἰούδαν,
1153 3656 1246 3708 καὶ
1274 3656 1365 3708 τὸν
1406 3655 1619 3725 Ἰσραὴλ
1645 3656 1845 3709 κατέα-

270 3749 387 3811 ξαν,
409 3767 427 3799 ι
450 3748 746 3813 ἀναγκαῖον
772 3743 923 3815 οἶμαι
955 3747 1049 3800 καὶ
1073 3746 1189 3812 νῦν,
1228 3748 1409 3798 ἐκεῖνα
1438 3747 1733 3817 παρέντας,
1758 3747 1845 3799 ἐπ’

268 3838 396 3906 [θνη
452 3835 652 3906 μᾶλλον
695 3835 866 3887 ἐλθεῖν
915 3836 983 3888 τὰ
1031 3836 1421 3905 συντετριφότα
1471 3837 1563 3888 τὸν
1603 3837 1843 3908 Ἰσραήλ.

267 3928 545 3996 Τέσσαρες
595 3927 659 3997 δὴ
697 3922 791 3980 οὖν
823 3927 1107 3995 γεγόνασιν
1133 3927 1319 3997 ἀρχαὶ,
1352 3928 1417 3980 δι’
1450 3921 1524 3981 ὧν
1551 3929 1708 3982 τοῦτο
1740 3948 1845 3982 πα-

267 4017 467 4072 θοῦσαν
523 4016 623 4088 τὴν
668 4017 926 4071 Ἰουδαίαν
979 4019 1305 4087 εὑρήσομεν.
1334 4017 1537 4077 Φούλας
1588 4018 1684 4088 μὲν
1736 4021 1844 4091 γὰρ

268 4108 483 4179 πρῶτος
518 4109 617 4171 τὰς
654 4108 929 4169 ἐπέκεινα,
960 4108 1035 4171 ὡς
1060 4108 1214 4177 ἔφην,
1242 4108 1350 4161 τῶν
1380 4109 1644 4179 Ἰορδάνου
1667 4111 1845 4179 ναμά-

266 4217 374 4254 των
421 4194 534 4253 εἷλε
583 4199 773 4268 φυλάς.
804 4193 935 4251 Εἶτα
989 4201 1105 4268 μετ’
1135 4200 1339 4252 ἐκεῖνον
1380 4200 1409 4251 6
1452 4199 1843 4269 Σαλμανασὰρ,

267 4292 361 4345 καὶ
397 4292 582 4362 τρίτος
613 4291 972 4361 Σεναχηρεὶμ,
993 4292 1087 4342 καὶ
1114 4289 1424 4353 τελευταῖος
1462 4292 1578 4360 μετ’
1603 4291 1845 4356 ἐκείνους

266 4387 294 4434 6
340 4380 847 4452 Ναϐουχοδονόσωρ.
886 4381 1095 4435 Οὐκοῦν
1143 4382 1471 4452 οἰκειότερον
1519 4383 1734 4453 νοηθείη
1781 4383 1846 4437 ἂν

1946 3289 2122 3356 pheta:
2167 3288 2339 3343 visum
2373 3290 2733 3354 interpretans
2769 3288 2836 3344 de
2882 3290 3139 3345 cornibus
3164 3290 3321 3353 dixit,
3358 3288 3521 3361 665

1953 3396 1971 3429 ι
2003 3380 2214 3432 Cornua
2252 3380 2349 3433 ista
2389 3394 2508 3447 quae
2540 3378 2732 3433 ludant
2774 3380 3110 3448 dissipariut,
3156 3380 3317 3435 etiam
3349 3378 3524 3435 Israe-

1949 3470 2049 3525 leut
2082 3470 2433 3540 confregisse,
2460 3488 2478 3521 ο
2521 3480 2772 3539 oportere
2801 3479 2929 3539 puto
2960 3486 3102 3526 nunc
3133 3471 3236 3524 illis
3294 3471 3519 3536 relictis,

1948 3562 2132 3616 venire
2155 3562 2331 3630 potius
2361 3560 2425 3614 ad
2458 3572 2668 3630 gentes,
2694 3576 2813 3626 quae
2842 3560 3098 3615 Israelem
3126 3562 3518 3619 contriverunt.

1948 3653 2083 3706 Sunt
2115 3653 2277 3721 igitur
2302 3662 2532 3722 quatuor
2563 3653 2915 3722 principatus,
2954 3669 3050 3723 per
3072 3669 3208 3724 quos
3231 3653 3345 3708 haec
3390 3667 3518 3721 pas-

1948 3758 2060 3796 sam
2092 3742 2329 3797 Judaram
2385 3755 2618 3799 constat.
2677 3743 2875 3798 Phulas
2918 3744 3061 3799 enim
3127 3746 3333 3813 primus
3385 3745 3520 3800 duas

1949 3833 2121 3888 tribus
2145 3843 2294 3889 trans
2325 3834 2522 3890 ﬂuenta
2579 3835 2831 3890 Jordanis
2881 3836 3176 3890 dormiit".
3211 3836 3336 3892 Post
3395 3852 3519 3891 eum

1947 3923 2293 3981 Salmauasar
2318 3927 2384 3991 ³⁷,
2420 3925 2612 3980 tertius
2664 3926 2993 3981 Senacherib
3019 3927 3085 3993 ",
3116 3936 3168 3981 et
3218 3934 3520 3995 postremus

1945 4018 2441 4074 Nabuchodonosor
2464 4018 2530 4072 ”.
2558 4021 2737 4085 Quare
2762 4020 2930 4088 magis
2968 4019 3183 4088 proprie
3209 4018 3275 4073 de
3304 4018 3410 4072 illis
3427 4032 3519 4072 ac-

1946 4111 2194 4179 cipiatur,
2231 4109 2344 4162 haec
2376 4110 2586 4164 scilicet
2624 4124 2746 4163 esse
2771 4118 3005 4177 quatuor
3033 4122 3257 4171 cornua,
3283 4122 3405 4177 qua:
3426 4106 3520 4162 Ju-

1946 4201 2069 4255 dam
2112 4210 2165 4253 et
2200 4198 2449 4253 lsraelem
2491 4199 2823 4269 dissiparim.
2862 4199 3061 4254 Deinde
3111 4198 3219 4252 Deo
3250 4198 3518 4266 prophetae

1945 4292 2211 4346 visionem
2251 4299 2592 4343 monstrante
2627 4300 2683 4343 et
2723 4288 3053 4356 explicante,
3100 4298 3329 4358 quatuor
3381 4287 3518 4342 fabri

1946 4389 2228 4451 apparent.
2254 4378 2457 4445 Qumrit
2482 4396 2718 4446 rursum,
2747 4397 2875 4449 quo,
2909 4392 2962 4435 et
2994 4397 3098 4450 qua
3136 4383 3201 4437 de
3228 4396 3390 4436 causa
3425 4397 3520 4435 ve-

266 4474 351 4527 ὶπ⁹
380 4473 585 4537 αὐτῶν,
617 4474 698 4526 ὅτι
744 4472 917 4527 ταῦτά
956 4475 1072 4526 ἐστι
1117 4473 1186 4526 τὰ
1225 4473 1465 4545 τέσσαρα
1522 4475 1728 4545 κέρατα
1776 4476 1844 4530 τὰ

1952 4472 2136 4538 aiant;
2175 4471 2465 4539 respondet
2505 4471 2727 4538 angelus
2759 4474 2811 4526 in
2846 4475 2962 4539 ipso
2992 4473 3238 4543 loquens,
3289 4483 3520 4543 quatuor

267 4566 726 4638 διασκορπίσαντα
773 4565 862 4619 τὸν
901 4566 1103 4620 Ἰούδαν
1148 4566 1243 4620 καὶ
1287 4540 1660 4638 τὸν-Ἰσραήλ.
1709 4563 1843 4622 Εἶτα

1952 4579 2148 4618 cornua
2193 4578 2312 4631 qua:
2354 4562 2713 4618 contriveriut
2761 4575 2817 4619 et
2841 4540 3151 4634 dissiparim
3204 4540 3422 4633 Iudam,
3466 4576 3521 4621 et

268 4656 400 4710 Θεοῦ
445 4657 923 4719 καταδεικνύοντός
950 4673 1009 4709 τε
1059 4658 1153 4709 καὶ
1196 4657 1579 4728 ἀνευρύνοντος
1603 4656 1681 4728 τῷ
1712 4676 1841 4731 προ-

271 4747 408 4816 φήτῃ
438 4746 536 4817 τὴν
562 4747 771 4817 ὅρασιν,
802 4745 1062 4815 τέσσαρες
1091 4746 1321 4817 ὁρῶνται
1366 4747 1843 4819 τέκτονες.Ἧρετο

269 4837 323 4889 δὲ
355 4837 535 4900 πάλιν,
571 4839 695 4891 ὅποι
728 4854 785 4890 τε
814 4838 906 4890 καὶ
929 4839 1009 4905 ἐφ’
1031 4842 1137 4907 ὅτῳ
1161 4838 1496 4908 βαδίζουσιν·
1528 4837 1648 4894 εἶτά
1677 4859 1838 4910 φησιν

270 4930 296 4978 6
331 4927 501 4981 λαλῶν
532 4927 763 4995 ἄγγελος
794 4930 851 4979 ὲν
882 4927 1049 4998 αὐτῷ,
1076 4930 1155 4981 ὅτι
1185 4929 1252 4982 τὰ
1276 4930 1518 5000 τέσσαρα
1544 4932 1749 5002 κέρατα
1771 4935 1838 4986 τὰ

274 5021 654 5089 συντετριφότα
689 5036 746 5071 τε
779 5020 872 5072 καλ⁸
900 5020 1358 5088 διασκορπίσαντα
1389 5023 1478 5075 τὸν
1510 5024 1712 5077 Ἰούδαν
1746 5026 1840 5078 καὶ

272 5105 359 5156 τὸν
388 5106 623 5178 Ἰσραὴλ,
660 5108 907 5177 εἰσῆλθον
951 5108 1180 5172 ὀξῦνιιι.
1227 5111 1290 5162 Τί
1336 5107 1428 5163 οὖν
1473 5113 1703 5183 ἐροῦμεν
1747 5116 1839 5168 καὶ

270 5195 354 5247 διὰ
399 5196 587 5251 τούτου
638 5199 799 5253 πάλιν
846 5200 1353 5270 ὑποσημαίνεσθαι;
1383 5197 1529 5275 Ἀρα
1560 5204 1669 5275 γὰρ
1697 5224 1835 5278 παρ-

273 5284 528 5348 ωξύνοντο
572 5291 714 5343 κατὰ
755 5290 847 5343 τοῦ
872 5291 1108 5355 Ἰσραὴλ,
1150 5293 1199 5344 oi
1252 5294 1351 5364 ἤδη
1406 5295 1835 5367 πεπορθηκότες,

275 5377 363 5428 καὶ
387 5378 754 5452 ἀγριωτέρους
784 5383 1033 5435 ἀπετέλει
1069 5384 1198 5447 θεὸς
1224 5385 1349 5447 τοὺς
1377 5384 1436 5450 ἐξ
1466 5388 1632 5456 ὀργῆς
1656 5389 1839 5452 αὐτοῖς

277 5466 755 5542 ἐπενηνεγμένουςς
797 5473 986 5526 Καίτοι
1038 5474 1285 5542 φαίνεται
1327 5474 1702 5547 διακεκραγὼς
1746 5481 1838 5533 καὶ

277 5555 467 5624 λέγων’
506 5563 828 5632 «Ἑζήλωκα
874 5564 968 5631 τὴν
1001 5563 1353 5635 Ἰερουσαλὴμ
1406 5567 1499 5619 καὶ
1546 5567 1643 5638 τὴν
1700 5569 1836 5625 Σιὼν

343 5754 386 5783 ³⁸
420 5754 556 5810 Psal.
586 5775 767 5823 ωικιν,
797 5762 850 5816 5.

280 5822 339 5874 l3
368 5838 511 5894 seqq.
543 5843 555 5891 ;
587 5828 626 5883 ll
658 5822 828 5886 Paral.
864 5845 1035 5899 xxx",
1072 5832 1096 5885 ί
1130 5822 1278 5901 seqq.

929 5762 973 5792 ”
1001 5760 1141 5833 Psal.
1174 5778 1285 5829 cxr,
1320 5763 1372 5819 9.
1450 5766 1496 5796 “
1526 5765 1543 5818 l
1578 5763 1751 5819 Paral.
1787 5780 1838 5830 ν,
1868 5765 1957 5828 ‘25,
1985 5765 2073 5818 26.
2149 5766 2194 5796 "
2224 5763 2285 5816 IV
2316 5762 2446 5833 Reg.
2480 5778 2610 5824 xvu,
2636 5762 2692 5833 Αἵ)
2744 5776 2893 5829 seqq.

1359 5833 1485 5888 "IV
1518 5833 1646 5903 Reg.
1685 5851 1828 5899 xxrv,
1868 5835 1886 5886 l
1921 5850 2093 5904 δρινκ
2126 5833 2165 5887 Il
2200 5833 2368 5886 Paral.
2405 5831 2589 5896 invi,
2623 5831 2654 5883 6
2685 5846 2834 5899 seqq.

1949 4652 2210 4707 Israelem
2234 4651 2506 4721 ingressos
2539 4667 2657 4707 esse
2688 4663 2744 4707 ut
2790 4664 3055 4713 uerterent.
3079 4654 3215 4721 Quid
3257 4655 3368 4723 jam
3417 4655 3519 4712 hoc

1950 4745 2054 4800 sibi
2085 4744 2216 4799 velle
2233 4743 2510 4801 dicemus?
2535 4745 2671 4800 Num
2688 4748 3096 4801 concitabantur
3115 4755 3304 4802 contra
3329 4747 3517 4810 lsrael,

1947 4838 2036 4905 qui
2081 4853 2198 4889 eum
2236 4838 2346 4903 jam
2388 4837 2817 4902 dcvastaverant,
2876 4847 2931 4892 et
2975 4854 3113 4908 quos
3152 4839 3320 4893 iratus
3349 4840 3519 4893 ineos

1949 4929 2244 4983 immiserat
2278 4929 2441 4994 Deus,
2470 4929 2567 4982 hos
2599 4928 2891 4983 ferociores
2920 4930 3153 4985 faciebat
3176 4932 3198 4985 i
3221 4932 3380 4999 Atqui
3404 4932 3516 4985 cla-

1947 5035 2063 5073 rum
2090 5029 2172 5074 est
2224 5021 2372 5073 illum
2423 5019 2657 5072 clamare
2712 5033 2775 5073 ac
2801 5019 3023 5075 dicere:
3062 5038 3079 5070 ι
3124 5020 3339 5075 Zelatus
3397 5036 3515 5074 sum

1943 5109 2238 5166 Jerusalem
2300 5120 2354 5164 et
2419 5110 2546 5162 Sion
2607 5108 2724 5162 zelo
2783 5124 3017 5175 magno,
3063 5120 3116 5163 et
3175 5110 3252 5163 ira
3320 5125 3514 5177 magna

1944 5203 2148 5257 irascor
2172 5216 2332 5270 super
2374 5209 2580 5271 gentes,
2610 5215 2730 5268 qua:
2764 5200 2919 5254 simul
2973 5201 3351 5255 incubuerunt.
3411 5196 3515 5250 Pro

1940 5310 2005 5349 eo
2034 5295 2177 5363 quod
2210 5309 2308 5362 ego
2340 5292 2556 5362 quidam
2598 5292 2767 5346 iratus
2807 5307 2922 5345 sum
2961 5293 3187 5355 modice,
3228 5292 3356 5359 ipsae
3383 5304 3512 5343 vero

1942 5386 2101 5440 simul
2132 5386 2491 5438 incubuerunt
2524 5370 2595 5437 in.
2618 5382 2754 5436 mala
2776 5382 2842 5435 ”.
2872 5401 2891 5435 ι
2920 5382 3019 5449 Qui
3048 5394 3224 5436 autem
3256 5394 3440 5448 parum
3457 5391 3513 5436 et

1943 5479 2149 5534 modice
2166 5486 2465 5541 succenset,
2482 5484 2536 5529 et
2562 5475 2675 5530 zelo
2694 5475 3032 5543 prosequitur
3051 5483 3365 5537 vastatores,
3386 5473 3510 5544 quia

1945 5571 1998 5626 in
2029 5578 2212 5639 captos
2239 5582 2397 5637 supra
2435 5582 2594 5636 quam
2623 5567 2724 5621 dici
2758 5575 2927 5635 potest
2958 5564 3257 5629 saevicriut,
3283 5578 3509 5633 quomo-

2971 5762 3014 5831 ’ἡ
3046 5759 3108 5814 IV
3155 5760 3283 5831 Reg.
3340 5774 3501 5829 xvm,

2914 5833 2955 5863 ³ο
2981 5830 3176 5886 Jerem.
3218 5830 3257 5896 ι,
3290 5831 3372 5896 Μ,
3410 5832 3499 5889 ιιι.
