4120 6538
568 419 630 472 ’51
1597 418 1655 471 S.
1698 416 1972 472 CYRILLI
2017 413 2486 469 ALEXANDRINI
2529 412 2846 466 ARCIIIEP.
3765 418 3834 472 32

567 533 638 588 do
661 543 850 586 contra
874 547 970 590 eos
1021 531 1138 588 acui
1170 545 1368 586 cornua
1395 529 1588 598 jubet?
1644 530 1828 598 Itaque
1887 539 2151 584 acuuntur

2256 526 2411 598 ζῆλον
2463 526 2655 595 μέγαν,
2692 526 2786 578 καὶ
2834 524 2992 594 θυμῷ
3046 526 3265 594 μεγάλῳ
3313 525 3603 597 ὀργίζομαι
3647 528 3740 581 ἐπὶ
3765 530 3833 584 τὰ

567 622 808 690 quidem,
846 640 950 680 non
983 634 1158 679 tamen
1184 633 1370 678 contra
1394 621 1690 684 lsrael,sed
1717 631 1907 674 contra
1949 629 2148 674 semet-

569 716 706 780 ipsa.
746 717 879 770 lnse
910 725 1095 769 mutuo
1146 729 1377 782 namque
1423 713 1848 773 insurrexerunt,
1901 713 2147 781 Assyrios

570 820 632 858 ac
665 805 982 875 Babylonios
1020 805 1194 860 Persa:
1215 804 1424 859 etMedi
1444 802 1582 856 bello
1601 803 1985 857 lacessiverunt
2005 801 2147 872 Cyro

573 907 851 962 regnante,
871 906 927 949 ut
955 912 1113 964 supra
1136 896 1334 950 dictum
1359 905 1463 952 est.
1488 896 1848 963 Quamobrem
1880 894 1982 948 nisi
2050 908 2143 947 ex-

571 992 725 1036 acuta
753 981 978 1038 fuissent
1018 1000 1240 1049 cornua,
1268 997 1320 1040 et
1347 985 1637 1054 expugnati
1689 983 1988 1054 Babylonii.
2042 997 2146 1034 non

571 1071 759 1127 fuisset
809 1072 1069 1127 servitute
1123 1075 1401 1129 absolutus
1463 1073 1647 1138 Israel,
1707 1091 1809 1127 non
1863 1082 2148 1140 exemptus

571 1163 798 1218 vinculis
824 1172 877 1217 et
909 1164 1123 1217 miseria
1154 1165 1502 1220 intolerabili.
1529 1165 1771 1230 Quatuor
1799 1163 1978 1230 itaque
2011 1161 2146 1213 fabri

572 1268 772 1307 cornua
809 1265 1062 1309 acuentes
1095 1257 1146 1308 in
1175 1258 1421 1311 manibus
1449 1271 1658 1320 eormn,
1689 1256 1791 1309 boc
1821 1264 1904 1308 est
1947 1254 2150 1306 baben-

575 1345 704 1394 tium
733 1357 817 1406 ea,
847 1344 960 1397 sive
987 1345 1277 1408 victorum,
1313 1356 1369 1397 ut
1408 1359 1562 1413 reges
1591 1344 1874 1398 Persarum
1951 1341 2148 1394 intelli-

574 1449 784 1498 gamus,
813 1435 1032 1505 intelligi
1063 1445 1283 1504 possunt
1315 1437 1513 1505 angeli,
1553 1436 1932 1490 decentissime
1966 1435 2028 1485 al
2056 1433 2149 1487 Dei

568 1523 716 1590 jussa
757 1527 1086 1582 conficienda
1117 1529 1418 1582 constituti.
1457 1527 1566 1582 Hoc
1616 1528 1775 1595 igitur
1803 1538 1919 1579 erat
1973 1523 2149 1592 subigi

574 1612 912 1686 Babylonios,
931 1628 984 1671 et
1005 1620 1104 1672 sub
1133 1619 1414 1686 imperium
1443 1617 1726 1671 Persarum
1770 1617 2152 1682 Medorumque

577 1707 742 1772 redigi
778 1707 845 1758 de
874 1709 1067 1774 quibus
1109 1707 1236 1762 alibi
1287 1711 1658 1764 uulversorum
1716 1707 1973 1761 Dominus
2029 1707 2098 1758 ait
2133 1721 2145 1755 :

580 1813 598 1846 s
633 1795 961 1852 Sanctificati
991 1809 1134 1864 sunt,
1159 1811 1214 1854 et
1244 1817 1343 1870 ego
1367 1802 1574 1856 adduco
1600 1817 1699 1856 eos
1725 1819 1738 1866 ;
1784 1801 2028 1868 gigantes
2061 1814 2151 1850 ve-

2248 616 2374 687 ἐθνη
2404 617 2472 670 τὰ
2507 617 2976 686 συνεπιτιθέμενα.
2999 615 3141 669 Ἀνθ’
3171 609 3248 669 ὧν
3279 615 3390 684 ἐγὼ
3422 617 3520 686 μὲν
3551 617 3834 687 ὠργίσθην

2249 707 2424 774 ὀλίγα,
2453 708 2606 759 αὐτοὶ
2634 707 2690 758 δὲ
2727 706 3084 758 συνεπέθεντο
3122 707 3202 768 εἰς
3231 707 3398 759 κακά.
3434 727 3451 758 ι
3473 708 3530 760 Ὀ
3563 707 3642 770 δὲ,
3678 709 3830 776 ὀλίγα

2250 799 2344 851 καὶ
2377 796 2704 866 συμμέτρως
2735 795 3099 865 ὠργισμένος,
3129 796 3222 848 καὶ
3247 795 3405 865 ζῆλον
3435 798 3689 865 ἐπαφιεὶς
3723 803 3838 863 τοῖς·

2251 887 2673 958 πεπορθηκόσιν,
2699 888 2778 939 ὅτι
2811 887 2961 955 παρὰ
2991 885 3150 953 λόγον
3182 885 3474 956 δεδράκασι
3505 887 3575 940 τὰ
3603 889 3680 950 είς
3704 890 3833 953 τοὺς

2251 978 2475 1040 ἁλόντας
2527 976 2874 1048 τολμήματα,
2919 977 3035 1040 πῶς
3064 975 3346 1042 ὀξύνεσθαι
3382 979 3502 1031 κατ’
3531 978 3712 1031 αὐτῶν
3743 997 3840 1034 κει

2249 1068 2394 1123 λεύει
2431 1069 2501 1122 τὰ
2535 1070 2779 1139 stipata;
2826 1070 3035 1122 Οὐκοῦν
3085 1069 3358 1134 ὀξύνονται
3407 1072 3525 1140 μὲν,
3583 1071 3719 1141 πλὴν
3769 1073 3830 1124 οὐ

2251 1159 2392 1213 κατὰ
2418 1176 2480 1227 γε
2511 1159 2602 1212 τοῦ
2638 1159 2876 1229 Ἰσραὴλ,
2918 1159 3056 1214 ἀλλὰ
3089 1161 3230 1214 κατᾶ
3265 1161 3414 1228 σφῶν
3447 1163 3650 1216 αὐτῶν.
3687 1165 3831 1216 Κατ-

2250 1250 2611 1320 εξανέστησαν
2643 1249 2752 1320 γὰρ
2789 1251 3032 1322 ἀλλήλων
3079 1253 3173 1306 καὶ
3213 1254 3662 1324 πεπολεμήκασιν
3712 1255 3836 1310 Ἀσ-

2252 1342 2462 1410 συρίοις
2504 1357 2564 1393 τε
2596 1341 2692 1393 καὶ
2722 1341 3087 1405 Βαϐυλωνίοις
3122 1343 3325 1412 Πέρσαι
3360 1345 3454 1398 καὶ
3483 1344 3681 1414 Μῆδοι,
3720 1343 3844 1401 κυο-

2255 1451 2348 1506 pou
2387 1431 2858 1502 βεϐασιλευκότος,
2889 1433 3142 1504 καθάπερ
3174 1433 3273 1503 ήδη
3314 1434 3656 1504 προείρηται.
3691 1434 3836 1486 01’»:-

2251 1524 2363 1587 οῦν,
2401 1525 2448 1575 εί
2499 1522 2572 1592 μὴ
2605 1520 2820 1592 ὠξύνθη
2864 1523 2933 1576 τὰ
2982 1523 3210 1593 κέρατα,
3245 1525 3338 1577 καὶ
3383 1525 3723 1594 ἐπεπόρθητο
3768 1524 3836 1576 τὰ

2254 1616 2624 1678 Βαϐυλωνίων,
2661 1616 2761 1668 οὐκ
2795 1617 2860 1666 ἂν
2893 1615 3211 1684 ἀπήλλακτο
3260 1615 3505 1679 δουλείας
3535 1618 3564 1670 ὁ
3593 1617 3832 1687 Ἰσραὴλ,

2251 1711 2350 1762 οὐκ
2378 1709 2443 1762 ἂν
2483 1709 2674 1777 ἀνείθη
2702 1707 2940 1776 δεσμῶν,
2974 1707 3066 1758 καὶ
3103 1708 3202 1774 τῆς
3237 1708 3511 1779 ἀφορήτου
3554 1707 3840 1761 ταλαιπωο,

2258 1800 2394 1870 ρίας.
2429 1800 2492 1852 Οί
2537 1799 2717 1851 τοίνυν
2770 1797 3036 1865 τέσσαρες
3084 1798 3356 1861 τέκτονες,
3403 1800 3452 1851 οἱ
3511 1797 3580 1850 τὰ
3629 1798 3836 1865 κέρατα

575 1890 726 1942 niunt
754 1890 976 1958 implere
998 1890 1230 1948 furorem
1271 1909 1467 1960 meum,
1499 1895 1790 1965 gaudentes
1808 1891 1966 1947 simul
1989 1900 2040 1945 et
2059 1907 2150 1945 su-

2259 1890 2667 1960 παραθήγοντες
2697 1890 2752 1940 ὲν
2780 1889 2964 1958 χερσὶν
2995 1888 3197 1951 αὐτῶν,
3230 1887 3479 1941 τουτέστι
3529 1886 3639 1940 τῶν
3687 1887 3840 1956 ἐχόν-

572 1980 877 2046 perbieutes
904 1983 971 2037 “.
1000 2002 1018 2036 ι

2257 1997 2363 2033 των
2398 1979 2555 2042 αὐτὰ,
2588 1980 2711 2048 ἢτοι
2755 1978 2863 2030 τῶν
2911 1978 3278 2049 κρατούντων,
3307 1977 3394 2032 ἵνα
3438 1979 3565 2040 τοὺς
3613 1976 3839 2046 Περσῶν

571 2069 782 2140 νοῶμεν
851 2072 1126 2142 βασιλέας,
1191 2077 1432 2147 νοηθεῖεν
1480 2078 1720 2147 ἄγγελοι,
1748 2078 1809 2130 τὸ
1856 2075 2046 2130 δοκοῦν
2095 2072 2213 2142 Θεῷ
2253 2072 2646 2142 ἀποπεραίνειν
2696 2068 2756 2124 εὖ
2824 2071 2968 2140 μάλα
3023 2071 3504 2141 προστεταγμένοι.
3551 2068 3722 2124 Τοῦτο
3771 2065 3840 2138 ἦν

571 2159 678 2228 ἄρα
711 2162 773 2214 τὸ
815 2163 1016 2217 ἁλῶναι
1055 2165 1152 2236 τὴν
1186 2167 1564 2232 Βαϐυλωνίων,
1600 2169 1693 2222 καὶ
1722 2168 1826 2220 ὑπὸ
1859 2168 2015 2237 χεῖρα
2052 2163 2308 2233 γενέσθαι
2372 2162 2597 2234 Περσῶν
2661 2179 2719 2214 τε
2757 2164 2850 2215 καὶ
2882 2162 3102 2232 Μήδων,
3142 2162 3271 2231 περὶ⁴
3337 2155 3412 2216 ὧν
3471 2158 3699 2231 ἑτέρωθί
3732 2158 3834 2219 ποῦ

572 2324 740 2416 θυμόν
769 2366 891 2418 μου,
930 2352 1211 2421 χαίροντες
1240 2324 1375 2423 ἅμα.
1411 2355 1503 2406 καὶ
1539 2324 1873 2424 ὑϐρίζοντες.
1911 2373 1928 2403 ι

1117 2487 1282 2558 666
1352 2487 1502 2546 CAP.
1535 2487 1596 2542 ιι.

643 2615 806 2670 Vnus.
861 2620 913 2683 1,
959 2620 1012 2673 5.
1057 2619 1121 2672 Et
1165 2620 1324 2674 levavi
1383 2621 1562 2676 oculos
1603 2638 1762 2686 meos,
1807 2635 1855 2676 et
1911 2623 2037 2688 vidi,
2103 2633 2150 2676 et

573 2724 686 2761 ecce
736 2711 832 2775 uir,
869 2720 914 2763 et
972 2713 1026 2765 in
1075 2730 1229 2765 niauu
1294 2714 1405 2783 ejus
1459 2715 1727 2784 funiculus
1784 2719 2148 2782 geometricas.

579 2799 644 2852 Et
686 2802 796 2854 diri
845 2806 914 2855 ad
960 2821 1076 2858 eum
1113 2820 1134 2860 :
1174 2803 1289 2870 Quo
1328 2817 1382 2858 tu
1416 2809 1601 2860 vadis?
1633 2807 1697 2861 Et
1737 2809 1871 2862 dixit
1917 2811 1984 2861 ad
2031 2824 2148 2863 me:

574 2269 739 2331 φησιν
773 2256 801 2307 ό
831 2257 941 2309 τῶν
966 2257 1105 2311 ὅλων
1135 2261 1438 2331 Δεσπότης·
1477 2282 1493 2312 ι
1519 2262 1874 2330 Ἠγιασμένοι
1911 2261 2036 2324 eiei,
2097 2259 2190 2312 καὶ
2227 2257 2338 2325 ἐγὼ
2382 2258 2500 2326 ἄγω
2545 2257 2764 2319 αὐτοὺς,
2795 2257 3048 2324 γίγαντες
3097 2257 3344 2328 ἔρχονται
3390 2256 3676 2328 πληρῶσαι
3746 2254 3837 2306 τὸν

2854 2477 3105 2530 ΚΕΦᾹΛ.
3158 2477 3230 2528 Β’.

2327 2608 2434 2664 Καὶ
2480 2605 2596 2678 ἦρα
2640 2607 2781 2672 τοὺς
2820 2610 3166 2676 ὀφθαλμούς
3207 2629 3346 2678 μου,
3383 2613 3483 2666 καί
3528 2611 3710 2678 εἶδον,
3741 2616 3838 2670 καί

2254 2700 2384 2753 ἰδοὺ
2419 2700 2594 2766 ἀνὴρ,
2622 2699 2717 2752 καὶ
2744 2699 2812 2752 ἐν
2840 2699 2912 2765 τῇ
2935 2699 3082 2767 χειρὶ
3109 2701 3293 2754 αὐτοῦ
3321 2705 3603 2769 σχοινίον
3625 2723 3838 2775 remus--

2255 2793 2476 2859 τρικόν.
2518 2791 2627 2845 Καὶ
2673 2787 2812 2846 εἶπα
2850 2791 3000 2860 πρὸς
3045 2794 3260 2846 αὐτόν’
3299 2795 3422 2849 Ποῦ
3464 2796 3545 2850 σὺ
3580 2799 3835 2865 nemo";

577 2887 642 2942 Ut
695 2891 938 2945 dimetinr
993 2892 1308 2952 Jerusalem.
1333 2906 1378 2948 et
1431 2897 1630 2948 videam
1695 2907 1891 2967 quanta
1924 2897 2152 2951 latitudo

2261 2882 2372 2937 Kal
2394 2877 2524 2936 εἷπε
2550 2883 2699 2948 πρός
2717 2898 2792 2950 με
2819 2901 2827 2910 ·
2859 2881 3254 2950 Διαμετρῆσαι
3280 2883 3392 2951 τὴν
3416 2885 3840 2957 Ἰερουσαλὴμ,

574 2986 688 3049 ejus
743 2994 815 3035 est
871 2994 917 3037 et
947 2995 1145 3052 quanta
1185 2987 1472 3056 longitudo.
1525 2987 1586 3039 Et
1628 3005 1742 3043 ecce
1797 2992 2011 3060 angelus
2063 2992 2152 3060 qui

2257 2975 2364 3028 τοῦ
2415 2972 2564 3026 Mair
2611 2973 2873 3039 πηλίκον
2919 2971 2986 3025 τὸ
3029 2972 3255 3038 πλάτος
3300 2973 3492 3042 αὐτῆς
3538 2977 3668 3029 ἐστι
3740 2978 3839 3031 καί

575 3073 889 3139 loquebatur
952 3077 1005 3128 in
1056 3094 1153 3140 me,
1212 3077 1404 3143 stabat,
1449 3089 1499 3132 et
1547 3088 1761 3148 angelus
1816 3081 1952 3133 alius
2010 3097 2152 3150 egre-

2258 3066 2520 3134 πηλίκον
2554 3064 2618 3118 τὸ
2655 3063 2870 3133 μῆκος.
2907 3064 3016 3118 Kal
3062 3065 3191 3119 ὶδοὺ
3221 3069 3252 3121 ὁ
3278 3066 3530 3135 ἄγγελος
3569 3069 3601 3121 ό
3631 3068 3839 3123 λαλῶν

575 3161 819 3215 diebamr
856 3164 912 3216 in
953 3180 1222 3218 occursum
1249 3166 1382 3235 ejus,
1410 3177 1456 3220 et
1497 3169 1628 3220 dixit
1675 3170 1742 3221 ad
1770 3186 1908 3234 eum,
1939 3170 2152 3225 dicens:

2259 3159 2328 3213 ἐν
2354 3157 2484 3226 ἐμοὶ
2511 3156 2796 3224 εἱστήκει,
2819 3156 2916 3209 καί
2948 3155 3201 3224 ἅγγελος
3227 3155 3428 3224 ἔτερος
3450 3157 3839 3226 ἐξεπορεύετο

577 3251 861 3323 Frugifera
912 3254 1235 3308 habitabitur
1258 3256 1555 3311 Jerusalem
1589 3278 1617 3311 η
1651 3261 1988 3315 multitudine
2049 3261 2142 3316 ho-

2256 3252 2332 3315 είς
2361 3247 2748 3314 συνάντησιν
2797 3244 2978 3309 αὐτῷ,
3007 3246 3106 3298 καὶ
3152 3242 3282 3301 εἷπε
3322 3247 3469 3314 πρὸς
3506 3249 3710 3311 αὐτὸν,
3746 3249 3839 3301 λέ.

577 3345 775 3395 minam
825 3353 872 3396 et
896 3343 1254 3412 jumentorum
1313 3364 1429 3416 qua:
1475 3350 1528 3402 iu
1562 3352 1730 3404 medio
1790 3352 1923 3419 ejus,
1950 3363 1998 3406 et
2057 3370 2148 3423 ego

2256 3354 2402 3409 γων·
2459 3337 2852 3404 Κατάκαρπος
2901 3337 3398 3406 κατοικηθήσεται
3433 3339 3842 3408 Ἰερουσαλὴμ

575 3450 664 3488 ero
689 3436 790 3500 illi,
812 3436 940 3489 dicit
974 3437 1246 3504 Dominus,
1278 3456 1456 3494 murus
1485 3443 1621 3512 ignis
1665 3444 1718 3494 in
1743 3443 1988 3511 circuitu,
2013 3459 2060 3498 et
2097 3447 2149 3498 iu

2256 3429 2369 3485 ἀπὸ
2393 3427 2665 3492 πλήθους
2689 3426 3036 3496 ἀνθρώπων,
3066 3427 3163 3480 καὶ
3193 3427 3427 3494 κτηνῶν
3449 3429 3519 3482 ἐν
3540 3429 3708 3497 μέσῳ
3730 3434 3838 3486 at)-

577 3525 801 3593 gloriam
843 3543 932 3579 ero
957 3528 1010 3580 in
1041 3529 1211 3582 medio
1241 3529 1377 3598 ejus.

651 3790 741 3845 XI.
780 3790 895 3844 Non
919 3807 1038 3847 esse
1070 3805 1294 3849 exacuta
1321 3813 1518 3851 cornua
1551 3811 1736 3853 contra
1770 3801 2042 3864 lsraelem,
2063 3804 2156 3858 sed

580 3889 767 3934 contra
807 3896 900 3936 eos
931 3885 1108 3951 potius
1171 3887 1261 3955 qui
1309 3887 1734 3959 Hierosolymam
1797 3905 1958 3962 atque
1993 3895 2155 3948 etiam

579 3969 819 4024 Judmam
849 3981 1159 4029 everterunt
1199 3993 1262 4031 ac
1320 3977 1650 4045 lacerarunt,
1709 3983 1954 4050 proxime
2000 3999 2160 4049 supe-

581 4061 693 4113 rior
744 4060 879 4114 visio
903 4061 1215 4129 planissime
1258 4069 1618 4125 denionslrat.
1659 4072 1841 4126 Elevat
1895 4074 2158 4142 siquidem

583 4165 800 4205 rursum
853 4153 1042 4207 oculos
1082 4156 1362 4225 propheta,
1385 4175 1487 4212 non
1541 4160 1727 4229 utique
1766 4164 2030 4230 corporis,
2064 4165 2159 4219 sed

581 4243 868 4298 interiores
887 4246 1082 4313 potius,
1114 4255 1166 4300 et
1208 4250 1296 4317 qui
1357 4249 1712 4322 intelligentia
1767 4254 2157 4322 percipiuntur.

583 4334 718 4388 Tum
749 4337 1038 4404 quemdam
1062 4353 1119 4393 se
1151 4339 1344 4396 vidisse
1378 4343 1453 4395 ait
1487 4342 1683 4410 forma,
1713 4357 1768 4398 et
1800 4345 1984 4399 habitu
2036 4347 2159 4413 viri,

581 4424 880 4480 funiculum
913 4436 1178 4482 tenentem
1221 4432 1630 4496 geornetricutn,
1656 4448 1815 4500 quem
1845 4445 2162 4503 percunctao

2254 3520 2383 3587 τῆς,
2412 3520 2508 3572 καὶ
2547 3518 2662 3587 ἐγὼ
2705 3519 2915 3587 ἔσομαι
2955 3517 3128 3587 αὐτῇ,
3162 3519 3326 3588 λέγει
3365 3521 3604 3588 Κύριος,
3645 3521 3838 3590 τεῖχος

2255 3611 2445 3678 πυρὸς
2489 3612 2806 3674 κυκλόθεν,
2839 3610 2939 3668 καὶ
2987 3613 3074 3676 είς
3114 3609 3301 3674 δόξαν
3334 3610 3546 3680 ἔσομαι
3576 3612 3645 3665 ἐν
3672 3611 3840 3682 μέσῳ

2256 3701 2465 3768 αὐτῆς.

2328 3794 2429 3848 1Α’.
2473 3796 2594 3847 Ὅτι
2632 3794 2705 3863 μὴ
2739 3793 2882 3846 κατὰ
2905 3793 3001 3846 τοῦ
3035 3793 3252 3864 Ἰσραὴλ
3281 3794 3495 3866 ὼξύνθη
3521 3795 3588 3848 τὰ
3609 3796 3834 3866 κέρατα,

2260 3886 2376 3938 κατ’
2400 3885 2626 3937 ἐκείνων
2655 3883 2711 3936 δὲ
2747 3883 2964 3953 μᾶλλον,
2991 3883 3040 3936 οἳ
3066 3877 3211 3938 εἷλόν
3235 3901 3296 3936 τε
3330 3885 3424 3939 καὶ
3460 3886 3838 3957 πεπορθήκασι

2259 3973 2358 4044 τὴν
2391 3972 2769 4044 Ἰερουσαλὴμ,
2813 3973 2906 4026 καὶ
2935 3972 3117 4041 μέντοι
3161 3970 3260 4042 τὴν
3282 3973 3561 4037 Ἰουδαίαν,
3587 3977 3618 4045 ή
3644 3974 3840 4042 γείτων

2259 4069 2449 4139 ὅρασις
2494 4065 2781 4132 ἐπιδείξειεν
2820 4063 2907 4128 ἂν,
2938 4067 3034 4119 καὶ
3083 4065 3227 4133 μάλα
3258 4063 3516 4129 εὐκόλως.
3547 4066 3701 4137 Αῐρει
3727 4066 3839 4136 γὰρ

2262 4158 2422 4214 πάλιν
2452 4158 2577 4221 τοὺς
2607 4156 2916 4226 ὀφθαλμοὺς
2940 4156 2968 4208 ὁ
3002 4157 3305 4227 προφήτης,
3344 4157 3436 4209 καὶ
3461 4156 3584 4226 οὐχὶ
3611 4155 3674 4226 δὴ
3705 4155 3840 4209 πάν-

2260 4267 2368 4312 τως
2396 4250 2524 4312 τοὺς
2551 4247 2646 4301 τοῦ
2682 4247 2953 4317 σώματος,
2987 4247 3112 4311 τοὺς
3140 4248 3196 4300 δὲ
3229 4247 3428 4316 μᾶλλον
3455 4249 3550 4304 καὶ
3593 4247 3838 4318 νοητούς.

2263 4335 2396 4393 Εἷτὰ
2423 4355 2548 4391 τινα
2579 4336 2864 4390 τεθεᾶσθαί
2889 4353 3053 4407 φησιν
3082 4339 3138 4390 ἐν
3169 4337 3362 4409 ἀνδρὸς
3407 4337 3669 4407 σχήματι,
3692 4354 3840 4406 σχοι-

2263 4429 2373 4483 νίον
2407 4429 2705 4497 κατέχοντα
2741 4427 3133 4497 γεωμετρικόν
3167 4428 3328 4496 ἤρετο
3354 4427 3411 4479 δὲ
3445 4426 3606 4481 πάλιν
3629 4427 3714 4496 ἐφ’
3736 4428 3841 4496 ὅτῳ

583 4527 669 4568 tus
701 4525 804 4578 est,
844 4515 997 4585 cujus
1025 4517 1101 4570 rei
1137 4521 1305 4588 gratia
1339 4522 1542 4575 veniret
1571 4533 1626 4576 et
1651 4525 1776 4592 quid
1825 4525 1924 4580 sibi
1965 4539 2152 4594 propo-

2264 4538 2322 4574 τε
2356 4517 2578 4590 βαδίζει.
2609 4519 2704 4576 καὶ
2728 4519 2811 4581 τίς
2845 4521 2872 4571 ὁ
2922 4518 3123 4581 σκοπὸς
3153 4518 3322 4588 αὐτῷ.
3359 4518 3465 4571 Τοῦ
3518 4517 3575 4571 δὲ
3623 4518 3686 4589 δὴ
3739 4523 3835 4588 φά-

581 4607 801 4658 suisset.
846 4603 923 4660 Eo
981 4608 1380 4677 respondente,
1437 4610 1569 4666 velle
1632 4615 1808 4667 metiri
1853 4612 2153 4668 Jerusalem

583 4835 596 4847 ,
680 4825 693 4840 .
774 4826 788 4840 .
870 4827 885 4842 .
957 4825 974 4842 .
1046 4827 1060 4842 .
1152 4827 1166 4842 .
1251 4790 1372 4858 ,(1)
1431 4792 1653 4846 incenso
1707 4803 1886 4848 autem
1939 4806 1992 4849 et
2041 4797 2154 4864 ipso

583 4877 765 4932 divino
811 4878 1038 4945 templo,
1069 4893 1269 4948 perque
1319 4889 1481 4934 totam
1515 4879 1755 4936 Judaeam
1807 4885 2056 4938 domibus
2101 4895 2156 4940 et

583 4968 809 5023 urbibus
837 4969 1053 5033 excisis,
1071 4984 1188 5023 eam
1225 4985 1410 5025 rursus
1441 4981 1681 5025 erectum
1711 4973 1796 5036 iri,
1823 4989 1945 5042 spes
1973 4977 2152 5044 aliquo

585 5059 746 5112 modo
776 5058 1028 5128 perierat.
1061 5059 1306 5114 Ostendit
1335 5065 1467 5129 ergo
1499 5063 1654 5124 Deus,
1673 5064 1928 5119 cornibus
1956 5081 2152 5120 exacu-

586 5151 677 5214 tis,
717 5151 818 5204 hoc
839 5161 923 5206 est
967 5153 1235 5220 gentibus,
1271 5151 1382 5206 sive
1420 5154 1598 5220 regnis
1646 5155 1790 5207 inter
1834 5171 1892 5210 se
1940 5157 2155 5226 bellige-

586 5241 832 5295 rantibus
898 5251 1325 5297 resurrecturum
1385 5242 1570 5306 Israel,
1605 5254 1659 5297 et
1699 5246 2044 5300 habitandam
2094 5249 2158 5302 de

587 5334 796 5401 integro
814 5331 924 5400 jam
948 5331 1224 5388 dilatatam
1245 5334 1566 5400 JeruSalem,
1594 5338 1770 5390 divina
1809 5340 2003 5395 vit-tute
2042 5357 2157 5394 tnu-

587 5423 776 5487 nitam,
825 5425 1182 5494 supernisque
1225 5425 1497 5482 favoribus
1544 5428 1688 5483 velut
1754 5430 2156 5501 inexpugnabili

665 5597 707 5629 ³⁸
743 5598 844 5652 lsa.
869 5615 984 5653 xm.
1016 5599 1069 5655 '5.

2265 4626 2484 4674 σκοντος
2509 4609 2870 4679 διαμτρῆσαι
2901 4609 2999 4678 τὴν
3035 4608 3411 4679 Ἰερουσαλὴμ,
3471 4649 3484 4662 .
3527 4649 3540 4661 .
3588 4651 3600 4663 .
3647 4653 3656 4661 .
3706 4648 3719 4662 .
3765 4651 3776 4663 .
3823 4649 3837 4665 .

2265 4835 2278 4848 .
2325 4834 2337 4846 .
2385 4831 2400 4847 .
2442 4792 2851 4864 ἐμπρησθέντος
2880 4793 2933 4844 δὲ
2961 4793 3054 4846 καὶ
3074 4792 3238 4844 αὑτοῦ
3270 4791 3364 4844 τοῦ
3393 4792 3537 4845 θείου
3573 4792 3724 4854 ναοῦ,
3751 4795 3842 4846 καὶ

2259 4885 2367 4938 τῶν
2398 4884 2503 4938 ἀνὰ
2539 4885 2719 4936 πᾶσαν
2746 4883 2843 4952 τὴν
2870 4882 3134 4939 Ἰουδαίαν
3180 4883 3346 4936 οἴκων
3395 4898 3453 4934 τε
3504 4883 3597 4934 καὶ
3636 4883 3842 4938 πόλεων

2259 4973 2782 5045 ἀνατετραμμὲνων,
2817 4972 3058 5044 ἀνῄρητό
3082 4989 3197 5035 πως
3236 4973 3268 5040 ἡ
3303 4972 3458 5036 ἐλπὶς
3487 4972 3580 5025 τοῦ
3612 4975 3703 5026 καὶ
3729 4975 3840 5026 eia-

2259 5065 2415 5127 αὖθις
2438 5064 2606 5135 αὐτὴν
2631 5063 2941 5132 ἁνασφῆλαι
2969 5063 3246 5116 δύνασθαι.
3271 5063 3553 5118 Δείκνυσιν
3574 5060 3665 5117 οῦν
3687 5063 3838 5126 Θεὸς,

2259 5157 2462 5210 ὅτιτῶν
2483 5157 2730 5225 κεράτων
2750 5155 3221 5224 παρωξυμμένων,
3240 5155 3484 5208 τουτέστι
3525 5156 3632 5210 τῶν
3648 5155 3838 5218 ἐθνῶν,

2261 5251 2376 5318 ἦτοι
2405 5248 2512 5302 τῶν
2549 5247 2854 5317 βασιλειῶν,
2889 5246 2983 5298 καὶ
3015 5245 3106 5298 τὸν
3142 5247 3276 5313 πρὸς
3314 5247 3575 5318 ἀλλήλους
3609 5249 3842 5317 πόλεμον

2262 5339 2798 5410 συγκεκροτηκότων.
2844 5336 3164 5408 ἀνεθήσεται
3220 5339 3318 5405 μὲν
3345 5339 3583 5411 Ἰσραὴλ,
3628 5341 3838 5410 οίκήσει

2261 5430 2315 5482 δὲ
2358 5432 2517 5485 πάλιν
2553 5429 3008 5499 κατευρυνθεῖσαν
3052 5427 3148 5497 τὴν
3193 5428 3541 5499 Ἰερουσαλὴμ
3591 5430 3684 5482 καὶ
3720 5429 3840 5499 θείᾳ

666 5775 741 5844 (i)
778 5775 1034 5846 Suspicor
1069 5775 1242 5832 minus
1277 5792 1434 5846 qualn
1465 5792 1559 5846 pro
1592 5776 1795 5832 lacuna:
1823 5780 2016 5847 spatio,
2055 5790 2143 5834 aut
2177 5782 2311 5835 forte
2338 5781 2501 5836 etiam
2534 5782 2661 5836 nihil
2692 5783 2754 5836 ad
2783 5785 3104 5838 Sententiani
3133 5784 3410 5838 omissum.
3444 5781 3725 5852 1η.¹ει·ριϊδ.
