4120 6580
227 356 295 408 3'5
1056 334 1599 395 COMMENTARIUS
1635 332 1701 388 1N
1746 329 2143 387 ZACllARlAM
2185 324 2628 382 PHOPHETAM.
3402 310 3473 363 54

228 468 453 536 δυνάμει
495 462 955 533 πεπυργωμένην,
988 461 1081 511 καὶ
1121 452 1232 509 οἷον
1262 456 1461 525 ἀμάχῳ
1497 453 1657 522 φλογὶ
1686 453 1804 513 ταῖς

1940 462 2123 500 iamma
2164 446 2605 511 eircumseptam.
2640 436 2824 492 Currit
2850 447 2980 503 ergo
3008 429 3228 501 angelus
3258 437 3317 482 ut
3368 442 3468 481 me

230 557 432 611 ἄνωθεν
461 552 768 624 εὐμενείαις
796 547 1185 615 διεζωσμένην.
1220 544 1416 615 Τρέχει
1443 543 1620 596 τοίνυν
1645 543 1673 594 ὁ
1698 541 1797 607 ἄγ-

1906 542 2068 593 tiatur
2114 534 2438 596 Jerusalem,
2465 532 2688 599 ejusque
2739 526 3069 581 latitudinem
3132 527 3188 574 et
3245 517 3477 586 longitu-

232 648 383 715 γελος
417 613 745 714 ἐκμετρῆσαι
788 640 887 709 τὴν
926 613 1303 706 Ἰερουσαλὴμ,
1338 635 1434 687 καὶ
1477 628 1590 686 οἷον
1618 632 1798 702 ὁρίσαι

1944 637 2085 687 inem
2116 632 2268 701 quasi
2327 627 2567 684 deﬁniat.
2599 625 2662 679 Et
2698 625 2809 678 haec
2855 618 3071 689 quidem
3103 613 3380 670 historice.

235 739 491 791 πλατεῖαν
529 734 698 803 αὐτὴν
751 733 846 786 καὶ
893 729 1329 801 εὐμηκεστάτην.
1366 726 1475 779 Καὶ⁸
1508 725 1665 777 ταυτὶ
1704 724 1801 793 μὲν

237 829 541 900 ίστορικῶς.
1814 854 1815 857 η

259 961 262 964 .
298 922 468 990 Φαίην
516 919 561 972 δ’
607 918 675 971 ἂν
720 918 801 970 ὅτι
859 916 953 969 καὶ
1004 915 1090 967 ἐπ’
1124 914 1295 983 αὐτῆς
1342 913 1443 982 τῆς
1483 910 1807 980 Ἑκκλησίας

234 1009 468 1079 Χριστοῦ
500 1012 672 1062 νοοῖτο
712 1007 781 1060 ἂν
809 1007 1035 1068 εἰκότως
1065 1007 1098 1075 ή
1129 1005 1339 1075 ὅρασις.
1376 998 1806 1072 Τετυραννεύκει

238 1102 334 1171 μὶν
358 1101 464 1171 γὰρ
504 1098 645 1153 κατά
679 1097 896 1150 πάντων
925 1099 954 1148 ὁ
981 1095 1230 1157 Σατανᾶς
1256 1092 1365 1147 τῶν
1394 1093 1561 1145 ὄντων
1593 1090 1685 1143 ἐπὶ
1708 1090 1809 1158 τῆς

236 1193 359 1261 γῆς,
387 1193 483 1244 καὶ
509 1189 813 1258 γεγόναμεν
858 1187 1212 1256 αἰχμάλωτοι,
1247 1187 1357 1247 τοῖς
1390 1184 1599 1237 ἐκείνου
1627 1181 1811 1248 ζυγοῖς

238 1280 680 1351 ὐπενηνεγμένοι.
700 1278 839 1331 Ἀλλ’
870 1279 903 1347 ἡ
932 1277 1026 1330 τοῦ
1060 1276 1311 1346 Σωτῆρος
1340 1274 1499 1344 χάρις
1525 1271 1811 1342 συνέτριψε

243 1374 339 1443 μὲν
360 1372 420 1424 τὸ
442 1371 652 1424 ἐκείνου
677 1370 870 1439 κέρας,
899 1367 1266 1421 κατελέπτυνε
1290 1366 1347 1418 δὲ
1366 1366 1464 1437 τὴν
1491 1363 1810 1435 ὑπεροψίαν.

240 1458 655 1530 Τεθριάμϐευκε
702 1458 811 1526 γὰρ
855 1456 1030 1526 ἀρχάς
1071 1472 1132 1507 τε
1170 1456 1265 1509 καὶ
1298 1453 1548 1518 ἐξουσίας
1592 1454 1686 1507 καὶ
1722 1469 1817 1505 κοοο

243 1550 659 1621 σμοκράτορας,
693 1549 793 1612 τὰς
834 1546 1218 1617 ἀντικειμένας
1265 1545 1543 1615 δυνάμεις,
1586 1543 1817 1609 ἐξείλετο

242 1644 299 1697 δὲ
329 1643 495 1713 ἡμᾶς,
523 1643 617 1694 καὶ
642 1639 749 1692 τῶν
780 1639 989 1692 ἐκείνου
1015 1637 1230 1708 δεσμῶν
1265 1636 1817 1705 ἁπέλυσεν.Ἤγειρεν

246 1733 403 1804 ἡμῶν
447 1733 547 1802 τὴν
580 1729 923 1800 Ἐκκλησίαν,
955 1728 1053 1799 τὴν
1102 1728 1266 1796 ἁγίαν
1313 1727 1527 1800 ἀληθῶς
1564 1726 1661 1779 καὶ
1699 1725 1818 1777 δια-

1984 900 2371 960 Allirmaverim
2402 912 2563 968 porro
2590 894 2752 949 etiam
2781 891 2849 946 de
2896 889 3008 958 ipsa
3048 882 3252 940 Christi
3291 878 3477 935 Eccle-

1913 997 1989 1051 sia
2061 995 2235 1045 visum
2283 993 2383 1042 hoc
2423 996 2546 1056 apte
2597 981 2853 1053 explicari
2908 990 3086 1047 posse.
3153 973 3480 1027 Exercuerat

1913 1087 2055 1139 enim
2088 1080 2423 1152 tyrannidem
2459 1077 2690 1132 Satanas
2753 1075 2803 1126 in
2861 1068 3112 1124 mortales
3178 1064 3478 1122 universos,

1915 1148 2240 1241 eramusque
2274 1169 2501 1238 captivi,
2543 1166 2685 1220 illius
2708 1164 2832 1231 iugo
2870 1157 3088 1213 subditi.
3124 1154 3318 1209 Verum
3364 1148 3483 1204 Sal-

1918 1267 2119 1320 vatoris
2157 1264 2330 1333 gratia
2376 1262 2492 1328 eius
2541 1273 2710 1312 cornu
2749 1250 3025 1311 contrivit,
3076 1257 3130 1299 et
3178 1241 3481 1310 superbiam

1919 1356 2231 1410 attenuavit.
2265 1350 2643 1420 Triumpbavit
2676 1346 2820 1400 enim
2885 1340 3177 1411 principes,
3228 1344 3284 1387 et
3330 1344 3482 1402 pote—

1920 1452 2106 1503 states.
2131 1452 2185 1497 et
2223 1441 2403 1495 mundi
2449 1446 2708 1499 rectores,
2751 1443 2803 1488 et
2839 1428 3174 1486 adversarias
3234 1424 3485 1481 virtutes.

1919 1537 2081 1608 667
2112 1534 2417 1604 eripuitque
2453 1545 2565 1586 nos.
2602 1538 2656 1582 et
2709 1527 2852 1580 illius
2906 1520 3135 1576 vinculis
3194 1512 3485 1582 expedivit.

1922 1604 2191 1682 iaci-tavit
2230 1622 2523 1678 Ecclesiam
2556 1630 2791 1672 nostram
2834 1628 2956 1669 vere
2978 1616 3311 1671 sanctam,ot
3351 1604 3488 1657 fama

1925 1721 2153 1776 nobilem
2184 1717 2479 1778 civitatem,
2500 1713 2659 1765 latam
2694 1723 2748 1764 et
2777 1707 3163 1776 longissimam,
3185 1713 3343 1768 quam
3368 1710 3491 1749 cum

246 1794 438 1893 έδητον
480 1794 672 1883 πόλιν,
719 1794 818 1889 τῆν
871 1794 1089 1890 εὐρείαν
1135 1794 1229 1870 καὶ
1279 1794 1718 1886 εὐμηκεστάτην,
1750 1814 1816 1884 ἣν

1940 1816 2093 1867 'rnctu
2128 1808 2408 1864 incolimus
2431 1804 2698 1865 homines,
2723 1812 2779 1855 et
2804 1800 3067 1867 iumenta,
3098 1794 3201 1849 hoc
3231 1797 3316 1847 est
3373 1802 3492 1841 ver-

247 1912 616 1981 κατακάρπως
669 1911 969 1982 ᾠκήκαμεν
1035 1908 1311 1979 ἄνθρωποί
1365 1925 1423 1961 τε
1477 1909 1572 1961 καὶ
1626 1907 1821 1977 κτήνη,

246 2003 526 2055 τουτέστιν
573 2002 624 2053 οἱ
668 1999 1032 2070 λελοτωμένοι
1069 2016 1130 2051 τε
1154 1998 1275 2070 ἤδη,
1308 1998 1401 2052 καὶ
1419 1999 1468 2051 oi
1494 1998 1661 2068 μήπω
1682 1996 1824 2066 πρὸς

248 2095 405 2149 τοῦτο
447 2096 675 2164 ἥκοντες
724 2096 945 2163 μέτρου,
981 2091 1262 2163 μέλλοντες
1300 2092 1356 2143 δὲ
1406 2092 1499 2145 καὶ
1536 2105 1825 2161 μυσταγω-

256 2185 531 2254 γούμενοι.
571 2184 993 2253 Κατῳκήκαμεν
1036 2182 1214 2244 πόλιν,
1266 2182 1331 2252 ῆν
1385 2180 1546 2243 αὐτὸς
1600 2180 1825 2249 τειχίζει

253 2277 510 2347 Χριστὸς,
538 2276 797 2345 ἁρῤήτοις
836 2272 1099 2339 δυνάμεσι
1130 2272 1487 2340 καταφλέγων
1534 2273 1659 2331 τοὺς
1699 2269 1827 2323 ἀνθ-

255 2369 572 2438 εστηκότας.
605 2368 700 2419 καὶ
741 2365 839 2435 τῆς
879 2365 1072 2419 ἑαυτοῦ
1117 2364 1276 2434 δόξης
1315 2362 1701 2432 ἀναπιμπλῶν,
1736 2360 1831 2414 καὶ

254 2457 366 2512 οἷον
387 2455 630 2528 ἑστηκὼς
650 2457 709 2509 ὲν
735 2456 884 2526 μέσῳ
910 2456 1017 2509 τῶν
1037 2456 1347 2516 οἰκούντων,
1372 2448 1452 2517 οἷς
1468 2452 1832 2522 ἐπηγγέλλετο

256 2549 457 2616 λέγων’
492 2566 510 2597 ι
535 2546 661 2599 Ἰδοὺ
691 2547 803 2613 ἐγὼ
828 2545 947 2616 μεθ’
971 2546 1124 2614 ὑμῶν
1154 2547 1270 2615 εἰμι
1300 2546 1478 2607 πάσας
1499 2544 1599 2605 τὰς
1621 2543 1834 2613 ἡμέρας

257 2642 363 2702 ιως
389 2640 490 2709 τῆς
528 2637 834 2699 συντελείας
864 2636 960 2689 τοῦ
989 2636 1206 2698 αἰῶνος.
1238 2656 1257 2686 ι
1289 2634 1504 2700 Ταύτης
1543 2634 1642 2702 τῆς
1673 2633 1835 2699 ἁγίας

259 2733 466 2794 πόλεως
511 2729 841 2800 διεμέμνητό
884 2744 987 2780 που
1040 2728 1132 2780 καὶ
1180 2729 1211 2780 ὁ
1260 2726 1546 2796 προφήτης
1586 2723 1832 2784 Ἡσαΐας,

259 2822 453 2888 λέγων’
490 2838 508 2871 ι
539 2822 599 2873 Οί
621 2819 888 2889 ὀφθαλμοί
913 2836 1005 2871 σου
1025 2818 1247 2888 ὄψονται
1283 2816 1657 2888 Ἰερουσαλὴμ,
1684 2815 1835 2876 πόλις

262 2909 515 2973 πλουσία,
553 2908 750 2977 σκηναὶ
797 2906 853 2961 αἳ
903 2908 963 2960 οὐ
1020 2907 1093 2977 μὴ
1143 2906 1449 2971 σεισθῶσιν,
1503 2906 1612 2958 οὐδ’
1646 2904 1706 2956 οὐ
1761 2904 1835 2974 μὴ

263 2998 595 3053 σαλευθῶσιν
627 3000 675 3051 oi
718 2998 983 3051 πάσσαλοι
1011 2999 1109 3067 τῆς
1148 2998 1350 3068 σκηνῆς
1398 2998 1584 3065 αὐτῆς,
1621 2996 1738 3049 οὐδὲ
1772 2996 1837 3047 τὰ

263 3092 474 3161 σχοινία
508 3091 676 3161 αὐτῆς
702 3091 763 3143 οὐ
802 3091 875 3162 μὴ
908 3090 1262 3160 διαρραγῶσι.
1293 3109 1312 3141 ι
1353 3090 1459 3142 Καὶ
1492 3089 1628 3158 πρὸς
1670 3088 1838 3157 αὐτὴν
1867 3131 1909 3187 c

261 3185 324 3238 δέ
363 3199 530 3252 φησι·
566 3202 583 3233 ι
617 3183 887 3235 Πλάτυνον
922 3183 1011 3235 τὸν
1040 3183 1201 3234 τόπον
1237 3182 1335 3251 τῆς
1376 3182 1578 3251 σκηνῆς
1623 3196 1716 3233 σου
1744 3180 1840 3231 καὶ

262 3275 376 3328 τῶν
403 3273 639 3327 αὐλαιῶν
668 3290 783 3326 σου.
816 3272 1012 3343 Πῆξον,
1051 3274 1123 3343 μὴ
1152 3274 1333 3344 φείστγ
1359 3273 1438 3325 ἔτι
1475 3274 1552 3335 εἰς
1595 3272 1663 3324 τὰ
1691 3271 1842 3335 δεξιὰ

265 3367 362 3419 καὶ
396 3366 475 3427 εἰς
512 3366 579 3417 τὰ
606 3364 869 3435 ἀριστερὰ
898 3365 1215 3417 ὲκπέτασον.
1248 3384 1266 3413 ι
1304 3364 1707 3433 Κατευρύνεται
1734 3362 1842 3431 γὰρ

264 3458 303 3526 ὴ
338 3455 634 3523 Ἐκκλησία
683 3454 941 3524 Χριστοῦ,
987 3454 1080 3507 καὶ
1128 3456 1207 3517 είς
1250 3455 1477 3524 ἄπειρον
1521 3453 1840 3514 ἐκτείνεται,

266 3547 676 3616 ἀναριθμήτους
710 3545 795 3598 ἀεὶ
823 3545 1080 3615 δεχομένη
1118 3546 1245 3607 τοὺς
1288 3545 1724 3614 προσκυνοῦντας
1751 3543 1845 3596 αὖ*

268 3639 387 3691 τόν.

346 3729 433 3792 Ὢ,
489 3724 535 3778 ὢ
586 3726 830 3794 φεύγετε
872 3725 941 3777 ἐκ
988 3725 1100 3793 γῆς
1142 3725 1355 3794 βορῤᾶ,
1407 3724 1567 3795 λέγει
1610 3726 1843 3793 Κύριος,

268 3821 426 3873 διότι
479 3819 548 3871 ἐκ
602 3816 721 3869 τῶν
778 3815 1088 3883 τεσσάρων
1137 3817 1371 3885 ἀνέμων
1427 3816 1532 3870 τοῦ
1587 3816 1846 3883 οὐρανοῦ

270 3910 526 3973 συνάξω
580 3907 753 3977 ὑμᾶς,
795 3906 954 3976 λέγει
992 3910 1227 3975 Κύριος.
1276 3911 1381 3973 Εἰς
1418 3907 1573 3961 Σιὼν
1618 3909 1852 3962 ἀνασώ-

273 4001 448 4062 ζεσθε
491 4001 543 4051 oi
583 3998 999 4063 κατοικοῦντες
1029 3999 1320 4068 θυγατέρα
1346 4002 1720 4064 Βαϐυλωνος.

354 4092 452 4145 ΙΒ’.
507 4088 915 4157 Ἐπιστυγνάζει
957 4091 1055 4158 μὲν
1099 4090 1287 4161 ὥσπερ
1318 4095 1430 4154 τοῖς
1473 4091 1702 4145 παθοῦσι
1753 4093 1851 4161 τὴν

276 4180 684 4253 αίχμαλωσίαν,
733 4180 809 4242 ὡς
844 4179 1119 4233 δύσοιστον
1146 4182 1405 4253 ἁνιττλᾷσι
1442 4182 1541 4257 τὴν
1581 4183 1853 4239 ταλαιπω-

280 4275 432 4345 ρίαν,
468 4275 558 4325 καὶ
686 4272 781 4327 καὶ
814 4273 1268 4343 ἀπονοσφίζεσθαι
1308 4277 1518 4329 κελεύει
1547 4277 1730 4329 λοιπὸν
1756 4278 1854 4345 τῆς

278 4366 570 4418 Χαλδαίων
607 4364 809 4435 χώρας,
848 4364 922 4428 ὼς
970 4366 1090 4419 ἐνὸν
1135 4368 1235 4439 ήδη
1276 4368 1432 4420 τοῦτο
1472 4369 1603 4439 δρᾷν
1648 4369 1851 4431 αὐτοῖς,

1923 1904 1991 1957 bo
2016 1902 2107 1956 Dei
2139 1897 2373 1954 inStituti
2395 1898 2529 1964 jam,
2564 1905 2619 1948 et
2651 1894 2740 1961 qui
2779 1891 2847 1945 ad
2876 1891 3016 1944 hunc
3039 1885 3326 1950 terminum
3361 1894 3493 1933 non-

1925 1995 2049 2047 dum
2078 1998 2454 2059 pervenerunt,
2494 1984 2810 2054 pervenient
2854 1990 3032 2035 autem
3059 2017 3073 2041 ,
3101 1986 3155 2032 et
3206 1989 3361 2030 sacra
3403 1972 3495 2027 do-

1926 2083 2095 2135 ctrina
2118 2079 2290 2133 adbnc
2317 2078 2646 2131 imbuuntur.
2676 2073 2987 2128 llabitamus
3016 2069 3311 2129 civitatem,
3335 2076 3494 2131 quam

1930 2173 2104 2227 nnmit
2130 2173 2242 2239 ipse
2264 2170 2513 2225 Christus
2540 2167 2766 2230 viribus,
2808 2171 3038 2235 quantas
3055 2159 3230 2214 oratio
3261 2155 3497 2223 comple-

1928 2266 2000 2319 cti
2055 2263 2195 2317 nulla
2257 2270 2452 2330 potest,
2482 2273 2641 2312 urens
2694 2253 3051 2316 adversarios,
3094 2259 3149 2304 et
3190 2246 3354 2316 gloria
3400 2257 3496 2298 sua

1932 2354 2179 2423 impletis,
2202 2362 2255 2406 et
2282 2352 2435 2419 quasi
2463 2350 2514 2402 in
2542 2348 2717 2401 medio
2753 2343 3105 2399 habitantium
3158 2348 3328 2399 stans,
3382 2337 3501 2402 qni—

1934 2448 2034 2501 bus
2065 2446 2116 2499 id
2147 2442 2411 2513 promisit,
2438 2441 2489 2493 in
2524 2440 2637 2493 luec
2689 2436 2849 2491 verba
2884 2453 2943 2489 ει
2984 2434 3124 2488 Ecce
3173 2440 3274 2493 ego
3326 2424 3502 2479 vobis-

1934 2553 2054 2590 cum
2093 2550 2208 2588 sum
2238 2532 2489 2585 omnibus
2528 2520 2715 2583 diebus
2776 2539 2947 2595 usque
2976 2524 3041 2577 ad
3086 2517 3505 2575 consummatio-

1938 2642 2055 2679 nem
2088 2624 2266 2678 saeculi
2289 2624 2391 2675 ³’.›
2424 2620 2594 2689 Hujus
2618 2628 2817 2673 sanctae
2849 2614 3084 2669 civitatis
3115 2609 3359 2665 meminit
3408 2606 3509 2657 ali-

1935 2720 2057 2772 cubi
2087 2716 2347 2785 propheta
2377 2726 2592 2783 quoque
2618 2709 2801 2769 Isaias,
2834 2707 2917 2761 his
2952 2704 3131 2759 verbis
3154 2719 3172 2755 :
3205 2720 3223 2752 r
3254 2699 3405 2754 Oculi
3431 2698 3505 2750 tni

1940 2811 2194 2863 vidcbunt
2220 2806 2539 2866 Jerusalem,
2568 2802 2760 2857 civitas
2792 2800 2960 2859 dives,
3011 2791 3356 2850 tabernaeuia
3390 2803 3510 2858 qua:

1940 2917 2043 2955 non
2072 2897 2570 2956 commovebuntur,
2610 2907 2783 2961 neque
2812 2889 3168 2944 movebuntur
3200 2883 3379 2953 paxilli
3430 2893 3511 2933 ta-

1939 2991 2212 3047 bernaculi
2240 2989 2374 3057 eius,
2399 3000 2573 3054 neque
2601 2982 2821 3038 funiculi
2848 2979 2963 3048 ejus
2993 2972 3505 3044 disrumpeutur”.»

1944 3085 2005 3138 Et
2036 3086 2203 3152 ipsam
2246 3081 2325 3135 sic
2354 3077 2664 3144 alloquitur.
2701 3094 2717 3123 ι
2753 3071 2921 3126 Dilata
2980 3069 3155 3123 locum
3185 3062 3511 3119 tabernaculi

1944 3176 2040 3237 tui,
2077 3182 2132 3227 et
2165 3170 2517 3226 tentoriorum
2544 3178 2776 3220 tuorum.
2818 3163 2968 3232 Fige,
2998 3176 3062 3213 ne
3097 3172 3308 3226 parcas,
3339 3155 3514 3207 adhuc.

1941 3268 2007 3319 ad
2031 3265 2303 3320 deXIeram
2327 3271 2382 3315 et
2409 3260 2682 3315 sinistram
2714 3255 2877 3311 dilata
2907 3253 2973 3306 “.
3011 3268 3029 3302 ι
3068 3249 3328 3303 Dilatatnr
3373 3244 3515 3297 enim

1944 3354 2181 3411 Ecclesia
2240 3351 2483 3412 Christi,
2533 3360 2588 3402 et
2636 3350 2688 3400 in
2761 3348 3084 3398 immensum
3161 3337 3469 3392 extenditur
3501 3376 3515 3398 ,

1946 3442 2365 3501 innumerabiles
2440 3452 2654 3510 semper
2720 3439 2897 3507 ipsum
2974 3435 3263 3489 adorantes
3348 3428 3520 3483 susci-

1948 3552 2117 3608 picus.

2018 3737 2183 3792 Vens.
2218 3736 2279 3801 6,
2309 3733 2361 3790 7.
2395 3732 2471 3795 0,
2500 3748 2529 3785 ο
2576 3729 2737 3800 fugite
2778 3727 2841 3781 de
2884 3735 3022 3780 terra
3065 3723 3355 3798 gquilonis,
3389 3721 3520 3774 dicit

1952 3830 2208 3885 Dominus
2232 3843 2250 3880 :
2275 3827 2394 3899 quia
2420 3827 2483 3878 de
2504 3834 2728 3893 quatuor
2755 3820 2914 3875 ventis
2937 3825 3051 3878 ςτείὶ
3075 3814 3391 3894 congregabo
3416 3832 3521 3877 vos.

1950 3922 2075 3974 dicit
2104 3919 2376 3972 Dominus.
2401 3916 2465 3969 In
2496 3914 2622 3969 Sion
2653 3912 2951 3980 miramini,
2973 3915 3059 3986 qui
3087 3914 3333 3965 habitatis
3359 3911 3525 3978 ﬁlium

1954 4009 2261 4079 Babylonis.

2029 4099 2475 4171 Xllflugemiscit
2497 4097 2894 4169 quodammodo
2920 4110 3081 4163 super
3106 4094 3170 4146 iis
3216 4092 3306 4161 qui
3334 4088 3526 4156 captivi

1958 4197 2200 4257 I'ueraut,
2234 4203 2289 4245 ut
2338 4206 2575 4245 aerumna
2628 4187 2953 4243 intolerabili
3005 4184 3254 4237 exercitis
3305 4196 3319 4235 :
3371 4190 3529 4248 atque

1962 4288 2124 4342 etiam
2159 4285 2222 4339 de
2256 4294 2452 4338 czetero
2483 4282 2741 4336 decedere
2763 4278 3128 4334 Chaldaeorum
3167 4289 3307 4330 terra
3341 4275 3526 4328 horta-

1958 4384 2063 4438 tur,
2085 4376 2225 4445 qnod
2255 4374 2356 4427 illis
2379 4374 2489 4442 jam
2516 4372 2655 4426 istud
2681 4370 2858 4424 facere
2886 4370 3094 4423 nemine
3117 4377 3327 4421 vetante
3354 4366 3533 4437 liceat,

277 4456 622 4525 ἐξείργοντος
655 4455 886 4519 οὐδενὸς,
931 4457 1096 4511 αὑτοῦ
1122 4475 1181 4511 τε
1223 4459 1567 4526 συλλέγοντος
1600 4463 1662 4513 ὲκ
1694 4461 1835 4513 τόποι

1964 4480 2015 4522 et
2049 4470 2161 4536 ipse
2205 4466 2436 4520 hostium
2482 4456 2927 4530 impressionibns
2976 4462 3251 4530 dispersos
3295 4458 3529 4527 colligat.

280 4545 487 4607 παντὸς
515 4547 640 4608 τοὺς
663 4550 782 4610 ταῖς
809 4549 917 4600 τῶν
947 4550 1221 4618 πολεμίων
1246 4552 1565 4620 προσϐολαῖς
1602 4570 1861 4605 κατεσκε-

276 4638 605 4708 δασμένους.
658 4639 941 4711 Θυγατέρα
985 4643 1042 4694 δὲ
1090 4644 1435 4707 Βαὸυλῶνος,
1495 4647 1584 4697 καὶ
1632 4646 1733 4715 γῆν
1770 4649 1862 4700 τοῦ

1968 4560 2158 4615 Filiam
2191 4572 2350 4626 porro
2368 4554 2653 4625 Babylonis
2677 4562 2728 4608 et
2749 4560 2945 4607 terram
2975 4551 3240 4620 aquilonis
3266 4547 3536 4602 Cbaldmo-

1975 4666 2090 4703 rum
2110 4649 2376 4717 regionem
2399 4648 2657 4699 nominat.
2677 4641 3151 4712 Metropoleseuim
3172 4638 3292 4691 aliis
3316 4637 3537 4690 urbibus

285 4728 485 4801 βορρᾶ,
532 4729 633 4800 τὴν
656 4730 781 4799 ζτῶν
826 4733 1105 4787 Χαλδαίων
1127 4734 1309 4804 χώραν
1351 4736 1621 4805 ὀνομάζει.
1655 4740 1719 4790 Δί
1757 4739 1827 4806 γὰ

1974 4740 2076 4793 sibi
2101 4735 2357 4804 subjectis
2377 4737 2545 4790 instar
2575 4746 2807 4788 matrum
2842 4742 2985 4787 sunt.
3006 4729 3385 4785 Clialdreorum
3414 4740 3540 4779 vero

289 4823 657 4893 μητροπόλεις
685 4825 745 4876 ὲν
765 4825 915 4889 τάξει
949 4826 1198 4896 μητέρων
1223 4827 1483 4879 τέθεινται
1510 4832 1628 4891 ταῖς
1657 4829 1864 4891 ἄλλαις,

286 4914 345 4966 αἳ
381 4914 674 4983 πράττοιεν
711 4914 777 4966 ἂν
803 4915 892 4966 ὑπ’
918 4916 1126 4976 αὑταῖς.
1162 4914 1479 4985 Βορειοτὲρα
1525 4916 1580 4967 δέ
1619 4934 1734 4979 πως
1776 4919 1869 4968 καὶ

1980 4827 2123 4894 regio
2143 4825 2448 4893 aquilonem
2469 4824 2942 4877 iutcretorientem
2966 4822 3065 4875 sita
3084 4829 3186 4874 est.
3211 4818 3273 4871 Et
3299 4818 3397 4870 ista
3425 4815 3542 4883 qui-

1980 4918 2099 4969 d‘em
2120 4934 2144 4968 a
2169 4918 2318 4969 nobis
2337 4928 2627 4969 secundum
2652 4914 2929 4969 historiam
2959 4914 3098 4966 dicta
3121 4924 3331 4965 rursum
3358 4919 3538 4962 sunto.

288 5000 431 5070 πρὸς
455 4999 538 5069 hic
568 5003 815 5071 κειμένη,
850 5002 957 5054 τῶν
990 5002 1270 5055 Χαλδαίων
1309 5006 1340 5073 ἡ
1383 5002 1555 5073 χώρα.
1598 5007 1705 5057 Καὶ
1747 5006 1902 5059 ταυτὶ
1945 5007 2042 5076 μὲν
2076 5009 2226 5077 ἡμῖν,
2255 5006 2328 5070 ὡς
2373 5006 2510 5078 πρὸς
2553 5022 2616 5074 γε
2684 5005 2750 5057 τὰ
2785 5005 2847 5057 ἐκ
2896 5005 2993 5067 τῆς
3039 4995 3277 5072 ἱστορίας
3310 4999 3545 5072 εἰρήσθω

292 5096 486 5149 πάλιν.

366 5185 689 5255 Μεταφοιτᾷ
718 5184 775 5237 δὲ
811 5186 839 5236 ὁ
869 5183 1025 5251 λόγος
1060 5185 1137 5244 είς
1178 5183 1409 5252 Θεωρίαν
1441 5182 1537 5253 τὴν
1584 5200 1879 5255 πνευματι-

290 5279 419 5347 κὴν,
448 5277 547 5328 καὶ
585 5275 643 5327 τὸ
671 5274 764 5328 τοῦ
795 5276 1045 5345 Σωτῆρος
1073 5275 1172 5345 ἤδη
1198 5293 1311 5337 πως
1341 5277 1665 5346 εἰσκρίνεται
1694 5276 1865 5346 πρόσ-

257 5383 469 5426 -ωπον,
533 5363 1098 5433 καταγλυκαινομένου
1158 5364 1356 5432 τρόπον
1406 5364 1559 5428 τινὰ,
1616 5365 1772 5434 μόνον
1814 5363 1869 5415 δὲ

2059 5183 2279 5236 Transit
2299 5192 2474 5237 autem
2499 5197 2679 5238 sermo
2697 5183 2762 5235 ad
2780 5181 3264 5236 considerationem
3286 5178 3541 5245 Spiriltta‘

1977 5273 2098 5334 lein,
2122 5283 2173 5325 et
2203 5286 2486 5341 personam
2514 5272 2809 5326 Salvatoris
2832 5272 3083 5341 deinceps
3118 5270 3373 5329 insinuat,
3402 5266 3540 5319 dulci

1980 5366 2171 5419 aﬂectu
2211 5365 2369 5419 veluti
2421 5364 2799 5433 liquescentis,
2832 5370 2886 5416 et
2921 5360 3304 5433 propemodum
3337 5356 3545 5427 illacry-

291 5458 418 5526 οὐχὶ
462 5454 558 5508 καὶ
592 5453 1009 5523 ἐπιδακρύοντος
1040 5457 1149 5517 τοῖς
1190 5458 1281 5507 ἐπὶ
1313 5456 1409 5525 τῆς
1438 5455 1559 5523 γῆς,
1590 5455 1677 5507 διὰ
1706 5472 1787 5507 τοι
1814 5471 1835 5506 τ

1984 5457 2180 5512 mantis
2195 5456 2529 5520 mortalibus,
2563 5456 2686 5525 quia
2701 5470 2888 5510 omnes
2902 5455 2965 5510 ad
2982 5465 3266 5524 tyrannum
3286 5451 3544 5506 Satanam

295 5548 511 5608 πάντας
541 5545 637 5616 τὴν
668 5544 759 5598 τοῦ
775 5547 1203 5616 τυραννήσαντος
1227 5548 1438 5600 Σατανᾶ
1464 5547 1715 5617 λατρείαν
1745 5549 1876 5599 ὑπο-

1982 5549 2263 5604 colendum
2305 5559 2613 5618 properent,
2634 5549 2780 5603 etilli
2816 5548 3053 5603 serviant
3076 5544 3389 5601 servitutem
3415 5542 3546 5599 adeo

372 5724 421 5756 “
457 5723 643 5779 Matth.
678 5740 869 5792 xvvm,
905 5724 992 5778 20.
1070 5726 1114 5756 ⁸³
1145 5726 1245 5781 lsa.
1282 5742 1475 5791 xxxiii,
1507 5727 1596 5781 ‘20.
1675 5728 1716 5757 "°
1756 5727 1856 5781 Isa.
1888 5740 1994 5793 LIV,
2031 5724 2085 5780 2.
