4120 6564
299 386 368 442 ετ
1109 355 1659 432 COMMENTARIUS
1697 373 1765 429 IN
1805 371 2206 429 zscuamsu
2248 367 2690 425 raopnsrau.
3026 430 3031 435 ,
3468 373 3538 428 ss

302 493 701 561 ὑπενεγκόντας
747 493 928 559 ζυγοῖς
972 492 1095 554 τοὺς
1148 491 1241 543 ἐπὶ
1282 489 1381 560 τῆς
1423 489 1548 560 γῆς,
1592 487 1870 542 τουτέστιν

1987 501 2087 558 gnte
2124 496 2179 542 et
2214 485 2537 540 adversaria:
2578 490 2871 553 potestates
2911 483 3231 551 impotenter
3264 484 3539 553 deprzedac

302 585 472 655 ἡμᾶς,
520 583 611 644 οὓς
663 584 717 636 αί
770 581 1000 652 πονηραὶ
1061 580 1149 634 καί
1204 580 1578 650 ἀντικείμεναι
1615 578 1871 649 δυνάμεις

260 691 262 694 '
304 675 544 743 ἀσχέτως
593 671 989 741 κατεληῖζοντο.
1048 670 1404 725 Σκυλεύονται
1462 670 1518 723 δὲ
1575 671 1724 736 νυνὶ,
1775 669 1870 723 τοῦ

307 764 520 817 πάντων
555 761 708 831 ἡμῶν
732 761 984 831 Σωτῆρος
1014 760 1249 832 Χριστοῦ
1278 761 1699 831 συγκομίζοντος
1725 761 1871 831 ἡμᾶς

303 852 392 906 διὰ
443 850 539 920 τῆς
592 851 828 914 πίστεως
886 853 966 915 είς
1019 850 1229 915 ἑαυτὸν,
1275 852 1368 904 καὶ
1417 850 1578 913 ἰδίους
1629 851 1872 913 ἱστάντος

306 940 705 1011 προσκυνητάς,
756 941 880 1003 τοὺς
929 942 1049 1004 ταῖς
1090 941 1218 1013 παρ’
1271 941 1494 994 ἐκείνων
1541 941 1874 1007 πλεονεξίαις

305 1030 785 1101 πεφορτισμένους,
824 1031 916 1084 καὶ
946 1030 1214 1100 τοσαύτην
1257 1033 1386 1102 ἡμῖν
1417 1032 1745 1103 παρέχοντος
1775 1035 1874 1103 τὴν

305 1121 621 1188 ἀσφάλειαν,
647 1120 786 1174 ὥστε
819 1121 911 1174 τὸν
949 1122 1198 1176 ἐθέλοντα
1225 1123 1434 1187 λυπεῖν,
1466 1125 1745 1194 μονονουχὶ
1772 1125 1874 1194 τῆς

310 1209 443 1272 ιδίας
481 1210 746 1264 ἅπτεσθαι
778 1212 969 1282 κόρης.
999 1212 1395 1285 Περιτρέπεται
1422 1218 1529 1285 γὰρ
1562 1217 1757 1287 ἀείπερ
1794 1218 1873 1280 είς

309 1301 417 1351 πᾶν
447 1302 755 1355 τούναντίον
780 1302 887 1354 τῶν
914 1304 1250 1373 πραγμάτων
1291 1306 1322 1374 ἡ
1353 1305 1575 1368 ἔκϐασις
1615 1309 1725 1367 τοῖς
1752 1306 1873 1358 διώ-

307 1406 461 1442 κουσι
492 1394 589 1461 τῆν
632 1391 975 1462 Ἐκκλησίαν,
1008 1393 1219 1459 λέγοιτο
1246 1394 1292 1446 δ’
1336 1395 1402 1447 ἂν
1444 1396 1526 1464 ἐφ’
1560 1397 1773 1466 ἑκάστῳ
1814 1395 1875 1448 τὸ

308 1483 365 1532 ὲν
394 1481 641 1550 Ψαλμοῖς
661 1500 673 1513 ο
714 1501 731 1534 ι
769 1484 985 1537 Λάκκον
1016 1483 1211 1554 ὤρυξε,
1240 1486 1332 1538 καὶ
1370 1487 1672 1556 ἀνέσκαψεν
1692 1489 1871 1550 αὐτὸν,

308 1572 400 1624 καὶ
423 1574 743 1642 ἐμπεσεῖται
768 1576 846 1637 είς
881 1573 1070 1644 βόθρον
1117 1575 1178 1627 ὃν
1204 1577 1519 1645 εἰργάσατο’
1555 1578 1873 1647 ἐπιστρέψει

305 1663 334 1713 ό
378 1662 538 1725 πόνος
586 1662 749 1715 αὐτοῦ
788 1664 868 1726 είς
896 1664 1138 1736 κεφαλὴν
1168 1667 1352 1731 αὐτοῦ,
1384 1669 1480 1721 καὶ
1503 1668 1595 1721 ἐπὶ
1632 1670 1873 1741 κορυφὴν

306 1752 470 1805 αὑτοῦ
500 1754 537 1821 ἠ
574 1753 753 1807 ἀδικία
802 1753 970 1808 αὐτοῦ
1020 1756 1414 1827 καταϐήσεται.
1474 1778 1492 1809 ι
1548 1759 1777 1829 ’Ἂψεται
1809 1762 1873 1831 δὴ

1979 582 2190 632 bantur.
2223 574 2372 632 Nunc
2417 575 2650 631 vicissim
2693 572 3009 642 spoliantur.
3041 573 3254 628 Christo
3300 577 3538 630 omnium

1980 679 2218 725 nostrum
2268 666 2547 721 Salvatore
2606 681 2703 719 nos
2759 665 2809 718 in
2870 665 2987 732 ipso
3038 676 3394 733 congregante
3448 683 3542 735 per

1980 760 2160 825 ﬁdem,
2182 768 2237 813 et
2263 761 2575 813 adoratores
2601 771 2728 811 suos
2758 756 2969 810 illorum
3002 757 3238 823 pmentia
3288 763 3342 809 rt
3368 756 3543 810 domi:-

1981 853 2196 906 natione
2215 849 2498 905 amictatos
2518 850 2849 913 instituentc,
2867 857 3177 917 tantamque
3197 848 3541 902 securitatem

1981 943 2237 998 aﬂ‘erente
2264 952 2319 996 ut
2348 942 2439 1010 qui
2475 941 2628 993 nobis
2659 940 2920 993 exhibere
2953 937 3255 992 molestiam
3289 944 3541 997 conetur,

1984 1044 2184 1088 tantum
2232 1049 2337 1087 non
2388 1030 2636 1100 pupillam
2684 1044 2833 1084 suam
2890 1037 3093 1098 tangat.
3131 1029 3355 1097 Semper
3397 1029 3540 1081 enim

1982 1125 2413 1194 persecutoribus
2450 1122 2703 1177 Ecclesiae
2738 1131 2965 1175 conatus
3010 1121 3245 1189 ipsorqu
3294 1120 3346 1173 in
3384 1128 3540 1186 caput

1983 1215 2320 1274 reciderunt,
2358 1222 2414 1265 et
2457 1210 2624 1280 possit
2668 1224 2830 1278 super
2875 1222 3195 1276 unoquoque
3245 1207 3349 1260 dici
3399 1207 3543 1272 quod

1982 1313 2161 1360 exstat
2189 1306 2238 1358 itt
2262 1303 2492 1356 Psalmis
2523 1322 2534 1355 :
2572 1320 2591 1354 ι
2631 1300 2828 1355 Larum
2858 1300 3089 1367 aperuit,
3112 1307 3166 1352 et
3193 1296 3377 1351 eﬂ'ndit
3398 1311 3541 1355 cum,

1981 1406 2035 1450 et
2076 1395 2231 1450 cadet
2266 1395 2318 1449 in
2365 1393 2570 1447 foveam
2608 1407 2767 1462 quam
2813 1389 2969 1457 fecit;
3012 1398 3352 1444 cunvertetur
3392 1385 3544 1439 labor

1981 1487 2099 1558 ejus
2142 1488 2193 1540 in
2233 1494 2389 1555 caput
2433 1484 2620 1553 ipsius,
2647 1493 2703 1537 et
2740 1483 2791 1535 in
2839 1482 3094 1536 verticem
3136 1480 3251 1549 ejus
3286 1479 3545 1549 iniquitas

1983 1576 2150 1646 ipsius
2190 1575 2475 1630 descendet
2497 1574 2561 1625 “.
2602 1591 2620 1624 ι
2659 1571 2864 1642 Tanget
2897 1570 3063 1641 igitur
3094 1584 3183 1637 se,
3216 1568 3422 1638 inquit,
3453 1566 3545 1636 qui

1981 1668 2267 1722 animabus
2304 1667 2355 1720 in
2394 1680 2479 1718 me
2512 1664 2847 1719 credentium
2894 1662 3199 1717 insidiatur.
3239 1659 3348 1714 Hoc
3384 1660 3547 1727 igitur
3622 1662 3633 1674 '

1982 1773 2077 1828 per
2118 1757 2456 1813 Psalmistam
2504 1755 2632 1809 dicit
2678 1772 2690 1808 :
2746 1770 2765 1803 ι
2821 1751 2998 1808 Nolite
3055 1760 3274 1817 tangere
3311 1748 3548 1805 chris-tos

306 1838 398 1895 οὖν
428 1843 644 1907 ἑαυτοῦ,
692 1845 876 1915 φησὶν,
926 1847 954 1898 ό
981 1848 1103 1911 ταῖς
1133 1847 1241 1900 τῶν
1284 1850 1408 1918 ἐμοὶ
1446 1853 1880 1906 πεπιστευκότων

1987 1863 2161 1912 meos,
2188 1857 2242 1901 et
2271 1848 2322 1900 iu
2360 1846 2636 1915 prophetis
2668 1835 2801 1898 meis
2831 1843 2994 1897 nolite
3027 1842 3301 1912 malignari
3326 1840 3388 1893 δ’.
3425 1858 3445 1891 ι
3491 1867 3548 1878 -

309 1933 671 1988 ἐπιϐουλεύων
697 1935 914 2005 ψυχαῖς.
955 1937 1127 1991 Τοῦτό
1155 1938 1236 1991 τοί
1268 1955 1400 2009 φησι
1428 1940 1521 1992 καὶ
1540 1940 1628 1994 διὰ
1653 1941 1752 2011 τῆς
1786 1942 1879 1994 τοῦ

308 2024 612 2088 Ψάλλοντος
640 2026 855 2094 φωνῆς·
890 2045 909 2078 ι
949 2026 1040 2098 Μὴ
1070 2026 1305 2081 ἅπτεσθε
1338 2028 1446 2081 τῶν
1469 2030 1720 2101 Χριστῶν
1750 2048 1874 2101 μου,

308 2114 400 2167 καὶ
433 2116 490 2167 ὲν
511 2117 623 2179 τοῖς
657 2118 961 2186 προφήταις
989 2135 1092 2188 μου
1123 2114 1203 2190 μὴν
1229 2120 1616 2191 πονηρεύεσθε.
1640 2141 1657 2172 ι
1676 2153 1745 2162 -
1771 2142 1788 2173 ι
1815 2124 1875 2176 Ei

308 2206 417 2277 γάρ
449 2206 619 2276 ἐσμεν
663 2206 824 2276 σῶμα
863 2207 1119 2279 Χριστοῦ,
1154 2210 1249 2263 καὶ
1296 2211 1432 2282 μέλη
1480 2213 1544 2265 ὲκ
1595 2212 1807 2283 μέλους,
1853 2233 1870 2264 ι

310 2294 426 2356 πῶς
462 2293 528 2348 ἂν
555 2295 774 2366 πρόοιτο
800 2298 913 2360 τοῖς
938 2297 1389 2370 φιλαμαρτήμοσι
1429 2302 1490 2355 τὸ
1524 2303 1653 2356 ἴδιον
1684 2305 1875 2374 σῶμα;

1984 1956 2004 1990 ι
2057 1937 2113 1991 Si
2157 1937 2299 1991 enim
2344 1951 2531 1991 sumus
2579 1950 2776 2004 corpus
2827 1934 3057 1996 Christi,
3093 1942 3147 1986 et
3198 1932 3430 1985 membra
3481 1934 3547 1983 de

1984 2031 2225 2085 membro
2246 2030 2290 2061 ”
2322 2029 2419 2101 (l),
2457 2047 2475 2081 ι
2501 2032 2767 2098 quomodo
2787 2042 2983 2097 corpus
3000 2042 3154 2081 suum
3178 2027 3550 2093 peccatoribus

1983 2120 2274 2190 obiecerit?
2300 2131 2391 2176 aut
2415 2123 2680 2192 quomodo
2708 2122 2945 2177 membra
2978 2136 3073 2174 sua
3100 2118 3253 2172 malis
3286 2117 3547 2171 cumulari

1984 2214 2335 2268 sustinuerit?
2365 2215 2495 2277 luto,
2525 2214 2792 2282 quomodo
2822 2226 2927 2265 non
2958 2210 3145 2263 ultima
3177 2209 3324 2261 luant
3349 2206 3551 2274 suppli-

1986 2308 2092 2372 cia,
2119 2306 2209 2375 qui
2241 2307 2415 2361 servis
2440 2306 2558 2375 ejus
2585 2305 2846 2359 scelerate
2878 2302 3101 2356 insidias
3136 2298 3460 2353 moliuntur?

310 2387 344 2453 ἢ
378 2387 496 2450 πῶς
531 2387 777 2453 ἀνέξεται
810 2389 995 2443 κακῶν
1022 2392 1374 2463 ἀναπιμπλᾷν
1411 2393 1481 2446 τὰ
1550 2395 1721 2466 μέλης
1789 2394 2003 2449 Μᾶλλον
2033 2397 2111 2461 δὲ,
2158 2398 2273 2460 πῶς
2333 2398 2433 2451 οὐκ
2502 2396 2569 2450 ἂν
2608 2395 2707 2468 τὴν
2751 2394 2984 2467 ἐσχάτην
3022 2393 3335 2447 ἀποτίσειαν
3375 2391 3549 2458 δίκην,

309 2478 358 2530 oi
390 2479 503 2538 τοῖς
535 2477 631 2530 ὑπ’
655 2477 804 2550 αὐτῷ
833 2480 1112 2548 γεγονόσιν
1146 2483 1373 2547 ἀνοσίως
1407 2484 1880 2551 ἐπιϐουλεύοντεςς

378 2565 533 2617 Διότι
589 2563 719 2616 ἰδοὺ
771 2566 887 2633 ἐγὼ
930 2568 1188 2637 ἐπιφέρω
1246 2571 1364 2639 τὴν
1417 2573 1585 2642 χεῖρά
1627 2593 1746 2644 μου
1785 2575 1877 2627 ἐπ’

309 2652 550 2720 αὐτοὺς,
609 2655 709 2707 καί
760 2654 1004 2710 ἔσονται
1046 2659 1251 2714 σκῦλα
1303 2662 1428 2728 τοῖς
1481 2663 1880 2718 δουλεύουσιν

312 2743 536 2809 αὐτοῖς,
565 2742 664 2796 καί
690 2742 995 2811 γνώσεσθε
1025 2745 1175 2801 διότι
1214 2749 1429 2817 Κύριος
1456 2750 1880 2821 παντοκράτωρ

313 2832 726 2898 ἐξαπέσταλκέ
745 2849 844 2903 με.

382 2924 480 2979 ΙΔ’.
525 2924 739 2994 Ἥψατο
764 2925 872 2998 γὰρ
906 2927 1016 2982 τῶν
1060 2933 1517 3004 κοσμοκρατόρων
1559 2933 1650 2988 τοῦ
1690 2935 1881 2997 αἰῶνος

2062 2572 2219 2626 Vens.
2248 2570 2301 2625 9.
2329 2570 2468 2636 Quia
2499 2570 2616 2623 ecce
2648 2584 2740 2638 ego
2768 2566 2937 2634 infero
2968 2580 3179 2618 manum
3208 2580 3371 2620 meam
3401 2586 3553 2638 super

1985 2676 2093 2720 eos,
2110 2674 2154 2713 et
2177 2669 2326 2713 erant
2346 2659 2537 2725 praedae
2556 2658 2634 2710 his
2653 2657 2742 2725 qui
2761 2658 3038 2710 servierant
3059 2655 3151 2718 eis,
3168 2664 3213 2706 et
3236 2662 3551 2725 cognoscetis

1984 2751 2108 2819 quia
2138 2750 2387 2803 Dominus
2411 2749 2726 2815 omnipotens
2756 2747 2894 2799 misit
2918 2761 3017 2804 me.

2060 2919 2197 2977 XIV.
2222 2920 2416 2991 Tetigit
2444 2921 2586 2976 enim
2620 2932 2857 2979 rectores
2886 2925 3064 2979 mundi
3100 2925 3255 2992 hujus
3283 2926 3550 2993 Christus,

311 3014 500 3067 τούτου
522 3015 776 3085 Χριστὸς,
805 3016 899 3072 καὶ
923 3019 1180 3091 ἀφορήτῳ
1200 3022 1341 3092 χειρὶ
1365 3024 1461 3086 τὰς
1486 3023 1576 3077 τοῦ
1602 3026 1880 3094 μιαιφόνου

1992 3026 2257 3082 manuque
2283 3013 2612 3069 intoleranda
2646 3017 2851 3069 cruenti
2878 3017 3127 3071 draconis
3159 3018 3332 3087 capita
3358 3021 3555 3073 contri-

311 3104 602 3176 δράκοντος
653 3106 939 3177 συνέτριψε
994 3110 1271 3179 κεφαλὰς,
1334 3113 1425 3166 καὶ
1474 3113 1702 3168 δέδωκεν
1752 3116 1882 3186 ἡμῖν

320 3215 337 3247 ι
383 3199 572 3250 πατεῖν
613 3197 799 3252 ὲπάνω
830 3199 1006 3267 ὄφεων
1051 3204 1145 3254 καὶ
1182 3203 1477 3273 σκορπίων,
1512 3206 1604 3257 καὶ
1650 3204 1740 3257 ἐπὶ
1778 3207 1880 3258 πᾶα

317 3303 415 3341 σαν
441 3288 541 3357 τὴν
580 3287 809 3359 δύναμιν
849 3289 944 3343 τοῦ
990 3291 1207 3363 ἐχθροῦ.
1248 3312 1267 3344 ι
1304 3294 1413 3347 Καὶ
1453 3297 1501 3348 oi
1532 3296 1661 3348 ποτὲ
1696 3295 1881 3359 δεινοὶ,

316 3377 412 3430 καὶ
444 3377 808 3448 παγχάλεποι,
859 3379 954 3433 καὶ
991 3380 1317 3450 δυσάντητον
1350 3382 1562 3453 ἔχοντες
1590 3385 1689 3456 τὴν
1720 3403 1887 3457 προσ-

317 3468 498 3540 σολὴν,
544 3470 800 3538 γεγόνασι
851 3469 1023 3523 σκῦλα
1069 3473 1181 3535 τοῖς
1226 3472 1627 3527 δεδουλευκόσιν
1682 3477 1883 3540 αὐτοῖς.

329 3560 518 3630 Ἡμεῖς
543 3562 651 3632 γάρ
684 3563 733 3614 oi
769 3562 936 3615 πάλαι
962 3565 1081 3625 ταῖς
1125 3564 1419 3633 ἁμαρτίαις
1444 3567 1884 3636 τυραννούμενοι,

313 3651 713 3723 δεδικαιώμεθα
747 3655 846 3725 μὲν
879 3657 937 3709 ἐν
961 3657 1203 3729 Χριστῷ,
1230 3657 1512 3729 ἀφίγμεθα
1538 3660 1595 3713 δὲ
1622 3662 1719 3732 ἢδη
1753 3662 1887 3733 πρὸς

314 3740 475 3795 τοῦτο
506 3742 692 3797 λοιπὸν
722 3745 986 3816 εὐθυμίας
1024 3750 1419 3819 πνευματικῆς,
1454 3750 1529 3814 ῶς
1567 3751 1889 3823 διαπρέπειν

313 3831 575 3887 δύνασθαι
616 3833 707 3888 διὰ
740 3835 922 3907 πάσης
951 3838 1173 3910 ἀρετῆς,
1206 3841 1297 3893 καὶ
1340 3842 1431 3894 τὸν
1472 3845 1530 3895 ἐν
1572 3844 1790 3914 Χριστῷ
1829 3863 1886 3898 τε

317 3926 414 3978 καὶ
468 3926 760 3993 ἀγγελικὸν
801 3931 1143 4000 κατορθῶσαι
1188 3930 1487 4001 βίον,ηεῖτα
1537 3937 1888 4006 χαρισμάτων

314 4014 768 4087 ἀναπίμπλασθαι
794 4018 903 4070 τῶν
934 4022 1064 4090 παρ’
1091 4021 1281 4088 αὐτοῦ,
1312 4024 1405 4076 καὶ
1427 4023 1610 4078 λαϐεῖν
1643 4024 1887 4088 ἐξουσίαν

315 4105 458 4160 κατά
491 4109 818 4177 πνευμάτων
846 4110 1193 4181 ἀκαθάρτων,
1229 4113 1323 4166 καὶ
1358 4110 1610 4185 δαίμοσιν
1655 4116 1887 4179 ἀνοσίοις

315 4198 600 4270 ἀπιτιμᾷν,
631 4199 1104 4271 ὕποστρωννύντος
1143 4204 1401 4275 Χριστοῦ,
1438 4206 1531 4259 καὶ
1580 4206 1889 4277 συντρίϐονς

313 4307 405 4351 τος
440 4290 545 4344 ὑπὸ
571 4291 737 4355 πόδας
764 4292 937 4362 ἁγίων
962 4294 1125 4348 αὐτόν
1158 4312 1217 4347 τε
1247 4297 1338 4349 τὸν
1383 4295 1622 4350 Σατανᾶν
1663 4298 1757 4350 καὶ
1790 4299 1889 4360 τὰς

1987 3102 2147 3168 vit“,
2178 3104 2428 3173 deditque
2462 3105 2617 3160 nobis
2656 3124 2674 3157 ι
2714 3105 2927 3161 calcare
2963 3122 3121 3175 supra
3159 3119 3438 3177 serpentes
3498 3120 3557 3162 et

1985 3196 2327 3263 scorpiones,
2355 3205 2409 3249 et
2447 3210 2609 3266 super
2648 3211 2862 3251 omnem
2904 3199 3154 3251 virtutem
3201 3200 3400 3253 inimici
3424 3199 3487 3253 ⁸⁵.
3528 3220 3549 3255 ι

1986 3287 2051 3340 Ει
2081 3286 2171 3355 qui
2207 3297 2365 3341 erant
2397 3288 2685 3355 aliquando
2716 3289 3081 3346 formidabiles
3112 3300 3162 3345 ct
3193 3294 3516 3347 atrocissimi
3537 3334 3552 3356 ,

1987 3378 2286 3447 quibusque
2315 3382 2529 3434 obviam
2566 3380 2630 3435 iri
2663 3396 2768 3434 non
2796 3390 3040 3449 poterat,
3072 3382 3195 3438 iacti
3231 3396 3349 3438 sunt
3380 3386 3552 3454 spolia

1987 3469 2157 3524 servis
2208 3471 2339 3524 suis.
2389 3470 2500 3525 Nos
2553 3470 2695 3524 enim
2747 3471 2838 3539 qui
2889 3474 3158 3541 quondam
3214 3484 3553 3542 peceatornm

1989 3559 2323 3628 tyrannidem
2379 3561 2734 3629 patiebamur,
2770 3561 3050 3630 justiﬁcati
3101 3565 3318 3632 quidem
3371 3582 3554 3619 sumus

1990 3649 2042 3702 in
2070 3650 2285 3703 Christo
2307 3650 2372 3714 ‘°,
2396 3650 2577 3719 etjam
2608 3650 2673 3704 ad
2712 3661 2912 3706 tantam
2942 3658 3282 3709 securitatem
3313 3658 3555 3724 spiritua-

1988 3738 2091 3794 lem
2117 3741 2476 3807 pervenimus,
2505 3753 2559 3795 ut
2582 3743 2728 3796 omni
2755 3744 2951 3797 virtute
2978 3747 3245 3813 possimus
3268 3749 3551 3815 excellere,

1987 3841 2044 3885 et
2073 3833 2125 3887 in
2157 3833 2372 3889 Christo
2404 3836 2568 3887 vitam
2604 3835 2898 3905 angelicam
2933 3839 3099 3904 probe
3124 3838 3333 3905 vivere;
3366 3841 3555 3895 deinde

1988 3924 2333 3979 charismatis
2380 3926 2494 3992 ejus
2546 3926 2767 3994 repleri,
2837 3934 2890 3981 et
2938 3927 3183 3997 accipere
3237 3938 3552 3997 potestatem

1988 4028 2174 4069 contra
2210 4017 2432 4084 spiritus
2468 4018 2806 4081 immundos,
2840 4029 2893 4072 et
2930 4020 3199 4075 dmmones
3234 4020 3553 4092 increpare,

1986 4107 2153 4179 670
2208 4109 2586 4163 substerneute
2644 4111 2893 4177 Christo,
2935 4121 2988 4165 et
3044 4113 3214 4180 ipsum
3268 4113 3553 4174 Satanam,

1990 4201 2322 4267 virtutesque
2356 4199 2496 4252 illius
2531 4201 2952 4269 malignas,sub
2988 4203 3212 4270 pedibus
3245 4212 3554 4257 sanctorum

1989 4298 2305 4344 conterente
2332 4290 2398 4342 ".
2453 4290 2569 4342 Alia
2632 4290 2846 4359 insuper
2900 4296 2981 4344 via
3042 4292 3275 4361 spoliare
3328 4293 3558 4348 victores

315 4381 410 4436 ὑπ’
432 4380 582 4451 αύτῷ
620 4381 874 4453 δυνάμεις
910 4385 1192 4457 πονηρίας.
1224 4385 1361 4439 Καθ’
1392 4387 1577 4457 ἕτερον
1604 4386 1657 4440 δὲ
1690 4388 1880 4459 τρόποι

1994 4381 2137 4435 licet.
2159 4381 2383 4447 Quando
2412 4381 2552 4434 enim
2585 4384 2885 4436 concitatos
2913 4382 3214 4436 animorum
3248 4394 3555 4439 nostrorum

315 4472 665 4527 σκυλεύσειεν
698 4474 765 4528 ἄν
812 4492 894 4538 τις
935 4477 1062 4540 τούς
1103 4493 1233 4530 ποτε
1282 4478 1706 4547 κεκρατηκότας.
1760 4480 1888 4532 Ὅτε

313 4563 425 4634 γὰρ
453 4563 561 4617 τῶν
591 4563 735 4619 ίδίων
771 4565 1145 4637 καταθλοῦμεν
1180 4568 1389 4631 παθῶν,
1438 4570 1530 4621 καὶ
1567 4568 1659 4621 τοῦ
1691 4570 1891 4631 παντὸς

313 4653 465 4718 ἄξιον
497 4655 796 4726 ποιούμεθα
823 4656 1002 4727 λόγου,
1034 4659 1094 4711 τὸ
1127 4661 1345 4730 κρατεῖν
1370 4660 1573 4730 ἡδονῶν
1612 4660 1888 4731 κοσμικῶν

312 4761 375 4797 τε
403 4746 496 4799 καὶ
540 4748 839 4819 σαρκικῶν,
874 4749 965 4801 καὶ
1004 4748 1221 4821 ἀπάσης
1250 4749 1482 4803 ὲκτόπου
1514 4752 1606 4803 καὶ
1638 4752 1889 4822 μυσαρᾶς

314 4836 628 4907 ἐπιθυμίας,
657 4838 778 4891 τότε
814 4840 939 4903 τοὺς
986 4843 1397 4911 κεκρατηκότας
1425 4842 1553 4895 ποτὲ
1603 4846 1889 4913 νενικήκα-

317 4942 440 4994 μεν,
470 4925 573 4980 κᾶν
599 4925 798 4997 ἴδωμεν
832 4930 1056 4993 ἑαυτοὺς
1085 4932 1377 4999 γεγονότας
1414 4934 1470 4985 ἐν
1498 4932 1722 4995 τούτοις.
1756 4934 1888 4986 Τότε

314 5017 404 5087 δὴ,
431 5017 547 5069 τότε
587 5019 909 5090 γνωσόμεθα
940 5021 1034 5073 καὶ
1078 5020 1166 5075 διὰ
1194 5021 1388 5091 πείρας
1431 5022 1620 5093 αὐτῆς,
1648 5023 1730 5076 ὃτι
1759 5024 1889 5089 Θεὸς

313 5108 392 5161 ὢν
432 5111 460 5161 ό
505 5111 694 5179 Λόγος,
743 5113 1019 5184 ἀπεστάλη
1063 5114 1201 5184 μετά
1245 5115 1445 5188 σαρκὸς
1490 5118 1569 5179 εἰς
1620 5116 1766 5169 τόνδε
1800 5116 1890 5171 τὸν

314 5200 522 5271 κόσμον
553 5204 704 5275 παρὰ
726 5203 820 5256 τοῦ
850 5204 985 5256 Θεοῦ
1024 5207 1117 5260 καὶ
1151 5207 1384 5278 Πατρδς,
1418 5208 1513 5261 καὶ
1538 5207 1711 5262 ὀπίσω
1734 5208 1890 5277 δόξης

313 5291 535 5360 γέγονεν
566 5294 665 5366 οὐχ
705 5294 896 5366 ἐτέρου
927 5312 1021 5349 του
1074 5296 1252 5367 χάριν,
1303 5299 1337 5368 ἢ
1388 5299 1475 5352 ἵνα
1517 5299 1792 5372 δεσμεύσῃ
1830 5300 1891 5354 τὸ

1996 4483 2174 4526 ιιιοιιιε
2231 4486 2636 4541 oppuguamns,
2697 4485 2749 4526 et
2818 4474 3154 4538 mundanas,
3210 4476 3560 4545 carnalesque

1998 4564 2328 4631 voluptates,
2359 4575 2413 4617 et
2444 4565 2687 4632 quamvis
2719 4579 2748 4617 a
2781 4566 2986 4619 ratione
3018 4580 3259 4620 aversam
3280 4606 3295 4632 ,
3326 4578 3378 4622 et
3406 4584 3561 4622 exse-

1995 4658 2251 4711 crandum
2276 4656 2602 4724 voluptatem
2628 4658 2843 4712 vincere
2869 4658 2921 4712 in
2953 4661 3162 4728 magnis
3191 4675 3556 4725 numeramus,

1997 4760 2123 4802 tunc
2148 4750 2380 4803 victores
2412 4748 2665 4815 vicimus,
2721 4749 2935 4805 etiamsi
2971 4766 3067 4805 nos
3101 4751 3231 4820 ipsis
3264 4750 3428 4806 fuisse
3458 4756 3550 4806 ob-

1995 4839 2183 4894 noxios
2207 4838 2674 4905 videamus.Tunc,
2702 4851 2826 4896 tunc
2852 4843 2961 4913 ipsa
2988 4857 3203 4912 quoque
3229 4843 3562 4910 experientia

1997 4933 2298 4997 discemus,
2328 4933 2467 5001 quod
2513 4932 2653 4986 Deus
2691 4931 2927 4987 Verbum
2981 4947 3199 4988 carnem
3246 4932 3465 4987 indutus
3517 4937 3569 4990 iu

2000 5025 2141 5079 hunc
2179 5024 2433 5078 mundqu
2469 5041 2496 5076 a
2532 5023 2640 5078 Deo
2673 5039 2730 5079 et
2763 5025 2923 5079 Patre
2959 5026 3182 5092 missus,
3217 5041 3315 5081 nec
3352 5016 3460 5080 alia
3506 5030 3570 5079 de

1996 5132 2159 5172 causa
2205 5127 2327 5186 post
2377 5117 2599 5185 gloriam
2652 5115 2824 5172 factus
2868 5117 2972 5180 sit,
3022 5132 3181 5187 quam
3223 5126 3282 5172 ut
3321 5117 3565 5188 alligaret

1996 5208 2139 5278 quod
2190 5207 2481 5263 contritum
2535 5218 2682 5272 erat,
2728 5217 2783 5263 et
2833 5208 3182 5263 conﬁrmaret
3227 5209 3471 5273 iulirma,
3516 5222 3567 5259 et

1996 5299 2205 5369 dejecta
2284 5301 2557 5371 erigeret,
2631 5311 2686 5355 et
2751 5301 3075 5372 quodjerat
3146 5300 3317 5356 debile
3379 5313 3566 5353 corro-

384 5495 428 5530 “
468 5496 609 5574 ﬂeat.
638 5511 738 5562 vn,
771 5496 974 5574 l6,_l7.
1050 5500 1096 5532 δ’
1130 5499 1273 5555 Psal.
1300 5515 1407 5566 etv,
1437 5500 1526 5555 15.
1605 5502 1651 5534 ⁸³
1678 5499 1697 5553 1
1726 5501 1852 5558 Cor.

2017 5504 2107 5558 27.
2186 5504 2231 5536 ⁸⁸
2256 5502 2387 5559 Gen.
2432 5521 2512 5570 ιιι,
2549 5505 2633 5561 15.
2711 5505 2755 5537 ⁸⁵
2790 5505 2920 5558 Luc.
2960 5521 3012 5574 κ,
3049 5504 3130 5559 l9.
3209 5502 3253 5535 “
3286 5500 3454 5559 lCor.
3486 5516 3559 5568 τι,

314 5565 403 5624 l-l.
478 5567 521 5598 “’
554 5567 721 5624 Marc.
753 5581 827 5632 vn,
861 5566 912 5621 7.
959 5574 976 5592 ‘

383 5746 458 5818 (l)
485 5746 542 5802 ln
568 5746 758 5803 Graeco
778 5758 861 5803 est
891 5748 953 5802 ὲκ
984 5746 1203 5819 μέρους,
1237 5765 1298 5804 ex
1324 5759 1495 5818 parte,
1522 5756 1578 5804 ut
1606 5747 1769 5804 etiam
1802 5746 1854 5803 in
1895 5747 2045 5805 Novo
2085 5748 2451 5806 Testamento.
