4120 6538
600 294 669 347 59
1132 349 1139 355 ,
1592 294 1650 349 S.
1690 293 1970 350 CYRILLI
2012 293 2479 351 ALEXANDRINI
2519 294 2838 352 ARCHIEP.

3802 308 3880 361 l0

602 410 838 473 boraret,
893 417 950 462 et
1005 407 1144 477 quod
1200 407 1435 477 perierat
1487 409 1554 463 ad
1626 410 1855 466 salutem
1925 410 2173 466 restitue-

2286 414 2768 482 συντετριμμένον,
2819 414 3070 487 νευρὼσῃ
3108 414 3168 469 τὸ
3213 415 3540 489 ἡσθενηκδς,
3586 418 3874 494 ἀνορθώσῃ

601 508 681 552 ret
707 497 771 550 “.
801 517 804 521 ’

676 673 836 727 Vens.
873 675 1055 727 10-12.
1088 675 1358 729 Delectari:
1396 687 1442 729 et
1483 676 1678 745 gaude,
1711 676 1824 744 [ilia
1869 677 2027 745 Sion,
2051 681 2177 747 quia

598 781 710 818 ecce
735 780 828 833 ego
857 767 1002 818 venio
1021 804 1035 829 ,
1065 776 1112 817 et
1142 766 1389 818 habitabo
1420 768 1475 818 in
1505 767 1675 819 medio
1704 768 1782 818 tui
1799 806 1815 829 ,
1839 768 1964 820 dicit
1998 767 2179 820 Domi-

601 873 719 909 nus.
757 856 822 909 Et
848 857 1147 925 confugient
1180 871 1354 927 gemes
1388 858 1569 912 multa:
1598 860 1667 911 ad
1702 858 1981 912 Dominum
2015 860 2067 912 in
2094 860 2178 913 die

597 949 721 1013 ilia,
745 959 791 1002 et
826 958 978 1001 erunt
1011 949 1058 1001 ei
1088 950 1143 1001 in
1172 949 1461 1018 populum,
1487 960 1534 1002 et
1573 951 1880 1003 habitabunt
1915 951 1969 1004 in
2005 953 2177 1005 medio

599 1040 705 1102 tui,
734 1049 779 1093 et
814 1041 942 1093 scies
1000 1041 1248 1109 quoniam
1283 1040 1539 1093 Dominus
1571 1041 1895 1109 omnipotens
1926 1044 2066 1096 misit
2097 1062 2175 1098 me

598 1132 665 1181 ad
711 1142 781 1183 te.
817 1130 881 1183 Et
923 1130 1203 1199 possidebit
1244 1130 1499 1185 Dominus
1536 1130 1733 1184 ludam
1777 1143 1977 1199 partem
2022 1150 2173 1187 suout

595 1240 750 1288 super
781 1233 973 1277 terram
1003 1234 1265 1287 sanctam,
1292 1234 1340 1277 et
1371 1226 1522 1293 eliget
1552 1224 1720 1277 adhuc
1744 1223 2061 1280 Jerusalem.

595 1316 847 1384 νομήσει
889 1318 1103 1385 Κύριος
1140 1317 1248 1371 τὸν
1297 1318 1521 1371 Ἰούδαν
1574 1316 1689 1384 τὴν
1734 1316 1949 1385 μερίδα
1986 1319 2173 1372 αὑτοῦ

591 1396 929 1478 ρουσαιιήμ.

668 1509 781 1563 XV.
816 1509 878 1561 Et
906 1508 1030 1561 hinc
1060 1518 1388 1572 cognoscere
1441 1506 1642 1575 poteris
1676 1520 1941 1574 supremas
1976 1504 2175 1562 lzetitia!

522 1580 538 1595 ’
598 1600 880 1654 materiam
926 1596 1244 1651 mortalibus
1284 1597 1524 1651 futurum
1566 1595 1865 1651 Salvatoris
1907 1598 1962 1650 in
2004 1606 2175 1652 terras

600 1691 907 1744 adventum.
941 1687 1206 1742 Delectari
1234 1688 1433 1742 etenim
1492 1697 1547 1742 et
1576 1688 1743 1742 laetari
1774 1688 1994 1742 omnino
2019 1688 2177 1758 jussit

597 1781 931 1850 spiritualem
977 1779 1131 1844 Sion,
1164 1795 1283 1849 qua:
1324 1791 1407 1833 est
1448 1779 1686 1834 Ecclesia
1731 1779 1818 1834 llei
1859 1782 2087 1834 viventis
2108 1778 2173 1843 δί’,

597 1879 709 1931 sive
744 1875 856 1944 ipsa
892 1889 988 1942 per
1022 1873 1179 1926 ﬁdem
1217 1872 1548 1927 salvatorum
1585 1872 1953 1925 sacratissima
1992 1870 2176 1924 multi-

597 1969 744 2021 tudo.
779 1964 1049 2017 Promittit
1080 1972 1260 2016 autem
1289 1976 1349 2016 se
1376 1972 1657 2016 venturum
1683 1998 1697 2025 ,
1725 1972 1776 2015 et
1807 1974 2029 2030 prorsus
2055 1976 2176 2014 cum

597 2060 728 2128 ipsis
771 2057 1033 2109 futurum.
1082 2039 1264 2122 inquit
1308 2054 1451 2108 enim
1502 2053 1719 2109 divinus
1761 2052 1994 2107 Joannes
2017 2053 2086 2114 ⁸⁰,
2121 2054 2175 2106 ln

598 2150 800 2204 mundo
840 2157 986 2212 erat,
1022 2155 1077 2200 et
1111 2161 1139 2198 a
1178 2144 1442 2200 creaturis
1474 2145 1587 2199 suis
1622 2160 1726 2198 non
1763 2144 2177 2213 disjungebatur

596 2241 744 2296 Deus
769 2238 1001 2294 Verbum
1043 2257 1057 2292 :
1094 2235 1339 2306 sed‘ipse
1370 2236 1532 2289 vitam
1564 2236 1868 2291 viventibus
1900 2237 2176 2304 impertie-

595 2335 710 2397 bat,
737 2340 792 2386 et
812 2331 1143 2393 continebat,
1172 2337 1333 2397 atque
1361 2328 1716 2382 conservabat
1741 2329 1924 2384 omnia
1953 2338 2009 2382 ut
2040 2332 2174 2383 bene

593 2435 777 2479 essent
829 2432 883 2477 et
912 2423 1190 2487 viverent;
1226 2434 1244 2472 ι
1285 2419 1392 2475 Sed
1426 2423 1659 2474 mundus
1693 2436 1815 2475 eum
1847 2436 1951 2474 non
1977 2436 2176 2490 cogno-

592 2515 672 2569 vit
698 2516 765 2569 ⁸¹.
813 2532 831 2566 ι
880 2513 1139 2569 Adoravit
1186 2511 1331 2565 enim
1382 2520 1690 2565 creaturam
1719 2513 1786 2567 ⁸¹.
1826 2512 1947 2565 Fuit
1994 2521 2175 2565 autem

593 2608 901 2669 nobiscum,
924 2587 1531 2674 quando,similitudine
1565 2611 1749 2655 nostra
1785 2612 2054 2671 suscepta,
2078 2618 2178 2673 per

592 2708 833 2753 sanctam
855 2694 1130 2765 Virginem
1159 2702 1341 2755 natus,
1381 2710 1398 2742 ι
1426 2691 1558 2745 Ειὶιι
1592 2694 1753 2746 terris
1775 2695 1946 2755 visus,
1972 2706 2026 2747 et
2054 2710 2175 2748 cum

594 2785 908 2842 hominibus
942 2790 1296 2836 conversatus
1332 2790 1417 2834 est
1438 2782 1504 2835 ⁸³.
1541 2799 1559 2830 ι
1597 2780 1849 2835 Testatur
1880 2784 2019 2836 idem
2055 2799 2179 2837 sau-

593 2888 717 2932 ctus
743 2875 910 2931 David
935 2892 949 2929 :
979 2894 998 2926 ι
1025 2874 1164 2929 Deus
1194 2872 1478 2928 manifeste
1510 2876 1709 2935 veniet,
1738 2870 1874 2928 Deus
1896 2885 2097 2939 noster,
2125 2885 2174 2929 et

594 2985 702 3023 non
736 2966 1003 3023 silebit".
1047 2987 1064 3019 ι
1108 2966 1259 3020 Tunc
1291 2974 1345 3019 et
1374 2964 1625 3035 gentibus
1663 2962 2038 3020 maniiestatus
2074 2976 2174 3021 est.

2282 503 2342 555 τὸ
2369 507 2834 575 κατερραγμένον,
2868 508 3119 569 εὐσθενὲς
3156 507 3412 580 ἀποφήνῃ
3442 510 3749 579 166mb“,
3780 513 3875 567 θε-

2288 594 2538 664 ραπεύσῃ
2574 597 2635 647 τὸ
2664 597 2962 660 ἀπολωλός.

2361 686 2585 754 Τέρπου
2636 689 2733 741 καὶ
2793 691 3142 759 εὐφραίνου,
3190 694 3442 761 θύγατερ
3490 694 3674 759 Σιὼν,
3724 696 3875 750 διότι

2285 777 2414 833 ἰδοὺ
2464 779 2578 849 ἐγὼ
2626 780 2894 850 ἔρχομαι,
2942 783 3043 836 καὶ
3097 786 3550 852 κατασκηνώσει)
3593 787 3663 839 ἐν
3704 788 3877 856 μέσῳ

2285 886 2436 933 σου,
2484 870 2645 939 λέγει
2711 872 2944 938 Κύριος.
3016 874 3126 928 Καὶ
3186 876 3663 944 καταφεύξοντιιι
3726 879 3871 945 ἔθνη

2284 964 2488 1016 πολλὰ
2514 964 2612 1016 ἐπὶ
2658 966 2765 1017 τὸν
2804 968 3025 1033 Κύριον
3051 969 3122 1021 ἐν
3164 968 3238 1037 τῇ
3279 969 3469 1038 ἡμέρᾳ
3507 972 3732 1039 ἐκείνῃ,
3773 972 3871 1025 καὶ

2282 1049 2530 1105 ἔσονται
2557 1052 2718 1117 αὐτῷ
2742 1056 2828 1119 εἷς
2852 1055 3028 1117 λαὸν,
3062 1057 3159 1110 καὶ
3190 1058 3775 1123 κατασκηνώσουσιν
3802 1062 3873 1113 ἐν

2272 1142 2442 1209 μέσῳ
2482 1161 2621 1206 σου,
2664 1147 2761 1198 καὶ
2801 1146 3109 1216 ἑπιγνώσῃ
3168 1149 3257 1203 ὅτι
3291 1151 3506 1218 Κύριος
3539 1156 3872 1219 παντοκρὰ-

2277 1248 2392 1300 τωρ
2424 1234 2841 1297 ἐξαπέσταλκέ
2878 1256 2956 1307 με
3007 1240 3160 1307 πρὸς
3204 1242 3301 1296 σέ.
3348 1244 3459 1296 Καὶ
3497 1247 3868 1310 κατακληρο-

2211 1321 2307 1378 ἐπὶ
2341 1330 2457 1394 τὴν
2482 1328 2601 1397 γῆν
2658 1329 2773 1398 τὴν
2832 1332 3032 1399 ἁγίαν,
3066 1336 3162 1388 καὶ
3214 1336 3460 1404 αἱρετιεῖ
3485 1337 3571 1391 ἔτι
3606 1339 3720 1405 τὴν
3770 1339 3867 1391 ἰε’-

2336 1500 2455 1562 ’1Ε’,
2498 1508 2807 1564 Κάντεῦθεν
2845 1513 2912 1567 ἂν
2942 1514 3156 1582 μάθοις,
3188 1515 3263 1578 ὡς
3294 1516 3446 1571 ἔσται
3477 1522 3575 1589 τῆς
3606 1521 3867 1577 ἀνωτάτω

2284 1595 2549 1669 θυμηδίας
2582 1602 2835 1666 ὑπόθεσις
2872 1608 2986 1668 τοῖς
3012 1607 3105 1659 ἐπὶ
3133 1606 3235 1677 τῆς
3266 1609 3369 1678 γῆς
3409 1610 3502 1663 τοῦ
3536 1613 3787 1684 Σωτῆρος
3833 1620 3867 1687 ἡ

2211 1721 2252 1776 Β
2284 1688 2573 1758 παρουσία.
2604 1689 2914 1762 Τέρπεσθαι
2939 1692 3048 1765 γὰρ
3091 1696 3184 1748 καὶ
3217 1697 3602 1765 εὐφραίνεσθαι
3633 1706 3867 1771 προστέ-

2281 1795 2444 1849 ταχεν
2473 1781 2785 1849 ἀναγκαίως
2813 1784 2912 1854 τὴν
2938 1786 3133 1855 νοητὴν
3153 1787 3443 1859 Σιὼν,ἧτις
3470 1791 3618 1844 ἐστὶν
3644 1793 3869 1865 Ἐκκλη-

2280 1871 2373 1924 σία
2403 1871 2539 1925 Θεοῦ
2573 1873 2794 1938 ζῶντος,
2833 1877 3001 1946 ἤγουν
3046 1879 3184 1948 αὐτὴ
3216 1879 3327 1933 τῶν
3368 1880 3458 1934 διὰ
3490 1886 3726 1947 πίστεως
3779 1903 3867 1938 σε-

2281 1965 2577 2034 σωσμένων
2610 1967 2642 2036 ἡ
2679 1968 2948 2038 ἱερωτάτη
2992 1968 3219 2040 πληθύς.
3256 1972 3746 2042 Κατεπηγγέλλετο
3782 1976 3864 2040 δὲ,

2279 2056 2361 2108 ὅτι
2411 2056 2504 2109 και¹
2531 2056 2671 2127 ἥξει,
2718 2059 2809 2111 καὶ
2854 2059 3008 2111 ἔσται
3040 2059 3103 2130 δὴ
3138 2062 3355 2124 πάντως
3398 2065 3456 2114 ὲν
3492 2064 3640 2134 μέσῳ
3671 2066 3864 2135 αὐτῆς.

2288 2145 2453 2215 Ἡμῖν
2474 2146 2581 2216 γάρ
2611 2163 2773 2217 φησιν
2793 2149 2821 2200 6
2850 2146 3136 2211 θεσπέσιος
3151 2149 3422 2218 Ἰωάννης-ο
3452 2151 3538 2204 Ἐν
3568 2151 3645 2220 τῷ
3679 2155 3869 2224 κόσμῳ

2277 2233 2367 2307 ἦν,
2402 2239 2495 2291 καὶ
2520 2239 2630 2291 τῶν
2663 2239 2827 2293 αὑτοῦ
2856 2241 3171 2311 κτισμάτων
3201 2243 3301 2294 οὐκ
3323 2245 3715 2314 ἀπενοσφίςετο
3734 2246 3868 2310 Θεὸς

2278 2330 2353 2382 ὢν
2397 2331 2425 2381 6
2472 2331 2666 2398 Λόγος,
2700 2331 2815 2383 ἀλλ’
2845 2328 2912 2402 ἦν
2957 2332 3119 2395 αὐτὸς
3154 2331 3431 2397 ζωοποιιῖη
3472 2336 3541 2389 τὰ
3572 2336 3716 2407 ζωῆς
3746 2355 3870 2408 μετ-

2281 2420 2494 2489 έχοντα,
2529 2422 2622 2473 καὶ
2648 2422 2889 2491 συνέχων
2920 2424 2990 2476 τὰ
3010 2424 3187 2476 πάντα
3236 2424 3372 2494 πρὸς
3416 2424 3483 2477 τὸ
3509 2422 3567 2479 εὖ
3600 2422 3737 2480 εἶναι
3772 2432 3869 2481 καὶ⁵

2280 2510 2412 2582 ζῇν·
2459 2532 2475 2561 t
2526 2511 2667 2564 Ἀλλ’
2695 2514 2723 2565 6
2759 2514 2961 2583 κόσμος
3010 2514 3170 2567 αὐτὸν
3207 2515 3307 2568 οὐκ
3338 2515 3498 2584 ἔγνω.
3555 2537 3574 2569 ι
3625 2521 3867 2590 Προσκε-

2281 2602 2488 2672 κύνηκε
2527 2602 2636 2673 γὰρ
2683 2605 2751 2674 τῇ
2800 2604 2993 2657 κτίσει.
3046 2605 3240 2672 Γέγονε
3288 2606 3353 2659 δὲ
3404 2607 3729 2680 μεθ’ὴμῶν,
3776 2612 3865 2664 ὅτε

2278 2694 2379 2765 τὴν
2416 2695 2538 2747 καθ’
2573 2696 2721 2764 ἡμᾶς
2766 2696 3023 2764 ὁμοίωσιν
3069 2697 3386 2760 ἀναλαϐὼν,
3421 2700 3509 2753 διὰ
3557 2701 3658 2769 τῆς
3706 2702 3869 2769 ἁγίας

2279 2788 2545 2858 ἐγεννήθη
2578 2788 2882 2860 Παρθένου,
2938 2807 2953 2839 ι
2994 2789 3119 2841 Ὅτε
3154 2792 3247 2843 καὶ
3285 2791 3377 2843 ἐπὶ
3422 2792 3525 2861 γῆς
3558 2791 3735 2862 ὤφθη,
3773 2794 3868 2846 καὶ

2278 2883 2392 2943 τοῖς
2441 2879 2753 2951 ἀνθρώποις
2806 2883 3247 2952 συνανεστράφη.
3300 2900 3320 2933 ι
3363 2884 3473 2937 Καὶ
3525 2886 3865 2956 μαρτυρήσει

2280 2970 2453 3038 λέγων
2496 2971 2524 3021 6
2554 2970 2842 3033 θεσπέσιος
2872 2970 3034 3022 Δαὸἔδ
3057 2987 3069 3000 ·
3111 2990 3129 3021 ι
3177 2973 3234 3023 '0
3264 2971 3396 3032 Θεὸς
3426 2970 3688 3042 ἐμφανῶς
3723 2973 3864 3044 ἥξει,

592 3061 709 3115 Non
748 3061 890 3116 enim
923 3059 1151 3129 amplius
1189 3058 1544 3112 israeliticum
1581 3072 1751 3127 genus
1808 3059 2173 3112 tanlummodo

2277 3062 2307 3113 6
2340 3061 2472 3124 Θεὸς
2514 3061 2691 3132 ἡμῶν,
2737 3062 2831 3115 καὶ
2873 3063 2932 3114 οὐ
2982 3064 3492 3132 παρασιωπήσεται.
3547 3082 3565 3114 ι
3603 3064 3737 3118 Τότε
3772 3067 3866 3133 γέ-

591 3172 690 3226 per
720 3164 870 3208 vetus
902 3154 1028 3208 illud
1064 3153 1372 3206 mandatum
1400 3153 1683 3207 erudiebat
1712 3170 1723 3205 :
1749 3155 1990 3222 quinimo
2015 3169 2179 3209 evan-

592 3246 782 3318 gelicis
816 3242 1294 3314 prmdicationibus
1325 3252 1473 3298 totus
1525 3243 1624 3298 sub
1680 3244 1792 3297 sole
1814 3244 1973 3316 671
2033 3245 2180 3301 orbis

589 3336 961 3396 inaurabatur,
989 3342 1041 3388 et
1066 3333 1241 3387 evasit
1265 3331 1316 3385 in
1338 3333 1486 3386 omni
1509 3342 1667 3402 gente
1686 3342 1740 3387 et
1760 3335 1811 3386 in
1837 3336 1982 3388 omni
2003 3336 2178 3404 regio-

592 3443 660 3482 ne
691 3440 943 3496 magnnm
963 3437 1157 3477 nomen
1180 3422 1297 3491 ejus
1313 3424 1383 3477 ⁸⁸.
1404 3423 1527 3493 ipse
1547 3425 1691 3479 enim
1729 3435 1845 3479 erat
1861 3428 2177 3494 exspectatio

592 3519 851 3587 gentium,
869 3515 1021 3583 iuxta
1040 3515 1359 3583 prophetam
1386 3515 1454 3579 ³⁵,
1482 3515 1651 3582 etipsi
1679 3517 1998 3571 curvabitur
2021 3535 2037 3568 ι
2064 3533 2179 3571 om-

593 3625 661 3664 ne
686 3624 849 3680 genu,
896 3607 1224 3669 cmlestium,
1262 3607 1603 3660 terrestrium
1644 3618 1696 3661 et
1730 3608 2096 3669 infernarum;
2125 3621 2178 3663 et

593 3700 769 3755 omnis
788 3699 968 3769 lingua
1006 3696 1356 3751 conﬁtebitur
1379 3698 1504 3765 quia
1540 3696 1797 3752 Dominus
1828 3698 1983 3753 Jesus
2020 3699 2176 3754 Chri-

594 3802 710 3847 stus
728 3792 780 3844 in
800 3790 966 3861 gloria
986 3798 1070 3843 est
1088 3787 1180 3843 Dei
1201 3788 1379 3842 Patris
1398 3790 1460 3845 ⁸⁷.
1478 3788 2063 3844 »Οοιιοιιιιενιιιιῑεηίιιι
2082 3804 2177 3856 per

593 3886 752 3940 ﬁdem
792 3884 843 3936 in
880 3882 1087 3950 ipsum,
1121 3888 1174 3933 et
1210 3895 1329 3933 enm
1368 3880 1482 3947 ipso
1519 3881 1829 3935 habitarunt
1864 3880 1914 3934 in
1954 3891 2171 3947 saneta,

590 3989 645 4033 et
679 3991 797 4045 quae
831 3975 1093 4030 duntaxat
1144 3972 1461 4042 intelligitur
1493 3971 1656 4037 Sion,
1702 3974 1790 4041 qui
1844 3973 2088 4027 habitant
2121 3975 2171 4026 in

588 4069 795 4124 ultimis
849 4067 1031 4121 mundi
1088 4066 1317 4129 linibus,
1367 4077 1848 4136 cognoveruntque
1895 4067 2174 4134 perspicue

589 4161 759 4216 Deum
809 4159 889 4213 sic
932 4157 1189 4211 dilexisse
1233 4157 1521 4222 mundum,
1560 4177 1578 4209 ι
1632 4166 1688 4210 ιιι
1730 4158 1938 4212 dederit
1979 4157 2172 4211 Filium

589 4266 746 4307 suum
779 4248 1144 4319 unigenitum,
1173 4256 1231 4301 ut
1262 4248 1441 4301 omnis
1471 4249 1560 4316 qui
1595 4248 1768 4302 credit
1797 4248 1845 4301 in
1877 4262 1998 4301 eum
2021 4288 2033 4310 ,
2068 4263 2171 4302 nou

589 4350 800 4413 pereat,
831 4340 922 4393 sed
960 4340 1155 4393 habeat
1185 4339 1353 4393 vitam
1391 4346 1648 4393 aeternam
1672 4339 1739 4391 ⁸⁸.
1784 4356 1801 4389 ι
1846 4337 1989 4393 Misit
2025 4340 2167 4393 enim

2282 3168 2405 3217 γονε
2440 3152 2532 3204 καὶ
2576 3151 2896 3221 καταφανὴς
2929 3154 3041 3214 τοῖς
3072 3152 3301 3206 ἔθνεσιν.
3333 3153 3407 3205 Οὐ
3448 3153 3553 3224 γὰρ
3596 3153 3674 3208 ἔτι
3709 3156 3867 3225 μόνον

2283 3243 2343 3294 τὸ
2390 3242 2449 3307 ἐξ
2509 3243 2727 3315 Ἰσραὴλ
2776 3243 3097 3296 ἐπαιδεύετο
3126 3243 3302 3311 γένος,
3352 3244 3440 3297 διὰ
3485 3245 3586 3315 τῆς
3634 3247 3869 3317 ἀρχαίας

2282 3338 2497 3407 ἐκείνης
2532 3337 2750 3406 ἐντολῆς
2773 3350 2787 3364 ⁶
2818 3334 3222 3405 κατεχρυσοῦτο
3240 3336 3297 3388 δὲ
3336 3337 3536 3405 μᾶλλον
3562 3340 3677 3401 τοῖς
3705 3341 3870 3408 εὐαγ-

2280 3429 2519 3494 γε).ικοῑς
2548 3426 2900 3498 κηρύγμασιν
2937 3428 2969 3495 ἡ
3005 3427 3097 3479 ὑπ’
3127 3425 3374 3496 οὐρανὸν,
3425 3428 3517 3480 καὶ
3554 3427 3777 3497 γέγονεν
3808 3431 3867 3482 ἐν

2282 3518 2424 3572 ἔθνει
2474 3517 2757 3570 παντὶκαὶ
2818 3518 2873 3569 ἒν
2921 3517 3069 3587 πάσῃ
3116 3516 3174 3567 δὲ
3225 3514 3379 3586 χώρα
3417 3518 3558 3587 μέγα
3602 3521 3662 3572 τὸ
3695 3521 3868 3591 ὄνομα

2282 3607 2465 3661 αὑτοῦ.
2520 3606 2689 3669 Αὐτὸς
2745 3606 2853 3677 γὰρ
2905 3601 2972 3675 ἦν
3036 3604 3073 3669 ἠ
3122 3604 3458 3672 προσδοκία
3506 3607 3614 3659 τῶν
3668 3607 3861 3674 ἐθνῶν,

2280 3699 2422 3751 κατὰ
2463 3699 2562 3769 τὴν
2611 3698 2705 3751 τοῦ
2754 3699 3034 3767 προφήτου
3077 3698 3281 3766 φωνὴν,
3330 3698 3422 3749 καὶ
3461 3698 3611 3767 αὐτῷ
3655 3700 3862 3770 κάμψει

2286 3807 2304 3839 t
2385 3792 2492 3841 πᾶν
2556 3790 2720 3855 γόνυ,
2783 3787 3158 3857 ἐπουρανίων,
3236 3790 3330 3841 καὶ
3390 3791 3685 3857 ἐπιγείων,
3768 3795 3863 3845 καὶ

2279 3879 2672 3948 καταχθονίων,
2705 3880 2799 3941 καξι
2836 3879 2985 3931 πᾶσα
3011 3879 3236 3945 γλῶσσα
3268 3880 3741 3951 ὲξομολογήσεται’
3778 3884 3859 3935 ὅτι

2278 3970 2484 4040 Κύριος
2541 3966 2749 4036 Ἰησοῦς
2796 3968 3031 4038 Χριστὸς
3072 3970 3151 4031 εἰς
3192 3968 3349 4033 δόξαν
3386 3968 3520 4021 Θεοῦ
3559 3972 3789 4041 Πατρός.
3834 3991 3854 4024 ι

2278 4059 2757 4129 Συνδεδραμήκασι
2790 4060 2898 4131 γὰρ
2926 4061 3014 4112 διὰ
3035 4059 3274 4121 πίστεως
3305 4060 3391 4111 ἐπ’
3419 4060 3601 4123 αὑτὸν,
3641 4063 3735 4114 καὶ
3762 4064 3860 4115 σὺν

2278 4150 2425 4220 αὐτῷ
2454 4151 2839 4221 κατῳκήκασιν
2888 4154 2946 4204 ὲν
2992 4155 3058 4223 τῇ
3093 4152 3225 4222 ἁγίᾳ
3276 4152 3368 4204 καὶ
3418 4155 3581 4223 νοητῇ
3619 4153 3775 4217 Σιὼν,
3807 4156 3859 4205 οἱ

2277 4246 2342 4296 ὲκ
2370 4243 2620 4314 περάτων
2646 4245 2743 4313 τῆς
2774 4244 2899 4313 γῆς,
2929 4243 3203 4312 ὲγνώκασί
3232 4261 3291 4296 τε
3326 4244 3531 4312 σαφῶς,
3563 4247 3646 4297 ὅτι
3684 4245 3860 4309 οὕτως

2276 4334 2565 4405 ἠγάπησεν
2594 4338 2622 4388 6
2655 4335 2784 4399 Θεὸς
2818 4336 2908 4389 τὸν
2938 4336 3162 4406 κόσμον,
3199 4352 3217 4387 t
3254 4335 3393 4389 ὥστε
3418 4337 3508 4389 τὸν
3536 4332 3664 4389 Υίὸν
3694 4338 3857 4390 αὑτοῦ

591 4405 748 4489 nobis
792 4433 858 4487 de
899 4431 1039 4487 coelo
1078 4431 1273 4486 Filium
1318 4448 1473 4486 suum
1520 4431 1701 4496 Pater,
1736 4430 2070 4486 Salvatorem
2117 4440 2171 4485 et

2275 4426 2367 4480 τὸν
2396 4427 2660 4497 μονογενῆ
2690 4428 2939 4490 δέδωκεν,
2972 4430 3057 4481 ἵνα
3083 4431 3189 4491 πᾶς
3216 4430 3244 4480 6
3273 4430 3543 4481 πιστεύων
3571 4431 3648 4491 εἰς
3670 4430 3855 4493 αὐτὸν,

592 4528 1109 4594 Βθιιθιῐιιιιοιθιιι,υι
1132 4525 1418 4579 credentes
1448 4524 1502 4578 in
1535 4524 1707 4589 illum,
1728 4525 1780 4578 in
1812 4524 1927 4593 ipso
1954 4523 2166 4577 Patrem

591 4619 899 4681 videamus,
926 4627 981 4673 et
1009 4624 1065 4671 ut
1092 4631 1400 4686 expressam
1436 4616 1695 4688 genitoris
1729 4618 2013 4687 imaginem
2043 4630 2167 4669 eum

589 4711 681 4780 qui
718 4725 784 4765 ex
821 4711 936 4780 ipso
970 4710 1263 4763 secundum
1297 4718 1544 4762 naturam
1580 4718 1741 4763 natus
1770 4720 1847 4762 est
1877 4710 2166 4770 intuentes,

592 4802 941 4869 archetypum
991 4799 1288 4869 cogitemus
1311 4797 1377 4851 ⁸⁸.
1419 4797 1573 4852 Tunc
1619 4798 1907 4863 nimirum,
1947 4808 2070 4852 tunc
2118 4810 2173 4851 et

592 4894 862 4961 possessio
918 4892 1034 4963 ejus
1087 4889 1252 4947 Judas
1309 4890 1485 4947 factus
1537 4902 1649 4954 est,
1706 4893 1807 4945 hoc
1859 4901 1939 4944 est;
1994 4893 2169 4945 omnis

592 4985 854 5039 conlitens
900 4994 953 5038 et
982 4984 1289 5055 glorificans
1315 4985 1487 5053 ipsum
1518 5000 1532 5037 :
1562 4983 1730 5039 Judas
1752 4984 1893 5037 enim
1928 4984 2170 5038 redditur

590 5076 867 5144 confessio.
909 5075 1041 5129 Nam
1077 5086 1135 5129 ut
1171 5084 1255 5130 est
1289 5076 1427 5145 apud
1460 5075 1682 5131 Paulum
1724 5094 1736 5126 :
1782 5093 1800 5125 ι
1841 5072 1955 5127 Νοιι
1990 5075 2079 5143 qui
2115 5075 2168 5129 in

591 5163 879 5219 manifesto
927 5176 1009 5219 est
1055 5165 1306 5231 Judazus,
1349 5181 1523 5236 neque
1568 5166 1905 5221 circumcisio
1945 5182 2064 5234 quas
2116 5167 2167 5219 iu

590 5268 755 5309 carne
789 5256 1077 5311 manifesto
1110 5259 1196 5325 iit,
1230 5260 1323 5312 sed
1360 5258 1448 5324 qui
1486 5257 1536 5310 in
1573 5258 1781 5311 occulto
1808 5254 2023 5313 Iudaeus
2056 5267 2168 5323 cst,

591 5356 645 5399 et
676 5347 1016 5401 circumcisio
1055 5351 1236 5403 cordis
1273 5351 1324 5401 in
1364 5348 1558 5417 spiritu
1582 5387 1596 5410 ,
1631 5362 1734 5400 non
1780 5348 1986 5411 littera,
2020 5348 2173 5417 cujus

592 5434 711 5489 laus
748 5450 850 5488 non
894 5450 959 5489 ex
1006 5436 1339 5499 hominibus,
1375 5436 1465 5488 sed
1499 5449 1563 5488 ex
1601 5435 1792 5488 Deo“.
1832 5455 1849 5486 ι
1893 5437 2165 5504 Quotquot

662 5594 707 5626 ⁸⁸
739 5594 934 5647 Ezech.
960 5608 1147 5654 xxxiv,
1181 5591 1267 5644 16.
1344 5590 1388 5621 ⁸⁸
1416 5589 1432 5642 l
1463 5590 1700 5646 Timoth.
1732 5608 1810 5655 Ill,
1846 5592 1929 5644 15.

590 5666 635 5696 ⁵³
666 5664 804 5721 Psal.
858 5678 1003 5726 xm,
1064 5663 1115 5715 3.
1217 5663 1261 5692 "
1292 5661 1516 5715 Malach.
1550 5680 1587 5725 ι,
1618 5664 1701 5717 li.

594 5734 682 5792 16.
757 5736 803 5769 ⁸⁸
832 5733 990 5789 Joan.
1028 5748 1136 5799 xiv,
1172 5733 1201 5784 7
1226 5748 1380 5803 seqq.
1408 5750 1422 5799 ;
1455 5731 1658 5789 Coloss.
1695 5750 1730 5800 I,
1768 5734 1849 5788 15.

2281 4519 2355 4591 μὴ
2386 4519 2677 4590 ἀπόληται,
2702 4519 2815 4572 ἀλλ’
2846 4518 2945 4591 ἔχῃ
2974 4519 3116 4590 ζωὴν
3150 4520 3387 4577 αἰώνιον.
3424 4540 3441 4571 ι
3481 4518 3856 4584 Ἐξαπέστειλε

2275 4609 2382 4682 γὰρ
2418 4612 2551 4680 ἡμῖν
2580 4609 2638 4673 ἐξ
2676 4609 2905 4679 οὐρανοῦ
2949 4610 3038 4662 τὸν
3076 4610 3201 4662 Υἱὺν
3230 4611 3393 4664 αὑτοῦ
3437 4614 3464 4664 6
3495 4611 3698 4681 Πατὴρ,
3743 4613 3849 4663 Σω-

2276 4702 2417 4773 τῆρα
2451 4704 2543 4756 καὶ
2577 4703 2891 4773 Λυτρωτὴν,
2923 4702 3011 4754 ἴνα
3048 4702 3438 4766 πιστεύσαντες
3476 4706 3556 4766 εὶς
3585 4705 3768 4762 αὐτὸν,
3801 4708 3856 4757 ὲν

2278 4794 2427 4864 αὐτῷ
2451 4795 2541 4847 τὸν
2569 4794 2790 4862 Πατέρα
2818 4794 3101 4863 ὀψώμεθα,
3129 4796 3223 4848 καὶ
3250 4795 3325 4858 ὡς
3359 4796 3544 4848 εἰκόνα
3569 4796 3855 4865 βλέποντες

2278 4886 2479 4960 ἀκριϐῆ
2513 4885 2605 4938 τοῦ
2649 4889 3041 4957 γεγεννηκότος
3073 4888 3165 4939 τὸν
3190 4887 3253 4952 ἐξ
3290 4887 3452 4940 αὑτοῦ
3494 4889 3634 4941 κατὰ
3671 4892 3853 4957 φύσιν,

2277 4979 2547 5049 ἐννοῶμεν
2591 4979 2652 5031 τὸ
2699 4981 3026 5050 ἀρχέτυπον.
3075 4981 3209 5033 Τότε
3256 4981 3351 5033 καὶ⁵
3398 4981 3598 5052 κλῆρος
3636 4982 3857 5050 γέγονεν

2284 5070 2483 5131 Ἰούδας
2510 5071 2717 5140 Κυρίου
2739 5110 2754 5133 ,
2785 5072 3033 5123 τουτέστι
3078 5072 3185 5134 πᾶς
3224 5074 3253 5123 6
3282 5072 3772 5143 ἐξομολογούμενός
3798 5090 3855 5125 τε

2273 5163 2367 5215 καὶ
2414 5161 2708 5229 δοξολογῶν
2758 5162 2936 5215 αὐτόν’
2979 5161 3417 5230 ἐξομολόγησις
3443 5163 3551 5233 γὰρ
3585 5166 3613 5216 6
3657 5163 3857 5225 Ἰούδας

2273 5254 2654 5325 ἑρμηνεύεται.
2702 5255 2788 5313 Ὠς
2833 5256 2939 5324 γὰρ
2969 5256 2996 5307 6
3030 5252 3241 5317 Παῦλός
3286 5268 3471 5324 φησιν,
3529 5275 3545 5307 ι
3588 5256 3699 5325 Οὐχ
3739 5257 3766 5307 ὁ
3800 5259 3857 5307 ἐν

2275 5345 2350 5414 τῷ
2400 5346 2619 5416 φανερῷ
2688 5347 2956 5410 Ἰουδαῖος,
3013 5346 3133 5398 οὐδὲ
3185 5347 3243 5398 ὲν
3277 5346 3515 5416 φανερῷ
3547 5348 3639 5400 καὶ
3693 5348 3858 5417 σαρκὶ

2274 5438 2565 5507 περιτομὴ,
2602 5436 2719 5491 ἀλλ’
2751 5440 2779 5490 6
2812 5439 2870 5489 ἐν
2901 5439 2977 5508 τῷ
3023 5439 3249 5510 κρυπτῷ
3301 5438 3549 5500 Ἰουδαῖός
3588 5440 3728 5503 ἐστι,
3762 5441 3857 5491 καὶ

2006 5592 2052 5621 ⁸ο
2083 5589 2241 5647 Joan.
2275 5608 2314 5654 I,
2363 5593 2446 5646 Ill.
2526 5594 2718 5648 “ibid.
2796 5594 2840 5625 δ’
2881 5594 3035 5648 Rom.
3070 5612 3107 5658 ι,
3136 5595 3225 5648 ‘25.
3304 5594 3344 5624 ⁸³
3384 5593 3586 5647 Baruch
3621 5609 3704 5655 ιιι,
3762 5594 3853 5647 58.

1814 5664 1857 5737 ῗ⁶
1885 5663 2205 5737 Gemitus,
2239 5663 2334 5737 1Q;
2374 5668 2504 5737 Aug.
2544 5681 2604 5729 tt,
2640 5666 2691 5719 8.
2772 5667 2816 5696 ⁸⁷
2852 5666 3090 5737 Philipp.
3135 5684 3192 5729 ιι,
3233 5665 3317 5731 10,
3356 5665 3438 5718 Η.

1928 5733 1971 5766 ⁶⁰
2005 5736 2159 5788 lium.
2190 5748 2250 5796 ιι,
2280 5734 2371 5799 28,
2401 5734 2492 5788 ‘29.

3516 5664 3561 5695 ⁸¹¹
3585 5662 3740 5720 Joan.
3770 5678 3853 5728 nt,
