4120 6596
245 421 301 475 Η
1056 416 1592 473 COMMENTARIUS
1633 418 1696 471 IN
1737 417 2136 473 ZACIIAIIIAM
2177 417 2617 473 PROPHETAM.
3414 417 3483 470 42

243 538 512 612 περιτομὴ
547 539 771 610 καρδίας
823 539 879 589 ὲν
913 539 1199 609 πνεύματι,
1232 541 1292 593 οὐ
1336 543 1645 612 γράμματι,
1693 533 1753 594 οὗ
1787 543 1816 593 ό

1932 541 2083 612 .gitur
2123 541 2593 596 circumcisionem
2639 539 2692 592 in
2737 537 2927 606 spiritu
2971 553 3063 606 per
3106 537 3379 592 Christum
3427 547 3484 592 ut

242 633 461 694 ἔπαινος
506 631 605 684 οὐκ
661 628 720 694 ἐξ
771 628 1095 699 ἀνθρώπων,
1137 630 1252 683 ἀλλ’
1281 633 1344 686 ἐκ
1390 631 1544 686 Θεοῦ.
1593 652 1611 684 ι
1654 633 1817 684 Ὅσοι

1935 632 2128 687 livitiss
2177 631 2589 701 acquisivimus,
2637 630 2912 698 possessio
2956 629 3072 694 ejus
3126 629 3250 682 lacti
3297 643 3485 682 sumus

243 721 528 791 τοιγαροῦν
573 721 670 790 τὴν
704 722 762 773 ἐν
801 719 1070 790 πνεύματι
1116 722 1418 794 περιτομὴν
1451 721 1540 774 διὰ
1579 721 1814 792 Χριστοῦ

1932 743 1938 775 ι
1989 738 2151 792 super
2195 734 2392 777 terram
2443 731 2710 787 sanctam,
2742 737 2760 771 ι
2810 730 2871 773 ut
2911 732 3158 787 superam
3210 718 3484 774 civitatem

244 813 720 882 πεπλουτήκαμεν,
751 811 949 882 κλῆρος
983 811 1147 865 αὑτοῦ
1191 814 1495 883 γεγόναμεν
1529 833 1546 866 ι
1588 816 1681 866 ἐπὶ
1718 815 1817 884 τὴν

243 904 347 973 γῆν
392 902 492 972 τὴν
547 903 730 971 ἁγίαν,
772 921 789 953 ι
828 903 915 955 ἵνα
958 902 1058 973 τὴν
1103 903 1215 957 ἄνω
1257 903 1464 974 νοῶμεν
1496 905 1667 968 πόλιν,
1718 904 1818 974 τὴν

243 993 436 1065 νοητὴν
476 993 851 1063 Ἰερουσαλὴμ,
888 987 955 1065 ἧς
1003 995 1255 1065 τεχνίτης
1305 996 1400 1049 καὶ
1436 997 1765 1067 δημιουργὸς
1789 997 1817 1048 ὀ

242 1085 394 1149 Θεὸς,
432 1086 462 1138 ό
503 1084 735 1157 φιλητήν
767 1102 824 1137 τε
865 1085 1034 1155 αὐτὴν
1075 1087 1171 1138 καὶ
1211 1085 1432 1157 αἱρετὴν
1477 1087 1814 1158 ποιούμενος.

248 1193 268 1228 ι
312 1177 554 1248 Δίρετιεῖ
598 1176 726 1246 γὰρ,
762 1177 944 1247 φησὶν,
980 1176 1060 1229 ἔτι
1090 1176 1189 1247 τὴν
1244 1178 1614 1250 Ἰερουσαλήμ.
1656 1197 1674 1230 ι
1704 1180 1819 1232 Οὐκ

242 1267 505 1321 ἀπίθανον
560 1265 616 1320 δὲ
673 1267 840 1320 πάλιν
887 1266 1047 1336 είπερ
1103 1268 1276 1322 ἔλοιτό
1320 1285 1405 1331 τις
1467 1267 1820 1340 Ἰερουσαλὴμ

243 1358 448 1412 οἴεσθαι
485 1359 580 1413 κα)⁸
610 1358 706 1411 νῦν
747 1359 1062 1429 ὠνομᾶσθαι
1100 1359 1198 1429 τὴν
1243 1360 1588 1433 Ἐκκλησίαν,
1626 1362 1693 1432 ἣν
1727 1362 1821 1414 καὶ

243 1449 379 1503 Θεοῦ
429 1449 583 1503 πόλιν
629 1451 914 1514 ἀποκαλεῖ,
971 1449 1143 1517 λέγων
1201 1452 1231 1503 ό
1279 1449 1565 1516 θεσπέσιος
1616 1453 1778 1505 Δαϐίδ
1803 1468 1817 1483 ·

249 1559 268 1592 s
304 1540 574 1612 Καθάπερ
600 1541 936 1611 ἠκούσαμεν,
967 1540 1109 1596 οὕτω
1139 1541 1233 1592 καὶ
1281 1541 1496 1613 εἴδομεν
1542 1545 1602 1597 ὲν
1668 1544 1820 1596 πόλει

246 1627 454 1698 Κυρίου
496 1628 606 1683 τῶν
649 1629 950 1700 δυνάμεων,
990 1631 1048 1681 ὲν
1076 1629 1230 1682 πόλει
1274 1629 1368 1682 τοῦ
1410 1630 1546 1684 Θεοῦ
1580 1632 1753 1703 ήμῶν.
1796 1650 1815 1681 ι

310 1721 692 1775 Ετύλαόείσθω
721 1720 888 1775 πᾶσα
916 1719 1074 1788 σὰρξ
1109 1721 1229 1775 ἀπὸ
1259 1721 1584 1789 προσώπου
1609 1723 1818 1787 αὐτοῦ,

245 1807 391 1859 διότι
431 1807 739 1876 ἐγήγερται
761 1808 830 1861 ἐκ
863 1806 1135 1876 νεφελῶν
1175 1809 1358 1877 ἁγίων
1395 1811 1603 1864 αὑτοῦ.

1917 816 2265 881 meditemur,
2290 812 2616 876 Jerusalem,
2640 826 2760 880 qua
2789 810 2969 865 animo
2995 809 3225 874 videtur,
3252 808 3406 877 cujus
3431 821 3480 860 et

1917 907 2164 963 conditor
2191 906 2332 960 Deus
2361 905 2403 936 ⁶¹
2423 943 2438 968 ,
2471 903 2561 971 qui
2590 902 2759 971 ipsam
2789 901 3073 955 amabilem
3102 909 3156 955 et
3197 898 3484 968 optabilem

1919 997 2067 1052 facit.
2111 1015 2129 1048 ι
2181 996 2355 1064 Eliget
2413 996 2556 1050 eu‘im
2614 994 2791 1047 adhuc
2839 991 3169 1055 Jerusalem,
3208 1009 3227 1041 ι
3289 991 3481 1057 inquit.

1919 1088 2033 1143 Non
2085 1099 2170 1142 est
2216 1087 2436 1156 insuper
2484 1083 2870 1155 improbabile,
2918 1083 2960 1138 si
3006 1083 3127 1151 quis
3173 1083 3486 1136 existimare

1921 1183 2091 1246 volet,
2115 1180 2412 1236 Jerusalem
2454 1189 2510 1234 et
2543 1192 2684 1233 nunc
2714 1185 2961 1230 vocatam
2995 1190 3116 1230 esse
3157 1173 3484 1234 Ecclesiam,

1921 1291 2079 1344 quam
2112 1284 2168 1328 et
2197 1272 2289 1327 Dei
2321 1271 2590 1325 civitatem
2619 1269 2836 1322 divinus
2868 1267 3033 1321 David
3066 1266 3334 1329 nominat,
3362 1279 3485 1318 cum

1921 1368 1994 1418 ait
2029 1384 2042 1418 :
2086 1385 2104 1415 ι
2147 1366 2298 1418 Sicut
2329 1362 2660 1424 audivimus,
2697 1360 2770 1413 ita
2808 1369 2860 1413 et
2893 1359 3155 1420 vidimus,
3185 1358 3236 1410 in
3270 1357 3519 1410 civitate-

1926 1455 2132 1509 Domini
2162 1455 2437 1515 virtutum,
2471 1451 2524 1504 in
2555 1452 2771 1505 civitate
2806 1450 2893 1504 Dei
2927 1448 3094 1502 nostri
3118 1449 3182 1501 ⁶³.
3219 1467 3237 1497 ι

1998 1718 2158 1772 Vsus.
2197 1718 2282 1772 l5.
2321 1715 2521 1770 Timent
2562 1717 2730 1769 omnis
2769 1732 2891 1768 caro
2934 1732 2966 1767 a
3012 1713 3146 1780 [acie
3187 1715 3334 1782 ejus,
3366 1713 3490 1781 quia

1925 1812 2176 1864 excitatus
2211 1815 2285 1860 est
2312 1823 2339 1860 e
2369 1806 2586 1858 nubibus
2619 1806 2814 1858 sanctis
2841 1805 2973 1859 suis.

318 1895 432 1963 ις’.
488 1895 846 1965 Ἑπιφώνημα
885 1897 984 1965 μὲν
1009 1896 1167 1950 τοῦτο
1198 1897 1359 1954 καλὸν
1391 1899 1484 1951 καίΙ
1524 1901 1823 1970 ἑπωφελὲς,

2001 1899 2139 1954 XVI.
2195 1898 2484 1952 Pulchrum
2543 1897 2674 1959 hoc,
2724 1907 2775 1950 et
2825 1896 2954 1951 utile
3001 1895 3389 1965 epiphonema,
3438 1902 3494 1948 et

249 1984 341 2038 καὶ
380 1982 712 2053 πρόσκλησις
759 1982 962 2052 ἀγαθὴ,
1008 1985 1122 2046 τοῖς
1165 1983 1440 2040 ἐθέλουσιν
1490 1985 1821 2059 εὐδοκιμεῖν,

247 2076 356 2128 εἴτε
401 2074 529 2145 παρ’
556 2072 720 2128 αὐτοῦ
747 2073 937 2142 γέγονε
961 2075 1054 2128 τοῦ
1081 2075 1238 2142 Θεοῦ,
1272 2077 1381 2132 εἴτε
1411 2079 1518 2151 μὴν
1544 2081 1610 2135 ἐκ
1648 2099 1825 2153 προσ-

250 2165 402 2218 ώπου
449 2164 542 2218 τοῦ
587 2165 947 2236 προφητικοῦ.
999 2166 1144 2238 Πλὴν
1188 2170 1364 2224 ἐκεῖνο
1404 2172 1822 2245 περιαθρητέον.

262 2255 349 2316 Ὧς
371 2254 479 2327 γὰρ
501 2255 679 2324 πάντη
709 2272 769 2308 τε
801 2256 892 2310 καὶ
923 2257 1138 2318 πάντως
1157 2258 1541 2331 ἀπολουμένων
1578 2265 1738 2334 οἵπερ
1760 2265 1826 2318 ἂν

250 2345 398 2415 αύτῴ
463 2346 538 2415 μὴ
595 2345 979 2410 πιστεύσειαν,
1039 2349 1386 2404 εὐλαϐεῖσθαι
1451 2357 1824 2427 προστέταχε·

256 2435 414 2488 τοῦτο
445 2437 540 2490 καὶ
577 2437 738 2500 αὐτὸς
772 2438 802 2488 ὁ
835 2439 1068 2508 Χριστὸς
1096 2440 1194 2511 τὴν
1240 2443 1319 2506 εἰς
1349 2444 1509 2498 αὐτὸν
1549 2447 1732 2500 πίστιν
1766 2449 1826 2500 οὐ

249 2525 628 2594 προσιεμένοις
676 2525 947 2594 ἐπεφώνει
988 2531 1101 2592 τοῖς
1149 2531 1209 2596 ἐξ
1267 2533 1510 2606 Ἰσραήλ·
1557 2554 1576 2586 ι
1636 2537 1826 2608 Ἀμὴν,

249 2614 397 2682 ἀμὴν
423 2613 564 2682 λέγω
594 2614 744 2682 ὑμῖν,
770 2615 866 2668 ἐὰν
895 2616 972 2687 μὴ
1007 2619 1334 2690 πιστεύσητε
1360 2623 1442 2676 ὅτι
1471 2625 1584 2692 ἐγώ
1610 2629 1748 2696 εἰμι,
1770 2629 1829 2680 ὲν

249 2705 370 2765 ταῖς
415 2704 714 2774 ἁμαρτίαις
764 2704 916 2773 ὑμῶν
969 2708 1366 2766 ἀποθανεῖσθε·
1422 2731 1442 2765 s
1483 2715 1577 2768 καὶ
1629 2717 1825 2784 πάλιν,

256 2812 274 2845 ι
345 2794 404 2847 ὐ
456 2793 725 2848 πιστεύων
755 2797 835 2858 εἰς
872 2797 960 2850 τὸν
1004 2798 1151 2864 Υίὸν,
1197 2801 1259 2852 οὐ
1291 2803 1552 2872 κρίνεται,
1587 2809 1616 2858 ό
1652 2807 1708 2860 δὲ
1751 2808 1827 2879 μὴ

255 2884 545 2949 πιστεύων,
581 2885 681 2955 ἤδη
713 2886 983 2957 κέκριται,
1015 2890 1096 2944 ὃτι
1128 2890 1204 2961 μὴ
1249 2894 1612 2949 πεπίστευκεν
1642 2899 1724 2961 εἰς
1767 2900 1830 2951 τὸ

251 2976 425 3046 ὄνομα
471 2975 567 3030 τοῦ
626 2977 758 3031 Υἱοῦ
808 2979 902 3032 τοῦ
951 2980 1109 3036 Θεοῦ.
1164 3002 1183 3034 ι
1238 2984 1504 3056 Ταύτῃτοι
1555 2990 1650 3042 καὶ
1682 2989 1830 3054 λίθος

252 3066 700 3138 προσκόμματος,
745 3070 838 3123 καὶ
868 3071 1041 3142 πέτρα
1085 3073 1382 3128 σκανδάλου
1413 3079 1828 3150 κατωνόμασται

251 3159 506 3229 Χριστός.
563 3159 773 3230 Ὠσπερ
806 3162 913 3233 γάρ
971 3165 1116 3218 ἐστιν
1157 3168 1600 3239 ὁμολογουμένως
1664 3173 1830 3226 καλὸν

1927 1991 2226 2047 cohortatio
2256 1990 2393 2046 bona
2424 1988 2730 2043 volentibus
2761 1989 2895 2042 bene
2927 1989 3144 2054 audire,
3174 1987 3290 2041 sive
3321 2000 3350 2040 a
3385 1985 3494 2040 Deo

1925 2094 2036 2149 est,
2066 2083 2182 2138 sive
2224 2097 2290 2136 ex
2341 2096 2570 2150 persona
2613 2079 2904 2148 prophetas
2937 2078 3319 2134 Verumtamen
3366 2077 3494 2132 illud

1925 2175 2372 2231 considerandum
2401 2173 2706 2244 diligenter.
2732 2171 2951 2228 Timere
2975 2170 3118 2226 enim
3143 2169 3319 2239 jubet,
3340 2168 3498 2238 quasi

1927 2267 2152 2335 perditis
2197 2267 2441 2335 penitus,
2485 2266 2794 2334 quicunque
2841 2263 2944 2331 ipsi
2991 2276 3096 2316 non
3142 2260 3492 2316 crediderint.

1930 2359 2044 2413 Hoc
2082 2367 2134 2412 et
2169 2358 2283 2424 ipse
2315 2355 2565 2412 Christus
2596 2355 2854 2410 Israelitis
2891 2354 3048 2408 fidem
3086 2353 3140 2406 in
3176 2353 3348 2419 ipsum
3385 2365 3496 2406 non

1930 2443 2338 2500 admittentibus
2365 2443 2689 2506 minabatur,
2707 2456 2829 2497 cum
2854 2441 3058 2496 diceret
3085 2457 3098 2494 :
3135 2457 3152 2490 ι
3181 2441 3350 2494 Amen
3375 2439 3498 2493 dico

1930 2535 2112 2600 vobis,
2144 2534 2244 2588 nisi
2275 2531 2613 2588 credideritis
2635 2533 2762 2601 quia
2789 2546 2890 2600 ego
2922 2546 3036 2586 sum
3056 2567 3073 2592 ,
3105 2529 3408 2584 moriemini
3443 2531 3497 2583 ia

1928 2626 2166 2695 peccatis
2206 2626 2400 2679 vestris
2419 2623 2493 2686 ⁸³ς
2544 2641 2562 2674 ι
2609 2632 2664 2677 et
2706 2622 2900 2676 iterum
2946 2637 2962 2674 :
3016 2639 3034 2672 ι
3083 2621 3183 2686 Qui
3231 2620 3404 2674 credit
3444 2619 3498 2676 in

1931 2715 2159 2781 Filium,
2196 2731 2301 2769 non
2333 2715 2632 2782 judicatur;
2668 2713 2756 2782 qui
2792 2722 2973 2765 autem
3011 2725 3118 2765 non
3153 2711 3354 2773 credit,
3385 2711 3497 2779 jam

1923 2807 2194 2878 judicatus
2223 2816 2326 2872 eat,
2347 2805 2473 2874 quia
2502 2819 2605 2857 non
2631 2803 2860 2858 credidit
2881 2803 2933 2856 in
2958 2803 3172 2856 nomine
3189 2803 3354 2873 672
3381 2802 3500 2856 Filii

1934 2899 2023 2953 Dei
2051 2898 2117 2952 “.
2160 2916 2179 2949 ι
2220 2896 2425 2953 Idcirco
2456 2906 2510 2950 et
2545 2897 2678 2966 lapis
2711 2893 3028 2951 offensionis
3064 2904 3118 2949 et
3151 2906 3301 2964 petra
3336 2909 3498 2950 scan-

1930 2991 2036 3045 dali
2090 2989 2268 3044 dictus
2319 2998 2404 3042 est
2448 2987 2694 3042 Christus
2720 2987 2786 3040 ".
2831 2987 3290 3053 Quemadmodum
3343 2987 3487 3040 enim

1932 3083 2067 3136 citra
2105 3079 2495 3136 dubitationem
2540 3077 2822 3146 cujusdam
2866 3076 3132 3131 laudabile
3169 3085 3224 3130 et
3264 3076 3502 3131 salutare

1932 3183 2015 3229 est
2037 3171 2140 3228 fide
2163 3171 2338 3239 ipsum
2365 3170 2649 3232 honorare,
2671 3168 2739 3221 ita
2763 3177 2819 3221 et
2839 3169 3124 3223 exitiosum
3154 3183 3259 3222 non
3293 3170 3501 3232 timere,

251 3247 348 3298 καὶ
391 3248 654 3318 σωτήριον
691 3249 749 3301 τὸ
781 3249 958 3304 πίστει
988 3255 1284 3321 στεφανοῦν
1313 3258 1498 3322 αὑτὸν,
1547 3259 1689 3314 οὕτω
1735 3264 1828 3315 καὶ

1932 3268 2023 3337 qui
2061 3275 2276 3337 propter
2317 3279 2412 3318 nos
2449 3273 2628 3317 nostra
2678 3262 2936 3330 suscepit,
2968 3275 3067 3315 nec
3099 3261 3201 3315 alia
3239 3264 3302 3317 de
3336 3278 3502 3318 causa

249 3335 476 3406 ὀλέθρου
505 3338 782 3408 πρόξενον,
817 3341 876 3394 τὸ
909 3341 984 3413 μὴ
1009 3343 1355 3401 εὐλαϐεῖσθαι
1382 3350 1473 3404 τὸν
1505 3352 1572 3404 δι’
1603 3353 1750 3422 ἡμᾶς
1773 3356 1832 3405 ὲν

251 3431 368 3493 τοῖς
403 3430 521 3484 καθ’
555 3433 704 3502 ἡμᾶς
733 3435 1014 3500 γεγονότα,
1055 3436 1150 3490 καί⁸
1177 3439 1278 3508 οὐχ
1309 3440 1497 3512 ἑτέρου
1523 3458 1617 3494 του
1648 3443 1829 3513 χάριν,

252 3521 290 3590 ἢ
353 3520 439 3574 ἵνα
489 3520 638 3591 σώσῃ
689 3522 750 3575 τὸ
780 3525 1075 3589 ἀπολωλός.
1149 3528 1474 3600 Ἐγηγέρθαι
1530 3533 1586 3584 δὲ
1633 3534 1697 3586 ὲκ
1742 3551 1832 3586 vs-

251 3611 435 3679 φελῶν
462 3613 631 3680 ἁγίων
663 3615 828 3668 αὑτὸν
854 3616 1148 3686 νομιοῦμεν
1180 3619 1361 3683 πάλιν,
1393 3622 1470 3684 ὡς
1506 3623 1564 3688 ἐξ
1596 3623 1834 3692 ἠρεμίας

246 3704 357 3774 τῆς
387 3705 556 3759 πάλαι
594 3705 690 3758 καὶ
731 3706 938 3775 σιωπῆς
970 3708 1271 3778 ἀφιγμένον
1301 3712 1380 3774 είς
1415 3711 1625 3782 κίνησιν
1654 3713 1754 3783 τῆς
1777 3716 1836 3768 ἐν

245 3797 393 3865 ἡμῖν
437 3795 735 3864 φροντίδος,
794 3798 1056 3866 γεγονότα
1111 3815 1174 3866 γε
1241 3801 1350 3868 μὴν
1401 3802 1465 3854 ἐκ
1526 3801 1834 3873 σπέρματος

245 3883 431 3953 ἁγίων
479 3885 746 3957 Ἀϐραὰμ,
781 3888 984 3950 Ἰσαὰκ,
1034 3889 1248 3953 Ἰεσσαὶ,
1291 3892 1384 3944 καὶ
1415 3891 1602 3955 Δαϐὶδ,
1636 3894 1700 3946 ἐκ
1727 3894 1834 3948 τῶν

249 3975 358 4029 σὺν
391 3976 621 4042 ἐκείνοις
643 3978 1170 4049 γενεαλογουμένων,
1200 3979 1294 4044 οὓς
1324 3983 1420 4035 καὶ
1443 3983 1672 4053 νεφέλας
1699 3986 1836 4040 ἁποο

247 4067 438 4132 καλεῖ,
457 4068 544 4122 διά
564 4086 646 4122 τοι
675 4070 737 4122 τὸ
772 4070 908 4140 ὑψοῦ
946 4072 1206 4142 φέρεσθαι
1237 4073 1346 4126 τῶν
1367 4071 1539 4142 ἁγίων
1561 4076 1654 4128 τὸν
1686 4077 1832 4142 νοῦν,

252 4161 360 4212 καὶ
399 4161 786 4229 παραιτεῖσθαι
819 4164 918 4233 μὲν
943 4164 1010 4216 τὰ
1040 4165 1133 4216 ἐπὶ
1165 4164 1264 4234 τῆς
1299 4167 1402 4236 γῆς
1442 4167 1534 4220 καὶ
1583 4169 1837 4239 φρόνημα

247 4249 318 4300 τὸ
355 4252 814 4322 κατερριμμένον,
842 4253 1069 4326 ζητεῖΙν]
1097 4255 1152 4308 δὲ
1185 4257 1385 4326 μᾶλλον
1409 4258 1474 4312 τὰ
1508 4259 1620 4312 ἄνω
1653 4261 1748 4313 καὶ
1781 4263 1839 4312 εν

247 4342 371 4403 τοῖς
405 4340 672 4410 οὐρανοῖς,
711 4343 806 4396 καὶ⁵
853 4346 959 4415 μὴν
997 4348 1181 4400 καὶτὸ
1224 4350 1283 4401 ὲν
1311 4350 1460 4414 τάξει
1488 4351 1685 4418 νεφῶν,
1726 4354 1839 4412 τοῖς

247 4433 472 4501 νοητοῖς
503 4431 678 4496 ὑετοῖς
718 4435 1006 4506 κατάρδειν
1048 4439 1287 4510 ἑτέρους.
1324 4440 1442 4493 Ὅτι
1486 4440 1542 4494 δὲ
1572 4440 1670 4511 τὴν
1712 4441 1840 4494 ἀνά-

231 4530 454 4576 «tactv
490 4523 682 4588 ὲννοεῖ,
722 4525 1128 4600 πληροφορήσει
1170 4530 1332 4585 πάλιν
1367 4530 1530 4594 αὐτὸς
1568 4532 1597 4584 ὁ
1623 4533 1836 4605 Σωτῆρι

247 4613 348 4666 διὰ
370 4615 472 4684 τῆς
496 4615 592 4669 τοῦ
614 4617 922 4684 Ψάλλοντος
949 4623 1133 4692 φωνῆς
1159 4623 1301 4678 οὕτω
1331 4625 1528 4693 λέγων’
1561 4645 1579 4677 ι
1612 4627 1839 4681 Ἕνεκεν

246 4703 360 4773 τῆς
416 4704 790 4778 ταλαιπωρίας
832 4711 942 4764 τῶν
991 4714 1222 4783 πτωχῶν
1266 4717 1358 4768 καὶ
1403 4716 1494 4770 τοῦ
1535 4719 1840 4788 στεναγμοῦ

1933 3371 2093 3427 quam
2143 3365 2201 3408 ut
2239 3354 2470 3408 salvaret
2508 3353 2650 3420 quod
2698 3354 2933 3420 perierat
2958 3350 3023 3403 ⁵⁸.
3061 3350 3367 3405 Excitatum
3399 3367 3500 3404 au-

1937 3457 2044 3501 tem
2089 3447 2258 3515 ipsum
2290 3461 2353 3498 ex
2403 3443 2632 3497 nubibus
2669 3441 2872 3496 sanctis
2897 3441 3009 3496 suis
3049 3451 3307 3510 praeterea
3347 3453 3506 3511 puta-

1937 3537 2133 3598 bimus,
2153 3543 2211 3588 ut
2235 3533 2324 3602 qui
2351 3549 2416 3587 ex
2443 3533 2659 3600 antiqua
2689 3531 2870 3600 quiete
2893 3540 2946 3585 et
2969 3532 3182 3586 silentio
3208 3533 3274 3585 ad
3303 3541 3503 3587 motum

1938 3625 2321 3682 sollicitudinis
2363 3624 2511 3677 circa
2555 3639 2652 3676 nos
2691 3622 2931 3685 venerit,
2969 3632 3150 3676 natum
3194 3637 3262 3677 ex
3302 3623 3508 3677 semine

1936 3729 2246 3775 sanctorum
2276 3717 2569 3780 Abraham,
2603 3714 2771 3780 Isaac,
2791 3713 2960 3776 Jesse,
2986 3725 3042 3767 et
3073 3714 3257 3776 David,
3289 3723 3345 3768 et
3373 3714 3510 3768 alio-

1938 3827 2055 3866 rum
2094 3809 2182 3879 qui
2221 3810 2273 3863 in
2314 3808 2504 3862 ordine
2536 3806 2893 3876 generationis
2927 3805 3180 3873 deinceps
3217 3819 3511 3860 recensen-

1940 3913 2046 3966 tur,
2077 3915 2214 3970 quos
2250 3906 2307 3953 et
2338 3898 2508 3952 nubes
2541 3896 2802 3966 appellat,
2828 3899 2972 3965 quod
3007 3904 3321 3950 sanctorum
3359 3909 3511 3949 mens

1937 3994 2166 4049 sublime
2219 3991 2450 4055 feratur,
2514 3999 2570 4046 et
2619 3997 2828 4044 terrena
2879 3989 3222 4058 cogitataque
3274 3986 3507 4041 humilia

1941 4086 2213 4156 repudiet,
2246 4094 2301 4137 et
2339 4096 2570 4152 superna
2613 4082 2790 4150 potius
2846 4096 2911 4135 ac
2951 4081 3195 4136 cmlestia
3241 4088 3448 4148 quaerat
3493 4093 3509 4130 :

1939 4176 2254 4243 quinetiam,
2290 4187 2438 4226 more
2483 4171 2727 4234 nubium,
2761 4169 2957 4239 pluviis
2989 4184 3109 4237 qua:
3142 4169 3514 4238 intelliguntur

1943 4281 2039 4320 nec
2064 4273 2345 4334 apparent,
2371 4263 2508 4317 alios
2533 4262 2740 4331 irriget.
2759 4259 2911 4326 Quod
2943 4269 3124 4312 autem
3151 4257 3510 4312 exsurrectio~

1942 4370 2062 4409 nem
2112 4353 2410 4423 intelligat,
2449 4367 2662 4406 rursum
2711 4349 2958 4404 Salvator
3002 4349 3116 4416 ipse
3166 4348 3510 4410 teetificatur,

1941 4461 2073 4502 voce
2104 4443 2504 4511 Psalmographi
2538 4444 2610 4495 ita
2640 4441 2864 4510 loquens
2894 4463 2906 4495 :
2939 4459 2958 4492 ι
2989 4435 3216 4508 Pi-opter
3237 4439 3512 4494 miseriam

1945 4538 2162 4605 inopum
2197 4544 2252 4589 et
2275 4534 2531 4604 gemitum
2564 4545 2874 4601 pauperum,
2911 4545 3054 4584 nunc
3076 4543 3363 4599 exsurgam
3389 4528 3454 4583 ".
3487 4546 3506 4579 ι

1945 4627 2224 4682 Excitatus
2255 4633 2342 4679 est
2372 4623 2556 4692 igitur,
2596 4623 2698 4677 hoc
2737 4631 2820 4676 est
2888 4633 3067 4676 motus
3102 4631 3188 4676 est
3216 4622 3282 4674 de
3318 4629 3514 4674 caatero

1943 4718 2008 4772 ad
2035 4716 2313 4771 ferendam
2346 4729 2501 4784 opem
2536 4713 2748 4768 miseris
2776 4721 2829 4765 et
2858 4711 3072 4766 afﬂictis
3101 4726 3264 4780 super
3288 4721 3510 4766 terram.

246 4795 372 4847 τῶν
408 4798 658 4868 πενήτων
697 4799 791 4853 νῦν
826 4802 1226 4875 ἀναστήσομαι.
1286 4824 1304 4856 ι
1367 4806 1694 4879 Ὲγήγερται
1731 4809 1828 4862 τοί·

1946 4808 2060 4877 Ipse
2090 4818 2272 4861 autem
2306 4806 2570 4860 malorum
2598 4803 2836 4858 omnium
2867 4811 2951 4858 est
2973 4802 3203 4866 solutio,
3236 4810 3289 4855 et
3319 4801 3517 4855 veteris

249 4901 384 4950 νυν,
427 4889 695 4953 τουτέστι,
731 4892 1014 4961 κεκίνηται
1049 4893 1234 4948 λοιπον
1273 4899 1352 4961 εἰς
1385 4900 1705 4967 ὲπικουρίαν
1734 4903 1828 4961 τοῖς

1947 4898 2214 4952 maledicti
2237 4899 2381 4962 fluis,
2400 4908 2454 4952 et
2479 4896 2801 4968 principium
2833 4896 3011 4948 omnis
3039 4895 3261 4960 boni,et
3292 4893 3518 4962 largitor

249 4975 358 5026 ἐπὶ
403 4976 501 5045 τῆς
546 4977 650 5047 γῆς
688 4981 1026 5050 πεπραχόσιν
1074 4983 1291 5048 ἀθλίως.
1343 4987 1514 5050 Αὐτὸς
1555 4988 1612 5042 δὲ
1664 4991 1694 5058 ή
1737 4988 1828 5040 τῶι

1945 4991 2055 5060 Spei
2087 4990 2210 5044 vitae
2240 4989 2601 5060 sempiterna.

250 5063 457 5116 κακῶν
502 5066 754 5121 ἁπάντων
801 5070 976 5134 λύσις,
1029 5074 1122 5126 καὶ
1163 5073 1263 5144 τῆς
1312 5077 1544 5146 ἀρχαίας
1594 5079 1731 5150 ἀρᾶς
1779 5077 1842 5129 τὸ
1878 5079 2072 5151 πέρας,
2136 5081 2231 5134 καὶ
2263 5079 2406 5150 ἀρχὴ
2471 5077 2564 5132 τοῦ
2610 5075 2811 5139 παντὸς
2838 5075 3064 5145 ἀγαθοῦ,
3109 5076 3202 5130 καὶ
3247 5072 3409 5144 δοτὴρ
3439 5072 3524 5124 ὲλ·

250 5156 423 5218 πίδος
454 5159 548 5226 τῆς
575 5161 652 5223 είς
682 5161 854 5216 αἰῶνα
885 5164 975 5218 τὸν
1007 5167 1289 5234 μέλλοντα.

868 5301 1119 5356 ΚΕΦΑΛ.
1165 5305 1235 5356 Γ.

328 5423 446 5476 Καὶ
488 5421 680 5486 ἔδειξέ
723 5446 826 5496 μοι
863 5434 1075 5500 Κύριος
1115 5437 1358 5503 Ἰησοῦν
1398 5440 1502 5494 τὸν
1542 5443 1698 5512 ἱερέα
1737 5443 1844 5496 τὸν

243 5514 458 5585 μέγαν
506 5517 736 5576 ἑστῶτα
779 5525 891 5591 πρὸ
934 5528 1255 5594 προσώπου
1299 5533 1555 5602 ἀγγέλου
1600 5537 1840 5602 Κυρίου.

333 5717 383 5748 ⁸⁸
422 5716 584 5771 llehr.
621 5733 693 5777 xl.
730 5719 817 5771 l0.
919 5719 962 5750 ⁶¹
996 5718 1137 5773 Psal.
1173 5740 1338 5784 XLVII,
1370 5731 1420 5779 tt.

252 5801 432 5846 xvm,
467 5788 551 5840 ll.
629 5789 672 5822 ⁸⁷
707 5789 848 5842 Psal.
885 5789 1036 5850 “,6.
1358 5792 1362 5796 ’

635 5881 907 5940 ΡΑτιιοῑ..
945 5882 1059 5941 Gn.
1099 5882 1328 5942 LXXII.

1525 5727 1569 5758 ⁸³
1599 5728 1754 5782 Joan.
1785 5744 1903 5793 vm,
1934 5728 2025 5795 24.

2596 5305 2744 5361 CAP.
2784 5306 2866 5360 III.

2020 5441 2185 5497 Vsus.
2214 5442 2264 5506 I,
2285 5442 2339 5495 ‘2.
2367 5439 2429 5493 Et
2456 5439 2680 5494 ostendit
2704 5439 2830 5493 mihi
2861 5439 3112 5492 Dominus
3136 5437 3318 5491 Iesum
3347 5454 3523 5492 sacer-

1949 5537 2122 5589 dotem
2162 5549 2405 5604 magnum
2451 5543 2673 5588 stantem
2707 5543 2827 5586 ante
2861 5533 3046 5602 faciem
3077 5529 3248 5602 angeli
3287 5528 3517 5588 Domini.

2132 5729 2174 5760 θ’*
2208 5726 2358 5782 Joau.
2393 5727 2589 5789 In,18.
2708 5725 2750 5755 ⁸⁸
2779 5725 2796 5777 I
2828 5723 2966 5777 Pctr.
3006 5738 3062 5789 ll,
3103 5724 3154 5777 8.

3262 5726 3306 5757 “
3330 5726 3516 5784 Matth.

3127 5886 3162 5945 2
