4120 6568
617 419 686 475 ιιι
724 405 729 411 ’
1604 407 1662 462 s.
1706 402 1979 463 CYRILIJ
2020 401 2483 458 ALEXANDRINI
2528 399 2846 458 ARCHIEP.
3800 395 3869 446 tt

618 531 688 587 Et
718 531 956 586 diabolus
987 531 1155 584 stabat
1186 546 1217 583 a
1248 529 1450 584 dextris
1479 528 1613 592 eius,
1641 537 1697 579 ut
1726 529 2091 580 adversaretur
2120 525 2189 577 ei.

2301 523 2405 578 Καὶ
2454 526 2487 577 ό
2521 522 2799 587 διάϐολος
2845 516 3105 583 εἱστήκει
3150 514 3215 567 ἐκ
3259 510 3464 575 δεξιῶν
3517 508 3724 571 αὑτοῦ,
3766 509 3868 562 τοῦ

618 627 685 679 Εἰ
726 624 861 677 dixit
901 621 1153 676 Dominus
1192 620 1259 673 ad
1296 619 1565 673 diabolum
1602 636 1618 671 :
1657 618 1895 686 lncrepet
1931 617 2187 670 Dominus

2301 612 2654 668 ἀντικεῖσθαι
2688 610 2867 676 αὐτῷ.
2911 608 3019 663 Kal
3050 602 3180 660 εἷπε
3223 605 3371 670 πρὸς
3407 602 3513 655 τὸν
3554 600 3867 655 διάϐολον·

616 717 667 765 in
706 726 784 778 te,
810 713 1046 774 diabole,
1068 721 1113 763 et
1147 711 1371 777 increpet
1405 711 1460 764 in
1490 720 1539 762 te
1570 710 1659 778 qui
1691 709 1841 777 elegit
1869 708 2184 762 Jerusalem.

2307 702 2676 772 Ἐπιτιμήσαι
2706 702 2922 769 Κύριος
2958 698 3028 751 ἐν
3070 695 3191 758 σοί,
3238 692 3499 754 διάϐολε,
3548 693 3643 745 καί
3686 692 3870 745 sum-

621 800 807 852 Nonne
836 815 951 852 ecce
979 800 1074 851 hoc
1103 807 1157 849 ut
1188 798 1343 851 torris
1372 808 1633 850 extractus
1662 813 1725 850 ea:
1752 798 1909 865 igne?

2301 801 2479 863 ιιήσαι
2524 796 2593 847 ἐν
2642 793 2742 847 σοι
2786 796 2818 846 ό
2854 788 3252 857 ἐκλεξάμενος
3298 786 3413 853 τὴν
3455 783 3869 853 Ἰερουσαλήμ.

2306 892 2426 943 Οὐκ
2492 886 2620 941 ἰδοὺ
2674 884 2848 938 τοῦτο
2913 882 2993 947 ὡς
3047 879 3232 944 δαλὸς
3297 875 3753 945 ἐξεσπασμένος
3806 875 3874 928 ἐκ

2294 980 2483 1046 πυρός
2508 996 2525 1041 ;
2826 998 2829 1001 ·

688 1062 852 1116 XVII.
913 1062 1164 1116 Narratio
1210 1058 1472 1114 visionem
1523 1058 1785 1121 continet,
1820 1066 2188 1111 verumtamen

620 1170 836 1208 sensum
875 1152 1036 1207 habet
1089 1150 1427 1214 historicum,
1476 1149 1575 1202 sub
1619 1148 1904 1217 aenigmate
1954 1162 2011 1200 se
2062 1147 2190 1199 insi-

621 1256 874 1300 nnantem
913 1254 965 1299 et
998 1254 1053 1296 ut
1082 1242 1315 1312 imagine
1347 1240 1541 1295 iterum
1571 1238 1751 1293 Iesum
1780 1239 2189 1293 describentem.

616 1340 930 1393 Tenendum
959 1350 1144 1406 porro,
1183 1334 1495 1403 prophetam
1535 1332 1738 1386 visione
1761 1330 1870 1401 jam
1902 1346 1960 1383 re
2013 1329 2191 1399 perfe-

615 1443 700 1483 cta
750 1440 805 1483 et
830 1429 897 1482 ad
917 1427 1119 1482 exitum
1156 1424 1378 1478 deducta
1421 1420 1579 1476 verba
1642 1421 1837 1475 facere.
1866 1420 1958 1473 Est
2010 1430 2190 1473 autem

617 1534 949 1589 mqnaquam
976 1515 1249 1570 fabulosus
1272 1528 1470 1577 sermo,
1497 1528 1670 1582 neque
1700 1514 1767 1566 ab
1790 1511 2035 1566 instituto
2068 1511 2195 1564 alie-

616 1629 735 1675 nus,
766 1624 937 1679 neque
975 1609 1177 1662 otiosas
1209 1604 1546 1659 narrationes
1589 1612 1836 1658 acervat:
1892 1618 2101 1664 verum,
2140 1612 2198 1655 ut

615 1706 745 1766 dixi,
799 1701 1065 1773 principio
1121 1709 1407 1769 antequam
1467 1698 1768 1760 evenirent,
1796 1695 1897 1750 ista
1959 1695 2113 1759 vidit,
2146 1707 2200 1752 et

2368 1070 2465 1122 IZ'.
2512 1069 2738 1136 Ὄρασις
2791 1064 2891 1133 μὲν
2937 1062 2999 1114 τὸ
3044 1061 3311 1131 διήγημα.
3355 1058 3495 1129 πλὴν
3550 1058 3663 1127 ἔχει
3714 1057 3873 1125 λόγον

2299 1158 2605 1229 ἱστορικὸν,
2657 1150 3069 1223 αἰνιγματωδῶς
3123 1149 3497 1210 εἰσϐάλλοντα,
3556 1149 3649 1201 καί
3696 1148 3771 1211 ώς
3817 1148 3875 1199 ἐν

2296 1249 2463 1303 εἰκόνι
2507 1247 2670 1301 πάλιν
2695 1244 2774 1315 τῷ
2822 1241 2997 1313 Ἰησοῦ
3044 1240 3642 1311 προσδιαγραφόμενον.
3680 1239 3875 1292 ’ἰστέον

2295 1340 2372 1402 δὲ,
2406 1341 2487 1392 ὅτι
2515 1339 2625 1391 τῶν
2667 1340 2726 1390 ἐν
2746 1338 2867 1399 ταῖς
2891 1336 3147 1406 όράσεσιν
3172 1334 3250 1397 εἰς
3276 1333 3449 1404 πέρας
3476 1331 3873 1403 ἐκϐεϐηκότων,

2296 1433 2423 1495 τοὺς
2450 1433 2578 1502 περί
2602 1430 2780 1484 αὐτῶν
2801 1431 2831 1482 6
2853 1428 3137 1499 προφήτης
3162 1429 3394 1480 ποιεῖται
3419 1425 3629 1493 λόγους.
3662 1426 3876 1478 Εἰκαιο-

2303 1523 2475 1593 μυθὴς
2510 1522 2566 1576 δὲ
2609 1520 2884 1592 οὐδαμῶς,
2918 1519 3039 1573 οὐδὲ
3072 1517 3177 1589 μὴν
3202 1517 3430 1571 κατόπιν
3456 1516 3565 1569 τῶν
3592 1515 3875 1586 ἐπιτηδευ-

2304 1616 2486 1685 μάτων
2547 1614 2800 1685 ἐρχεται,
2852 1612 2947 1667 καὶ
3010 1610 3278 1681 περιττῶν
3336 1612 3467 1679 ἡμῖν
3526 1608 3875 1679 διηγημάτων

2304 1705 2529 1778 σωρεύει
2573 1706 2762 1777 ὄχλονο
2807 1703 2948 1766 ἀλλ’,
2980 1702 3057 1765 ὡς
3094 1700 3249 1772 ἐφην,
3295 1703 3356 1753 ἐν
3397 1701 3592 1771 ἀρχαῖς
3634 1699 3740 1771 πρὸ
3769 1698 3875 1752 τῶν

615 1795 934 1847 annuntiarc
997 1807 1249 1862 magnum
1299 1804 1482 1859 operte
1538 1787 1769 1856 pretium
1851 1786 2020 1849 ducit,
2071 1786 2195 1839 dum

2304 1799 2638 1867 πραγμάτων
2660 1793 2912 1848 τεθέαται
2948 1791 3143 1854 ταῦτα,
3174 1790 3267 1844 xai.
3300 1790 3666 1858 ἀπαγγέλλειν
3710 1790 3877 1842 ποιεῖ-

617 1890 685 1937 ita
722 1885 933 1938 erudiat
964 1898 1016 1938 et
1052 1859 1222 1938 tutum
1253 1882 1437 1936 reddat
1484 1878 1760 1941 lsraelem,
1814 1893 1882 1932 ne
1930 1876 2196 1931 similibus

2301 1859 2390 1941 ται
2427 1859 2561 1959 περὶ
2600 1885 2818 1948 πολλοῦ,
2863 1886 3024 1953 σοφόν
3052 1901 3109 1937 τε
3135 1883 3230 1936 καὶ
3255 1882 3468 1953 ἀσφαλῆ
3499 1881 3758 1945 καθιστὰς
3784 1880 3874 1934 τὸν

616 1994 733 2032 sese
771 1978 981 2032 delictis
1031 1978 1225 2031 iterum
1292 1974 1548 2037 involvat,
1601 1973 1904 2041 iterumque
1956 1971 2200 2040 captivus

618 2070 705 2122 fiat
729 2112 741 2133 ,
776 2070 953 2123 sciens
985 2084 1044 2123 se
1074 2068 1337 2121 salvatum
1365 2080 1485 2120 cum
1515 2064 1717 2125 labore,
1744 2072 1800 2117 et
1824 2063 2195 2117 liberationem
2224 2100 2225 2103 η

618 2172 830 2226 quoque
874 2158 977 2226 ipsi
1005 2172 1140 2226 opus
1172 2163 1291 2211 erat
1342 2155 1568 2225 gratiam
1609 2152 1771 2224 673
1812 2150 2194 2221 propemodum

618 2251 702 2304 vel
733 2251 865 2318 ipsis
894 2251 947 2303 in
980 2248 1118 2303 caelo
1144 2247 1348 2317 angelis
1372 2261 1525 2301 curae
1583 2260 1646 2299 ac
1679 2244 2027 2299 sollicitudini
2063 2242 2197 2297 fuis-

617 2358 696 2399 se.
720 2344 807 2397 Ait
832 2356 960 2409 ergo
984 2355 1043 2396 se
1071 2340 1267 2393 vidisse
1289 2346 1516 2392 stantem
1547 2336 1813 2405 angelum,
1835 2345 1890 2389 et
1918 2350 2101 2389 coram
2133 2349 2199 2389 eo

616 2433 798 2489 Jesnm
832 2428 1245 2485 lHittm-Josedec
1271 2427 1605 2482 sacerdotem
1640 2439 1911 2495 magnum.
1946 2425 2010 2478 Et
2037 2438 2197 2495 ange-

620 2530 704 2577 lus
738 2522 951 2593 quidem
986 2532 1165 2592 typum
1195 2527 1245 2574 et
1276 2516 1561 2588 imaginem
1580 2515 1789 2570 Christi
1814 2515 2075 2586 gerebat:
2109 2528 2197 2567 sa-

621 2616 812 2669 cerdos
844 2623 1024 2667 autem
1084 2612 1251 2665 totius
1300 2608 1480 2680 populi
1534 2620 1820 2676 personam
1879 2605 2198 2660 sustinuisse

622 2709 797 2767 potest
836 2697 1053 2762 intelligi
1082 2714 1095 2749 :
1122 2697 1202 2752 sic
1228 2696 1371 2749 enim
1399 2694 1579 2749 divina
1616 2693 1896 2764 Scriptura
1920 2709 2040 2749 eum
2104 2709 2197 2748 ac-

619 2792 770 2859 cipit.
794 2790 969 2855 Quare
1008 2787 1201 2842 alicubi
1235 2787 1301 2841 ad
1336 2785 1517 2841 Mosen
1542 2786 1669 2841 dicit
1715 2786 1854 2841 Deus
1888 2802 1903 2841 :
1933 2804 1949 2835 ι
1984 2784 2049 2840 Ει
2072 2801 2199 2841 ecce

621 2895 719 2949 ego
749 2879 929 2949 accepi
976 2877 1191 2932 Levitas
1231 2890 1326 2946 pro
1362 2876 1618 2931 omnibus
1663 2876 1789 2931 [iliis
1835 2875 2020 2941 Israel,
2058 2877 2199 2930 dono

623 2972 733 3025 dati
774 2981 903 3026 sunt
933 2970 1065 3024 tnihi
1099 2970 1167 3023 ⁸⁸.
1202 2988 1221 3020 ι
1260 2968 1520 3035 Quocirca
1550 2968 1684 3023 nihil
1732 2968 1989 3023 adversus
2035 2968 2195 3023 deco-

624 3077 742 3116 rum
767 3071 954 3131 peccat
974 3060 1170 3126 oratio,
1196 3075 1293 3129 pro
1321 3059 1466 3114 omni
1503 3059 1699 3128 populo
1730 3059 2062 3114 sacerdotem
2108 3075 2197 3113 ac-

2313 1980 2546 2051 Ἰσραήλ,
2592 1980 2678 2032 ἵνα
2721 1978 2796 2050 μή
2841 1980 2955 2041 τοῖς
3007 1978 3141 2039 ῐσοις
3188 1976 3492 2046 πταίσμασι
3540 1972 3873 2045 περιπεσὼν,

2300 2073 2453 2144 ἁλοίη
2488 2072 2581 2126 καὶ
2609 2071 2877 2141 δεύτερον,
2903 2069 3079 2131 εἰδὼς,
3113 2070 3194 2122 ὅτι
3226 2068 3489 2139 σέσῳσται
3526 2067 3663 2138 μετὰ
3688 2068 3874 2132 πόνου,

2300 2165 2395 2218 καὶ
2451 2166 2730 2235 μονονουχὶ
2779 2163 2997 2235 φροντὶς
3040 2162 3230 2231 γέγονε
3291 2160 3386 2214 καὶ
3426 2164 3539 2224 τοῖς
3576 2163 3634 2213 ἐν
3665 2159 3875 2231 οὐρανῷ

2299 2254 2550 2322 ἀγγέλοις
2596 2256 2627 2321 ἡ
2673 2253 2761 2306 ἐπ’
2796 2252 2943 2321 αὐτῷ
2988 2251 3253 2323 λύτρωσίς
3283 2268 3340 2303 τε
3375 2250 3469 2304 καὶ
3509 2250 3689 2322 χάρις.
3732 2250 3875 2318 Ἔφη

2298 2344 2509 2408 τοίνυν,
2548 2345 2629 2396 ὃτι
2669 2342 2920 2396 τεθέαται
2970 2342 3067 2411 μὲν
3108 2341 3316 2395 ἑστῶτα
3353 2341 3443 2394 τὸν
3479 2341 3728 2408 ἄγγελον,
3772 2338 3880 2410 πρὸ

2298 2438 2589 2509 προσώπου
2623 2435 2679 2489 δὲ
2718 2434 2882 2488 αὑτοῦ
2926 2434 3015 2488 τὸν
3063 2433 3269 2505 Ἰησοῦν
3317 2433 3409 2486 τὸν
3460 2431 3737 2495 Ἰωσεδὲκ,
3785 2430 3876 2483 τὸν

2299 2530 2449 2600 ἱερέα
2477 2528 2567 2581 τὸν
2605 2526 2797 2597 μέγαν.
2825 2526 2937 2580 Καὶ
2973 2526 3003 2578 6
3039 2524 3136 2594 μὲν
3164 2524 3393 2591 ἄγγελος
3431 2525 3511 2585 εἰς
3565 2523 3747 2576 εἰκόνα
3782 2521 3877 2576 καὶ

2302 2619 2473 2672 τύπον
2508 2620 2747 2688 εἱστήκει
2772 2615 3038 2688 Χριστοῦο
3083 2616 3110 2668 6
3157 2614 3213 2668 δέ
3246 2632 3308 2683 γε
3342 2615 3520 2686 ἱερεὺς
3566 2614 3780 2685 νοηθείη
3810 2612 3879 2667 ἃν

2301 2711 2423 2766 ἀντ)⁸
2468 2710 2667 2773 παντὸς
2702 2710 2793 2764 τοῦ
2827 2708 2957 2762 λαοῦ
2980 2726 2994 2739 ⁸
3031 2707 3362 2778 λαμϐάνεται
3400 2706 3508 2778 γὰρ
3538 2706 3680 2760 οὕτω
3727 2708 3875 2777 παρά

2302 2800 2422 2863 ταῖς
2462 2800 2634 2863 θείαις
2666 2801 2926 2870 Γραφαῖς.
2956 2798 3065 2852 Ka‘t
3096 2796 3225 2866 γοῦν
3251 2796 3351 2866 ἐφη
3388 2813 3487 2849 που
3512 2796 3647 2867 πρὸς
3672 2797 3877 2851 Mutata

2302 2892 2469 2955 Θεόςο
2509 2911 2527 2943 ι
2585 2892 2694 2945 Καὶ
2745 2891 2853 2943 ἰδοὺ
2900 2890 3010 2958 ἐγὼ
3054 2890 3251 2959 εἴληφα
3302 2892 3429 2953 τοὺς
3477 2890 3708 2952 Λευῖτας
3756 2890 3877 2942 ἀντὶ

2300 2983 2512 3035 πάντων
2543 2981 2650 3035 τῶν
2684 2981 2813 3034 υἰών
2852 2980 3083 3050 Ἰσραὴλ,
3109 2980 3248 3049 δόμα
3276 2979 3548 3049 δεδομένοι
3571 2978 3677 3031 εἰσί
3706 2995 3816 3047 μοι.
3852 2998 3870 3030 ι

2303 3071 2560 3140 Ἔρχεται
2601 3068 2666 3141 δή
2696 3066 2787 3123 οὖν
2819 3070 2847 3122 6
2877 3068 3033 3136 λόγος
3064 3070 3195 3140 ἡμῖν
3227 3070 3329 3121 οὐκ
3377 3068 3487 3123 ἀπὸ
3535 3068 3738 3122 σκοποῦ
3781 3067 3876 3121 τοῦ

620 3153 845 3220 cipiens.
871 3150 1161 3220 Postquam
1206 3150 1351 3205 enim
1387 3148 1577 3215 lsrael,
1610 3148 1767 3204 cultis
1805 3149 1960 3204 idolis
1984 3156 2196 3219 spretis-

2303 3160 2632 3233 πρέποντος,
2668 3161 2787 3214 ἀντί
2821 3160 3021 3222 παντὸς
3060 3158 3154 3212 τοῦ
3192 3158 3321 3212 λαοῦ
3355 3159 3447 3211 τὸν
3479 3159 3629 3229 ἱερέα
3659 3158 3879 3227 δεχομέ-

622 3261 727 3315 que
759 3246 968 3317 legibus
1022 3261 1116 3316 per
1163 3243 1346 3299 Mosen
1393 3242 1535 3308 latis,
1590 3240 1830 3310 abiectus
1879 3252 1963 3298 est
1991 3258 2020 3297 a
2057 3244 2193 3299 facie

623 3336 739 3401 Dei,
768 3334 1110 3401 postmodum
1159 3334 1305 3404 jnsta
1352 3333 1404 3387 in
1431 3348 1551 3388 eum
1590 3334 1667 3387 ira
1692 3333 1921 3401 expleta,
1980 3334 2198 3388 miseri-

622 3428 803 3483 cordia
836 3440 865 3479 a
901 3426 1011 3480 Deo
1036 3435 1119 3479 est
1142 3424 1384 3489 affectus,
1420 3434 1476 3480 et
1516 3425 1693 3479 denuo
1725 3424 1790 3478 ad
1845 3435 2194 3494 conspectuin

621 3518 737 3585 eius
782 3526 1082 3573 revocatus.
1118 3517 1185 3571 Et
1214 3517 1337 3582 hoc,
1367 3516 1578 3586 opinor,
1601 3526 1704 3581 est,
1727 3517 1825 3571 sub
1852 3518 2083 3585 quodam
2120 3518 2198 3571 in-

626 3618 937 3679 tegumento
971 3610 1279 3674 verborum,
1312 3618 1457 3663 stare
1480 3608 1815 3663 sacerdotem
1853 3618 1978 3663 ante
2005 3609 2196 3662 facient

525 3721 533 3729 -
626 3701 800 3769 angeli
836 3699 1068 3756 Domini.
1100 3698 1157 3753 In
1182 3700 1260 3753 ira
1289 3699 1484 3768 quippe
1571 3708 1871 3764 aversatur,
1928 3709 1982 3753 et
2014 3698 2201 3754 oculos

625 3804 867 3849 removet
908 3808 936 3845 a
964 3790 1456 3860 contemptoribus:
1490 3801 1677 3846 contra
1729 3792 1992 3845 miserans
2029 3792 2202 3844 intue-

626 3896 713 3939 tur
767 3895 820 3937 et
849 3885 1090 3954 respicit.
1114 3882 1252 3938 Hinc
1282 3892 1336 3937 et
1361 3883 1574 3937 divinus
1595 3883 1803 3938 Psaltes
1831 3886 2024 3937 orabat
2077 3885 2150 3937 ita
2182 3898 2196 3934 :

631 3996 649 4028 ι
685 3975 762 4030 Ne
793 3987 1009 4031 avertas
1042 3975 1233 4029 faciem
1261 3982 1408 4027 tuam
1441 3988 1470 4025 a
1504 3988 1613 4041 me,
1660 3984 1717 4028 et
1776 3989 1843 4028 ne
1871 3975 2104 4029 declines
2146 3974 2199 4028 in

624 4071 703 4123 ira
739 4085 768 4122 τι
802 4082 956 4123 servo
988 4074 1081 4121 tuo
1109 4066 1208 4117 ".i
1246 4064 1313 4118 Et
1345 4064 1537 4120 iterum
1566 4080 1580 4116 :
1622 4084 1641 4116 ι
1677 4065 1905 4136 Respice
1932 4066 1987 4121 in
2010 4081 2114 4133 me,
2148 4075 2204 4121 et

624 4159 885 4213 miserere
906 4156 1010 4211 mei
1026 4155 1127 4208 ".i
1154 4154 1421 4210 Caeterum
1445 4163 1636 4208 natura
1664 4152 1924 4224 benignus
1965 4165 2020 4210 et
2040 4156 2201 4211 mise-

624 4250 797 4305 ricors
821 4249 961 4304 Deus
988 4246 1236 4302 lsraelem
1267 4260 1297 4299 a
1333 4254 1555 4316 peccato
1582 4245 1863 4301 liberabat.
1890 4246 1989 4312 Qui
2022 4256 2200 4302 autem

624 4341 677 4395 in
704 4341 831 4394 illud
859 4340 1144 4394 induxerat
1172 4338 1400 4393 Satanas
1430 4338 1627 4402 stabat,
1652 4338 2001 4395 nihilominus
2014 4340 2203 4395 adver-

623 4447 772 4496 sans,
792 4441 846 4485 et
861 4444 921 4484 se
943 4443 1216 4499 opponens
1235 4428 1330 4492 illi,
1357 4438 1410 4483 et
1430 4429 1687 4484 deserens
1704 4428 1851 4483 illum
1875 4430 2111 4500 insuper,
2126 4442 2201 4495 et,

2298 3266 2428 3312 νοις.
2483 3249 2699 3320 Ἐπειδὴ
2740 3249 2850 3320 γὰρ
2880 3250 3103 3319 γέγονεν
3139 3251 3167 3302 6
3218 3248 3436 3319 Ἰσραὴλ
3479 3250 3543 3301 ἐκ
3586 3250 3877 3319 προσώπου

2296 3338 2453 3403 Θεοῦ,
2506 3340 2882 3411 λελατρευκὼς
2927 3340 3189 3403 εἰδώλοις,
3238 3341 3327 3393 καὶ
3377 3339 3539 3393 αὐτὸν
3584 3341 3640 3393 δὲ
3674 3340 3764 3393 τὸν
3792 3340 3879 3394 διὰ

2298 3431 2543 3495 Μωσέως
2584 3432 2858 3503 ἀτιμήσας
2888 3432 3073 3501 νόμον,
3104 3424 3221 3482 εἶτα
3254 3430 3636 3499 πληρωθείσης
3664 3431 3760 3499 τῆς
3790 3432 3878 3483 ἐπ’

2299 3524 2446 3595 αὐτῷ
2486 3524 2700 3586 δικαίας
2741 3523 2929 3594 ὀργῆς,
2962 3522 3184 3593 ήλέηται
3221 3521 3373 3593 παρά
3415 3521 3572 3583 Θεοῦ,
3618 3522 3878 3592 κέκληταί

2299 3632 2356 3667 τε
2401 3614 2560 3668 πάλιν
2609 3616 2689 3677 εἰς
2729 3613 2852 3682 ὅφιν
2898 3613 3086 3666 αὑτοῦ.
3136 3615 3244 3667 Καὶ
3292 3611 3469 3679 τοῦτο,
3519 3610 3692 3683 οἶμαι,
3730 3615 3877 3667 ἐστὶν

2300 3704 2713 3774 αἰνιγματωδῶς
2754 3704 2814 3757 τὸ
2846 3704 3069 3757 ἑστάναι
3115 3704 3206 3756 τὸν
3252 3702 3401 3774 ἱερέα
3448 3703 3554 3774 πρὸ
3584 3703 3876 3775 προσώπου

2299 3796 2532 3863 ἀγγέλου
2564 3795 2790 3865 Κυρίου.
2852 3794 2938 3846 Ἐν
2976 3796 3111 3865 ὀργῇ
3164 3795 3263 3865 μὲν
3299 3794 3409 3866 γὰρ
3447 3795 3877 3867 ἀποστρέφεται,

2300 3888 2393 3941 καὶ
2420 3886 2744 3956 ἀποκομίζει
2768 3885 2895 3948 τοὺς
2927 3886 3242 3955 ὀφθαλμοὺς
3272 3886 3379 3939 τῶν
3408 3887 3679 3941 εἰωθότων
3707 3905 3882 3941 κατα-

2302 3980 2516 4047 φρονεῖν
2537 3993 2551 4007 ·
2585 3975 2868 4046 οἰκτείρων
2893 3992 2957 4044 γε
2989 3976 3097 4045 μὴν
3127 3976 3299 4046 ἐφορᾷ
3329 3976 3423 4029 καί⁵
3465 3976 3879 4031 ἐπισκέπτεται.

2302 4070 2412 4122 Καὶ
2437 4067 2566 4136 γοῦν
2594 4069 2622 4120 6
2650 4066 2935 4129 θεσπέσιος
2964 4066 3263 4137 Ψαλμῳδὸς
3294 4069 3653 4139 προσηύχετο,
3673 4066 3847 4136 λέγων
3868 4085 3883 4097 ο

2308 4179 2325 4210 ι
2373 4159 2463 4229 Μὴ
2500 4157 2850 4229 ἀποστρέψῃς
2879 4158 2938 4210 το
2978 4157 3270 4227 πρόσωπόν
3318 4175 3411 4210 σου
3461 4159 3555 4211 ἀπ’
3588 4159 3746 4228 ἐμοῦ,
3782 4161 3882 4213 καὶ

2309 4250 2384 4320 μὴ
2406 4248 2660 4321 ἐκκλίνῃς
2687 4249 2746 4301 ἐν
2773 4248 2908 4319 ὀργῇ
2948 4248 3057 4301 ἀπὸ
3080 4247 3176 4301 τοῦ
3205 4245 3389 4301 δούλου
3422 4265 3534 4301 σου.
3574 4268 3591 4299 i
3623 4250 3734 4302 Καὶ
3772 4251 3883 4303 πά-

2303 4341 2384 4393 λιν
2404 4357 2418 4372 ο
2457 4359 2474 4390 ι
2521 4338 2840 4408 Ἐπίϐλεψον
2862 4338 2948 4391 ἐπ’
2975 4338 3094 4409 ἐμὲ,
3121 4338 3215 4392 καὶ
3244 4338 3465 4409 ἐλέησόν
3496 4356 3581 4409 με.
3620 4359 3638 4393 ι
3683 4341 3819 4393 Ἀλλ’
3849 4345 3881 4394 6

2308 4432 2407 4501 μὲν
2450 4429 2607 4497 φύσει
2647 4430 2877 4501 χρηστὸς
2911 4429 3005 4482 καὶ
3051 4429 3442 4499 φιλοικτίρμων
3488 4430 3616 4493 Θεὸς
3651 4430 3879 4500 ἠλευθέ-

623 4523 765 4591 quod
800 4522 1014 4592 quidem
1042 4521 1109 4575 ad
1144 4520 1423 4575 arbitrium
1460 4535 1524 4575 ac
1563 4520 1890 4575 voluntatem
1926 4522 2093 4591 ipsius
2116 4531 2196 4575 at-

2305 4540 2402 4592 ρου
2446 4522 2545 4591 τῆς
2574 4521 2845 4592 ἁμαρτίας
2879 4520 2968 4574 τὸν
3010 4519 3243 4591 Ἰσραήλ.
3286 4520 3345 4571 Ὅ
3370 4520 3425 4573 δέ
3459 4538 3522 4589 γε
3562 4525 3641 4585 εἰς
3672 4523 3880 4593 ταύτην

625 4616 849 4680 tinebat,
882 4612 1328 4675 misericordiam,
1358 4619 1413 4665 ut
1452 4612 1686 4681 peccatis
1709 4612 1953 4681 obnoxio}
1980 4620 2035 4667 et
2095 4612 2195 4666 int-

626 4706 842 4773 pietatis
872 4704 1190 4758 criminibus
1240 4701 1451 4756 irretito
1498 4710 1552 4756 et
1578 4702 1776 4756 nullius
1809 4702 1979 4772 frugis
2032 4703 2194 4757 tribui

627 4810 731 4849 non
772 4796 972 4848 sinens.
1011 4811 1030 4844 ι
1058 4793 1249 4849 Stabat
1275 4793 1443 4859 enim,
1471 4792 1669 4862 inquit,
1693 4808 1758 4847 ac
1782 4793 1988 4848 dextris
2020 4792 2191 4862 ejus.»

625 4885 857 4955 quodam
917 4883 1076 4939 modo
1113 4885 1333 4937 dextera
1360 4884 1685 4938 destruens:
1723 4898 1827 4937 non
1871 4884 2013 4937 enim
2064 4883 2197 4938 sini-

629 4987 766 5031 stras
797 4993 882 5030 res
914 4985 1143 5039 nostras,
1180 4975 1274 5029 sed
1309 4975 1529 5029 dextras
1578 4984 1631 5027 et
1688 4974 1979 5029 laudabiles
2032 4990 2200 5045 oppu-

620 5078 771 5135 μοι.
799 5070 906 5122 lloc
933 5067 1225 5138 contigisse
1246 5067 1461 5121 cuidam
1525 5066 1575 5118 in
1610 5066 1881 5119 Christum
1909 5066 2196 5135 impiorum

626 5160 813 5213 beatus
849 5158 1013 5212 David
1052 5157 1317 5213 sentiebat
1366 5156 1553 5210 dicens
1585 5170 1599 5206 :
1630 5171 1648 5204 ι
1706 5153 1958 5209 Diabolus
2021 5164 2127 5211 stet
2168 5172 2196 5211 a

623 5249 829 5303 dextris
868 5248 981 5316 ejus
1012 5248 1112 5302 τί.»
1155 5244 1558 5302 Adversabatur
1590 5259 1715 5315 ergo
1762 5243 1994 5300 Satanas
2034 5264 2046 5299 :
2103 5247 2197 5301 scd

623 5337 797 5406 angeli
830 5352 961 5392 voce
996 5335 1390 5406 increpabatur.
1422 5331 1638 5386 Au'divit
1693 5333 1835 5386 enim
1870 5334 2135 5387 dicentem
2175 5352 2188 5388 :

628 5445 647 5477 ι
686 5425 930 5498 lncrepet
957 5426 1215 5483 Dominus
1264 5425 1315 5478 in
1344 5432 1418 5487 te,
1453 5422 1683 5488 diabolo,
1718 5434 1774 5477 et
1802 5424 2043 5493 increpet
2086 5424 2193 5477 Do-

629 5520 803 5575 minus
835 5520 887 5574 in
917 5528 989 5583 te,
1018 5518 1110 5588 qui
1136 5516 1297 5588 elegit
1330 5514 1686 5571 Jerusalem.»
1729 5513 2024 5569 Considera
2048 5514 2190 5570 enim

618 5610 894 5684 quomodo
938 5608 1081 5663 illico
1125 5607 1233 5661 Dco
1280 5604 1531 5660 infestum
1571 5613 1623 5658 et
1678 5605 1927 5672 supernis
1973 5604 2191 5659 calculis

2304 4610 2658 4683 ἐμϐεϐληκὼς
2706 4613 2970 4675 Σατανᾶς,
3022 4611 3260 4681 εἱστήκει
3310 4611 3471 4664 πάλιν
3507 4614 3881 4683 ἀντικείμενός

2302 4720 2360 4755 τε
2395 4704 2489 4756 καὶ
2539 4702 2850 4767 ἁντεξάγων
2890 4703 3057 4773 αὐτῷ,
3094 4704 3188 4756 καὶ
3233 4704 3617 4773 καταγορεύων
3646 4705 3746 4768 ἔτι,
3781 4706 3883 4759 καὶ

2302 4794 2423 4846 ὅσον
2447 4794 2571 4863 ἥκει
2601 4795 2773 4845 εἰπεῖν
2806 4793 2885 4854 εἰς
2916 4792 2976 4845 τὸ
3002 4791 3149 4861 αὐτῷ
3173 4792 3384 4854 δοκοῦν,
3408 4794 3881 4864 κατοικτείρεσθαι

2316 4882 2391 4953 μὴ
2424 4884 2623 4951 ἀφιεὶς,
2669 4882 2744 4943 ὡς
2766 4882 2823 4933 ὲν
2845 4881 3294 4954 πλημμελ[ε]ίαις
3318 4883 3466 4947 ὄντα,
3496 4885 3591 4937 καὶ
3633 4887 3743 4946 τοῖς
3776 4885 3882 4955 τῆς

2300 4974 2617 5039 δυσσεϐείας
2649 4976 2987 5045 ἐγκλήμασιν
3016 4976 3353 5044 ἐνεχόμενον,
3378 4977 3472 5029 καὶ
3494 4976 3645 5028 οὐδὲν
3684 4976 3883 5047 ἔχοντα

2299 5066 2489 5130 δεξιόν.
2520 5067 2777 5137 Εἰστήκει
2809 5066 2937 5139 γὰρ,
2970 5066 3155 5136 φησὶν,
3198 5067 3261 5118 ἐκ
3297 5066 3486 5130 δεξιῶν
3519 5066 3705 5132 αὐτοῦ,
3748 5069 3883 5139 τρό-

2302 5175 2401 5212 πον
2439 5157 2561 5209 τινὰ
2597 5155 2890 5229 παραλύων
2917 5155 2984 5208 τὰ
3009 5155 3158 5222 δεξιά
3176 5171 3188 5185 ·
3220 5157 3448 5227 πολεμεῖ
3470 5156 3580 5227 γὰρ
3606 5158 3727 5227 οὑχί
3763 5162 3882 5224 τοῖς

2303 5252 2510 5311 σκαιοῖς
2563 5249 2720 5319 ήμῶν
2773 5248 3113 5318 πράγμασιν,
3170 5247 3307 5300 ἀλλά
3356 5250 3467 5311 τοῖς
3517 5248 3711 5312 δεξιοῖς
3778 5253 3883 5304 καὶ

2297 5338 2731 5406 ἐπαινουμένοις.
2758 5335 3029 5407 Τ[οι]οῦτό
3051 5354 3103 5389 τι
3142 5337 3332 5390 παθεῖν
3360 5338 3603 5408 ἐπηρᾶτό
3626 5354 3748 5391 τινα
3766 5340 3882 5393 τῶν

2296 5428 2374 5489 εἰς
2402 5427 2635 5498 Χριστὸν
2677 5427 3147 5498 δεδυσσεϐηκότων
3197 5431 3226 5482 6
3276 5430 3543 5500 μακάριος
3575 5430 3756 5491 Δαϐὶδ,
3786 5430 3885 5481 λέ-

2294 5533 2438 5585 γων·
2478 5536 2495 5567 ι
2534 5517 2643 5570 Kal.
2671 5517 2915 5581 διάϐολος
2938 5519 3114 5589 στήτω
3136 5522 3201 5573 ἐκ
3222 5520 3411 5586 δεξιῶν
3439 5520 3622 5574 αὑτοῦ.
3669 5540 3688 5571 ι
3720 5521 3887 5591 ,Ἀντ-

2295 5606 2473 5659 έκειτο
2510 5606 2689 5659 τοίνυν
2718 5609 2745 5658 6
2774 5609 3040 5673 Σατανᾶς,
3073 5610 3211 5681 πλὴν
3240 5612 3534 5681 ἐπετιμᾶτο
3570 5610 3656 5664 διὰ
3690 5610 3883 5681 φωνῆς

696 5792 739 5824 ⁸⁸
765 5791 931 5845 Num.
966 5803 1048 5853 ιιι,
1079 5786 1133 5851 9,
1164 5788 1248 5839 l0.
1329 5788 1371 5814 *ιε’
1406 5784 1545 5838 Psal.
1579 5799 1720 5847 xxvi,
1752 5783 1803 5839 9,
1882 5784 1925 5813 τ’
1952 5783 2097 5838 Psal.
2130 5799 2193 5838 xx

2314 5785 2400 5840 16.
2475 5787 2516 5815 ⁷³
2551 5784 2692 5839 l’sal.
2726 5801 2875 5854 cvm,
2903 5788 2954 5844 6.
