4120 6580
244 408 315 462 45
1052 404 1596 462 (ἸΟΜΜΕΝΤΑΙἨΓΒ
1635 406 1698 461 IN
1742 404 1813 458 ῑΑ

1928 404 2139 459 ΛΠΙΑΜ
2182 404 2618 461 ιιιιοριιετλιι.
3420 409 3493 464 46

244 519 708 589 ἀγγέλου.Ἤκουε
741 518 847 590 γὰρ
874 518 1142 588 λέγοντος·
1177 541 1194 572 ι
1237 522 1813 593 Ἐπιτιμήσαι-Κύριος

1923 522 2082 590 impie
2103 524 2449 578 obsistentem
2470 525 2783 578 ostenderit.
2806 523 2915 580 Deo
2940 523 3201 592 siquidem
3234 525 3492 581 miseran-

245 612 303 664 ιν
356 611 459 675 σοὶ,
511 608 743 672 διάσολε,
791 611 884 663 καὶ
931 610 1253 682 ἐπιτιμήσαι
1308 611 1511 684 Κύριος
1549 614 1606 667 ἑν
1649 613 1752 673 σοὶ,
1789 615 1817 665 ὁ

247 701 603 771 ἐκλεξάμενος
641 699 740 768 τὴν
782 700 1154 772 Ἰερουσαλήμ.
1208 721 1225 752 ι
1270 702 1458 774 Ἀθρει
1492 704 1621 774 γὰρ,
1668 703 1816 766 ὅπως

248 794 507 865 θεομάχον
535 790 733 856 ἔδειξεν
756 791 937 857 εὐθὺς,
980 793 1073 845 καὶ
1105 796 1223 856 ταῖς
1243 793 1448 847 ἀνωθεν
1493 793 1694 863 ψήφοις
1723 795 1815 847 ἀν-

245 886 404 949 οσίως
455 882 909 955 ἀντιπράττοντα.
969 882 1107 937 Θεοῦ
1152 885 1260 954 γάρ
1315 886 1677 956 οἰκτείραντας
1721 886 1815 938 καὶ

245 976 675 1037 ἀπαλλάττοντος
720 973 820 1044 ἤδη
872 973 1251 1044 πλημμελείας
1281 976 1373 1028 τὸν
1419 974 1657 1047 Ἰσραὴλ,
1705 976 1815 1027 εἱσ-

246 1063 533 1137 δεξαμένου
560 1081 619 1116 τε
653 1065 746 1116 καὶ
778 1063 1073 1117 ἀπόλεκτον
1099 1064 1197 1136 ἤδη
1232 1066 1550 1135 ποιουμένου
1584 1066 1682 1137 τὴν
1720 1066 1816 1119 Ἱες

248 1155 543 1229 ρουσαλὴμ,
588 1152 907 1225 κατηγορῶν
937 1156 997 1206 οὐ
1043 1155 1295 1221 παύεται,
1331 1156 1423 1209 καὶ
1470 1158 1816 1228 κατακρίνειν

246 1250 523 1321 ἀποτολμᾷ
570 1252 695 1313 τοὺς
743 1250 1097 1318 ἡλεημένους.
1145 1246 1354 1300 Οὐκοῦν
1396 1247 1689 1317 ἀκόρεστον
1737 1249 1817 1310 εἱς

245 1342 412 1411 ὀργὰς
438 1340 701 1410 διελέγχει
729 1340 794 1411 δὴ
822 1340 995 1407 λέγων
1018 1355 1030 1368 ο
1066 1356 1083 1389 ι
1137 1337 1249 1390 Οὐκ
1286 1338 1397 1391 ἰδοὺ
1427 1336 1582 1389 τοῦτο
1606 1337 1681 1399 ὡς
1708 1337 1816 1391 δα-

244 1431 331 1494 λὲς
375 1431 777 1501 ἒξεσπασμένος
817 1433 880 1484 ὲκ
917 1430 1121 1501 πυρός;
1175 1447 1194 1481 s
1232 1429 1458 1498 Ὅμοιον
1504 1429 1615 1500 γὰρ
1653 1429 1728 1491 ὼς
1768 1430 1815 1481 εἱ

223 1522 389 1590 λέγοι
428 1524 623 1592 τυχόν·
658 1521 1129 1593 Πεπλημμέληκεν
1156 1519 1602 1591 ὁμολογουμένως
1649 1522 1677 1571 ὁ
1717 1519 1817 1571 Ἰσ-

247 1615 402 1685 ραὴλ,
430 1616 523 1668 καὶ
555 1617 673 1678 ταῖς
701 1617 817 1675 σαῖς
837 1612 1174 1683 φιλοψογίαις
1201 1614 1405 1681 ἐπεσχη
1415 1611 1573 1681 μένος
1597 1610 1810 1681 ὁρᾶται.

244 1707 385 1778 Πλὴν
411 1707 650 1760 ἐκτέτικε
689 1706 843 1769 δίκας
870 1706 930 1758 οὐ
961 1704 1218 1775 μετρίως,
1256 1702 1451 1772 ἀνέτλη
1478 1701 1576 1764 τὰς
1603 1718 1812 1771 συμφο-

244 1799 363 1868 ρὰς,
399 1801 491 1852 καὶ
519 1797 825 1865 ὲξεσπάσθη
857 1795 1029 1867 μόλις,
1067 1796 1142 1858 ὡς
1175 1796 1238 1848 ἐκ
1278 1793 1451 1865 πυρὸς
1485 1792 1639 1855 δαλὸς
1678 1795 1809 1863 ἠμί-

1926 623 1979 666 te
1995 622 2048 667 et
2081 611 2335 669 lsraelem
2346 614 2458 684 jam
2477 615 2708 685 peccatis
2736 614 3409 685 exsolvenle,eligenteque
3433 627 3489 671 et

1922 704 2146 759 electam
2211 707 2463 761 reddente
2526 704 2859 773 Jerusalem,
2889 722 3145 763 accusare
3194 706 3359 781 674
3389 724 3493 762 non

1923 810 2129 863 cessat,
2176 806 2232 855 et
2265 800 2687 855 misericordiam
2735 801 2958 870 adeptos
2993 802 3253 856 damnare
3309 801 3488 857 audet.

1920 887 2096 954 Quare
2116 889 2233 957 ejus
2261 890 2635 959 inexplebilem
2686 891 2822 945 iram
2858 890 3151 962 redarguit,
3201 892 3493 960 inquiens:

1926 996 1944 1030 ι
1982 977 2173 1034 Nonne
2201 993 2328 1035 ecce
2366 981 2469 1035 hoc
2520 992 2581 1035 ut
2638 982 2799 1038 torris
2839 992 3115 1039 extractus
3152 998 3218 1039 ex
3261 985 3431 1054 igne?
3470 1004 3491 1037 ι

1922 1064 2154 1121 Perinde
2206 1076 2289 1122 est
2347 1068 2489 1122 enim
2549 1084 2613 1124 ac
2653 1070 2696 1123 si
2733 1071 2877 1126 dicat
2933 1071 3204 1129 fortasse:
3243 1072 3495 1128 Peccavit

1918 1154 2084 1212 Israel
2148 1157 2467 1224 utauifesto.
2524 1170 2577 1216 et
2640 1162 2743 1217 tuis
2804 1161 3267 1218 criminationibus
3326 1166 3496 1220 teneri

1918 1250 2148 1304 videtur.
2184 1251 2431 1305 Attamen
2466 1266 2570 1305 non
2610 1252 2953 1307 mediocriter
2981 1253 3196 1322 punitus
3224 1263 3331 1319 est,
3354 1255 3498 1311 cala-

1923 1340 2136 1395 mitates
2158 1341 2433 1407 sustinuit,
2465 1354 2517 1397 et
2554 1344 2639 1396 vix
2674 1352 2733 1398 ut
2764 1343 2925 1397 torris
2957 1344 3246 1399 semiustus
3273 1347 3339 1400 ab
3374 1348 3497 1417 igne

1921 1441 2194 1487 extractus
2219 1442 2304 1488 est
2335 1451 2349 1487 :
2377 1435 2456 1488 sic
2476 1434 2621 1488 enim
2656 1433 2985 1503 captivitatis
3037 1435 3490 1493 detrimentorum

1919 1533 1973 1577 et
2004 1523 2462 1579 incommodorum
2513 1527 2666 1595 quasi
2705 1526 2988 1597 imaginem
3028 1524 3255 1582 emuxit.
3315 1528 3494 1593 Modo,

1920 1621 1973 1668 et
2001 1628 2145 1682 aegre
2162 1614 2378 1682 quidem
2419 1616 2753 1685 gravissimas
2784 1632 3036 1671 acrumua:
3079 1616 3494 1674 ﬂammameﬂu-

1920 1708 2017 1775 git.
2062 1706 2256 1761 Desine
2296 1706 2458 1774 igitur
2500 1706 2870 1761 misericordia
2933 1707 3180 1777 dignatos
3208 1723 3490 1764 accusare:

1924 1817 1942 1849 ι
1986 1799 2126 1852 Deus
2166 1799 2307 1852 enim
2360 1798 2403 1852 si
2444 1797 2737 1866 justiticat,
2789 1798 2911 1867 quis
2962 1807 3046 1852 est
3098 1798 3188 1867 qui
3240 1803 3496 1853 condem-

242 1890 469 1959 φλεκτος
491 1906 504 1918 ν
531 1888 672 1941 οὕτω
704 1888 811 1968 γὰρ
844 1887 911 1941 τὰ
939 1889 1001 1939 ὲκ
1048 1888 1146 1956 τῆς
1187 1884 1559 1956 αἰχμαλωσίας
1587 1885 1810 1937 ἀπεικο-
1844 1884 1883 1937 Β
1915 1886 2112 1940 net"?
2147 1905 2165 1935 ι

240 1982 426 2033 νίσατο
467 1980 655 2051 βλάϐη.
703 1982 858 2051 Ἀρτι
892 1979 986 2031 καὶ
1032 1978 1183 2048 μόλις
1217 1978 1315 2047 τῆς
1356 1977 1656 2046 ἀνηκέστου
1703 1977 2079 2049 ταλαιπωρίας
2122 1977 2302 2048 διέδρα
2355 1976 2454 2045 τὴν
2500 1974 2693 2044 φλόγα.
2754 1975 2965 2029 Παῦσαι
3019 1974 3083 2047 δὴ
3126 1971 3218 2030 οὖν
3245 1975 3493 2044 ἐγκαλῶν

239 2078 348 2136 τοῖς
379 2074 730 2145 ἱδλεημένοις·
768 2092 785 2122 ι
825 2071 954 2134 Θεὸς
980 2073 1086 2142 γὰρ
1121 2073 1148 2124 ό
1190 2070 1434 2133 δικαιῶν,
1466 2070 1549 2133 τίς
1588 2072 1615 2122 ό
1644 2070 2021 2140 κατακρίνων;
2070 2090 2087 2124 ι

314 2163 420 2218 Καὶ
472 2162 707 2229 Ἰησοῦς
744 2158 820 2231 ἦν
868 2160 1264 2229 ἐνδεδυμένος
1316 2159 1515 2228 ἱμάτια
1550 2160 1812 2227 ῥυπαρὰ,

240 2256 333 2308 ναὶ
396 2253 661 2319 εΙστήκει
717 2252 830 2319 πρὸ
875 2252 1198 2318 προσώπου
1243 2250 1351 2303 τοῦ
1400 2248 1659 2319 ἀγγέλου
1709 2251 1815 2304 τοῦ

240 2344 480 2411 Κυρίου.
512 2342 616 2396 Καὶ
657 2343 969 2409 ἀπεκρίθη,
1002 2341 1097 2393 καὶ
1130 2336 1259 2392 εἶπε
1294 2341 1441 2407 πρὸς
1476 2340 1617 2404 τοὺς
1640 2340 1817 2406 ἐστη-

238 2437 422 2499 ardeat;
450 2434 563 2501 πρὸ
586 2431 908 2499 προσώπου
936 2430 1144 2495 αὐτοῦ,
1178 2430 1403 2499 λέγων·
1446 2430 1711 2498 Mandatus
1748 2431 1819 2482 τὰ

237 2524 437 2592 (ﬁdem
478 2526 548 2578 τὰ
579 2524 824 2591 ῥυπαρὰ
850 2525 949 2578 ἀπ’
983 2523 1190 2577 αὐτοῦ.
1226 2523 1334 2575 Καὶ
1377 2518 1507 2575 εἶπε
1538 2521 1688 2588 πρὸς
1715 2523 1817 2573 αὺ-

236 2618 345 2669 τόν
365 2635 377 2647 ’
430 2616 574 2670 Ἰδοὺ
603 2617 885 2686 ἀφῄρηκα
919 2615 1024 2680 τὰς
1056 2615 1310 2682 ἀνομίας
1342 2630 1478 2667 σου.
1510 2612 1618 2666 Καὶ
1646 2612 1818 2665 ἐνδύς

237 2726 386 2761 (ναῖε
414 2708 599 2762 αὑτὸν
628 2707 879 2774 ποδήρη,
910 2706 1005 2759 καὶ
1032 2705 1264 2758 ἐπίθετε
1293 2704 1527 2772 κίδαριν
1551 2703 1817 2770 καθαρὰν

234 2801 336 2853 ἐπὶ
367 2800 481 2868 τὴν
514 2798 790 2870 κεφαλὴν
826 2797 1033 2851 αὑτοῦ.

309 2888 418 2941 lIi'.
462 2887 897 2959 Παραδεχθέντος
924 2884 1072 2949 ἅπαξ
1103 2886 1180 2948 εἰς
1206 2884 1266 2937 τὸ
1298 2885 1496 2947 παντὸς
1540 2882 1633 2937 τοῦ
1684 2882 1814 2936 λαοῦ

234 2976 531 3045 πρόσωπον
576 2974 671 3028 τοῦ
719 2975 972 3045 λαχόντος
999 2974 1322 3045 ἱερουργεῖν,
1352 2972 1565 3043 ἀπόχρη
1602 2972 1813 3033 λοιπὸν,

234 3064 490 3136 καθάπερ
536 3057 770 3134 ὲγῷμαι,
806 3062 1057 3117 τοσοῦτον
1115 3063 1309 3126 εἰπεῖν,
1338 3062 1420 3114 ὅτι
1468 3061 1537 3115 τὰ
1593 3060 1817 3133 ῥυπαρά

234 3154 509 3224 σύμϐολον
557 3156 624 3208 ἂν
672 3150 783 3207 εἷεν
829 3156 928 3207 οὐκ
979 3152 1297 3223 ἀσυμφανὲς
1338 3152 1440 3221 τῆς
1476 3152 1839 3221 ἀκαθαρσίας-

229 3248 328 3301 τοῦ
382 3246 534 3301 λαοῦ.
584 3245 1071 3317 Κατημφιεσμένοι
1119 3244 1226 3315 γὰρ
1273 3243 1463 3315 ὥσπερ
1490 3246 1613 3307 ταῖς
1667 3243 1816 3313 σφῶν

229 3338 419 3392 αὐτῶν
464 3338 799 3409 ἁμαρτίαις,
852 3339 946 3390 καὶ
995 3336 1393 3389 δυσαπόνιπτον
1458 3334 1671 3404 ἔχοντες
1716 3339 1816 3414 τῇς

1994 2161 2154 2218 νειιε.
2179 2161 2295 2216 5-5.
2334 2157 2403 2213 Et
2435 2161 2590 2214 Iesus
2615 2170 2724 2213 erat
2750 2160 2963 2213 indutus
2997 2160 3219 2214 vestibus
3238 2160 3490 2223 sordidis,

1916 2262 1964 2304 et
1994 2253 2162 2304 stabat
2192 2261 2311 2305 ante
2339 2250 2527 2319 faciem
2576 2251 2747 2319 angeli
2822 2248 3051 2303 Domini.
3113 2247 3182 2302 Et
3233 2252 3493 2319 respondit

1920 2342 2179 2413 (angelus)
2197 2352 2244 2395 et
2273 2343 2406 2395 dixit
2423 2344 2492 2394 ad
2522 2356 2608 2394 eos
2630 2344 2720 2409 qui
2732 2340 2940 2392 stabant
2967 2352 3087 2394 ante
3102 2342 3287 2410 faciem
3316 2357 3489 2403 suam,

1918 2431 2136 2488 dicens:
2165 2431 2378 2500 Auferte
2440 2430 2747 2483 uestimenta
2778 2428 2994 2482 sordida
3025 2430 3090 2483 ab
3138 2446 3221 2484 eo.
3265 2429 3332 2483 Et
3355 2431 3491 2483 dixit

1918 2524 1986 2573 ad
2022 2538 2141 2575 eum
2171 2536 2190 2574 :
2218 2518 2353 2574 Ecce
2384 2520 2577 2573 abstuli
2638 2520 2948 2589 iniquitates
2987 2528 3128 2574 tuas.
3184 2519 3252 2574 Et
3290 2520 3493 2574 induite

1918 2628 2033 2665 eum
2086 2619 2219 2664 ueste
2245 2609 2422 2675 talari,
2456 2617 2505 2662 et
2536 2608 2779 2677 imponite
2801 2607 3020 2660 ridarim
3050 2609 3296 2661 mundam
3340 2625 3511 2677 super.

1917 2710 2069 2769 caput
2106 2698 2239 2769 ejus.

1988 2876 2171 2933 XVIII.
2203 2877 2494 2945 Assumpto
2524 2874 2693 2931 semel
2713 2874 2994 2931 sacerdote
3018 2875 3083 2929 ad
3114 2874 3278 2932 totius
3313 2880 3493 2947 populi

1918 2982 2201 3039 personam
2266 2966 2776 3036 reprmsentandam,
2828 2965 2965 3020 satis
3001 2975 3105 3031 est,
3137 2969 3492 3035 utexistimo,

1916 3062 2169 3131 deinceps
2220 3061 2323 3115 hoc
2382 3068 2587 3114 tantum
2648 3058 2847 3123 dicere,
2895 3059 3109 3113 sordida
3175 3063 3493 3118 vestimenta

1916 3153 2217 3224 symbolum
2238 3153 2348 3207 sive
2378 3151 2633 3206 indicium
2674 3163 2794 3205 esse
2824 3164 2981 3219 posse
3018 3150 3155 3204 haud
3187 3153 3493 3222 ambiguum

1918 3244 2270 3299 iinmuuditize
2306 3242 2506 3312 p0puli.
2536 3240 2707 3308 Quasi
2735 3242 2879 3295 enim
2932 3241 3166 3311 peccatis
3206 3242 3318 3297 suis
3364 3258 3495 3297 con-

1922 3335 2096 3390 vestiti
2129 3343 2183 3389 ct
2217 3332 2511 3402 impietatis
2540 3330 2781 3386 maculas
2805 3333 2891 3385 vix
2921 3331 3177 3386 eluendas
3212 3331 3491 3396 habentes.

228 3429 491 3493 ἀσεϐείας
529 3429 619 3482 τδν
654 3430 865 3499 μῶμον,
896 3427 1165 3481 διετέλουν
1198 3428 1255 3479 ὲν
1299 3425 1665 3497 αἰχμαλωσίᾳ,
1702 3442 1813 3478 ποι-

1931 3426 2293 3495 εαριίνίιοιθιιι
2333 3422 2654 3486 tolerabant,
2683 3422 2915 3477 miseriis
2957 3423 3183 3491 subjecti
3207 3432 3262 3477 et
3291 3423 3494 3478 nefarie

226 3522 349 3583 ναῖς
384 3518 836 3589 ὐπενηνεγμένοι,
855 3519 950 3571 καὶ
977 3517 1086 3571 τῶν
1112 3516 1337 3579 ἀνοσίως
1363 3517 1547 3579 αὐτοῖς
1569 3516 1823 3585 πεπλημ-

229 3612 567 3681 μελημένων
608 3610 990 3671 ἀποτιννύντες
1034 3608 1210 3671 δίκας.
1230 3608 1449 3677 Ἐπειδὴ
1480 3607 1538 3660 δὲ
1565 3608 1821 3679 κατηλέει

223 3702 368 3765 Θεὸς
395 3740 411 3764 ,
449 3699 889 3755 ἀπαλλάττεσθαι
936 3700 1036 3769 τῆς
1087 3699 1358 3770 ἁμαρτίας
1414 3700 1778 3771 προστέταχεν
1803 3739 1817 3763 ,

223 3790 657 3861 ὲλευθεροῦσθαι
696 3791 802 3844 τῶν
848 3788 1131 3861 ῥυπαρῶν,
1180 3790 1275 3843 καὶ
1322 3790 1818 3861 μεταμφιέννυσθαι

221 3884 439 3955 τρόπον
469 3883 592 3935 τινὰ
624 3881 723 3952 τὴν
751 3878 1063 3934 δικαιοῦσαν
1092 3879 1271 3950 χάριν.
1305 3880 1609 3933 Κατανεύει
1633 3880 1689 3935 δὲ
1724 3882 1820 3934 αὖ-

218 3976 338 4035 τοῖς
373 3969 475 4024 τοῦ
502 3970 666 4022 πόνου
694 3969 755 4021 τδ
783 3969 974 4038 πέρας,
1007 3968 1100 4021 καὶ
1132 3968 1240 4020 τῶν
1273 3968 1697 4038 συμϐεσηκότων
1719 3969 1817 4040 τὴν

219 4066 593 4119 λύσιν.”οπου
644 4064 752 4134 γὰρ
803 4061 1077 4133 ἁμαρτίας
1121 4062 1334 4130 ἄφεσις,
1366 4061 1554 4131 ἕψεταί
1596 4079 1699 4115 που
1724 4064 1818 4115 καὶ

219 4156 281 4209 τό
308 4156 759 4210 ἀπαλλάττεσθαι
788 4153 897 4207 δεῖν
927 4153 1038 4206 τῶν
1070 4153 1324 4223 διἀὐτὴν
1346 4152 1812 4223 ἐπενηνεγμένων.

216 4246 440 4301 Οὐκοῦν
489 4248 548 4299 ὲν
599 4245 833 4316 σχήματι
890 4242 1025 4296 Θεοῦ
1079 4244 1194 4306 τοῖς
1246 4243 1501 4312 ὲστηκόσι
1551 4243 1646 4297 καὶ
1701 4243 1815 4296 λει-

214 4335 560 4407 τουργοῦσιν
607 4334 756 4405 αὐτῷ
800 4334 1165 4406 προστέταχεν
1209 4337 1237 4387 ὁ
1284 4335 1553 4405 μακάριος
1588 4334 1814 4403 ἄγγελος

212 4429 446 4496 ἀςελεῖν
481 4428 581 4481 ἀπ’
613 4425 779 4480 αὑτοῦ
812 4428 911 4497 τὴν
942 4426 1201 4497 ρυπῶσαν
1228 4426 1447 4497 ἐσθῆτα,
1477 4425 1568 4479 καὶ
1610 4425 1674 4495 δὴ
1722 4425 1814 4477 καί

214 4536 387 4591 φησιν
408 4537 421 4549 ·
464 4540 482 4571 ι
508 4518 641 4573 Ἰδοὺ
674 4520 935 4590 ἀφῄρηκα
967 4518 1066 4582 τὰς
1093 4516 1321 4588 ἀνομίας
1357 4534 1472 4570 σου.
1496 4536 1513 4567 ι
1549 4512 1679 4571 Εἶτα
1708 4515 1817 4569 δεῖν

214 4613 321 4682 ἔφη
360 4612 583 4684 ποδήρη
630 4628 687 4663 τε
741 4610 892 4682 αὐτῷ
940 4609 1033 4664 καὶ
1062 4611 1275 4681 κίδαριν
1298 4608 1391 4663 ἐπὶ
1424 4610 1521 4681 τὴν
1569 4609 1813 4680 κεφαλὴν

211 4705 444 4776 δοθῆναι
495 4705 769 4776 καθαρὰν,
808 4705 893 4757 ἵνα
935 4704 1023 4758 διὰ
1068 4704 1258 4757 τούτου
1293 4702 1692 4772 νενομισμένως
1724 4702 1811 4755 ἀεί

214 4814 335 4861 πως
369 4796 652 4868 συντρέχῃ
683 4799 799 4860 ταῖς
832 4796 940 4849 τῶν
971 4796 1115 4848 λαῶν
1158 4795 1541 4859 καταστάσεσι,
1576 4795 1667 4847 καὶ
1711 4796 1810 4864 τῆς

213 4889 530 4960 ἱερωσύνης
578 4887 728 4950 δόξα.
764 4887 1038 4957 Καύχημα
1068 4886 1163 4955 μὲν
1196 4885 1304 4955 γὰρ
1339 4887 1450 4947 τοῖς
1479 4885 1802 4953 ἱερουργοῑς,

213 4983 245 5051 ἡ
274 4980 387 5033 τῶν
426 4978 540 5032 ὑπὸ
577 4980 737 5048 χεῖρα
766 4976 1092 5049 καθαρότης,
1121 4976 1214 5028 καὶ
1244 4977 1299 5027 ὲν
1328 4974 1601 5045 λαμπροῖς
1641 4972 1809 5042 αὐχή-

213 5088 354 5142 μασι
387 5071 450 5123 τδ
477 5071 581 5140 τῆς
617 5069 915 5138 ἱερωσύνης
945 5068 1159 5138 ἔχουσιν
1189 5066 1424 5129 εὐκλεὲς,
1461 5064 1809 5133 εὐδοκιμοῦν-

206 5180 301 5226 τος
336 5160 437 5215 τοῦ
472 5159 634 5222 λαοῦ,
664 5161 757 5211 καὶ
790 5160 1105 5229 ἀμωμήτως
1140 5158 1310 5220 ἰόντος
1364 5156 1457 5208 ἐπὶ
1489 5155 1550 5207 τὸ
1580 5154 1698 5224 Θεῷ
1724 5156 1807 5207 δο-

207 5254 364 5312 κοῦν,
387 5254 488 5305 καὶ
516 5250 794 5321 τρυφερὸν
824 5248 1187 5319 ὑποφέροντος
1203 5246 1294 5299 τὸν
1312 5246 1511 5315 αὐχένα
1536 5246 1646 5307 τοῖς
1668 5260 1780 5314 παρ

184 5344 379 5397 αὐτοῦ
433 5341 802 5409 θεσπίσμασι,
829 5340 1081 5410 ταύτῃτοι
1129 5341 1220 5390 καὶ
1266 5336 1470 5408 εὐμενῆ
1518 5335 1612 5388 καὶ
1656 5335 1807 5403 φίλον

206 5435 427 5504 ἔχοντος
466 5431 564 5485 τὸν
603 5430 827 5499 Πατέρα
856 5429 1340 5498 Θεόν.Ἑπίκλημα
1367 5427 1423 5481 δὲ
1463 5428 1556 5481 καὶ
1593 5427 1804 5497 μῶμος.

210 5524 321 5576 τῶν
352 5520 798 5589 ὑπεζευγμένων
825 5522 857 5591 ἡ
896 5519 1153 5591 ῥᾳθυμία,
1187 5518 1362 5574 καὶτὸ
1390 5518 1809 5588 ἀπερισκέπτως

210 5610 390 5664 ἵεσθαι
422 5611 569 5679 πρὸς
604 5608 668 5660 τὸ
697 5608 1250 5679 πλημμελές.”Ωσπερ
1286 5607 1394 5679 γὰρ
1422 5608 1479 5660 ὲν
1514 5606 1807 5678 ἁμαρτίαις

279 5793 325 5823 ⁷¹
355 5789 523 5844 Rom.
574 5801 698 5843 vttt.
730 5785 817 5839 54.

1924 3517 2333 3573 commissorum
2364 3529 2551 3584 poenas
2581 3516 2807 3569 luentes.
2840 3512 3125 3583 Postquam
3169 3524 3349 3568 autem
3392 3515 3493 3568 uii-

1924 3619 2103 3664 sertus
2131 3618 2214 3663 est
2246 3608 2453 3671 Deus,a
2489 3616 2710 3674 peccato
2741 3606 2939 3660 liberos
2957 3620 3078 3660 esse
3105 3606 3396 3667 mandavit.
3436 3616 3491 3659 et

1921 3701 2045 3754 exui
2085 3697 2315 3753 sordidis
2343 3706 2396 3751 et
2424 3696 2569 3751 indui
2597 3696 2777 3764 aliquo
2814 3697 2970 3749 modo
2998 3695 3325 3761 justiticaute
3366 3711 3490 3765 grav

1923 3792 2017 3845 tia.
2059 3788 2238 3842 Innuit
2285 3796 2461 3838 autem
2499 3798 2657 3852 porro
2697 3784 2827 3851 ipsis
2884 3782 3123 3837 laborum
3167 3791 3219 3837 et
3266 3797 3486 3836 casuum

1924 3884 2103 3935 tinem.
2137 3878 2240 3934 Ubi
2273 3891 2505 3945 namque
2546 3875 2839 3931 remittitur
2864 3883 3164 3943 peccatmu,
3198 3873 3303 3929 illic
3323 3874 3486 3929 etiam

1921 3973 2161 4042 sequitur
2187 3968 2489 4025 necessario
2517 3968 2778 4022 malorum
2807 3974 3026 4036 propter
3065 3974 3339 4035 peccatum
3402 3966 3484 4019 iu-

1921 4063 2186 4117 Ilictorum
2214 4059 2479 4129 depulsio.
2516 4057 2695 4123 Quare
2728 4057 2945 4111 nomine
2972 4055 3061 4109 Dei
3088 4055 3389 4109 astantibus
3433 4066 3489 4108 et

1920 4151 2347 4209 ministrantibus
2377 4149 2475 4219 ipsi
2513 4149 2731 4203 mandat
2786 4147 2974 4199 beatus
3032 4143 3252 4213 angelus
3272 4144 3487 4197 auferre

1918 4244 2253 4314 inquinatam
2288 4249 2513 4301 vestem.
2540 4238 2827 4306 additque:
2857 4254 2874 4286 ι
2904 4233 3041 4289 Ecce
3074 4233 3265 4287 abstuli
3291 4231 3487 4301 iniqui-

1922 4342 2057 4385 tates
2093 4339 2234 4383 tuas.
2274 4347 2292 4379 ι
2329 4327 2530 4383 Deinde
2560 4327 2635 4378 ait
2662 4323 3074 4393 cooperiendum
3096 4331 3245 4375 veste
3300 4320 3481 4383 talari,

1915 4432 1971 4480 et
2011 4421 2235 4479 eidarim
2267 4418 2518 4474 mundam
2547 4415 2923 4483 imponendam
2950 4427 3110 4481 super
3133 4421 3291 4480 caput
3342 4409 3479 4480 ejus.

1918 4511 2074 4565 utita
2104 4508 2345 4578 legitime
2383 4519 2511 4558 cum
2542 4512 2685 4557 statu
2741 4501 2916 4571 pepuli
2970 4501 3258 4555 Sacerdotii
3316 4502 3483 4570 gloria

1916 4614 2132 4669 semper
2164 4596 2460 4665 conspiret.
2492 4593 2758 4648 Gloriatio
2789 4592 2987 4661 quippe
3014 4591 3352 4645 sacerdotum
3402 4603 3487 4645 est

1916 4691 2277 4758 subiectorum
2309 4687 2601 4756 puritas,et
2627 4682 3128 4754 inuoceutia,675
3147 4695 3198 4737 et
3227 4684 3484 4738 honorem

1916 4780 2199 4837 sacerdotii
2232 4781 2313 4835 sui
2345 4777 2625 4847 splendido
2654 4776 2754 4831 sibi
2786 4784 3100 4830 ornatueutu
3123 4774 3483 4837 ducunt,cum

1916 4871 2143 4942 populus
2197 4869 2370 4924 fertur
2395 4869 2663 4933 laudibus,
2695 4867 2939 4935 citraque
2993 4864 3482 4933 reprehensionem

1917 4968 1983 5021 ad
2007 4964 2097 5017 Dei
2132 4962 2460 5017 voluntatem
2517 4974 2639 5016 sese
2688 4957 3081 5020 accommodat,
3111 4954 3485 5027 delicatasquo

1916 5056 2157 5111 cervices
2184 5052 2299 5119 ejus
2328 5050 2561 5105 oraculis
2585 5049 2873 5111 submittit,
2903 5056 3065 5115 atque
3103 5044 3171 5099 ob
3200 5058 3319 5098 eam
3354 5059 3485 5098 cau-

1914 5162 2027 5201 sam
2052 5146 2214 5200 Deum
2237 5144 2451 5199 Patrem
2481 5139 2841 5205 amicum‘sibi
2860 5152 2925 5193 ac
2949 5135 3266 5192 benevolum
3298 5134 3480 5189 liabet.

1796 5244 1809 5263 ‘
1914 5239 2111 5294 Contra
2144 5234 2470 5305 vituperatio
2496 5243 2549 5286 ct
2581 5230 2868 5300 ignominia
2901 5230 3108 5283 illormn
3157 5235 3240 5283 est
3294 5223 3481 5293 subje-

1915 5338 2123 5385 ctorum
2149 5327 2483 5391 socordia,et
2508 5324 2638 5379 caeci
2668 5325 2900 5391 impetus
2926 5321 2989 5373 ad
3026 5318 3376 5388 peccandum.
3408 5313 3482 5371 Ut

1914 5423 2057 5477 enim
2082 5418 2278 5491 populo
2304 5418 2540 5488 peccatis
2564 5415 2828 5472 obstricto
2844 5414 3059 5469 sordida
3083 5407 3483 5479 quodammodo

1915 5518 2069 5566 erant
2128 5520 2181 5564 et
2233 5507 2531 5564 sacerdotis
2587 5504 2929 5567 vestimenta,
2980 5502 3057 5557 sic
3096 5498 3185 5554 ubi
3263 5512 3477 5553 rursum

1917 5600 2135 5670 probari
2162 5597 2525 5661 consueverit,
2555 5608 2747 5664 purum
2785 5592 2888 5647 crit
2917 5600 2969 5646 et
2997 5587 3344 5658 conspicuum
3390 5602 3483 5644 sa-
