4120 6586
596 399 666 453 47
1608 389 1672 445 S.
1714 386 1987 444 CYRILLI
2029 381 2498 440 ALEXANDRINI
2534 379 2852 436 ARCHIEP.
3770 381 3840 435 .tS

592 508 823 565 cerdntii
860 522 1075 572 munus,
1129 505 1457 577 multamque
1514 506 1655 576 apud
1696 505 1860 559 Deum
1905 504 2154 559 liduciam

2281 520 2407 566 »ντος
2438 500 2533 557 τοῦ
2569 500 2721 565 λαοῦ,
2758 498 2978 571 ῥυπαρά
3006 514 3121 561 πως
3146 491 3215 567 ἦν
3253 497 3349 551 καὶ
3393 498 3459 550 τά
3506 497 3600 550 τοῦ
3640 500 3833 569 ίιρέως

594 601 879 658 obtinebit.
943 599 1306 665 Quamobrem
1364 598 1575 653 divinus
1636 595 1857 661 Paulus,
1920 595 2166 667 gentibus

595 694 796 750 tlhristi
828 706 986 748 sacro
1019 690 1308 762 Evangelia
1336 689 1661 756 ministrato,
1717 704 1838 743 cum
1873 702 1939 742 ex
1993 688 2165 742 incre-

600 785 794 840 mentis
825 785 892 838 ad
919 784 1168 838 virtutem
1204 795 1299 837 eos
1338 780 1692 835 inclarescere
1715 790 1769 835 et
1798 779 1845 833 ei
1878 778 2028 831 ﬁrma
2064 776 2166 831 ﬁde

601 878 863 931 inbmrere
904 883 1167 939 cerneret,
1217 874 1286 927 ita
1338 870 1595 927 scribitu
1628 871 1853 939 Pr0pter
1893 868 2167 939 gloriatio-

600 981 723 1023 nem
770 976 1028 1031 vestram,
1079 964 1297 1029 fratres,
1349 977 1510 1033 quam
1545 961 1806 1018 habemus
1842 962 1894 1014 in
1941 959 2168 1014 Domino

596 1062 808 1117 Jesn".
834 1079 854 1113 s
888 1059 953 1115 Et
987 1071 1238 1115 rursum:
1265 1054 1577 1126 (Gaudium
1613 1061 1670 1108 et
1707 1065 1902 1106 corona
1929 1064 2047 1104 mea
2072 1063 2167 1103 vos

597 1154 729 1209 «Stis
760 1152 827 1205 ⁷⁸.
842 1171 860 1203 s

672 1424 836 1479 Vnus.
866 1422 920 1484 Β,
947 1419 1075 1475 7.Et
1109 1416 1324 1487 angelus
1362 1414 1553 1468 stabat.
1591 1409 1655 1464 Et
1714 1417 2032 1465 contestatus
2094 1415 2171 1459 est

601 1515 814 1585 angelus
850 1510 1057 1565 Domini
1080 1510 1149 1561 ad
1177 1505 1378 1569 Iesum,
1405 1504 1580 1556 dicens
1611 1517 1630 1555 :
1650 1498 1780 1555 Ηωδ
1812 1498 1936 1551 dicit
1988 1496 2171 1550 Domi-

601 1616 699 1659 nus
733 1603 1054 1671 omnipotens
1073 1616 1091 1651 :
1121 1596 1178 1652 Si
1204 1598 1255 1650 in
1281 1596 1378 1650 viis
1410 1593 1533 1647 meis
1577 1590 2013 1653 ambuloveris,et
2032 1602 2172 1655 prte-

602 1709 747 1763 cepta
783 1710 897 1749 mea
943 1690 1303 1753 custodiveris,
1380 1697 1427 1741 et
1483 1697 1537 1738 tu
1588 1681 1909 1753 dijudicabis
1962 1680 2173 1732 domum

602 1780 790 1854 meum,
829 1797 876 1841 et
926 1784 1191 1840 custodias
1261 1782 1455 1834 atrium
1526 1793 1736 1839 meum,
1774 1785 1821 1827 et
1880 1773 2015 1825 dabo
2077 1768 2174 1823 tibi

601 1888 956 1933 conversantes
1014 1877 1065 1927 in
1098 1873 1266 1925 medio
1285 1874 1534 1923 stantium
1567 1870 1803 1919 istorum.

676 2055 811 2113 XIX.
851 2054 905 2109 lu
925 2052 1051 2106 Jesu
1095 2062 1289 2117 magno
1317 2047 1596 2101 sacerdote
1626 2041 1903 2096 Christum
1930 2036 2170 2091 omnium

608 2147 942 2201 Salvatorem
962 2139 1289 2205 descriptum
1314 2133 1628 2202 accipimus,
1648 2128 1801 2196 cujus
1833 2128 1957 2180 item
1986 2138 2172 2195 perso-

605 2252 730 2294 nam
764 2245 825 2290 ut
850 2240 1080 2303 gereret,
1121 2244 1148 2280 a
1180 2224 1448 2295 principio
1508 2223 1686 2275 Aaron
1719 2218 1970 2274 sacerdos
2017 2215 2174 2270 insti-

606 2339 752 2383 tutus
779 2335 881 2380 est.
927 2321 1037 2376 Hoc
1074 2330 1249 2373 autem
1280 2318 1331 2370 in
1361 2315 1477 2369 loco
1504 2314 1572 2367 ad
1601 2312 1778 2381 ipsum
1810 2309 1975 2363 ﬁlium
2023 2305 2175 2361 Jose«

604 2420 705 2474 dec
735 2416 935 2471 dictum
963 2410 1280 2466 asserimus:
1315 2423 1337 2457 ι
1374 2404 1499 2459 Hmc
1532 2402 1663 2457 dicit
1688 2399 1944 2455 Dominus
2002 2396 2173 2451 omni-

607 2518 838 2581 potens:
866 2504 925 2559 Si
962 2504 1015 2557 in
1051 2502 1152 2555 viis
1187 2498 1320 2553 meis
1374 2493 1759 2559 ambulaveris,
1794 2501 1851 2546 et
1910 2499 2174 2560 praecepta

606 2614 727 2655 mea
761 2594 1139 2658 custodiveris,
1168 2600 1223 2645 et
1253 2600 1305 2642 tu
1335 2584 1660 2658 diiudicabis
1682 2583 1899 2637 domum
1938 2594 2131 2642 meam,
2154 2598 2172 2632 ι

607 2701 661 2746 et
705 2705 824 2760 quae
872 2693 1190 2757 sequuntur.
1260 2678 1375 2733 Non
1424 2677 1566 2731 enim
1620 2672 1749 2728 talia
1800 2671 2017 2726 Christo
2072 2670 2176 2724 dici

607 2758 851 2850 queunt:
894 2778 983 2846 qui
1009 2783 1091 2829 est
1121 2774 1226 2833 via,
1255 2765 1569 2837 justiﬁeatio
1615 2763 1731 2828 Dei,
1757 2770 1812 2816 et
1878 2759 2056 2813 Patris
2096 2758 2180 2813 sui

606 2875 827 2927 «tomum
860 2870 977 2939 ipse
1006 2859 1337 2933 dijudicavit,
1372 2867 1430 2911 ut
1462 2855 1629 2911 Filius
1654 2861 1973 2923 potestatem
2024 2863 2181 2903 exer-

610 2979 757 3018 cens.
783 2959 911 3015 Erat
937 2958 1079 3013 enim
1106 2954 1285 3009 Moses
1312 2950 1481 3005 ﬁdelis
1516 2947 1745 3002 famulus
1767 2946 1819 2999 in
1844 2943 1989 3000 omni
2021 2943 2182 2997 domo

610 3055 702 3109 Dei
736 3069 750 3105 :
784 3064 839 3107 at
869 3030 1117 3106 Christus
1146 3056 1205 3101 ut
1238 3043 1405 3098 Filius
1437 3054 1598 3109 super
1619 3040 1836 3093 domum
1865 3036 2003 3105 ejus,
2032 3033 2183 3103 cujus

609 3146 801 3199 domus
824 3157 928 3197 nos
966 3154 1150 3195 sumus
1172 3138 1240 3192 ⁷⁸.
1268 3135 1413 3225 Ergo
1441 3131 1506 3187 ad
1536 3131 1702 3225 ﬁlium
1729 3129 1955 3186 Josedec
1977 3128 2081 3225 ista
2102 3126 2183 3182 di-
2211 3166 2253 3225 C

611 3246 697 3289 cta
724 3232 976 3299 sunto,ad
996 3228 1270 3286 Christum
1288 3223 1528 3280 minime.
1548 3220 1835 3277 Pollicetur
1856 3228 2031 3274 autem
2044 3217 2187 3272 Deus

611 3322 968 3381 sacerdotium
1000 3328 1331 3374 retenturum
1361 3314 1524 3371 etiam
1560 3324 1680 3381 post
1727 3322 1968 3377 tempora
2013 3309 2187 3375 capti-

609 3411 815 3476 vitatis,
837 3418 895 3464 ut
918 3407 1226 3463 sacerdotes
1247 3404 1466 3473 praesint
1490 3400 1695 3464 Israeli,
1713 3408 1766 3453 et
1783 3406 2021 3452 sanctam
2040 3397 2184 3450 illam

612 3502 887 3556 civitatem
937 3500 1300 3552 moderentur.
1347 3492 1611 3559 Quoniam
1651 3490 1830 3554 enim,
1874 3490 2184 3557 captivitate

610 3592 865 3656 inducta,
894 3598 948 3644 et
994 3589 1199 3643 sanctis
1228 3583 1589 3640 concrematis
1629 3589 1685 3636 et
1740 3579 2026 3636 sacriﬁciis
2053 3580 2189 3635 sub-

620 3682 763 3747 latis,
808 3677 1211 3735 arbitrabantur
1265 3673 1499 3730 nonnulli
1548 3672 1779 3729 Mosaica
1808 3670 2047 3727 funditus
2094 3670 2188 3724 ab.

614 3770 829 3835 alenda,
847 3768 1014 3841 67B
1038 3777 1092 3823 et
1109 3767 1276 3836 legem
1303 3764 1433 3818 nihil
1449 3762 1677 3833 amplius
1692 3760 1998 3826 valituram,
2020 3773 2188 3828 quan-

620 3878 782 3933 quam
829 3861 1063 3917 nondum
1115 3866 1376 3927 praesente
1420 3855 1513 3910 illo
1550 3864 1799 3924 tempore
1834 3865 1942 3922 quo
1994 3848 2187 3918 linige-

621 3957 793 4009 nitum
834 3960 1019 4007 natum
1060 3951 1329 4006 hominem
1350 3960 1610 4017 apparere
1639 3943 1944 4015 oportebat,
1984 3941 2185 3996 idcirco

619 4046 762 4099 Deus
794 4044 994 4099 docens
1022 4040 1279 4096 lsraelem
1307 4038 1407 4093 sub
1449 4037 1689 4108 antiquis
1740 4035 1984 4092 moribus
2038 4034 2184 4088 futu-

614 4137 734 4191 rum
777 4143 834 4190 et
861 4133 962 4189 sub
989 4133 1214 4202 imperio
1244 4130 1584 4186 sacerdotum
1610 4135 1823 4184 aetatem
1856 4125 2183 4187 habiturum,

619 4224 762 4280 haud
795 4238 948 4280 secus
982 4237 1141 4293 quam
1170 4232 1293 4278 ante
1312 4222 1679 4290 captivitatem
1701 4216 2006 4273 necessario
2041 4214 2187 4270 atlir-

618 4327 752 4384 mat,
776 4316 819 4372 si
852 4315 1021 4385 legem
1073 4315 1283 4371 sincere
1329 4312 1666 4378 custodierit,
1733 4311 1904 4379 ipsum
1970 4323 2182 4363 rursum

617 4410 834 4461 domum
873 4407 990 4475 ejus
1033 4404 1465 4474 dijudicaturum,
1496 4414 1549 4458 et
1598 4403 1769 4473 prima
1826 4400 1992 4470 gloria
2040 4398 2183 4468 poti-

2266 595 2550 665 ἐσθήματα
2570 611 2583 626 ο
2606 594 2775 657 οὕτως
2796 592 3047 654 εἰωθότος
3075 591 3234 644 πάλιν
3262 591 3844 662 εὐδοκιμεῖν,καθαρὸν

2266 685 2418 738 ἔσται
2449 686 2546 738 καὶ
2575 684 2831 753 διαφανὲς
2863 683 2962 751 τῆς
2992 683 3292 751 ἱερωσύνης
3325 680 3384 733 τὺ
3412 681 3602 751 χρῆμα
3627 682 3725 748 (l),
3748 682 3843 735 καὶ

2266 777 2323 828 ὲν
2374 776 2544 846 πολλῇ
2581 774 2859 847 παρρησίᾳ
2894 776 2959 844 τῇ
2995 773 3145 844 παρὰ
3189 772 3328 842 Θεῷ.
3362 774 3469 825 Καὶ
3504 772 3635 839 γοῦν
3682 775 3709 825 ὁ
3754 772 3842 825 θε-

2270 865 2491 927 σπέσιος
2518 863 2727 927 Παῦλος
2760 864 3123 934 ἱερουργήσας
3166 865 3279 925 τοῖς
3310 862 3484 915 ἔθνεσι
3518 862 3577 915 τὸ
3607 863 3846 930 Εὐαγγέ-

2268 954 2382 1007 λιον
2409 954 2504 1007 τοῦ
2530 953 2789 1025 Χριστοῦ,
2814 952 2907 1005 καὶ
2927 954 3048 1010 ταῖς
3086 952 3166 1013 εἰς
3195 951 3256 1002 τὸ
3276 951 3495 1021 ἄμεινον
3545 951 3847 1004 ὲπιδόσεσιν

2269 1044 2688 1116 εὐδοκιμοῦντας
2723 1043 2957 1114 βλέπων,
2987 1044 3081 1097 καὶ
3114 1042 3337 1112 βεϐαίαν
3377 1042 3596 1111 ἔχοντας
3625 1042 3721 1112 τὴν
3750 1042 3849 1094 ἐπ’
3886 1088 3887 1091 η

2269 1134 2417 1205 αὐτῷ
2467 1135 2669 1197 πίστιν,
2697 1133 2998 1187 ἐπιστέλλει
3031 1132 3233 1201 λέγων’
3289 1152 3305 1183 ι
3335 1132 3418 1203 Νὴ
3443 1132 3541 1202 τὴν
3574 1131 3847 1202 ἡμετέραν

2270 1227 2561 1296 καύχησιν,
2587 1224 2822 1293 ἀδελφοὶ,
2844 1224 2911 1294 ἢν
2940 1223 3137 1294 ἔχομεν
3168 1225 3225 1276 ἐν
3244 1222 3430 1292 Κυρίῳ
3452 1222 3649 1292 Ἰησοῦ.
3682 1240 3700 1271 ›
3740 1222 3850 1274 Καὶ

2270 1316 2463 1369 πάλιν·
2507 1336 2524 1367 ι
2555 1316 2713 1385 Χαρᾶι
2750 1315 2844 1367 καὶ
2876 1314 3136 1383 στέφανός
3173 1330 3273 1384 μου
3314 1315 3471 1381 ὑμεῖς
3511 1315 3651 1364 ἐττε.
3686 1332 3703 1361 ›

2341 1409 2452 1464 Καὶ
2504 1412 2535 1462 ὁ
2583 1410 2836 1477 ἄγγελος
2882 1408 3165 1474 εἱστήκει.
3202 1407 3312 1460 Καὶ
3349 1406 3768 1474 διεμαρτύρατο
3802 1400 3855 1456 ’ὃ

2272 1501 2525 1570 ἄγγελος
2550 1500 2773 1567 Κυρίου
2803 1500 2953 1567 πρὸς
2981 1499 3234 1567 Ἰησοῦν,
3252 1496 3445 1565 λέγων
3467 1513 3479 1525 ο
3518 1495 3663 1549 Τάδε
3691 1495 3852 1562 λέγει

2289 1592 2502 1658 Κύριος
2528 1589 2971 1658 παντοκράτωρ*
3003 1591 3137 1643 Ἐὰν
3158 1590 3228 1641 ἐν
3252 1589 3381 1655 ταῖς
3413 1587 3571 1653 ὁδοῖς
3596 1606 3713 1655 μου
3745 1603 3849 1638 πο-

2266 1686 2439 1752 ρεύῃ,
2467 1682 2565 1736 καὶ
2602 1683 2671 1735 ἐν
2706 1682 2829 1747 τοῖς
2861 1682 3282 1751 προστάγμασί
3303 1698 3422 1749 μου
3457 1680 3719 1748 φυλάξῃ,
3750 1678 3850 1731 και

2277 1774 2357 1826 σὺ
2401 1770 2725 1839 διακρινεῖς
2768 1771 2876 1823 τὸν
2910 1767 3077 1823 οῖκόν
3100 1787 3241 1839 μου,
3273 1769 3371 1821 καὶ
3414 1768 3704 1835 φυλάξεις
3738 1768 3854 1832 τὴν

2201 1846 2244 1898 Β
2273 1864 2472 1930 αὐλήν
2508 1881 2648 1932 μου,
2686 1862 2786 1916 καὶ
2818 1862 2990 1915 δώσω
3038 1879 3137 1915 σοι
3189 1862 3746 1929 ἀναστρεφομένους
3783 1858 3855 1911 ἐν

2273 1957 2442 2024 μέσῳ
2466 1956 2584 2008 τῶν
2613 1956 2959 2021 ἑστηκότων
2983 1955 3225 2007 τούτων.

2349 2050 2449 2102 ΙΘ’.
2488 2048 2583 2108 Εἰς
2625 2046 2976 2100 ὑποτύπωσιν
3033 2045 3131 2115 μὲν
3186 2042 3278 2096 τοῦ
3346 2044 3561 2095 πάντων
3607 2042 3857 2111 Σωτῆρος

2277 2140 2513 2211 Χριστοῦ
2566 2136 2983 2211 παρεδεξάμεθα
3032 2136 3123 2187 τὸν
3160 2134 3368 2203 Ἰησοῦν
3414 2134 3504 2186 τὸν
3568 2132 3717 2203 ἱερέα
3763 2132 3857 2183 τὸν

2280 2232 2454 2299 μέγαν
2473 2246 2484 2257 ·
2522 2230 2728 2282 τέθειτο
2760 2227 2866 2298 γὰρ
2899 2228 2977 2289 είς
3004 2225 3161 2278 τοῦτο
3190 2225 3283 2278 καὶ
3310 2222 3520 2293 Ἀαρὼν
3557 2226 3613 2276 ὲν
3636 2223 3852 2292 ἀρχαῖς.

2278 2321 2423 2390 Πλὴν
2454 2320 2510 2371 ἐν
2554 2335 2618 2386 γε
2668 2320 2781 2380 τοῖς
2825 2316 3207 2388 προκειμένοις
3238 2316 3371 2385 πρὸς
3411 2314 3571 2369 αὑτὸν
3609 2311 3857 2383 εἰρῆσθαί

2278 2427 2455 2479 φαμεν
2501 2410 2591 2464 τὸν
2625 2407 2868 2462 Ἰωσεδὲκ
2898 2408 2977 2472 τὸ,
3022 2424 3042 2457 ι
3074 2406 3212 2459 Τάδε
3246 2405 3391 2474 λέγει
3426 2405 3627 2475 Κύριος
3658 2420 3857 2457 παντο-

2280 2500 2523 2569 κράτωρ
2554 2518 2571 2550 ι
2612 2500 2740 2551 Ἐὰν
2775 2499 2831 2550 έν
2857 2499 2976 2559 ταῖς
2996 2496 3133 2559 ὁδοῖς
3163 2512 3263 2567 μου
3295 2495 3523 2567 πορεύῃ,
3546 2495 3639 2547 καὶ
3666 2496 3722 2546 ὲν
3747 2496 3860 2556 τοῖς

2280 2590 2668 2661 προστάγμασί
2716 2608 2815 2659 μου
2861 2588 3132 2659 φυλάσσῃ,
3173 2588 3268 2641 καὶ
3321 2588 3385 2640 σὺ
3438 2587 3728 2655 διακρινεῖς
3768 2585 3859 2639 τὸν

2279 2676 2425 2732 οἶκόν
2458 2696 2581 2749 μου,
2616 2696 2632 2729 s
2670 2678 2765 2730 καὶ
2802 2678 2871 2730 τὰ
2899 2676 3107 2739 τούτοις
3137 2675 3397 2742 ἑπόμενα.
3430 2674 3504 2725 Οὐ
3538 2674 3647 2743 γὰρ
3677 2672 3742 2726 ἂν
3781 2672 3859 2723 εῖ-

2285 2789 2413 2840 ρητο
2455 2771 2522 2823 τὰ
2558 2770 2734 2823 τοιάδε
2783 2768 3030 2841 Χριστῷ·
3082 2767 3245 2830 αὐτὸς
3296 2766 3404 2836 γάρ
3448 2767 3593 2817 ἐστιν
3646 2766 3677 2833 ἡ
3720 2764 3858 2826 ὁδὸς,

2280 2861 2442 2925 αὐτὸς
2485 2861 2545 2913 τὸ
2587 2861 2864 2930 δικαίωμα
2904 2858 2998 2912 τοῦ
3029 2858 3164 2912 Θεοῦ
3198 2858 3292 2911 καὶ
3326 2856 3559 2926 Πατρὸς,
3596 2856 3755 2917 αὐτὸς
3786 2854 3864 2906 δι-

2282 2954 2461 3022 έκρινε
2504 2951 2593 3004 τὸν
2638 2948 2785 3005 οἷκον
2815 2949 3001 3013 αὑτοῦ,
3026 2948 3459 3016 κατεξουσιάζων
3492 2947 3567 3010 ὡς
3603 2940 3862 3009 ΥἱόςῘΗν

2287 3043 2383 3113 μὲν
2419 3041 2527 3112 γὰρ
2562 3042 2591 3092 ὁ
2617 3040 2902 3104 Θεσπέσιος
2935 3040 3139 3110 Μωσῆς
3164 3038 3350 3101 πιστὸς
3379 3038 3631 3107 Θεράπων
3671 3040 3727 3090 ὲν
3758 3036 3864 3106 ὅλῳ

2280 3133 2362 3203 τῷ
2393 3134 2525 3202 οἴκῳ
2548 3132 2642 3185 τοῦ
2678 3132 2813 3185 Θεοῦ
2834 3150 2847 3164 ·
2883 3132 3115 3203 Χριστὸς
3143 3131 3200 3183 δὲ
3227 3131 3302 3193 ὡς
3328 3130 3452 3194 Υίδς
3481 3129 3573 3183 ἐπὶ
3598 3129 3687 3182 τὸν
3716 3126 3863 3182 οἷκον

2287 3224 2477 3292 αὑτοῦ,
2524 3217 2585 3276 οῦ
2638 3218 2786 3287 οἶκός
2831 3224 2998 3293 ἐσμεν
3041 3224 3221 3292 ἡμεῖς.
3257 3220 3463 3275 Οὐκοῦν
3494 3220 3731 3292 εἰρήσθω
3764 3220 3863 3291 μὲν

2289 3316 2425 3387 πρὸς
2453 3316 2543 3369 τὸν
2573 3314 2667 3369 τοῦ
2695 3315 2944 3368 Ἰωσεδὲκ
2970 3314 3039 3367 τὰ
3066 3313 3264 3377 τοιάδε,
3289 3312 3421 3383 πρὸς
3454 3312 3510 3365 δέ
3539 3329 3601 3380 γε
3628 3311 3863 3383 Χριστὸν

2286 3407 2487 3460 οὐκέτι.
2508 3406 2903 3476 Ἐπηγγέλλετο
2931 3404 2988 3458 δὲ
3018 3404 3170 3468 Θεὸς,
3206 3403 3305 3473 τὴν
3340 3403 3477 3457 κατὰ
3508 3403 3670 3474 νόμον
3702 3405 3864 3473 ἱερω-

2289 3500 2455 3570 σύνην
2502 3500 2798 3571 κρατήσειν
2842 3497 2919 3551 ἔτι
2964 3496 3060 3551 καὶ
3112 3498 3249 3567 μετά
3294 3512 3359 3563 γε
3400 3496 3526 3558 τοὺς
3564 3496 3659 3564 τῆς
3697 3498 3863 3565 αἰχμ-

2291 3591 2529 3653 αλωσίας
2555 3590 2802 3661 καιροὺς,
2833 3588 2973 3643 ὥστε
3001 3588 3127 3651 τοὺς
3164 3587 3539 3657 ἱερατεύοντας
3570 3586 3865 3659 κατάρχειν

2284 3682 2379 3734 τοῦ
2410 3680 2646 3751 Ἰσραὴλ,
2684 3680 2778 3733 καὶ
2825 3680 2924 3751 τὴν
2974 3678 3136 3747 ἁγίαν
3183 3676 3385 3730 διέπειν
3431 3677 3583 3731 πόλιν
3624 3679 3863 3747 ἐκείνην.

2300 3772 2517 3843 Ἐπειδὴ
2566 3772 2673 3842 γὰρ
2724 3769 3008 3840 συμϐάσης
3056 3768 3153 3839 τῆς
3200 3768 3594 3837 αἰχμαλωσίας,
3633 3768 3867 3822 καὶτῶν

2287 3863 2456 3931 ἁγίων
2486 3861 2986 3935 ἐμπεπρησμένων,
3021 3860 3115 3913 καὶ
3140 3859 3329 3922 θυσίας
3347 3859 3529 3913 οὐκέτι
3565 3877 3869 3929 προσκεκο-

2290 3954 2577 4027 μισμένης,
2609 3952 2776 4024 ᾣοντό
2818 3969 2962 4015 τινες
3008 3951 3142 4022 πρὸς
3199 3950 3511 4022 ἀνατροπὴν
3547 3950 3866 4021 οἰχήσεσθαι

2286 4045 2525 4116 παντελῆ
2570 4044 2642 4098 τὰ
2672 4044 2935 4108 Μωσέως,
2982 4044 3076 4097 καὶ
3122 4043 3496 4114 ἀπρακτήσειν
3544 4042 3635 4095 τὸν
3676 4040 3865 4112 νόμον,

2286 4138 2461 4191 καίτοι
2510 4137 2676 4207 μήπω
2726 4135 2991 4206 παρόντος
3021 4132 3113 4186 τοῦ
3153 4131 3368 4203 καιροῦ,
3398 4132 3519 4186 καθ’
3549 4132 3607 4185 ὃν
3649 4132 3866 4185 ἀναδεί-

2286 4227 2515 4283 κνυσθαι
2539 4230 2707 4299 ἐχρῆν
2732 4224 3189 4297 ὲνηνθρωπηκότα
3209 4226 3299 4278 τὸν
3323 4225 3598 4294 Μονογενῆ
3618 4242 3631 4256 ’
3661 4225 3865 4295 ταύτῃ·

2285 4339 2367 4375 τοι
2398 4320 2531 4383 Θεὸς
2559 4318 2887 4383 ἀναπείθων,
2926 4319 3006 4371 ὅτι
3034 4319 3145 4380 τοῖς
3176 4316 3418 4388 ἀρχαίοις
3442 4316 3619 4371 ἔθεσιν
3646 4318 3867 4371 ὑποκεί-

2288 4428 2438 4465 σεται
2482 4410 2642 4463 πάλιν
2692 4411 2721 4462 ὁ
2751 4408 2987 4481 Ἰσραὴλ,
3024 4409 3115 4461 καὶ
3164 4408 3268 4461 ὑπὸ
3312 4411 3470 4480 χεῖρα
3516 4409 3711 4479 πράξει
3753 4409 3867 4463 τῶν

618 4510 819 4563 turum,
846 4511 969 4552 eum
1011 4497 1066 4551 in
1098 4512 1252 4552 sacro
1280 4496 1576 4551 ministerio
1611 4492 1771 4548 etiam
1844 4491 2049 4546 sanctis
2089 4506 2184 4543 an-

2291 4500 2501 4572 ίερέων,
2530 4500 2672 4553 καθὰ
2710 4501 2804 4552 καὶ
2844 4498 2951 4569 πρὸ
2983 4499 3081 4569 τῆς
3120 4500 3513 4570 αἰχμαλωσίας,
3546 4501 3867 4568 ἀναγκαίως

618 4591 750 4657 uelis
784 4588 1187 4658 adjuvantibus.
1223 4585 1337 4642 Non
1371 4587 1513 4642 enim
1561 4584 1667 4640 dici
1726 4592 1899 4654 potest
1948 4592 2181 4637 veterem

619 4683 787 4751 legem
822 4680 1113 4735 virtutibus
1137 4676 1563 4746 intelligentibns
1628 4676 1935 4731 destitutam
1986 4675 2184 4728 fuisse.

618 4770 677 4823 Si
717 4769 859 4823 enim
888 4769 1078 4838 legalia
1108 4768 1194 4823 illa
1228 4768 1336 4838 typi
1368 4778 1420 4823 et
1454 4768 1658 4822 umbrte
1702 4774 1887 4831 erant,
1938 4779 2069 4834 ergo
2121 4764 2186 4819 ad

623 4860 711 4915 Dei
740 4860 963 4930 gloriam
998 4859 1415 4929 peragebantur.
1455 4858 1565 4913 Hoc
1606 4858 1798 4929 opinor
1843 4856 1943 4912 sibi
2002 4855 2184 4911 velle:

624 4972 642 5001 ε
682 4949 826 5003 Dabo
852 4950 945 5003 tibi
977 4960 1359 5004 conversantes
1378 4951 1429 5003 in
1450 4949 1627 5004 medio
1652 4949 1907 5003 stantium
1935 4947 2182 5009 horum,»

620 5042 724 5096 hoc
764 5053 869 5104 est,
920 5042 1303 5112 pmpemodum
1342 5056 1446 5096 una
1506 5040 1875 5095 sacriﬁcantes
1912 5048 1967 5093 et
2013 5038 2188 5093 sacris

618 5130 808 5185 oﬁiciis
842 5132 996 5185 simul
1054 5133 1335 5202 fungentes
1393 5130 1633 5201 angelos.
1699 5128 1976 5198 Perpende
2028 5144 2189 5198 porro

620 5224 890 5293 quomodo
921 5224 1117 5292 ubique
1143 5238 1295 5278 sacra
1328 5222 1607 5290 Scriptura
1641 5219 1863 5289 angelos
1895 5229 2042 5274 stare
2072 5235 2188 5290 pro-

622 5316 849 5381 nuntiet,
868 5316 1116 5371 stationis
1151 5314 1410 5369 vocabulo
1454 5312 1771 5383 signiﬁcans
1804 5328 1899 5369 eos
1958 5313 2185 5384 ignavias

624 5421 727 5458 non
756 5407 1127 5469 succumbere,
1178 5406 1271 5459 sed
1312 5413 1542 5457 tuentem
1572 5403 1714 5455 velut
1740 5412 1998 5466 erectam,
2026 5410 2081 5457 et
2105 5402 2185 5456 in-

2288 4590 2473 4659 φησὶν,
2503 4590 2577 4653 ὡς
2625 4591 2673 4643 εἰ
2707 4589 2916 4658 γένοιτο
2962 4590 3183 4660 γνήσιος
3223 4590 3533 4661 νομοφύλαξ
3573 4593 3600 4644 ὁ
3632 4592 3864 4662 Ἰησοῦς,

2287 4681 2446 4743 αὐτὸς
2483 4680 2643 4735 πάλιν
2689 4682 2953 4749 διακρινεῖ
2984 4682 3075 4733 τὸν
3122 4677 3266 4734 οἷκον
3306 4681 3490 4746 αὑτοῦ,
3524 4682 3617 4735 καὶ
3650 4683 3707 4734 ὲν
3738 4681 3869 4751 δόξῃ

2288 4771 2529 4825 κείσεται
2570 4773 2637 4842 τῇ
2684 4768 2875 4843 πρώτῃ
2901 4809 2915 4834 ,
2968 4770 3522 4843 συλλειτουργούντων
3570 4772 3719 4842 αύτῷ
3769 4772 3869 4824 καὶ

2296 4863 2466 4932 ἁγίων
2492 4861 2757 4931 ἀγγέλων.
2792 4864 2866 4915 Οὐ
2913 4863 3021 4934 γάρ
3063 4864 3165 4916 πού
3209 4881 3408 4934 φαμεν,
3443 4865 3518 4928 ὡς
3565 4867 3770 4935 ἔρημος
3796 4860 3868 4935 ἦν

2292 4956 2577 5025 δυνάμεων
2606 4955 2836 5023 λογικῶν
2869 4956 2897 5006 ὁ
2930 4955 3096 5009 πάλαι
3126 4957 3307 5027 νόμος.
3338 4958 3400 5010 Εἰ
3436 4958 3543 5028 γὰρ
3589 4957 3681 5009 καὶ
3709 4952 3779 5026 ἦν
3806 4959 3867 5010 ἐν

2293 5046 2483 5109 τύποις
2536 5046 2631 5097 καὶ
2678 5047 2853 5108 σκιαῖς
2888 5046 2955 5098 τὰ
2997 5047 3054 5100 ἐν
3103 5047 3268 5117 νόμῳ,
3302 5045 3532 5101 ἁλλόῦν
3588 5050 3666 5114 είς
3708 5052 3869 5120 δόξαν

2296 5137 2528 5189 ἐτελεῖτο
2558 5135 2713 5190 Θεοῦ.
2742 5136 2910 5189 Τοῦτο
2959 5132 3111 5206 οἶμαι
3159 5138 3350 5207 δηλοῦν
3397 5140 3483 5203 τὸ,
3526 5159 3543 5191 ι
3572 5144 3739 5195 Δώσω
3782 5160 3868 5197 σοι

2294 5226 2799 5298 ἀναστρεφομένους
2828 5228 2885 5278 ὲν
2930 5227 3079 5297 μέσῳ
3109 5226 3217 5278 τῶν
3246 5229 3550 5299 ἑστηκότων
3581 5230 3804 5296 τούτων,
3843 5253 3863 5284 ι

2294 5315 2557 5380 τουτέστι,
2587 5315 2867 5387 μονονουχὶ
2892 5316 3367 5387 συνιερατεύοντας
3415 5319 3507 5371 καὶ
3529 5319 3871 5391 συλλειτουρ-

2292 5401 2519 5469 γοῦντας
2565 5402 2845 5470 ἀγγέλους.
2876 5402 3064 5472 Ἀθρει
3122 5404 3178 5457 δὲ
3225 5406 3371 5471 ὅπως
3422 5409 3695 5479 πανταχοῦ
3738 5412 3869 5473 τοὺς

690 5602 736 5633 ’³
762 5601 921 5655 Rom.
954 5616 1045 5663 xv,
1076 5598 1164 5652 l7.
1240 5598 1286 5628 ⁷⁸
1316 5597 1547 5667 Philipp.
1581 5613 1653 5663 Iv,
1688 5597 1743 5650 9.
1821 5598 1866 5629 "
1899 5597 2059 5651 llebr.
2091 5613 2176 5663 Ill,
2202 5598 2327 5651 2-6.

692 5780 770 5849 (ί)
800 5777 1092 5833 Coteleri'us
1117 5775 1375 5845 (Monum.
1415 5776 1475 5831 If.
1511 5778 1573 5831 (ἱ.
1606 5778 1818 5849 ",6‘6)
1851 5780 1975 5848 legit
2002 5781 2184 5849 σχῆμα

2281 5779 2471 5831 abitus.
2506 5779 2664 5832 Et)”.
