4120 6562
243 459 311 512 ω
1028 457 1575 514 COMMENTARIUS
1617 456 1682 512 IN
1721 456 2123 513 ZACHARIAM
2164 456 2592 515 PROPHETAM.
3442 456 3512 512 50

242 572 430 641 ἁγίους
462 574 727 642 ἀγγέλους
764 575 979 629 ἑστάναι
1025 578 1157 645 φησί
1186 576 1247 629 τὸ
1273 576 1511 647 Γράμμα
1556 576 1617 628 τὸ
1654 576 1824 646 ἰερὺν,

1943 574 2207 631 ﬁrmitatis
2237 584 2536 645 expertem,
2577 583 2630 630 et
2663 588 2786 628 cum
2831 570 2942 626 Deo
2978 579 3209 625 stantem
3255 570 3507 626 retinere.

242 664 321 734 τῷ
347 664 444 734 τῆς
489 665 729 728 στάσεως
759 666 980 736 ὀνόματι
1010 666 1344 738 καταδηλοῦν
1385 668 1447 721 τὸ
1475 667 1550 739 μὴ
1577 666 1827 732 ὀκλάζειν

242 756 438 817 αὐτοὺς
490 756 569 819 εἰς
614 755 675 808 τὸ
724 755 984 827 ῥᾴθυμον,
1036 756 1149 811 ἀλλ’
1218 751 1329 811 οἷον
1375 757 1541 829 ὀρθὴν
1596 757 1683 811 ἀεὶ
1731 758 1826 810 καί

241 840 438 912 ἀσθενῆ
484 843 583 895 οὐκ
626 844 959 915 άνεχομένην
994 846 1091 917 τὴν
1117 846 1354 900 διάνοιαν
1380 847 1545 918 ἔχειν,
1576 848 1823 903 ὲστῶσάν

238 948 301 985 τε
328 932 468 1000 μετὰ
500 932 655 988 Θεοῦ.
684 935 842 989 Οῦτω
869 938 962 989 καί
988 939 1045 990 ὲν
1064 937 1143 1007 τῷ
1164 937 1421 1009 Ἰεζεχιὴλ
1442 939 1824 1011 γεγραμμένον

241 1022 544 1093 εὑρήσομεν
572 1025 700 1091 περί
728 1026 834 1079 τῶν
859 1028 1157 1100 Χερουϐὶμ,
1187 1030 1268 1083 ὅτι
1303 1050 1321 1080 ι
1350 1030 1430 1083 Τὰ
1458 1032 1620 1102 σκέλη
1646 1032 1825 1085 αὐτῶν

237 1112 390 1183 ὀρθά.
426 1134 445 1168 ι
496 1116 820 1187 Κάμπτεται
866 1120 965 1190 μὲν
1011 1122 1142 1193 γὰρ,
1178 1122 1274 1175 καὶ
1315 1122 1436 1177 λίαν
1490 1124 1743 1189 εὐκόλως,
1790 1128 1822 1196 ή

146 1207 156 1215 '
239 1202 527 1273 ἀνθρώπου
557 1206 787 1272 διάνοια,
818 1209 911 1261 καί
942 1208 1090 1263 ἐστιν
1119 1210 1353 1281 εὐπετὴς
1379 1212 1456 1274 εἷς
1480 1230 1542 1281 γε
1569 1213 1630 1266 τὸ
1650 1213 1824 1267 θέλειν

238 1294 597 1367 ἀρῤωστῆσαι
625 1299 686 1352 τὸ
717 1299 1228 1373 ρᾴθυμον.Ἕστηκε
1260 1302 1316 1355 δὲ
1342 1302 1533 1375 ὥσπερ
1556 1303 1665 1357 τῶν
1714 1306 1825 1359 ἄνω

240 1389 569 1459 πνευμάτων
597 1392 629 1460 ὴ
667 1392 799 1459 ἁγία
834 1392 1062 1464 πληθύς.
1093 1394 1362 1467 Ταύτῃτοι
1404 1396 1497 1450 καί
1526 1395 1663 1467 πρὸς
1690 1396 1826 1450 Σιὼν

240 1474 462 1545 ἐλέγετο
509 1478 664 1550 παρὰ
690 1479 857 1533 Θεοῦ·
898 1501 915 1531 ι
948 1481 1152 1550 Στῆσον
1183 1482 1434 1553 σεαυτὴν,
1470 1483 1628 1537 Σιών.
1656 1504 1673 1535 ι
1713 1485 1833 1538 Ἀν-

1938 666 2012 721 Ita
2028 676 2082 722 et
2114 668 2165 722 in
2200 665 2481 723 Ezechiele
2500 668 2755 737 scriptum
2778 664 3084 720 invenimus
3097 662 3164 717 de
3180 660 3469 721 Cherubim
3493 679 3507 715 :

1940 778 1957 811 ι
1993 759 2059 813 Εῑ
2089 759 2255 830 pedes
2283 774 2469 814 eorum
2508 758 2641 815 recti
2668 757 2770 812 ⁷⁸.»
2806 754 3082 811 Curvatur
3130 751 3296 816 cnim,
3320 750 3511 821 etqui-

1928 852 2047 906 dem
2083 852 2359 922 perfacile,
2396 866 2547 908 mens
2580 852 2838 912 humana.
2871 857 2925 903 et
2980 846 3193 918 pigritia
3222 845 3321 901 levi
3349 859 3511 913 nego-

1928 942 2003 995 tio
2028 942 2335 1010 corripitur.
2372 940 2742 1013 Supernorum
2775 946 2955 993 autem
2990 934 3273 1005 spirituum
3324 939 3509 987 sancta

1933 1028 2219 1085 multitudo
2251 1038 2359 1085 stat
2384 1028 2804 1100 quodammodo.
2847 1024 3028 1091 Quare
3055 1031 3112 1078 et
3133 1021 3285 1079 Sioni
3305 1020 3509 1076 dictum

1930 1132 2013 1178 est
2043 1138 2073 1177 a
2115 1124 2222 1178 Deo
2255 1140 2268 1175 :
2312 1142 2332 1175 ι
2359 1122 2467 1178 Fac
2489 1132 2548 1177 ut
2579 1131 2713 1188 stes,
2753 1118 2941 1175 Sion.)
2967 1113 3135 1171 Oﬂ‘ert
3158 1116 3284 1168 item
3323 1113 3513 1167 beatus

1933 1214 2100 1270 David
2130 1217 2238 1271 Deo
2268 1216 2480 1271 cantica
2534 1214 2831 1285 gratiarum
2868 1209 3097 1275 actoria,
3132 1207 3204 1261 ita
3274 1204 3459 1259 dicens
3495 1220 3510 1257 :

1937 1325 1957 1359 ι
1980 1306 2179 1363 Statuit
2203 1322 2363 1377 supra
2405 1318 2609 1378 petram
2635 1304 2799 1377 pedes
2817 1318 2967 1359 meos
2984 1303 3084 1355 ⁷⁷.»
3115 1297 3320 1371 Quibus
3333 1296 3513 1349 verbis

1934 1397 2024 1452 ille
2052 1400 2243 1469 spiritu
2277 1399 2467 1467 plenus
2492 1396 2921 1453 immobilitatetu
2965 1392 3238 1453 animique
3282 1386 3513 1441 ﬁrmitu-

1936 1491 2118 1545 dinem
2155 1494 2445 1562 expressit.

240 1570 405 1625 ετίθει
434 1572 491 1625 δὲ
523 1575 613 1627 καὶ
647 1575 676 1626 ὁ
705 1574 974 1645 μακάριος
999 1574 1162 1635 Δαϐιδ
1210 1573 1287 1645 τῷ
1308 1575 1428 1644 Θεῷ
1492 1576 1593 1639 τὰς
1658 1581 2046 1649 χαριστηρίους
2072 1583 2239 1652 ᾠδὰς,
2266 1582 2409 1637 οὓτω
2471 1583 2675 1652 λέγων⁸
2709 1582 3012 1651 «Ἔστησεν
3034 1578 3125 1631 ἐπὶ
3156 1576 3359 1645 πέτραν
3390 1574 3513 1636 τοὺς

240 1662 409 1726 πόδας
444 1680 567 1734 μου.
598 1682 617 1714 ι
655 1664 727 1717 Τὸ
757 1663 866 1735 γὰρ
896 1666 1112 1727 ἁκλινὲς
1141 1667 1198 1717 ὲν
1236 1665 1446 1729 τούτοις
1476 1667 1568 1718 καί
1609 1666 1666 1719 τὸ
1707 1672 1957 1741 πεπηγὸς
2022 1673 2122 1744 τῆς
2180 1672 2428 1745 γνώμης,
2494 1671 2571 1744 τῷ
2610 1672 2711 1743 τῆς
2751 1672 2992 1734 στάσεως
3026 1665 3250 1739 ὀνόματι
3277 1663 3511 1733 κατεσή-

245 1770 411 1826 μηνεν
442 1757 470 1807 ὁ
498 1758 967 1828 πνευματοφόρος.

316 1848 525 1900 ’Ἄκουε
554 1846 896 1915 ὃὴ,“1ησοῦ,
944 1848 1136 1915 ἱερεὺς
1171 1851 1205 1903 ὁ
1242 1850 1449 1919 μέγας,
1486 1851 1567 1905 σὺ
1608 1852 1698 1915 δὲ,
1730 1853 1827 1905 καὶ

2009 1850 2170 1904 Vens.
2200 1850 2341 1903 Audi
2392 1850 2577 1920 igitur,
2606 1848 2733 1902 Iesu
2754 1886 2771 1912 ,
2794 1847 3039 1900 sacerdos
3074 1861 3277 1915 magne,
3313 1857 3366 1896 tu
3395 1862 3515 1898 vero

243 1938 298 1991 οι
324 1936 592 2003 πλησίον
621 1953 762 2002 σου,
797 1937 895 1989 καί
924 1940 975 1990 οἱ
1011 1936 1333 2005 καθήμενοι
1354 1939 1469 2005 πρὸ
1503 1938 1831 2007 προσώπου

242 2044 381 2089 σου,
416 2025 565 2079 διότι
603 2026 820 2095 ἄνδρες
868 2029 1299 2096 τερατοσκόποι
1344 2030 1486 2095 εἰσί,
1516 2030 1663 2085 διότι
1704 2029 1832 2084 ἰδοὺ

241 2120 361 2188 ἐγὼ
399 2120 521 2190 ἄγω
563 2120 670 2174 τὸν
704 2120 943 2175 δοῦλόν
964 2123 1407 2191 μου,Ἀνατολὴ
1437 2125 1623 2195 ὄνομα
1651 2123 1830 2188 αὐτῷ.

243 2218 400 2269 Διότι
434 2219 465 2270 ό
506 2217 697 2282 λίθος,
728 2215 800 2268 ὃν
841 2214 1073 2270 δέδωκα
1099 2218 1211 2285 πρὸ
1243 2217 1570 2286 προσώπου
1603 2216 1833 2286 Ἰησοῦ,

194 2344 203 2353 ο
242 2308 341 2361 ἐπὶ
369 2307 475 2360 τὸν
501 2309 679 2363 λίθον
705 2309 811 2361 τὸν
840 2307 969 2371 ἕνα,
1002 2307 1151 2361 ἑπτὰ
1178 2310 1474 2377 ὀφθαλμοί
1501 2312 1680 2364 εἰσιν.

318 2400 401 2451 K'.
444 2398 541 2450 Διὰ
578 2398 684 2451 τῶν
717 2398 917 2469 ἀρτίως
948 2400 1077 2469 ἡμῖν
1108 2400 1412 2470 εἰρημένων
1456 2401 1836 2471 κατεπηγγέλ-

244 2487 368 2541 λετο
401 2489 477 2558 τῷ
507 2490 705 2560 Ἰησοῦ,
740 2491 907 2560 ἤγουν
942 2490 1164 2560 μᾶλλον,
1198 2492 1334 2562 ὅπερ
1360 2492 1506 2545 ἐστὶν
1548 2492 1838 2563 ἀληθέστε-

247 2596 361 2651 ρον,
384 2582 448 2649 τῇ
479 2580 618 2632 κατὰ
652 2580 817 2650 νόμον
848 2580 1138 2652 ἱερωσύνῃ,
1170 2582 1232 2635 τὸ
1257 2582 1553 2654 διακρίνειν
1574 2584 1665 2637 τὸν
1690 2580 1839 2637 οἷκον

244 2670 435 2733 αὑτοῦ,
478 2671 573 2722 καί
618 2672 917 2741 κατάρχειν
950 2671 1029 2724 ἔτι
1059 2673 1211 2738 λαοῦ,
1244 2674 1338 2726 καί
1367 2675 1469 2745 τῆς
1494 2674 1638 2728 κατὰ
1675 2676 1838 2746 νόμον

247 2758 499 2833 λατρείας
520 2762 911 2832 ἀποπεραίνειν
939 2764 1065 2827 τοὺς
1086 2762 1515 2835 τύπους.Ἀθρει
1536 2765 1591 2819 δέ
1626 2783 1715 2835 μοι
1740 2765 1836 2836 τὴν

252 2853 576 2924 σίκονομίαν,
612 2855 706 2907 καί
741 2853 848 2907 τῶν
892 2853 1051 2907 θείων
1092 2854 1430 2924 διασκέψεων
1457 2856 1519 2908 τὸ
1552 2856 1688 2910 πολὺ
1718 2855 1837 2910 λίαν

246 2942 501 3013 εὐτεχνές
523 2958 534 2971 ·
556 2944 813 3012 Ἔμελλε,
839 2944 935 2997 καί
958 2945 1059 2996 οὐκ
1092 2946 1171 3008 εἰς
1201 2946 1439 3015 μακρὰν,
1476 2945 1838 3018 μετατεθήσε-

250 3035 376 3088 σθαι
421 3035 490 3088 τά
536 3036 593 3088 ἐν
640 3035 788 3105 νόμῳ
823 3035 960 3105 πρὸς
989 3034 1247 3105 λατρείαν
1291 3035 1388 3106 τὴν
1434 3035 1717 3108 ἀληθινὴν,
1744 3036 1837 3090 καί

247 3124 355 3178 τῶν
403 3125 588 3178 τύπων
641 3127 701 3179 τὸ
742 3125 974 3189 ἀκαλλὲς
1029 3126 1539 3196 μεταχαράττεσθαί
1592 3144 1651 3180 τε
1702 3128 1838 3199 πρὸς

1937 1954 1983 1998 et
2023 1943 2251 2014 proximi
2276 1941 2373 2008 tui,
2402 1952 2449 1996 et
2483 1941 2575 2012 qui
2608 1941 2786 1995 sedent
2812 1950 2932 1993 ante
2964 1937 3151 2007 facient
3180 1948 3354 2000 tuam,
3391 1942 3516 2007 quta

1937 2037 2034 2091 viri
2062 2046 2417 2105 portentorum
2444 2043 2756 2103 spectatores
2781 2040 2942 2096 sunt,
2974 2030 3097 2100 quia
3126 2045 3241 2083 ecce
3273 2045 3364 2098 ego
3420 2030 3517 2079 ud-

1938 2128 2072 2180 duco
2101 2141 2301 2180 servum
2337 2137 2527 2189 meum,
2581 2123 2770 2177 Oriens
2810 2137 2995 2174 nomen
3041 2121 3165 2189 ipsi.
3210 2118 3345 2184 Quia
3381 2118 3516 2187 lapis

1936 2233 2087 2289 quem
2115 2216 2236 2271 dedi
2262 2227 2379 2269 ante
2404 2214 2589 2282 faciem
2618 2213 2940 2279 Jcsu,super
2970 2211 3196 2281 lapidem
3216 2226 3402 2274 unum,
3429 2224 3515 2264 se-

1938 2314 2077 2375 ptem
2131 2304 2268 2358 oculi
2299 2311 2443 2358 sunt.

2009 2394 2128 2450 XX.
2166 2396 2339 2464 Supra
2379 2394 2733 2466 pollicebatur
2757 2392 2915 2459 Iesu,
2938 2394 3049 2450 imo
3070 2403 3239 2459 certe,
3265 2402 3321 2447 ut
3339 2393 3516 2447 dicam

1940 2488 2316 2559 verius,legali
2358 2485 2667 2542 sacerdotio
2708 2485 3142 2555 dijudicationem
3171 2485 3367 2539 domus
3384 2499 3520 2549 suae,

1940 2588 1993 2633 et
2032 2577 2393 2647 principatum
2423 2576 2565 2630 ultra
2606 2576 2655 2629 in
2694 2574 2968 2644 populum,
2992 2584 3047 2629 et
3078 2574 3372 2629 ﬁnitionem
3438 2582 3519 2644 ty-

1940 2684 2152 2739 porum,
2182 2683 2275 2723 seu
2319 2670 2636 2724 umbrarum
2677 2667 3029 2738 cultusjuxta
3067 2667 3236 2737 legem
3294 2666 3515 2736 recepti.

1940 2760 2196 2831 Expende
2258 2776 2420 2829 porro
2483 2761 2613 2814 mihi
2684 2759 3041 2813 oeconomiam
3101 2757 3519 2828 divinorumque

1939 2852 2288 2908 consiliorum
2324 2866 2588 2907 summam
2624 2851 2893 2921 peritiam.
2961 2848 3151 2915 Erant,
3194 2864 3291 2904 nec
3351 2847 3522 2904 multo

1939 2952 2083 3015 post,
2125 2943 2192 2998 ad
2214 2943 2415 2998 cultum
2452 2958 2640 2998 verum
2678 2955 3100 3011 germanumque
3148 2940 3525 2995 transferenda

1940 3034 2149 3105 legalia,
2170 3035 2335 3106 677
2370 3044 2729 3107 typorumque
2787 3032 2991 3088 ruditas
3024 3033 3075 3087 in
3105 3033 3337 3103 speciem
3374 3047 3524 3085 ama-

1942 3126 2064 3182 bilis
2102 3136 2155 3182 et
2185 3127 2480 3196 spiritualis
2511 3126 2708 3196 politiae
2736 3124 3092 3179 immutanda.
3112 3121 3523 3193 Erantabigeu-

214 3218 568 3288 ’ἀξιέραστόν
610 3235 668 3271 τε
704 3221 799 3271 καί
846 3218 1220 3289 πνευματικὴν
1264 3219 1835 3289 πολιτείαν.Ἔμελλον

1943 3218 1992 3273 di
2027 3220 2235 3273 avinea
2276 3218 2547 3289 agricolae,
2590 3216 2800 3271 Domini
2865 3215 3264 3281 interfectores.
3291 3224 3346 3270 et
3396 3230 3525 3285 ager

250 3309 638 3362 ἀποσοϐεῖσθαι
703 3309 797 3362 τοῦ
851 3309 1172 3380 ἀμπελῶνος
1219 3310 1268 3361 οἰ
1319 3311 1841 3381 κυριοκτονήσαντες

252 3402 508 3473 γεωργοὶ,
537 3403 629 3454 καί
684 3401 1071 3472 ἐκδοθήσεσθαι
1118 3400 1180 3454 τὸ
1223 3401 1425 3471 χωρίον
1467 3400 1697 3470 ἑτέροις,
1729 3404 1842 3464 τοῖς

252 3492 429 3559 ἁγίοις
475 3491 792 3555 ἀποστόλοις
837 3491 1081 3561 δηλονότι
1142 3492 1238 3543 καὶ
1286 3489 1698 3559 εύαγγελισταίς
1728 3530 1742 3553 ,
1793 3491 1842 3543 οἳ

253 3583 600 3654 καρποφόρον
635 3583 765 3636 αὐτὸ
824 3583 919 3636 καὶ
961 3581 1189 3644 εὐανθὲς
1228 3581 1548 3651 ἀποφαίνειν
1596 3581 1842 3651 ἔμελλον,

251 3674 353 3742 τῆς
406 3672 871 3744 προύργιαιτάτης
919 3672 1197 3739 ἀξιοῦντες
1245 3671 1545 3743 φροντίδος.
1578 3672 1844 3742 «Ἔμελλε

257 3762 510 3832 βασιλεὺς
546 3763 755 3826 δίκαιος
783 3762 1110 3832 βασιλεύειν,
1139 3764 1233 3817 καί
1262 3765 1521 3833 ἄρχοντες
1553 3763 1690 3833 μετὰ
1724 3763 1845 3833 κρί-

256 3871 398 3916 σεως
465 3854 673 3923 ἄρχειν,
706 3872 724 3905 ι
759 3855 898 3909 κατὰ
968 3853 1065 3925 τὴν
1127 3854 1221 3907 τοῦ
1285 3855 1569 3925 προφήτου
1636 3854 1840 3925 φωνήν.

260 3944 525 4014 Ἐμελλεν
548 3945 633 3996 ἕτε
643 3960 731 4014 ρος
759 3944 1082 3998 ἀνίστασθαι
1115 3944 1313 4015 ἰερεῦς,
1332 3944 1391 3995 ού
1411 3944 1551 3997 κατὰ
1571 3945 1671 4014 τὴν
1691 3943 1844 4007 τάξιν

271 4036 499 4107 Ἀαρὼν,
533 4035 667 4088 ἀλλὰ
719 4054 735 4086 ι
767 4034 909 4088 κατὰ
945 4036 1045 4107 τὴν
1090 4034 1242 4099 τάξιν
1292 4035 1645 4105 Μελχισεδὲκ,
1682 4055 1699 4087 s
1735 4035 1844 4088 τῶν

262 4129 432 4197 ἁγίων
459 4127 798 4198 λειτουργὸς,
836 4129 933 4180 καί
975 4128 1075 4197 τῆς
1103 4129 1305 4199 σκηνῆς
1332 4128 1430 4199 τῆς
1462 4126 1744 4200 ἀληθινῆς,
1777 4129 1845 4198 ἣν

260 4218 459 4288 ἔπηξεν
497 4219 525 4270 ὁ
570 4218 793 4289 Κύριος,
827 4218 920 4272 καί
964 4220 1065 4273 οὐκ
1118 4219 1424 4289 ἄνθρωπος.
1461 4219 1692 4289 Εἰσῆλθε
1737 4219 1852 4289 γὰρ

259 4315 337 4375 είς
368 4312 435 4363 τὰ
466 4313 630 4378 Ἀγια
658 4312 765 4365 τῶν
796 4311 964 4381 ἁγίων
990 4314 1017 4364 ὁ
1054 4312 1255 4384 Κύριος
1290 4311 1446 4382 ήμῶν
1473 4310 1683 4382 Ἰησοῦς
1711 4311 1847 4380 Χρι-

263 4404 408 4466 στὸς,
456 4423 472 4453 ι
509 4406 583 4456 Ub
615 4404 682 4455 δι’
718 4404 951 4475 αἵματος
990 4404 1211 4475 τράγων
1250 4405 1345 4458 καὶ
1394 4404 1633 4474 μόσχων,
1661 4401 1749 4455 διὰ
1790 4403 1847 4456 δὲ

260 4494 355 4547 τοῦ
399 4494 527 4545 ἰδίου
560 4494 809 4563 αἵματος,
844 4494 1070 4547 αἰωνίαν
1103 4494 1371 4565 λύτρωσιν
1400 4494 1724 4564 εὑράμενος,
1751 4495 1846 4545 καὶ

265 4586 365 4655 μιᾷ
398 4586 685 4655 προσφορᾷ
710 4585 1001 4649 τελειώσας
1036 4586 1114 4649 εἰς
1147 4585 1207 4637 τὸ
1251 4584 1517 4655 διηνεκὲς,
1555 4583 1699 4638 κατὰ
1722 4601 1842 4638 συν·
1876 4565 1921 4621 D

262 4674 469 4742 είδησιν
508 4676 631 4737 τοὺς
666 4673 1082 4745 ἁγιαζομένους.
1114 4695 1131 4727 ι
1161 4676 1280 4728 ἰνα
1314 4675 1493 4728 τοίνυν
1530 4674 1604 4745 μὴ
1648 4674 1842 4744 ψευδο⁹

262 4766 398 4831 επης
427 4779 483 4814 τε
521 4764 614 4814 καὶ
654 4763 1001 4833 εἱκαιόμυθος
1036 4763 1397 4833 ἀναφαίνηται
1435 4762 1590 4827 Θεὸς,
1627 4763 1713 4815 ἀεὶ
1753 4762 1846 4815 καὶ

264 4857 528 4926 διηνεκῶς
579 4861 644 4927 τῇ
690 4857 833 4910 κατὰ
886 4857 1049 4926 νόμον
1102 4853 1370 4924 ἱερωσύνῃ
1414 4853 1849 4923 ὑπισχνούμενος

265 4950 599 5020 ὲποπτήσειν
656 4966 715 5002 τε
768 4950 859 5002 καί
905 4948 1203 5017 διακρίνειν
1233 4945 1325 4999 τὸν
1356 4941 1503 5001 οἶκον
1533 4946 1719 5009 αὑτοῦ,
1753 4946 1848 4998 ἁν-

262 5040 502 5106 αγκαίαν
539 5043 774 5092 ποιεῖται
819 5040 913 5092 τοῦ
965 5039 1108 5092 κατὰ
1140 5038 1375 5109 Χριστὸν
1418 5038 1719 5108 μυστηρίου
1748 5037 1848 5105 τὴν

263 5132 683 5202 προαγόρευσιν,
730 5132 1031 5203 ἐμφαίνων,
1070 5132 1150 5184 ὅτι
1202 5130 1491 5201 καταλήξει
1523 5130 1620 5200 μὲν
1669 5130 1738 5182 τὰ
1789 5130 1847 5180 ὲν

262 5223 437 5292 νόμῳ,
474 5222 738 5292 διακρινεῖ
788 5222 846 5275 δὲ
896 5222 1054 5286 αὐτὸς
1103 5222 1193 5274 τὸν
1246 5222 1376 5274 ίδιον
1430 5217 1578 5274 οἶκον
1617 5220 1704 5273 διὰ
1750 5220 1843 5273 τοῦ

268 5314 399 5366 ἰδίου
428 5318 784 5384 γεννήματος,
818 5314 1084 5381 τουτέστι,
1117 5314 1210 5367 τοῦ
1242 5312 1392 5368 Υἰοῦ.
1428 5313 1693 5384 Ταύτῃτοι
1749 5330 1844 5383 μο-

264 5408 478 5477 νονουχὶ
505 5409 600 5460 καί
625 5407 1053 5479 διαμαρτύρεται
1091 5407 1253 5461 αὐτόν
1285 5424 1343 5459 τε
1373 5407 1463 5460 τὸν
1488 5406 1719 5476 Ἰησοῦν,
1750 5405 1844 5460 καὶ

264 5501 390 5561 τοὺς
429 5498 653 5569 πλησίον
683 5499 869 5561 αὑτοῦ,
897 5500 989 5552 καί
1019 5500 1142 5562 τοὺς
1178 5497 1519 5570 καθημένους
1547 5498 1652 5569 πρὸ
1675 5515 1843 5568 προσ-

263 5588 415 5643 ώπου
452 5589 637 5655 αὑτοῦ,
676 5590 762 5645 ἵνα
802 5592 1032 5654 Λευῖτας
1066 5590 1276 5660 νοῶμεν
1321 5592 1414 5644 καί
1450 5590 1649 5660 ἱερέας,
1688 5590 1841 5641 Λειτ-

336 5790 383 5819 ’⁶
415 5788 614 5842 Ezech.
645 5806 682 5851 I,
719 5791 769 5843 7.
848 5793 889 5822 ⁷⁷
925 5789 1066 5843 Psul.
1104 5808 1291 5857 χχχιχ,
1327 5792 1379 5845 '5.

264 5875 386 5927 vm,
421 5857 477 5912 2.
550 5859 591 5891 “
636 5858 800 5917 llebr.
839 5878 917 5929 ix,
950 5862 1052 5928 ης
1085 5877 1136 5929 x,
1169 5862 1249 5917 Η.
1327 5863 1371 5894 ⁸³
1395 5858 1553 5917 Num.
1593 5876 1703 5927 xvi,
1737 5863 1792 5915 2.

1454 5793 1498 5823 ⁷¹¹
1528 5789 1714 5844 Matth.
1744 5805 1855 5857 XXI,
1887 5790 2076 5850 53-59.
2155 5796 2201 5828 ⁷⁹
2240 5794 2350 5851 lsa‘.
2385 5810 2553 5859 χχιιι,
2582 5794 2631 5848 1.

1944 3310 2201 3367 locandus
2234 3310 2375 3377 aliis,
2422 3311 2627 3365 sanctis
2676 3308 2937 3379 apostolis
2968 3308 3221 3363 videlicet
3268 3317 3323 3363 et
3360 3294 3525 3361 evan-3

1944 3404 2172 3473 gelistis,
2218 3417 2339 3456 eum
2371 3400 2705 3456 l'ructifcrum
2738 3410 2793 3454 et
2840 3399 3282 3455 ﬂorentissimum
3346 3397 3522 3451 utilis-

1946 3493 2080 3547 sima
2106 3492 2465 3547 sollicitudine
2492 3506 2587 3545 sua
2619 3489 2987 3545 reddituris".
3019 3508 3037 3541 ι
3072 3488 3202 3544 Erat
3228 3503 3319 3543 rex
3346 3486 3526 3557 justus

1947 3594 2284 3654 regnaturus,
2312 3592 2365 3638 et
2391 3583 2662 3654 principes
2692 3597 2813 3638 cum
2837 3582 3040 3651 judicio
3071 3579 3471 3651 imperaturi“,
3501 3598 3518 3631 ι

1947 3675 2241 3731 secundum
2276 3687 2460 3728 vocem
2488 3674 2782 3742 pr0phetze.
2834 3672 3190 3727 Surrecturus
3231 3679 3351 3724 erat
3383 3667 3525 3725 alius

1948 3763 2227 3830 sacerdos,
2253 3778 2357 3818 non
2386 3763 2685 3819 secundum
2727 3760 2973 3817 ordinem
3003 3760 3205 3825 Aaron,
3254 3760 3354 3815 sed
3396 3780 3416 3812 ι
3438 3776 3527 3815 sc-

1946 3856 2178 3910 cundum
2218 3855 2462 3910 ordinem
2510 3852 2989 3917 Melchisedech”,
3016 3871 3036 3905 ι
3088 3862 3398 3908 sanctorum
3424 3854 3525 3907 mi-

1949 3948 2116 4003 nister
2139 3962 2313 4012 sacer,
2333 3955 2387 4002 et
2411 3946 2743 4003 tabernaculi
2771 3946 2906 4010 veri,
2932 3945 3075 4015 quod
3099 3944 3217 4000 llxit
3242 3943 3523 4007 Dominus,

1948 4055 2053 4095 non
2082 4040 2244 4097 homo
2266 4040 2356 4095 °°‘.
2400 4038 2624 4095 Intravit
2672 4039 2817 4094 enim
2863 4039 3061 4094 Sancta
3090 4048 3401 4094 sanctorum
3429 4034 3527 4089 Du-

1949 4134 2125 4189 minus
2158 4142 2343 4190 noster
2367 4133 2527 4189 Jesus
2552 4132 2803 4188 Christus
2830 4149 2843 4185 :
2881 4150 2898 4183 ι
2931 4130 3047 4186 Νοιι
3073 4145 3168 4200 per
3209 4130 3524 4196 sanguinem

1949 4220 2221 4277 hircorum
2239 4231 2291 4277 et
2308 4221 2621 4286 vitulorum,
2646 4220 2738 4275 sed
2759 4234 2852 4290 per
2881 4218 3155 4288 proprium
3186 4217 3527 4286 sanguinem,

1948 4323 2149 4368 aeterna
2190 4314 2558 4384 redemptione
2582 4314 2821 4375 inventa,
2852 4319 2907 4364 et
2933 4324 3035 4362 una
3070 4309 3343 4363 oblatione
3390 4322 3525 4362 con-

1949 4405 2233 4461 summatis
2252 4405 2302 4457 iu
2324 4415 2639 4474 perpetuum
2669 4400 2965 4458 secundum
2992 4399 3379 4455 conscientiam
3403 4414 3528 4453 san-

1951 4497 2202 4551 ctiﬁcatis
2223 4497 2321 4551 ⁸³.»
2349 4495 2426 4551 Ne
2462 4496 2621 4565 igitur
2649 4494 2779 4550 falsa
2812 4502 2863 4549 et
2899 4493 3079 4547 inania
3109 4492 3317 4547 locutus
3344 4491 3525 4547 videa-

1953 4595 2040 4642 tur
2069 4586 2231 4653 Deus,
2261 4588 2413 4656 legali
2438 4586 2743 4643 sacerdotio
2776 4585 3067 4657 pollicitus,
3112 4586 3284 4655 ipsum
3315 4596 3529 4652 semper

1952 4686 2115 4748 atque
2143 4680 2194 4732 in
2232 4688 2551 4747 perpetuum
2579 4677 2797 4733 domum
2852 4690 3005 4730 suam
3065 4676 3432 4743 inspecturum
3477 4679 3532 4725 ct

1947 4768 2336 4836 judicaturum,
2370 4768 2896 4839 mysteriumChristi
2929 4766 3289 4837 prmmtntiarc
3321 4764 3527 4819 debuit.

1952 4868 2005 4911 et
2029 4859 2313 4915 ostendere
2342 4858 2580 4915 desitura
2612 4860 2828 4929 quidem
2864 4859 3075 4930 legalis,
3110 4873 3168 4912 se
3191 4868 3371 4911 autem
3391 4854 3532 4925 diju«

1952 4951 2256 5006 dicaturum
2295 4952 2515 5007 domum
2556 4968 2708 5005 suam
2743 4968 2839 5024 per
2866 4953 3103 5024 genitum
3135 4967 3198 5004 ex
3230 4966 3373 5013 sese,
3429 4949 3533 5002 hoc

1949 5052 2036 5099 est
2070 5042 2288 5098 Filium.
2340 5044 2703 5111 Quamobrem
2737 5045 3122 5116 propemodum
3160 5043 3323 5096 etiam
3350 5051 3532 5096 contea

1948 5145 2124 5190 statur
2148 5146 2202 5190 et
2233 5136 2407 5205 ipsum
2453 5135 2665 5201 Jesum,
2694 5144 2749 5191 et
2786 5137 3060 5206 proximos
3092 5134 3228 5205 ejus,
3261 5143 3313 5188 cl
3341 5132 3532 5187 seden-

1951 5232 2030 5278 tes
2049 5235 2173 5280 ante
2197 5224 2387 5281 iaciem
2409 5226 2548 5296 ejus,
2574 5235 2697 5296 puta
2724 5224 2937 5280 Levitas
2952 5237 3000 5279 et
3032 5226 3358 5281 sacerdotes.
3388 5220 3532 5273 Ordo

1947 5317 2088 5371 enim
2107 5316 2377 5372 Leviticus
2401 5333 2615 5374 summo
2631 5317 2897 5373 sacerdoti
2917 5318 3227 5371 ministrans
3277 5314 3488 5368 astabat
3516 5331 3528 5365 :

1946 5407 2188 5462 seniores
2203 5419 2379 5463 autem
2408 5408 2929 5473 sacerdotes,utillis
2957 5406 3255 5475 superiores
3283 5412 3336 5456 et
3362 5417 3538 5461 sacra.

1947 5498 2130 5562 tiores,
2140 5497 2293 5567 juxta
2336 5498 2761 5570 legem,,concilii
2796 5511 3008 5569 quoque
3043 5497 3243 5549 honore
3272 5494 3536 5548 condeco-

1948 5590 2048 5645 rati
2096 5599 2219 5645 sunt
2250 5592 2317 5647 ⁸³.
2366 5592 2745 5649 Portentorum
2806 5605 2965 5659 porro
3023 5594 3355 5658 spectatores
3417 5584 3535 5640 illos

2742 5794 2789 5825 ⁵⁰
2822 5791 2962 5850 Psal.
2989 5807 3097 5862 cur,
3133 5792 3185 5848 4.
3274 5790 3340 5825 ’θ’
3372 5790 3527 5850 Hebr.
