4120 6576
634 412 699 472 5t
1532 485 1537 491 ο
1661 415 1720 469 s.
1762 410 2041 469 οιιιιιιι
2081 408 2201 465 ALE

2304 408 2549 465 .NDRINI
2589 408 2905 468 ARCHIEP.
3819 405 3893 464 51

619 530 886 613 appellat.
910 530 1011 585 hoc
1049 539 1151 598 est,
1195 500 1407 597 semper
1434 538 1743 599 quarentes
1778 530 1934 600 signa
1985 529 2197 595 videre,

2304 527 2533 598 ουργοῦν
2590 530 2687 599 μὲν
2729 529 2841 599 γάρ
2874 529 2949 599 τῷ
2988 530 3231 600 ἀρχιερεῖ
3268 529 3465 599 ἕστηκε
3497 528 3554 581 τδ
3589 530 3776 600 τάγμα
3828 530 3897 583 τὸ

628 623 997 692 prodigiorum
1050 622 1297 692 cupidos.
1333 620 1527 677 Nescio
1553 616 1696 678 enim
1750 622 2020 691 quomodo
2076 635 2206 693 gens

612 708 812 793 [Iudaea
830 710 897 765 ad
918 712 1031 766 haec
1055 721 1244 765 natura
1274 709 1464 766 fertur.
1482 710 1668 782 Itaque
1705 727 1825 767 cum
1852 710 2100 767 Christus
2124 709 2203 763 fe-

630 804 791 858 cisset
822 801 978 872 quasi
1000 801 1262 873 ﬂagellum
1295 802 1361 858 de
1393 801 1662 865 funiculis,
1692 815 1991 870 omnesque
2020 814 2050 852 e
2072 806 2205 852 tem-

629 900 718 971 plu
743 898 1013 968 eiecisset,
1050 898 1383 966 dixissetque
1414 917 1431 955 :
1459 915 1478 949 ι
1528 897 1752 952 Auferte
1810 896 1913 952 ista
1960 896 2107 958 hinc,
2149 902 2204 947 et

630 988 797 1044 nolite
820 987 999 1043 facere
1023 987 1238 1041 domum
1269 986 1441 1040 Patris
1476 986 1603 1052 mei,
1635 988 1852 1040 domum
1883 982 2202 1054 negotiatio~

631 1082 733 1145 nis,
777 1098 798 1133 ι
835 1086 1204 1143 accesserunt,
1230 1088 1285 1133 et
1311 1078 1640 1149 quaesierunt
1681 1095 1693 1130 :
1728 1094 1745 1127 ι
1782 1074 1936 1141 Quod
1989 1075 2201 1143 signum

628 1171 866 1228 ostendis
896 1172 1021 1240 quia
1061 1172 1177 1226 haec
1233 1168 1410 1225 facis?
1454 1178 1508 1223 et
1560 1170 1680 1239 quis
1733 1168 1879 1222 dedit
1915 1166 2006 1220 tibi
2067 1164 2203 1219 banc

629 1271 947 1331 potestatem
986 1264 1080 1317 "?
1115 1281 1133 1315 ι
1177 1263 1542 1318 Accesserunt
1591 1271 1647 1315 ct
1674 1261 1788 1326 alii,
1816 1275 1937 1314 cum
1978 1259 2081 1313 hac
2120 1271 2203 1326 pe-

630 1353 817 1409 titione
840 1373 853 1409 :
896 1372 913 1405 ι
952 1352 1222 1423 Magister,
1250 1352 1538 1405 volumnsa
1567 1361 1616 1405 te
1643 1351 1853 1421 signum
1883 1349 2069 1403 videre
2095 1349 2159 1402 “.
2178 1367 2196 1400 ι

630 1443 855 1511 Idcirco,
875 1444 1153 1514 quoniam,
1180 1442 1374 1510 inquit,
1401 1441 1501 1494 viri
1540 1450 1666 1494 sunt
1691 1448 2082 1510 portentorum,
2105 1455 2198 1494 seu

629 1533 1010 1590 miraculorum
1040 1532 1436 1603 speculatores,
1473 1530 1683 1585 discant
1714 1542 1888 1585 tecum
1913 1540 1969 1586 et
1994 1530 2203 1594 futura,

629 1627 903 1695 signorum
934 1640 1053 1694 quae
1081 1633 1269 1693 νθιιιιιι
1300 1630 1723 1692 perpetratorem
1752 1637 1968 1691 semper
2011 1632 2201 1689 polen-

629 1715 919 1769 tisslmum.
953 1712 1209 1780 Quisnam
1257 1722 1434 1766 autem
1466 1710 1597 1766 hic?
1637 1730 1655 1762 ι
1691 1710 1831 1766 Ecce
1861 1725 1961 1780 ego
1992 1712 2205 1767 adduco

628 1816 842 1857 servum
882 1817 1078 1866 meum,
1113 1801 1305 1858 Oriens
1329 1816 1522 1856 nomen
1553 1803 1690 1870 ejus.
1716 1823 1734 1854 ι
1760 1804 1897 1878 Deus
1928 1803 2092 1873 igitur
2125 1817 2201 1856 se-

2310 619 2591 672 Λευϊτικόν
2613 636 2625 649 ’
2661 622 2707 673 oi
2738 620 2795 673 δέ
2821 638 2883 690 γε
2912 620 3274 692 πρεσϐύτεροι
3305 622 3494 690 ἱερεῖς,
3550 620 3625 683 ὡς
3666 620 3894 675 ἐκείνων

2307 711 2562 781 ἀμείνους
2598 712 2699 776 ἔτι,
2728 714 2822 767 καὶ
2863 711 3137 785 ίερώτεροι
3170 712 3310 766 κατά
3353 712 3443 765 τὸν
3472 712 3657 782 νόμον.
3689 712 3783 767 καὶ
3817 715 3890 783 τῇ

2309 802 2559 874 συνεδρίᾳ
2601 805 2911 875 τετίμηντο.
2957 804 3409 875 Τερατοσκόπους
3436 821 3501 873 γε
3551 803 3657 875 μὴν
3692 803 3892 864 αὐτοὺς

2306 893 2581 965 ὀνομάζει,
2630 896 2925 959 τουτέστιν,
2982 897 3069 951 ἀεὶ
3120 897 3324 967 σημεῖα
3379 894 3676 967 ζητοῦντας
3731 896 3894 965 ὁρᾷνσ

2306 984 2414 1038 τῶν
2436 986 2677 1055 τεράτων
2705 988 3045 1056 ἐφιεμένους.
3072 986 3235 1039 Φύσει
3262 985 3375 1057 γάρ
3398 1001 3515 1048 πως
3537 983 3627 1039 ἀεὶ
3646 982 3895 1037 τοιοῦτόν

2305 1077 2419 1129 ἐστι
2448 1076 2509 1128 τὸ
2546 1076 2655 1130 τῶν
2676 1076 2949 1130 Ἰουδαίων
2978 1076 3148 1140 ἐθνος.
3182 1077 3292 1129 Καὶ
3320 1075 3473 1145 γοῦν,
3496 1075 3583 1128 ὅτε
3607 1075 3634 1126 6
3654 1075 3892 1146 Χριστὸς

2305 1168 2534 1239 ποιήσας
2566 1168 2698 1221 ὡσεὶ
2744 1168 3067 1239 φραγέλλιον
3118 1170 3181 1221 ἐκ
3234 1168 3504 1237 σχοινίων,
3554 1166 3762 1229 πάντας
3795 1165 3891 1230 ἐξ·

2302 1259 2493 1313 ἐϐαλεν
2537 1261 2602 1313 ἐκ
2648 1259 2741 1313 τοῦ
2776 1260 2942 1330 ἱεροῦ.
2973 1260 3148 1328 λέγων
3173 1301 3185 1323 ,
3230 1262 3327 1312 «Ἀ
3340 1276 3467 1330 ρατε
3493 1258 3667 1311 ταῦτα
3696 1257 3885 1310 ἐντεῦ-

2303 1352 2412 1415 Θεν,
2452 1352 2546 1405 καὶ
2578 1352 2653 1423 μὴ
2685 1355 2884 1405 ποιεῖτε
2918 1351 3009 1404 τὸν
3030 1349 3178 1404 οἷκον
3207 1350 3300 1403 τοῦ
3337 1350 3549 1422 Πατρός
3576 1367 3704 1419 μου,
3732 1345 3886 1402 οἶκον

2301 1444 2587 1514 ἐμπορίου,
2624 1463 2645 1494 ι
2682 1442 2991 1515 προσῄεσαν
3024 1443 3273 1511 λέγοντες
3295 1461 3309 1475 ·
3370 1462 3387 1493 r
3418 1442 3483 1494 Τί
3510 1443 3733 1512 σημεῖον
3776 1442 3889 1494 δει-

2302 1534 2501 1599 κνύεις,
2532 1535 2613 1587 ὄτι
2645 1534 2821 1588 ταῦτα
2869 1536 3070 1601 ποιεῖς;
3109 1534 3202 1587 καὶ
3231 1532 3314 1597 τίς
3359 1532 3527 1586 ἔδωκέ
3556 1549 3637 1585 σοι
3671 1533 3769 1603 τὴν
3798 1533 3885 1596 ἐξ·

2300 1625 2488 1679 ουσίαν
2518 1625 2752 1697 ταύτην;
2788 1644 2805 1677 ι
2851 1626 3169 1697 Εὑρήσομεν
3205 1624 3263 1678 δέ
3302 1625 3396 1678 καὶ
3448 1624 3666 1694 ἐτέρους
3712 1640 3884 1693 προσ-

2304 1720 2498 1783 ιόντας,
2548 1717 2643 1771 καὶ
2685 1718 2945 1786 λέγοντας
2992 1716 3175 1787 αὐτῷ·
3231 1736 3248 1766 ι
3282 1715 3603 1778 Διδάσκαλε,
3657 1714 3885 1784 θέλομεν

2304 1809 2412 1862 ἀπὸ
2447 1808 2540 1862 σοῦ
2578 1811 2801 1880 σημεῖον
2836 1809 2984 1865 ἰδεῖν.
3016 1828 3037 1861 ι
3070 1808 3282 1863 Οὐκοῦν
3327 1809 3643 1879 ἐπειδήπερ,
3697 1808 3880 1876 φησιν,

629 1894 859 1948 cundum
885 1902 1128 1947 naturam
1147 1904 1199 1948 et
1220 1910 1283 1948 ex
1306 1894 1411 1946 Duo
1430 1867 2201 1963 Patre-apparuitlinigeuitus,

2306 1900 2497 1971 ἄνδρες
2525 1867 3071 1971 είσὶυτερατοσκότοι,
3110 1867 3528 1970 μανθανέτωσαν
3562 1867 3675 1970 diua
3707 1867 3791 1952 σοι
3815 1901 3887 1952 τὰ

628 1986 920 2040 secundum
964 1984 1063 2041 hoc
1106 1985 1260 2040 liber.
1312 1986 1479 2057 678
1518 1985 1875 2041 Nihilominus
1912 1983 2207 2040 exinanivit

627 2076 1001 2146 semetipsum,
1022 2079 1312 2133 secundum
1340 2078 1727 2149 Scripturas",
1757 2078 2045 2133 demittens
2068 2092 2126 2132 se
2152 2077 2202 2130 in

628 2170 687 2241 ιι]
717 2171 861 2239 quod
909 2186 1013 2225 non
1038 2178 1176 2236 erat,
1201 2182 1255 2227 et
1282 2170 1583 2241 appellatus
1607 2187 1795 2226 servus
1833 2180 2054 2241 propter
2110 2185 2205 2224 na-

631 2274 803 2316 turam
837 2262 1151 2329 humanam,
1185 2263 1430 2334 quamvis
1469 2264 1706 2319 omnium
1736 2262 1991 2317 Dominus
2039 2274 2201 2327 esset,

630 2362 886 2423 tanquam
929 2353 1091 2410 Deus.
1123 2353 1229 2409 Sed
1250 2354 1389 2410 idem
1412 2363 1467 2409 et
1489 2353 1684 2410 Oriens
1710 2363 1854 2418 erat,
1877 2352 1929 2408 id
1968 2361 2084 2417 est,
2112 2352 2201 2407 Sol

626 2443 848 2515 iustitia;
865 2448 931 2499 ⁸⁸.
956 2446 1193 2502 Exortus
1219 2456 1303 2502 est
1331 2447 1564 2510 enim,et
1593 2445 1913 2500 illuminavit
1942 2460 2041 2500 nos
2058 2444 2206 2499 velut

624 2537 679 2593 in
713 2537 953 2593 tenebris
978 2538 1232 2609 degentes
1262 2538 1336 2603 "',
1358 2548 1415 2594 et
1446 2546 1653 2594 tantum
1698 2553 1805 2592 non
1848 2537 2011 2593 etiam
2083 2545 2203 2589 tan-

628 2642 789 2697 quam
820 2638 977 2684 uocte
1014 2638 1069 2682 et
1106 2640 1329 2685 veterno
1358 2630 1580 2683 obrutos
1628 2628 1915 2682 mundanis
1954 2627 2201 2694 volupta-

630 2719 1116 2789 tibus,mentisque
1145 2718 1359 2773 octtrlum
1389 2716 1625 2773 tenebris
1654 2716 1880 2772 eﬂttsum
1918 2718 2198 2778 habentes,

625 2810 886 2867 excitavit
921 2809 989 2865 ad
1030 2809 1364 2881 vigiliam,et
1387 2809 1558 2879 gratia
1590 2824 1684 2862 sua
1736 2824 1834 2863 nos
1888 2807 2199 2863 illustravit.

629 2896 766 2950 Ilinc
803 2904 861 2951 et
884 2895 1098 2965 sapiens
1133 2894 1329 2950 Paulus
1363 2895 1518 2951 nobis
1550 2899 1837 2967 praecepit,
1894 2896 1996 2951 hoc
2029 2896 2199 2964 ipsum

626 2983 975 3056 significans:
1012 3001 1032 3036 ι
1076 2981 1190 3038 Nox
1218 2982 1512 3053 praecessit,
1540 2983 1655 3037 dies
1694 2992 1870 3036 autem
1913 2981 2199 3052 appropin-

625 3076 834 3145 quavit.
872 3074 1203 3144 Abjiciamus
1268 3089 1396 3143 ergo
1426 3087 1586 3143 opera
1628 3071 1997 3135 tenebrarum,
2035 3079 2089 3126 et
2120 3071 2201 3123 in-

2306 1990 2560 2061 ἐσόμενα,
2594 1993 2689 2045 καὶ
2716 1992 2958 2063 σημείων
2988 1985 3064 2045 ὧν
3092 1992 3337 2046 αἰτοῦσιν
3361 1992 3448 2045 ἀεὶ
3490 1992 3582 2043 τὸν
3618 1991 3889 2044 παναλκέ-

2308 2095 2501 2133 στατον
2535 2081 2925 2153 ἀποτελεστήν.
2961 2084 3070 2136 Καὶ
3118 2082 3202 2145 τίς
3248 2082 3311 2153 δὴ
3360 2078 3454 2136 οῦν
3502 2075 3656 2147 οὗτός
3695 2085 3888 2145 ἐστιν;

2311 2187 2329 2217 ι
2353 2169 2481 2223 Ἰδοὺ
2507 2168 2620 2237 ἐγὼ
2652 2171 2772 2240 ἄγω
2800 2172 2889 2225 τὸν
2914 2170 3098 2225 δοῦλόν
3133 2189 3260 2243 μου,
3278 2172 3533 2243 Ἀνατολὴ
3577 2173 3746 2241 ὄνομα
3785 2174 3886 2225 αὐ-

2303 2262 2402 2333 τῷ.
2437 2280 2455 2314 ι
2493 2262 2625 2326 Θεὸς
2681 2262 2782 2332 μὲν
2806 2260 2899 2316 οῦν
2927 2262 3069 2316 κατά
3098 2261 3260 2331 φύσιν
3305 2263 3398 2314 καὶ
3420 2263 3483 2314 ἐκ
3513 2260 3648 2314 Θεοῦ
3673 2261 3892 2332 [ἰατρὸς

2305 2355 2543 2423 πέφηνεν
2574 2354 2603 2405 6
2635 2355 2964 2425 Μονογενὴς,
2996 2356 3091 2408 καὶ
3130 2355 3205 2417 ὡς
3236 2353 3392 2406 τοῦτο
3420 2354 3701 2423 ὑπάρχων,
3733 2351 3887 2405 ἐλεύ-

2303 2443 2661 2516 θερος.“Αλλά
2713 2444 3017 2498 κεκένωκεν
3068 2445 3278 2507 ἐαυτὸν,
3309 2444 3452 2498 κατὰ
3494 2447 3593 2507 τὰς
3642 2443 3885 2515 Γραφάς.

2303 2538 2515 2600 καθιεὶς
2565 2539 2644 2601 είς
2688 2538 2825 2609 ὅπερ
2879 2537 2978 2590 οὐκ
3027 2533 3115 2608 ἦν,
3146 2538 3237 2590 καὶ
3271 2536 3646 2607 κεχρημάτικε
3678 2534 3889 2600 δοῦλος,

2302 2630 2391 2683 διὰ
2419 2630 2482 2683 τὸ
2514 2628 2875 2699 ἀνθρώπινον,
2908 2629 3086 2683 καίτοι
3116 2628 3319 2699 Κύριος
3350 2628 3567 2681 πάντων
3603 2627 3888 2698 ὑπάρχων,

2300 2718 2376 2783 ώς
2417 2718 2728 2783 Θεός.Ἀλλ’
2760 2715 2828 2789 ἦν
2873 2719 2967 2771 καὶ
3013 2713 3167 2781 οὗτος
3194 2716 3467 2788 Ἀνατολὴ,
3508 2716 3776 2779 τουτέστι,
3810 2716 3890 2768 δι·-

2302 2811 2595 2882 καιοσύνης
2622 2810 2832 2874 ’Ἤλιος.
2864 2810 3081 2880 ’Δνὲσχε
3128 2810 3237 2881 γάρ
3291 2812 3385 2863 καὶ
3422 2808 3737 2880 ἐπέλαμψεν
3769 2804 3890 2862 οἷά-

2302 2916 2410 2972 περ
2455 2902 2516 2953 ἐν
2568 2900 2749 2953 σκότει
2801 2899 3133 2952 διατελοῦσιν
3161 2900 3314 2970 ἡμῖν,
3355 2899 3515 2968 μόνον
3546 2899 3603 2951 δέ
3634 2899 3755 2968 οὐχὶ
3792 2898 3891 2951 καὶ

2301 2991 2377 3055 ώς
2402 2992 2459 3044 ἐν
2486 2991 2643 3045 νυκτὶ
2699 2991 2791 3044 καὶ
2820 2988 2972 3059 ῦπνῳ
3002 2989 3419 3059 κεκαρωμένους
3451 2990 3567 3048 ταῖς
3596 2989 3893 3057 κοσμικαῖς

2301 3082 2540 3154 ἡδοναῖς,
2573 3083 2668 3136 κα)⁸
2714 3082 2813 3152 τῆς
2846 3080 3086 3144 διανοίας
3127 3079 3219 3133 τὸν
3254 3080 3528 3150 ὀφθαλμὸν
3574 3095 3892 3132 κατεσκοτι-

626 3169 857 3222 duamur
882 3182 1037 3222 arma
1072 3166 1228 3231 lucis,
1278 3164 1421 3219 sicut
1446 3165 1498 3217 in
1528 3163 1616 3218 die
1674 3163 1903 3218 boneSte
1962 3160 2200 3216 ambule-

2309 3173 2560 3245 σμένους,
2593 3173 2784 3244 ἧγειρέ
2831 3190 2889 3224 τε
2924 3172 3062 3243 πρὸς
3088 3171 3270 3242 νῆψιν,
3308 3170 3404 3224 καὶ
3454 3170 3739 3241 λαμπροὺς
3782 3171 3890 3221 άπ-

626 3272 748 3313 mus
763 3256 865 3311 ⁸³.»
890 3256 957 3312 Ει
989 3258 1179 3314 iterum
1208 3275 1221 3311 :
1261 3274 1279 3306 ι
1320 3254 1515 3324 Surge,
1543 3254 1632 3324 qui
1662 3256 1883 3319 dormis,
1908 3265 2201 3325 etexsnrge

2308 3265 2475 3335 έφηνε
2506 3267 2571 3336 τῇ
2603 3266 2732 3335 παρ’
2760 3262 2955 3317 ἐαυτοῦ
2982 3264 3183 3336 χάριτι.
3218 3261 3507 3333 Τοιγάρτοι
3551 3261 3643 3314 καὶ
3671 3261 3701 3312 6
3727 3260 3896 3329 σοφὸς

626 3366 654 3403 a
686 3352 932 3417 mortuis,
953 3363 1005 3407 et
1033 3350 1361 3407 illuminabit
1382 3360 1435 3407 te
1457 3348 1710 3407 Christus
1739 3350 1809 3405 ".
1850 3372 1867 3403 ι
1894 3350 2206 3421 Promulgat

627 3443 936 3513 igiturante
984 3442 1213 3513 insignia
1262 3441 1403 3498 facta
1462 3442 1760 3498 Salvatoris
1830 3443 2020 3507 nostri,
2077 3457 2198 3511 quas

625 3548 865 3602 praesens
914 3535 1160 3590 editurus
1206 3545 1309 3591 est.
1342 3533 1592 3590 Nominat
1659 3549 1898 3596 servum,
1941 3535 2198 3604 quoniam

628 3627 683 3681 in
722 3626 865 3682 servi
905 3625 1075 3681 forma
1113 3626 1619 3694 venit;0rientem,
1652 3626 1775 3697 quia
1816 3628 1994 3681 lumen
2021 3640 2204 3681 verum

628 3729 733 3785 est,
766 3719 907 3774 idem
963 3728 1019 3775 et
1046 3719 1185 3783 dies,
1213 3730 1267 3774 et
1293 3719 1473 3774 clarus
1504 3717 1694 3774 lucifer
1720 3718 1772 3773 in
1812 3718 2081 3772 mentibus
2109 3732 2203 3771 ex-

631 3814 817 3869 oriens
848 3824 901 3868 et
941 3814 1105 3868 corda
1153 3812 1328 3868 lucida
1379 3810 1635 3866 efﬁciens.
1697 3810 1920 3881 Insuper
1973 3809 2200 3880 lapidem

630 3915 818 3961 vocat:
848 3904 977 3975 quin
1007 3914 1058 3958 et
1086 3905 1268 3958 datum
1302 3914 1427 3957 ante
1469 3903 1658 3958 faciem
1701 3902 1849 3967 Jesu,
1895 3908 1950 3957 et
1998 3910 2201 3967 septem

629 3997 835 4053 habere
856 3995 1040 4051 oculos
1078 4004 1341 4049 autumat.
1388 3993 1684 4062 Oportebat
1732 3993 1876 4047 enim
1939 3990 2204 4060 imprimis

629 4089 988 4146 sacerdotium
1018 4086 1206 4157 legale,
1231 4087 1386 4155 cujus
1417 4098 1599 4157 typum
1648 4085 1923 4157 posuimus
1968 4082 2152 4138 Jesum
2185 4120 2198 4142 ,

629 4182 783 4252 quasi
819 4190 946 4237 ante
994 4180 1187 4235 faciem
1219 4187 1275 4233 et
1310 4188 1437 4233 ante
1490 4177 1678 4233 oculos
1740 4177 1942 4233 habere
1990 4187 2204 4242 semper

2307 3357 2438 3426 ἡμῖν
2460 3355 2764 3409 ἐπιστέλλει
2793 3356 3023 3420 Παῦλος,
3049 3356 3181 3409 αὐτὸ
3207 3354 3270 3425 δὴ
3297 3353 3457 3407 τοῦτο
3485 3351 3852 3423 καταμηνὺων
3873 3367 3889 3380 ·

2314 3464 2331 3495 ι
2355 3446 2418 3497 Ἦ
2443 3445 2536 3511 νὺξ
2560 3445 2883 3517 προέκοψεν,
2915 3450 2948 3517 ἡ
2969 3446 3026 3498 δέ
3048 3446 3231 3517 ἡμέρα
3260 3446 3511 3517 ἠγγισεν.
3529 3444 3894 3515 Ἀποθώμεθα

2305 3534 2397 3592 οὖν
2430 3539 2497 3592 τά
2534 3540 2671 3610 ἔργα
2709 3539 2803 3593 τοῦ
2844 3541 3088 3604 σκότους,
3120 3540 3214 3593 καὶ
3257 3537 3604 3608 ἐνδυσώμεθα
3639 3538 3708 3592 τὰ
3753 3540 3893 3609 ἔργα

2304 3628 2398 3681 τοῦ
2440 3629 2638 3697 φωτὸς,
2666 3629 2741 3693 ὡς
2785 3630 2844 3682 ἐν
2887 3629 3070 3701 ἡμέρα
3104 3628 3455 3699 εὐσχημόνως
3504 3629 3894 3698 περιπατήσω-

2309 3738 2427 3791 μεν.
2466 3740 2484 3773 ι
2522 3723 2629 3774 Καὶ
2664 3722 2844 3775 πάλιν·
2876 3723 3153 3792 «Ἔγειρε,
3187 3724 3215 3775 6
3240 3721 3540 3785 καθεύδων,
3564 3721 3658 3775 καὶ
3682 3721 3895 3774 ἀνάστα

2305 3815 2368 3866 ἐκ
2396 3812 2505 3865 τῶν
2537 3812 2766 3881 νεκρῶν,
2798 3812 2891 3864 καὶ
2922 3812 3214 3881 ἐπιφαύσει
3247 3830 3335 3865 σοι.
3357 3815 3385 3867 6
3414 3812 3665 3884 Χριστός.
3698 3831 3716 3861 ι
3747 3812 3880 3879 Προ-

2306 3903 2671 3974 ανακηρύττει
2701 3903 2990 3973 τοιγαροῦν
3020 3903 3123 3973 τῆς
3166 3904 3260 3957 τοῦ
3292 3905 3539 3975 Σωτῆρος
3573 3903 3729 3973 ἡμῶν
3772 3906 3892 3954 ἐπι-

2304 3993 2507 4064 δημίας
2553 3992 2623 4045 τὰ
2671 3990 2901 4064 λαμπρά
2932 3992 3352 4064 κατορθώματα.
3384 3993 3576 4046 Δοῦλον
3623 3992 3680 4045 δέ
3724 4009 3889 4060 φηςιν

2305 4084 2466 4139 αὑτὸν
2487 4085 2576 4139 διά
2589 4101 2693 4149 τοι,
2715 4083 2773 4137 τὸ
2795 4085 2852 4137 ἐν
2865 4084 3051 4137 δούλου
3076 4084 3393 4138 καθικέσθαι
3419 4086 3598 4155 μορφῇ
3622 4101 3633 4113 ·
3673 4084 3891 4136 Ἀνατοο

2306 4176 2402 4247 λὴν
2430 4175 2507 4240 δὲ,
2536 4176 2618 4228 ὅτι
2650 4174 2764 4245 φῶς
2796 4176 2911 4227 ἐστι
2952 4174 3012 4227 τὸ
3056 4174 3306 4245 ἀληθινὸν
3340 4175 3523 4241 αὐτὸς,
3556 4174 3650 4228 κα)⁵
3679 4173 3891 4245 ἡμέρα,

630 4273 861 4345 lapidem
889 4272 1118 4327 electum
1140 4310 1156 4335 ,
1188 4269 1521 4339 angularem,
1548 4268 1865 4337 pretiosum,
1900 4266 1952 4319 in
2007 4263 2200 4318 funda—

2308 4271 2400 4323 καὶ
2428 4267 2680 4338 λαμπρὸς
2712 4266 3008 4339 ἑωσφόρος,
3042 4268 3123 4330 είς
3150 4266 3273 4321 νοῦν
3299 4267 3624 4330 ἀνατέλλων,
3662 4266 3755 4319 καὶ
3791 4283 3892 4319 κα-

629 4371 873 4423 mentum
910 4361 1038 4416 Sion
1103 4362 1413 4425 decretum,
1447 4358 1629 4413 multis
1678 4355 1849 4414 oculis
1902 4357 2201 4409 intuentem

2306 4361 2681 4433 ταφαιδρύνων
2711 4360 2960 4432 καρδίας.
3007 4360 3294 4430 Ὀνομάζει
3333 4360 3390 4413 δέ
3425 4358 3561 4428 πρὸς
3591 4358 3766 4428 τούτῳ
3794 4360 3891 4411 και

629 4452 811 4508 omnia
841 4452 909 4506 '°.
942 4450 1156 4520 Septem
1183 4451 1377 4519 quippe
1404 4450 1767 4520 integritatem
1790 4445 2201 4518 perfectionem-

2307 4451 2465 4507 Λίθον
2508 4451 2689 4514 αὑτὸν,
2728 4449 2955 4521 καὶμὴν
2991 4450 3081 4502 καὶ
3123 4448 3365 4502 δεδόσθαι
3416 4450 3550 4519 φησι
3583 4449 3687 4520 πρὸ
3717 4464 3893 4515 προς-

629 4558 735 4613 que
762 4541 1037 4596 declarare
1059 4540 1250 4596 solent.
1287 4540 1499 4596 Sterilis
1535 4540 1698 4608 igitur
1752 4539 1953 4596 dicitur
2014 4552 2201 4608 parere

2309 4543 2457 4596 ώπου
2483 4543 2681 4613 Ἰησοῦ,
2714 4543 2852 4597 ἐπτά
2878 4560 2935 4595 τε
2965 4542 3110 4612 ἐχειν
3136 4543 3261 4605 τοὺς
3290 4541 3599 4612 ὀφθαλμοὺς
3626 4541 3891 4611 διισχυρί-

628 4644 837 4701 septem
866 4632 935 4689 ⁹¹.
971 4630 1113 4690 Mille
1147 4643 1324 4687 autem
1357 4632 1528 4689 oculis
1566 4631 1748 4687 omnia
1781 4632 2001 4693 intueri,
2033 4639 2087 4684 et
2117 4630 2201 4682 in-

2312 4633 2635 4698 ζεταμἝδει
2665 4633 2773 4705 γάρ
2810 4634 3041 4704 μάλιστα
3082 4633 3181 4704 τὴν
3212 4633 3349 4687 κατὰ
3376 4632 3537 4703 νόμον
3566 4633 3889 4712 ἱερωσύνην,

629 4723 845 4800 spicere
898 4738 987 4779 res
1020 4732 1236 4779 nostras
1291 4723 1526 4780 divinam
1584 4734 1639 4778 et
1699 4720 2021 4778 ineffabilem
2078 4719 2201 4773 Filii

2310 4719 2377 4797 ἧς
2404 4727 2483 4788 είς
2512 4723 2683 4779 τύπον
2712 4723 2991 4795 ἐθήκαμεν
3023 4722 3116 4776 τὸν
3143 4721 3369 4793 Ἰησοῦν,
3399 4722 3559 4775 οἱονεὶ
3585 4721 3691 4791 πρὸ
3720 4730 3893 4791 προσ-

628 4822 880 4873 naturam
916 4829 1021 4873 non
1044 4822 1218 4885 potest
1240 4815 1510 4883 quispiam
1550 4813 1798 4869 dubitare
1830 4829 1845 4867 :
1875 4831 1894 4863 ι
1934 4810 2100 4865 Vivus
2121 4819 2201 4864 est

2309 4814 2457 4871 ώπου
2510 4816 2600 4868 καὶ
2646 4815 2751 4885 πρὸ
2796 4813 3084 4885 ὀφθαλμῶν
3115 4814 3259 4883 ἔχειν
3285 4812 3371 4865 διὰ
3399 4812 3597 4875 παντὸς
3627 4812 3719 4865 τὸν
3741 4810 3889 4864 λίθον

631 4905 774 4966 enim
801 4920 981 4966 sermo
1006 4904 1119 4972 Dei,
1142 4914 1197 4961 et
1212 4902 1420 4971 efﬁcax,
1449 4913 1502 4961 et
1525 4903 1903 4975 penetrabilior
1921 4902 2069 4958 omni
2091 4903 2201 4973 gla.

2310 4908 2399 4962 τὸν
2428 4907 2700 4971 ἐκλεκτὸν,
2736 4906 2826 4959 τὸν
2860 4906 3274 4978 ἁκρογωνιαῖον,
3300 4905 3392 4959 τὸν
3424 4903 3660 4974 ἔντιμον.
3693 4903 3783 4957 τὸν
3809 4904 3889 4966 είς

630 4995 719 5054 dio
744 4996 981 5068 ancipiti,
1000 5006 1055 5052 et
1075 4995 1386 5066 pertingens
1402 5008 1569 5064 usque
1583 4992 1650 5048 ad
1672 4993 1990 5048 divisionem
2009 4993 2201 5049 anima:

2315 5000 2383 5056 τὰ
2415 5000 2640 5071 θεμέλια
2679 4997 2835 5062 Σιὼν,
2873 4998 2960 5051 τὸν
3004 4997 3215 5061 πολλοῖς
3267 4996 3563 5066 ὀφθαλμοῖς
3608 4994 3893 5065 ἐφορῶντα

628 5095 684 5143 et
700 5088 941 5156 spiritus,
956 5101 1273 5156 compagum
1291 5099 1504 5155 quoque
1532 5092 1586 5140 et
1610 5083 1991 5149 medullarum,
2014 5093 2068 5139 et
2091 5084 2201 5139 dis-

2315 5088 2383 5142 τά
2406 5088 2600 5142 πάντα.
2623 5087 2696 5140 Τὸ
2722 5086 2829 5158 γὰρ
2857 5086 3019 5152 ἑπτὰ,
3051 5084 3144 5139 τοῦ
3173 5086 3394 5147 τελείως
3422 5084 3633 5154 ἔχοντος
3662 5084 3747 5136 ἀεί
3776 5083 3891 5145 πώς

628 5189 808 5237 crelor
832 5180 1215 5251 cogitationum
1240 5186 1294 5233 et
1319 5177 1674 5234 intentionum
1706 5176 1906 5243 cordis,
1927 5183 1982 5231 et
1998 5192 2104 5231 non
2126 5186 2201 5233 est

2316 5180 2431 5232 ἐστι
2484 5178 2835 5248 σημαντικόν.
2867 5178 3062 5246 Στεῖρα
3096 5177 3224 5245 γοῦν
3267 5176 3487 5244 λέγεται
3517 5178 3694 5229 τεκεῖν
3729 5175 3888 5228 ἑπτά.

630 5272 735 5326 ulla
751 5282 999 5327 creatura
1012 5270 1294 5326 invisibilis
1310 5269 1363 5323 in
1379 5277 1664 5338 conspectu
1677 5267 2011 5338 ejus.0mnia
2030 5276 2201 5323 autem

2317 5269 2439 5321 Ὅτι
2471 5268 2527 5321 δέ
2580 5268 2794 5339 μυρίοις
2843 5267 3084 5337 ὄμμασιν
3122 5267 3294 5336 ἐφορᾷ
3337 5267 3515 5319 πάντα
3554 5266 3646 5318 και¹
3670 5266 3891 5318 ἐπισκέ-

629 5365 768 5419 nuda
787 5372 841 5418 et
859 5372 1042 5431 aperta
1070 5361 1378 5416 suntoculis
1399 5362 1535 5431 ejus,
1552 5383 1568 5412 ι
1589 5360 1727 5415 sicut
1753 5361 2015 5431 scriptum
2041 5369 2123 5415 est
2141 5359 2201 5412 ".

2318 5375 2510 5410 πτεται
2556 5358 2625 5410 τὰ
2659 5356 2776 5410 καθ’
2804 5358 2952 5427 ἡμᾶς
3001 5358 3032 5425 ἠ
3076 5355 3196 5411 θεία
3224 5373 3285 5408 τε
3323 5356 3415 5408 καὶ
3460 5356 3768 5426 ἀπόρρητος
3796 5354 3893 5407 τοῦ

629 5455 761 5511 Υίοῦ
790 5455 971 5528 φύσις,
991 5455 1093 5513 οὐκ
1122 5453 1188 5511 ἂν
1211 5454 1503 5509 ἐνδοιάσειέ
1536 5472 1619 5519 τις
1642 5470 1654 5483 ³
1689 5474 1707 5507 ι
1735 5454 1851 5509 Ζῶν
1902 5456 2010 5526 γὰρ
2034 5457 2062 5509 6
2098 5454 2252 5523 λόγος
2285 5453 2377 5507 τοῦ
2412 5452 2567 5515 Θεοῦ,
2652 5451 2740 5507 καὶ
2786 5451 3035 5522 ἐνεργὴς,
3069 5451 3158 5505 καὶ
3188 5450 3492 5519 τομώτερος
3526 5451 3667 5519 ὑπὲρ
3712 5452 3894 5503 πᾶσαν

635 5552 911 5627 μάχαιραν
955 5552 1227 5623 δίστομον,
1259 5551 1352 5606 καὶ
1378 5550 1745 5622 διικνούμενος
1777 5552 1902 5621 ἄχρι
1972 5549 2237 5622 μερισμοῦ
2274 5549 2449 5618 ψυχῆς
2507 5547 2599 5601 καὶ
2654 5545 2978 5617 πνεύματος,
3019 5546 3210 5617 ἀρμῶν
3252 5562 3311 5598 τε
3356 5547 3447 5598 καὶ
3528 5542 3761 5615 μυελῶν,
3800 5545 3891 5596 καὶ

3180 5749 3222 5778 ³⁷
3257 5746 3382 5799 Luc.
3418 5760 3454 5802 ι.
3490 5743 3573 5797 79.
3653 5742 3695 5772 "
3732 5741 3891 5796 Rom.

700 5752 747 5784 ⁸³
776 5752 933 5811 Joan.
968 5770 1028 5821 ιι,
1066 5754 1246 5809 “~19.
1328 5757 1372 5785 ⁸³
1409 5754 1593 5812 Matth.
1634 5769 1728 5817 κιι,
1762 5754 1848 5807 58.
1930 5753 1972 5783 ⁸⁸
2002 5750 2201 5821 Philipp

700 5839 750 5870 ιι-
787 5823 990 5870 12.15.
1068 5824 1111 5857 ⁸³
1146 5824 1335 5870 Enimn,
1370 5842 1417 5870 ν,
1454 5826 1532 5870 Η.
1616 5827 1658 5856 ’θ
1693 5822 1792 5870 Ιςα.
1832 5838 2020 5870 xum.
2064 5822 2164 5870 lli:

2314 5791 2326 5811 ν
2371 5751 2421 5813 ⁷ν
2456 5751 2509 5804 8ο
2590 5752 2632 5781 ¹¹⁶
2668 5750 2895 5804 Malavh.
2936 5764 3008 5808 ιν.
3048 5750 3102 5803 2.
3180 5750 3222 5778 ⁸⁷
3257 5750 3382 5799 an.
3418 5760 3454 5802 ι.
3490 5750 3573 5797 79.
3653 5750 3695 5772 ι’
3732 5750 3758 5795 ιι

2304 5833 2384 5870 ’U'-
2431 5837 2489 5870 ιι.
2520 5823 2568 5870 Β-
2664 5825 2703 5853 τι
2741 5822 2755 5870 l
2791 5821 2921 5870 Rue.
2969 5835 3025 5870 ll.
3066 5820 3113 5870 5.
3195 5821 3236 5850 ’³
3269 5816 3432 5870 Hebr.
3468 5828 3538 5870 Iv.
3574 5814 3655 5870 l2,
3696 5812 3758 5868 13

632 5837 751 5891 λιιι,
787 5820 1021 5889 12,15.
1068 5824 1111 5857 ⁸³
1145 5824 1338 5894 Ephes.
1370 5842 1418 5889 ν,
1454 5826 1533 5878 14.
1616 5827 1658 5856 ’θ
1691 5822 1792 5875 lsa.
1832 5838 2021 5886 xxvntt,
2064 5822 2124 5875 16
2152 5820 2201 5887 ,λ

2304 5833 2384 5874 δυ’.
2431 5837 2489 5888 ιι,
2520 5823 2568 5877 Β.
2664 5825 2703 5853 ²¹
2741 5822 2755 5875 Ι
2791 5821 2921 5889 Reg.
2969 5835 3025 5882 ιι,
3066 5820 3113 5873 5.
