4120 6572
295 424 365 488 53
1099 409 1646 491 conuenientes
1687 431 1752 488 IN
1794 431 2194 490 ZACHABIAM
2235 390 2674 492 vacent-31AM.
3469 432 3538 488 ει

293 545 539 612 κριτικὸς
584 548 948 619 ἐνθυμήσεων,
984 552 1073 602 καὶ
1105 551 1323 604 ἐννοιῶν
1359 551 1605 622 καρδίας,
1641 552 1734 605 καὶ
1774 551 1875 604 οὐκ
1913 551 2028 605 ἐστι
2092 551 2270 616 κτίσις
2299 551 2508 622 ἀφανὴς
2548 548 2776 604 ἐνώπιον
2822 546 3010 602 αὐτοῦ.
3045 546 3230 602 Πάντα
3262 548 3318 600 δὲ
3353 547 3536 618 γυμνά

293 634 388 688 καί
419 639 879 710 τετραχηλισμένα
903 643 1012 703 τοῖς
1035 641 1332 712 ὀφθαλμοῖς
1364 641 1548 708 αὐτοῦ,
1572 660 1590 693 ι
1630 643 1771 696 κατά
1797 642 1860 695 τὺ
1894 643 2299 714 γεγραμμένον.

377 730 528 785 Ἰδοὺ
555 732 669 801 ἐγὼ
696 733 887 801 όρύξω
923 735 1356 806 ,ϐόθρον,“λέγει
1387 737 1602 805 Κύριος
1647 749 1865 791 παντο-

2035 737 2170 793 Ecce
2183 755 2275 809 ego
2297 740 2494 809 fodiam
2521 739 2746 806 foveam,
2763 736 2889 790 dicit
2919 735 3170 789 Dominus
3189 735 3533 802 omnipotens,

291 821 538 890 νράτωρ,
574 822 674 876 καὶ
715 825 1062 894 ψηλαφήσω
1089 825 1298 882 πᾶσαν
1337 826 1453 895 τὴν
1483 825 1723 881 ἀδικίαν
1753 826 1866 896 τῆς

297 911 402 980 τῆς
427 913 664 980 ἐκείνης
695 916 764 968 ἐν
800 917 985 986 ἡμέρᾳ
1010 914 1138 987 μιᾷ.

285 1007 296 1050 l
360 1002 488 1056 ΚΝ.
536 1005 772 1070 Ἔδειξεν
804 1007 973 1070 ὄντως
1022 1009 1115 1062 καὶ
1171 1008 1286 1076 φῶς
1334 1009 1428 1061 καὶ
1480 1008 1742 1079 ἀνατολὴν
1775 1008 1864 1061 τὸν

290 1093 492 1164 Κύριον
518 1097 673 1166 ἡμῶν
701 1098 910 1168 Ἰησοῦν
938 1100 1189 1172 Χριστὸν,
1222 1103 1316 1154 καὶ
1341 1100 1422 1154 ότι
1449 1103 1562 1164 τοῖς
1599 1103 1657 1155 ἐν
1686 1101 1866 1154 σκότει

289 1187 385 1238 καὶ
438 1188 565 1256 σκιᾷ
617 1188 868 1252 Θανάτου,
920 1191 1188 1254 τουτέστι,
1240 1192 1355 1254 τοῖς
1407 1189 1863 1262 πεπλανημένοις,

288 1276 550 1347 ἀνατολῆς
583 1277 860 1349 ἀνέλαμψε
891 1280 1068 1349 δίκην.
1095 1280 1236 1333 Ἀλλ’
1259 1275 1328 1351 ἦν
1349 1282 1667 1349 ἀναγκαῖον,
1689 1280 1782 1332 καὶ
1806 1281 1866 1332 τὸ

288 1367 388 1435 τῆς
428 1368 739 1439 οἰκονομίας
774 1371 1219 1441 προαναφανῆναι
1255 1369 1450 1441 πέρας,
1476 1369 1744 1432 τουτέστι,
1775 1369 1868 1422 τὸν

289 1456 430 1527 ὑπὲρ
450 1459 608 1527 ἡμῶν
628 1459 882 1513 ἁπάντων
907 1460 1154 1523 Θάνατον,
1174 1461 1232 1514 ὃν
1255 1460 1395 1515 tum
1415 1461 1630 1530 ἀνέτλη,
1649 1461 1866 1530 σταυρῷ

290 1549 566 1619 παραδοὺς
591 1550 650 1603 τὸ
681 1551 812 1604 ἴδιον
848 1551 1022 1621 σῶμα.
1054 1552 1138 1620 ἐφ’
1241 1553 1334 1606 καί⁵
1368 1553 1427 1605 τὸ
1463 1551 1572 1605 τῶν
1603 1551 1871 1605 Ἰουδαίων

291 1641 733 1711 προσκέκρουκεν
767 1641 936 1706 ἔθνος,
960 1645 1050 1697 καί
1079 1644 1177 1714 τῆς
1199 1643 1335 1714 πρὸς
1358 1643 1520 1697 αὑτὸν
1539 1643 1868 1713 οἰκειότητος

291 1730 918 1804 ἀποϐέϐληται.Ἐπειδὴ
969 1735 1078 1806 γὰρ
1126 1737 1186 1788 οὑ
1239 1736 1488 1799 συνέντες
1533 1739 1582 1789 οἱ
1625 1735 1864 1800 δείλαιοι,

291 1822 514 1886 εἰκότως
561 1824 866 1878 ἀπὼλισθον
919 1828 1016 1895 τῆς
1071 1825 1305 1890 ἐλπίδος,
1336 1826 1428 1881 καὶ
1475 1827 1636 1880 κακοὶ
1681 1827 1868 1892 κακῶς

290 1913 624 1977 ἀπολώλασι,
675 1915 872 1980 δειναῖς
904 1918 998 1970 καὶ
1025 1918 1286 1985 ἀφύκτοις
1330 1917 1609 1982 ἐναλόντες
1661 1935 1868 1989 συμφο-

294 2005 438 2072 ραῖς·
489 2002 666 2076 βόθρῳ
717 2007 780 2077 δὴ
821 2004 913 2060 οὖν
960 2009 1281 2078 παρεικάζει
1331 2009 1423 2062 τὸν
1465 2008 1562 2062 τοῦ
1619 2010 1868 2082 Σωτῆρος

292 2097 542 2162 σταυρόν.
576 2097 900 2153 Πίεπτώκασι
949 2100 1056 2170 γὰρ
1106 2100 1292 2171 ὥσπερ
1348 2104 1427 2165 εἰς
1487 2102 1677 2173 βόθρον
1721 2079 1868 2156 οίντδ
1899 2079 1940 2134 Β

292 2189 623 2243 Δεσποτικὸν
653 2192 948 2261 ἐγχέαντες
977 2188 1138 2263 αἷμα,
1171 2196 1265 2247 καὶ
1291 2195 1508 2264 σταυρῷ
1537 2195 1865 2264 παραδοῦναι

289 2277 659 2349 τολμήσαντες
679 2281 772 2334 τὸν
800 2283 1042 2353 ἀρχηγὸν
1080 2284 1180 2352 τῆς
1200 2283 1366 2354 ζωῆς.
1389 2284 1450 2336 Et
1468 2284 1524 2338 δέ
1543 2285 1643 2337 καὶ
1665 2287 1824 2349 αὐτὸς
1840 2290 1868 2340 ὁ

291 2368 478 2440 Πατὴρ
494 2369 583 2422 τὸν
608 2369 797 2438 βόθρον
817 2373 1148 2445 ὀρωρυχέναι
1171 2374 1403 2442 λέγοιτο,
1433 2375 1884 2440 σκανδαλιζέσθω.

290 2459 512 2528 μηδείς·
554 2461 802 2514 ἐννοείτω
839 2463 896 2516 δὲ
933 2464 1152 2534 μᾶλλον,
1187 2464 1266 2528 ὡς
1305 2465 1725 2535 ἐκμεμέστωταί
1751 2483 1867 2529 πως

287 2543 442 2618 [τῆς]
459 2549 766 2619 οἰκονομίας
781 2551 808 2602 ό
821 2551 1230 2622 λόγος.”ομοιον
1247 2552 1354 2624 γὰρ
1371 2553 1527 2607 τοῦτό
1547 2557 1664 2608 ἐστι
1683 2554 1760 2625 τῷ
1780 2555 1868 2608 διὰ

286 2637 520 2707 Χριστοῦ
545 2639 723 2707 σοφῶς
743 2656 803 2693 τε
829 2643 923 2718 καὶ
944 2643 1192 2713 ἀτρεκῶς
1215 2643 1512 2714 εἰρημένῳ·
1538 2665 1556 2697 ι
1575 2647 1669 2708 Εἰς
1691 2649 1868 2716 κρίμα

286 2727 404 2799 ἐγὼ
423 2731 503 2793 εἰς
533 2730 624 2784 τὸν
642 2732 849 2803 κόσμον
869 2734 1058 2787 τοῦτον
1083 2730 1270 2806 ἦλθον,
1300 2737 1386 2790 ἵνα
1405 2740 1452 2789 οἱ
1475 2737 1551 2808 μὴ
1577 2737 1865 2807 βλέποντες

288 2821 546 2892 βλέπωσι,
571 2825 666 2878 καὶ
690 2825 740 2878 οἰ
765 2824 1053 2896 βλέποντες
1074 2827 1265 2897 τυφλοὶ
1290 2828 1574 2896 γένωνται.
1602 2850 1621 2882 ι
1650 2833 1866 2899 Καίτοι,

287 2913 404 2977 πῶς
444 2915 544 2967 οὐκ
588 2914 786 2986 ἀληθὲς
815 2918 1010 2980 εἰπεῖν,
1038 2917 1115 2982 ὡς
1144 2919 1205 2972 οὐ
1243 2920 1450 2991 ταύτης
1483 2921 1644 2975 ἕνεκα
1689 2939 1866 2993 παρα-

286 3004 478 3075 γέγονε
508 3007 606 3077 τῆς
630 3007 832 3072 αἰτίας,
854 3009 942 3062 ἵνα
970 3009 1160 3079 τυφλοὶ
1186 3011 1448 3078 γένωνταί
1475 3029 1620 3076 τινες
1641 3051 1658 3076 ,
1693 3013 1810 3067 ἀλλ’
1831 3017 1865 3086 ἡ

285 3095 396 3148 τῶν
433 3098 505 3166 μὴ
533 3096 794 3150 νοούντων
814 3099 1086 3171 φαυλότης
1122 3102 1398 3171 μονονουχὶ
1431 3103 1524 3155 καὶ
1543 3101 1863 3175 διαϐέϐληκε

285 3187 384 3256 τῆς
432 3188 661 3259 ἀρίστης
702 3192 1011 3262 οἰκονομίας
1038 3192 1127 3244 τδν
1168 3194 1402 3263 τρόπον;
1436 3194 1510 3246 Οὐ
1540 3194 1648 3265 γὰρ
1675 3195 1866 3266 ῆθελον

289 3276 528 3346 βλέπειν,
561 3279 736 3333 καίτοι
770 3282 931 3351 μετὸν
959 3285 1140 3347 αὐτοῖς
1176 3285 1270 3338 τοῦ
1301 3285 1445 3338 θείου
1478 3287 1673 3355 φωτός.
1708 3287 1868 3342 Οὕτω

285 3368 516 3423 κάνθάδε
559 3371 795 3442 νοήσεις.
832 3372 1097 3444 Πέπομφε
1132 3375 1231 3446 μὲν
1269 3375 1378 3448 γάρ
1409 3377 1500 3430 τὸν
1536 3378 1661 3432 Υἰδν
1689 3381 1719 3433 ό
1746 3381 1864 3433 Πα-

286 3459 407 3530 τὴρ,
455 3478 473 3510 ι
507 3461 574 3514 ἶν’
599 3464 626 3514 ό
655 3462 857 3532 κόσμος
892 3464 1037 3534 σωθῇ
1070 3465 1138 3517 δι’
1167 3465 1334 3519 αὑτοῦ
1357 3484 1369 3496 ·
1407 3487 1425 3521 ι
1458 3469 1544 3524 διὰ
1571 3470 1627 3522 δὲ
1649 3470 1758 3524 τῶν
1791 3473 1874 3542 μὴ

289 3551 576 3603 συνιέντων
630 3551 910 3619 ἀπόνοιαν,
944 3555 1134 3623 γέγονε
1179 3557 1370 3628 βόθρος
1414 3560 1510 3614 καὶ
1558 3561 1710 3630 πάγη
1754 3564 1868 3626 τοῖς

289 3641 664 3713 σταυρώσασιν
716 3647 746 3698 ὁ
801 3646 1229 3716 ἀπεσταλμένος.
1257 3649 1587 3719 Νενόμισται
1623 3652 1681 3704 δὲ
1724 3652 1867 3722 τάχα

288 3749 392 3785 που
422 3733 515 3785 καὶ
537 3733 724 3803 ὀρύξαι
756 3734 846 3788 τὸν
883 3734 1072 3807 βόθρον
1103 3741 1130 3791 ὁ
1158 3738 1481 3809 πεπομφώς.
1519 3759 1538 3792 ι
1576 3741 1783 3811 Ὀρύξω
1803 3741 1874 3814 δὴ

287 3818 381 3875 οὖν
430 3823 522 3876 τὸν
572 3822 781 3894 βόθρον,
832 3828 987 3897 φησὶ,
1032 3829 1125 3882 καὶ
1169 3829 1476 3901 ψηλαφήσω
1535 3833 1716 3885 πᾶσαν
1768 3833 1868 3905 τὴν

285 3911 498 3968 ἀδικίαν
527 3913 624 3984 τῆς
652 3915 754 3985 γῆς
780 3915 995 3987 ἐκείνης
1031 3919 1089 3971 ὲν
1116 3919 1302 3991 ἡμέρᾳ
1336 3922 1454 3991 μιᾷ.
1480 3941 1498 3973 ι
1532 3921 1606 3975 Τὸ
1634 3923 1710 3990 δέ,
1742 3924 1864 3996 Ψη-

286 4003 534 4075 λαφήσω,
565 4005 729 4074 φησὶν
753 4006 873 4059 ἀντὶ
906 4007 1023 4072 τοῦ,
1049 4011 1280 4082 Ζητήσω
1304 4011 1399 4065 καὶ
1430 4015 1865 4086 περιεργάσομαι

286 4095 518 4158 λεπτῶς.
539 4096 891 4152 Ἀπεκτόνασι
923 4100 1022 4171 μὲν
1050 4101 1169 4172 γὰρ,
1183 4103 1307 4166 τοὺς
1363 4103 1551 4172 ἁγίους
1583 4107 1867 4177 προφήτας

287 4187 380 4240 καὶ
423 4187 550 4251 τοὺς
595 4191 739 4242 κατά
770 4192 996 4264 καιροὺς
1030 4193 1474 4264 ἀπεσταλμένους
1499 4197 1734 4262 οἰκέτας.
1756 4198 1864 4263 Οὓς

289 4275 388 4345 μὲν
428 4275 536 4344 γὰρ
581 4276 830 4347 ὕϐρισαν,
865 4279 958 4343 οὒς
990 4281 1047 4334 δὲ
1093 4281 1494 4354 ἐλιθοϐόλησαν,
1529 4285 1622 4350 οὓς
1659 4287 1715 4341 δὲ
1759 4291 1864 4342 ἀπ-

287 4366 710 4452 έκτειναν.“Αλλ⁹
742 4365 810 4440 ῆν
856 4370 1172 4437 ἁνεξίκακος
1216 4372 1302 4427 ἔτι
1343 4374 1493 4439 Θεός·
1519 4379 1726 4433 οἰκέται
1753 4381 1862 4452 γὰρ

285 4449 425 4526 ἦσαν
459 4457 553 4508 καὶ
584 4457 862 4526 ὁμόδουλοι
913 4461 1026 4522 τοῖς
1056 4462 1414 4516 ἀπεκτονόσιν
1437 4467 1484 4518 οἱ
1512 4449 1860 4534 πεπονθότες.

298 4545 453 4599 Ἐπεὶ
478 4547 534 4600 δὲ
560 4548 835 4618 ἀχαλίνοις
866 4551 1065 4620 ὁρμαῖς
1098 4554 1178 4615 εἰς
1204 4552 1362 4608 τοῦτο
1409 4555 1732 4628 διᾴττοντες,
1768 4561 1864 4614 καὶ

285 4636 421 4690 πολὺ
450 4637 732 4708 βλέποντες
755 4642 833 4703 είς
853 4641 1193 4713 ἀνοσιότητα,
1216 4645 1310 4698 καὶ
1325 4647 1405 4709 εἰς
1432 4647 1594 4711 αὐτὸν
1615 4649 1863 4714 ἐκτόπως

1966 840 2014 884 et
2047 829 2376 886 contrectabo
2405 846 2606 884 omnem
2634 831 2963 901 iniquitatem
2990 837 3144 880 terra:
3194 825 3337 879 illius
3364 825 3418 877 in
3451 823 3536 875 die

1966 939 2095 977 una.

2035 1011 2177 1068 X-Xl.
2220 1013 2466 1068 Ostendit
2517 1013 2797 1068 Dominum
2849 1019 3090 1066 nostrum
3141 1007 3323 1063 Iesum
3373 1005 3534 1060 Chri-

1967 1113 2108 1158 stum
2133 1119 2258 1159 vere
2295 1114 2350 1158 et
2393 1103 2572 1158 lumen
2627 1114 2684 1157 et
2736 1088 3002 1156 orientem
3035 1113 3175 1161 esse,
3226 1104 3282 1150 et
3324 1109 3448 1149 eum
3481 1094 3534 1148 in

1969 1193 2206 1249 tenebris
2244 1203 2408 1263 atque
2465 1194 2654 1247 umbra
2685 1191 3048 1256 versantibus,
3078 1186 3246 1261 679
3285 1186 3384 1242 hoc
3431 1195 3536 1250 est,

1967 1288 2208 1342 seductis
2241 1297 2294 1341 et
2340 1287 2664 1345 errantibus.
2700 1286 2870 1339 instar
2898 1283 3126 1338 orientis
3174 1279 3450 1336 refulsisse
3466 1278 3534 1332 ”.

1969 1375 2073 1430 Sed
2103 1378 2384 1446 oportebat
2428 1376 2589 1430 etiam
2629 1374 2948 1430 weonomiae
2979 1385 3199 1440 scopum
3243 1383 3306 1424 ac
3338 1379 3534 1423 metam

1969 1468 2115 1537 prius
2140 1467 2440 1530 declarare,
2473 1469 2573 1521 hoc
2636 1476 2721 1522 est
2752 1473 3003 1532 mortem,
3035 1478 3197 1534 quam
3239 1473 3336 1532 pro
3383 1461 3538 1515 nobis

1968 1555 2219 1611 omnibus
2265 1556 2435 1610 libens
2478 1557 2752 1621 sustinuit,
2784 1568 3012 1624 corpore
3062 1568 3160 1607 suo
3204 1553 3270 1606 ad
3319 1565 3535 1606 crucem

1969 1647 2187 1710 tradito,
2226 1648 2276 1700 in
2313 1661 2418 1715 quo
2449 1657 2505 1701 ct
2531 1646 2755 1702 Judaica
2787 1660 2920 1718 gens
2949 1644 3209 1715 peccavit,
3238 1651 3292 1696 et
3328 1642 3395 1696 ah
3422 1641 3539 1709 ejus

1966 1736 2200 1791 amicitia
2234 1737 2455 1807 depulsa
2491 1747 2591 1791 est.
2627 1737 2892 1804 Quoniam
2935 1737 3078 1790 enim
3115 1749 3220 1790 non
3255 1732 3536 1788 intellexe-

1969 1839 2091 1884 runt
2140 1830 2352 1894 miseri,
2402 1845 2495 1900 spe
2532 1845 2626 1884 sua
2681 1830 2875 1884 merito
2915 1839 3042 1883 sunt
3078 1827 3280 1892 orbati,
3311 1836 3366 1880 et
3413 1826 3541 1879 mali

1967 1920 2106 1974 male
2136 1921 2432 1990 perierunt,
2491 1921 2779 1976 atrocibus.
2809 1929 2864 1973 et
2919 1916 3354 1974 ineluetabilihus
3390 1917 3545 1970 συιδ-ι

1970 2011 2245 2066 mitatihus
2270 2011 2620 2066 circumventi
2644 2012 2715 2065 “2
2765 2011 2918 2065 Cum'
2951 2009 3103 2066 fovea
3155 2008 3319 2078 igitur
3357 2007 3557 2062 Salva--

1970 2101 2100 2156 turis
2135 2118 2350 2157 crucem
2381 2111 2678 2172 comparat.
2711 2100 2841 2155 Nam
2875 2100 3029 2170 quasi
3069 2100 3122 2154 in
3155 2098 3362 2154 foveam
3398 2099 3517 2151 deri

1969 2191 2182 2257 derunt,
2242 2193 2333 2262 qui
2379 2193 2723 2248 Dominicum
2787 2191 3026 2246 eﬂ‘udere
3085 2190 3420 2259 sanguinem,
3485 2199 3542 2242 et

1969 2293 2242 2337 auctorem
2293 2284 2415 2338 vitae
2442 2286 2590 2338 cruci
2638 2283 2923 2336 amxerunt
2946 2281 3014 2336 ".
3045 2278 3196 2346 Quod
3251 2279 3295 2332 si
3327 2288 3380 2332 et
3427 2278 3542 2347 ipse

1969 2373 2143 2430 Pater.
2166 2375 2366 2430 fodisse
2391 2376 2600 2430 foveam
2632 2373 2849 2438 dicitur,
2885 2388 3045 2427 nemo
3073 2370 3375 2426 offendatur
3405 2386 3418 2422 :
3447 2369 3540 2422 sed

1971 2465 2333 2535 illnd‘cogitet
2379 2467 2580 2534 potius,
2619 2479 2779 2536 quam
2810 2464 3000 2534 plenus
3032 2462 3324 2517 sit'sermo
3349 2461 3543 2516 divinae

1969 2557 2318 2626 providentiae
2375 2571 2439 2610 ac
2509 2555 2953 2626 dispensationis.
3011 2551 3198 2606 Simile
3247 2551 3392 2604 enim
3441 2550 3541 2604 hoc

1968 2656 2050 2702 est
2089 2647 2164 2701 illi
2219 2648 2361 2717 quod
2396 2661 2495 2716 per
2526 2647 2800 2702 Christum
2841 2645 3114 2715 sapienter
3166 2658 3232 2696 ac
3280 2655 3406 2696 vere
3461 2639 3541 2694 tli-

1967 2749 2114 2794 ctum
2146 2747 2230 2794 est
2259 2761 2272 2794 :
2301 2756 2320 2790 ι
2352 2736 2408 2792 l‘n
2427 2739 2687 2808 judicium
2721 2752 2822 2809 ego
2852 2738 2907 2792 in
2944 2737 3086 2790 hunc
3113 2735 3370 2788 mundum
3395 2731 3540 2793 veni,

1969 2832 2129 2901 utqui
2155 2846 2260 2886 non
2284 2831 2492 2897 vident,
2519 2829 2755 2896 videant,
2782 2829 3100 2884 et-videntes
3124 2827 3250 2881 casei
3284 2824 3489 2878 ﬁant".
3514 2842 3543 2874 »ι

1968 2922 2288 2992 Quanquam
2351 2935 2477 2978 vere
2520 2923 2624 2977 dici
2684 2929 2884 2991 potest,
2939 2921 3116 2989 ipsum
3169 2932 3276 2972 non
3323 2925 3544 2986 propter

1970 3015 2111 3070 hanc
2131 3027 2349 3068 causam
2377 3012 2659 3069 advenisse
2708 3020 2767 3067 ut
2796 3011 3016 3083 quidam
3039 3011 3169 3068 caeci
3202 3009 3418 3072 ﬁerent,
3447 3007 3549 3060 sed

1971 3119 2077 3159 non
2105 3104 2518 3175 intelligentiam
2547 3104 2790 3174 nequitia
2823 3111 3027 3158 tantum
3060 3115 3165 3157 non
3206 3100 3368 3154 etiam
3398 3113 3546 3154 (Pco-

1969 3196 2164 3250 nomite
2222 3193 2438 3248 modum
2494 3193 2777 3248 criminata
2838 3201 2941 3247 est.
2997 3190 3113 3246 Non
3165 3189 3309 3246 enim
3357 3188 3542 3241 videre

1969 3283 2274 3350 voluerunt,
2333 3270 2546 3338 tametsi
2590 3282 2786 3337 divina:
2833 3282 2970 3338 lucis
3018 3281 3170 3352 copia
3219 3278 3323 3334 illis
3363 3280 3539 3336 lieret.

1969 3373 2110 3428 Idem
2137 3381 2191 3427 et
2215 3373 2303 3428 hic
2331 3371 2597 3443 intellige.
2632 3372 2776 3428 Misit
2807 3371 2950 3426 enim
2974 3370 3170 3426 Filium
3199 3369 3385 3433 Pater,
3422 3386 3440 3418 ι
3471 3367 3545 3422 Ut

1972 3463 2204 3530 mundus
2239 3462 2543 3518 salvaretur
2583 3477 2680 3531 per
2731 3463 2905 3531 ipsum
2927 3461 2994 3516 ".
3025 3481 3045 3514 ι
3083 3460 3314 3530 Propter
3354 3473 3541 3513 vecor-

1971 3550 2116 3605 diam
2143 3559 2324 3605 autem
2362 3565 2469 3606 non
2497 3551 2909 3620 intelligentiam
2969 3549 3060 3620 qui
3092 3548 3291 3605 missus
3317 3559 3425 3614 est,
3458 3547 3540 3602 τυ-

1971 3655 2068 3696 vea
2115 3651 2170 3696 et
2215 3641 2440 3711 laqueus
2473 3642 2888 3697 cruciﬁxoribus
2933 3642 3048 3697 suis
3091 3640 3268 3696 factus
3310 3647 3414 3696 est.
3463 3640 3543 3694 Ac

1970 3734 2202 3788 fortasse
2229 3733 2392 3788 etiam
2430 3732 2641 3788 foveam
2674 3731 2872 3787 fodisse
2898 3730 3286 3787 existimandus
3315 3739 3399 3786 est
3429 3732 3548 3800 ipse

1969 3824 2060 3895 qui
2093 3824 2262 3879 misit.
2305 3824 2394 3878 Ait
2430 3824 2595 3894 igitur
2627 3842 2642 3878 :
2675 3841 2695 3875 ι
2723 3823 2948 3878 Fodiam
2981 3823 3213 3892 foveam,
3248 3832 3301 3879 et
3330 3832 3546 3879 contre-

1969 3917 2129 3972 ctaho
2165 3929 2380 3970 omnem
2416 3914 2756 3985 iniquitatem
2791 3921 2950 3969 terrae
2978 3914 3123 3971 illius
3150 3915 3204 3970 in
3242 3914 3330 3970 die
3358 3928 3485 3969 una.
3516 3934 3542 3967 ι

1967 4005 2354 4068 Contrectabo,
2380 4005 2576 4074 inquit,
2597 4019 2718 4075 pro,
2739 4020 3004 4075 quaeram,
3029 4013 3082 4060 et
3104 4005 3433 4061 adamussim
3462 4005 3546 4058 in-

1967 4098 2198 4168 dagabo.
2254 4097 2555 4167 Prophetas
2600 4097 2748 4152 enim
2812 4105 3030 4153 sanctos
3085 4106 3139 4151 et
3185 4097 3381 4151 missos
3428 4097 3542 4150 suis

1966 4205 2210 4262 quosque
2239 4191 2574 4260 temporibus
2606 4204 2794 4247 servos
2822 4189 3162 4245 occiderunt.
3197 4186 3347 4242 Alios
3394 4187 3538 4243 enim

1964 4281 2293 4339 contumelia
2339 4279 2658 4348 aﬂ'ecerunt,
2701 4279 2836 4336 alios
2863 4279 3190 4350 lapidarunt,
3224 4277 3362 4333 alios
3384 4275 3542 4346 jugu-

1965 4373 2149 4428 larunt
2171 4372 2240 4426 ”.
2259 4371 2456 4427 Verum
2486 4371 2824 4426 tolerantiam
2851 4369 3026 4425 adhuc
3049 4369 3340 4424 adhibebat
3362 4366 3536 4422 Deus:

1966 4464 2110 4520 servi
2150 4463 2295 4518 enim
2344 4471 2503 4517 erant
2559 4469 2615 4516 et
2660 4459 2909 4518 eonservi
2965 4460 3403 4516 interﬁcientium
3445 4460 3538 4528 qui

1965 4557 2081 4612 haec
2120 4554 2487 4624 patiebantur.
2529 4551 2794 4620 Quoniam
2829 4566 2960 4608 vero
3002 4550 3261 4608 effrenata
3310 4550 3537 4606 audacia

1965 4661 2031 4702 eo
2056 4645 2444 4716 prosiluerunt,
2472 4653 2527 4700 et
2555 4653 2758 4699 tantam
2788 4644 3121 4714 impietatem
3155 4643 3540 4699 consciVerunt

284 4728 722 4798 πεπαρῳνήκασι
751 4729 842 4782 τὸν
875 4729 1021 4797 Υἱὸν,
1052 4732 1144 4786 καὶ
1191 4735 1269 4797 εἰς
1299 4735 1390 4789 τὸν
1423 4737 1480 4790 ἐν
1519 4737 1596 4808 τῷ
1644 4740 1862 4811 σταυρῷ

285 4815 618 4838 _-.__J,\__ﬂ_,_
665 4817 850 4838 DIA--,
913 4837 919 4838 ,
942 4822 954 4835 υ
1059 4823 1070 4838 9
1128 4824 1153 4834 ο-
1343 4826 1356 4838 ι
1409 4827 1434 4838 ι.
1523 4829 1533 4838 .
1562 4827 1574 4838 α
1626 4828 1640 4838 ι
1674 4829 1684 4838 .

1969 4747 2028 4794 ut
2064 4739 2117 4792 in
2161 4737 2336 4808 ipsum
2391 4735 2586 4790 Filium
2637 4737 2897 4791 atrociter
2938 4737 3429 4800 debaccharentur,
3483 4743 3540 4791 et

285 4815 619 4870 κατώλισθον
664 4817 872 4889 βόθρον,
903 4822 1003 4874 οὐκ
1047 4823 1259 4892 ἀφῆκεν
1297 4826 1474 4880 αὐτῶν
1511 4827 1863 4900 ἁψηλὰφητον

1972 4831 2025 4885 in
2061 4828 2271 4884 foveam
2310 4828 2488 4883 crucis
2533 4828 2670 4895 lapsi
2718 4836 2864 4894 sunt,
2896 4837 3177 4897 peccatum
3224 4841 3413 4882 eorum
3453 4825 3541 4881 in-

283 4906 382 4976 τὴν
425 4909 998 4981 ἁμαρτίαν.Ἐζὴτησε
1050 4914 1158 4984 γὰρ
1216 4917 1311 4970 καὶ
1359 4922 1568 4983 ποιναῖς
1622 4920 1862 4990 ὑπέθηκε

282 4999 411 5061 τοὺς
439 4999 802 5070 ἠσεϐηκότας,
831 5003 1052 5073 ἀπάσης
1076 5005 1176 5075 τῆς
1206 5007 1478 5063 Ἰουδαίων
1505 5011 1606 5081 γῆς
1638 5011 1859 5080 καθορί-

236 5124 245 5133 -
283 5089 393 5154 ζων
419 5091 507 5144 τὸν
533 5092 750 5165 ὄλεθρον
786 5097 842 5148 ὲν
875 5095 1059 5166 ἡμέρᾳ
1084 5099 1202 5166 μιᾷ,
1225 5100 1346 5152 καθ’
1368 5101 1434 5171 ῆν
1464 5101 1670 5169 ἔφασαν
1696 5119 1860 5171 προσ-

281 5182 506 5251 άγοντες
529 5183 689 5238 αὑτὸν
717 5185 795 5256 τῷ
821 5186 1036 5257 Πιλάτῳ
1056 5204 1068 5218 ⁸
1099 5208 1116 5240 ι
1142 5191 1214 5244 Τὸ
1234 5188 1372 5261 αἷμα
1398 5193 1562 5246 αὐτοῦ
1586 5195 1670 5262 ἐφ’
1717 5195 1865 5264 ἡμᾶς

283 5275 377 5324 καὶ
404 5272 496 5326 ἐπὶ
523 5274 594 5328 τὰ
620 5276 784 5330 τέκνα
816 5278 992 5349 ἡμῶν.
1029 5301 1046 5333 ι
1083 5281 1145 5334 Εἰ
1168 5284 1276 5355 γὰρ
1305 5285 1398 5338 καὶ
1434 5285 1518 5356 μὴ,
1551 5285 1861 5357 συμϐέϐηκε

281 5367 624 5437 παραχρῆμα
647 5369 713 5421 τὰ
737 5371 798 5423 ἐκ
822 5371 970 5436 θείας
991 5374 1158 5447 ὀργῆς
1183 5416 1196 5438 ,
1223 5379 1271 5430 εἰ
1300 5375 1688 5449 μὴέζήτηνται
1707 5379 1861 5442 δίκας

282 5455 628 5527 ὑπερθέσεως
652 5476 667 5490 ο
693 5460 815 5531 δίχα
840 5463 954 5517 ἀλλ’
979 5461 1119 5538 οὖνὴ
1148 5469 1298 5539 παρὰ
1320 5467 1452 5522 Θεοῦ
1477 5469 1660 5522 δικαία
1679 5469 1858 5540 ψῆφος

281 5545 503 5614 γέγονεν
535 5547 622 5599 ἐπ’
657 5549 860 5617 αὖτῦῖς,
890 5553 1129 5627 ὄλεθρον,
1163 5558 1239 5622 ὡς
1285 5558 1440 5629 ἔφην,
1469 5559 1565 5629 τῆς
1591 5561 1859 5615 Ἰουδαίων

354 5747 399 5776 ’³
438 5746 566 5802 an.
595 5764 632 5810 ι,
668 5749 753 5804 78.

285 5819 328 5847 ’³
363 5816 554 5872 Μηιιιι.
589 5835 757 5884 xxvn,
787 5823 874 5876 25.

831 5754 876 5826 Ϊδ
908 5754 1094 5812 Matth.
1131 5775 1240 5824 XXI,
1279 5760 1366 5814 ΕΙ.
1445 5764 1487 5795 ’⁵
1522 5764 1637 5817 Aet.
1671 5777 1754 5826 ιιι,
1798 5761 1879 5817 l5.

1971 4929 2366 4978 contrectatum
2400 4935 2506 4973 non
2535 4918 2852 4988 praeterivit.
2885 4917 3144 4984 Quaesivit
3168 4917 3312 4972 enim
3336 4925 3393 4974 et
3417 4930 3538 4987 pte-

1969 5014 2054 5068 nis
2091 5011 2322 5080 subjecit
2349 5010 2564 5081 impios,
2598 5011 2693 5067 toti
2727 5009 3034 5067 Iudaeorum
3073 5010 3281 5081 regioni
3328 5019 3534 5080 pestem

1967 5113 2022 5161 et
2048 5104 2268 5160 exitium
2299 5103 2596 5160 decernens
2624 5103 2712 5158 die
2740 5117 2843 5158 una
2875 5117 2982 5172 qua
3010 5101 3338 5164 clamabant,
3365 5099 3537 5153 Pilato

1973 5212 2096 5250 eum
2126 5195 2412 5250 oll'erentes
2443 5212 2454 5248 ε
2488 5213 2506 5244 ι
2538 5194 2769 5264 Sanguis
2806 5194 2923 5262 ejus
2953 5207 3117 5261 super
3161 5205 3258 5245 nos
3285 5199 3340 5243 et
3373 5202 3537 5255 super

1972 5286 2111 5341 ﬁlios
2149 5296 2360 5340 nostros
2379 5285 2443 5339 θ’.
2478 5302 2497 5336 ι
2535 5284 2643 5338 Etsi
2674 5284 2817 5337 enim
2855 5297 2958 5337 non
3007 5281 3186 5336 statim
3221 5281 3354 5333 iram
3396 5276 3535 5330 divi-

1969 5392 2091 5430 nam
2149 5376 2467 5446 supplicium
2515 5384 2597 5430 est
2647 5384 3035 5436 consecutum,
3092 5371 3193 5425 etsi
3249 5382 3354 5422 non
3398 5367 3534 5420 citra

1968 5468 2506 5538 procrastinationem
2539 5480 2712 5536 paena:
2737 5473 2864 5520 sunt
2894 5462 3164 5531 expetitae,
3191 5471 3368 5513 tamen
3388 5457 3534 5527 justa

1969 5559 2060 5616 Dei
2096 5558 2265 5631 680
2294 5558 2559 5614 sententia
2594 5558 2644 5612 in
2691 5571 2786 5613 eos
2835 5555 2939 5608 lata
2991 5560 3097 5616 est,
3143 5565 3239 5622 per
3271 5548 3534 5613 Judaeum,

1957 5763 2002 5795 ⁹⁶
2031 5761 2182 5818 Joan.
2212 5778 2286 5827 ιχ,
2321 5763 2409 5817 59.
2481 5759 2524 5792 ’⁷
2554 5757 2708 5812 Joan.
2741 5769 2824 5818 tn,
2862 5753 2943 5808 I7.
3003 5755 3048 5787 ”
3073 5753 3263 5811 Matth.
3298 5768 3409 5818 xxi,
3441 5752 3529 5808 55.
