  <div class='ocr_page' id='page_1' title='image "/cluster/home/n/w/nwhite01/storage/ocr_20150623/72/hvd.32044019207893/035.png"; bbox 0 0 4120 6678; ppageno 0'>
   <div class='ocr_carea' id='block_1_1' title="bbox 553 393 3808 458">
    <p class='ocr_par' dir='ltr' id='par_1_1' title="bbox 553 393 3808 458">
     <span class='ocr_line' id='line_1_1' title="bbox 553 393 3808 458; baseline 0.002 -9"><span class='ocrx_word' id='word_1_1' title='bbox 553 393 621 452; x_wconf 80' lang='lat'><strong><em>55</em></strong></span> <span class='ocrx_word' id='word_1_2' title='bbox 1573 398 1628 452; x_wconf 91' lang='lat' dir='ltr'><strong>S.</strong></span> <span class='ocrx_word' id='word_1_3' title='bbox 1669 398 1946 454; x_wconf 74' lang='lat' dir='ltr'><strong>CYRILIJ</strong></span> <span class='ocrx_word' id='word_1_4' title='bbox 1988 400 2457 457; x_wconf 72' lang='lat' dir='ltr'><strong>ALEXANDRINI</strong></span> <span class='ocrx_word' id='word_1_5' title='bbox 2499 401 2820 458; x_wconf 72' lang='lat' dir='ltr'><strong>ARCIHEP.</strong></span> <span class='ocrx_word' id='word_1_6' title='bbox 3725 393 3808 454; x_wconf 75' lang='grc'><strong>56</strong></span> 
     </span>
    </p>
   </div>
   <div class='ocr_carea' id='block_1_2' title="bbox 551 508 2122 587">
    <p class='ocr_par' dir='ltr' id='par_1_2' title="bbox 551 508 2122 582">
     <span class='ocr_line' id='line_1_2' title="bbox 551 508 2122 582; baseline 0.006 -23"><span class='ocrx_word' id='word_1_7' title='bbox 551 517 608 560; x_wconf 82' lang='grc' dir='ltr'><strong>ιιι</strong></span> <span class='ocrx_word' id='word_1_8' title='bbox 639 508 959 573; x_wconf 85' lang='lat' dir='ltr'><strong>memoravi,</strong></span> <span class='ocrx_word' id='word_1_9' title='bbox 991 508 1179 566; x_wconf 77' lang='lat' dir='ltr'><strong>diﬂ‘usa</strong></span> <span class='ocrx_word' id='word_1_10' title='bbox 1208 509 1494 580; x_wconf 78' lang='lat' dir='ltr'><strong>pernicies.</strong></span> <span class='ocrx_word' id='word_1_11' title='bbox 1525 510 1710 582; x_wconf 89' lang='lat' dir='ltr'><strong>Itaque</strong></span> <span class='ocrx_word' id='word_1_12' title='bbox 1751 513 2018 570; x_wconf 87' lang='lat' dir='ltr'><strong>abductus</strong></span> <span class='ocrx_word' id='word_1_13' title='bbox 2038 523 2122 569; x_wconf 86' lang='lat' dir='ltr'><strong>est</strong></span> 
     </span>
    </p>
   </div>
   <div class='ocr_carea' id='block_1_3' title="bbox 2225 508 3807 587">
    <p class='ocr_par' dir='ltr' id='par_1_3' title="bbox 2227 510 3807 587">
     <span class='ocr_line' id='line_1_3' title="bbox 2227 510 3807 587; baseline -0.004 -18"><span class='ocrx_word' id='word_1_14' title='bbox 2227 517 2567 587; x_wconf 77' lang='grc' dir='ltr'><strong>καταχέουσα</strong></span> <span class='ocrx_word' id='word_1_15' title='bbox 2597 516 2843 586; x_wconf 73' lang='grc' dir='ltr'>γῆς.Καὶ</span> <span class='ocrx_word' id='word_1_16' title='bbox 2865 515 2993 584; x_wconf 81' lang='grc' dir='ltr'>γοῦν</span> <span class='ocrx_word' id='word_1_17' title='bbox 3015 513 3378 584; x_wconf 74' lang='grc' dir='ltr'>ἀπεκομίζετο</span> <span class='ocrx_word' id='word_1_18' title='bbox 3406 510 3503 582; x_wconf 80' lang='grc' dir='ltr'><strong>μὲν</strong></span> <span class='ocrx_word' id='word_1_19' title='bbox 3523 511 3550 562; x_wconf 85' lang='grc' dir='ltr'>ὁ</span> <span class='ocrx_word' id='word_1_20' title='bbox 3567 511 3807 581; x_wconf 74' lang='grc' dir='ltr'>Χριστὸς</span> 
     </span>
    </p>
   </div>
   <div class='ocr_carea' id='block_1_4' title="bbox 551 597 2124 673">
    <p class='ocr_par' dir='ltr' id='par_1_4' title="bbox 551 597 2124 673">
     <span class='ocr_line' id='line_1_4' title="bbox 551 597 2124 673; baseline 0.008 -25"><span class='ocrx_word' id='word_1_21' title='bbox 551 597 767 665; x_wconf 84' lang='lat' dir='ltr'><strong>quidem</strong></span> <span class='ocrx_word' id='word_1_22' title='bbox 811 598 1060 654; x_wconf 77' lang='lat' dir='ltr'><strong>Christus</strong></span> <span class='ocrx_word' id='word_1_23' title='bbox 1106 600 1174 655; x_wconf 87' lang='lat' dir='ltr'><strong>ad</strong></span> <span class='ocrx_word' id='word_1_24' title='bbox 1216 616 1455 668; x_wconf 89' lang='lat' dir='ltr'><strong>crucem,</strong></span> <span class='ocrx_word' id='word_1_25' title='bbox 1511 603 1861 673; x_wconf 75' lang='lat' dir='ltr'><strong>sequentibus</strong></span> <span class='ocrx_word' id='word_1_26' title='bbox 1907 605 2124 660; x_wconf 80' lang='lat' dir='ltr'><strong>feminis</strong></span> 
     </span>
    </p>
   </div>
   <div class='ocr_carea' id='block_1_5' title="bbox 553 691 2123 769">
    <p class='ocr_par' dir='ltr' id='par_1_5' title="bbox 553 691 2123 769">
     <span class='ocr_line' id='line_1_5' title="bbox 553 691 2123 769; baseline 0.006 -25"><span class='ocrx_word' id='word_1_27' title='bbox 553 691 975 749; x_wconf 82' lang='lat' dir='ltr'><strong>lamentantibus</strong></span> <span class='ocrx_word' id='word_1_28' title='bbox 1021 702 1076 750; x_wconf 88' lang='lat' dir='ltr'><strong>et</strong></span> <span class='ocrx_word' id='word_1_29' title='bbox 1125 695 1486 764; x_wconf 87' lang='lat' dir='ltr'><strong>plorantibus,</strong></span> <span class='ocrx_word' id='word_1_30' title='bbox 1539 699 1602 752; x_wconf 88' lang='lat' dir='ltr'><strong>ad</strong></span> <span class='ocrx_word' id='word_1_31' title='bbox 1652 714 1787 769; x_wconf 89' lang='lat' dir='ltr'><strong>quas</strong></span> <span class='ocrx_word' id='word_1_32' title='bbox 1829 714 2123 756; x_wconf 86' lang='lat' dir='ltr'><strong>conversus</strong></span> 
     </span>
    </p>
   </div>
   <div class='ocr_carea' id='block_1_6' title="bbox 551 779 2123 860">
    <p class='ocr_par' dir='ltr' id='par_1_6' title="bbox 551 779 2123 860">
     <span class='ocr_line' id='line_1_6' title="bbox 551 779 2123 860; baseline 0.007 -26"><span class='ocrx_word' id='word_1_33' title='bbox 551 782 667 835; x_wconf 86' lang='lat' dir='ltr'><strong>ait:</strong></span> <span class='ocrx_word' id='word_1_34' title='bbox 701 799 720 834; x_wconf 78' lang='grc' dir='ltr'><strong>ι</strong></span> <span class='ocrx_word' id='word_1_35' title='bbox 751 779 899 839; x_wconf 67' lang='lat' dir='ltr'><strong>Filia:</strong></span> <span class='ocrx_word' id='word_1_36' title='bbox 940 783 1260 852; x_wconf 78' lang='lat' dir='ltr'><strong>Jerusalem,</strong></span> <span class='ocrx_word' id='word_1_37' title='bbox 1304 788 1468 844; x_wconf 90' lang='lat' dir='ltr'><strong>nolite</strong></span> <span class='ocrx_word' id='word_1_38' title='bbox 1500 789 1629 845; x_wconf 84' lang='lat' dir='ltr'><strong>ﬂere</strong></span> <span class='ocrx_word' id='word_1_39' title='bbox 1669 806 1838 860; x_wconf 85' lang='lat' dir='ltr'><strong>super</strong></span> <span class='ocrx_word' id='word_1_40' title='bbox 1883 806 1990 858; x_wconf 90' lang='lat' dir='ltr'><strong>me,</strong></span> <span class='ocrx_word' id='word_1_41' title='bbox 2031 791 2123 847; x_wconf 86' lang='lat' dir='ltr'><strong>sed</strong></span> 
     </span>
    </p>
   </div>
   <div class='ocr_carea' id='block_1_7' title="bbox 513 875 2116 949">
    <p class='ocr_par' dir='ltr' id='par_1_7' title="bbox 513 875 2116 949">
     <span class='ocr_line' id='line_1_7' title="bbox 513 875 2116 949; baseline 0.006 -26"><span class='ocrx_word' id='word_1_42' title='bbox 513 885 713 949; x_wconf 21' lang='lat' dir='ltr'><strong>{super</strong></span> <span class='ocrx_word' id='word_1_43' title='bbox 761 888 858 928; x_wconf 87' lang='lat' dir='ltr'><strong>vos</strong></span> <span class='ocrx_word' id='word_1_44' title='bbox 913 876 1053 942; x_wconf 89' lang='lat' dir='ltr'><strong>ipsas</strong></span> <span class='ocrx_word' id='word_1_45' title='bbox 1101 875 1244 942; x_wconf 81' lang='lat' dir='ltr'><strong>ﬂete,</strong></span> <span class='ocrx_word' id='word_1_46' title='bbox 1275 889 1330 934; x_wconf 89' lang='lat' dir='ltr'><strong>et</strong></span> <span class='ocrx_word' id='word_1_47' title='bbox 1371 894 1536 949; x_wconf 85' lang='lat' dir='ltr'><strong>super</strong></span> <span class='ocrx_word' id='word_1_48' title='bbox 1603 880 1740 934; x_wconf 87' lang='lat' dir='ltr'><strong>lilios</strong></span> <span class='ocrx_word' id='word_1_49' title='bbox 1790 882 2058 936; x_wconf 78' lang='lat' dir='ltr'><strong>vestros‘.</strong></span> <span class='ocrx_word' id='word_1_50' title='bbox 2098 900 2116 932; x_wconf 78' lang='grc' dir='ltr'><strong><em>ι</em></strong></span> 
     </span>
    </p>
   </div>
   <div class='ocr_carea' id='block_1_8' title="bbox 499 960 2126 1038">
    <p class='ocr_par' dir='ltr' id='par_1_8' title="bbox 499 960 2126 1038">
     <span class='ocr_line' id='line_1_8' title="bbox 499 960 2126 1038; baseline 0.009 -26"><span class='ocrx_word' id='word_1_51' title='bbox 499 960 519 986; x_wconf 68' lang='grc' dir='ltr'>ι’</span> <span class='ocrx_word' id='word_1_52' title='bbox 553 960 757 1016; x_wconf 83' lang='lat' dir='ltr'><strong>Traditi</strong></span> <span class='ocrx_word' id='word_1_53' title='bbox 793 975 917 1020; x_wconf 89' lang='lat' dir='ltr'><strong>sunt</strong></span> <span class='ocrx_word' id='word_1_54' title='bbox 947 967 1092 1022; x_wconf 92' lang='lat' dir='ltr'><strong>enim</strong></span> <span class='ocrx_word' id='word_1_55' title='bbox 1141 969 1198 1025; x_wconf 92' lang='lat' dir='ltr'><strong>in</strong></span> <span class='ocrx_word' id='word_1_56' title='bbox 1239 971 1465 1027; x_wconf 80' lang='lat' dir='ltr'><strong>exitium</strong></span> <span class='ocrx_word' id='word_1_57' title='bbox 1501 981 1557 1026; x_wconf 91' lang='lat' dir='ltr'><strong>et</strong></span> <span class='ocrx_word' id='word_1_58' title='bbox 1588 972 1810 1038; x_wconf 65' lang='lat' dir='ltr'><strong>caedem,</strong></span> <span class='ocrx_word' id='word_1_59' title='bbox 1852 981 1908 1028; x_wconf 88' lang='lat' dir='ltr'><strong>et</strong></span> <span class='ocrx_word' id='word_1_60' title='bbox 1947 975 2126 1028; x_wconf 84' lang='lat' dir='ltr'><strong>evenit</strong></span> 
     </span>
    </p>
   </div>
   <div class='ocr_carea' id='block_1_9' title="bbox 553 1052 2122 1130">
    <p class='ocr_par' dir='ltr' id='par_1_9' title="bbox 553 1052 2122 1130">
     <span class='ocr_line' id='line_1_9' title="bbox 553 1052 2122 1130; baseline 0.008 -24"><span class='ocrx_word' id='word_1_61' title='bbox 553 1052 658 1107; x_wconf 88' lang='lat' dir='ltr'><strong>illis</strong></span> <span class='ocrx_word' id='word_1_62' title='bbox 689 1057 830 1123; x_wconf 91' lang='lat' dir='ltr'><strong>quod</strong></span> <span class='ocrx_word' id='word_1_63' title='bbox 870 1066 954 1112; x_wconf 92' lang='lat' dir='ltr'><strong>est</strong></span> <span class='ocrx_word' id='word_1_64' title='bbox 978 1059 1117 1128; x_wconf 90' lang='lat' dir='ltr'><strong>apud</strong></span> <span class='ocrx_word' id='word_1_65' title='bbox 1151 1059 1343 1116; x_wconf 84' lang='lat' dir='ltr'><strong>lsaiam</strong></span> <span class='ocrx_word' id='word_1_66' title='bbox 1377 1080 1392 1118; x_wconf 90' lang='lat'><strong>:</strong></span> <span class='ocrx_word' id='word_1_67' title='bbox 1431 1081 1449 1114; x_wconf 71' lang='grc' dir='ltr'><strong>ι</strong></span> <span class='ocrx_word' id='word_1_68' title='bbox 1483 1062 1651 1119; x_wconf 84' lang='lat' dir='ltr'><strong>Terra</strong></span> <span class='ocrx_word' id='word_1_69' title='bbox 1684 1074 1862 1119; x_wconf 89' lang='lat' dir='ltr'><strong>vestra</strong></span> <span class='ocrx_word' id='word_1_70' title='bbox 1885 1067 2122 1130; x_wconf 88' lang='lat' dir='ltr'><strong>deserta,</strong></span> 
     </span>
    </p>
   </div>
   <div class='ocr_carea' id='block_1_10' title="bbox 553 1145 2125 1228">
    <p class='ocr_par' dir='ltr' id='par_1_10' title="bbox 553 1145 2125 1228">
     <span class='ocr_line' id='line_1_10' title="bbox 553 1145 2125 1228; baseline 0.01 -30"><span class='ocrx_word' id='word_1_71' title='bbox 553 1145 800 1204; x_wconf 81' lang='lat' dir='ltr'><strong>civitates</strong></span> <span class='ocrx_word' id='word_1_72' title='bbox 843 1159 1036 1206; x_wconf 68' lang='lat' dir='ltr'><strong>vestrae</strong></span> <span class='ocrx_word' id='word_1_73' title='bbox 1068 1167 1345 1210; x_wconf 66' lang='lat' dir='ltr'><strong>succensae</strong></span> <span class='ocrx_word' id='word_1_74' title='bbox 1390 1155 1525 1224; x_wconf 92' lang='lat' dir='ltr'><strong>igni,</strong></span> <span class='ocrx_word' id='word_1_75' title='bbox 1572 1157 1847 1228; x_wconf 83' lang='lat' dir='ltr'><strong>regionem</strong></span> <span class='ocrx_word' id='word_1_76' title='bbox 1891 1167 2125 1214; x_wconf 82' lang='lat' dir='ltr'><strong>vestram</strong></span> 
     </span>
    </p>
   </div>
   <div class='ocr_carea' id='block_1_11' title="bbox 552 1241 2124 1319">
    <p class='ocr_par' dir='ltr' id='par_1_11' title="bbox 552 1241 2124 1319">
     <span class='ocr_line' id='line_1_11' title="bbox 552 1241 2124 1319; baseline 0.011 -30"><span class='ocrx_word' id='word_1_77' title='bbox 552 1250 736 1290; x_wconf 78' lang='lat' dir='ltr'><strong>coram</strong></span> <span class='ocrx_word' id='word_1_78' title='bbox 793 1241 945 1295; x_wconf 83' lang='lat' dir='ltr'><strong>vobis</strong></span> <span class='ocrx_word' id='word_1_79' title='bbox 992 1242 1155 1298; x_wconf 89' lang='lat' dir='ltr'><strong>alieni</strong></span> <span class='ocrx_word' id='word_1_80' title='bbox 1203 1245 1466 1302; x_wconf 86' lang='lat' dir='ltr'><strong>devorant</strong></span> <span class='ocrx_word' id='word_1_81' title='bbox 1515 1249 1710 1319; x_wconf 88' lang='lat' dir='ltr'><strong>ipsam,</strong></span> <span class='ocrx_word' id='word_1_82' title='bbox 1773 1260 1826 1305; x_wconf 88' lang='lat' dir='ltr'><strong>et</strong></span> <span class='ocrx_word' id='word_1_83' title='bbox 1879 1250 2124 1306; x_wconf 87' lang='lat' dir='ltr'><strong>desolata</strong></span> 
     </span>
    </p>
   </div>
   <div class='ocr_carea' id='block_1_12' title="bbox 554 1330 1595 1405">
    <p class='ocr_par' dir='ltr' id='par_1_12' title="bbox 554 1330 1595 1405">
     <span class='ocr_line' id='line_1_12' title="bbox 554 1330 1595 1405; baseline 0.01 -23"><span class='ocrx_word' id='word_1_84' title='bbox 554 1337 658 1391; x_wconf 87' lang='lat' dir='ltr'><strong>est,</strong></span> <span class='ocrx_word' id='word_1_85' title='bbox 694 1330 951 1387; x_wconf 90' lang='lat' dir='ltr'><strong>subversa</strong></span> <span class='ocrx_word' id='word_1_86' title='bbox 984 1350 1010 1388; x_wconf 90' lang='lat' dir='ltr'><strong>a</strong></span> <span class='ocrx_word' id='word_1_87' title='bbox 1043 1335 1254 1405; x_wconf 88' lang='lat' dir='ltr'><strong>populis</strong></span> <span class='ocrx_word' id='word_1_88' title='bbox 1286 1339 1478 1396; x_wconf 89' lang='lat' dir='ltr'><strong>alienis</strong></span> <span class='ocrx_word' id='word_1_89' title='bbox 1499 1341 1541 1396; x_wconf 81' lang='lat'><strong>’.</strong></span> <span class='ocrx_word' id='word_1_90' title='bbox 1575 1359 1595 1392; x_wconf 88' lang='lat' dir='ltr'><strong>r</strong></span> 
     </span>
    </p>
   </div>
   <div class='ocr_carea' id='block_1_13' title="bbox 629 1417 2124 1500">
    <p class='ocr_par' dir='ltr' id='par_1_13' title="bbox 629 1417 2124 1500">
     <span class='ocr_line' id='line_1_13' title="bbox 629 1417 2124 1500; baseline 0.009 -28"><span class='ocrx_word' id='word_1_91' title='bbox 629 1417 789 1474; x_wconf 72' lang='lat' dir='ltr'><strong>Vens.</strong></span> <span class='ocrx_word' id='word_1_92' title='bbox 823 1423 906 1478; x_wconf 87' lang='grc'><strong>10.</strong></span> <span class='ocrx_word' id='word_1_93' title='bbox 949 1423 1015 1478; x_wconf 86' lang='lat' dir='ltr'><strong>In</strong></span> <span class='ocrx_word' id='word_1_94' title='bbox 1051 1427 1137 1480; x_wconf 84' lang='lat' dir='ltr'><strong>die</strong></span> <span class='ocrx_word' id='word_1_95' title='bbox 1178 1427 1294 1493; x_wconf 84' lang='lat' dir='ltr'><strong>illa,</strong></span> <span class='ocrx_word' id='word_1_96' title='bbox 1339 1430 1463 1483; x_wconf 82' lang='lat' dir='ltr'><strong>dicit</strong></span> <span class='ocrx_word' id='word_1_97' title='bbox 1497 1429 1747 1484; x_wconf 81' lang='lat' dir='ltr'><strong>Dominus</strong></span> <span class='ocrx_word' id='word_1_98' title='bbox 1777 1431 2124 1500; x_wconf 76' lang='lat' dir='ltr'><strong>omnipotens,</strong></span> 
     </span>
    </p>
   </div>
   <div class='ocr_carea' id='block_1_14' title="bbox 552 1519 2125 1588">
    <p class='ocr_par' dir='ltr' id='par_1_14' title="bbox 552 1519 2125 1588">
     <span class='ocr_line' id='line_1_14' title="bbox 552 1519 2125 1588; baseline 0.009 -27"><span class='ocrx_word' id='word_1_99' title='bbox 552 1524 828 1566; x_wconf 81' lang='lat' dir='ltr'><strong>convocate</strong></span> <span class='ocrx_word' id='word_1_100' title='bbox 854 1519 1206 1587; x_wconf 80' lang='lat' dir='ltr'><strong>unusquisque</strong></span> <span class='ocrx_word' id='word_1_101' title='bbox 1232 1520 1531 1588; x_wconf 77' lang='lat' dir='ltr'><strong>proximum</strong></span> <span class='ocrx_word' id='word_1_102' title='bbox 1561 1537 1711 1574; x_wconf 79' lang='lat' dir='ltr'><strong>suum</strong></span> <span class='ocrx_word' id='word_1_103' title='bbox 1747 1521 1926 1576; x_wconf 77' lang='lat' dir='ltr'><strong>subter</strong></span> <span class='ocrx_word' id='word_1_104' title='bbox 1951 1525 2125 1586; x_wconf 82' lang='lat' dir='ltr'><strong>vitem,</strong></span> 
     </span>
    </p>
   </div>
   <div class='ocr_carea' id='block_1_15' title="bbox 551 1604 1188 1670">
    <p class='ocr_par' dir='ltr' id='par_1_15' title="bbox 551 1604 1188 1670">
     <span class='ocr_line' id='line_1_15' title="bbox 551 1604 1188 1670; baseline 0.016 -18"><span class='ocrx_word' id='word_1_105' title='bbox 551 1613 597 1653; x_wconf 79' lang='lat' dir='ltr'><strong>et</strong></span> <span class='ocrx_word' id='word_1_106' title='bbox 629 1605 805 1655; x_wconf 77' lang='lat' dir='ltr'><strong>subter</strong></span> <span class='ocrx_word' id='word_1_107' title='bbox 831 1604 990 1670; x_wconf 72' lang='lat' dir='ltr'><strong>ficum</strong></span> <span class='ocrx_word' id='word_1_108' title='bbox 1019 1622 1188 1662; x_wconf 84' lang='lat' dir='ltr'><strong>suam.</strong></span> 
     </span>
    </p>
   </div>
   <div class='ocr_carea' id='block_1_16' title="bbox 623 1777 2127 1859">
    <p class='ocr_par' dir='ltr' id='par_1_16' title="bbox 623 1777 2127 1859">
     <span class='ocr_line' id='line_1_16' title="bbox 623 1777 2127 1859; baseline 0.008 -27"><span class='ocrx_word' id='word_1_109' title='bbox 623 1777 787 1833; x_wconf 74' lang='lat' dir='ltr'><strong>XXII.</strong></span> <span class='ocrx_word' id='word_1_110' title='bbox 832 1779 984 1837; x_wconf 78' lang='lat' dir='ltr'><strong>Malis</strong></span> <span class='ocrx_word' id='word_1_111' title='bbox 1022 1783 1270 1840; x_wconf 90' lang='lat' dir='ltr'><strong>omnibus</strong></span> <span class='ocrx_word' id='word_1_112' title='bbox 1303 1786 1572 1853; x_wconf 44' lang='lat' dir='ltr'><strong>jobrutum</strong></span> <span class='ocrx_word' id='word_1_113' title='bbox 1631 1788 1720 1853; x_wconf 87' lang='lat' dir='ltr'><strong>iri,</strong></span> <span class='ocrx_word' id='word_1_114' title='bbox 1775 1800 1998 1859; x_wconf 88' lang='lat' dir='ltr'><strong>peccato</strong></span> <span class='ocrx_word' id='word_1_115' title='bbox 2043 1805 2127 1844; x_wconf 88' lang='lat' dir='ltr'><strong>eo-</strong></span> 
     </span>
    </p>
   </div>
   <div class='ocr_carea' id='block_1_17' title="bbox 555 1852 2198 1946">
    <p class='ocr_par' dir='ltr' id='par_1_17' title="bbox 555 1852 2198 1946">
     <span class='ocr_line' id='line_1_17' title="bbox 555 1852 2198 1946; baseline 0.009 -27"><span class='ocrx_word' id='word_1_116' title='bbox 555 1883 672 1920; x_wconf 90' lang='lat' dir='ltr'><strong>rtnn</strong></span> <span class='ocrx_word' id='word_1_117' title='bbox 723 1879 1077 1938; x_wconf 85' lang='lat' dir='ltr'><strong>contrectato,</strong></span> <span class='ocrx_word' id='word_1_118' title='bbox 1131 1877 1218 1944; x_wconf 90' lang='lat' dir='ltr'><strong>qui</strong></span> <span class='ocrx_word' id='word_1_119' title='bbox 1253 1852 1406 1945; x_wconf 86' lang='lat' dir='ltr'><strong>quasi</strong></span> <span class='ocrx_word' id='word_1_120' title='bbox 1459 1878 1512 1932; x_wconf 92' lang='lat' dir='ltr'><strong>in</strong></span> <span class='ocrx_word' id='word_1_121' title='bbox 1557 1879 1765 1935; x_wconf 80' lang='lat' dir='ltr'><strong>foveam</strong></span> <span class='ocrx_word' id='word_1_122' title='bbox 1809 1881 2123 1946; x_wconf 82' lang='lat' dir='ltr'><strong>deciderint,</strong></span> <span class='ocrx_word' id='word_1_123' title='bbox 2160 1852 2198 1904; x_wconf 70' lang='grc' dir='ltr'><strong>Β</strong></span> 
     </span>
    </p>
   </div>
   <div class='ocr_carea' id='block_1_18' title="bbox 554 1963 2128 2043">
    <p class='ocr_par' dir='ltr' id='par_1_18' title="bbox 554 1963 2128 2043">
     <span class='ocr_line' id='line_1_18' title="bbox 554 1963 2128 2043; baseline 0.011 -34"><span class='ocrx_word' id='word_1_124' title='bbox 554 1970 774 2028; x_wconf 86' lang='lat' dir='ltr'><strong>propter</strong></span> <span class='ocrx_word' id='word_1_125' title='bbox 813 1963 1088 2018; x_wconf 83' lang='lat' dir='ltr'><strong>Christum</strong></span> <span class='ocrx_word' id='word_1_126' title='bbox 1136 1967 1206 2022; x_wconf 89' lang='lat' dir='ltr'><strong>ab</strong></span> <span class='ocrx_word' id='word_1_127' title='bbox 1239 1984 1297 2024; x_wconf 91' lang='lat' dir='ltr'><strong>se</strong></span> <span class='ocrx_word' id='word_1_128' title='bbox 1343 1969 1395 2024; x_wconf 92' lang='lat' dir='ltr'><strong>in</strong></span> <span class='ocrx_word' id='word_1_129' title='bbox 1444 1985 1659 2025; x_wconf 91' lang='lat' dir='ltr'><strong>crucem</strong></span> <span class='ocrx_word' id='word_1_130' title='bbox 1694 1981 1899 2037; x_wconf 89' lang='lat' dir='ltr'><strong>actum,</strong></span> <span class='ocrx_word' id='word_1_131' title='bbox 1943 1982 2128 2043; x_wconf 87' lang='lat' dir='ltr'><strong>aperte</strong></span> 
     </span>
    </p>
   </div>
   <div class='ocr_carea' id='block_1_19' title="bbox 553 2055 2126 2133">
    <p class='ocr_par' dir='ltr' id='par_1_19' title="bbox 553 2055 2126 2133">
     <span class='ocr_line' id='line_1_19' title="bbox 553 2055 2126 2133; baseline 0.008 -27"><span class='ocrx_word' id='word_1_132' title='bbox 553 2055 818 2122; x_wconf 60' lang='lat' dir='ltr'><strong>prardixit.</strong></span> <span class='ocrx_word' id='word_1_133' title='bbox 851 2055 1208 2115; x_wconf 84' lang='lat' dir='ltr'><strong>Credentihus</strong></span> <span class='ocrx_word' id='word_1_134' title='bbox 1240 2070 1419 2115; x_wconf 91' lang='lat' dir='ltr'><strong>autem</strong></span> <span class='ocrx_word' id='word_1_135' title='bbox 1455 2072 1510 2117; x_wconf 89' lang='lat' dir='ltr'><strong>et</strong></span> <span class='ocrx_word' id='word_1_136' title='bbox 1543 2062 1890 2133; x_wconf 83' lang='lat' dir='ltr'><strong>diligentibus</strong></span> <span class='ocrx_word' id='word_1_137' title='bbox 1920 2080 2040 2128; x_wconf 84' lang='lat' dir='ltr'><strong>eum</strong></span> <span class='ocrx_word' id='word_1_138' title='bbox 2075 2066 2126 2119; x_wconf 91' lang='lat' dir='ltr'><strong>id</strong></span> 
     </span>
    </p>
   </div>
   <div class='ocr_carea' id='block_1_20' title="bbox 553 2148 2126 2223">
    <p class='ocr_par' dir='ltr' id='par_1_20' title="bbox 553 2148 2126 2223">
     <span class='ocr_line' id='line_1_20' title="bbox 553 2148 2126 2223; baseline 0.008 -24"><span class='ocrx_word' id='word_1_139' title='bbox 553 2161 658 2199; x_wconf 84' lang='lat' dir='ltr'><strong>non</strong></span> <span class='ocrx_word' id='word_1_140' title='bbox 701 2148 1041 2212; x_wconf 85' lang='lat' dir='ltr'><strong>damnosum,</strong></span> <span class='ocrx_word' id='word_1_141' title='bbox 1073 2151 1180 2204; x_wconf 91' lang='lat' dir='ltr'><strong>imo</strong></span> <span class='ocrx_word' id='word_1_142' title='bbox 1232 2151 1433 2207; x_wconf 72' lang='lat' dir='ltr'><strong>laetitiae</strong></span> <span class='ocrx_word' id='word_1_143' title='bbox 1485 2154 1813 2223; x_wconf 69' lang='lat' dir='ltr'><strong>etjucundte</strong></span> <span class='ocrx_word' id='word_1_144' title='bbox 1848 2155 2126 2223; x_wconf 80' lang='lat' dir='ltr'><strong>cujusdam</strong></span> 
     </span>
    </p>
   </div>
   <div class='ocr_carea' id='block_1_21' title="bbox 553 2235 2124 2313">
    <p class='ocr_par' dir='ltr' id='par_1_21' title="bbox 553 2235 2124 2313">
     <span class='ocr_line' id='line_1_21' title="bbox 553 2235 2124 2313; baseline 0.009 -24"><span class='ocrx_word' id='word_1_145' title='bbox 553 2235 934 2292; x_wconf 82' lang='lat' dir='ltr'><strong>delectationis</strong></span> <span class='ocrx_word' id='word_1_146' title='bbox 962 2241 1243 2295; x_wconf 87' lang='lat' dir='ltr'><strong>materiam</strong></span> <span class='ocrx_word' id='word_1_147' title='bbox 1269 2242 1506 2298; x_wconf 80' lang='lat' dir='ltr'><strong>futurum</strong></span> <span class='ocrx_word' id='word_1_148' title='bbox 1543 2245 1749 2300; x_wconf 84' lang='lat' dir='ltr'><strong>utiliter</strong></span> <span class='ocrx_word' id='word_1_149' title='bbox 1772 2249 2124 2313; x_wconf 59' lang='lat' dir='ltr'><strong>praenuntiat.</strong></span> 
     </span>
    </p>
   </div>
   <div class='ocr_carea' id='block_1_22' title="bbox 551 2326 2129 2398">
    <p class='ocr_par' dir='ltr' id='par_1_22' title="bbox 551 2326 2129 2398">
     <span class='ocr_line' id='line_1_22' title="bbox 551 2326 2129 2398; baseline 0.01 -20"><span class='ocrx_word' id='word_1_150' title='bbox 551 2326 851 2381; x_wconf 85' lang='lat' dir='ltr'><strong>Attestatur</strong></span> <span class='ocrx_word' id='word_1_151' title='bbox 883 2330 994 2384; x_wconf 66' lang='lat' dir='ltr'><strong>haec</strong></span> <span class='ocrx_word' id='word_1_152' title='bbox 1037 2331 1201 2385; x_wconf 90' lang='lat' dir='ltr'><strong>etiam</strong></span> <span class='ocrx_word' id='word_1_153' title='bbox 1233 2330 1417 2398; x_wconf 88' lang='lat' dir='ltr'><strong>justus</strong></span> <span class='ocrx_word' id='word_1_154' title='bbox 1447 2335 1687 2391; x_wconf 86' lang='lat' dir='ltr'><strong>Simeon.</strong></span> <span class='ocrx_word' id='word_1_155' title='bbox 1734 2337 1834 2394; x_wconf 87' lang='lat' dir='ltr'><strong>Ubi</strong></span> <span class='ocrx_word' id='word_1_156' title='bbox 1874 2339 2018 2393; x_wconf 81' lang='lat' dir='ltr'><strong>enim</strong></span> <span class='ocrx_word' id='word_1_157' title='bbox 2046 2339 2129 2393; x_wconf 77' lang='lat' dir='ltr'><strong>di-</strong></span> 
     </span>
    </p>
   </div>
   <div class='ocr_carea' id='block_1_23' title="bbox 551 2418 2127 2498">
    <p class='ocr_par' dir='ltr' id='par_1_23' title="bbox 551 2418 2127 2498">
     <span class='ocr_line' id='line_1_23' title="bbox 551 2418 2127 2498; baseline 0.011 -30"><span class='ocrx_word' id='word_1_158' title='bbox 551 2418 732 2470; x_wconf 93' lang='lat' dir='ltr'><strong>vinum</strong></span> <span class='ocrx_word' id='word_1_159' title='bbox 788 2419 1048 2475; x_wconf 77' lang='lat' dir='ltr'><strong>infantem</strong></span> <span class='ocrx_word' id='word_1_160' title='bbox 1118 2426 1441 2493; x_wconf 78' lang='lat' dir='ltr'><strong>conspexit,</strong></span> <span class='ocrx_word' id='word_1_161' title='bbox 1501 2428 1785 2498; x_wconf 91' lang='lat' dir='ltr'><strong>ipsumque</strong></span> <span class='ocrx_word' id='word_1_162' title='bbox 1853 2431 1908 2484; x_wconf 91' lang='lat' dir='ltr'><strong>in</strong></span> <span class='ocrx_word' id='word_1_163' title='bbox 1972 2431 2127 2488; x_wconf 90' lang='lat' dir='ltr'><strong>ulnas</strong></span> 
     </span>
    </p>
   </div>
   <div class='ocr_carea' id='block_1_24' title="bbox 549 2509 2126 2588">
    <p class='ocr_par' dir='ltr' id='par_1_24' title="bbox 549 2509 2126 2588">
     <span class='ocr_line' id='line_1_24' title="bbox 549 2509 2126 2588; baseline 0.01 -28"><span class='ocrx_word' id='word_1_164' title='bbox 549 2509 779 2577; x_wconf 84' lang='lat' dir='ltr'><strong>accepit,</strong></span> <span class='ocrx_word' id='word_1_165' title='bbox 821 2511 900 2564; x_wconf 86' lang='lat' dir='ltr'><strong>sic</strong></span> <span class='ocrx_word' id='word_1_166' title='bbox 944 2516 1284 2581; x_wconf 86' lang='lat' dir='ltr'><strong>prophetavit</strong></span> <span class='ocrx_word' id='word_1_167' title='bbox 1317 2533 1332 2572; x_wconf 87' lang='lat'><strong>:</strong></span> <span class='ocrx_word' id='word_1_168' title='bbox 1371 2532 1391 2567; x_wconf 78' lang='grc' dir='ltr'><strong>ι</strong></span> <span class='ocrx_word' id='word_1_169' title='bbox 1424 2517 1561 2572; x_wconf 85' lang='lat' dir='ltr'><strong>Ecce</strong></span> <span class='ocrx_word' id='word_1_170' title='bbox 1586 2518 1792 2588; x_wconf 86' lang='lat' dir='ltr'><strong>positus</strong></span> <span class='ocrx_word' id='word_1_171' title='bbox 1823 2530 1908 2576; x_wconf 87' lang='lat' dir='ltr'><strong>est</strong></span> <span class='ocrx_word' id='word_1_172' title='bbox 1941 2521 2027 2577; x_wconf 88' lang='lat' dir='ltr'><strong>hic</strong></span> <span class='ocrx_word' id='word_1_173' title='bbox 2073 2523 2126 2576; x_wconf 90' lang='lat' dir='ltr'><strong>in</strong></span> 
     </span>
    </p>
   </div>
   <div class='ocr_carea' id='block_1_25' title="bbox 552 2601 2126 2675">
    <p class='ocr_par' dir='ltr' id='par_1_25' title="bbox 552 2601 2126 2675">
     <span class='ocr_line' id='line_1_25' title="bbox 552 2601 2126 2675; baseline 0.008 -22"><span class='ocrx_word' id='word_1_174' title='bbox 552 2601 763 2656; x_wconf 79' lang='lat' dir='ltr'><strong>ruinam</strong></span> <span class='ocrx_word' id='word_1_175' title='bbox 801 2611 854 2657; x_wconf 90' lang='lat' dir='ltr'><strong>et</strong></span> <span class='ocrx_word' id='word_1_176' title='bbox 898 2602 948 2655; x_wconf 91' lang='lat' dir='ltr'><strong>in</strong></span> <span class='ocrx_word' id='word_1_177' title='bbox 993 2607 1452 2661; x_wconf 84' lang='lat' dir='ltr'><strong>resurrectionem</strong></span> <span class='ocrx_word' id='word_1_178' title='bbox 1508 2609 1824 2675; x_wconf 90' lang='lat' dir='ltr'><strong>multorum,</strong></span> <span class='ocrx_word' id='word_1_179' title='bbox 1856 2621 1910 2665; x_wconf 90' lang='lat' dir='ltr'><strong>et</strong></span> <span class='ocrx_word' id='word_1_180' title='bbox 1941 2612 1994 2666; x_wconf 74' lang='lat' dir='ltr'><strong>in</strong></span> <span class='ocrx_word' id='word_1_181' title='bbox 2049 2613 2126 2667; x_wconf 89' lang='lat' dir='ltr'><strong>si-</strong></span> 
     </span>
    </p>
   </div>
   <div class='ocr_carea' id='block_1_26' title="bbox 550 2693 2124 2774">
    <p class='ocr_par' dir='ltr' id='par_1_26' title="bbox 550 2693 2124 2774">
     <span class='ocr_line' id='line_1_26' title="bbox 550 2693 2124 2774; baseline 0.01 -32"><span class='ocrx_word' id='word_1_182' title='bbox 550 2707 712 2760; x_wconf 78' lang='lat' dir='ltr'><strong>gnum</strong></span> <span class='ocrx_word' id='word_1_183' title='bbox 754 2693 838 2746; x_wconf 91' lang='lat' dir='ltr'><strong>cui</strong></span> <span class='ocrx_word' id='word_1_184' title='bbox 885 2695 1348 2752; x_wconf 70' lang='lat' dir='ltr'><strong>contradicetur’.</strong></span> <span class='ocrx_word' id='word_1_185' title='bbox 1386 2717 1406 2750; x_wconf 67' lang='grc' dir='ltr'><strong><em>ι</em></strong></span> <span class='ocrx_word' id='word_1_186' title='bbox 1462 2699 1790 2755; x_wconf 85' lang='lat' dir='ltr'><strong>Ceciderunt</strong></span> <span class='ocrx_word' id='word_1_187' title='bbox 1829 2703 1998 2768; x_wconf 86' lang='lat' dir='ltr'><strong>enim,</strong></span> <span class='ocrx_word' id='word_1_188' title='bbox 2035 2706 2124 2774; x_wconf 88' lang='lat' dir='ltr'><strong>qui</strong></span> 
     </span>
    </p>
   </div>
   <div class='ocr_carea' id='block_1_27' title="bbox 551 2783 2123 2862">
    <p class='ocr_par' dir='ltr' id='par_1_27' title="bbox 551 2783 2123 2862">
     <span class='ocr_line' id='line_1_27' title="bbox 551 2783 2123 2862; baseline 0.008 -26"><span class='ocrx_word' id='word_1_189' title='bbox 551 2785 869 2849; x_wconf 72' lang='lat' dir='ltr'><strong>sanguinem</strong></span> <span class='ocrx_word' id='word_1_190' title='bbox 921 2783 1127 2851; x_wconf 83' lang='lat' dir='ltr'><strong>justum</strong></span> <span class='ocrx_word' id='word_1_191' title='bbox 1183 2803 1347 2856; x_wconf 88' lang='lat' dir='ltr'><strong>super</strong></span> <span class='ocrx_word' id='word_1_192' title='bbox 1397 2793 1577 2861; x_wconf 87' lang='lat' dir='ltr'><strong>capita</strong></span> <span class='ocrx_word' id='word_1_193' title='bbox 1631 2809 1727 2847; x_wconf 89' lang='lat' dir='ltr'><strong>sua</strong></span> <span class='ocrx_word' id='word_1_194' title='bbox 1791 2794 2123 2862; x_wconf 87' lang='lat' dir='ltr'><strong>hauserunt,</strong></span> 
     </span>
    </p>
   </div>
   <div class='ocr_carea' id='block_1_28' title="bbox 555 2874 2126 2955">
    <p class='ocr_par' dir='ltr' id='par_1_28' title="bbox 555 2874 2126 2955">
     <span class='ocr_line' id='line_1_28' title="bbox 555 2874 2126 2955; baseline 0.011 -31"><span class='ocrx_word' id='word_1_195' title='bbox 555 2874 704 2927; x_wconf 77' lang='lat' dir='ltr'><strong>velut</strong></span> <span class='ocrx_word' id='word_1_196' title='bbox 760 2874 1010 2944; x_wconf 82' lang='lat' dir='ltr'><strong>projecti,</strong></span> <span class='ocrx_word' id='word_1_197' title='bbox 1068 2888 1121 2932; x_wconf 90' lang='lat' dir='ltr'><strong>ct</strong></span> <span class='ocrx_word' id='word_1_198' title='bbox 1155 2877 1431 2947; x_wconf 81' lang='lat' dir='ltr'><strong>jacentes,</strong></span> <span class='ocrx_word' id='word_1_199' title='bbox 1475 2893 1528 2938; x_wconf 89' lang='lat' dir='ltr'><strong>et</strong></span> <span class='ocrx_word' id='word_1_200' title='bbox 1570 2885 1804 2955; x_wconf 86' lang='lat' dir='ltr'><strong>pedibus</strong></span> <span class='ocrx_word' id='word_1_201' title='bbox 1849 2885 2126 2942; x_wconf 87' lang='lat' dir='ltr'><strong>diabolicis</strong></span> 
     </span>
    </p>
   </div>
   <div class='ocr_carea' id='block_1_29' title="bbox 553 2962 2124 3042">
    <p class='ocr_par' dir='ltr' id='par_1_29' title="bbox 553 2962 2124 3042">
     <span class='ocr_line' id='line_1_29' title="bbox 553 2962 2124 3042; baseline 0.01 -26"><span class='ocrx_word' id='word_1_202' title='bbox 553 2962 814 3020; x_wconf 89' lang='lat' dir='ltr'><strong>substrati</strong></span> <span class='ocrx_word' id='word_1_203' title='bbox 848 2984 862 3020; x_wconf 90' lang='lat'><strong>:</strong></span> <span class='ocrx_word' id='word_1_204' title='bbox 893 2969 1059 3023; x_wconf 86' lang='lat' dir='ltr'><strong>erecti</strong></span> <span class='ocrx_word' id='word_1_205' title='bbox 1113 2977 1238 3023; x_wconf 88' lang='lat' dir='ltr'><strong>sunt</strong></span> <span class='ocrx_word' id='word_1_206' title='bbox 1285 2971 1376 3039; x_wconf 90' lang='lat' dir='ltr'><strong>qui</strong></span> <span class='ocrx_word' id='word_1_207' title='bbox 1430 2988 1495 3027; x_wconf 82' lang='lat' dir='ltr'><strong>ex</strong></span> <span class='ocrx_word' id='word_1_208' title='bbox 1549 2974 1795 3042; x_wconf 79' lang='lat' dir='ltr'><strong>gentibus</strong></span> <span class='ocrx_word' id='word_1_209' title='bbox 1846 2977 1912 3030; x_wconf 89' lang='lat' dir='ltr'><strong>a&#39;d</strong></span> <span class='ocrx_word' id='word_1_210' title='bbox 1967 2977 2124 3032; x_wconf 84' lang='lat' dir='ltr'><strong>iidem</strong></span> 
     </span>
    </p>
   </div>
   <div class='ocr_carea' id='block_1_30' title="bbox 553 3058 2125 3137">
    <p class='ocr_par' dir='ltr' id='par_1_30' title="bbox 553 3058 2125 3137">
     <span class='ocr_line' id='line_1_30' title="bbox 553 3058 2125 3137; baseline 0.009 -29"><span class='ocrx_word' id='word_1_211' title='bbox 553 3067 838 3113; x_wconf 87' lang='lat' dir='ltr'><strong>venerunt.</strong></span> <span class='ocrx_word' id='word_1_212' title='bbox 876 3058 942 3113; x_wconf 89' lang='lat' dir='ltr'><strong>Et</strong></span> <span class='ocrx_word' id='word_1_213' title='bbox 970 3059 1084 3130; x_wconf 88' lang='lat' dir='ltr'><strong>ipse</strong></span> <span class='ocrx_word' id='word_1_214' title='bbox 1111 3060 1362 3118; x_wconf 86' lang='lat' dir='ltr'><strong>Christus</strong></span> <span class='ocrx_word' id='word_1_215' title='bbox 1387 3065 1582 3119; x_wconf 84' lang='lat' dir='ltr'><strong>alicubi</strong></span> <span class='ocrx_word' id='word_1_216' title='bbox 1607 3067 1815 3122; x_wconf 88' lang='lat' dir='ltr'><strong>sanctis</strong></span> <span class='ocrx_word' id='word_1_217' title='bbox 1841 3067 2125 3137; x_wconf 89' lang='lat' dir='ltr'><strong>discipulis</strong></span> 
     </span>
    </p>
   </div>
   <div class='ocr_carea' id='block_1_31' title="bbox 553 3149 2123 3224">
    <p class='ocr_par' dir='ltr' id='par_1_31' title="bbox 553 3149 2123 3224">
     <span class='ocr_line' id='line_1_31' title="bbox 553 3149 2123 3224; baseline 0.008 -24"><span class='ocrx_word' id='word_1_218' title='bbox 553 3156 780 3202; x_wconf 90' lang='lat' dir='ltr'><strong>mortem</strong></span> <span class='ocrx_word' id='word_1_219' title='bbox 830 3149 883 3203; x_wconf 93' lang='lat' dir='ltr'><strong>in</strong></span> <span class='ocrx_word' id='word_1_220' title='bbox 930 3165 1093 3206; x_wconf 91' lang='lat' dir='ltr'><strong>cruce</strong></span> <span class='ocrx_word' id='word_1_221' title='bbox 1135 3153 1239 3207; x_wconf 92' lang='lat' dir='ltr'><strong>sibi</strong></span> <span class='ocrx_word' id='word_1_222' title='bbox 1274 3153 1644 3209; x_wconf 77' lang='lat' dir='ltr'><strong>sustinendam</strong></span> <span class='ocrx_word' id='word_1_223' title='bbox 1679 3155 1942 3224; x_wconf 87' lang='lat' dir='ltr'><strong>praedicit.</strong></span> <span class='ocrx_word' id='word_1_224' title='bbox 1979 3157 2123 3223; x_wconf 84' lang='lat' dir='ltr'><strong>Quos</strong></span> 
     </span>
    </p>
   </div>
   <div class='ocr_carea' id='block_1_32' title="bbox 551 3236 2123 3317">
    <p class='ocr_par' dir='ltr' id='par_1_32' title="bbox 551 3236 2123 3317">
     <span class='ocr_line' id='line_1_32' title="bbox 551 3236 2123 3317; baseline 0.01 -30"><span class='ocrx_word' id='word_1_225' title='bbox 551 3244 612 3288; x_wconf 93' lang='lat' dir='ltr'><strong>ut</strong></span> <span class='ocrx_word' id='word_1_226' title='bbox 637 3236 820 3292; x_wconf 89' lang='lat' dir='ltr'><strong>tristes</strong></span> <span class='ocrx_word' id='word_1_227' title='bbox 850 3237 1007 3305; x_wconf 82' lang='lat' dir='ltr'><strong>vidit,</strong></span> <span class='ocrx_word' id='word_1_228' title='bbox 1033 3240 1322 3297; x_wconf 91' lang='lat' dir='ltr'><strong>consolans</strong></span> <span class='ocrx_word' id='word_1_229' title='bbox 1347 3242 1551 3299; x_wconf 85' lang='lat' dir='ltr'><strong>addidit</strong></span> <span class='ocrx_word' id='word_1_230' title='bbox 1582 3259 1597 3297; x_wconf 90' lang='lat'><strong>:</strong></span> <span class='ocrx_word' id='word_1_231' title='bbox 1635 3264 1651 3296; x_wconf 78' lang='grc' dir='ltr'><strong>ι</strong></span> <span class='ocrx_word' id='word_1_232' title='bbox 1690 3244 1880 3300; x_wconf 74' lang='lat' dir='ltr'><strong>Mulier</strong></span> <span class='ocrx_word' id='word_1_233' title='bbox 1905 3248 2123 3317; x_wconf 81' lang='lat' dir='ltr'><strong>quando</strong></span> 
     </span>
    </p>
   </div>
   <div class='ocr_carea' id='block_1_33' title="bbox 553 3326 2122 3403">
    <p class='ocr_par' dir='ltr' id='par_1_33' title="bbox 553 3326 2122 3403">
     <span class='ocr_line' id='line_1_33' title="bbox 553 3326 2122 3403; baseline 0.009 -26"><span class='ocrx_word' id='word_1_234' title='bbox 553 3326 715 3393; x_wconf 85' lang='lat' dir='ltr'><strong>parit,</strong></span> <span class='ocrx_word' id='word_1_235' title='bbox 755 3327 1032 3384; x_wconf 87' lang='lat' dir='ltr'><strong>tristitiam</strong></span> <span class='ocrx_word' id='word_1_236' title='bbox 1067 3332 1253 3396; x_wconf 90' lang='lat' dir='ltr'><strong>habet,</strong></span> <span class='ocrx_word' id='word_1_237' title='bbox 1287 3331 1410 3401; x_wconf 89' lang='lat' dir='ltr'><strong>quia</strong></span> <span class='ocrx_word' id='word_1_238' title='bbox 1445 3334 1590 3388; x_wconf 89' lang='lat' dir='ltr'><strong>venit</strong></span> <span class='ocrx_word' id='word_1_239' title='bbox 1633 3336 1762 3389; x_wconf 89' lang='lat' dir='ltr'><strong>hora</strong></span> <span class='ocrx_word' id='word_1_240' title='bbox 1795 3336 1931 3403; x_wconf 88' lang='lat' dir='ltr'><strong>ejus.</strong></span> <span class='ocrx_word' id='word_1_241' title='bbox 1967 3337 2122 3390; x_wconf 82' lang='lat' dir='ltr'><strong>Post-</strong></span> 
     </span>
    </p>
   </div>
   <div class='ocr_carea' id='block_1_34' title="bbox 551 3419 2123 3490">
    <p class='ocr_par' dir='ltr' id='par_1_34' title="bbox 551 3419 2123 3490">
     <span class='ocr_line' id='line_1_34' title="bbox 551 3419 2123 3490; baseline 0.006 -24"><span class='ocrx_word' id='word_1_242' title='bbox 551 3430 712 3482; x_wconf 88' lang='lat' dir='ltr'><strong>quam</strong></span> <span class='ocrx_word' id='word_1_243' title='bbox 746 3427 928 3470; x_wconf 88' lang='lat' dir='ltr'><strong>antem</strong></span> <span class='ocrx_word' id='word_1_244' title='bbox 960 3420 1190 3488; x_wconf 88' lang='lat' dir='ltr'><strong>peperit,</strong></span> <span class='ocrx_word' id='word_1_245' title='bbox 1215 3421 1410 3488; x_wconf 83' lang='lat' dir='ltr'><strong>gaudio</strong></span> <span class='ocrx_word' id='word_1_246' title='bbox 1435 3419 1654 3489; x_wconf 80' lang='lat' dir='ltr'><strong>gaudet,</strong></span> <span class='ocrx_word' id='word_1_247' title='bbox 1688 3423 1811 3490; x_wconf 87' lang='lat' dir='ltr'><strong>quia</strong></span> <span class='ocrx_word' id='word_1_248' title='bbox 1855 3433 2017 3477; x_wconf 90' lang='lat' dir='ltr'><strong>natus</strong></span> <span class='ocrx_word' id='word_1_249' title='bbox 2040 3433 2123 3477; x_wconf 90' lang='lat' dir='ltr'><strong>est</strong></span> 
     </span>
    </p>
   </div>
   <div class='ocr_carea' id='block_1_35' title="bbox 551 3505 2122 3581">
    <p class='ocr_par' dir='ltr' id='par_1_35' title="bbox 551 3505 2122 3581">
     <span class='ocr_line' id='line_1_35' title="bbox 551 3505 2122 3581; baseline 0.007 -23"><span class='ocrx_word' id='word_1_250' title='bbox 551 3505 714 3559; x_wconf 89' lang='lat' dir='ltr'><strong>homo</strong></span> <span class='ocrx_word' id='word_1_251' title='bbox 747 3507 796 3560; x_wconf 92' lang='lat' dir='ltr'><strong>in</strong></span> <span class='ocrx_word' id='word_1_252' title='bbox 838 3509 1115 3564; x_wconf 85' lang='lat' dir='ltr'><strong>mundum.</strong></span> <span class='ocrx_word' id='word_1_253' title='bbox 1166 3509 1231 3563; x_wconf 89' lang='lat' dir='ltr'><strong>Et</strong></span> <span class='ocrx_word' id='word_1_254' title='bbox 1269 3525 1366 3565; x_wconf 87' lang='lat' dir='ltr'><strong>vos</strong></span> <span class='ocrx_word' id='word_1_255' title='bbox 1415 3527 1557 3567; x_wconf 88' lang='lat' dir='ltr'><strong>nunc</strong></span> <span class='ocrx_word' id='word_1_256' title='bbox 1589 3512 1810 3581; x_wconf 84' lang='lat' dir='ltr'><strong>quidem</strong></span> <span class='ocrx_word' id='word_1_257' title='bbox 1847 3515 2122 3570; x_wconf 77' lang='lat' dir='ltr'><strong>tristitiam</strong></span> 
     </span>
    </p>
   </div>
   <div class='ocr_carea' id='block_1_36' title="bbox 552 3597 2126 3674">
    <p class='ocr_par' dir='ltr' id='par_1_36' title="bbox 552 3597 2126 3674">
     <span class='ocr_line' id='line_1_36' title="bbox 552 3597 2126 3674; baseline 0.009 -26"><span class='ocrx_word' id='word_1_258' title='bbox 552 3597 786 3664; x_wconf 88' lang='lat' dir='ltr'><strong>habetis,</strong></span> <span class='ocrx_word' id='word_1_259' title='bbox 823 3597 1017 3653; x_wconf 87' lang='lat' dir='ltr'><strong>iterum</strong></span> <span class='ocrx_word' id='word_1_260' title='bbox 1048 3610 1228 3654; x_wconf 89' lang='lat' dir='ltr'><strong>autem</strong></span> <span class='ocrx_word' id='word_1_261' title='bbox 1252 3602 1505 3658; x_wconf 88' lang='lat' dir='ltr'><strong>videbitis</strong></span> <span class='ocrx_word' id='word_1_262' title='bbox 1537 3619 1645 3668; x_wconf 89' lang='lat' dir='ltr'><strong>me,</strong></span> <span class='ocrx_word' id='word_1_263' title='bbox 1673 3613 1726 3658; x_wconf 91' lang='lat' dir='ltr'><strong>et</strong></span> <span class='ocrx_word' id='word_1_264' title='bbox 1753 3604 2006 3674; x_wconf 89' lang='lat' dir='ltr'><strong>gaudebit</strong></span> <span class='ocrx_word' id='word_1_265' title='bbox 2029 3621 2126 3662; x_wconf 87' lang='lat' dir='ltr'><strong>cur</strong></span> 
     </span>
    </p>
   </div>
   <div class='ocr_carea' id='block_1_37' title="bbox 550 3689 2122 3753">
    <p class='ocr_par' dir='ltr' id='par_1_37' title="bbox 550 3689 2122 3753">
     <span class='ocr_line' id='line_1_37' title="bbox 550 3689 2122 3753; baseline 0.009 -14"><span class='ocrx_word' id='word_1_266' title='bbox 550 3691 854 3744; x_wconf 76' lang='lat' dir='ltr'><strong>vestrum&quot;.</strong></span> <span class='ocrx_word' id='word_1_267' title='bbox 887 3709 905 3742; x_wconf 75' lang='grc' dir='ltr'><strong>ι</strong></span> <span class='ocrx_word' id='word_1_268' title='bbox 962 3689 1052 3746; x_wconf 88' lang='lat' dir='ltr'><strong>Sic</strong></span> <span class='ocrx_word' id='word_1_269' title='bbox 1085 3701 1140 3746; x_wconf 93' lang='lat' dir='ltr'><strong>et</strong></span> <span class='ocrx_word' id='word_1_270' title='bbox 1187 3693 1450 3748; x_wconf 79' lang='lat' dir='ltr'><strong>excitatus</strong></span> <span class='ocrx_word' id='word_1_271' title='bbox 1486 3710 1516 3749; x_wconf 90' lang='lat' dir='ltr'><strong>a</strong></span> <span class='ocrx_word' id='word_1_272' title='bbox 1573 3697 1800 3749; x_wconf 89' lang='lat' dir='ltr'><strong>mortuis</strong></span> <span class='ocrx_word' id='word_1_273' title='bbox 1832 3695 2021 3752; x_wconf 82' lang='lat' dir='ltr'><strong>ﬂentes</strong></span> <span class='ocrx_word' id='word_1_274' title='bbox 2067 3699 2122 3753; x_wconf 92' lang='lat' dir='ltr'><strong>in</strong></span> 
     </span>
    </p>
   </div>
   <div class='ocr_carea' id='block_1_38' title="bbox 550 3782 2122 3844">
    <p class='ocr_par' dir='ltr' id='par_1_38' title="bbox 550 3782 2122 3844">
     <span class='ocr_line' id='line_1_38' title="bbox 550 3782 2122 3844; baseline 0.008 -12"><span class='ocrx_word' id='word_1_275' title='bbox 550 3782 712 3835; x_wconf 87' lang='lat' dir='ltr'><strong>horto</strong></span> <span class='ocrx_word' id='word_1_276' title='bbox 752 3782 1007 3837; x_wconf 88' lang='lat' dir='ltr'><strong>mulieres</strong></span> <span class='ocrx_word' id='word_1_277' title='bbox 1052 3785 1339 3839; x_wconf 87' lang='lat' dir='ltr'><strong>salutando</strong></span> <span class='ocrx_word' id='word_1_278' title='bbox 1369 3785 1637 3842; x_wconf 85' lang='lat' dir='ltr'><strong>allocutus</strong></span> <span class='ocrx_word' id='word_1_279' title='bbox 1673 3797 1758 3842; x_wconf 89' lang='lat' dir='ltr'><strong>est</strong></span> <span class='ocrx_word' id='word_1_280' title='bbox 1780 3788 1820 3841; x_wconf 83' lang='grc'><strong>⁸.</strong></span> <span class='ocrx_word' id='word_1_281' title='bbox 1857 3806 1876 3840; x_wconf 74' lang='grc' dir='ltr'><strong>ι</strong></span> <span class='ocrx_word' id='word_1_282' title='bbox 1910 3789 2122 3844; x_wconf 84' lang='lat' dir='ltr'><strong>Conve-</strong></span> 
     </span>
    </p>
   </div>
   <div class='ocr_carea' id='block_1_39' title="bbox 552 3871 2121 3951">
    <p class='ocr_par' dir='ltr' id='par_1_39' title="bbox 552 3871 2121 3951">
     <span class='ocr_line' id='line_1_39' title="bbox 552 3871 2121 3951; baseline 0.006 -27"><span class='ocrx_word' id='word_1_283' title='bbox 552 3871 631 3924; x_wconf 93' lang='lat' dir='ltr'><strong>nit</strong></span> <span class='ocrx_word' id='word_1_284' title='bbox 665 3887 829 3942; x_wconf 88' lang='lat' dir='ltr'><strong>porro</strong></span> <span class='ocrx_word' id='word_1_285' title='bbox 863 3875 1026 3929; x_wconf 87' lang='lat' dir='ltr'><strong>etiam</strong></span> <span class='ocrx_word' id='word_1_286' title='bbox 1055 3876 1350 3944; x_wconf 90' lang='lat' dir='ltr'><strong>quemlibet</strong></span> <span class='ocrx_word' id='word_1_287' title='bbox 1396 3891 1516 3932; x_wconf 92' lang='lat' dir='ltr'><strong>eum</strong></span> <span class='ocrx_word' id='word_1_288' title='bbox 1565 3878 1904 3950; x_wconf 86' lang='lat' dir='ltr'><strong>diligentium</strong></span> <span class='ocrx_word' id='word_1_289' title='bbox 1954 3895 2121 3951; x_wconf 86' lang='lat' dir='ltr'><strong>super</strong></span> 
     </span>
    </p>
   </div>
   <div class='ocr_carea' id='block_1_40' title="bbox 551 3966 2122 4041">
    <p class='ocr_par' dir='ltr' id='par_1_40' title="bbox 551 3966 2122 4041">
     <span class='ocr_line' id='line_1_40' title="bbox 551 3966 2122 4041; baseline 0.006 -26"><span class='ocrx_word' id='word_1_290' title='bbox 551 3977 714 4018; x_wconf 85' lang='lat' dir='ltr'><strong>cruce</strong></span> <span class='ocrx_word' id='word_1_291' title='bbox 743 3973 799 4018; x_wconf 85' lang='lat' dir='ltr'><strong>et</strong></span> <span class='ocrx_word' id='word_1_292' title='bbox 837 3966 1237 4021; x_wconf 87' lang='lat' dir='ltr'><strong>resurrectione</strong></span> <span class='ocrx_word' id='word_1_293' title='bbox 1277 3968 1480 4033; x_wconf 89' lang='lat' dir='ltr'><strong>dicere,</strong></span> <span class='ocrx_word' id='word_1_294' title='bbox 1541 3986 1559 4020; x_wconf 81' lang='grc' dir='ltr'><strong>ι</strong></span> <span class='ocrx_word' id='word_1_295' title='bbox 1599 3967 1926 4025; x_wconf 84' lang='lat' dir='ltr'><strong>Couvertisti</strong></span> <span class='ocrx_word' id='word_1_296' title='bbox 1971 3971 2122 4041; x_wconf 66' lang='lat' dir='ltr'><strong>plan-</strong></span> 
     </span>
    </p>
   </div>
   <div class='ocr_carea' id='block_1_41' title="bbox 548 4055 2119 4126">
    <p class='ocr_par' dir='ltr' id='par_1_41' title="bbox 548 4055 2119 4126">
     <span class='ocr_line' id='line_1_41' title="bbox 548 4055 2119 4126; baseline 0.004 -18"><span class='ocrx_word' id='word_1_297' title='bbox 548 4062 694 4108; x_wconf 88' lang='lat' dir='ltr'><strong>ctum</strong></span> <span class='ocrx_word' id='word_1_298' title='bbox 734 4067 910 4108; x_wconf 92' lang='lat' dir='ltr'><strong>mcum</strong></span> <span class='ocrx_word' id='word_1_299' title='bbox 946 4055 997 4109; x_wconf 92' lang='lat' dir='ltr'><strong>in</strong></span> <span class='ocrx_word' id='word_1_300' title='bbox 1047 4057 1298 4126; x_wconf 81' lang='lat' dir='ltr'><strong>gaudium</strong></span> <span class='ocrx_word' id='word_1_301' title='bbox 1331 4059 1494 4124; x_wconf 83' lang='lat' dir='ltr'><strong>mihi;</strong></span> <span class='ocrx_word' id='word_1_302' title='bbox 1542 4059 1860 4115; x_wconf 86' lang='lat' dir='ltr'><strong>conscidisti</strong></span> <span class='ocrx_word' id='word_1_303' title='bbox 1900 4075 2119 4117; x_wconf 89' lang='lat' dir='ltr'><strong>saccum</strong></span> 
     </span>
    </p>
   </div>
   <div class='ocr_carea' id='block_1_42' title="bbox 547 4145 2124 4217">
    <p class='ocr_par' dir='ltr' id='par_1_42' title="bbox 547 4145 2124 4217">
     <span class='ocr_line' id='line_1_42' title="bbox 547 4145 2124 4217; baseline 0.006 -20"><span class='ocrx_word' id='word_1_304' title='bbox 547 4159 749 4210; x_wconf 92' lang='lat' dir='ltr'><strong>meum,</strong></span> <span class='ocrx_word' id='word_1_305' title='bbox 801 4154 857 4200; x_wconf 89' lang='lat' dir='ltr'><strong>et</strong></span> <span class='ocrx_word' id='word_1_306' title='bbox 901 4145 1309 4202; x_wconf 90' lang='lat' dir='ltr'><strong>circumdedisti</strong></span> <span class='ocrx_word' id='word_1_307' title='bbox 1363 4165 1446 4204; x_wconf 91' lang='lat' dir='ltr'><strong>me</strong></span> <span class='ocrx_word' id='word_1_308' title='bbox 1493 4150 1677 4204; x_wconf 86' lang='lat' dir='ltr'><strong>laetitia</strong></span> <span class='ocrx_word' id='word_1_309' title='bbox 1703 4150 1744 4206; x_wconf 83' lang='grc'><strong>⁸.</strong></span> <span class='ocrx_word' id='word_1_310' title='bbox 1781 4169 1799 4200; x_wconf 77' lang='grc' dir='ltr'><strong>ι</strong></span> <span class='ocrx_word' id='word_1_311' title='bbox 1841 4151 2124 4217; x_wconf 87' lang='lat' dir='ltr'><strong>Quomodo</strong></span> 
     </span>
    </p>
   </div>
   <div class='ocr_carea' id='block_1_43' title="bbox 546 4233 2122 4306">
    <p class='ocr_par' dir='ltr' id='par_1_43' title="bbox 546 4233 2122 4306">
     <span class='ocr_line' id='line_1_43' title="bbox 546 4233 2122 4306; baseline 0.006 -19"><span class='ocrx_word' id='word_1_312' title='bbox 546 4233 690 4288; x_wconf 90' lang='lat' dir='ltr'><strong>enim</strong></span> <span class='ocrx_word' id='word_1_313' title='bbox 743 4249 851 4289; x_wconf 86' lang='lat' dir='ltr'><strong>non</strong></span> <span class='ocrx_word' id='word_1_314' title='bbox 905 4237 1131 4291; x_wconf 88' lang='lat' dir='ltr'><strong>evanuit</strong></span> <span class='ocrx_word' id='word_1_315' title='bbox 1183 4235 1376 4306; x_wconf 84' lang='lat' dir='ltr'><strong>luctus,</strong></span> <span class='ocrx_word' id='word_1_316' title='bbox 1425 4250 1480 4294; x_wconf 88' lang='lat' dir='ltr'><strong>et</strong></span> <span class='ocrx_word' id='word_1_317' title='bbox 1523 4240 1716 4296; x_wconf 85' lang='lat' dir='ltr'><strong>ablatae</strong></span> <span class='ocrx_word' id='word_1_318' title='bbox 1763 4249 1890 4295; x_wconf 91' lang='lat' dir='ltr'><strong>sunt</strong></span> <span class='ocrx_word' id='word_1_319' title='bbox 1934 4255 2122 4297; x_wconf 89' lang='lat' dir='ltr'><strong>omnes</strong></span> 
     </span>
    </p>
   </div>
   <div class='ocr_carea' id='block_1_44' title="bbox 546 4325 2122 4401">
    <p class='ocr_par' dir='ltr' id='par_1_44' title="bbox 546 4325 2122 4401">
     <span class='ocr_line' id='line_1_44' title="bbox 546 4325 2122 4401; baseline 0.006 -24"><span class='ocrx_word' id='word_1_320' title='bbox 546 4325 800 4394; x_wconf 70' lang='lat' dir='ltr'><strong>lacryma:</strong></span> <span class='ocrx_word' id='word_1_321' title='bbox 849 4327 919 4380; x_wconf 90' lang='lat' dir='ltr'><strong>ab</strong></span> <span class='ocrx_word' id='word_1_322' title='bbox 967 4327 1116 4382; x_wconf 90' lang='lat' dir='ltr'><strong>omni</strong></span> <span class='ocrx_word' id='word_1_323' title='bbox 1149 4327 1307 4392; x_wconf 81' lang='lat' dir='ltr'><strong>facie,</strong></span> <span class='ocrx_word' id='word_1_324' title='bbox 1349 4340 1408 4384; x_wconf 92' lang='lat' dir='ltr'><strong>ut</strong></span> <span class='ocrx_word' id='word_1_325' title='bbox 1433 4329 1562 4385; x_wconf 89' lang='lat' dir='ltr'><strong>dicit</strong></span> <span class='ocrx_word' id='word_1_326' title='bbox 1597 4331 1858 4401; x_wconf 82' lang='lat' dir='ltr'><strong>propheta</strong></span> <span class='ocrx_word' id='word_1_327' title='bbox 1881 4332 1927 4396; x_wconf 79' lang='grc'>⁷,</span> <span class='ocrx_word' id='word_1_328' title='bbox 1957 4332 2122 4387; x_wconf 85' lang='lat' dir='ltr'><strong>Chri-</strong></span> 
     </span>
    </p>
   </div>
   <div class='ocr_carea' id='block_1_45' title="bbox 547 4416 2124 4492">
    <p class='ocr_par' dir='ltr' id='par_1_45' title="bbox 547 4416 2124 4492">
     <span class='ocr_line' id='line_1_45' title="bbox 547 4416 2124 4492; baseline 0.008 -24"><span class='ocrx_word' id='word_1_329' title='bbox 547 4424 632 4470; x_wconf 85' lang='lat' dir='ltr'><strong>sto</strong></span> <span class='ocrx_word' id='word_1_330' title='bbox 667 4416 720 4470; x_wconf 92' lang='lat' dir='ltr'><strong>in</strong></span> <span class='ocrx_word' id='word_1_331' title='bbox 753 4417 917 4471; x_wconf 91' lang='lat' dir='ltr'><strong>vitam</strong></span> <span class='ocrx_word' id='word_1_332' title='bbox 969 4429 1240 4484; x_wconf 88' lang='lat' dir='ltr'><strong>revocato,</strong></span> <span class='ocrx_word' id='word_1_333' title='bbox 1269 4421 1430 4492; x_wconf 78' lang='lat'><strong>681</strong></span> <span class='ocrx_word' id='word_1_334' title='bbox 1461 4432 1514 4476; x_wconf 87' lang='lat' dir='ltr'><strong>et</strong></span> <span class='ocrx_word' id='word_1_335' title='bbox 1557 4422 1784 4492; x_wconf 88' lang='lat' dir='ltr'><strong>imperio</strong></span> <span class='ocrx_word' id='word_1_336' title='bbox 1835 4424 2025 4478; x_wconf 86' lang='lat' dir='ltr'><strong>mortis</strong></span> <span class='ocrx_word' id='word_1_337' title='bbox 2055 4424 2124 4480; x_wconf 92' lang='lat' dir='ltr'><strong>ab</strong></span> 
     </span>
    </p>
   </div>
   <div class='ocr_carea' id='block_1_46' title="bbox 2226 600 3806 677">
    <p class='ocr_par' dir='ltr' id='par_1_46' title="bbox 2226 600 3806 677">
     <span class='ocr_line' id='line_1_46' title="bbox 2226 600 3806 677; baseline -0.004 -18"><span class='ocrx_word' id='word_1_338' title='bbox 2226 608 2317 659; x_wconf 75' lang='grc' dir='ltr'><strong>ἐπὶ</strong></span> <span class='ocrx_word' id='word_1_339' title='bbox 2348 607 2439 658; x_wconf 78' lang='grc' dir='ltr'><strong>τὸν</strong></span> <span class='ocrx_word' id='word_1_340' title='bbox 2465 606 2717 677; x_wconf 84' lang='grc' dir='ltr'>σταυρὸν,</span> <span class='ocrx_word' id='word_1_341' title='bbox 2749 606 2963 659; x_wconf 74' lang='grc' dir='ltr'>εἵποντο</span> <span class='ocrx_word' id='word_1_342' title='bbox 2994 605 3050 657; x_wconf 85' lang='grc' dir='ltr'><strong>δὲ</strong></span> <span class='ocrx_word' id='word_1_343' title='bbox 3078 603 3170 658; x_wconf 75' lang='grc' dir='ltr'><strong>καὶ</strong></span> <span class='ocrx_word' id='word_1_344' title='bbox 3216 605 3470 672; x_wconf 86' lang='grc' dir='ltr'>γυναῖκες</span> <span class='ocrx_word' id='word_1_345' title='bbox 3504 600 3806 672; x_wconf 79' lang='grc' dir='ltr'>θρηνοῦσαι</span> 
     </span>
    </p>
   </div>
   <div class='ocr_carea' id='block_1_47' title="bbox 2225 692 3808 766">
    <p class='ocr_par' dir='ltr' id='par_1_47' title="bbox 2225 692 3808 766">
     <span class='ocr_line' id='line_1_47' title="bbox 2225 692 3808 766; baseline -0.004 -17"><span class='ocrx_word' id='word_1_346' title='bbox 2225 713 2282 749; x_wconf 90' lang='grc' dir='ltr'><strong>τε</strong></span> <span class='ocrx_word' id='word_1_347' title='bbox 2314 697 2407 751; x_wconf 80' lang='grc' dir='ltr'><strong>καὶ</strong></span> <span class='ocrx_word' id='word_1_348' title='bbox 2424 697 2732 750; x_wconf 80' lang='grc' dir='ltr'>κλαίουσαι·</span> <span class='ocrx_word' id='word_1_349' title='bbox 2762 692 2878 749; x_wconf 70' lang='grc' dir='ltr'>εἶτα</span> <span class='ocrx_word' id='word_1_350' title='bbox 2906 695 3039 766; x_wconf 79' lang='grc' dir='ltr'>πρὸς</span> <span class='ocrx_word' id='word_1_351' title='bbox 3062 693 3262 758; x_wconf 85' lang='grc' dir='ltr'>ταύτας</span> <span class='ocrx_word' id='word_1_352' title='bbox 3291 693 3526 761; x_wconf 75' lang='grc' dir='ltr'><strong>ἔφασκεν</strong></span> <span class='ocrx_word' id='word_1_353' title='bbox 3549 693 3808 758; x_wconf 79' lang='grc' dir='ltr'>ἐπιστρα-</span> 
     </span>
    </p>
   </div>
   <div class='ocr_carea' id='block_1_48' title="bbox 2226 779 3804 857">
    <p class='ocr_par' dir='ltr' id='par_1_48' title="bbox 2226 779 3804 857">
     <span class='ocr_line' id='line_1_48' title="bbox 2226 779 3804 857; baseline -0.006 -17"><span class='ocrx_word' id='word_1_354' title='bbox 2226 789 2343 857; x_wconf 81' lang='grc' dir='ltr'>φείς</span> <span class='ocrx_word' id='word_1_355' title='bbox 2363 805 2375 818; x_wconf 82' lang='grc'><em>’</em></span> <span class='ocrx_word' id='word_1_356' title='bbox 2422 807 2438 839; x_wconf 75' lang='grc' dir='ltr'><strong>ι</strong></span> <span class='ocrx_word' id='word_1_357' title='bbox 2471 787 2780 857; x_wconf 83' lang='grc' dir='ltr'>Θυγατέρες</span> <span class='ocrx_word' id='word_1_358' title='bbox 2812 783 3184 856; x_wconf 82' lang='grc' dir='ltr'>Ἰερουσαλὴμ,</span> <span class='ocrx_word' id='word_1_359' title='bbox 3217 783 3290 854; x_wconf 85' lang='grc' dir='ltr'><strong>μὴ</strong></span> <span class='ocrx_word' id='word_1_360' title='bbox 3311 781 3523 836; x_wconf 85' lang='grc' dir='ltr'>κλαίετε</span> <span class='ocrx_word' id='word_1_361' title='bbox 3547 780 3630 832; x_wconf 80' lang='grc' dir='ltr'>ἐπ’</span> <span class='ocrx_word' id='word_1_362' title='bbox 3653 779 3804 848; x_wconf 72' lang='grc' dir='ltr'>ἐμοὶ,</span> 
     </span>
    </p>
   </div>
   <div class='ocr_carea' id='block_1_49' title="bbox 2226 871 3801 956">
    <p class='ocr_par' dir='ltr' id='par_1_49' title="bbox 2226 871 3801 956">
     <span class='ocr_line' id='line_1_49' title="bbox 2226 871 3801 956; baseline -0.009 -20"><span class='ocrx_word' id='word_1_363' title='bbox 2226 883 2364 956; x_wconf 76' lang='grc' dir='ltr'>πλὴν</span> <span class='ocrx_word' id='word_1_364' title='bbox 2393 882 2478 950; x_wconf 77' lang='grc' dir='ltr'><strong>ἐφ’</strong></span> <span class='ocrx_word' id='word_1_365' title='bbox 2501 882 2720 942; x_wconf 77' lang='grc' dir='ltr'><strong>ἑαυταῖς</strong></span> <span class='ocrx_word' id='word_1_366' title='bbox 2747 879 2964 932; x_wconf 84' lang='grc' dir='ltr'><strong>κλαίετε</strong></span> <span class='ocrx_word' id='word_1_367' title='bbox 3001 877 3093 931; x_wconf 69' lang='grc' dir='ltr'>καὶ</span> <span class='ocrx_word' id='word_1_368' title='bbox 3114 877 3206 930; x_wconf 74' lang='grc' dir='ltr'><strong>επὶ</strong></span> <span class='ocrx_word' id='word_1_369' title='bbox 3223 877 3334 938; x_wconf 85' lang='grc' dir='ltr'>τοῖς</span> <span class='ocrx_word' id='word_1_370' title='bbox 3353 873 3560 936; x_wconf 83' lang='grc' dir='ltr'>τέκνοις</span> <span class='ocrx_word' id='word_1_371' title='bbox 3581 871 3751 941; x_wconf 87' lang='grc' dir='ltr'>ὑμῶν.</span> <span class='ocrx_word' id='word_1_372' title='bbox 3778 890 3801 922; x_wconf 72' lang='grc' dir='ltr'>ι</span> 
     </span>
    </p>
   </div>
   <div class='ocr_carea' id='block_1_50' title="bbox 2228 957 3801 1044">
    <p class='ocr_par' dir='ltr' id='par_1_50' title="bbox 2228 957 3801 1044">
     <span class='ocr_line' id='line_1_50' title="bbox 2228 957 3801 1044; baseline -0.013 -17"><span class='ocrx_word' id='word_1_373' title='bbox 2228 972 2620 1044; x_wconf 87' lang='grc' dir='ltr'>Παραδέδονται</span> <span class='ocrx_word' id='word_1_374' title='bbox 2643 968 2754 1040; x_wconf 85' lang='grc' dir='ltr'>γὰρ</span> <span class='ocrx_word' id='word_1_375' title='bbox 2779 969 2856 1030; x_wconf 83' lang='grc' dir='ltr'>εἰς</span> <span class='ocrx_word' id='word_1_376' title='bbox 2880 966 3100 1036; x_wconf 76' lang='grc' dir='ltr'>ὀλεθρον</span> <span class='ocrx_word' id='word_1_377' title='bbox 3157 964 3250 1017; x_wconf 70' lang='grc' dir='ltr'><strong>καὶ</strong></span> <span class='ocrx_word' id='word_1_378' title='bbox 3279 960 3514 1032; x_wconf 76' lang='grc' dir='ltr'>σφαγὴν,</span> <span class='ocrx_word' id='word_1_379' title='bbox 3548 957 3642 1011; x_wconf 69' lang='grc' dir='ltr'>καὶ</span> <span class='ocrx_word' id='word_1_380' title='bbox 3665 974 3801 1026; x_wconf 87' lang='grc' dir='ltr'>συμ-</span> 
     </span>
    </p>
   </div>
   <div class='ocr_carea' id='block_1_51' title="bbox 2227 1046 3804 1135">
    <p class='ocr_par' dir='ltr' id='par_1_51' title="bbox 2227 1046 3804 1135">
     <span class='ocr_line' id='line_1_51' title="bbox 2227 1046 3804 1135; baseline -0.013 -17"><span class='ocrx_word' id='word_1_381' title='bbox 2227 1064 2460 1135; x_wconf 76' lang='grc' dir='ltr'>ϐέϐηκεν</span> <span class='ocrx_word' id='word_1_382' title='bbox 2488 1063 2669 1124; x_wconf 85' lang='grc' dir='ltr'>αὑτοῖς</span> <span class='ocrx_word' id='word_1_383' title='bbox 2693 1059 2764 1113; x_wconf 81' lang='grc' dir='ltr'>τὰ</span> <span class='ocrx_word' id='word_1_384' title='bbox 2794 1059 2882 1112; x_wconf 83' lang='grc' dir='ltr'><strong>διὰ</strong></span> <span class='ocrx_word' id='word_1_385' title='bbox 2911 1057 3094 1128; x_wconf 79' lang='grc' dir='ltr'>φωνῆς</span> <span class='ocrx_word' id='word_1_386' title='bbox 3126 1054 3348 1108; x_wconf 77' lang='grc' dir='ltr'>Ἡσαΐου</span> <span class='ocrx_word' id='word_1_387' title='bbox 3370 1068 3383 1082; x_wconf 90' lang='grc'><strong>·</strong></span> <span class='ocrx_word' id='word_1_388' title='bbox 3415 1072 3432 1103; x_wconf 81' lang='grc' dir='ltr'><strong>ι</strong></span> <span class='ocrx_word' id='word_1_389' title='bbox 3457 1049 3513 1102; x_wconf 70' lang='grc'><strong>’1-1</strong></span> <span class='ocrx_word' id='word_1_390' title='bbox 3543 1049 3616 1118; x_wconf 81' lang='grc' dir='ltr'>γῆ</span> <span class='ocrx_word' id='word_1_391' title='bbox 3648 1046 3804 1117; x_wconf 86' lang='grc' dir='ltr'>ὑμῶν</span> 
     </span>
    </p>
   </div>
   <div class='ocr_carea' id='block_1_52' title="bbox 2227 1141 3805 1228">
    <p class='ocr_par' dir='ltr' id='par_1_52' title="bbox 2227 1141 3805 1228">
     <span class='ocr_line' id='line_1_52' title="bbox 2227 1141 3805 1228; baseline -0.011 -19"><span class='ocrx_word' id='word_1_392' title='bbox 2227 1156 2453 1228; x_wconf 79' lang='grc' dir='ltr'>ἔρημος,</span> <span class='ocrx_word' id='word_1_393' title='bbox 2502 1154 2558 1207; x_wconf 88' lang='grc' dir='ltr'>αἱ</span> <span class='ocrx_word' id='word_1_394' title='bbox 2614 1151 2797 1213; x_wconf 78' lang='grc' dir='ltr'>πόλεις</span> <span class='ocrx_word' id='word_1_395' title='bbox 2848 1149 3002 1221; x_wconf 87' lang='grc' dir='ltr'>ὑμῶν</span> <span class='ocrx_word' id='word_1_396' title='bbox 3043 1147 3424 1218; x_wconf 84' lang='grc' dir='ltr'>πυρίκαυστοι,</span> <span class='ocrx_word' id='word_1_397' title='bbox 3472 1142 3570 1214; x_wconf 77' lang='grc' dir='ltr'><strong>τὴν</strong></span> <span class='ocrx_word' id='word_1_398' title='bbox 3620 1141 3805 1212; x_wconf 86' lang='grc' dir='ltr'>χώραν</span> 
     </span>
    </p>
   </div>
   <div class='ocr_carea' id='block_1_53' title="bbox 2228 1231 3799 1317">
    <p class='ocr_par' dir='ltr' id='par_1_53' title="bbox 2228 1231 3799 1317">
     <span class='ocr_line' id='line_1_53' title="bbox 2228 1231 3799 1317; baseline -0.012 -16"><span class='ocrx_word' id='word_1_399' title='bbox 2228 1248 2381 1317; x_wconf 85' lang='grc' dir='ltr'>ὑμῶν</span> <span class='ocrx_word' id='word_1_400' title='bbox 2425 1244 2653 1299; x_wconf 78' lang='grc' dir='ltr'>ἐνώπιον</span> <span class='ocrx_word' id='word_1_401' title='bbox 2695 1241 2852 1314; x_wconf 84' lang='grc' dir='ltr'>ὑμῶν</span> <span class='ocrx_word' id='word_1_402' title='bbox 2897 1239 3166 1308; x_wconf 77' lang='grc' dir='ltr'>ἀλλότριοι</span> <span class='ocrx_word' id='word_1_403' title='bbox 3207 1234 3580 1289; x_wconf 78' lang='grc' dir='ltr'><strong>κατεσθίουσιν</strong></span> <span class='ocrx_word' id='word_1_404' title='bbox 3609 1231 3799 1301; x_wconf 78' lang='grc' dir='ltr'>αὑτὴν,</span> 
     </span>
    </p>
   </div>
   <div class='ocr_carea' id='block_1_54' title="bbox 2228 1323 3797 1409">
    <p class='ocr_par' dir='ltr' id='par_1_54' title="bbox 2228 1323 3797 1409">
     <span class='ocr_line' id='line_1_54' title="bbox 2228 1323 3797 1409; baseline -0.013 -15"><span class='ocrx_word' id='word_1_405' title='bbox 2228 1340 2318 1394; x_wconf 71' lang='grc' dir='ltr'><strong>καὶ</strong></span> <span class='ocrx_word' id='word_1_406' title='bbox 2345 1340 2637 1409; x_wconf 67' lang='grc' dir='ltr'>ἠρήμωται</span> <span class='ocrx_word' id='word_1_407' title='bbox 2665 1330 3123 1403; x_wconf 66' lang='grc' dir='ltr'><strong>κατεστραμμένη</strong></span> <span class='ocrx_word' id='word_1_408' title='bbox 3147 1329 3249 1381; x_wconf 79' lang='grc' dir='ltr'><strong>ὑπὸ</strong></span> <span class='ocrx_word' id='word_1_409' title='bbox 3270 1326 3414 1380; x_wconf 88' lang='grc' dir='ltr'>λαῶν</span> <span class='ocrx_word' id='word_1_410' title='bbox 3437 1323 3748 1394; x_wconf 88' lang='grc' dir='ltr'>ἀλλοτρίων.</span> <span class='ocrx_word' id='word_1_411' title='bbox 3778 1343 3797 1374; x_wconf 72' lang='grc' dir='ltr'><strong>ι</strong></span> 
     </span>
    </p>
   </div>
   <div class='ocr_carea' id='block_1_55' title="bbox 2309 1419 3804 1496">
    <p class='ocr_par' dir='ltr' id='par_1_55' title="bbox 2309 1419 3804 1496">
     <span class='ocr_line' id='line_1_55' title="bbox 2309 1419 3804 1496; baseline -0.011 -13"><span class='ocrx_word' id='word_1_412' title='bbox 2309 1432 2406 1482; x_wconf 78' lang='grc' dir='ltr'><strong>Ἐν</strong></span> <span class='ocrx_word' id='word_1_413' title='bbox 2476 1428 2549 1496; x_wconf 68' lang='grc' dir='ltr'>τῇ</span> <span class='ocrx_word' id='word_1_414' title='bbox 2591 1425 2779 1496; x_wconf 77' lang='grc' dir='ltr'>ἡμέρᾳ</span> <span class='ocrx_word' id='word_1_415' title='bbox 2824 1425 3051 1492; x_wconf 77' lang='grc' dir='ltr'>ἐκείνῃ,</span> <span class='ocrx_word' id='word_1_416' title='bbox 3101 1422 3263 1491; x_wconf 76' lang='grc' dir='ltr'>λέγει</span> <span class='ocrx_word' id='word_1_417' title='bbox 3319 1419 3536 1485; x_wconf 77' lang='grc' dir='ltr'>Κύριος</span> <span class='ocrx_word' id='word_1_418' title='bbox 3584 1430 3804 1468; x_wconf 68' lang='grc' dir='ltr'>παντο-</span> 
     </span>
    </p>
   </div>
   <div class='ocr_carea' id='block_1_56' title="bbox 2227 1508 3807 1592">
    <p class='ocr_par' dir='ltr' id='par_1_56' title="bbox 2227 1508 3807 1592">
     <span class='ocr_line' id='line_1_56' title="bbox 2227 1508 3807 1592; baseline -0.012 -15"><span class='ocrx_word' id='word_1_419' title='bbox 2227 1522 2488 1592; x_wconf 76' lang='grc' dir='ltr'>κράτωρ,</span> <span class='ocrx_word' id='word_1_420' title='bbox 2559 1517 2979 1588; x_wconf 72' lang='grc' dir='ltr'>συγκαλέσατε</span> <span class='ocrx_word' id='word_1_421' title='bbox 3047 1515 3303 1577; x_wconf 80' lang='grc' dir='ltr'>ἕκαστος</span> <span class='ocrx_word' id='word_1_422' title='bbox 3370 1510 3475 1564; x_wconf 76' lang='grc' dir='ltr'><strong>τὸν</strong></span> <span class='ocrx_word' id='word_1_423' title='bbox 3534 1508 3807 1573; x_wconf 70' lang='grc' dir='ltr'>πλησίον</span> 
     </span>
    </p>
   </div>
   <div class='ocr_carea' id='block_1_57' title="bbox 2226 1597 3804 1680">
    <p class='ocr_par' dir='ltr' id='par_1_57' title="bbox 2226 1597 3804 1680">
     <span class='ocr_line' id='line_1_57' title="bbox 2226 1597 3804 1680; baseline -0.013 -11"><span class='ocrx_word' id='word_1_424' title='bbox 2226 1616 2408 1670; x_wconf 80' lang='grc' dir='ltr'>αὐτοῦ</span> <span class='ocrx_word' id='word_1_425' title='bbox 2441 1611 2715 1667; x_wconf 76' lang='grc' dir='ltr'><strong>ὑποκάτω</strong></span> <span class='ocrx_word' id='word_1_426' title='bbox 2761 1607 3032 1680; x_wconf 65' lang='grc' dir='ltr'>ἀμπέλου</span> <span class='ocrx_word' id='word_1_427' title='bbox 3104 1608 3200 1661; x_wconf 72' lang='grc' dir='ltr'>καὶ</span> <span class='ocrx_word' id='word_1_428' title='bbox 3280 1601 3556 1659; x_wconf 75' lang='grc' dir='ltr'><strong>ὑποκάτω</strong></span> <span class='ocrx_word' id='word_1_429' title='bbox 3601 1597 3804 1665; x_wconf 73' lang='grc' dir='ltr'>συκῆς</span> 
     </span>
    </p>
   </div>
   <div class='ocr_carea' id='block_1_58' title="bbox 2226 1705 2430 1760">
    <p class='ocr_par' dir='ltr' id='par_1_58' title="bbox 2226 1705 2430 1760">
     <span class='ocr_line' id='line_1_58' title="bbox 2226 1705 2430 1760; baseline -0.02 0"><span class='ocrx_word' id='word_1_430' title='bbox 2226 1705 2430 1760; x_wconf 80' lang='grc' dir='ltr'>αὐτοῦ.</span> 
     </span>
    </p>
   </div>
   <div class='ocr_carea' id='block_1_59' title="bbox 2299 1779 3778 1865">
    <p class='ocr_par' dir='ltr' id='par_1_59' title="bbox 2299 1779 3778 1865">
     <span class='ocr_line' id='line_1_59' title="bbox 2299 1779 3778 1865; baseline -0.014 -15"><span class='ocrx_word' id='word_1_431' title='bbox 2299 1798 2426 1850; x_wconf 86' lang='lat' dir='ltr'><strong>KB’.</strong></span> <span class='ocrx_word' id='word_1_432' title='bbox 2462 1797 2582 1848; x_wconf 87' lang='grc' dir='ltr'>’Ότι</span> <span class='ocrx_word' id='word_1_433' title='bbox 2609 1794 2704 1865; x_wconf 83' lang='grc' dir='ltr'>μὲν</span> <span class='ocrx_word' id='word_1_434' title='bbox 2729 1793 2786 1845; x_wconf 82' lang='grc' dir='ltr'>ὲν</span> <span class='ocrx_word' id='word_1_435' title='bbox 2808 1791 2970 1843; x_wconf 62' lang='lat' dir='ltr'><strong>tam</strong></span> <span class='ocrx_word' id='word_1_436' title='bbox 2995 1789 3314 1858; x_wconf 67' lang='grc' dir='ltr'>γενήσονται</span> <span class='ocrx_word' id='word_1_437' title='bbox 3347 1781 3525 1852; x_wconf 80' lang='grc' dir='ltr'>κακῷ,</span> <span class='ocrx_word' id='word_1_438' title='bbox 3542 1779 3778 1850; x_wconf 70' lang='grc' dir='ltr'>ψηλαφω</span> 
     </span>
    </p>
   </div>
   <div class='ocr_carea' id='block_1_60' title="bbox 2233 1870 3804 1959">
    <p class='ocr_par' dir='ltr' id='par_1_60' title="bbox 2233 1870 3804 1959">
     <span class='ocr_line' id='line_1_60' title="bbox 2233 1870 3804 1959; baseline -0.012 -17"><span class='ocrx_word' id='word_1_439' title='bbox 2233 1889 2398 1959; x_wconf 85' lang='grc' dir='ltr'>μένης</span> <span class='ocrx_word' id='word_1_440' title='bbox 2427 1885 2604 1940; x_wconf 82' lang='grc' dir='ltr'>αὐτῶν</span> <span class='ocrx_word' id='word_1_441' title='bbox 2630 1883 2730 1953; x_wconf 81' lang='grc' dir='ltr'><strong>τῆς</strong></span> <span class='ocrx_word' id='word_1_442' title='bbox 2789 1880 3082 1952; x_wconf 84' lang='grc' dir='ltr'>ἁμαρτίας,</span> <span class='ocrx_word' id='word_1_443' title='bbox 3111 1879 3160 1931; x_wconf 88' lang='grc' dir='ltr'><strong>οἱ</strong></span> <span class='ocrx_word' id='word_1_444' title='bbox 3203 1875 3451 1943; x_wconf 83' lang='grc' dir='ltr'>καθάπερ</span> <span class='ocrx_word' id='word_1_445' title='bbox 3500 1874 3578 1934; x_wconf 81' lang='grc' dir='ltr'><strong>εἰς</strong></span> <span class='ocrx_word' id='word_1_446' title='bbox 3612 1870 3804 1940; x_wconf 80' lang='grc' dir='ltr'>βόθρον</span> 
     </span>
    </p>
   </div>
   <div class='ocr_carea' id='block_1_61' title="bbox 2229 1964 3804 2050">
    <p class='ocr_par' dir='ltr' id='par_1_61' title="bbox 2229 1964 3804 2050">
     <span class='ocr_line' id='line_1_61' title="bbox 2229 1964 3804 2050; baseline -0.014 -15"><span class='ocrx_word' id='word_1_447' title='bbox 2229 1978 2703 2050; x_wconf 83' lang='grc' dir='ltr'>κατενηνεγμένοι,</span> <span class='ocrx_word' id='word_1_448' title='bbox 2726 1976 2815 2029; x_wconf 81' lang='grc' dir='ltr'><strong>διά</strong></span> <span class='ocrx_word' id='word_1_449' title='bbox 2840 1991 2903 2042; x_wconf 90' lang='grc' dir='ltr'><strong>γε</strong></span> <span class='ocrx_word' id='word_1_450' title='bbox 2934 1973 2994 2024; x_wconf 81' lang='grc' dir='ltr'><strong>τὸ</strong></span> <span class='ocrx_word' id='word_1_451' title='bbox 3043 1968 3352 2040; x_wconf 89' lang='grc' dir='ltr'>σταυρῶσαι</span> <span class='ocrx_word' id='word_1_452' title='bbox 3385 1964 3637 2036; x_wconf 83' lang='grc' dir='ltr'>Χριστὸν,</span> <span class='ocrx_word' id='word_1_453' title='bbox 3665 1979 3804 2032; x_wconf 85' lang='grc' dir='ltr'>προ-</span> 
     </span>
    </p>
   </div>
   <div class='ocr_carea' id='block_1_62' title="bbox 2231 2055 3806 2146">
    <p class='ocr_par' dir='ltr' id='par_1_62' title="bbox 2231 2055 3806 2146">
     <span class='ocr_line' id='line_1_62' title="bbox 2231 2055 3806 2146; baseline -0.014 -18"><span class='ocrx_word' id='word_1_454' title='bbox 2231 2075 2543 2146; x_wconf 79' lang='grc' dir='ltr'>μεμήνυκεν</span> <span class='ocrx_word' id='word_1_455' title='bbox 2573 2068 2836 2142; x_wconf 77' lang='grc' dir='ltr'><strong>ἐναργῶς.</strong></span> <span class='ocrx_word' id='word_1_456' title='bbox 2893 2067 3012 2119; x_wconf 86' lang='grc' dir='ltr'>Ὅτι</span> <span class='ocrx_word' id='word_1_457' title='bbox 3075 2064 3132 2118; x_wconf 83' lang='grc' dir='ltr'><strong>δὲ</strong></span> <span class='ocrx_word' id='word_1_458' title='bbox 3183 2064 3296 2125; x_wconf 85' lang='grc' dir='ltr'>τοῖς</span> <span class='ocrx_word' id='word_1_459' title='bbox 3336 2058 3668 2120; x_wconf 79' lang='grc' dir='ltr'>πιστεύουσι,</span> <span class='ocrx_word' id='word_1_460' title='bbox 3706 2055 3806 2146; x_wconf 65' lang='grc' dir='ltr'><strong>καὶ</strong></span> 
     </span>
    </p>
   </div>
   <div class='ocr_carea' id='block_1_63' title="bbox 2227 2145 3806 2248">
    <p class='ocr_par' dir='ltr' id='par_1_63' title="bbox 2227 2145 3806 2248">
     <span class='ocr_line' id='line_1_63' title="bbox 2227 2145 3806 2248; baseline -0.024 -26"><span class='ocrx_word' id='word_1_461' title='bbox 2227 2145 2568 2237; x_wconf 75' lang='grc' dir='ltr'><strong>ἠγαπηκόσιν</strong></span> <span class='ocrx_word' id='word_1_462' title='bbox 2588 2162 2772 2226; x_wconf 80' lang='grc' dir='ltr'>αὑτὸν,</span> <span class='ocrx_word' id='word_1_463' title='bbox 2790 2161 2890 2213; x_wconf 86' lang='grc' dir='ltr'><strong>οὑκ</strong></span> <span class='ocrx_word' id='word_1_464' title='bbox 2913 2155 3322 2248; x_wconf 65' lang='grc' dir='ltr'>ἀκερδὲςέσται</span> <span class='ocrx_word' id='word_1_465' title='bbox 3342 2150 3402 2203; x_wconf 79' lang='grc' dir='ltr'>τὸ</span> <span class='ocrx_word' id='word_1_466' title='bbox 3431 2149 3638 2248; x_wconf 51' lang='grc' dir='ltr'>χρῆμα,</span> <span class='ocrx_word' id='word_1_467' title='bbox 3669 2145 3806 2248; x_wconf 46' lang='grc' dir='ltr'>μῗλ-</span> 
     </span>
    </p>
   </div>
   <div class='ocr_carea' id='block_1_64' title="bbox 2227 2241 3810 2323">
    <p class='ocr_par' dir='ltr' id='par_1_64' title="bbox 2227 2241 3810 2323">
     <span class='ocr_line' id='line_1_64' title="bbox 2227 2241 3810 2323; baseline -0.016 -13"><span class='ocrx_word' id='word_1_468' title='bbox 2227 2258 2316 2310; x_wconf 85' lang='grc' dir='ltr'><strong>λον</strong></span> <span class='ocrx_word' id='word_1_469' title='bbox 2343 2255 2399 2308; x_wconf 75' lang='grc' dir='ltr'><strong>δὲ</strong></span> <span class='ocrx_word' id='word_1_470' title='bbox 2430 2257 2523 2308; x_wconf 75' lang='grc' dir='ltr'>καὶ</span> <span class='ocrx_word' id='word_1_471' title='bbox 2549 2251 2684 2323; x_wconf 83' lang='grc' dir='ltr'>πρὸς</span> <span class='ocrx_word' id='word_1_472' title='bbox 2705 2247 3044 2321; x_wconf 71' lang='grc' dir='ltr'>εὐφροσύνης</span> <span class='ocrx_word' id='word_1_473' title='bbox 3080 2246 3172 2299; x_wconf 74' lang='grc' dir='ltr'><strong>καὶ</strong></span> <span class='ocrx_word' id='word_1_474' title='bbox 3199 2241 3441 2314; x_wconf 75' lang='grc' dir='ltr'>τέρψεων</span> <span class='ocrx_word' id='word_1_475' title='bbox 3469 2241 3810 2307; x_wconf 70' lang='grc' dir='ltr'>ἐπιτερπῶν,</span> 
     </span>
    </p>
   </div>
   <div class='ocr_carea' id='block_1_65' title="bbox 2228 2325 3809 2416">
    <p class='ocr_par' dir='ltr' id='par_1_65' title="bbox 2228 2325 3809 2416">
     <span class='ocr_line' id='line_1_65' title="bbox 2228 2325 3809 2416; baseline -0.015 -17"><span class='ocrx_word' id='word_1_476' title='bbox 2228 2341 2588 2416; x_wconf 82' lang='grc' dir='ltr'>προαγορεύει</span> <span class='ocrx_word' id='word_1_477' title='bbox 2617 2339 2921 2411; x_wconf 84' lang='grc' dir='ltr'>χρησίμως.</span> <span class='ocrx_word' id='word_1_478' title='bbox 2965 2334 3322 2406; x_wconf 77' lang='grc' dir='ltr'>Μαρτυρήσει</span> <span class='ocrx_word' id='word_1_479' title='bbox 3367 2329 3425 2382; x_wconf 83' lang='grc' dir='ltr'>δὲ</span> <span class='ocrx_word' id='word_1_480' title='bbox 3468 2325 3809 2416; x_wconf 15' lang='grc' dir='ltr'>τούτοιςᾲκαὶ</span> 
     </span>
    </p>
   </div>
   <div class='ocr_carea' id='block_1_66' title="bbox 2225 2414 3806 2503">
    <p class='ocr_par' dir='ltr' id='par_1_66' title="bbox 2225 2414 3806 2503">
     <span class='ocr_line' id='line_1_66' title="bbox 2225 2414 3806 2503; baseline -0.016 -14"><span class='ocrx_word' id='word_1_481' title='bbox 2225 2414 2483 2496; x_wconf 64' lang='grc' dir='ltr'>ὁὺίκαιος</span> <span class='ocrx_word' id='word_1_482' title='bbox 2520 2430 2765 2503; x_wconf 86' lang='grc' dir='ltr'>Συμεών.</span> <span class='ocrx_word' id='word_1_483' title='bbox 2799 2430 2928 2482; x_wconf 88' lang='grc' dir='ltr'>Ὅτε</span> <span class='ocrx_word' id='word_1_484' title='bbox 2967 2429 3076 2498; x_wconf 79' lang='grc' dir='ltr'>γὰρ</span> <span class='ocrx_word' id='word_1_485' title='bbox 3118 2423 3180 2477; x_wconf 84' lang='grc' dir='ltr'>τὺ</span> <span class='ocrx_word' id='word_1_486' title='bbox 3217 2422 3358 2474; x_wconf 89' lang='grc' dir='ltr'>θεῖον</span> <span class='ocrx_word' id='word_1_487' title='bbox 3389 2418 3641 2472; x_wconf 77' lang='grc' dir='ltr'>τεθέαται</span> <span class='ocrx_word' id='word_1_488' title='bbox 3673 2414 3806 2484; x_wconf 82' lang='grc' dir='ltr'>βρέ-</span> 
     </span>
    </p>
   </div>
   <div class='ocr_carea' id='block_1_67' title="bbox 2227 2504 3800 2608">
    <p class='ocr_par' dir='ltr' id='par_1_67' title="bbox 2227 2504 3800 2608">
     <span class='ocr_line' id='line_1_67' title="bbox 2227 2504 3800 2608; baseline -0.017 -29"><span class='ocrx_word' id='word_1_489' title='bbox 2227 2543 2345 2595; x_wconf 83' lang='grc' dir='ltr'>φος,</span> <span class='ocrx_word' id='word_1_490' title='bbox 2376 2523 2469 2576; x_wconf 70' lang='grc' dir='ltr'>καὶ</span> <span class='ocrx_word' id='word_1_491' title='bbox 2495 2523 2576 2584; x_wconf 87' lang='grc' dir='ltr'>εἰς</span> <span class='ocrx_word' id='word_1_492' title='bbox 2604 2518 2848 2588; x_wconf 83' lang='grc' dir='ltr'>ἀγκάλας</span> <span class='ocrx_word' id='word_1_493' title='bbox 2872 2515 3109 2582; x_wconf 73' lang='grc' dir='ltr'>ἐδέξατο,</span> <span class='ocrx_word' id='word_1_494' title='bbox 3155 2509 3552 2608; x_wconf 38' lang='grc' dir='ltr'>προεφητειυσε,</span> <span class='ocrx_word' id='word_1_495' title='bbox 3591 2504 3761 2608; x_wconf 70' lang='grc' dir='ltr'>λέγων</span> <span class='ocrx_word' id='word_1_496' title='bbox 3785 2517 3800 2528; x_wconf 89' lang='grc'><strong>·</strong></span> 
     </span>
    </p>
   </div>
   <div class='ocr_carea' id='block_1_68' title="bbox 2234 2599 3805 2676">
    <p class='ocr_par' dir='ltr' id='par_1_68' title="bbox 2234 2599 3805 2676">
     <span class='ocr_line' id='line_1_68' title="bbox 2234 2599 3805 2676; baseline -0.017 -7"><span class='ocrx_word' id='word_1_497' title='bbox 2234 2637 2250 2668; x_wconf 75' lang='grc' dir='ltr'><strong>ι</strong></span> <span class='ocrx_word' id='word_1_498' title='bbox 2307 2616 2436 2668; x_wconf 80' lang='grc' dir='ltr'><strong>Ἰδοὺ</strong></span> <span class='ocrx_word' id='word_1_499' title='bbox 2464 2605 2619 2676; x_wconf 73' lang='grc' dir='ltr'>οὗτος</span> <span class='ocrx_word' id='word_1_500' title='bbox 2663 2612 2839 2664; x_wconf 86' lang='grc' dir='ltr'>κεῖται</span> <span class='ocrx_word' id='word_1_501' title='bbox 2870 2609 2948 2670; x_wconf 85' lang='grc' dir='ltr'><strong>είς</strong></span> <span class='ocrx_word' id='word_1_502' title='bbox 2981 2604 3190 2658; x_wconf 84' lang='grc' dir='ltr'>πτῶσιν</span> <span class='ocrx_word' id='word_1_503' title='bbox 3216 2602 3308 2654; x_wconf 78' lang='grc' dir='ltr'><strong>καὶ</strong></span> <span class='ocrx_word' id='word_1_504' title='bbox 3347 2599 3641 2653; x_wconf 78' lang='grc' dir='ltr'>ἀνάστασιν</span> <span class='ocrx_word' id='word_1_505' title='bbox 3674 2599 3805 2645; x_wconf 59' lang='grc' dir='ltr'>πολε</span> 
     </span>
    </p>
   </div>
   <div class='ocr_carea' id='block_1_69' title="bbox 2225 2682 3803 2768">
    <p class='ocr_par' dir='ltr' id='par_1_69' title="bbox 2225 2682 3803 2768">
     <span class='ocr_line' id='line_1_69' title="bbox 2225 2682 3803 2768; baseline -0.015 -13"><span class='ocrx_word' id='word_1_506' title='bbox 2225 2703 2354 2766; x_wconf 86' lang='grc' dir='ltr'>λῶν,</span> <span class='ocrx_word' id='word_1_507' title='bbox 2384 2701 2478 2755; x_wconf 74' lang='grc' dir='ltr'><strong>καὶ</strong></span> <span class='ocrx_word' id='word_1_508' title='bbox 2526 2701 2604 2761; x_wconf 88' lang='grc' dir='ltr'>εἰς</span> <span class='ocrx_word' id='word_1_509' title='bbox 2655 2697 2878 2768; x_wconf 88' lang='grc' dir='ltr'>σημεῖον</span> <span class='ocrx_word' id='word_1_510' title='bbox 2934 2692 3372 2760; x_wconf 81' lang='grc' dir='ltr'>ἀντιλεγόμενον.</span> <span class='ocrx_word' id='word_1_511' title='bbox 3409 2705 3426 2738; x_wconf 66' lang='grc' dir='ltr'><strong>ι</strong></span> <span class='ocrx_word' id='word_1_512' title='bbox 3473 2682 3803 2738; x_wconf 85' lang='grc' dir='ltr'>Πεπτώκασι</span> 
     </span>
    </p>
   </div>
   <div class='ocr_carea' id='block_1_70' title="bbox 2226 2772 3803 2864">
    <p class='ocr_par' dir='ltr' id='par_1_70' title="bbox 2226 2772 3803 2864">
     <span class='ocr_line' id='line_1_70' title="bbox 2226 2772 3803 2864; baseline -0.016 -17"><span class='ocrx_word' id='word_1_513' title='bbox 2226 2795 2333 2864; x_wconf 77' lang='grc' dir='ltr'><strong>γὰρ</strong></span> <span class='ocrx_word' id='word_1_514' title='bbox 2358 2794 2407 2845; x_wconf 81' lang='grc' dir='ltr'><strong>οἱ</strong></span> <span class='ocrx_word' id='word_1_515' title='bbox 2430 2792 2489 2844; x_wconf 83' lang='grc' dir='ltr'><strong>τὸ</strong></span> <span class='ocrx_word' id='word_1_516' title='bbox 2515 2789 2720 2843; x_wconf 80' lang='grc' dir='ltr'>δίκαιον</span> <span class='ocrx_word' id='word_1_517' title='bbox 2775 2781 2915 2856; x_wconf 76' lang='grc' dir='ltr'>αἷμα</span> <span class='ocrx_word' id='word_1_518' title='bbox 2963 2785 3083 2846; x_wconf 83' lang='grc' dir='ltr'>ταῖς</span> <span class='ocrx_word' id='word_1_519' title='bbox 3110 2782 3259 2850; x_wconf 83' lang='grc' dir='ltr'>σφῶν</span> <span class='ocrx_word' id='word_1_520' title='bbox 3315 2777 3493 2832; x_wconf 85' lang='grc' dir='ltr'>αὑτῶν</span> <span class='ocrx_word' id='word_1_521' title='bbox 3542 2772 3803 2841; x_wconf 79' lang='grc' dir='ltr'>ἐπαντλή-</span> 
     </span>
    </p>
   </div>
   <div class='ocr_carea' id='block_1_71' title="bbox 2229 2865 3797 2948">
    <p class='ocr_par' dir='ltr' id='par_1_71' title="bbox 2229 2865 3797 2948">
     <span class='ocr_line' id='line_1_71' title="bbox 2229 2865 3797 2948; baseline -0.014 -12"><span class='ocrx_word' id='word_1_522' title='bbox 2229 2899 2418 2944; x_wconf 85' lang='grc' dir='ltr'>σαντες</span> <span class='ocrx_word' id='word_1_523' title='bbox 2452 2879 2738 2948; x_wconf 82' lang='grc' dir='ltr'>κεφαλαῖς,</span> <span class='ocrx_word' id='word_1_524' title='bbox 2770 2875 2958 2946; x_wconf 87' lang='grc' dir='ltr'>ῶσπερ</span> <span class='ocrx_word' id='word_1_525' title='bbox 3003 2871 3349 2944; x_wconf 77' lang='grc' dir='ltr'>ἐρριμμένοι,</span> <span class='ocrx_word' id='word_1_526' title='bbox 3386 2868 3480 2921; x_wconf 73' lang='grc' dir='ltr'><strong>καὶ</strong></span> <span class='ocrx_word' id='word_1_527' title='bbox 3516 2865 3757 2936; x_wconf 87' lang='grc' dir='ltr'>κείμενοι</span> <span class='ocrx_word' id='word_1_528' title='bbox 3783 2903 3797 2923; x_wconf 84' lang='grc'><strong>,</strong></span> 
     </span>
    </p>
   </div>
   <div class='ocr_carea' id='block_1_72' title="bbox 2227 2953 3799 3032">
    <p class='ocr_par' dir='ltr' id='par_1_72' title="bbox 2227 2953 3799 3032">
     <span class='ocr_line' id='line_1_72' title="bbox 2227 2953 3799 3032; baseline -0.013 -7"><span class='ocrx_word' id='word_1_529' title='bbox 2227 2974 2319 3025; x_wconf 72' lang='grc' dir='ltr'><strong>καὶ</strong></span> <span class='ocrx_word' id='word_1_530' title='bbox 2346 2971 2450 3024; x_wconf 81' lang='grc' dir='ltr'><strong>ὑπὸ</strong></span> <span class='ocrx_word' id='word_1_531' title='bbox 2475 2970 2638 3032; x_wconf 80' lang='grc' dir='ltr'>πόδας</span> <span class='ocrx_word' id='word_1_532' title='bbox 2692 2965 2847 3029; x_wconf 75' lang='grc' dir='ltr'>ὄντες</span> <span class='ocrx_word' id='word_1_533' title='bbox 2891 2961 3249 3024; x_wconf 77' lang='grc' dir='ltr'>διαϐολικούς·</span> <span class='ocrx_word' id='word_1_534' title='bbox 3295 2955 3628 3029; x_wconf 84' lang='grc' dir='ltr'>ώρθώθησαν</span> <span class='ocrx_word' id='word_1_535' title='bbox 3665 2953 3719 3006; x_wconf 79' lang='grc' dir='ltr'><strong>δὲ</strong></span> <span class='ocrx_word' id='word_1_536' title='bbox 3751 2953 3799 3006; x_wconf 80' lang='lat' dir='ltr'><strong>oi</strong></span> 
     </span>
    </p>
   </div>
   <div class='ocr_carea' id='block_1_73' title="bbox 2227 3042 3800 3128">
    <p class='ocr_par' dir='ltr' id='par_1_73' title="bbox 2227 3042 3800 3128">
     <span class='ocr_line' id='line_1_73' title="bbox 2227 3042 3800 3128; baseline -0.012 -13"><span class='ocrx_word' id='word_1_537' title='bbox 2227 3065 2283 3128; x_wconf 76' lang='grc' dir='ltr'>ἐξ</span> <span class='ocrx_word' id='word_1_538' title='bbox 2307 3062 2495 3114; x_wconf 75' lang='grc' dir='ltr'>ἐθνῶν.</span> <span class='ocrx_word' id='word_1_539' title='bbox 2531 3060 2640 3112; x_wconf 77' lang='grc' dir='ltr'>Καὶ</span> <span class='ocrx_word' id='word_1_540' title='bbox 2669 3047 2829 3119; x_wconf 80' lang='grc' dir='ltr'>αὑτὸς</span> <span class='ocrx_word' id='word_1_541' title='bbox 2875 3055 2932 3108; x_wconf 89' lang='grc' dir='ltr'><strong>δέ</strong></span> <span class='ocrx_word' id='word_1_542' title='bbox 2986 3071 3088 3108; x_wconf 87' lang='grc' dir='ltr'><strong>που</strong></span> <span class='ocrx_word' id='word_1_543' title='bbox 3137 3050 3394 3121; x_wconf 78' lang='grc' dir='ltr'>Χριστὸς,</span> <span class='ocrx_word' id='word_1_544' title='bbox 3429 3042 3800 3118; x_wconf 80' lang='grc' dir='ltr'>προανεφώνει</span> 
     </span>
    </p>
   </div>
   <div class='ocr_carea' id='block_1_74' title="bbox 2231 3134 3799 3223">
    <p class='ocr_par' dir='ltr' id='par_1_74' title="bbox 2231 3134 3799 3223">
     <span class='ocr_line' id='line_1_74' title="bbox 2231 3134 3799 3223; baseline -0.013 -18"><span class='ocrx_word' id='word_1_545' title='bbox 2231 3154 2328 3223; x_wconf 82' lang='grc' dir='ltr'>μὲν</span> <span class='ocrx_word' id='word_1_546' title='bbox 2356 3155 2466 3214; x_wconf 87' lang='grc' dir='ltr'>τοῖς</span> <span class='ocrx_word' id='word_1_547' title='bbox 2490 3151 2662 3217; x_wconf 82' lang='grc' dir='ltr'>ἁγίοις</span> <span class='ocrx_word' id='word_1_548' title='bbox 2696 3147 2963 3218; x_wconf 73' lang='grc' dir='ltr'>μαθηταῖς</span> <span class='ocrx_word' id='word_1_549' title='bbox 3003 3144 3062 3198; x_wconf 77' lang='grc' dir='ltr'><strong>τὸ</strong></span> <span class='ocrx_word' id='word_1_550' title='bbox 3112 3144 3205 3196; x_wconf 76' lang='grc' dir='ltr'>ἐπὶ</span> <span class='ocrx_word' id='word_1_551' title='bbox 3236 3140 3313 3212; x_wconf 80' lang='grc' dir='ltr'>τῷ</span> <span class='ocrx_word' id='word_1_552' title='bbox 3340 3137 3555 3208; x_wconf 80' lang='grc' dir='ltr'>σταυρῷ</span> <span class='ocrx_word' id='word_1_553' title='bbox 3596 3134 3762 3197; x_wconf 81' lang='grc' dir='ltr'>πάθος</span> <span class='ocrx_word' id='word_1_554' title='bbox 3786 3149 3799 3164; x_wconf 90' lang='grc'><strong>·</strong></span> 
     </span>
    </p>
   </div>
   <div class='ocr_carea' id='block_1_75' title="bbox 2227 3229 3802 3312">
    <p class='ocr_par' dir='ltr' id='par_1_75' title="bbox 2227 3229 3802 3312">
     <span class='ocr_line' id='line_1_75' title="bbox 2227 3229 3802 3312; baseline -0.013 -15"><span class='ocrx_word' id='word_1_555' title='bbox 2227 3243 2499 3312; x_wconf 80' lang='grc' dir='ltr'>ἐπειδὴδὲ</span> <span class='ocrx_word' id='word_1_556' title='bbox 2546 3239 2840 3308; x_wconf 72' lang='grc' dir='ltr'>γεγονότας</span> <span class='ocrx_word' id='word_1_557' title='bbox 2881 3238 2938 3288; x_wconf 80' lang='grc' dir='ltr'><strong>ὲν</strong></span> <span class='ocrx_word' id='word_1_558' title='bbox 2985 3233 3309 3304; x_wconf 75' lang='grc' dir='ltr'>κατηφείαις</span> <span class='ocrx_word' id='word_1_559' title='bbox 3357 3229 3630 3288; x_wconf 80' lang='grc' dir='ltr'>τεθέαται,</span> <span class='ocrx_word' id='word_1_560' title='bbox 3665 3241 3802 3294; x_wconf 65' lang='grc' dir='ltr'>παρη</span> 
     </span>
    </p>
   </div>
   <div class='ocr_carea' id='block_1_76' title="bbox 2227 3317 3802 3399">
    <p class='ocr_par' dir='ltr' id='par_1_76' title="bbox 2227 3317 3802 3399">
     <span class='ocr_line' id='line_1_76' title="bbox 2227 3317 3802 3399; baseline -0.013 -11"><span class='ocrx_word' id='word_1_561' title='bbox 2227 3334 2410 3388; x_wconf 81' lang='grc' dir='ltr'>εκάλει</span> <span class='ocrx_word' id='word_1_562' title='bbox 2439 3334 2631 3399; x_wconf 85' lang='grc' dir='ltr'>λέγων·</span> <span class='ocrx_word' id='word_1_563' title='bbox 2673 3351 2689 3382; x_wconf 80' lang='grc' dir='ltr'><strong>ι</strong></span> <span class='ocrx_word' id='word_1_564' title='bbox 2713 3331 2777 3382; x_wconf 82' lang='grc' dir='ltr'><strong>Ἦ</strong></span> <span class='ocrx_word' id='word_1_565' title='bbox 2804 3329 2940 3396; x_wconf 81' lang='grc' dir='ltr'>γυνὴ</span> <span class='ocrx_word' id='word_1_566' title='bbox 2983 3329 3111 3380; x_wconf 82' lang='grc' dir='ltr'>ὅταν</span> <span class='ocrx_word' id='word_1_567' title='bbox 3145 3326 3326 3394; x_wconf 81' lang='grc' dir='ltr'>τίκτῃ,</span> <span class='ocrx_word' id='word_1_568' title='bbox 3359 3321 3537 3388; x_wconf 82' lang='grc' dir='ltr'>λύπην</span> <span class='ocrx_word' id='word_1_569' title='bbox 3566 3318 3698 3389; x_wconf 79' lang='grc' dir='ltr'>ἔχει,</span> <span class='ocrx_word' id='word_1_570' title='bbox 3721 3317 3802 3368; x_wconf 78' lang='grc' dir='ltr'>ὅτι</span> 
     </span>
    </p>
   </div>
   <div class='ocr_carea' id='block_1_77' title="bbox 2223 3408 3799 3496">
    <p class='ocr_par' dir='ltr' id='par_1_77' title="bbox 2223 3408 3799 3496">
     <span class='ocr_line' id='line_1_77' title="bbox 2223 3408 3799 3496; baseline -0.015 -17"><span class='ocrx_word' id='word_1_571' title='bbox 2223 3422 2386 3496; x_wconf 82' lang='grc' dir='ltr'>ἦλθεν</span> <span class='ocrx_word' id='word_1_572' title='bbox 2526 3423 2644 3493; x_wconf 81' lang='grc' dir='ltr'>ὥρα</span> <span class='ocrx_word' id='word_1_573' title='bbox 2672 3421 2862 3489; x_wconf 73' lang='grc' dir='ltr'>αὐτῆς.</span> <span class='ocrx_word' id='word_1_574' title='bbox 2890 3419 3059 3470; x_wconf 83' lang='grc' dir='ltr'>’Όταν</span> <span class='ocrx_word' id='word_1_575' title='bbox 3085 3417 3141 3469; x_wconf 79' lang='grc' dir='ltr'><strong>δὲ</strong></span> <span class='ocrx_word' id='word_1_576' title='bbox 3171 3415 3327 3484; x_wconf 74' lang='grc' dir='ltr'>τέκῃ,</span> <span class='ocrx_word' id='word_1_577' title='bbox 3385 3411 3531 3482; x_wconf 79' lang='grc' dir='ltr'>χαρᾷ</span> <span class='ocrx_word' id='word_1_578' title='bbox 3582 3408 3762 3478; x_wconf 78' lang='grc' dir='ltr'>χαίρει</span> <span class='ocrx_word' id='word_1_579' title='bbox 3784 3447 3799 3466; x_wconf 94' lang='grc'><strong>,</strong></span> 
     </span>
    </p>
   </div>
   <div class='ocr_carea' id='block_1_78' title="bbox 2225 3500 3803 3587">
    <p class='ocr_par' dir='ltr' id='par_1_78' title="bbox 2225 3500 3803 3587">
     <span class='ocr_line' id='line_1_78' title="bbox 2225 3500 3803 3587; baseline -0.015 -15"><span class='ocrx_word' id='word_1_580' title='bbox 2225 3520 2304 3572; x_wconf 81' lang='grc' dir='ltr'>ὅτι</span> <span class='ocrx_word' id='word_1_581' title='bbox 2332 3517 2593 3587; x_wconf 72' lang='grc' dir='ltr'>ἐγεννήθη</span> <span class='ocrx_word' id='word_1_582' title='bbox 2619 3515 2903 3584; x_wconf 78' lang='grc' dir='ltr'>ἄνθρωπος</span> <span class='ocrx_word' id='word_1_583' title='bbox 2932 3513 3010 3572; x_wconf 87' lang='grc' dir='ltr'><strong>είς</strong></span> <span class='ocrx_word' id='word_1_584' title='bbox 3049 3509 3143 3561; x_wconf 71' lang='grc' dir='ltr'><strong>τὸν.</strong></span> <span class='ocrx_word' id='word_1_585' title='bbox 3206 3506 3429 3576; x_wconf 85' lang='grc' dir='ltr'>κόσμον.</span> <span class='ocrx_word' id='word_1_586' title='bbox 3496 3501 3605 3558; x_wconf 72' lang='grc' dir='ltr'>Καὶ</span> <span class='ocrx_word' id='word_1_587' title='bbox 3644 3500 3803 3568; x_wconf 81' lang='grc' dir='ltr'>ὑμεῖς</span> 
     </span>
    </p>
   </div>
   <div class='ocr_carea' id='block_1_79' title="bbox 2225 3587 3805 3680">
    <p class='ocr_par' dir='ltr' id='par_1_79' title="bbox 2225 3587 3805 3680">
     <span class='ocr_line' id='line_1_79' title="bbox 2225 3587 3805 3680; baseline -0.015 -16"><span class='ocrx_word' id='word_1_588' title='bbox 2225 3610 2319 3663; x_wconf 78' lang='grc' dir='ltr'><strong>νῦν</strong></span> <span class='ocrx_word' id='word_1_589' title='bbox 2368 3611 2466 3680; x_wconf 82' lang='grc' dir='ltr'><strong>μὲν</strong></span> <span class='ocrx_word' id='word_1_590' title='bbox 2513 3607 2689 3677; x_wconf 86' lang='grc' dir='ltr'>λύπην</span> <span class='ocrx_word' id='word_1_591' title='bbox 2728 3604 2900 3673; x_wconf 71' lang='grc' dir='ltr'>ἔχετε,</span> <span class='ocrx_word' id='word_1_592' title='bbox 2959 3600 3184 3671; x_wconf 75' lang='grc' dir='ltr'>ὕστερον</span> <span class='ocrx_word' id='word_1_593' title='bbox 3212 3599 3269 3651; x_wconf 78' lang='grc' dir='ltr'><strong>δὲ</strong></span> <span class='ocrx_word' id='word_1_594' title='bbox 3333 3593 3528 3665; x_wconf 67' lang='grc' dir='ltr'>ὅψεσθέ</span> <span class='ocrx_word' id='word_1_595' title='bbox 3577 3607 3665 3661; x_wconf 89' lang='grc' dir='ltr'><strong>με,</strong></span> <span class='ocrx_word' id='word_1_596' title='bbox 3710 3587 3805 3642; x_wconf 74' lang='grc' dir='ltr'><strong>καὶ</strong></span> 
     </span>
    </p>
   </div>
   <div class='ocr_carea' id='block_1_80' title="bbox 2225 3680 3804 3773">
    <p class='ocr_par' dir='ltr' id='par_1_80' title="bbox 2225 3680 3804 3773">
     <span class='ocr_line' id='line_1_80' title="bbox 2225 3680 3804 3773; baseline -0.015 -19"><span class='ocrx_word' id='word_1_597' title='bbox 2225 3703 2521 3773; x_wconf 77' lang='grc' dir='ltr'>χαρήσεται</span> <span class='ocrx_word' id='word_1_598' title='bbox 2543 3698 2696 3768; x_wconf 84' lang='grc' dir='ltr'>ὑμῶν</span> <span class='ocrx_word' id='word_1_599' title='bbox 2746 3698 2778 3767; x_wconf 85' lang='grc' dir='ltr'>ἡ</span> <span class='ocrx_word' id='word_1_600' title='bbox 2806 3695 3018 3766; x_wconf 83' lang='grc' dir='ltr'>καρδία.</span> <span class='ocrx_word' id='word_1_601' title='bbox 3053 3715 3070 3744; x_wconf 70' lang='grc' dir='ltr'><strong>ι</strong></span> <span class='ocrx_word' id='word_1_602' title='bbox 3127 3689 3284 3744; x_wconf 71' lang='grc' dir='ltr'>Οὕτω</span> <span class='ocrx_word' id='word_1_603' title='bbox 3314 3687 3406 3741; x_wconf 70' lang='grc' dir='ltr'><strong>καὶ</strong></span> <span class='ocrx_word' id='word_1_604' title='bbox 3437 3680 3804 3773; x_wconf 83' lang='grc' dir='ltr'>ἐγηγερμένος</span> 
     </span>
    </p>
   </div>
   <div class='ocr_carea' id='block_1_81' title="bbox 2226 3771 3804 3863">
    <p class='ocr_par' dir='ltr' id='par_1_81' title="bbox 2226 3771 3804 3863">
     <span class='ocr_line' id='line_1_81' title="bbox 2226 3771 3804 3863; baseline -0.014 -17"><span class='ocrx_word' id='word_1_605' title='bbox 2226 3771 2556 3863; x_wconf 23' lang='grc' dir='ltr'>έκννεκρῶν,</span> <span class='ocrx_word' id='word_1_606' title='bbox 2596 3792 2716 3851; x_wconf 86' lang='grc' dir='ltr'>ταῖς</span> <span class='ocrx_word' id='word_1_607' title='bbox 2758 3790 2814 3840; x_wconf 82' lang='grc' dir='ltr'>ὲν</span> <span class='ocrx_word' id='word_1_608' title='bbox 2872 3787 2950 3856; x_wconf 84' lang='grc' dir='ltr'>τῷ</span> <span class='ocrx_word' id='word_1_609' title='bbox 3013 3785 3174 3854; x_wconf 81' lang='grc' dir='ltr'>κήπῳ</span> <span class='ocrx_word' id='word_1_610' title='bbox 3229 3776 3542 3839; x_wconf 76' lang='grc' dir='ltr'>κλαιούσαις</span> <span class='ocrx_word' id='word_1_611' title='bbox 3587 3771 3804 3842; x_wconf 75' lang='grc' dir='ltr'><strong>γυναιῇ⁸</strong></span> 
     </span>
    </p>
   </div>
   <div class='ocr_carea' id='block_1_82' title="bbox 2231 3867 3810 3955">
    <p class='ocr_par' dir='ltr' id='par_1_82' title="bbox 2231 3867 3810 3955">
     <span class='ocr_line' id='line_1_82' title="bbox 2231 3867 3810 3955; baseline -0.015 -18"><span class='ocrx_word' id='word_1_612' title='bbox 2231 3881 2575 3955; x_wconf 85' lang='grc' dir='ltr'>προσεφώνει</span> <span class='ocrx_word' id='word_1_613' title='bbox 2599 3881 2680 3945; x_wconf 79' lang='grc' dir='ltr'><strong>τὸ,</strong></span> <span class='ocrx_word' id='word_1_614' title='bbox 2714 3879 2968 3949; x_wconf 88' lang='grc' dir='ltr'>Χαίρετε.</span> <span class='ocrx_word' id='word_1_615' title='bbox 3008 3875 3213 3948; x_wconf 84' lang='grc' dir='ltr'>Πρέποι</span> <span class='ocrx_word' id='word_1_616' title='bbox 3248 3873 3292 3924; x_wconf 81' lang='grc' dir='ltr'><strong>δ’</strong></span> <span class='ocrx_word' id='word_1_617' title='bbox 3331 3870 3417 3931; x_wconf 79' lang='grc' dir='ltr'><strong>ἂν,</strong></span> <span class='ocrx_word' id='word_1_618' title='bbox 3459 3867 3551 3920; x_wconf 72' lang='grc' dir='ltr'><strong>καὶ</strong></span> <span class='ocrx_word' id='word_1_619' title='bbox 3576 3867 3810 3955; x_wconf 73' lang='grc' dir='ltr'>ἕκαστον</span> 
     </span>
    </p>
   </div>
   <div class='ocr_carea' id='block_1_83' title="bbox 2226 3954 3801 4038">
    <p class='ocr_par' dir='ltr' id='par_1_83' title="bbox 2226 3954 3801 4038">
     <span class='ocr_line' id='line_1_83' title="bbox 2226 3954 3801 4038; baseline -0.014 -13"><span class='ocrx_word' id='word_1_620' title='bbox 2226 3954 2333 4025; x_wconf 88' lang='grc' dir='ltr'><strong>τῶν</strong></span> <span class='ocrx_word' id='word_1_621' title='bbox 2376 3967 2712 4038; x_wconf 84' lang='grc' dir='ltr'>ἀγαπώντων</span> <span class='ocrx_word' id='word_1_622' title='bbox 2753 3965 2915 4020; x_wconf 82' lang='grc' dir='ltr'>αὑτὸν</span> <span class='ocrx_word' id='word_1_623' title='bbox 2968 3964 3060 4017; x_wconf 84' lang='grc' dir='ltr'>ὲπί</span> <span class='ocrx_word' id='word_1_624' title='bbox 3100 3978 3162 4030; x_wconf 88' lang='grc' dir='ltr'><strong>γε</strong></span> <span class='ocrx_word' id='word_1_625' title='bbox 3205 3959 3282 4030; x_wconf 84' lang='grc' dir='ltr'>τῷ</span> <span class='ocrx_word' id='word_1_626' title='bbox 3338 3954 3555 4026; x_wconf 86' lang='grc' dir='ltr'>σταυρῷ</span> <span class='ocrx_word' id='word_1_627' title='bbox 3596 3955 3688 4006; x_wconf 70' lang='grc' dir='ltr'><strong>καὶ</strong></span> <span class='ocrx_word' id='word_1_628' title='bbox 3734 3954 3801 4020; x_wconf 77' lang='grc' dir='ltr'>τῇ</span> 
     </span>
    </p>
   </div>
   <div class='ocr_carea' id='block_1_84' title="bbox 2225 4041 3799 4126">
    <p class='ocr_par' dir='ltr' id='par_1_84' title="bbox 2225 4041 3799 4126">
     <span class='ocr_line' id='line_1_84' title="bbox 2225 4041 3799 4126; baseline -0.016 -11"><span class='ocrx_word' id='word_1_629' title='bbox 2225 4061 2517 4116; x_wconf 84' lang='grc' dir='ltr'>ἀναστάσει</span> <span class='ocrx_word' id='word_1_630' title='bbox 2545 4058 2745 4126; x_wconf 77' lang='grc' dir='ltr'>λέγειν’</span> <span class='ocrx_word' id='word_1_631' title='bbox 2787 4075 2804 4107; x_wconf 81' lang='grc' dir='ltr'><strong>ι</strong></span> <span class='ocrx_word' id='word_1_632' title='bbox 2843 4052 3153 4124; x_wconf 70' lang='grc' dir='ltr'>Ἔστρεψας</span> <span class='ocrx_word' id='word_1_633' title='bbox 3178 4049 3270 4102; x_wconf 82' lang='grc' dir='ltr'><strong>τὸν</strong></span> <span class='ocrx_word' id='word_1_634' title='bbox 3310 4045 3538 4100; x_wconf 85' lang='grc' dir='ltr'>κοπετόν</span> <span class='ocrx_word' id='word_1_635' title='bbox 3569 4059 3670 4112; x_wconf 89' lang='grc' dir='ltr'><strong>μου</strong></span> <span class='ocrx_word' id='word_1_636' title='bbox 3723 4041 3799 4101; x_wconf 81' lang='grc' dir='ltr'><strong>είς</strong></span> 
     </span>
    </p>
   </div>
   <div class='ocr_carea' id='block_1_85' title="bbox 2223 4131 3872 4224">
    <p class='ocr_par' dir='ltr' id='par_1_85' title="bbox 2223 4131 3872 4224">
     <span class='ocr_line' id='line_1_85' title="bbox 2223 4131 3872 4224; baseline -0.017 -17"><span class='ocrx_word' id='word_1_637' title='bbox 2223 4153 2397 4224; x_wconf 81' lang='grc' dir='ltr'>χαρὰν</span> <span class='ocrx_word' id='word_1_638' title='bbox 2418 4149 2561 4222; x_wconf 73' lang='grc' dir='ltr'>ἐμοὶ,</span> <span class='ocrx_word' id='word_1_639' title='bbox 2583 4146 2871 4218; x_wconf 81' lang='grc' dir='ltr'>διέρῤηξας</span> <span class='ocrx_word' id='word_1_640' title='bbox 2896 4145 2987 4198; x_wconf 83' lang='grc' dir='ltr'><strong>τὸν</strong></span> <span class='ocrx_word' id='word_1_641' title='bbox 3018 4142 3219 4194; x_wconf 82' lang='grc' dir='ltr'>σάκκον</span> <span class='ocrx_word' id='word_1_642' title='bbox 3258 4155 3380 4208; x_wconf 90' lang='grc' dir='ltr'>μου,</span> <span class='ocrx_word' id='word_1_643' title='bbox 3409 4135 3503 4189; x_wconf 68' lang='grc' dir='ltr'><strong>καὶ</strong></span> <span class='ocrx_word' id='word_1_644' title='bbox 3538 4131 3802 4224; x_wconf 76' lang='grc' dir='ltr'>περιέζω-</span> <span class='ocrx_word' id='word_1_645' title='bbox 3862 4168 3872 4176; x_wconf 95' lang='grc'>.</span> 
     </span>
    </p>
   </div>
   <div class='ocr_carea' id='block_1_86' title="bbox 2226 4221 3801 4311">
    <p class='ocr_par' dir='ltr' id='par_1_86' title="bbox 2226 4221 3801 4311">
     <span class='ocr_line' id='line_1_86' title="bbox 2226 4221 3801 4311; baseline -0.016 -15"><span class='ocrx_word' id='word_1_646' title='bbox 2226 4221 2324 4304; x_wconf 75' lang='grc' dir='ltr'>σάς</span> <span class='ocrx_word' id='word_1_647' title='bbox 2357 4257 2422 4311; x_wconf 90' lang='grc' dir='ltr'><strong>με</strong></span> <span class='ocrx_word' id='word_1_648' title='bbox 2446 4236 2804 4309; x_wconf 79' lang='grc' dir='ltr'>εὐφροσύνην.</span> <span class='ocrx_word' id='word_1_649' title='bbox 2840 4254 2859 4285; x_wconf 68' lang='grc' dir='ltr'><strong><em>ι</em></strong></span> <span class='ocrx_word' id='word_1_650' title='bbox 2922 4231 3045 4293; x_wconf 86' lang='grc' dir='ltr'>Πῶς</span> <span class='ocrx_word' id='word_1_651' title='bbox 3099 4229 3206 4298; x_wconf 85' lang='grc' dir='ltr'><strong>γὰρ</strong></span> <span class='ocrx_word' id='word_1_652' title='bbox 3227 4229 3328 4280; x_wconf 89' lang='grc' dir='ltr'><strong>ούκ</strong></span> <span class='ocrx_word' id='word_1_653' title='bbox 3358 4224 3562 4295; x_wconf 78' lang='grc' dir='ltr'>οἴχεται</span> <span class='ocrx_word' id='word_1_654' title='bbox 3600 4221 3698 4293; x_wconf 82' lang='grc' dir='ltr'><strong>μὲν</strong></span> <span class='ocrx_word' id='word_1_655' title='bbox 3737 4223 3801 4311; x_wconf 80' lang='grc' dir='ltr'>ὲκ</span> 
     </span>
    </p>
   </div>
   <div class='ocr_carea' id='block_1_87' title="bbox 2224 4310 3802 4394">
    <p class='ocr_par' dir='ltr' id='par_1_87' title="bbox 2224 4310 3802 4394">
     <span class='ocr_line' id='line_1_87' title="bbox 2224 4310 3802 4394; baseline -0.015 -10"><span class='ocrx_word' id='word_1_656' title='bbox 2224 4310 2400 4386; x_wconf 83' lang='grc' dir='ltr'>ποδῶν</span> <span class='ocrx_word' id='word_1_657' title='bbox 2445 4331 2504 4384; x_wconf 83' lang='grc' dir='ltr'><strong>τὸ</strong></span> <span class='ocrx_word' id='word_1_658' title='bbox 2563 4326 2800 4389; x_wconf 88' lang='grc' dir='ltr'>πενθεῖν,</span> <span class='ocrx_word' id='word_1_659' title='bbox 2845 4322 3124 4394; x_wconf 76' lang='grc' dir='ltr'>ἀφῄρηται</span> <span class='ocrx_word' id='word_1_660' title='bbox 3153 4319 3208 4372; x_wconf 82' lang='grc' dir='ltr'>δὲ</span> <span class='ocrx_word' id='word_1_661' title='bbox 3255 4320 3362 4372; x_wconf 73' lang='grc' dir='ltr'><strong>πᾶν</strong></span> <span class='ocrx_word' id='word_1_662' title='bbox 3414 4315 3646 4385; x_wconf 81' lang='grc' dir='ltr'>δάκρυον</span> <span class='ocrx_word' id='word_1_663' title='bbox 3691 4310 3802 4365; x_wconf 81' lang='grc' dir='ltr'>ἀπὸ</span> 
     </span>
    </p>
   </div>
   <div class='ocr_carea' id='block_1_88' title="bbox 2225 4406 3798 4494">
    <p class='ocr_par' dir='ltr' id='par_1_88' title="bbox 2225 4406 3798 4494">
     <span class='ocr_line' id='line_1_88' title="bbox 2225 4406 3798 4494; baseline -0.015 -16"><span class='ocrx_word' id='word_1_664' title='bbox 2225 4422 2540 4494; x_wconf 83' lang='grc' dir='ltr'>προσώπου,</span> <span class='ocrx_word' id='word_1_665' title='bbox 2583 4418 2722 4474; x_wconf 83' lang='grc' dir='ltr'><strong>κατά</strong></span> <span class='ocrx_word' id='word_1_666' title='bbox 2767 4416 2865 4488; x_wconf 76' lang='grc' dir='ltr'>τὴν</span> <span class='ocrx_word' id='word_1_667' title='bbox 2893 4415 2985 4467; x_wconf 74' lang='grc' dir='ltr'>τοῦ</span> <span class='ocrx_word' id='word_1_668' title='bbox 3022 4413 3300 4483; x_wconf 79' lang='grc' dir='ltr'>προφήτου</span> <span class='ocrx_word' id='word_1_669' title='bbox 3331 4409 3535 4480; x_wconf 77' lang='grc' dir='ltr'>φωνὴν,</span> <span class='ocrx_word' id='word_1_670' title='bbox 3564 4406 3798 4476; x_wconf 79' lang='grc' dir='ltr'>ἐγηγερ-</span> 
     </span>
    </p>
   </div>
   <div class='ocr_carea' id='block_1_89' title="bbox 545 4499 2122 4590">
    <p class='ocr_par' dir='ltr' id='par_1_89' title="bbox 545 4507 2115 4584">
     <span class='ocr_line' id='line_1_89' title="bbox 545 4507 2115 4584; baseline 0.006 -25"><span class='ocrx_word' id='word_1_671' title='bbox 545 4522 609 4559; x_wconf 87' lang='lat' dir='ltr'><strong>eo</strong></span> <span class='ocrx_word' id='word_1_672' title='bbox 637 4507 970 4563; x_wconf 84' lang='lat' dir='ltr'><strong>destructo?</strong></span> <span class='ocrx_word' id='word_1_673' title='bbox 995 4509 1117 4564; x_wconf 88' lang='lat' dir='ltr'><strong>Vita</strong></span> <span class='ocrx_word' id='word_1_674' title='bbox 1146 4510 1289 4565; x_wconf 89' lang='lat' dir='ltr'><strong>enim</strong></span> <span class='ocrx_word' id='word_1_675' title='bbox 1323 4522 1408 4566; x_wconf 90' lang='lat' dir='ltr'><strong>est</strong></span> <span class='ocrx_word' id='word_1_676' title='bbox 1441 4522 1636 4568; x_wconf 81' lang='lat' dir='ltr'><strong>natura</strong></span> <span class='ocrx_word' id='word_1_677' title='bbox 1661 4529 1756 4567; x_wconf 92' lang='lat' dir='ltr'><strong>sua</strong></span> <span class='ocrx_word' id='word_1_678' title='bbox 1782 4514 1825 4580; x_wconf 79' lang='grc'>⁸,</span> <span class='ocrx_word' id='word_1_679' title='bbox 1862 4522 2115 4584; x_wconf 88' lang='lat' dir='ltr'><strong>tanquam</strong></span> 
     </span>
    </p>
   </div>
   <div class='ocr_carea' id='block_1_90' title="bbox 2225 4499 3800 4590">
    <p class='ocr_par' dir='ltr' id='par_1_90' title="bbox 2227 4499 3800 4587">
     <span class='ocr_line' id='line_1_90' title="bbox 2227 4499 3800 4587; baseline -0.013 -18"><span class='ocrx_word' id='word_1_680' title='bbox 2227 4518 2392 4587; x_wconf 86' lang='grc' dir='ltr'>μένου</span> <span class='ocrx_word' id='word_1_681' title='bbox 2424 4512 2682 4584; x_wconf 73' lang='grc' dir='ltr'>Χριστοῦ,</span> <span class='ocrx_word' id='word_1_682' title='bbox 2725 4511 2820 4563; x_wconf 71' lang='grc' dir='ltr'>καὶ</span> <span class='ocrx_word' id='word_1_683' title='bbox 2855 4507 2960 4580; x_wconf 78' lang='grc' dir='ltr'>[τὸ]</span> <span class='ocrx_word' id='word_1_684' title='bbox 2983 4505 3076 4558; x_wconf 73' lang='grc' dir='ltr'>τοῦ</span> <span class='ocrx_word' id='word_1_685' title='bbox 3132 4503 3360 4557; x_wconf 76' lang='grc' dir='ltr'>θανάτου</span> <span class='ocrx_word' id='word_1_686' title='bbox 3400 4499 3800 4556; x_wconf 81' lang='grc' dir='ltr'>καταλύσαντος</span> 
     </span>
    </p>
   </div>
   <div class='ocr_carea' id='block_1_91' title="bbox 545 4595 2110 4672">
    <p class='ocr_par' dir='ltr' id='par_1_91' title="bbox 545 4595 2110 4672">
     <span class='ocr_line' id='line_1_91' title="bbox 545 4595 2110 4672; baseline 0.004 -23"><span class='ocrx_word' id='word_1_687' title='bbox 545 4595 706 4662; x_wconf 87' lang='lat' dir='ltr'><strong>Deus,</strong></span> <span class='ocrx_word' id='word_1_688' title='bbox 739 4599 985 4667; x_wconf 81' lang='lat' dir='ltr'><strong>quamvis</strong></span> <span class='ocrx_word' id='word_1_689' title='bbox 1034 4599 1086 4652; x_wconf 91' lang='lat' dir='ltr'><strong>in</strong></span> <span class='ocrx_word' id='word_1_690' title='bbox 1139 4615 1301 4654; x_wconf 89' lang='lat' dir='ltr'><strong>carne</strong></span> <span class='ocrx_word' id='word_1_691' title='bbox 1343 4601 1608 4671; x_wconf 86' lang='lat' dir='ltr'><strong>apparuit.</strong></span> <span class='ocrx_word' id='word_1_692' title='bbox 1655 4601 1841 4672; x_wconf 89' lang='lat' dir='ltr'><strong>Itaque</strong></span> <span class='ocrx_word' id='word_1_693' title='bbox 1877 4602 2110 4666; x_wconf 77' lang='lat' dir='ltr'><strong>dieillo,</strong></span> 
     </span>
    </p>
   </div>
   <div class='ocr_carea' id='block_1_92' title="bbox 546 4689 2116 4763">
    <p class='ocr_par' dir='ltr' id='par_1_92' title="bbox 546 4689 2116 4763">
     <span class='ocr_line' id='line_1_92' title="bbox 546 4689 2116 4763; baseline 0.006 -23"><span class='ocrx_word' id='word_1_694' title='bbox 546 4690 641 4753; x_wconf 88' lang='lat' dir='ltr'><strong>ait,</strong></span> <span class='ocrx_word' id='word_1_695' title='bbox 672 4689 772 4744; x_wconf 91' lang='lat' dir='ltr'><strong>hoc</strong></span> <span class='ocrx_word' id='word_1_696' title='bbox 804 4701 885 4744; x_wconf 88' lang='lat' dir='ltr'><strong>est</strong></span> <span class='ocrx_word' id='word_1_697' title='bbox 940 4691 1031 4746; x_wconf 90' lang='lat' dir='ltr'><strong>illo</strong></span> <span class='ocrx_word' id='word_1_698' title='bbox 1076 4703 1315 4760; x_wconf 90' lang='lat' dir='ltr'><strong>tempore</strong></span> <span class='ocrx_word' id='word_1_699' title='bbox 1341 4711 1449 4763; x_wconf 93' lang='lat' dir='ltr'><strong>quo</strong></span> <span class='ocrx_word' id='word_1_700' title='bbox 1479 4711 1544 4750; x_wconf 82' lang='lat' dir='ltr'><strong>ex</strong></span> <span class='ocrx_word' id='word_1_701' title='bbox 1598 4699 1826 4750; x_wconf 88' lang='lat' dir='ltr'><strong>mortuis</strong></span> <span class='ocrx_word' id='word_1_702' title='bbox 1857 4696 2116 4750; x_wconf 82' lang='lat' dir='ltr'><strong>revixerit</strong></span> 
     </span>
    </p>
   </div>
   <div class='ocr_carea' id='block_1_93' title="bbox 543 4779 2113 4857">
    <p class='ocr_par' dir='ltr' id='par_1_93' title="bbox 543 4779 2113 4857">
     <span class='ocr_line' id='line_1_93' title="bbox 543 4779 2113 4857; baseline 0.005 -23"><span class='ocrx_word' id='word_1_703' title='bbox 543 4787 597 4834; x_wconf 87' lang='lat' dir='ltr'><strong>et</strong></span> <span class='ocrx_word' id='word_1_704' title='bbox 634 4779 926 4836; x_wconf 84' lang='lat' dir='ltr'><strong>ceciderint</strong></span> <span class='ocrx_word' id='word_1_705' title='bbox 955 4783 1330 4850; x_wconf 70' lang='lat' dir='ltr'><strong>crucilixores,</strong></span> <span class='ocrx_word' id='word_1_706' title='bbox 1366 4803 1384 4836; x_wconf 78' lang='grc' dir='ltr'><strong>ι</strong></span> <span class='ocrx_word' id='word_1_707' title='bbox 1416 4797 1711 4841; x_wconf 86' lang='lat' dir='ltr'><strong>convocate</strong></span> <span class='ocrx_word' id='word_1_708' title='bbox 1745 4789 2113 4857; x_wconf 90' lang='lat' dir='ltr'><strong>unusquisque</strong></span> 
     </span>
    </p>
   </div>
   <div class='ocr_carea' id='block_1_94' title="bbox 545 4871 2112 4948">
    <p class='ocr_par' dir='ltr' id='par_1_94' title="bbox 545 4871 2112 4948">
     <span class='ocr_line' id='line_1_94' title="bbox 545 4871 2112 4948; baseline 0.007 -25"><span class='ocrx_word' id='word_1_709' title='bbox 545 4871 848 4939; x_wconf 86' lang='lat' dir='ltr'><strong>proximum</strong></span> <span class='ocrx_word' id='word_1_710' title='bbox 884 4887 1038 4927; x_wconf 87' lang='lat' dir='ltr'><strong>suum</strong></span> <span class='ocrx_word' id='word_1_711' title='bbox 1071 4875 1257 4931; x_wconf 89' lang='lat' dir='ltr'><strong>subter</strong></span> <span class='ocrx_word' id='word_1_712' title='bbox 1289 4877 1451 4932; x_wconf 82' lang='lat' dir='ltr'><strong>vitem</strong></span> <span class='ocrx_word' id='word_1_713' title='bbox 1483 4887 1537 4931; x_wconf 89' lang='lat' dir='ltr'><strong>et</strong></span> <span class='ocrx_word' id='word_1_714' title='bbox 1572 4879 1783 4932; x_wconf 65' lang='lat' dir='ltr'><strong>ticum.»</strong></span> <span class='ocrx_word' id='word_1_715' title='bbox 1815 4877 1891 4932; x_wconf 86' lang='lat' dir='ltr'><strong>Ac</strong></span> <span class='ocrx_word' id='word_1_716' title='bbox 1920 4879 1962 4932; x_wconf 87' lang='lat' dir='ltr'><strong>si</strong></span> <span class='ocrx_word' id='word_1_717' title='bbox 1990 4881 2112 4948; x_wconf 91' lang='lat' dir='ltr'><strong>quis</strong></span> 
     </span>
    </p>
   </div>
   <div class='ocr_carea' id='block_1_95' title="bbox 543 4960 2110 5036">
    <p class='ocr_par' dir='ltr' id='par_1_95' title="bbox 543 4960 2110 5036">
     <span class='ocr_line' id='line_1_95' title="bbox 543 4960 2110 5036; baseline 0.008 -23"><span class='ocrx_word' id='word_1_718' title='bbox 543 4960 684 5015; x_wconf 88' lang='lat' dir='ltr'><strong>volet</strong></span> <span class='ocrx_word' id='word_1_719' title='bbox 716 4963 873 5017; x_wconf 84' lang='lat' dir='ltr'><strong>talem</strong></span> <span class='ocrx_word' id='word_1_720' title='bbox 899 4979 1112 5019; x_wconf 89' lang='lat' dir='ltr'><strong>sensum</strong></span> <span class='ocrx_word' id='word_1_721' title='bbox 1147 4967 1441 5036; x_wconf 89' lang='lat' dir='ltr'><strong>simplicem</strong></span> <span class='ocrx_word' id='word_1_722' title='bbox 1478 4978 1530 5022; x_wconf 90' lang='lat' dir='ltr'><strong>et</strong></span> <span class='ocrx_word' id='word_1_723' title='bbox 1559 4969 1775 5023; x_wconf 91' lang='lat' dir='ltr'><strong>obvium</strong></span> <span class='ocrx_word' id='word_1_724' title='bbox 1805 4969 2110 5035; x_wconf 88' lang='lat' dir='ltr'><strong>admittere,</strong></span> 
     </span>
    </p>
   </div>
   <div class='ocr_carea' id='block_1_96' title="bbox 543 5053 2114 5130">
    <p class='ocr_par' dir='ltr' id='par_1_96' title="bbox 543 5053 2114 5130">
     <span class='ocr_line' id='line_1_96' title="bbox 543 5053 2114 5130; baseline 0.009 -28"><span class='ocrx_word' id='word_1_725' title='bbox 543 5067 702 5107; x_wconf 85' lang='lat' dir='ltr'><strong>voces</strong></span> <span class='ocrx_word' id='word_1_726' title='bbox 753 5053 849 5109; x_wconf 87' lang='lat' dir='ltr'><strong>has</strong></span> <span class='ocrx_word' id='word_1_727' title='bbox 888 5056 1250 5123; x_wconf 85' lang='lat' dir='ltr'><strong>spiritualium</strong></span> <span class='ocrx_word' id='word_1_728' title='bbox 1291 5059 1607 5127; x_wconf 83' lang='lat' dir='ltr'><strong>gaudiorum</strong></span> <span class='ocrx_word' id='word_1_729' title='bbox 1652 5060 1954 5130; x_wconf 87' lang='lat' dir='ltr'><strong>symbolum</strong></span> <span class='ocrx_word' id='word_1_730' title='bbox 1992 5075 2114 5116; x_wconf 87' lang='lat' dir='ltr'><strong>esse</strong></span> 
     </span>
    </p>
   </div>
   <div class='ocr_carea' id='block_1_97' title="bbox 544 5141 2114 5221">
    <p class='ocr_par' dir='ltr' id='par_1_97' title="bbox 544 5141 2114 5221">
     <span class='ocr_line' id='line_1_97' title="bbox 544 5141 2114 5221; baseline 0.006 -24"><span class='ocrx_word' id='word_1_731' title='bbox 544 5141 847 5199; x_wconf 80' lang='lat' dir='ltr'><strong>allirmabit.</strong></span> <span class='ocrx_word' id='word_1_732' title='bbox 880 5144 1147 5202; x_wconf 58' lang='lat' dir='ltr'><strong>Praeterea</strong></span> <span class='ocrx_word' id='word_1_733' title='bbox 1181 5157 1234 5204; x_wconf 92' lang='lat' dir='ltr'><strong>et</strong></span> <span class='ocrx_word' id='word_1_734' title='bbox 1261 5149 1387 5204; x_wconf 90' lang='lat' dir='ltr'><strong>illud</strong></span> <span class='ocrx_word' id='word_1_735' title='bbox 1435 5165 1540 5204; x_wconf 91' lang='lat' dir='ltr'><strong>non</strong></span> <span class='ocrx_word' id='word_1_736' title='bbox 1585 5149 1703 5205; x_wconf 88' lang='lat' dir='ltr'><strong>sine</strong></span> <span class='ocrx_word' id='word_1_737' title='bbox 1743 5151 2114 5221; x_wconf 85' lang='lat' dir='ltr'><strong>improbabili-</strong></span> 
     </span>
    </p>
   </div>
   <div class='ocr_carea' id='block_1_98' title="bbox 543 5236 2111 5315">
    <p class='ocr_par' dir='ltr' id='par_1_98' title="bbox 543 5236 2111 5315">
     <span class='ocr_line' id='line_1_98' title="bbox 543 5236 2111 5315; baseline 0.008 -27"><span class='ocrx_word' id='word_1_738' title='bbox 543 5247 650 5289; x_wconf 89' lang='lat' dir='ltr'><strong>tate</strong></span> <span class='ocrx_word' id='word_1_739' title='bbox 683 5236 787 5291; x_wconf 88' lang='lat' dir='ltr'><strong>dici</strong></span> <span class='ocrx_word' id='word_1_740' title='bbox 820 5254 974 5308; x_wconf 90' lang='lat' dir='ltr'><strong>posse</strong></span> <span class='ocrx_word' id='word_1_741' title='bbox 1015 5256 1158 5304; x_wconf 91' lang='lat' dir='ltr'><strong>reor,</strong></span> <span class='ocrx_word' id='word_1_742' title='bbox 1195 5240 1353 5295; x_wconf 79' lang='lat' dir='ltr'><strong>licunt</strong></span> <span class='ocrx_word' id='word_1_743' title='bbox 1382 5251 1436 5296; x_wconf 91' lang='lat' dir='ltr'><strong>et</strong></span> <span class='ocrx_word' id='word_1_744' title='bbox 1472 5243 1634 5298; x_wconf 88' lang='lat' dir='ltr'><strong>vitem</strong></span> <span class='ocrx_word' id='word_1_745' title='bbox 1678 5244 1842 5298; x_wconf 88' lang='lat' dir='ltr'><strong>videri</strong></span> <span class='ocrx_word' id='word_1_746' title='bbox 1879 5243 2111 5315; x_wconf 88' lang='lat' dir='ltr'><strong>appella-</strong></span> 
     </span>
    </p>
   </div>
   <div class='ocr_carea' id='block_1_99' title="bbox 544 5327 2106 5401">
    <p class='ocr_par' dir='ltr' id='par_1_99' title="bbox 544 5327 2106 5401">
     <span class='ocr_line' id='line_1_99' title="bbox 544 5327 2106 5401; baseline 0.008 -23"><span class='ocrx_word' id='word_1_747' title='bbox 544 5337 647 5380; x_wconf 85' lang='lat' dir='ltr'><strong>tam</strong></span> <span class='ocrx_word' id='word_1_748' title='bbox 680 5327 999 5397; x_wconf 77' lang='lat' dir='ltr'><strong>EccleStam,</strong></span> <span class='ocrx_word' id='word_1_749' title='bbox 1033 5329 1188 5399; x_wconf 86' lang='lat' dir='ltr'><strong>cujus</strong></span> <span class='ocrx_word' id='word_1_750' title='bbox 1219 5335 1344 5388; x_wconf 91' lang='lat' dir='ltr'><strong>item</strong></span> <span class='ocrx_word' id='word_1_751' title='bbox 1377 5333 1588 5390; x_wconf 90' lang='lat' dir='ltr'><strong>divinus</strong></span> <span class='ocrx_word' id='word_1_752' title='bbox 1615 5335 1819 5389; x_wconf 88' lang='lat' dir='ltr'><strong>Cantor</strong></span> <span class='ocrx_word' id='word_1_753' title='bbox 1845 5337 2106 5401; x_wconf 90' lang='lat' dir='ltr'><strong>meminit,</strong></span> 
     </span>
    </p>
   </div>
   <div class='ocr_carea' id='block_1_100' title="bbox 541 5423 2105 5493">
    <p class='ocr_par' dir='ltr' id='par_1_100' title="bbox 541 5423 2105 5493">
     <span class='ocr_line' id='line_1_100' title="bbox 541 5423 2105 5493; baseline 0.006 -22"><span class='ocrx_word' id='word_1_754' title='bbox 541 5435 829 5487; x_wconf 81' lang='lat' dir='ltr'><strong>supernum</strong></span> <span class='ocrx_word' id='word_1_755' title='bbox 858 5437 920 5477; x_wconf 92' lang='lat' dir='ltr'><strong>ac</strong></span> <span class='ocrx_word' id='word_1_756' title='bbox 953 5423 1230 5478; x_wconf 72' lang='lat' dir='ltr'><strong>caelestem</strong></span> <span class='ocrx_word' id='word_1_757' title='bbox 1267 5438 1548 5493; x_wconf 89' lang='lat' dir='ltr'><strong>sponsum,</strong></span> <span class='ocrx_word' id='word_1_758' title='bbox 1579 5427 1846 5481; x_wconf 83' lang='lat' dir='ltr'><strong>Christum</strong></span> <span class='ocrx_word' id='word_1_759' title='bbox 1879 5429 2105 5493; x_wconf 87' lang='lat' dir='ltr'><strong>scilicet,</strong></span> 
     </span>
    </p>
   </div>
   <div class='ocr_carea' id='block_1_101' title="bbox 542 5514 2110 5582">
    <p class='ocr_par' dir='ltr' id='par_1_101' title="bbox 542 5514 2110 5582">
     <span class='ocr_line' id='line_1_101' title="bbox 542 5514 2110 5582; baseline 0.004 -17"><span class='ocrx_word' id='word_1_760' title='bbox 542 5525 635 5578; x_wconf 72' lang='lat' dir='ltr'><strong>per</strong></span> <span class='ocrx_word' id='word_1_761' title='bbox 685 5515 963 5580; x_wconf 83' lang='lat' dir='ltr'><strong>atnhagem</strong></span> <span class='ocrx_word' id='word_1_762' title='bbox 1015 5514 1385 5582; x_wconf 87' lang='lat' dir='ltr'><strong>compellans:</strong></span> <span class='ocrx_word' id='word_1_763' title='bbox 1424 5533 1439 5566; x_wconf 81' lang='grc' dir='ltr'><strong>ι</strong></span> <span class='ocrx_word' id='word_1_764' title='bbox 1483 5515 1627 5570; x_wconf 79' lang='lat' dir='ltr'><strong>Uxor</strong></span> <span class='ocrx_word' id='word_1_765' title='bbox 1658 5526 1743 5569; x_wconf 81' lang='lat' dir='ltr'><strong>tua</strong></span> <span class='ocrx_word' id='word_1_766' title='bbox 1799 5519 1937 5571; x_wconf 85' lang='lat' dir='ltr'><strong>sicut</strong></span> <span class='ocrx_word' id='word_1_767' title='bbox 1983 5519 2110 5572; x_wconf 81' lang='lat' dir='ltr'><strong>vitis</strong></span> 
     </span>
    </p>
   </div>
   <div class='ocr_carea' id='block_1_102' title="bbox 611 5710 1473 5775">
    <p class='ocr_par' dir='ltr' id='par_1_102' title="bbox 611 5710 1473 5775">
     <span class='ocr_line' id='line_1_102' title="bbox 611 5710 1473 5775; baseline 0.001 -10"><span class='ocrx_word' id='word_1_768' title='bbox 611 5713 623 5742; x_wconf 83' lang='lat'>&#39;</span> <span class='ocrx_word' id='word_1_769' title='bbox 663 5710 791 5766; x_wconf 87' lang='lat' dir='ltr'><strong>Luc.</strong></span> <span class='ocrx_word' id='word_1_770' title='bbox 819 5728 973 5775; x_wconf 62' lang='grc' dir='ltr'>χχιιι,</span> <span class='ocrx_word' id='word_1_771' title='bbox 1000 5711 1090 5765; x_wconf 70' lang='lat'><strong>28.</strong></span> <span class='ocrx_word' id='word_1_772' title='bbox 1169 5715 1186 5744; x_wconf 79' lang='grc'>³</span> <span class='ocrx_word' id='word_1_773' title='bbox 1219 5710 1320 5765; x_wconf 89' lang='lat' dir='ltr'><strong>lsa.</strong></span> <span class='ocrx_word' id='word_1_774' title='bbox 1351 5727 1386 5772; x_wconf 88' lang='grc' dir='ltr'><strong>ι,</strong></span> <span class='ocrx_word' id='word_1_775' title='bbox 1425 5712 1473 5767; x_wconf 89' lang='grc'><strong>7.</strong></span> 
     </span>
    </p>
   </div>
   <div class='ocr_carea' id='block_1_103' title="bbox 1556 5714 1953 5781">
    <p class='ocr_par' dir='ltr' id='par_1_103' title="bbox 1556 5714 1953 5781">
     <span class='ocr_line' id='line_1_103' title="bbox 1556 5714 1953 5781; baseline 0.005 -12"><span class='ocrx_word' id='word_1_776' title='bbox 1556 5717 1574 5746; x_wconf 88' lang='grc'><strong>³</strong></span> <span class='ocrx_word' id='word_1_777' title='bbox 1610 5714 1737 5770; x_wconf 85' lang='lat' dir='ltr'><strong>Luc.</strong></span> <span class='ocrx_word' id='word_1_778' title='bbox 1770 5733 1826 5781; x_wconf 77' lang='lat' dir='ltr'><strong>tr,</strong></span> <span class='ocrx_word' id='word_1_779' title='bbox 1866 5717 1953 5772; x_wconf 64' lang='grc'><strong>54.</strong></span> 
     </span>
    </p>
   </div>
   <div class='ocr_carea' id='block_1_104' title="bbox 538 5779 1429 5849">
    <p class='ocr_par' dir='ltr' id='par_1_104' title="bbox 538 5779 1429 5849">
     <span class='ocr_line' id='line_1_104' title="bbox 538 5779 1429 5849; baseline 0.001 -15"><span class='ocrx_word' id='word_1_780' title='bbox 538 5783 557 5812; x_wconf 71' lang='grc' dir='ltr'><strong>τ</strong></span> <span class='ocrx_word' id='word_1_781' title='bbox 583 5779 685 5838; x_wconf 80' lang='lat' dir='ltr'><strong>lsa.</strong></span> <span class='ocrx_word' id='word_1_782' title='bbox 723 5796 848 5849; x_wconf 77' lang='lat' dir='ltr'><strong>xxv,</strong></span> <span class='ocrx_word' id='word_1_783' title='bbox 877 5781 929 5837; x_wconf 90' lang='lat'><strong>8.</strong></span> <span class='ocrx_word' id='word_1_784' title='bbox 1007 5781 1027 5813; x_wconf 85' lang='lat'>&#39;</span> <span class='ocrx_word' id='word_1_785' title='bbox 1055 5779 1212 5838; x_wconf 88' lang='lat' dir='ltr'><strong>Joan.</strong></span> <span class='ocrx_word' id='word_1_786' title='bbox 1244 5781 1429 5836; x_wconf 80' lang='lat' dir='ltr'><strong>x1v.&#39;6.</strong></span> 
     </span>
    </p>
   </div>
   <div class='ocr_carea' id='block_1_105' title="bbox 2030 5715 2614 5781">
    <p class='ocr_par' dir='ltr' id='par_1_105' title="bbox 2030 5715 2614 5781">
     <span class='ocr_line' id='line_1_105' title="bbox 2030 5715 2614 5781; baseline -0.007 -9"><span class='ocrx_word' id='word_1_787' title='bbox 2030 5717 2048 5749; x_wconf 65' lang='grc' dir='ltr'>δ</span> <span class='ocrx_word' id='word_1_788' title='bbox 2075 5715 2232 5772; x_wconf 81' lang='lat' dir='ltr'><strong>Joan.</strong></span> <span class='ocrx_word' id='word_1_789' title='bbox 2263 5733 2372 5781; x_wconf 79' lang='lat' dir='ltr'><strong>xvi,</strong></span> <span class='ocrx_word' id='word_1_790' title='bbox 2399 5716 2486 5779; x_wconf 66' lang='grc'><strong>21,</strong></span> <span class='ocrx_word' id='word_1_791' title='bbox 2527 5716 2614 5770; x_wconf 72' lang='grc'><strong>22.</strong></span> 
     </span>
    </p>
   </div>
   <div class='ocr_carea' id='block_1_106' title="bbox 2220 4587 3798 4678">
    <p class='ocr_par' dir='ltr' id='par_1_106' title="bbox 2220 4587 3798 4678">
     <span class='ocr_line' id='line_1_106' title="bbox 2220 4587 3798 4678; baseline -0.014 -18"><span class='ocrx_word' id='word_1_792' title='bbox 2220 4605 2454 4678; x_wconf 83' lang='grc' dir='ltr'>κράτος;</span> <span class='ocrx_word' id='word_1_793' title='bbox 2496 4602 2617 4675; x_wconf 83' lang='grc' dir='ltr'><strong>Ζωὴ</strong></span> <span class='ocrx_word' id='word_1_794' title='bbox 2651 4602 2756 4674; x_wconf 85' lang='grc' dir='ltr'>γάρ</span> <span class='ocrx_word' id='word_1_795' title='bbox 2807 4601 2922 4652; x_wconf 77' lang='grc' dir='ltr'>ἐστι</span> <span class='ocrx_word' id='word_1_796' title='bbox 2961 4593 3102 4651; x_wconf 82' lang='grc' dir='ltr'><strong>κατά</strong></span> <span class='ocrx_word' id='word_1_797' title='bbox 3140 4595 3298 4664; x_wconf 84' lang='grc' dir='ltr'>φύσιν</span> <span class='ocrx_word' id='word_1_798' title='bbox 3325 4594 3399 4656; x_wconf 85' lang='grc' dir='ltr'>ὡς</span> <span class='ocrx_word' id='word_1_799' title='bbox 3429 4591 3579 4656; x_wconf 82' lang='grc' dir='ltr'>Θεὸς,</span> <span class='ocrx_word' id='word_1_800' title='bbox 3621 4587 3723 4642; x_wconf 84' lang='grc' dir='ltr'>κᾶν</span> <span class='ocrx_word' id='word_1_801' title='bbox 3749 4587 3798 4639; x_wconf 84' lang='grc' dir='ltr'>εἰ</span> 
     </span>
    </p>
   </div>
   <div class='ocr_carea' id='block_1_107' title="bbox 2223 4683 3797 4765">
    <p class='ocr_par' dir='ltr' id='par_1_107' title="bbox 2223 4683 3797 4765">
     <span class='ocr_line' id='line_1_107' title="bbox 2223 4683 3797 4765; baseline -0.01 -15"><span class='ocrx_word' id='word_1_802' title='bbox 2223 4696 2462 4765; x_wconf 74' lang='grc' dir='ltr'>πέφηνεν</span> <span class='ocrx_word' id='word_1_803' title='bbox 2514 4695 2571 4747; x_wconf 83' lang='grc' dir='ltr'><strong>ἐν</strong></span> <span class='ocrx_word' id='word_1_804' title='bbox 2611 4692 2794 4762; x_wconf 82' lang='grc' dir='ltr'>σαρκί.</span> <span class='ocrx_word' id='word_1_805' title='bbox 2824 4690 3030 4744; x_wconf 82' lang='grc' dir='ltr'>Οὑκοῦν</span> <span class='ocrx_word' id='word_1_806' title='bbox 3052 4687 3124 4756; x_wconf 76' lang='grc' dir='ltr'>τῇ</span> <span class='ocrx_word' id='word_1_807' title='bbox 3150 4685 3333 4754; x_wconf 68' lang='grc' dir='ltr'>ἡμέρᾳ</span> <span class='ocrx_word' id='word_1_808' title='bbox 3359 4684 3582 4751; x_wconf 78' lang='grc' dir='ltr'>ἐκείνῃ,</span> <span class='ocrx_word' id='word_1_809' title='bbox 3630 4683 3797 4751; x_wconf 80' lang='grc' dir='ltr'>φησὶ,</span> 
     </span>
    </p>
   </div>
   <div class='ocr_carea' id='block_1_108' title="bbox 2221 4775 3800 4853">
    <p class='ocr_par' dir='ltr' id='par_1_108' title="bbox 2221 4775 3800 4853">
     <span class='ocr_line' id='line_1_108' title="bbox 2221 4775 3800 4853; baseline -0.007 -12"><span class='ocrx_word' id='word_1_810' title='bbox 2221 4787 2484 4851; x_wconf 84' lang='grc' dir='ltr'>τουτέστι,</span> <span class='ocrx_word' id='word_1_811' title='bbox 2517 4786 2640 4840; x_wconf 87' lang='grc' dir='ltr'>κατ’</span> <span class='ocrx_word' id='word_1_812' title='bbox 2677 4787 2853 4838; x_wconf 78' lang='grc' dir='ltr'>ἐκεῖνο</span> <span class='ocrx_word' id='word_1_813' title='bbox 2887 4780 3102 4853; x_wconf 79' lang='grc' dir='ltr'>καιροῦ,</span> <span class='ocrx_word' id='word_1_814' title='bbox 3143 4778 3264 4833; x_wconf 81' lang='grc' dir='ltr'>καθ’</span> <span class='ocrx_word' id='word_1_815' title='bbox 3316 4777 3375 4830; x_wconf 80' lang='grc' dir='ltr'>ὃν</span> <span class='ocrx_word' id='word_1_816' title='bbox 3433 4775 3675 4846; x_wconf 77' lang='grc' dir='ltr'>ἁναὸιῲη</span> <span class='ocrx_word' id='word_1_817' title='bbox 3733 4777 3800 4830; x_wconf 83' lang='grc' dir='ltr'>ὲκ</span> 
     </span>
    </p>
   </div>
   <div class='ocr_carea' id='block_1_109' title="bbox 2220 4866 3800 4950">
    <p class='ocr_par' dir='ltr' id='par_1_109' title="bbox 2220 4866 3800 4950">
     <span class='ocr_line' id='line_1_109' title="bbox 2220 4866 3800 4950; baseline -0.009 -18"><span class='ocrx_word' id='word_1_818' title='bbox 2220 4879 2450 4950; x_wconf 82' lang='grc' dir='ltr'>νεκρῶν,</span> <span class='ocrx_word' id='word_1_819' title='bbox 2489 4877 2850 4930; x_wconf 78' lang='grc' dir='ltr'>πεπτωκότων</span> <span class='ocrx_word' id='word_1_820' title='bbox 2877 4875 2985 4926; x_wconf 91' lang='grc' dir='ltr'><strong>τῶν</strong></span> <span class='ocrx_word' id='word_1_821' title='bbox 3037 4867 3496 4939; x_wconf 81' lang='grc' dir='ltr'>ὲσταυρωκότων,</span> <span class='ocrx_word' id='word_1_822' title='bbox 3536 4866 3800 4934; x_wconf 81' lang='grc' dir='ltr'>συγκαλέ-</span> 
     </span>
    </p>
   </div>
   <div class='ocr_carea' id='block_1_110' title="bbox 2224 4958 3796 5037">
    <p class='ocr_par' dir='ltr' id='par_1_110' title="bbox 2224 4958 3796 5037">
     <span class='ocr_line' id='line_1_110' title="bbox 2224 4958 3796 5037; baseline -0.011 -12"><span class='ocrx_word' id='word_1_823' title='bbox 2224 4988 2351 5025; x_wconf 88' lang='grc' dir='ltr'>σατε</span> <span class='ocrx_word' id='word_1_824' title='bbox 2372 4971 2599 5033; x_wconf 72' lang='grc' dir='ltr'>ἕκαστος</span> <span class='ocrx_word' id='word_1_825' title='bbox 2629 4968 2718 5021; x_wconf 84' lang='grc' dir='ltr'><strong>τὸν</strong></span> <span class='ocrx_word' id='word_1_826' title='bbox 2743 4968 2965 5037; x_wconf 79' lang='grc' dir='ltr'>πλησίον</span> <span class='ocrx_word' id='word_1_827' title='bbox 3025 4962 3191 5017; x_wconf 80' lang='grc' dir='ltr'>αὑτοῦ</span> <span class='ocrx_word' id='word_1_828' title='bbox 3223 4961 3481 5014; x_wconf 80' lang='grc' dir='ltr'>ὑποκάτω</span> <span class='ocrx_word' id='word_1_829' title='bbox 3521 4958 3796 5029; x_wconf 83' lang='grc' dir='ltr'>ἀμπέλου,</span> 
     </span>
    </p>
   </div>
   <div class='ocr_carea' id='block_1_111' title="bbox 2223 5048 3870 5129">
    <p class='ocr_par' dir='ltr' id='par_1_111' title="bbox 2223 5048 3870 5129">
     <span class='ocr_line' id='line_1_111' title="bbox 2223 5048 3870 5129; baseline -0.01 -13"><span class='ocrx_word' id='word_1_830' title='bbox 2223 5063 2314 5116; x_wconf 80' lang='grc' dir='ltr'><strong>καὶ</strong></span> <span class='ocrx_word' id='word_1_831' title='bbox 2339 5061 2595 5115; x_wconf 80' lang='grc' dir='ltr'>ὑποκάτω</span> <span class='ocrx_word' id='word_1_832' title='bbox 2641 5060 2826 5129; x_wconf 79' lang='grc' dir='ltr'>συκῆς.</span> <span class='ocrx_word' id='word_1_833' title='bbox 2863 5058 2969 5112; x_wconf 78' lang='grc' dir='ltr'>Καὶ</span> <span class='ocrx_word' id='word_1_834' title='bbox 3001 5058 3049 5108; x_wconf 81' lang='grc' dir='ltr'><strong>εί</strong></span> <span class='ocrx_word' id='word_1_835' title='bbox 3077 5055 3177 5126; x_wconf 82' lang='grc' dir='ltr'><strong>μὲν</strong></span> <span class='ocrx_word' id='word_1_836' title='bbox 3221 5051 3462 5123; x_wconf 85' lang='grc' dir='ltr'>βούλοιτό</span> <span class='ocrx_word' id='word_1_837' title='bbox 3484 5069 3564 5113; x_wconf 88' lang='grc' dir='ltr'><strong>τις</strong></span> <span class='ocrx_word' id='word_1_838' title='bbox 3594 5048 3800 5103; x_wconf 81' lang='grc' dir='ltr'>ἁπλοῦν</span> <span class='ocrx_word' id='word_1_839' title='bbox 3859 5119 3870 5128; x_wconf 78' lang='lat'><em>_</em></span> 
     </span>
    </p>
   </div>
   <div class='ocr_carea' id='block_1_112' title="bbox 2223 5141 3799 5224">
    <p class='ocr_par' dir='ltr' id='par_1_112' title="bbox 2223 5141 3799 5224">
     <span class='ocr_line' id='line_1_112' title="bbox 2223 5141 3799 5224; baseline -0.01 -17"><span class='ocrx_word' id='word_1_840' title='bbox 2223 5155 2315 5208; x_wconf 75' lang='grc' dir='ltr'><strong>καὶ</strong></span> <span class='ocrx_word' id='word_1_841' title='bbox 2369 5153 2657 5224; x_wconf 83' lang='grc' dir='ltr'>πρόχειρον</span> <span class='ocrx_word' id='word_1_842' title='bbox 2693 5151 2782 5202; x_wconf 78' lang='grc' dir='ltr'>τὸν</span> <span class='ocrx_word' id='word_1_843' title='bbox 2824 5148 3061 5202; x_wconf 77' lang='grc' dir='ltr'>τοιοῦτον</span> <span class='ocrx_word' id='word_1_844' title='bbox 3124 5145 3454 5214; x_wconf 81' lang='grc' dir='ltr'>εἰσδέχεσθαι</span> <span class='ocrx_word' id='word_1_845' title='bbox 3496 5141 3640 5204; x_wconf 76' lang='grc' dir='ltr'>νοῦν,</span> <span class='ocrx_word' id='word_1_846' title='bbox 3674 5141 3799 5211; x_wconf 81' lang='grc' dir='ltr'>τέρ-</span> 
     </span>
    </p>
   </div>
   <div class='ocr_carea' id='block_1_113' title="bbox 2220 5231 3799 5311">
    <p class='ocr_par' dir='ltr' id='par_1_113' title="bbox 2220 5231 3799 5311">
     <span class='ocr_line' id='line_1_113' title="bbox 2220 5231 3799 5311; baseline -0.008 -15"><span class='ocrx_word' id='word_1_847' title='bbox 2220 5245 2366 5311; x_wconf 76' lang='grc' dir='ltr'>ψεων</span> <span class='ocrx_word' id='word_1_848' title='bbox 2393 5236 2532 5294; x_wconf 77' lang='grc' dir='ltr'>εἶναι</span> <span class='ocrx_word' id='word_1_849' title='bbox 2563 5241 2670 5293; x_wconf 89' lang='grc' dir='ltr'><strong>τῶν</strong></span> <span class='ocrx_word' id='word_1_850' title='bbox 2699 5239 3081 5309; x_wconf 86' lang='grc' dir='ltr'>πνευματικῶν</span> <span class='ocrx_word' id='word_1_851' title='bbox 3107 5235 3373 5305; x_wconf 80' lang='grc' dir='ltr'>σύμϐολον</span> <span class='ocrx_word' id='word_1_852' title='bbox 3419 5231 3799 5286; x_wconf 66' lang='grc' dir='ltr'>διαϐεϐαιώσευ</span> 
     </span>
    </p>
   </div>
   <div class='ocr_carea' id='block_1_114' title="bbox 2217 5319 3798 5402">
    <p class='ocr_par' dir='ltr' id='par_1_114' title="bbox 2217 5319 3798 5402">
     <span class='ocr_line' id='line_1_114' title="bbox 2217 5319 3798 5402; baseline -0.009 -14"><span class='ocrx_word' id='word_1_853' title='bbox 2217 5352 2307 5388; x_wconf 89' lang='grc' dir='ltr'><strong>ται</strong></span> <span class='ocrx_word' id='word_1_854' title='bbox 2336 5333 2403 5388; x_wconf 83' lang='grc' dir='ltr'><strong>τά</strong></span> <span class='ocrx_word' id='word_1_855' title='bbox 2428 5333 2808 5402; x_wconf 87' lang='grc' dir='ltr'>ώνομασμένα.</span> <span class='ocrx_word' id='word_1_856' title='bbox 2839 5331 2950 5383; x_wconf 82' lang='grc' dir='ltr'>Ούκ</span> <span class='ocrx_word' id='word_1_857' title='bbox 2975 5328 3232 5381; x_wconf 83' lang='grc' dir='ltr'>ἀπίθανον</span> <span class='ocrx_word' id='word_1_858' title='bbox 3253 5325 3308 5378; x_wconf 85' lang='grc' dir='ltr'><strong>δὲ</strong></span> <span class='ocrx_word' id='word_1_859' title='bbox 3337 5319 3472 5378; x_wconf 82' lang='grc' dir='ltr'>εἷναί</span> <span class='ocrx_word' id='word_1_860' title='bbox 3499 5341 3641 5394; x_wconf 83' lang='grc' dir='ltr'>φημι</span> <span class='ocrx_word' id='word_1_861' title='bbox 3664 5323 3798 5394; x_wconf 70' lang='grc' dir='ltr'>πρὸς</span> 
     </span>
    </p>
   </div>
   <div class='ocr_carea' id='block_1_115' title="bbox 2216 5413 3800 5494">
    <p class='ocr_par' dir='ltr' id='par_1_115' title="bbox 2216 5413 3800 5494">
     <span class='ocr_line' id='line_1_115' title="bbox 2216 5413 3800 5494; baseline -0.009 -16"><span class='ocrx_word' id='word_1_862' title='bbox 2216 5425 2392 5494; x_wconf 83' lang='grc' dir='ltr'>τούτῳ</span> <span class='ocrx_word' id='word_1_863' title='bbox 2425 5425 2642 5477; x_wconf 85' lang='grc' dir='ltr'>κάκεῖνο</span> <span class='ocrx_word' id='word_1_864' title='bbox 2679 5425 2871 5483; x_wconf 78' lang='grc' dir='ltr'>εἰπεῖν,</span> <span class='ocrx_word' id='word_1_865' title='bbox 2903 5421 2984 5472; x_wconf 83' lang='grc' dir='ltr'><strong>ὅτι</strong></span> <span class='ocrx_word' id='word_1_866' title='bbox 3031 5419 3202 5488; x_wconf 78' lang='grc' dir='ltr'>συκῆν</span> <span class='ocrx_word' id='word_1_867' title='bbox 3228 5419 3319 5469; x_wconf 79' lang='grc' dir='ltr'><strong>καὶ</strong></span> <span class='ocrx_word' id='word_1_868' title='bbox 3350 5415 3595 5486; x_wconf 77' lang='grc' dir='ltr'>ἄμπελον</span> <span class='ocrx_word' id='word_1_869' title='bbox 3623 5413 3800 5466; x_wconf 79' lang='grc' dir='ltr'>ἔοικεν</span> 
     </span>
    </p>
   </div>
   <div class='ocr_carea' id='block_1_116' title="bbox 2217 5502 3799 5584">
    <p class='ocr_par' dir='ltr' id='par_1_116' title="bbox 2217 5502 3799 5584">
     <span class='ocr_line' id='line_1_116' title="bbox 2217 5502 3799 5584; baseline -0.011 -12"><span class='ocrx_word' id='word_1_870' title='bbox 2217 5517 2510 5572; x_wconf 80' lang='grc' dir='ltr'>ἀποκαλεῖν</span> <span class='ocrx_word' id='word_1_871' title='bbox 2541 5515 2636 5584; x_wconf 79' lang='grc' dir='ltr'><strong>τὴν</strong></span> <span class='ocrx_word' id='word_1_872' title='bbox 2677 5511 3021 5582; x_wconf 79' lang='grc' dir='ltr'>Ἐκκλησίαν,</span> <span class='ocrx_word' id='word_1_873' title='bbox 3054 5507 3119 5582; x_wconf 76' lang='grc' dir='ltr'><strong>ἧς</strong></span> <span class='ocrx_word' id='word_1_874' title='bbox 3148 5511 3237 5563; x_wconf 67' lang='grc' dir='ltr'><strong>καὶ</strong></span> <span class='ocrx_word' id='word_1_875' title='bbox 3279 5509 3306 5560; x_wconf 87' lang='grc' dir='ltr'>ὁ</span> <span class='ocrx_word' id='word_1_876' title='bbox 3333 5507 3616 5569; x_wconf 78' lang='grc' dir='ltr'>θεσπέσιος</span> <span class='ocrx_word' id='word_1_877' title='bbox 3651 5502 3799 5574; x_wconf 68' lang='grc' dir='ltr'><strong>Μελ·-⁵</strong></span> 
     </span>
    </p>
   </div>
   <div class='ocr_carea' id='block_1_117' title="bbox 2693 5708 3790 5778">
    <p class='ocr_par' dir='ltr' id='par_1_117' title="bbox 2693 5708 3790 5778">
     <span class='ocr_line' id='line_1_117' title="bbox 2693 5708 3790 5778; baseline -0.005 -9"><span class='ocrx_word' id='word_1_878' title='bbox 2693 5712 3218 5778; x_wconf 71' lang='lat' dir='ltr'><strong>°Joan.xx,15-l7.</strong></span> <span class='ocrx_word' id='word_1_879' title='bbox 3297 5713 3316 5741; x_wconf 71' lang='grc' dir='ltr'>θ</span> <span class='ocrx_word' id='word_1_880' title='bbox 3345 5709 3484 5766; x_wconf 62' lang='grc' dir='ltr'>ινεηι.</span> <span class='ocrx_word' id='word_1_881' title='bbox 3520 5725 3668 5776; x_wconf 72' lang='lat' dir='ltr'><strong>xxix,</strong></span> <span class='ocrx_word' id='word_1_882' title='bbox 3704 5708 3790 5764; x_wconf 75' lang='grc'><strong>12.</strong></span> 
     </span>
    </p>
   </div>
  </div>
