4120 6576
242 422 308 477 57
1056 415 1608 476 COMMENTARIUS
1647 413 1711 468 IN
1753 411 2155 467 ZACIIARIAM
2200 408 2651 466 PROPIIETAM.
3438 396 3508 453 58

242 536 377 603 ῳδὸς
435 536 826 605 διαμέμνηται,
869 536 1043 601 λέγων
1096 534 1507 604 αἰνιγματωδῶς
1563 533 1697 603 πρὸς
1734 532 1822 584 τὸν

1953 533 2234 597 ibundans,
2276 533 2324 585 in
2378 531 2636 585 lateribus
2676 528 2866 581 domus
2910 534 3014 579 tute
3038 526 3079 575 ’.
3113 542 3131 574 ι
3169 522 3258 575 Ait
3312 529 3369 573 et
3397 520 3511 588 ipse

243 627 449 680 ἄνωθεν
484 628 575 679 καὶ
610 626 667 689 ἐξ
697 627 925 696 ούρανοῦ
974 626 1224 696 νυμφίον,
1267 628 1535 685 τουτέστι,
1567 624 1822 695 Χριστόν·

250 738 267 768 ι
314 718 377 770 Ἦ
398 719 530 786 γυνή
562 734 653 769 σου
683 718 757 779 ὡς
780 718 1019 787 ἄμπελος
1051 719 1372 786 εύθηνοῦσα,
1397 722 1454 772 ὲν
1488 722 1599 780 τοῖς
1623 716 1829 770 κλίτεσι

244 809 341 875 τῆς
368 808 543 868 οἰκίας
584 822 697 860 σου.
739 825 756 857 ι
784 808 926 878 Ἐφη
952 807 1008 859 δέ
1048 826 1150 860 που
1190 807 1283 860 καὶ
1305 809 1467 869 αὐτὸς
1493 808 1521 858 ὁ
1552 806 1660 858 τῶν
1692 805 1831 859 ὅλων

246 898 394 960 θεός·
435 917 452 948 ι
490 899 557 950 Αἱ
583 898 821 967 ἄμπελοι
872 899 1249 970 κυπρίζουσιν,
1301 900 1507 952 ἔδωκαν
1561 898 1756 968 ὀσμὴν,
1799 898 1833 965 ἡ

248 990 387 1057 συκῆ
416 990 706 1059 ἐξήνεγκεν
750 989 1003 1053 ὀλύνθους
1056 991 1245 1062 αὐτῆς.
1284 1011 1302 1041 ›
1345 992 1431 1053 Ὡς
1458 991 1568 1061 γὰρ
1587 991 1688 1061 ’ήδη
1722 990 1832 1041 τῶν

260 1080 595 1149 Ἐκκλησιῶν
623 1080 946 1152 ἀρξαμένων
979 1085 1035 1134 ὲν
1071 1083 1259 1153 κόσμῳ
1284 1084 1371 1136 διὰ
1402 1084 1500 1154 τῆς
1551 1085 1631 1146 είς
1671 1084 1834 1135 αὐτὸν

249 1170 557 1233 εύωδιάζειν
583 1171 843 1237 πίστεως,
863 1173 962 1235 τὰς
982 1174 1259 1243 ἀμπέλους
1277 1174 1379 1245 ἔφη
1408 1173 1718 1244 κυπρίζειν,
1742 1174 1837 1225 καὶ

253 1261 359 1329 μὴν
392 1261 484 1313 καὶ
518 1260 869 1328 ἐκφαίνεσθαι
892 1264 1017 1324 τοὺς
1056 1262 1335 1327 ὀλύνθουςο
1385 1263 1623 1324 νοηθείεν
1654 1262 1719 1316 ἀν
1747 1264 1839 1315 καὶ

249 1345 414 1413 οὗτοι,
447 1351 555 1403 τῶν
577 1352 702 1422 ἄρτι
738 1353 1177 1406 πεπιστευκότων
1208 1356 1240 1423 ή
1274 1353 1425 1406 οῦπω
1456 1354 1553 1424 μὲν
1581 1353 1839 1423 πέπειρος

252 1443 344 1494 καὶ
363 1441 590 1509 γλυκεῖα
623 1442 865 1512 πληθὺς,
924 1443 1155 1513 ἐσομένη
1217 1443 1273 1495 δὲ
1330 1445 1471 1496 κατὰ
1513 1444 1710 1514 βραχὺ.
1748 1443 1841 1496 καὶ

250 1537 372 1597 ταῖς
402 1536 481 1596 εἰς
519 1534 578 1587 τὸ
639 1535 859 1603 ἄμεινον
917 1534 1221 1588 ὲπιὸόσεσιν
1270 1534 1423 1588 ἰοῦσα
1482 1534 1614 1605 πρὸς
1663 1535 1839 1587 τοῦτο.

264 1622 644 1693 Ἀὁρυνθέντες
677 1623 804 1692 γὰρ,
836 1624 928 1675 καὶ
960 1624 1038 1685 εἰς
1070 1623 1239 1693 ἄνδρα
1278 1624 1481 1675 τέλειον
1511 1622 1842 1691 ἀναδεδηκό·

252 1731 344 1777 τες
370 1712 465 1765 τοῦ
493 1712 857 1783 πληρώματος
908 1712 1002 1764 τοῦ
1054 1713 1312 1782 Χριστοῦ,
1369 1713 1587 1780 γλυκεῖς
1644 1706 1844 1782 οἷάπερ

254 1805 493 1875 ἐσόμεθα
524 1805 725 1874 καρποὶ
768 1803 845 1872 τῷ
881 1803 1020 1873 Θεῷ,
1073 1803 1324 1872 καθάπερ
1385 1803 1555 1873 μητρί
1616 1821 1723 1855 τινι
1776 1805 1841 1873 τῇ

269 1890 567 1962 Ἐκκλησία
626 1892 1093 1962 προσπεφυκότες.
1151 1890 1360 1943 υύκοῦν
1415 1891 1503 1943 διά
1552 1909 1612 1944 τε
1670 1892 1836 1961 συκῆς

257 1983 353 2034 καὶ
390 1983 639 2052 ἀμπέλου
698 1983 1008 2052 νοουμένων
1050 1983 1159 2035 τῶν
1205 1983 1562 2052 Ἐκκλησιῶν,
1615 1984 1705 2036 ὑπ’
1745 1985 1842 2036 αύ-

254 2077 377 2137 ταῖς
415 2074 670 2144 ἐσόμεθα,
699 2076 793 2126 καὶ
852 2076 909 2127 ὲν
942 2076 1128 2138 αὐταῖς
1179 2075 1577 2146 καταλύσομεν,
1611 2092 1847 2145 προτρο-

259 2164 434 2233 πάδην
498 2164 750 2234 ἀλλήλοις
806 2167 983 2217 ἐκεῖνο
1034 2165 1286 2233 λέγοντες
1344 2165 1408 2219 τὸ
1473 2166 1845 2236 προφητικόν·

264 2274 283 2306 s
311 2255 495 2317 Δεῦτε,
523 2256 813 2323 ἀναδῶμεν
838 2257 919 2318 εἰς
939 2256 997 2308 τὸ
1023 2256 1147 2325 ὅρος
1179 2256 1404 2327 Κυρίου,
1434 2259 1525 2310 καὶ
1549 2259 1628 2320 εἰς
1654 2257 1746 2310 τὸν
1772 2254 1850 2309 οἵ·

264 2359 358 2395 κον
387 2342 481 2395 τοῦ
541 2342 675 2395 Θεοῦ
711 2342 926 2409 Ἰακὼϐ,
962 2346 1055 2396 καὶ
1092 2345 1381 2413 ἀναγγελεῖ
1428 2348 1559 2415 ἡμῖν
1603 2347 1700 2417 τὴν
1728 2346 1846 2401 ὁδὸν

262 2434 453 2496 αὑτοῦ,
494 2434 589 2487 καὶ
628 2434 1007 2505 πορευσόμεθα
1042 2437 1099 2488 ὲν
1125 2436 1285 2507 αὐτῇ.
1322 2456 1340 2489 ι
1377 2437 1514 2490 mas
1540 2437 1603 2507 δὴ
1634 2437 1848 2505 γένοιτο

260 2522 450 2576 τούτου
478 2527 680 2592 τυχεῖν,
720 2525 941 2576 ἐπαίνου
1000 2526 1198 2587 παντὸς
1249 2526 1556 2596 ἀξιώσομεν
1591 2528 1715 2589 τοὺς
1771 2530 1851 2591 είς

259 2613 419 2666 τοῦτο
443 2613 797 2683 κεκληκότας,
831 2614 990 2667 πάλιν
1029 2617 1204 2668 ἐκεῖνο
1231 2616 1497 2683 λέγοντες
1538 2635 1557 2668 ι
1596 2618 1850 2689 Εὐφράν-

262 2706 363 2776 θην
392 2705 485 2757 ἐπὶ
514 2708 622 2767 τοῖς
648 2705 893 2775 είρηκόσι
927 2724 1017 2776 μοι
1039 2723 1051 2737 ⁸
1091 2707 1185 2768 El;
1241 2702 1388 2759 οἷκον
1418 2707 1622 2778 Κυρίου
1651 2726 1850 2777 πορευο

263 2796 490 2866 σόμεθα.
529 2815 546 2847 s
584 2796 653 2848 Τὲ
666 2796 842 2865 ρψεως
872 2797 979 2869 γὰρ
1004 2799 1134 2867 ἡμῖν
1161 2798 1255 2867 τῆς
1285 2797 1545 2852 ἀνωτάτω
1578 2800 1638 2851 τὸ
1660 2800 1850 2870 χρῆμα

262 2888 474 2957 καρπὸς
498 2888 745 2941 νοοῖτ’ἂν
794 2888 1042 2952 εἰκότως.
1082 2889 1372 2960 Τοιγάρτοι
1418 2890 1581 2943 πάλιν
1618 2892 1851 2962 ἐροῦμεν

1934 625 2305 678 universorum
2341 625 2481 676 Deus
2519 619 2752 690 quodam
2784 617 2904 670 loco
2939 631 2953 668 :
2994 632 3012 665 ι
3050 613 3230 666 Vineae
3262 610 3514 665 ﬂorentes

1934 716 2200 769 dederunt
2249 715 2469 766 odorem
2520 725 2703 775 suum,
2750 717 2804 762 et
2853 707 2988 760 licus
3021 699 3248 773 protulit
3297 711 3515 766 grossos

1936 823 2063 862 suos
2091 806 2155 859 ¹⁶.
2187 825 2203 856 ι
2242 804 2317 860 Ut
2347 804 2491 857 enim
2519 800 2652 868 jam,
2689 797 2944 853 Eccleslis
2980 796 3033 850 in
3077 792 3277 847 mundo
3306 789 3410 842 ﬁde
3461 787 3514 838 in

1937 900 2110 967 ipsum
2153 893 2443 959 inchoatis,
2473 894 2659 948 vineas
2687 906 2906 945 suavem
2936 888 3146 957 spirare
3170 883 3411 943 odorem,
3446 892 3512 931 ac

1937 989 2130 1042 ﬂorere
2157 997 2319 1055 atque
2350 986 2569 1053 insuper
2616 997 2837 1053 grossos
2865 992 3055 1048 parere
3084 975 3215 1031 dicit
3245 990 3259 1025 :
3284 984 3513 1040 quorum

1939 1080 2158 1134 nomine
2188 1093 2360 1147 nuper
2393 1076 2496 1131 Iide
2545 1074 2881 1129 initistorum
2928 1068 3162 1123 nondum
3205 1072 3414 1117 matura
3462 1070 3519 1114 et

1939 1171 2110 1226 dulcis
2153 1169 2464 1231 multitudo,
2523 1166 2703 1221 futura
2740 1171 2922 1217 autem
2954 1158 3212 1230 paulatim
3260 1163 3311 1208 et
3348 1154 3518 1206 incre-

1944 1260 2142 1314 mentis
2172 1261 2238 1313 ad
2283 1258 2504 1313 meliora
2546 1256 2652 1309 huc
2679 1252 3031 1323 progrediens
3055 1245 3282 1314 intelligi
3317 1249 3513 1312 potest.

1941 1351 2134 1420 Adepti
2182 1350 2327 1404 enim
2379 1346 2834 1415 magnitudinem,
2893 1363 2911 1395 ι
2941 1351 2995 1397 et
3043 1341 3094 1394 in
3132 1339 3303 1393 virum
3339 1333 3517 1406 perfe-

1943 1452 2089 1496 ctum
2138 1439 2488 1508 plenitudinis
2530 1437 2734 1492 Christi
2762 1437 2805 1473 ¹¹
2844 1456 2862 1486 s
2895 1433 3088 1497 evec1i,
3137 1429 3322 1485 dulces
3367 1424 3519 1494 quasi

1946 1534 2153 1586 fructus
2186 1532 2389 1584 erimus
2441 1530 2569 1591 Deo,
2614 1527 2872 1582 Ecclesia:
2915 1524 3063 1577 velut
3110 1518 3265 1575 matri
3317 1513 3520 1585 agnati.

1945 1624 2285 1692 Quapropter
2324 1636 2419 1688 per
2452 1620 2612 1673 ticum
2645 1627 2698 1671 et
2727 1622 2891 1670 vitem
2934 1610 3219 1667 intellectis
3246 1604 3522 1663 Ecclesiis,

1945 1716 2045 1769 sub
2084 1713 2215 1781 ipsis
2247 1714 2471 1773 erimus,
2509 1719 2563 1764 et
2611 1710 2663 1762 in
2696 1708 2828 1778 ipsis
2870 1701 3290 1763 diversabimur,
3326 1700 3522 1750 cohor-

1951 1803 2222 1871 tandoque
2274 1801 2415 1854 inter
2469 1814 2566 1852 nos
2619 1799 2862 1852 dicemus
2914 1793 3044 1847 illud
3091 1787 3465 1858 propheticum
3506 1800 3522 1835 :

1872 1874 1914 1930 Β
1948 1913 1965 1946 ι
2000 1894 2217 1957 Venite,
2260 1890 2619 1945 ascendamus
2674 1888 2739 1941 ad
2791 1893 3027 1939 montem
3082 1878 3325 1943 Domini,
3360 1885 3415 1930 et
3458 1875 3524 1927 ad

1942 1988 2158 2043 domum
2229 1985 2318 2039 Dei
2368 1982 2570 2043 Jacoh,
2649 1987 2702 2034 et
2763 1975 3103 2032 annuntiabit
3156 1972 3313 2026 nobis
3381 1968 3524 2020 viam

1945 2093 2121 2139 suam,
2151 2086 2205 2130 et
2240 2075 2632 2129 ambulabimus
2681 2073 2732 2125 in
2774 2085 2835 2123 ea
2862 2070 2927 2121 “.
2964 2086 2983 2118 ι
3016 2066 3167 2133 Quod
3202 2064 3247 2118 si
3292 2058 3525 2116 assecuti

1949 2169 2236 2231 fuerimus,
2263 2166 2596 2219 omnimodis
2625 2162 3043 2232 praedicabimus
3073 2157 3165 2228 qui
3196 2170 3295 2209 nos
3333 2154 3400 2205 ad
3426 2150 3529 2204 hoc

1956 2270 2240 2321 vocarunt,
2287 2260 2632 2326 dicemusque
2667 2273 2679 2307 :
2711 2276 2729 2306 ι
2763 2255 2998 2309 ιωιοιιιε
3043 2265 3161 2305 sum
3204 2249 3256 2301 in
3304 2245 3386 2299 his
3434 2241 3527 2309 qni

1952 2351 2205 2405 dixerunt
2263 2350 2394 2402 mihi
2427 2343 2539 2405 {In
2609 2349 2826 2401 domum
2888 2343 3102 2399 Domini
3174 2339 3369 2395 ibimus
3401 2335 3464 2387 “.
3502 2349 3524 2384 ι

1955 2440 2178 2496 Summa
2227 2438 2370 2493 enim
2422 2437 2605 2491 laetitia
2658 2436 2866 2490 fructus
2916 2442 3104 2488 noster
3146 2427 3375 2495 intelligi
3410 2425 3532 2494 jure

1951 2540 2133 2601 queat.
2174 2528 2410 2584 Proinde
2435 2543 2621 2582 rursus
2658 2528 2787 2581 illud
2826 2519 3233 2593 Psalmographi
3260 2516 3532 2572 exclama-

1953 2623 2133 2676 bimus
2166 2640 2178 2675 :
2216 2638 2232 2671 ι
2268 2619 2441 2674 Unam
2475 2618 2638 2688 petivi
2684 2632 2713 2670 a
2746 2616 2994 2679 Domino,
3045 2613 3185 2667 hanc
3232 2607 3529 2678 requiram,

1955 2722 2013 2764 ut
2046 2710 2339 2764 inhabitem
2377 2712 2437 2768 in
2476 2710 2638 2763 domo
2670 2706 2881 2762 Domini
2914 2704 3165 2759 omnibus
3194 2699 3385 2755 diehus
3410 2696 3534 2750 vitae

1953 2816 2087 2855 mea:
2120 2817 2135 2856 :
2165 2811 2224 2855 ut
2270 2802 2482 2855 videam
2538 2799 2869 2866 voluptatem
2928 2792 3162 2858 Domini,
3215 2800 3272 2845 et
3320 2787 3532 2842 visitet:

1955 2894 2216 2963 templum
2253 2902 2497 2949 sanctum
2522 2892 2638 2962 ejus
2663 2890 2726 2944 ¹⁸.
2762 2910 2780 2942 ι

262 2978 406 3033 κατὰ
436 2976 527 3029 τόν
552 2978 873 3049 Ψαλμῳὸόνο
901 2998 917 3029 ι
944 2981 1087 3034 Μίαν
1114 2980 1403 3052 ᾐτησάμην
1433 2984 1586 3053 παρὰ
1609 2986 1837 3055 Κυρίου,
1877 2986 2085 3057 ταύτην
2157 2987 2395 3058 ζητήσω,
2458 2985 2547 3039 τοῦ
2610 2984 2883 3038 κατοικεῖν
2948 2997 3015 3051 με
3055 2979 3113 3031 ὲν
3161 2976 3297 3047 οἴκῳ
3326 2969 3535 3039 Κυρίου

264 3070 444 3133 πάσας
464 3071 561 3133 τὰς
592 3072 803 3141 ἡμέρας
860 3072 954 3142 τῆς
998 3073 1143 3143 ζωῆς
1203 3090 1326 3142 μου,
1387 3074 1481 3128 τοῦ
1531 3075 1756 3148 Θεωρεῖν
1785 3097 1850 3148 με
1892 3079 1990 3151 τὴν
2011 3082 2352 3153 τερπνότητα
2404 3077 2745 3150 Κυρίου,καὶ
2810 3071 3235 3127 ἐπισκέπτεσθαι
3262 3067 3352 3119 τὸν
3382 3063 3535 3131 ἅγιον

263 3165 452 3218 αὑτοῦ.
495 3185 513 3217 s

530 3307 913 3394 ΤΟΜΟΣ
990 3306 1585 3396 ΔΕΥΤΕΡΟΣ.

877 3468 920 3517 Κ
931 3465 1105 3519 ΕΦΑΛ
1116 3508 1127 3519 .
1176 3470 1248 3520 Δ’.

341 3601 448 3655 Kal
472 3601 848 3667 ἐπέστρεψεν
884 3603 917 3652 o'
956 3601 1210 3667 ἅγγελος
1267 3604 1298 3654 ὀ
1347 3601 1557 3655 λαλῶν
1594 3602 1661 3654 ἐν
1685 3600 1812 3667 ἐμοὶ
1839 3640 1853 3662 ,

264 3692 370 3744 καὶ
410 3690 679 3758 ἐξήγειρά
698 3707 795 3758 με,
840 3690 912 3743 ὃν
950 3692 1192 3756 τρόπον,
1244 3691 1388 3744 ὅταν
1420 3691 1706 3761 ἐξεγερθῇ
1756 3693 1857 3743 ἀνα

265 3785 504 3851 θρωπος
538 3782 606 3846 ἐξ
640 3782 835 3834 ὕπνου
884 3782 1094 3843 αὑτοῦ,
1135 3783 1231 3836 καὶ
1275 3784 1406 3836 εἷπε
1459 3785 1608 3851 πρός
1662 3802 1756 3852 με·
1799 3786 1858 3837 Τί

263 3871 353 3925 σὺ
384 3869 639 3936 ,ϐλέπεις
656 3888 675 3934 ;
697 3871 803 3923 Καὶ
836 3866 973 3924 εἶπα
993 3888 1005 3899 ·
1048 3871 1328 3939 Ἑώρακα,
1352 3874 1449 3926 καὶ
1476 3874 1603 3926 ἰδοὺ
1634 3876 1859 3943 λυχνία

263 3959 475 4028 χρυσῆ
506 3961 640 4027 ὅλη,
672 3960 770 4014 καὶ
798 3959 865 4013 τὸ
887 3960 1229 4028 λαμπάδιον
1256 3961 1457 4015 ἐπάνω
1514 3963 1721 4030 αὐτῆς,
1759 3965 1856 4017 καὶ

264 4046 423 4099 ἑπτὰ
448 4048 662 4115 λύχνοι
692 4046 892 4100 ἐπάνω
929 4048 1138 4114 αὐτῆς,
1176 4050 1275 4102 καί
1312 4050 1460 4104 ἑπτὰ
1503 4051 1859 4119 ἐπαρυστρί-

262 4138 373 4204 δες
419 4138 544 4203 τοῖς
597 4140 848 4207 λύχνοις
897 4139 1021 4205 τοῖς
1064 4140 1265 4194 ἐπάνω
1323 4143 1552 4211 αὐτῆς,
1597 4145 1695 4197 καὶ
1748 4145 1857 4199 δύο

262 4229 469 4282 ἐλαῖαι
490 4229 691 4282 ἐπάνω
704 4229 917 4297 αὐτῆς,
938 4233 1040 4298 μία
1065 4233 1131 4285 ἐκ
1148 4232 1363 4295 δεξιῶν
1391 4235 1497 4288 τοῦ
1519 4236 1860 4304 νῖαμπαδίου

265 4320 486 4389 αὐτῆς,
516 4321 611 4374 καὶ
634 4324 742 4389 μία
763 4322 831 4385 ἐξ
870 4325 1209 4393 εὐωνύμων.

343 4434 473 4487 Kl".
498 4434 591 4497 Τὸ,
630 4434 1019 4506 Ἐπέστρεψεν,
1052 4438 1109 4489 ἐν
1137 4436 1346 4502 τούτοις
1366 4439 1463 4509 οὐχ
1494 4439 1568 4502 ὼς
1592 4441 1653 4492 ἐκ
1686 4441 1852 4494 τόπου

273 4526 554 4593 νοήσομεν
588 4522 802 4594 (εὔηθες
828 4526 935 4598 γὰρ
962 4528 1205 4599 κομιδῇ),
1229 4529 1525 4599 νομιοῦμεν
1552 4529 1607 4582 δὲ
1628 4531 1849 4599 μᾶλλον,

2165 3319 2411 3411 ΤΟΜ
2443 3319 2574 3406 US
2663 3312 3314 3403 SECUNDUS.

2510 3464 2674 3536 382
2703 3462 2853 3517 car.
2898 3461 2985 3516 tv.

2032 3603 2193 3658 Vsus.
2236 3602 2349 3655 ιοδ.
2405 3601 2465 3654 Et
2518 3616 2750 3654 reversus
2791 3608 2863 3651 est
2905 3596 3118 3665 angelus
3162 3593 3252 3662 qui
3290 3592 3536 3661 loqueba-

1960 3713 2049 3753 tur
2100 3700 2152 3751 in
2195 3714 2313 3762 me,
2361 3707 2407 3749 et
2454 3694 2728 3749 suscitavit
2777 3709 2856 3745 me
2902 3691 3035 3743 sicut
3078 3704 3194 3741 cum
3252 3686 3540 3739 suscitatur

1960 3792 2113 3842 homo
2134 3789 2196 3839 de
2228 3804 2410 3840 somno
2449 3802 2567 3847 suo,
2594 3796 2639 3837 et
2671 3783 2801 3835 dixit
2835 3782 2903 3833 ml
2933 3795 3011 3833 me
3040 3795 3059 3832 :
3093 3779 3233 3843 Quid
3275 3787 3330 3830 tu
3357 3778 3495 3830 rides
3516 3777 3545 3827 .’
3605 3782 3609 3787 ’

1964 3880 2026 3933 Et
2054 3881 2167 3933 dixi
2192 3896 2210 3933 :
2244 3877 2384 3942 Vidi,
2418 3888 2464 3930 et
2517 3893 2629 3930 ecce
2661 3874 3036 3929 candelabrum
3084 3886 3306 3925 aureum
3346 3881 3539 3933 totum,

1960 3984 2008 4028 et
2058 3974 2259 4039 lampas
2314 3986 2471 4037 super
2526 3970 2716 4036 ipsum,
2768 3976 2814 4019 et
2864 3975 3055 4034 septem
3102 3963 3330 4016 lucerna:
3382 3974 3549 4029 super

1963 4058 2118 4121 illud,
2163 4068 2212 4109 et
2254 4066 2444 4124 septem
2482 4055 2741 4122 inlusoria
2787 4053 3014 4106 lucernis
3059 4066 3213 4120 super
3250 4051 3460 4118 ipsum;
3491 4060 3540 4101 et

1962 4151 2081 4203 dua:
2108 4150 2256 4202 olivae
2282 4165 2438 4216 super
2467 4150 2619 4213 illud,
2653 4164 2759 4199 una
2805 4164 2835 4199 α
2867 4144 3068 4198 dextris
3104 4144 3362 4210 lampadis
3400 4140 3538 4211 ejus,

1963 4255 2008 4297 et
2044 4259 2147 4295 una
2181 4260 2212 4294 ιι
2246 4242 2497 4295 sinistris.

2038 4440 2225 4495 XXIII.
2272 4440 2567 4492 Reversum
2596 4452 2717 4490 esse
2748 4437 2835 4490 hic
2866 4451 2971 4490 non
3001 4444 3061 4489 ut
3093 4449 3159 4491 ex
3193 4433 3311 4489 loco
3341 4435 3546 4504 accipi—

1968 4545 2107 4593 mus,
2147 4530 2196 4582 id
2237 4528 2381 4581 enim
2432 4540 2694 4596 perquam
2742 4527 2982 4594 ineptum
3014 4538 3156 4581 esset
3190 4544 3203 4581 :
3235 4535 3545 4581 statuemus

268 4614 373 4683 τὴν
410 4614 487 4676 ὼς
513 4614 571 4678 ἐξ
596 4613 837 4685 ὁράσεως
869 4618 968 4687 τῆς
998 4618 1056 4682 ἐξ
1094 4620 1297 4689 ἀμφοῖν
1332 4621 1416 4687 ἐφ’
1468 4622 1658 4692 ἑτέραν
1703 4622 1850 4685 εὐθὺς

1970 4632 2146 4676 autem
2172 4620 2348 4689 potius
2386 4635 2451 4673 ex
2485 4619 2745 4672 ambabus
2774 4618 3074 4672 visionibus
3118 4619 3183 4672 ad
3231 4618 3390 4671 aliam
3428 4627 3547 4671 sta-

274 4708 372 4759 κα¹ι
406 4706 623 4773 γείτονα
675 4709 1085 4779 μεταφοίτησιν,
1131 4712 1290 4781 δῆλον
1350 4712 1406 4764 δὲ
1453 4713 1533 4765 ὅτι
1574 4731 1869 4783 πνευματι-

272 4798 399 4868 κήν.
441 4798 663 4868 Ἐπειδὴ
716 4798 772 4851 δὲ
833 4801 1049 4870 νήψεως
1119 4803 1362 4872 ἀκράτου
1419 4804 1580 4874 χρεία
1634 4805 1726 4857 καὶ
1772 4805 1871 4875 τῆς

271 4888 423 4956 ὑπὲρ
456 4886 583 4941 νοῦν
609 4888 698 4940 τὸν
730 4890 1092 4961 ἀνθρώπινον,
1121 4891 1177 4946 ἔν
1207 4910 1269 4961 γε
1297 4894 1361 4965 δὴ
1396 4896 1627 4965 μάλιστα
1662 4896 1871 4960 τούτοις

272 4979 487 5047 λεπτὴν
550 4980 775 5034 ἐνετίθει
832 4984 1229 5056 ὲπιγρήγορσιν
1282 4984 1360 5055 τῷ
1421 4987 1674 5057 προφήτῃ
1718 4986 1871 5053 Θεὸς,

276 5068 683 5139 μαθητεύοντος
745 5074 981 5143 ἀγγέλου
1014 5075 1109 5129 τοῦ
1157 5076 1445 5139 λαλοῦντος
1495 5080 1552 5130 ὲν
1593 5077 1760 5147 αύτῷ,
1795 5077 1871 5141 ὡς

272 5163 462 5215 δοκεῖν
492 5163 552 5226 ἐξ
586 5164 754 5218 ὕπνου
778 5166 1146 5238 διεγερθῆναι.
1200 5170 1434 5240 Τοιαύτη
1469 5170 1577 5239 γάρ
1604 5173 1718 5234 πώς
1753 5172 1869 5223 ἐστι

272 5255 377 5324 τῆς
411 5256 471 5307 ἐν
526 5256 655 5324 ἡμῖν
692 5258 927 5323 διανοίας
976 5263 1009 5331 ἠ
1052 5263 1385 5324 κατάστασις
1410 5304 1425 5327 ,
1482 5264 1576 5315 καὶ
1638 5262 1773 5316 πολὺ
1805 5263 1869 5334 δὴ

276 5345 453 5415 μείων
516 5346 668 5416 παρά
710 5348 811 5417 τὴν
859 5345 1023 5403 οὖσαν
1078 5352 1137 5403 ὲν
1189 5354 1301 5414 τοῖς
1358 5353 1535 5420 ἁγίοις
1592 5351 1865 5420 ἀγγέλοις,

274 5435 421 5489 ὥστε
452 5436 586 5505 φαίη
644 5454 729 5499 τις
778 5439 843 5493 ἂν
906 5444 1232 5515 ἐγρήγορσιν
1282 5444 1381 5515 μὲν
1412 5444 1480 5497 τά
1533 5444 1778 5506 ἐκείνων,
1810 5445 1869 5495 ἐν

274 5524 437 5596 ὕπνῳ
462 5527 518 5579 δὲ
550 5527 738 5599 ὥσπερ
767 5531 832 5583 τὰ
861 5534 982 5584 καθ’
1010 5536 1178 5605 ἡμᾶς.
1212 5535 1427 5607 Ἐπειδὴ
1448 5536 1503 5588 δὲ
1534 5538 1561 5588 ό
1587 5534 1868 5598 θεσπέσιος

273 5618 513 5688 ἄγγελος
545 5620 769 5693 γνώμην
816 5640 875 5676 τε
923 5625 1015 5678 καὶ
1061 5626 1183 5679 νοῦν
1221 5628 1355 5698 πρὸς
1386 5627 1561 5697 τούτῳ
1605 5626 1669 5697 δὴ
1728 5642 1868 5697 παρ-

358 5794 378 5827 ’
415 5793 557 5851 Psal.
588 5814 791 5865 cur”,
826 5801 875 5853 5.
960 5803 999 5832 ’(⁸
1029 5802 1181 5862 Cant.
1216 5818 1272 5868 II,
1304 5804 1382 5857 15.

1466 5804 1502 5835 ¹¹
1540 5803 1733 5873 Ειιιιρδ.
1770 5816 1842 5864 Iv,
1881 5800 1958 5856 l5.
2042 5803 2083 5832 ”
2114 5800 2213 5855 lsa.
2255 5817 2310 5868 tt,
2353 5804 2404 5852 5.

1972 4714 2065 4766 tim
2124 4722 2179 4766 et
2214 4712 2444 4766 vicinam
2476 4711 2810 4781 spiritualem
2858 4712 3043 4781 utique
3108 4711 3345 4765 transiri.
3398 4710 3547 4776 Quo-

1973 4807 2116 4860 niam
2150 4821 2278 4858 vero
2314 4806 2366 4858 in
2416 4805 2499 4859 his
2534 4806 2768 4859 maxime
2808 4804 3067 4874 singulari
3101 4804 3379 4873 vigilantia
3411 4819 3551 4869 Opus

1972 4906 2077 4961 est,
2130 4904 2184 4951 et
2223 4896 2427 4965 majore
2489 4911 2654 4964 quam
2698 4910 2796 4965 pro
2829 4904 2988 4962 captu
3047 4894 3306 4960 humano,
3358 4909 3549 4947 acrem

1977 4989 2211 5058 vigiliam
2258 4988 2502 5041 immittit
2539 4991 2809 5057 propheta:
2858 4985 3020 5047 Deus,
3078 4986 3306 5041 docente
3354 4985 3549 5054 angelo

1972 5080 2060 5147 qui
2088 5080 2142 5133 in
2177 5080 2292 5149 ipso
2328 5079 2663 5147 loquebatur,
2703 5087 2759 5131 ut
2787 5092 2844 5132 se
2883 5093 2914 5131 e
2944 5092 3136 5132 sonmo
3163 5086 3379 5146 putaret
3410 5076 3547 5128 exci-

1972 5178 2165 5224 tatum.
2208 5169 2355 5223 Talis
2395 5179 2477 5222 cst
2510 5169 2653 5223 enim
2694 5169 2857 5223 animi
2902 5167 3079 5223 nostri
3112 5168 3371 5230 conditio,
3410 5164 3547 5218 mul-

1972 5269 2137 5329 toque
2177 5260 2405 5314 inferior
2451 5276 2612 5329 quam
2651 5261 2703 5314 in
2745 5261 2948 5315 sanctis
2982 5260 3208 5330 angelis,
3238 5267 3297 5310 ut
3329 5270 3547 5310 asseve-

1975 5367 2096 5406 rare
2132 5353 2305 5420 possit
2359 5354 2627 5421 quispiam
2666 5353 2788 5408 illos
2818 5366 2939 5407 esse
2970 5352 3022 5405 in
3055 5360 3311 5421 perpetua
3343 5348 3546 5418 vigilia,

1973 5458 2071 5497 nos
2122 5443 2276 5511 qnasi
2334 5444 2384 5496 in
2440 5454 2701 5513 perpetuo
2759 5459 2965 5499 somno.
3021 5443 3313 5510 Postquam
3368 5448 3548 5494 autem

1972 5534 2185 5589 divinus
2215 5535 2437 5604 angelus
2474 5535 2824 5599 voluntatem,
2860 5546 2913 5589 et
2965 5544 3199 5588 mentem
3235 5546 3452 5602 quoque
3485 5546 3551 5586 eo

1975 5624 2285 5680 inclinatam
2341 5626 2508 5692 vidit,
2564 5637 2621 5681 ut
2673 5627 2816 5695 quod
2873 5624 3036 5679 ﬁebat
3093 5622 3362 5679 subtiliter
3418 5620 3551 5678 satis

2486 5803 2527 5833 ‘°
2561 5802 2703 5856 Psal.
2748 5817 2894 5866 tim,
2936 5801 2981 5855 l.
3064 5799 3277 5871 “pl’sal.
3313 5814 3459 5862 xxvi,
3488 5797 3541 5853 4.
