4120 6594
562 407 631 467 89
1422 458 1426 461 ,
1553 399 1611 450 S.
1652 393 1930 451 CYlllLLl
1971 392 2440 448 ΑιΕΧΑΜηιῐΝι
2481 393 2794 448 AliCllll‘lf‘.

3749 396 3830 450 60

563 522 868 593 perspicere
896 528 1094 589 posset,
1131 527 1477 589 percontatur
1523 515 1781 584 quidnam
1843 522 1986 581 putet
2013 527 2135 566 esse

2260 513 2594 582 qusypévov
2647 511 2919 574 τεθέαται,
2948 509 3087 562 ὥστε
3136 509 3226 562 καὶ
3271 510 3634 580 ἀποχρώντως
3677 513 3827 582 ἔχειν

564 633 683 685 quae
715 613 1176 669 monstrabantur.
1210 611 1344 665 Tum
1388 608 1651 678 prolilteta
1687 620 1896 658 rursum
1939 603 2134 658 certis-

566 710 757 761 simam
793 705 1018 760 visionis
1049 699 1618 757 commemorationem
1677 695 1907 758 inducit,
1947 695 2135 749 dicens

565 815 622 852 se
660 797 858 851 vidisse
889 795 1294 859 candelabrum,
1344 798 1514 845 totum
1553 802 1776 842 aureum
1809 800 1906 856 per
1937 792 2132 851 totum,

566 904 630 943 ae
669 901 835 956 super
881 887 1055 956 ipsum
1105 883 1439 952 lampadem;
1476 881 1606 951 quin
1652 887 1705 931 et.
1754 878 2007 932 lucernas
2051 891 2138 930 se-

567 990 733 1046 ptem,
794 989 849 1032 et
888 982 1075 1030 eodem
1121 989 1346 1030 numero
1408 971 1694 1037 infusoria,
1755 969 1926 1024 olivas
1979 970 2135 1034 duas,

567 1085 726 1124 unam
753 1086 782 1122 a
809 1068 1012 1122 dextris
1041 1067 1324 1134 lampadis,
1352 1064 1580 1118 alteram
1603 1077 1631 1116 a
1659 1061 1913 1116 sinistris.
1942 1059 2008 1113 Et
2033 1059 2138 1114 ista

582 1160 798 1231 quidem
838 1169 1055 1214 ostensa
1089 1157 1342 1226 liquidius
1372 1155 1598 1210 forsitan
1633 1151 1996 1223 explanabunt
2020 1165 2140 1221 quas

565 1253 708 1304 dicta
731 1259 880 1304 sunt.
917 1249 1148 1310 Necesse
1174 1260 1258 1302 est
1287 1257 1463 1300 tamen
1497 1245 1721 1298 visionis
1764 1242 1922 1311 hujus
1950 1243 2137 1294 intima

565 1343 832 1398 curiosius
880 1343 1216 1410 indagantes,
1270 1337 1588 1408 signiﬁcatis
1635 1344 1838 1388 attente
1891 1333 2139 1386 conside-

571 1428 754 1483 randis
776 1429 1188 1496 diligentissime
1211 1426 1546 1490 incumbere,
1570 1433 1625 1480 et
1645 1439 1706 1479 ea
1731 1438 1850 1477 cum
1871 1422 1981 1491 jam
2013 1437 2142 1492 pran-

567 1520 726 1576 dictis
751 1522 888 1574 scite
929 1518 1198 1588 copulare.
1229 1518 1506 1587 Aitigitur
1545 1516 1926 1569 universorum
1971 1513 2137 1578 Deus,

567 1626 627 1667 se
683 1610 890 1666 foveam
954 1612 1245 1672 fossurum,
1311 1620 1365 1663 et
1405 1616 1870 1662 contreetaturum
1922 1617 2139 1658 omnem

570 1702 910 1772 iniquitatem
947 1711 1102 1756 terra:
1133 1700 1278 1755 illius
1313 1699 1368 1753 in
1400 1699 1485 1753 die
1518 1713 1646 1754 una.
1683 1697 1943 1752 Hortatur
1976 1697 2140 1752 etiam

569 1794 727 1860 alios,
777 1801 838 1847 ut
880 1794 1022 1847 inter
1068 1809 1127 1847 se
1175 1793 1274 1846 sub
1305 1792 1470 1846 vitem
1517 1801 1572 1844 et
1609 1789 1766 1842 ticum
1817 1797 2135 1842 convocem.

575 1885 680 1939 Nos
705 1857 924 1953 scopum
952 1882 1247 1954 prophetiae
1279 1880 1937 1948 aperientesgdicebamus
1961 1880 2139 1934 increo
2173 1857 2217 1912 Β

573 1975 713 2029 dulis
763 1985 816 2029 et
843 1974 1145 2043 agrestibus
1167 1972 1632 2042 contemptoribus
1656 1971 1847 2025 salutis
1873 1986 1965 2040 per
1988 1971 2144 2026 Chri-

577 2075 718 2120 stum
768 2076 933 2132 parue
962 2065 1250 2135 quamdam
1302 2064 1511 2119 foveam
1557 2063 1830 2118 exitialem
1878 2078 1999 2119 esse
2036 2063 2146 2118 fos-

573 2172 708 2220 sam,
739 2156 902 2227 683
928 2157 1306 2211 contumeliam
1358 2156 1564 2210 scilicet
1613 2156 1815 2221 erucis,
1859 2165 1916 2209 et
1969 2155 2146 2210 scelus

572 2258 808 2301 cruentae
833 2248 997 2301 caulis
1024 2246 1248 2300 Christi.
1299 2245 1584 2300 Perierunt
1621 2247 1765 2300 enim
1801 2245 2009 2308 miseri,
2053 2244 2143 2312 qui

582 2341 867 2396 Dominum
911 2341 1074 2408 impie
1105 2348 1456 2394 necaverunt.
1499 2336 1568 2391 lis
1609 2349 1788 2391 autem
1821 2337 1910 2405 qui
1945 2337 2148 2390 dilexe-

574 2439 698 2486 runt
735 2432 1021 2486 adventum
1068 2430 1185 2501 ejus
1231 2432 1666 2490 delectationem,
1717 2437 1771 2483 et
1799 2429 2048 2492 delicias,
2089 2437 2142 2481 et

573 2522 704 2592 quid
731 2538 835 2578 non
862 2522 1075 2578 tandem
1104 2520 1261 2592 hujus
1291 2523 1508 2591 generis
1541 2521 1873 2590 contigisse?
1907 2520 2150 2576 Fuerunt

575 2613 715 2667 enim
746 2612 800 2666 in
838 2613 1094 2668 Ecclesiis
1130 2613 1276 2666 velut
1303 2615 1404 2667 sub
1434 2613 1641 2667 lieubus
1694 2622 1745 2666 et
1780 2613 2004 2668 vitibus.
2043 2610 2149 2666 Sed

575 2718 704 2759 ecce
723 2704 830 2758 alio
858 2707 983 2758 item
1021 2705 1181 2758 modo
1211 2703 1472 2773 propheta
1501 2705 1814 2776 mysterium
1857 2705 2010 2757 vidit.
2043 2704 2153 2757 Au-

581 2811 729 2850 reum
770 2796 964 2866 quippe
991 2795 1375 2850 candelabrum
1419 2811 1605 2850 rursus
1650 2795 1945 2850 Eeelesiam
1982 2795 2152 2850 inter-

581 2896 883 2956 pretamur,
939 2895 1126 2956 utpote
1191 2887 1562 2942 honorabilem
1625 2887 1843 2953 mundo,
1901 2895 2152 2958 tanquam

582 2979 870 3033 virtutibus
936 2978 1357 3034 illustrissimam
1420 2994 1484 3034 ac
1527 2978 2044 3049 splendidissimam,
2094 2987 2153 3032 ut

582 3064 812 3118 sublime
833 3064 1122 3120 admodum
1156 3065 1418 3120 elevatam
1442 3074 1582 3121 verae
1610 3067 1935 3136 cognitionis
1959 3067 2155 3122 divina:

2241 603 2475 656 συνιέναι
2505 603 2716 665 λεπτῶς
2747 602 2845 672 τὴν
2880 604 3090 672 ὅρασιν,
3124 601 3508 655 διεπυνθάνετο
3542 603 3736 670 λέγων,
3767 606 3826 657 τί

2241 693 2306 746 ἂν
2331 694 2494 746 οἴοιτο
2546 693 2811 763 ὑπάρχειν
2859 693 2927 745 τά
2975 691 3311 761 δεδειγμένα.
3378 693 3827 762 Ἀπλανεστάτην

2239 801 2302 852 γε
2365 785 2470 856 μὴν
2524 787 2552 837 ὁ
2593 786 2879 857 προφήτης
2935 784 3033 852 τῆς
3097 784 3339 855 ὁράσεως
3387 785 3487 855 τὴν
3544 784 3826 853 ἀρήγησιν

2240 879 2474 930 ἐποιεῖτο
2503 876 2685 939 πάλιν,
2749 875 2970 944 λυχνίαν
3014 874 3315 946 ἑωρακέναι
3365 875 3537 940 λέγων
3584 877 3710 944 ὃλην
3753 877 3822 928 δι’

2238 970 2361 1024 ὃλου
2393 970 2620 1040 χρυσῆν·
2658 967 2842 1020 ὲπάνω
2873 966 2930 1018 δὲ
2957 966 3128 1036 αὐτῆς
3155 967 3214 1019 τὸ
3247 967 3570 1037 λαμπάδιον,
3592 969 3684 1020 καὶ
3716 979 3824 1036 μή.)

2241 1063 2335 1116 καὶ
2369 1062 2594 1132 λύχνους
2619 1061 2777 1123 ἑπτὰ,
2812 1061 2904 1112 καὶ
2967 1059 3286 1130 ἰσαρίθμους
3323 1061 3506 1122 αὐτοῖς
3568 1061 3667 1123 τὰς
3723 1063 3820 1111 ἐπ-

2241 1154 2600 1226 αρυστρίδας,
2630 1154 2815 1216 ἐλαίας
2833 1152 2946 1216 δύο,
2985 1151 3111 1222 μίαν
3137 1152 3232 1220 μὲν
3255 1154 3318 1204 ὲκ
3343 1151 3532 1218 δεξιῶν
3559 1151 3651 1204 τοῦ
3683 1153 3823 1220 λαμ-

2242 1246 2454 1308 παδίου,
2499 1245 2730 1314 θατέραν
2761 1261 2821 1312 γε
2862 1243 2966 1314 μὴν
2997 1242 3254 1312 κειμένην
3281 1241 3341 1306 ἐξ
3369 1243 3684 1312 εὐωνύμων.
3714 1244 3821 1295 Καὶ

2240 1339 2405 1408 ἡμὲν
2453 1337 2831 1407 ὲμιρανεστέρα
2864 1335 2968 1388 τῶν
3017 1333 3377 1403 δεδειγμένων
3425 1335 3678 1398 ἀπόδοσις
3735 1335 3820 1404 εἴη

2241 1428 2306 1482 ἂν
2331 1429 2429 1498 οὐχ
2456 1429 2620 1498 ἑτέρα
2649 1428 2800 1497 παρὰ
2831 1427 3022 1483 ταῦτα.
3054 1429 3174 1499 Χρὴ
3203 1426 3260 1479 δὲ
3287 1427 3412 1488 τοὺς
3440 1426 3537 1495 τῆς
3568 1427 3826 1480 ἐσωτάτω

2241 1519 2332 1571 τὸν
2354 1519 2477 1573 νοῦν
2507 1521 2747 1583 ἐνιέντας
2779 1521 3219 1591 περιεργότερον,
3242 1516 3557 1587 περιαθρεῖν
3587 1511 3644 1569 εὖ
3674 1515 3820 1586 μάλα

2244 1612 2536 1683 πειρᾶσθαι
2569 1612 2639 1664 τὰ
2667 1611 2992 1682 δηλούμενα,
3051 1612 3144 1664 καὶ
3196 1609 3403 1662 συνδεῖν
3451 1607 3680 1671 ἀστείως
3713 1610 3825 1670 τοῖς

2245 1703 2343 1773 ἤδη
2375 1702 2793 1772 προειρημένοις
2817 1704 2911 1754 καὶ
2931 1703 3074 1755 τάδε.
3113 1704 3255 1772 Ἔφη
3282 1701 3460 1753 τοίνυν
3505 1701 3534 1751 ὁ
3563 1701 3666 1753 τῶν
3688 1701 3826 1753 ὅλων

2245 1793 2398 1858 Θεὸς,
2422 1794 2503 1846 ὅτι
2549 1795 2638 1846 καὶ
2670 1794 2860 1864 βόθρον
2905 1795 3109 1864 όρύξει,
3161 1794 3254 1846 καὶ
3301 1794 3610 1866 ψηλαφήσει
3646 1794 3830 1845 πᾶσαν

2245 1887 2343 1957 τὴν
2371 1885 2582 1940 ἀδικίαν
2616 1885 2714 1954 τῆς
2757 1885 2857 1955 γῆς
2885 1885 3102 1955 ἐκείνης
3130 1886 3188 1938 ὲν
3223 1886 3407 1956 ἡμέρᾳ
3432 1887 3548 1954 μιᾷ.
3592 1885 3828 1952 Προτρέ-

2247 1997 2338 2030 πει
2395 1977 2448 2030 δὲ
2503 1979 2598 2030 καὶ
2638 1977 2846 2046 ἑτέροις
2901 1977 3192 2044 συγκαλεῖν
3253 1977 3512 2046 ἀλλήλους
3570 1975 3833 2027 ὑποκάτω

2249 2071 2495 2141 ἀμπέλου
2546 2070 2638 2123 καὶ
2675 2067 2930 2121 ὑποκάτω
2964 2068 3154 2137 συκῆς.
3199 2067 3384 2135 Ἡμεῖς
3411 2067 3466 2118 δὲ
3500 2065 3642 2134 σαφῆ
3693 2064 3830 2115 καθ-

2249 2161 2494 2222 ιστάντες
2528 2159 2625 2228 τῆς
2661 2159 2998 2229 προφητείας
3051 2157 3139 2211 τὸν
3167 2156 3388 2218 σκοπὸν,
3443 2155 3699 2224 ἐλέγομεν
3746 2155 3836 2205 ὅτι.

2247 2257 2359 2317 τοῖς
2376 2254 2473 2324 μὲν
2493 2251 2738 2305 ἀπειθεῖν
2761 2249 3081 2321 ᾑρημένοις,
3099 2248 3196 2301 καὶ
3223 2247 3579 2316 ἀτιμάζουσιν
3603 2247 3837 2316 ἀμαθῶς

2247 2345 2347 2414 τὴν
2378 2342 2468 2396 διά
2501 2340 2736 2414 Χριστοῦ
2771 2340 3065 2411 σωτηρίαν,
3090 2339 3279 2410 βόθρος
3307 2335 3397 2392 οἷά
3421 2356 3502 2402 τις
3525 2338 3836 2409 ὀρώρυκται

2251 2437 2633 2506 κατακομίζων
2663 2437 2742 2497 εἰς
2763 2432 3002 2504 ὄλεθρον,
3035 2435 3067 2504 ἡ
3095 2434 3184 2486 ἐπὶ
3211 2432 3289 2502 τῷ
3318 2431 3532 2502 σταυρῷ
3557 2433 3832 2501 παροινία,

2252 2530 2466 2600 καὶτῆς
2511 2529 2652 2582 κατά
2699 2527 2937 2598 Χριστοῦ
3002 2524 3331 2596 μιαιφονίας.
3362 2522 3429 2576 τὰ
3488 2523 3836 2592 ἐγκλήματα.

2265 2619 2599 2673 Ἀπολώλασι
2677 2620 2786 2690 γὰρ
2869 2619 2918 2670 οί
2995 2617 3217 2668 δείλαιοι
3298 2615 3838 2686 Κυριοκτονήσαντες

2253 2711 2501 2775 ἀνοσίως.
2526 2711 2650 2774 Τοῖς
2671 2728 2733 2779 γε
2772 2709 2875 2780 μὴν
2906 2707 3217 2777 ἠγαπηκόσι
3265 2706 3364 2775 τὴν
3389 2706 3706 2773 ἐπιφάνειαν
3737 2703 3837 2759 σεῦ-

2254 2802 2353 2856 τοῦ
2369 2801 2558 2872 τέρψις
2589 2819 2649 2854 τε
2682 2801 2775 2854 καὶ
2809 2799 3008 2868 τρυφὴ,
3031 2799 3122 2850 καὶ
3159 2797 3211 2848 τί
3244 2795 3352 2864 γάρ
3380 2795 3498 2864 οὐχὶ
3531 2793 3637 2845 τῶν
3660 2794 3840 2846 τοιού-

2252 2916 2358 2952 των
2389 2895 2629 2967 ὑπῆρξε;
2662 2894 2922 2963 Γεγόνασι
2946 2892 3054 2962 γὰρ
3094 2891 3169 2953 ὡς
3200 2890 3303 2941 ὑπὸ
3333 2891 3526 2950 συκαῖς
3593 2887 3688 2939 καὶ
3721 2889 3831 2954 ἀμ-

2258 2988 2444 3051 πέλοις
2479 2989 2601 3050 ταῖς
2644 2985 3013 3056 Ἑκκλησίαις.
3059 2982 3196 3034 Ἀλλ’
3235 2981 3339 3034 ἰδοὺ
3376 2980 3469 3033 καὶ
3510 2977 3840 3048 καθ”ἐτερον

2255 3077 2456 3145 τρόπον
2483 3074 2576 3129 τοῦ
2628 3073 2928 3145 μυστηρίου
2961 3071 3060 3142 τὴν
3107 3068 3335 3138 δύναμιν
3371 3069 3400 3120 ὁ
3433 3067 3717 3138 προφήτης
3749 3081 3842 3116 τε·-

583 3152 871 3220 dogmatis,
908 3169 1070 3223 super
1106 3168 1210 3223 qua
1248 3153 1451 3224 lampas
1500 3165 1603 3219 est,
1653 3171 1844 3226 nempe
1879 3156 2153 3220 Christus,

2260 3166 2470 3222 θέαται.
2525 3165 2637 3236 Τὴν
2696 3164 2805 3232 γάρ
2859 3179 2941 3216 τοι
2974 3161 3179 3233 χρυσῆν
3227 3158 3448 3229 λυχνίαν
3489 3157 3666 3226 φαμὲν
3698 3150 3839 3207 εἶναι

583 3245 650 3300 de
684 3260 792 3315 quo
820 3246 958 3300 Deus
997 3255 1046 3300 et
1085 3246 1282 3300 Pater:
1323 3266 1340 3298 ι
1373 3246 1600 3318 Propter
1641 3248 1770 3302 Sion
1803 3264 1906 3302 non
1944 3249 2158 3314 tacebo,

583 3347 639 3392 et
664 3346 884 3409 prOpter
913 3336 1208 3392 Jerusalem
1246 3355 1354 3393 non
1382 3341 1682 3409 quiescam,
1713 3339 1888 3394 donec
1916 3339 2160 3410 egredia-

586 3439 672 3482 tur
714 3439 772 3483 ut
811 3429 989 3483 lumen
1021 3431 1228 3499 justitia
1285 3445 1426 3495 mea,
1478 3442 1531 3484 et
1583 3431 1820 3485 salutare
1879 3445 2054 3485 meum
2104 3439 2162 3484 ut

586 3519 793 3588 lampas
826 3523 1148 3575 accendetur
1172 3521 1237 3573 ¹⁸.
1269 3541 1287 3574 ι
1337 3521 1486 3574 Hanc
1514 3521 1814 3590 lampadem
1850 3522 2160 3576 universum

588 3613 775 3666 urbem
826 3613 1220 3667 illuminantetn
1283 3627 1445 3682 super
1489 3612 1874 3667 candelabrum
1925 3613 2064 3667 Deus
2110 3622 2165 3668 et

591 3703 750 3758 Pater
781 3704 1003 3773 posuit:
1043 3724 1059 3754 ι
1095 3703 1165 3758 Ut
1195 3719 1383 3760 omnes
1427 3705 1518 3773 qui
1570 3704 1944 3772 ingrediuntur
1984 3703 2162 3757 lumen

590 3795 830 3860 videant,
877 3805 930 3850 et
971 3795 1148 3850 luceat
1194 3796 1443 3850 omnibus
1477 3798 1568 3864 qui
1611 3795 1663 3850 in
1701 3795 1860 3850 domo
1887 3805 2012 3849 sunt
2038 3795 2102 3848 ¹⁸.
2140 3814 2160 3846 ι

593 3887 812 3957 Septem
850 3895 1031 3941 autem
1064 3897 1191 3940 sunt
1237 3885 1489 3950 lucernae,
1525 3901 1628 3939 non
1678 3886 1936 3940 habentes
1984 3885 2163 3938 lumen

593 3979 913 4047 proprium,
973 3980 1067 4032 sed
1126 3978 1400 4031 inductum
1475 3986 1529 4031 et
1576 3986 1880 4041 externum,
1953 3985 2008 4030 et
2062 3976 2165 4030 olei

593 4067 859 4126 effusione
911 4070 1197 4133 nutritum,
1232 4085 1352 4139 quae
1383 4079 1436 4123 et
1477 4071 1606 4139 ipsa
1635 4080 1853 4123 sanctos
1893 4067 2167 4138 apostolos

593 4163 857 4229 referunt,
908 4170 964 4218 et
1001 4161 1363 4232 evangelistas
1415 4161 1656 4228 insuper,
1700 4168 1753 4215 et
1799 4159 1889 4228 qui
1943 4158 2169 4228 singulis

602 4253 935 4322 temporibus
966 4253 1292 4307 exstiterunt
1326 4250 1683 4306 Ecclesiarum
1735 4249 2042 4319 magistros,
2076 4249 2167 4319 qui

599 4344 1046 4398 illuminationem
1103 4359 1131 4395 a
1177 4342 1396 4398 Christo
1444 4341 1608 4396 veluti
1648 4343 1905 4410 quosdam
1947 4340 2171 4411 lyclmos

597 4437 651 4490 in
689 4436 883 4491 animis
948 4445 1002 4490 et
1035 4434 1288 4488 cordibus
1333 4435 1446 4488 suis
1470 4444 1845 4503 susceperunt,
1881 4433 1968 4486 cui
1999 4431 2173 4501 Spiri-

2263 3257 2424 3310 πάλιν
2465 3254 2563 3326 τὴν
2624 3253 2974 3322 Ἐκκλησίαν,
3026 3251 3100 3314 ὼς
3146 3247 3516 3319 τετιμημένην
3543 3247 3600 3299 ὲν
3626 3244 3838 3313 κόσμῳ,

2261 3346 2691 3416 διαορανεστάτην
2718 3347 2775 3398 ὲν
2800 3346 3045 3416 ἀρεταῖς,
3075 3342 3149 3404 ὡς
3178 3338 3313 3410 ὑψοῦ
3339 3338 3402 3409 δὴ
3429 3337 3549 3392 λίαν
3597 3336 3844 3405 ἠρμένη»

2261 3441 2374 3502 τοῖς
2407 3439 2507 3506 τῆς
2570 3435 2830 3505 ἀληθινῆς
2883 3431 3208 3500 θεογνωσίας
3253 3429 3542 3499 δόγμασιν,
3592 3419 3738 3498 ὲφ’ᾖ
3785 3425 3846 3476 τὺ

2263 3531 2588 3600 λαμπάδιον,
2620 3527 2885 3586 τουτέστι,
2918 3524 3171 3596 Χριστὸς,
3207 3522 3335 3592 περὶ
3357 3511 3418 3573 οὗ
3453 3535 3620 3589 φησιν
3662 3518 3689 3570 δ
3713 3516 3846 3578 Θεὸς

2265 3622 2359 3675 καὶ
2383 3622 2591 3692 Πατήρ·
2631 3637 2648 3670 ι
2679 3619 2776 3672 Διά
2815 3616 2952 3670 Σιὼν
3005 3617 3065 3668 οὐ
3096 3614 3470 3682 σιωπήσομαι,
3496 3610 3589 3663 καὶ
3619 3607 3704 3661 διὰ
3743 3607 3846 3659 Ἰε-

2269 3714 2551 3788 ρουσαλὴμ
2601 3714 2702 3766 οὐκ
2749 3712 2952 3782 ἀνήσω,
3005 3709 3109 3769 ἕως
3134 3705 3198 3759 ἂν
3234 3703 3426 3776 ἐξέλθῃ
3446 3703 3521 3766 ὡς
3569 3699 3682 3769 φῶς
3711 3701 3743 3770 ὴ
3771 3698 3853 3750 δι·-

2267 3804 2526 3876 καιοσύνη
2560 3822 2682 3875 μου,
2713 3803 2772 3856 τὸ
2800 3804 2854 3856 δὲ
2883 3799 3147 3870 σωτήριόν
3176 3814 3276 3868 μου
3297 3797 3371 3860 ὠς
3395 3792 3616 3865 λαμπὰς
3645 3791 3849 3860 καυθή-

2270 3915 2442 3951 σεται.
2469 3915 2488 3948 ι
2523 3894 2694 3948 Τοῦτο
2717 3896 2824 3966 γάρ
2847 3891 3151 3962 λαμπάδιον
3173 3889 3233 3942 τὸ
3265 3889 3443 3942 πᾶσαν
3471 3881 3860 3952 καταφωτίζον

2266 3990 2364 4060 τὴν
2399 3988 2488 4040 ὑπ’
2518 3987 2762 4057 οὐρανὸν,
2817 3987 2910 4038 ἐπὶ
2940 3986 3004 4053 τῇ
3037 3982 3228 4051 λυχνία
3256 3979 3499 4032 τέθεικεν
3522 3977 3549 4028 ὁ
3584 3974 3715 4036 Θεὸς
3757 3973 3852 4026 καὶ

2270 4081 2481 4151 Πατὴρ,
2510 4098 2528 4129 ι
2557 4081 2672 4132 Ἵνα
2696 4079 2894 4139 πάντες
2926 4077 2975 4128 οἱ
3003 4072 3468 4144 εἰσπορευόμενοι,
3490 4069 3552 4121 τὸ
3581 4066 3694 4136 φῶς
3728 4064 3850 4135 su-

2272 4191 2438 4236 πωσι,
2471 4173 2565 4225 καὶ
2587 4171 2779 4242 λάμπῃ
2806 4171 2936 4222 πᾶσι
2961 4168 3073 4229 τοῖς
3106 4167 3162 4218 ὲν
3218 4166 3284 4233 τῇ
3328 4161 3496 4231 οἰκίᾳ.
3533 4178 3551 4210 ι
3595 4155 3764 4211 Ἑπτὰ
3795 4155 3858 4208 δὲ

2269 4267 2318 4318 oi
2365 4264 2568 4334 λύχνοι,
2595 4262 2708 4334 φῶς
2743 4262 2842 4314 οῦκ
2877 4260 3090 4329 ἔχοντες
3142 4255 3295 4316 ἴδιον,
3325 4253 3438 4307 ἀλλ’
3465 4251 3720 4308 ἐπακτὸν,
3758 4248 3860 4299 καὶ

2271 4359 2488 4424 ἔξωθεν,
2521 4357 2615 4410 καὶ
2657 4357 2775 4415 ταῖς
2811 4353 2874 4405 δι’
2907 4349 3088 4404 ελαίου
3138 4345 3425 4418 χορηγίαις
3475 4341 3809 4413 τρεφόμενον
3842 4355 3863 4365 ι

2273 4451 2594 4522 σημαίνουσι
2619 4449 2675 4501 δὲ
2702 4447 2794 4500 καὶ
2817 4445 2968 4499 αὐτοὶ
2989 4441 3115 4504 τοὺς
3153 4439 3340 4506 ἁγίους
3367 4433 3722 4494 ἀποστόλους,
3763 4431 3861 4482 καὶ

601 4537 686 4581 tus
737 4539 952 4581 sanctus
998 4526 1256 4580 alimenta
1298 4525 1679 4596 suppeditavit,
1723 4525 1812 4594 qui
1857 4524 2157 4578 domesticis

2278 4541 2460 4612 μέντοι
2519 4540 2614 4592 καὶ
2639 4533 3052 4605 εὑαγγελιστάς,
3084 4532 3179 4585 καὶ
3211 4529 3336 4590 τοὺς
3366 4526 3512 4582 κατά
3536 4525 3724 4592 καιρὸν
3747 4521 3862 4575 τῶν

601 4622 779 4672 lumen
849 4619 1092 4684 pra-bent
1142 4627 1196 4672 et
1249 4616 1537 4671 credentes
1595 4631 1698 4670 una
1749 4630 1872 4669 cum
1925 4613 2172 4682 lampade

605 4710 930 4762 illuminant.
962 4706 1201 4762 Observa
1236 4716 1522 4776 praeterea,
1571 4716 1779 4774 septem
1822 4704 2059 4759 lucernis
2094 4703 2174 4756 iu-

605 4800 804 4854 fusoria
835 4799 1089 4863 adfuisse,
1137 4815 1230 4868 per
1263 4813 1382 4866 qua:
1416 4797 1521 4852 illis
1554 4797 1730 4852 oleum
1774 4795 2172 4858 inlunderetur,

605 4893 833 4961 lampadi
895 4907 999 4945 non
1047 4891 1305 4947 adfuisse.
1343 4889 1480 4957 Quid
1530 4889 1646 4944 ita?
1679 4898 1763 4942 est
1811 4887 1952 4942 enim
1997 4885 2175 4938 lumen

607 5000 792 5040 vermn
829 4983 1011 5047 Filius,
1045 4999 1148 5039 non
1200 4995 1503 5048 externum,
1534 4994 1709 5050 neque
1741 4978 2038 5040 inductum,
2079 4987 2178 5028 nec

605 5079 674 5132 ab
703 5078 809 5132 alio
848 5077 1056 5143 datum,
1096 5077 1182 5132 cui
1229 5075 1458 5130 facultas
1491 5070 1829 5128 illmuiuandi
1871 5064 2178 5134 contigerit,

609 5168 704 5222 sed
750 5169 865 5237 ipse
899 5176 983 5223 est
1017 5168 1312 5223 secundum
1348 5174 1594 5220 naturam
1647 5163 1824 5218 lmneu
1854 5179 1866 5214 :
1899 5159 2037 5228 quod
2079 5172 2180 5210 au-

611 5274 716 5318 tem
772 5264 826 5316 in
879 5266 1084 5319 sanctis
1132 5273 1234 5329 est,
1278 5263 1346 5317 ah
1401 5263 1516 5331 ipso
1565 5259 2022 5316 eounuunieatmn
2069 5265 2171 5310 est.

609 5354 954 5410 'l'estilicatur
1003 5355 1054 5408 id
1099 5355 1314 5424 sapiens
1355 5352 1589 5408 Joannes
1629 5365 1644 5404 :
1681 5370 1698 5401 ι
1733 5350 1804 5404 De
1851 5348 2182 5418 plenitudine

612 5446 755 5514 ejus,
815 5447 1006 5516 inquit,
1072 5463 1263 5503 omnes
1319 5446 1710 5515 accepimus”.
1751 5464 1766 5493 ι
1826 5443 1942 5512 Ipse
2003 5451 2181 5495 autem

615 5538 784 5594 Filius
813 5556 999 5595 verum
1047 5540 1226 5595 lumen
1255 5540 1526 5594 claritatis
1558 5554 1666 5592 sua:
1699 5538 1986 5605 participes
2015 5534 2185 5590 factos

616 5631 799 5685 mundi
839 5631 1016 5686 lumen
1053 5633 1381 5702 appellabat.
1435 5631 1518 5684 Ait
1570 5632 1767 5683 etenim
1811 5629 2016 5683 sanctis
2051 5645 2182 5698 apu-

695 5809 734 5839 "
771 5805 874 5861 lsa.
907 5822 1036 5873 uti,
1085 5808 1128 5860 l.
1211 5809 1249 5838 ³⁸
1283 5807 1411 5863 Luc.
1446 5823 1516 5869 xi,
1551 5807 1636 5861 55.
1721 5806 1760 5836 ’⁷
1793 5803 1947 5858 Juau.
1985 5820 2024 5871 ι,
2053 5804 2134 5858 l6.

2288 4628 2622 4698 Ἐκκλησιῶν
2656 4625 3032 4686 διδασκάλους,
3083 4619 3403 4691 δεχομένους
3455 4617 3549 4687 μὲν
3589 4609 3677 4667 οἷά
3704 4628 3860 4674 τινας

2276 4721 2501 4790 λύχνους
2563 4721 2643 4782 εἰς
2689 4715 2811 4770 νοῦν
2862 4716 2952 4767 καὶ
2994 4711 3220 4782 καρδίαν
3280 4707 3370 4762 τὸν
3414 4707 3565 4778 παρά
3621 4701 3860 4776 Χριστοῦ

2278 4809 2580 4882 φωτισμὸν,
2623 4808 2717 4862 καὶ
2742 4810 2862 4868 ταῖς
2917 4804 3012 4858 τοῦ
3060 4801 3377 4872 Πνεύματος
3425 4797 3707 4868 χορηγίαις
3737 4810 3861 4863 τρε-

2280 4903 2513 4972 φόμενον
2547 4901 2792 4970 ἔχοντας,
2819 4898 2998 4960 ἱέντας
3020 4913 3086 4964 γε
3117 4894 3221 4965 μὴν
3267 4895 3380 4954 τοῖς
3415 4891 3474 4943 ὲν
3510 4891 3576 4958 τῇ
3624 4886 3768 4956 οἰκίᾳ
3798 4885 3863 4936 τδ

2281 4992 2414 5061 φῶς,
2446 4993 2536 5045 καὶ
2563 4990 2640 5060 τῷ
2658 4987 2947 5058 λαμπαδίῳ
2977 4980 3529 5053 συγκαταυγάζοντας
3581 4977 3708 5037 τοὺς
3765 4990 3865 5024 πε-

2281 5083 2661 5146 πιστευκότας.
2701 5081 2982 5150 Ἐπιτήρει
3030 5078 3106 5138 δὲ,
3134 5077 3216 5129 ὃτι
3258 5077 3370 5135 τοῖς
3414 5071 3510 5141 μὲν
3561 5067 3702 5121 ἑπτὰ
3753 5065 3853 5118 λύ-

2296 5193 2442 5246 χνοις
2468 5172 2862 5245 ὲπαρυστρίδες
2885 5167 3046 5242 ἦσαν,
3080 5168 3145 5220 δι’
3191 5161 3266 5220 ὧν
3300 5164 3484 5224 αὐτοῖς
3517 5160 3779 5229 εἱσεχεῖτο
3800 5155 3866 5208 τὸ

2287 5268 2484 5331 ἔλαιον,
2507 5263 2874 5336 ὲπαρυστρίδα
2919 5278 2983 5330 γε
3035 5261 3140 5330 μὴν
3177 5259 3238 5311 τὸ
3262 5253 3567 5322 λαμπάδιον
3593 5250 3692 5302 οὐκ
3726 5246 3861 5316 ἔχει.

2287 5357 2385 5411 Διά
2418 5356 2575 5410 ποίαν
2607 5354 2806 5418 αἰτίαν;
2839 5352 2956 5414 Φῶς
2991 5351 3086 5419 μὲν
3123 5349 3229 5418 γάρ
3279 5348 3396 5398 ἐστι
3436 5343 3497 5395 τὸ
3529 5337 3790 5411 ἀληθινὸν
3837 5339 3869 5390 ὁ

2290 5446 2436 5509 Υἱὸς,
2467 5448 2569 5497 οὐκ
2591 5441 2810 5510 ἔξωθεν,
2834 5440 2940 5493 οὐδ’
2963 5439 3217 5500 ἐπακτὸν,
3253 5435 3374 5489 οὔτε
3418 5432 3523 5504 μὴν
3577 5429 3706 5501 παρ’
3748 5428 3867 5481 ἑτέ-

2296 5555 2385 5606 ρου
2412 5537 2561 5590 δοτὸν
2583 5536 2642 5588 τὸ
2666 5533 3064 5600 καταφωτίςειν
3105 5528 3361 5582 δύνασθαι
3393 5523 3595 5595 λαχών·
3629 5520 3744 5576 ἀλλ’
3772 5521 3869 5575 αὺ-

2265 5629 2381 5690 Δτὸς
2415 5627 2552 5681 κατά
2585 5625 2744 5694 φύσιν
2771 5626 3030 5693 ὑπάρχων
3069 5621 3199 5690 φῶς·
3249 5616 3510 5690 μεθεκτόν
3541 5630 3602 5684 γε
3640 5611 3746 5684 μὴν
3812 5612 3870 5662 ἐν
