4120 6556
295 445 359 503 Gl
1145 439 1695 498 COMMENTARIUS
1735 440 1800 497 ΙΝ
1847 436 2251 498 ZACIIARIAM
2295 441 2744 500 PROPHETAM.
3493 447 3562 501 οε

295 571 406 633 τοῖς
437 569 612 637 ἁγίοις
658 567 749 620 καὶ
793 564 919 636 παρ’
949 563 1136 616 αὑτοῦ.
1185 564 1298 617 Kal.
1333 563 1743 635 πληροφορήσει
1789 563 1875 615 λέ-

1996 563 2134 617 nolis
2171 581 2183 618 :
2217 583 2234 614 ι
2269 562 2373 618 Vos
2407 563 2543 619 estis
2573 565 2665 618 lux
2702 563 2886 617 mundi
2917 563 2980 614 ’⁸.
3019 582 3036 614 ι
3072 562 3193 616 Juttt
3228 563 3342 616 dua:
3385 563 3562 627 oliva-,

299 677 411 729 γων
439 662 468 714 ὁ
510 658 670 726 σοφὸς
711 655 985 724 Ἰωάννης,
1037 655 1118 707 ὅτι
1169 673 1188 705 ι
1232 654 1328 708 Ἐκ
1373 654 1467 706 τοῦ
1511 653 1875 724 πληρώματος

304 749 468 806 αὑτοῦ
500 751 660 820 ἡμεῖς
682 746 881 810 πάντες
909 744 1191 815 ἐλάϐομεν.
1230 763 1247 796 ›
1289 745 1410 809 Φῶς
1448 746 1504 798 δὲ
1533 743 1794 817 ὑπάρχων
1819 745 1878 798 τὸ

303 840 554 913 ἀληθινὸν
591 842 619 894 ό
653 837 801 903 Υίδς,
831 838 947 907 φῶς
974 837 1223 908 ὠνόμαζε
1252 836 1346 891 τοῦ
1386 837 1592 907 κόσμου
1620 837 1746 900 τοὺς
1781 835 1878 901 τῆς

302 933 432 1003 παρ’
457 930 623 986 αὑτοῦ
679 929 1064 1000 λαμπρότητος
1091 930 1148 981 ὲν
1185 928 1402 998 μεθέξει
1457 927 1876 998 γεγενημένους.

305 1021 448 1091 Ἔφη
477 1021 586 1092 γὰρ
611 1023 722 1083 τοῖς
755 1019 934 1088 ἁγίοις
967 1019 1305 1081 ἀποστόλοις·
1343 1037 1362 1070 ι
1409 1020 1599 1088 Ὑμεῖς
1647 1021 1770 1072 ὲστε
1819 1019 1880 1071 τὸ

302 1113 418 1181 φῶς
443 1110 537 1166 τοῦ
590 1110 817 1180 κόσμου.
861 1129 878 1161 ι
924 1111 990 1162 Ai
1037 1110 1130 1163 δύο
1179 1128 1242 1179 γε
1300 1109 1406 1181 μὴν
1460 1110 1655 1174 ἐλαῖαι,
1691 1109 1788 1180 μία
1818 1111 1882 1162 ἐκ

301 1201 511 1271 δεξιῶν,
534 1204 627 1256 καὶ
663 1201 759 1271 μία
789 1201 848 1266 ἐξ
875 1201 1174 1272 εὐωνύμων
1207 1201 1302 1255 τοῦ
1355 1200 1659 1270 λαμπαδίου
1693 1201 1882 1270 κείμε-

302 1309 410 1358 ναι,
436 1296 562 1356 τοὺς
589 1292 684 1346 δύο
701 1291 867 1356 λαοὺς
899 1293 1352 1362 ὑποσημαίνουσι,
1398 1292 1679 1362 μονονουχὶ
1711 1292 1804 1344 καὶ
1827 1295 1883 1344 ὲν

303 1381 488 1452 κύκλῳ
537 1383 910 1452 περιεστῶτας
951 1383 1206 1451 Χριστόν.
1264 1382 1594 1452 Τετίμηνται
1642 1383 1750 1452 γὰρ
1808 1382 1884 1446 ὡς

302 1471 590 1543 ἠλεημένοι
614 1474 681 1542 τῇ
707 1472 885 1543 τοιᾷδε
927 1471 1133 1524 στάσει.
1166 1473 1276 1525 Καὶ
1301 1475 1348 1525 οἱ
1381 1472 1482 1541 μὲν
1506 1468 1648 1542 ἦσαν
1681 1474 1746 1525 ἐκ
1784 1472 1884 1542 τῆς

303 1561 667 1626 καλλιελαίου,
694 1563 960 1625 τουτέστι,
994 1561 1097 1632 τῆς
1143 1561 1414 1616 Ἰουδαίων
1452 1563 1804 1633 Συναγωγῆς
1835 1564 1884 1615 οί

304 1651 360 1705 δὲ
387 1651 485 1722 τῆς
513 1652 708 1723 ἀγρίου
737 1653 835 1723 μὲν
885 1651 1176 1720 ὲξέφυσαν,
1206 1653 1475 1714 τουτέστι,
1499 1653 1602 1722 τῆς
1633 1650 1693 1717 ἐξ
1715 1651 1886 1706 ἐθνῶν

305 1742 562 1813 πληθύος.
595 1742 740 1813 Πλὴν
762 1742 1236 1814 ὲγκεντρισθέντες
1262 1744 1342 1806 εἰς
1381 1743 1483 1815 τὴν
1512 1743 1876 1807 καλλιέλαιον,

305 1836 550 1889 κοινωνοὶ
597 1833 854 1903 γεγόνασι
906 1834 1008 1905 τῆς
1056 1836 1311 1904 πιότητος
1370 1836 1468 1906 τῆς
1527 1835 1704 1906 ῥίζης,
1743 1834 1886 1890 κατὰ

303 1928 401 1998 τὴν
436 1924 529 1979 τοῦ
563 1926 832 1998 μακαρίου
880 1925 1095 1978 Παύλου
1160 1929 1366 1999 φωνήν.
1398 1928 1588 2000 Ἀθρει
1648 1928 1704 1980 δὲ
1735 1928 1885 1991 ὅπως

303 2020 397 2073 ἐπὶ
418 2021 518 2090 τὴν
547 2019 770 2089 λυχνίαν
795 2018 931 2088 όμοῦ
963 2018 1042 2089 τῷ
1078 2019 1373 2089 λαμπαδίῳ
1430 2020 1527 2073 καὶ
1580 2020 1632 2073 oi
1677 2017 1882 2090 λύχνοι,

306 2112 398 2164 καὶ
430 2113 490 2164 αἱ
528 2109 622 2164 δύο
667 2109 866 2164 ἐλαῖαι.
895 2110 1117 2164 Σύνεστι
1176 2110 1285 2180 γὰρ
1321 2113 1451 2180 ήμῖν
1483 2111 1542 2164 ἐν
1588 2108 1887 2182 Ἐκκλησία

305 2199 559 2270 Χριστὸς,
589 2200 686 2254 κα)⁸
711 2199 822 2252 τῶν
849 2200 1344 2270 πεπιστευκότωνή
1373 2198 1648 2270 ἡλεημένη
1677 2196 1887 2269 πληθὺς

307 2290 724 2361 καταλάμπεται
753 2291 850 2360 μὲν
899 2289 978 2360 τῷ
1028 2293 1158 2360 παρ’
1190 2290 1356 2343 αὑτοῦ
1390 2291 1550 2359 φωτὶ,
1591 2290 1888 2358 φωτίζεται

303 2383 361 2434 δὲ
393 2381 488 2434 καὶ
520 2380 608 2434 διὰ
661 2381 892 2452 λύχνων,
941 2382 991 2434 οἶ
1055 2381 1319 2452 μεθεκτδν
1363 2380 1549 2451 ἔχουσι
1605 2381 1698 2434 καὶ
1754 2382 1888 2451 παρ’

303 2472 469 2526 αὑτοῦ
497 2472 559 2525 τὸ
587 2472 722 2541 φῶς.
770 2472 968 2526 Ἶστέον
1007 2472 1086 2538 δὲ,
1119 2473 1200 2526 ὅτι
1255 2472 1349 2526 καὶ
1375 2475 1432 2526 ὲν
1457 2475 1523 2543 τῇ
1575 2475 1888 2545 κατασκευῇ

301 2565 403 2634 τῆς
428 2564 591 2631 ἁγίας
621 2564 827 2633 σκηνῆς
865 2563 1041 2618 ἔκειτο
1069 2565 1169 2636 μὲν
1207 2566 1287 2628 είς
1310 2565 1380 2618 τὰ
1400 2554 1695 2632 ’Ἀγιατῶν
1721 2566 1890 2633 ἁγίων

302 2655 442 2711 ἐπτὰ
479 2654 707 2726 λύχνους
738 2655 936 2726 ἔχουσα
982 2655 1174 2726 λυχνία
1229 2657 1427 2727 χρυσῆ.
1463 2658 1806 2728 Προσέταττε
1834 2657 1892 2709 δὲ

301 2747 438 2812 θεὸς
464 2747 543 2819 τῷ
582 2746 817 2819 Ἀαρὼν,
842 2747 1038 2815 λέγων,
1085 2747 1166 2799 ὅτι
1219 2766 1236 2798 ι
1274 2746 1428 2799 Κατὰ
1463 2747 1758 2817 πρόσωπον
1787 2747 1891 2816 τῆς

304 2842 524 2913 λυχνίας
576 2844 642 2896 ὲκ
687 2839 784 2894 τοῦ
843 2842 1018 2895 νοτίου
1081 2840 1284 2912 μέρους
1353 2841 1617 2910 φανοῦσιν
1657 2843 1705 2894 οἱ
1749 2841 1890 2895 ἑπτὰ

304 2927 508 3001 λύχνοι.
544 2948 564 2984 ι
604 2929 681 2983 Οὑ
742 2929 854 3001 γὰρ
913 2933 1024 2993 τοῖς
1068 2930 1296 2984 κατόπιν
1351 2931 1524 3002 αὑτῆς
1571 2933 1600 2985 ὁ
1637 2931 1726 2985 διὰ
1782 2931 1890 2984 τῶν

304 3019 513 3092 λύχνων
538 3021 745 3074 δέδοται
773 3021 1074 3092 φωτισμδς,
1102 3021 1238 3076 ἀλλὰ
1288 3025 1402 3086 τοῖς
1431 3022 1506 3086 ὡς
1533 3025 1593 3076 ὲν
1613 3021 1891 3095 προσώπῳ

308 3111 545 3184 Χριστοῦ
607 3112 699 3166 διὰ
738 3113 839 3183 τῆς
879 3112 1115 3177 πίστεως
1173 3115 1578 3185 ἐνηνεγμένοις.
1615 3115 1726 3168 Καὶ
1759 3113 1891 3183 γοῦν

1983 670 2088 708 una
2118 669 2146 706 a
2175 654 2407 718 dextris,
2439 663 2494 709 et
2521 655 2693 708 altera
2725 667 2754 707 a
2780 653 3022 708 sinistris
3055 653 3320 722 lampadis
3351 656 3562 721 posita,

1982 745 2117 799 duos
2151 743 2380 811 populos
2415 743 2716 808 insinuant,
2748 743 2903 813 quasi
2947 743 3000 796 in
3049 743 3236 796 orbein
3284 740 3562 795 Christum

1983 834 2421 889 circumstantes.
2460 831 2596 886 Nam
2629 843 2688 888 ut
2741 833 3174 888 misericordiam
3208 833 3410 901 adepti,
3449 840 3563 886 sta-

1983 924 2128 979 tione
2153 923 2462 993 hujusmodi
2494 917 2697 991 dignati
2737 932 2884 977 sunt.
2921 923 2988 977 Et
3036 921 3114 975 illi
3141 921 3362 990 quidem
3404 930 3566 975 erant

1983 1030 2051 1070 ex
2084 1016 2221 1069 bona
2270 1013 2434 1076 oliva,
2476 1016 2732 1068 nimirum
2776 1029 2842 1068 ex
2889 1012 3174 1082 Synagoga
3205 1009 3562 1066 Iudaeorum:

1986 1107 2039 1161 hi
2069 1121 2135 1160 ex
2169 1105 2405 1159 oleastro
2437 1104 2626 1175 geniti,
2664 1105 2766 1158 hoc
2802 1110 2888 1158 est
2934 1118 3002 1158 ex
3044 1103 3287 1172 gentium
3320 1100 3563 1155 multitu-

1985 1195 2806 1269 dine".68&.Verumtamcn
2863 1195 3052 1250 inserti
3101 1194 3155 1248 in
3211 1193 3407 1246 bonam
3459 1190 3564 1245 oli-

1985 1307 2130 1358 vam,
2167 1289 2544 1359 pinguedinem
2597 1288 2798 1343 radicis
2853 1292 3220 1348 attraxerant,
3271 1295 3329 1336 ttt
3375 1283 3565 1337 scribit

1987 1385 2178 1438 beatus
2228 1381 2424 1436 Paulus
2445 1382 2513 1434 ¹⁰.
2572 1380 2849 1448 Perpende
2900 1379 3013 1448 jam
3081 1377 3355 1446 quomodo
3404 1387 3566 1443 super

1987 1474 2370 1530 eamlelabrum
2405 1472 2566 1528 simul
2591 1487 2715 1526 cum
2747 1470 2994 1540 lampade
3027 1470 3191 1522 etiam
3221 1467 3456 1519 lucernae
3512 1476 3566 1517 et

1988 1567 2105 1620 dum
2149 1565 2306 1620 olivae
2342 1573 2488 1620 sunt.
2535 1562 2632 1617 Est
2683 1561 2829 1617 enim
2876 1560 3158 1614 nobiscum
3211 1557 3266 1610 in
3325 1553 3566 1610 Ecclesia

1986 1656 2257 1721 Christus,
2304 1664 2359 1710 et
2405 1653 2749 1709 credentium
2801 1648 3089 1704 multitudo
3141 1645 3565 1700 misericordiam

1987 1757 2298 1812 consecuta,
2324 1761 2442 1816 eius
2469 1746 2673 1800 lumine
2693 1743 3066 1805 illuminatur;
3098 1737 3403 1790 illustratur
3428 1749 3568 1803 prte-

1991 1850 2134 1894 terea
2165 1853 2261 1909 per
2303 1838 2578 1901 lucernas,
2613 1850 2733 1905 qua:
2766 1833 2834 1888 ab
2873 1833 2992 1903 ipso
3036 1829 3292 1884 similiter
3319 1841 3570 1882 commu-

1989 1930 2226 1983 nicatum
2257 1929 2439 1982 lumen
2486 1927 2789 1982 continent.
2826 1922 2904 1979 Ne
2945 1923 3166 1992 ignores
3194 1931 3379 1989 porro,
3408 1916 3569 1972 etiam

1991 2023 2042 2076 in
2086 2032 2360 2077 structura
2411 2020 2588 2075 sancti
2633 2016 2970 2073 tabernaculi
3025 2017 3259 2086 positum
3308 2014 3476 2070 fuisse
3516 2015 3570 2067 in

1990 2113 2190 2169 Sancta
2239 2122 2556 2168 sanctorum
2610 2111 2998 2166 candelabrum
3055 2125 3312 2174 aureum,
3361 2117 3569 2178 septem

1991 2205 2242 2262 lucernas
2275 2205 2568 2260 sustinens.
2609 2203 2882 2258 Mandavit
2930 2203 3078 2258 enim
3117 2203 3259 2258 Deus
3290 2201 3469 2255 Aaron
3516 2199 3568 2251 in

1991 2298 2134 2352 hunc
2160 2299 2376 2352 modum
2405 2315 2419 2352 :
2453 2316 2471 2348 ι
2500 2295 2704 2351 "Versus
2736 2296 2926 2351 faciem
2965 2293 3276 2350 candelabri
3308 2308 3370 2346 ex
3415 2299 3571 2360 parte

1993 2389 2216 2443 australi
2261 2387 2510 2443 lucebunt
2561 2397 2768 2456 septem
2814 2387 3143 2441 lucernae“.
3179 2403 3198 2436 ι
3255 2383 3375 2438 Νοη
3429 2381 3574 2437 enim

1993 2479 2060 2534 iis
2117 2479 2207 2549 qui
2253 2494 2284 2533 a
2339 2488 2491 2550 tergo
2541 2477 2852 2533 candelabri
2904 2487 3049 2542 sunt,
3111 2473 3432 2530 illuminatio
3481 2486 3578 2540 per

1994 2571 2245 2627 lucernas
2278 2573 2404 2627 data
2430 2580 2534 2636 est,
2577 2561 2671 2626 Sed
2704 2571 2771 2626 iis
2831 2570 2922 2640 qui
2954 2569 3111 2640 quasi
3147 2567 3341 2623 faciem
3372 2565 3576 2621 Christi

1993 2678 2090 2732 per
2138 2663 2296 2717 iidem
2339 2662 2632 2731 respiciunt
2653 2664 2722 2716 “.
2776 2662 2960 2730 Quare
3007 2660 3179 2715 Judmi
3225 2658 3378 2729 quasi
3435 2665 3579 2712 retro

1994 2753 2190 2822 ipsum,
2228 2762 2283 2806 et
2319 2751 2373 2806 in
2424 2761 2579 2820 tergo
2603 2751 2794 2820 positi,
2831 2749 3073 2806 tenebris
3101 2747 3451 2804 obscuratum
3481 2744 3580 2799 ha—

1993 2845 2124 2899 bent
2167 2859 2281 2899 cor.
2325 2843 2426 2911 Qui
2467 2852 2647 2898 autem
2695 2859 2762 2899 ex
2811 2843 3066 2913 gentibus
3107 2839 3496 2902 crediderunt,
3526 2836 3578 2890 in

1997 2935 2133 2990 facie
2173 2935 2372 2990 habent
2421 2934 2697 3000 lucernas,
2746 2933 2942 3004 quibus
2991 2933 3160 2988 libera
3221 2941 3277 2986 et
3321 2930 3439 2985 sine
3475 2927 3583 2984 ullo

1995 3027 2381 3096 impedimento
2409 3042 2506 3096 per
2545 3035 2735 3082 sancta
2765 3025 2996 3094 contigit
3031 3023 3374 3078 illuminatio.
3410 3019 3582 3076 Arde-

1997 3121 2090 3173 bat
2139 3127 2319 3173 autem
2374 3127 2426 3173 et
2477 3119 2696 3174 lucerna
2741 3133 2846 3172 una
2906 3117 2959 3171 in
2999 3116 3149 3170 aditu
3197 3112 3577 3170 tabernaculi:

320 3201 563 3258 Ἰουδαῖοι
606 3203 838 3258 κατόπιν
860 3202 1050 3277 ὥσπερ
1079 3205 1246 3259 αὑτοῦ
1277 3207 1371 3259 καὶ
1401 3209 1484 3271 εἰς
1524 3206 1672 3260 νῶτα
1703 3207 1890 3278 κείμε-

1996 3223 2099 3278 qua
2149 3223 2207 3263 re
2255 3207 2670 3276 significabatur
2726 3205 2953 3275 legalem
2987 3204 3385 3260 institutionem
3415 3215 3583 3257 evan-

307 3314 409 3360 v0t,
442 3297 932 3369 κατεσκοτισμένον
967 3296 1151 3368 ἔχουσι
1178 3298 1272 3351 τὸν
1293 3298 1439 3353 νοῦν.
1470 3300 1534 3353 Οἱ
1565 3299 1622 3353 δὲ
1645 3299 1704 3364 ἐξ
1724 3299 1892 3354 ὲθνῶν

1998 3299 2182 3369 gelicte
2211 3316 2240 3352 a
2276 3309 2428 3368 tergo
2459 3299 2558 3353 ire.
2589 3299 2722 3353 Vide
2755 3299 2899 3352 enim
2953 3313 3062 3368 quo
3094 3305 3273 3366 pacto,
3304 3295 3502 3366 quibus
3527 3293 3582 3349 in

309 3386 718 3452 πιστεύσαντες.
748 3389 830 3452 είς
863 3389 1158 3458 πρόσωπον
1209 3389 1393 3460 έχουσι
1454 3391 1583 3454 τοὺς
1624 3390 1854 3461 λύχνους
1876 3407 1888 3419 ·

307 3479 589 3552 ἐλεύθερος
619 3478 726 3550 γὰρ
780 3480 964 3542 αὑτοῖς
1005 3481 1099 3533 καὶ
1140 3479 1580 3549 ἁπαραπόδιστος
1619 3481 1899 3545 παντελῶς

308 3572 338 3622 ὁ
366 3569 456 3624 διὰ
481 3569 590 3622 τῶν
617 3571 786 3638 ἁγίων
817 3571 1008 3638 γέγονε
1040 3571 1339 3640 φωτισμός.
1391 3572 1636 3626 Ἐκαίετο
1685 3572 1744 3626 δὲ
1798 3577 1894 3627 καὶ

2001 3390 2268 3458 principio
2294 3389 2632 3442 tabernaculi
2661 3403 2765 3442 una
2799 3388 3024 3442 lucerna
3061 3389 3270 3452 ardeat,
3301 3386 3352 3440 in
3385 3383 3584 3439 Sancta

1997 3489 2310 3535 sanctorum
2370 3480 2639 3548 ingressos
2699 3488 2907 3546 septem
2976 3477 3209 3530 lucerna:
3275 3485 3327 3530 et
3385 3474 3586 3542 lampas

1999 3574 2152 3643 quasi
2190 3571 2498 3640 largissimo
2529 3569 2822 3638 splendore
2856 3568 3275 3638 perfundchant.

309 3658 502 3730 λύχνος
551 3653 632 3721 εἷς
684 3660 742 3712 ἐν
801 3662 869 3729 τῇ
923 3659 1117 3731 πρώτῃ
1143 3663 1334 3730 σκηνῇ’
1378 3662 1478 3731 τῆς
1525 3663 1888 3733 εύαγγελικῆς
1927 3664 2259 3727 παιδεύσεως
2289 3665 2518 3716 κατόπιν
2579 3661 2763 3714 ἰοῦσαν
2822 3661 2921 3732 τὴν
2951 3659 3180 3731 νομικὴν
3211 3657 3304 3714 τοῦ
3332 3657 3588 3728 πράγμα-

312 3767 404 3814 τος
429 3752 560 3819 ἡμῖν
599 3752 1117 3820 κατασημαίνοντος.
1145 3752 1253 3804 Θέα
1281 3753 1388 3824 γαρ
1427 3755 1604 3819 ὅπως,
1633 3751 1714 3818 οἷς
1745 3756 1803 3808 ὲν
1830 3757 1929 3825 μὲν
1964 3759 2029 3826 τῇ
2067 3756 2258 3827 πρώτῃ
2296 3757 2469 3827 σκηνῇ
2502 3749 2584 3818 εἷς
2611 3755 2826 3809 ἐκαίετο
2881 3752 3094 3824 λύχνος,
3126 3755 3240 3816 τοῖς
3275 3769 3337 3820 γε
3376 3751 3482 3822 μὴν
3509 3752 3590 3814 είς

313 3843 382 3896 τὰ
414 3843 580 3910 Ἀγια
608 3841 716 3896 τῶν
753 3843 924 3911 ἁγίων
969 3843 1109 3897 ἑπτὰ
1125 3843 1307 3913 λύχνοι
1345 3847 1436 3898 καὶ
1467 3847 1526 3899 τὸ
1559 3847 1864 3917 λαμπάδιον
1898 3848 2385 3922 ἁμφιλαφεστὰτην
2413 3847 2602 3919 ὥσπερ
2637 3847 2852 3900 ἐνίεσαν
2884 3846 2982 3917 τὴν
3011 3845 3186 3916 αὑγήν

387 3938 494 3993 Καὶ
524 3939 904 4007 ἐπηρώτησα,
959 3937 1058 3992 καὶ
1109 3935 1248 3993 εἶπα
1287 3941 1436 4008 πρὸς
1480 3943 1587 3996 τὸν
1640 3943 1900 4015 ἄγγελον

316 4029 422 4082 τὸν
451 4029 760 4083 λαλοῦντα
806 4029 875 4082 ἐν
934 4029 1084 4098 ἐμοὶ,
1137 4029 1352 4100 λέγων’
1394 4033 1456 4085 Τί
1508 4033 1642 4087 ἐστι
1675 4036 1899 4100 ταῦτα,

320 4122 533 4190 Imple;
582 4122 693 4174 Kal
730 4121 1020 4189 ἀπεκρίθη
1085 4123 1118 4175 ὁ
1174 4121 1431 4191 ἄγγελος
1473 4126 1506 4177 ό
1574 4124 1786 4179 λαλῶν
1833 4127 1904 4180 ἐν

317 4213 470 4281 ἐμοὶ,
506 4212 605 4266 καί
641 4213 772 4266 εἷπε
801 4213 950 4281 πρός
972 4230 1070 4282 με,
1106 4212 1322 4282 λέγων·
1352 4217 1435 4270 Οὐ
1474 4217 1789 4285 γινώσκεις
1846 4221 1904 4274 τί

319 4307 452 4359 ἐστι
478 4305 699 4367 ταῦτα;
755 4306 866 4359 Καὶ
916 4301 1076 4359 εἶπα·
1141 4305 1309 4374 Οὐχὶ,
1364 4308 1561 4376 Κύριε.
1616 4310 1729 4364 Καὶ
1777 4313 1894 4365 ἁπ-

321 4395 544 4464 εκρίθη,
586 4395 682 4448 καὶ
711 4389 842 4448 εἷπε
873 4396 1022 4462 πρός
1052 4411 1142 4462 με,
1189 4392 1402 4463 λέγων’
1433 4390 1623 4461 Οὗτος
1655 4401 1688 4452 d
1716 4401 1901 4467 λόγος

2075 3945 2240 4003 Vens.
2281 3945 2403 4000 4-6.
2457 3944 2524 3998 Ει
2553 3944 2894 4014 interrogavi,
2925 3952 2971 3997 et
2998 3943 3110 3996 dixi
3144 3942 3212 3995 ad
3238 3940 3477 4010 angelum
3501 3937 3593 4008 qui

2000 4037 2309 4106 loquebatur
2339 4037 2392 4090 in
2434 4054 2535 4101 me,
2569 4037 2752 4091 dicens
2783 4054 2800 4091 :
2831 4035 2972 4102 Quid
3008 4044 3126 4089 sunt
3164 4035 3296 4095 liter,
3330 4031 3593 4084 Domine?

2005 4129 2068 4183 Et
2101 4129 2366 4198 respondit
2400 4128 2615 4199 angelus
2653 4130 2742 4197 qui
2811 4127 3118 4199 loquebatur
3151 4126 3203 4178 in
3251 4139 3350 4186 me,
3378 4131 3424 4175 et
3457 4119 3591 4174 dixit

2001 4219 2070 4272 ad
2116 4235 2216 4284 me,
2262 4219 2480 4272 dicens:
2507 4216 2632 4272 Non
2675 4217 2941 4288 cognoscis
2992 4215 3116 4284 quid
3170 4224 3288 4266 sunt
3330 4211 3489 4265 lucc?
3522 4208 3590 4280 Et

2007 4311 2119 4364 dixi
2149 4329 2166 4364 :
2201 4311 2344 4374 Non,
2377 4311 2615 4366 Domine.
2671 4310 2739 4362 Et
2770 4307 3058 4376 respondit,
3112 4317 3159 4359 et
3211 4305 3342 4357 dixit
3395 4307 3461 4354 ad
3490 4320 3590 4368 me,

2008 4407 2227 4458 dicens:
2259 4403 2364 4457 Isle
2416 4419 2587 4457 sermo
2628 4402 2835 4455 Domini
2885 4401 2954 4453 ad
3007 4397 3318 4461 Zorobabel,
3370 4397 3590 4450 dicens:

323 4484 545 4552 Κυρίου
572 4483 722 4551 πρὸς
761 4483 1114 4552 Ζοροϐάϐελ,
1150 4482 1362 4553 λέγων·
1401 4487 1522 4539 Οὐκ
1552 4487 1622 4540 ἐν
1649 4487 1892 4558 δυνάμει

2012 4496 2134 4551 Non
2173 4499 2226 4550 in
2263 4495 2578 4564 fortitudine
2621 4510 2836 4564 magna,
2883 4508 3046 4561 neque
3077 4492 3132 4544 in
3169 4492 3372 4554 robore,
3421 4490 3508 4542 sed
3538 4488 3591 4540 iu

317 4572 574 4644 μετά-λῃ,
602 4575 745 4629 οὐδὲ
780 4575 850 4628 ἐν
899 4577 1086 4645 ἰσχύϊ,
1124 4575 1286 4630 ἀλλὰ
1327 4576 1397 4630 ἐν
1420 4579 1723 4649 Πνεύματί
1760 4599 1899 4650 μου,

320 4664 482 4735 ,λέγει
500 4666 714 4734 Κύριος
744 4668 1187 4738 παντοκράτωρ.

394 4757 518 4811 KA'.
548 4757 670 4811 ’Ὀτι
700 4758 796 4810 καὶ
833 4759 1073 4829 ἀμείνων
1111 4764 1203 4817 καὶ
1243 4765 1530 4836 ἱερώτερος
1559 4766 1656 4836 τῆς
1691 4767 1748 4817 ἐν
1771 4768 1904 4836 ἡμῖν

321 4848 558 4913 διανοίας
587 4851 616 4902 ὁ
643 4849 750 4902 τῶν
776 4846 982 4921 νοητῶν
1007 4851 1289 4924 δυνάμεων
1318 4857 1461 4924 νοῦς,
1524 4859 1618 4912 καὶ
1660 4859 1718 4911 ὲν
1745 4859 1908 4926 ἁσυγ·

314 4938 531 5014 λιιρίτοις
570 4939 866 5010 ὑπεροχαῖς
895 4942 961 4995 τὰ
1022 4945 1143 4998 καθ’
1166 4947 1313 5017 ἡμᾶς
1350 4949 1772 5019 ὑπερκείμενος,
1810 4951 1907 5004 καὶ

327 5028 576 5082 ἐντεῦθεν
605 5029 670 5083 ἂν
703 5029 912 5100 μάθοις.
949 5033 1281 5104 Ἐπέστρεψε
1319 5037 1416 5104 μὲν
1447 5037 1555 5108 γὰρ
1583 5039 1612 5090 ό
1653 5038 1904 5106 ἄγγελος,

327 5121 402 5182 ώς
454 5123 482 5174 ὁ
538 5122 823 5193 προφήτης
871 5124 1027 5193 φησὶ,
1086 5128 1179 5179 καὶ
1232 5125 1515 5199 ἐξήγειρεν
1553 5130 1739 5192 αὑτὸν,
1793 5150 1811 5180 ι
1847 5131 1907 5184 ὃν

325 5211 528 5282 τρόπον
554 5213 682 5266 ὅταν
709 5213 970 5285 ὲξεγερθῇ
999 5214 1285 5288 ἄνθρωπος
1344 5221 1408 5272 ἐκ
1454 5219 1548 5272 τοῦ
1586 5220 1757 5274 ὕπνου
1811 5222 1908 5275 αὑ·

325 5305 442 5358 τοῦ.
484 5325 504 5358 ι
541 5306 604 5358 Ei
629 5305 737 5376 γὰρ
760 5305 824 5378 δὴ
852 5308 1166 5379 συγκρίνειν
1192 5310 1366 5364 ἓλοιτό
1411 5329 1496 5376 τις
1547 5313 1622 5377 ώς
1667 5314 1805 5384 πρός
1845 5332 1909 5384 γε

325 5397 417 5450 τὸν
441 5399 561 5462 ταῖς
591 5397 706 5451 ἄνω
727 5398 1022 5469 δυνάμεσιν
1046 5401 1234 5456 ἐνόντα
1265 5404 1411 5468 νοῦν,
1438 5405 1536 5476 τῆς
1554 5405 1908 5475 ἀνθρωπίνης

325 5488 564 5558 διανοίας
599 5489 661 5543 τὸ
691 5489 908 5560 μέτρον,
949 5495 1425 5566 μειονεκτούμενον
1477 5497 1698 5568 εὑρήσει
1720 5498 1908 5552 τοσοῦ-

327 5593 440 5640 τνιν,
492 5581 616 5633 ὅσον
674 5581 740 5633 ἂν
779 5583 950 5634 νοοῖτο
1012 5584 1239 5638 κατόπιν
1295 5586 1471 5639 ἐλθεῖν
1530 5589 1625 5640 καὶ
1653 5589 1754 5660 τῆς
1802 5589 1910 5643 τῶν

328 5667 610 5735 νηφόντων
665 5669 901 5734 διανοίας
957 5672 1023 5726 τὰ
1057 5676 1114 5727 ὲν
1140 5679 1251 5739 τοῖς
1307 5675 1496 5743 ὕπνοις
1530 5679 1736 5750 ἀδρανῆ
1771 5698 1909 5748 (ραν-ι

407 5783 448 5814 ¹¹³
477 5784 663 5840 Matth.
701 5801 750 5850 γ,
784 5786 865 5840 l-i.

339 5789 448 5907 10‘.ll
477 5789 663 5840 Matth.
701 5801 750 5850 γ,
784 5789 865 5840 l-i.
970 5791 1010 5822 ¹⁹
1041 5789 1193 5847 liom.
1234 5809 1308 5858 XI,
1341 5793 1402 5847 ΓΙ
1426 5810 1576 5864 seqq.

2009 4585 2214 4655 Spiritu
2249 4601 2383 4648 meo,
2423 4585 2551 4637 dicit
2581 4583 2840 4638 Dominus
2872 4582 3218 4650 omnipotens.

2079 4761 2268 4818 XXIV.
2311 4761 2583 4816 Virtutum
2627 4777 2766 4833 quas
2803 4762 2985 4814 animo
3036 4761 3301 4824 videnms,
3355 4767 3588 4813 mentem

2013 4865 2196 4910 nostra
2226 4865 2406 4909 mente
2423 4855 2876 4924 praestantiorem,
2903 4863 2957 4907 et
2983 4851 3338 4917 sanctiorem,
3364 4851 3590 4906 nostris-

2013 4963 2118 5018 que
2150 4949 2309 5003 rebus
2337 4946 2858 5018 incomparabilibus
2881 4944 3221 5002 excellentiis
3250 4945 3590 5014 superiorem

2015 5055 2154 5102 esse,
2195 5041 2359 5094 etiam
2392 5039 2520 5094 hinc
2557 5039 2758 5094 discas.
2795 5037 3071 5093 Reversus
3111 5048 3194 5092 est
3241 5037 3382 5092 enim
3423 5050 3594 5104 ange-

2016 5132 2119 5196 lus,
2146 5141 2203 5185 ut
2231 5131 2307 5184 ait
2347 5131 2630 5200 pr0pheta,
2665 5139 2718 5184 et
2761 5128 3021 5184 excitarit
3057 5144 3178 5184 eum
3202 5167 3217 5194 ,
3250 5147 3269 5178 ι
3298 5128 3445 5183 velut
3472 5143 3592 5180 cum

2015 5225 2284 5278 excitatur
2318 5222 2479 5276 homo
2509 5220 2576 5275 de
2629 5236 2822 5276 somno
2856 5237 2976 5276 suo.
3006 5241 3024 5273 ι
3057 5221 3189 5275 Nam
3242 5220 3285 5274 si
3333 5219 3455 5288 quis
3487 5216 3594 5271 vim

2012 5331 2369 5385 supernarum
2429 5315 2691 5369 virtutum
2745 5329 2872 5369 cum
2935 5313 3289 5380 intelligentia
3355 5311 3592 5363 humana

2012 5421 2330 5476 comparare
2385 5405 2648 5471 voluerit,
2708 5405 2851 5460 hanc
2918 5404 3010 5458 illa
3072 5410 3222 5457 tanto
3284 5399 3596 5454 inferiorem

2015 5498 2322 5567 perspiciet,
2352 5507 2616 5568 quantum
2643 5497 2849 5554 scimus
2873 5494 3214 5565 vigilantium
3253 5490 3593 5559 cogitationi-

2015 5591 2115 5646 bus
2145 5589 2360 5663 cedere
2393 5588 2773 5644 dormientium
2822 5586 2957 5647 visa,
3007 5585 3122 5638 sive
3144 5580 3310 5654 685
3360 5583 3592 5638 somnia.

2017 5682 2296 5737 Excitatus
2323 5689 2407 5736 est
2440 5682 2602 5753 igitur
2631 5679 2892 5750 propheta
2912 5676 2977 5732 ad
3003 5675 3240 5748 vigiliam
3272 5694 3284 5729 :
3319 5674 3590 5730 nihilomi-

1658 5798 1702 5826 ²⁰
1727 5795 1859 5852 Ibid.
1890 5797 1973 5852 i7.
2053 5799 2091 5829 "
2127 5795 2298 5852 Exod.
2337 5809 2462 5860 xxv,
2494 5795 2598 5859 57;
2632 5793 2788 5848 Num.
2829 5807 2948 5858 rm,
2977 5794 3030 5846 εὶ.
3113 5793 3154 5822 ³³
3180 5788 3324 5845 Psal.
3359 5797 3594 5851 Lxxxm,
