4120 6546
588 389 660 442 65
1579 390 1637 444 S.
1680 387 1962 444 ογιιιιιι
2001 386 2154 443 ALEI

2261 387 2478 445 N'DRINI
2519 388 2843 447 ARCIIIEP.
3789 389 3861 448 6‘

594 517 696 554 nus
725 501 885 556 etiam
911 504 992 559 sic
1015 504 1203 559 tardus
1237 514 1320 560 est
1352 507 1418 560 ad
1455 506 1802 576 percipienda
1827 523 1946 575 qua!
1980 518 2154 562 osten-

2274 509 2526 578 τάσματα
2596 511 2922 580 Ἑγήγερται
2954 509 3018 577 δὴ
3047 503 3142 562 οὖν
3184 509 3210 562 ό
3237 507 3525 578 προφήτης
3566 507 3646 570 εἰς
3674 507 3861 579 νῆψιν,

590 594 813 646 duntur.
845 594 1051 652 ldcirco
1105 595 1404 664 iustissime
1440 609 1813 666 percontatur.
1847 608 1900 651 et
1948 613 2010 651 ea
2061 614 2161 650 an-

588 684 709 753 gelo
775 687 1084 742 declarante
1139 704 1468 756 cognoscere
1530 689 1683 756 petit.
1751 688 1989 756 Angelus
2042 703 2162 740 eum

590 776 800 830 nescire
830 777 1039 833 illorum
1077 778 1526 846 significationem
1560 779 1946 846 prapcmodum
1980 778 2166 831 obstu-

588 866 784 934 pescit,
832 877 887 920 et
935 884 1059 920 num
1103 881 1229 921 vere
1277 867 1487 922 nesciat
1534 868 1849 934 interrogat.
1897 864 2162 933 Propheta

587 957 944 1024 ignorantiam
988 969 1173 1025 aperte
1221 960 1518 1013 confitente
1553 967 1606 1012 et
1651 958 1962 1011 tarditatem
2009 972 2161 1010 suam

589 1064 694 1102 non
731 1051 1106 1112 erubescente,
1149 1051 1537 1104 obscuritatem
1587 1049 1686 1103 visi
1737 1048 1992 1116 deinceps
2021 1062 2160 1102 enu-

589 1140 762 1207 cleat;
817 1151 902 1202 et,
953 1149 1209 1209 tanquam
1248 1157 1311 1195 ex
1365 1140 1601 1210 imagine
1655 1138 1941 1192 manifesta
2008 1146 2062 1190 et
2110 1137 2161 1190 in

587 1233 760 1285 oculis
792 1232 1122 1296 incurrente,
1153 1247 1374 1301 scopum
1410 1233 1461 1284 in
1502 1247 1562 1286 ea
1597 1231 1847 1284 latentem
1888 1228 2158 1296 explanat.

591 1321 765 1390 Inquit
792 1322 937 1375 enim
970 1341 984 1376 :
1020 1341 1037 1372 ι
1075 1322 1169 1376 Hic
1197 1333 1279 1377 est
1300 1338 1480 1376 sermo
1507 1320 1714 1376 Domini
1744 1322 1810 1374 ad
1842 1317 2158 1381 Zorobabel,

585 1410 774 1465 dicens
807 1429 820 1464 :
854 1411 966 1467 Non
1000 1413 1051 1465 in
1081 1412 1404 1467 fortitudine
1454 1427 1670 1480 magna,
1702 1426 1800 1465 nec
1844 1411 1896 1463 in
1945 1409 2158 1475 robore,

587 1503 680 1556 sed
729 1503 780 1554 in
830 1503 1030 1571 Spiritu
1076 1519 1218 1570 meo,
1263 1505 1396 1558 dicit
1429 1502 1686 1558 Dominus
1735 1501 2156 1569 omnipotens.»

586 1591 807 1646 Ρειὶυάι
845 1593 1078 1648 fortasse
1116 1611 1180 1650 ac
1224 1595 1270 1650 si
1315 1595 1480 1658 dicat,
1520 1593 1698 1648 omnia
1745 1593 1859 1646 haec
1896 1592 2032 1654 visa,
2065 1590 2160 1642 ali-

583 1685 800 1750 quando
839 1684 998 1737 linem
1037 1702 1194 1742 suum
1243 1695 1584 1747 assecutura,
1625 1699 1730 1737 non
1782 1685 2012 1737 humana
2049 1683 2159 1734 vir-

588 1783 699 1828 tute
743 1774 1135 1840 administrata,
1175 1792 1277 1832 nec
1319 1777 1373 1831 in
1421 1776 1612 1830 robore
1655 1773 1945 1843 corporali,
1980 1775 2071 1826 sed
2107 1775 2157 1826 in

586 1865 784 1920 virtute
814 1864 1047 1932 Spiritus
1077 1868 1276 1932 sancti,
1307 1879 1360 1922 et
1395 1877 1450 1922 ut
1475 1882 1543 1925 ex
1571 1867 1752 1920 divino
1779 1877 1929 1920 nutu.
1961 1864 2156 1923 Factus
2191 1857 2232 1912 Β

586 1965 669 2009 est
737 1957 1004 2025 siquidem
1057 1957 1240 2028 {homo
1292 1959 1462 2012 nostri
1521 1957 1716 2011 similis
1771 1956 2092 2025 Unigenitus
2138 1973 2150 2008 :

587 2057 954 2102 verumtamen
990 2062 1096 2100 non
1127 2048 1345 2101 bellavit
1367 2047 1634 2116 corporali
1668 2048 1848 2109 modo,
1882 2055 1940 2100 ut
1974 2047 2028 2099 Εε
2051 2045 2155 2099 cle-

582 2139 720 2193 siam
754 2140 904 2207 quasi
940 2139 1206 2208 quoddam
1234 2139 1619 2192 candelabrum
1651 2137 1852 2192 mundo
1881 2137 2151 2204 erigeret:

585 2243 760 2296 neque
787 2230 1020 2297 sumptis
1047 2231 1215 2284 armis
1240 2243 1455 2283 sensum
1487 2227 1852 2294 tangentibus,
1881 2234 1934 2278 et
1956 2226 2150 2278 cohor-

583 2319 723 2373 tibus
750 2319 1018 2375 bellicosis
1043 2321 1176 2375 duos
1205 2319 1430 2390 populos
1468 2317 1566 2372 sibi
1602 2316 1866 2384 adjnnxit,
1899 2327 1992 2369 aut
2021 2317 2155 2370 duas

580 2409 831 2464 lucernas
869 2411 1051 2464 animo
1093 2409 1451 2480 aspectabiles
1497 2409 1822 2464 candelabro
1871 2407 2151 2476 imposuit,

579 2502 671 2556 sed
713 2501 764 2555 in
804 2504 996 2558 robore
1043 2501 1280 2571 Spiritus
1311 2500 1483 2554 sancti
1541 2500 1748 2555 creavit
1792 2501 1844 2555 itt
1893 2498 2154 2554 Ecclesiis

581 2595 812 2662 primum
855 2593 1150 2661 apostolos,
1185 2593 1377 2648 deinde
1421 2592 1736 2661 prapbetas,
1790 2598 1845 2645 et
1874 2589 2147 2659 evangeli-

578 2694 713 2747 stas,
737 2692 791 2738 et
822 2685 1092 2754 reliqumn
1123 2699 1338 2738 omnem
1368 2692 1675 2738 sanctorum
1704 2690 1927 2745 coetum,
1958 2680 2154 2734 divinis

578 2775 999 2830 charismatibus
1025 2791 1121 2829 eos
1157 2774 1404 2844 impleas,
1437 2784 1491 2828 et
1550 2772 1864 2842 irrigatione
1920 2770 2155 2840 Spiritus

580 2866 810 2921 ubertim
846 2867 1250 2937 pingttclacicus
1272 2866 1337 2922 ⁸³.
1373 2867 1557 2934 Itaque
1603 2880 1707 2920 non
1744 2864 1796 2917 in
1838 2862 2154 2919 fortitudine

583 2975 798 3030 magna,
833 2975 932 3014 nec
964 2961 1014 3014 in
1055 2962 1248 3014 rubore
1271 2959 1498 3025 carnali,
1535 2959 1626 3012 sed
1665 2958 1716 3011 in
1750 2956 1949 3012 virtute
1979 2956 2153 3025 Spiri-

584 3062 671 3107 tus
714 3069 742 3106 a
788 3053 1006 3108 Christo
1056 3053 1319 3122 spoliatus
1369 3061 1454 3106 est
1495 3049 1749 3114 Satanas,
1799 3063 1920 3104 cum
1955 3063 2060 3119 quo
2101 3057 2154 3100 et

582 3145 1012 3199 adversariarum
1059 3155 1386 3215 potestatum
1405 3143 1547 3214 globi
1581 3144 1916 3208 ceciderunt,
1947 3142 2152 3194 vocati-

580 3252 686 3304 que
731 3246 855 3290 sunt
897 3239 968 3291 ad
1011 3237 1338 3305 agnitionem
1392 3235 1484 3291 Dei
1517 3251 1610 3304 per
1645 3235 1801 3288 fidem
1851 3243 1906 3286 et
1944 3233 2033 3303 qui
2087 3248 2152 3284 ex

580 3327 768 3396 Israel,
808 3339 861 3383 et
913 3329 999 3398 qui
1035 3330 1330 3398 aliquando
1378 3346 1396 3378 ι
1430 3337 1694 3381 creaturae
1730 3325 1906 3395 potius
1953 3323 2151 3377 servit--

591 3432 710 3476 rant
760 3437 916 3490 quam
947 3419 1194 3474 Creatori
1217 3419 1282 3472 “.
1318 3437 1335 3469 ι
1387 3417 1650 3472 Exhibita:
1700 3425 1824 3469 sunt
1867 3415 2026 3468 etiam
2099 3414 2150 3464 in

580 3513 835 3568 Ecclesiis
881 3513 1133 3574 lucernae,
1174 3511 1227 3565 id
1255 3521 1337 3565 est
1389 3509 1586 3573 sancti,
1618 3524 1720 3561 una
1752 3507 1994 3561 lucentes
2028 3522 2151 3559 cum

579 3605 848 3674 lampade,
898 3604 1137 3666 Christo,
1197 3605 1432 3670 inquam.
1481 3599 1722 3652 Fuerunt
1777 3611 2030 3665 namque,
2095 3607 2152 3647 ttt

579 3695 794 3761 quidem
828 3701 906 3747 est
947 3694 1086 3760 apud
1112 3691 1571 3761 sapientissimum
1628 3687 1870 3751 Paulum,
1928 3704 1948 3738 ι
1979 3687 2142 3739 lumi-

581 3785 731 3837 naria
795 3785 846 3837 in
906 3785 1130 3848 mundo,
1191 3781 1594 3837 verbum-vita;
1661 3781 2000 3834 continentes
2024 3777 2089 3831 ’⁸.
2128 3797 2145 3829 ι

581 3876 734 3940 Quod
785 3886 964 3929 autem
1026 3873 1339 3929 Emmanuel
1400 3889 1503 3926 non
1555 3887 1735 3936 manu,
1780 3886 1870 3923 seu
1915 3871 2147 3940 potentia

580 3967 837 4029 humana,
881 3967 974 4019 sed
1029 3965 1233 4019 viribus
1274 3964 1389 4018 suis
1423 3971 1674 4031 tanquam
1713 3962 1851 4016 Deus
1892 3963 2149 4016 mundum

579 4057 889 4120 salvaverit,
939 4065 1166 4112 testatus
1195 4064 1277 4110 est
1324 4063 1378 4109 et
1416 4069 1512 4123 per
1542 4053 1758 4118 Oseam,
1810 4052 1948 4122 apud
1990 4068 2148 4122 quem

580 4147 682 4201 ista
728 4147 980 4217 leguntur
1015 4164 1029 4201 :
1068 4163 1085 4196 ι
1122 4144 1375 4198 Filiorum
1422 4151 1599 4197 autem
1649 4141 1784 4196 Juda
1829 4141 2147 4207 miserebor,

577 4247 630 4292 et
656 4237 873 4292 salvabo
912 4254 1005 4292 eos
1053 4239 1104 4290 in
1143 4235 1368 4290 Domino
1404 4236 1516 4290 Deo
1546 4251 1667 4302 suo,
1701 4245 1752 4290 et
1801 4251 1904 4289 non
1933 4235 2151 4290 salvabo

580 4344 675 4384 eos
702 4330 754 4383 in
790 4345 940 4394 arcu,
982 4343 1160 4397 neque
1193 4329 1244 4382 in
1274 4328 1469 4398 gladio,
1501 4344 1674 4398 neque
1712 4328 1762 4380 in
1790 4328 1950 4392 bello,
1979 4342 2152 4396 neque

581 4420 636 4474 in
668 4419 936 4484 curribus,
986 4433 1160 4486 neque
1193 4420 1243 4472 in
1291 4419 1464 4488 cquis,
1501 4433 1672 4487 neque
1707 4419 1757 4496 in
1799 4418 2091 4488 equitibus.
2128 4437 2145 4470 ι

582 4510 1093 4565 Peraccommodate
1150 4518 1329 4563 autem
1401 4511 1622 4564 verbum
1675 4509 1874 4563 factum
1945 4518 2028 4565 est
2085 4511 2151 4565 ad

581 4599 878 4656 Zorohabel
899 4601 1068 4671 686
1094 4601 1158 4654 de
1190 4601 1328 4654 tribu
1361 4599 1496 4652 Juda
1521 4614 1690 4668 genus
1718 4601 2026 4666 ducentem,
2059 4601 2151 4670 qui

581 4694 632 4748 id
681 4693 936 4760 temporis
983 4696 1164 4746 sedem
1215 4692 1360 4761 regni
1417 4689 1808 4763 Hierosolymis
1847 4692 2148 4749 obtinebat.

582 4784 792 4840 Etenim
832 4801 898 4838 ne
933 4785 1066 4836 adeo
1103 4783 1401 4852 insignibus
1427 4783 1873 4852 admirandisque
1896 4786 2152 4854 operibus

579 4876 684 4931 sibi
709 4876 1086 4945 praenuntiatus
1107 4875 1508 4945 expeditionem
1536 4875 1823 4944 aliquando
1845 4877 2141 4944 suscipien-

577 4971 725 5030 dam,
758 4975 813 5020 et
846 4966 1032 5036 praelia
1075 4967 1315 5021 facienda
1344 4967 1719 5032 arbitraretur,
1749 4969 1814 5021 ab
1849 4966 2151 5032 hujusmodi

581 5058 790 5113 frivolis
841 5067 894 5111 et
937 5058 1185 5112 humanis
1242 5059 1662 5123 cogitationibus
1709 5072 1831 5112 cuni
1879 5058 2152 5112 deterren-

579 5149 706 5203 dum
743 5149 972 5217 putavit,
1005 5151 1288 5217 potiusque
1334 5146 1736 5216 sentirejussit,
1771 5147 2006 5201 divinam
2045 5145 2152 5201 elli-

579 5242 888 5306 cacitatem,
923 5250 976 5295 et
1009 5240 1315 5295 facultatem
1345 5255 1452 5293 non
1481 5240 1795 5301 humanam,
1829 5239 1920 5293 sed
1951 5237 2151 5292 Christi

583 5333 706 5386 talia
745 5333 1016 5386 molientis
1043 5348 1184 5386 esse.
1234 5331 1576 5385 Meminimus
1620 5344 1781 5398 porro
1813 5344 1910 5384 nos
1951 5329 2152 5391 dicere,

582 5435 636 5480 et
673 5427 847 5496 ipstnn
885 5426 1292 5489 Zorubaheleut,
1337 5436 1388 5477 ut
1431 5439 1494 5478 ex
1550 5423 1692 5476 tribu
1725 5421 1862 5475 Iuda
1905 5437 2156 5489 procrea-

589 5527 699 5571 tum
750 5530 804 5573 et
863 5535 1078 5589 regem,
1129 5518 1438 5586 significare
1501 5515 1810 5575 Christum,
1871 5513 2157 5580 conjuncta

589 5612 751 5668 etiam
783 5610 910 5667 Jesu
946 5613 1054 5667 tilio
1091 5611 1340 5675 .losedec,
1389 5619 1446 5661 ut
1493 5608 1652 5662 simul
1681 5617 1735 5660 et
1792 5605 1844 5659 in
1898 5620 1999 5657 una
2038 5619 2159 5672 per-

665 5782 711 5817 "
744 5784 912 5840 lCor.
944 5784 1154 5850 “1,28.
1231 5785 1272 5816 ""
1301 5785 1456 5839 llum.
1491 5799 1526 5849 l,
1551 5782 1640 5837 ‘23.

1721 5782 1764 5813 ³⁵
1795 5781 2024 5850 Philipp.
2063 5795 2119 5846 tt,
2155 5779 2234 5835 l6.

2269 598 2530 653 ἀλλὰκαὶ
2560 597 2732 660 οὕτως
2756 597 2916 666 ἔχων,
2953 597 3106 652 οὐδὲν
3146 593 3310 668 ¹ἧττόν
3335 596 3451 647 ἐστι
3480 594 3680 665 βραδὺς
3724 596 3865 667 πρός

2268 702 2331 753 γε
2365 686 2423 739 τὸ
2447 685 2724 750 δύνασθαι,
2751 686 2916 755 φημὶ.
2947 685 3190 738 συνιέναι
3210 684 3278 738 τά
3330 684 3685 754 δεικνύμενα.
3715 684 3866 738 Ταύ-

2266 792 2437 844 τῃτοι,
2462 775 2554 829 καὶ
2586 774 2729 844 μάλα
2752 776 3000 839 εἰκότως,
3033 774 3472 829 ἀναπυνθάνεται
3501 790 3560 827 τε
3593 774 3688 827 καὶ
3717 775 3866 842 ἀξιοῖ

2269 867 2462 934 μαθεῖν
2490 867 2639 937 παρά
2688 866 2781 920 τοῦ
2809 865 3197 935 διασαφοῦντος
3249 863 3504 934 ἀγγέλου.
3571 864 3632 918 '0
3676 864 3732 919 δὲ
3773 867 3860 920 ὅτι

2265 959 2325 1010 οὐ
2379 958 2576 1026 συνῆκε
2625 955 2912 1027 μονονουχὶ
2961 954 3311 1024 κατατέθηπέ
3339 972 3478 1018 πως,
3528 954 3641 1007 καὶο
3681 955 3728 1006 εἰ
3775 955 3856 1026 μὴ

2265 1048 2479 1118 ἀληθῶς
2511 1047 2675 1118 εἰδείη
2700 1047 2951 1118 διερωτᾷ.
2982 1044 3090 1098 Τοῦ
3145 1045 3203 1099 δὲ
3236 1044 3536 1116 διαρρήδην
3571 1043 3856 1116 ὡμολογη-

2265 1142 2420 1204 κότος
2447 1140 2545 1210 τὴν
2596 1140 2836 1208 ἄγνοιαν,
2879 1137 2972 1191 καὶ
3011 1137 3073 1190 τὸ
3127 1136 3404 1205 δυσμαθὲς
3451 1137 3552 1190 οὐκ
3599 1137 3854 1205 αίσχυνο⁶

2267 1235 2453 1305 μένου,
2478 1233 2897 1288 καταλευκαίνει
2919 1231 3106 1286 λοιπὸν
3158 1230 3219 1283 τὸ
3248 1231 3314 1283 ὲκ
3372 1229 3470 1300 τῆς
3498 1230 3740 1300 ὁράσεως
3765 1229 3845 1283 αῖο

2263 1344 2455 1396 νιγμα,
2502 1326 2595 1379 καὶ
2625 1322 2735 1378 οἷον
2771 1324 2845 1387 ὡς
2873 1323 2936 1388 ἐξ
2962 1323 3170 1386 είκόνος
3198 1321 3479 1392 ἐμφανοῦς
3501 1338 3562 1374 τε
3603 1322 3850 1391 καῖ.όρω·

2265 1420 2432 1490 μένης
2456 1417 2549 1471 τὸν
2571 1418 2628 1470 ἐν
2652 1417 2789 1486 αὐτῇ
2825 1414 3131 1486 λεληθότως
3153 1412 3473 1482 ἐγκείμενον
3501 1411 3849 1483 διερμηνεύει

2265 1511 2485 1564 σκοπόν.
2527 1529 2544 1560 ι
2589 1506 2756 1571 Οὗτος
2781 1507 2910 1577 γάρ,
2943 1506 3142 1575 φησὶν,
3199 1506 3228 1558 ὁ
3269 1503 3426 1572 λόγος
3455 1503 3664 1574 Κυρίου
3712 1505 3850 1574 πρὸς

2263 1599 2584 1672 Ζοροὸἀϐελ,
2623 1599 2816 1661 λέγων·
2872 1599 2984 1653 Οὐκ
3012 1599 3070 1652 ὲν
3101 1596 3328 1666 δυνάμει
3373 1593 3609 1667 μεγάλῃ,
3643 1594 3762 1647 οὐδὲ
3787 1596 3847 1647 ἐν

2265 1688 2432 1759 ίσχύῖ,
2485 1687 2599 1741 ἀλλ’
2627 1690 2683 1740 ὲν
2737 1685 3016 1756 Πνεύματί
3063 1702 3203 1755 μου,
3256 1684 3405 1754 λέγει
3467 1681 3672 1753 Κύριος
3711 1699 3848 1734 παν-

2261 1781 2564 1852 τοκράτωρ.
2603 1799 2620 1831 ι
2656 1780 2877 1849 Ὅμοιον
2901 1779 2976 1841 ώς
3017 1779 3066 1831 εἰ
3105 1777 3252 1845 λέγοι
3303 1774 3486 1846 τυχὸν,
3515 1775 3602 1828 ὅτι
3665 1774 3846 1827 πάντα

2257 1871 2426 1926 ταῦτα
2452 1871 2520 1925 τὰ
2548 1869 2797 1941 ὁρώμενα
2825 1872 2904 1934 εἰς
2933 1869 3106 1940 πέρας
3142 1867 3261 1939 ἥξει
3296 1866 3444 1921 κατὰ
3474 1867 3722 1938 καιροὺς,
3746 1865 3848 1918 οὑκ

2258 1967 2573 2039 ἀνθρωπεία
2596 1966 2819 2035 δυνάμει
2847 1963 3278 2035 κατορθούμενα,
3317 1959 3440 2015 οὔτε
3475 1960 3582 2031 μὴν
3608 1961 3664 2013 ὲν
3699 1957 3848 2028 ίσχύῑ

2260 2063 2517 2129 σαρκικῇ,
2547 2059 2660 2112 ἀλλ’
2689 2059 2745 2111 ὲν
2795 2058 3023 2126 δυνάμει
3081 2052 3398 2125 Πνεύματος
3431 2052 3615 2120 ἁγίου,
3654 2051 3750 2104 καὶ
3766 2050 3844 2114 ὡς

2257 2150 2321 2202 ὲκ
2348 2148 2505 2201 θείων
2544 2147 2938 2217 διανευμάτων.
2983 2146 3176 2214 Γέγονε
3237 2144 3334 2215 μὲν
3391 2142 3498 2214 γὰρ
3543 2141 3643 2195 ἀνθ
3661 2158 3845 2213 ρωπος

2257 2240 2378 2294 καθ’
2405 2241 2551 2310 ἡμᾶς
2579 2240 2606 2292 ὁ
2638 2239 2969 2308 Μονογενήςο
3001 2237 3138 2308 πλὴν
3160 2235 3218 2290 οὐ
3270 2233 3626 2304 πεπολέμηκε
3651 2248 3846 2300 σαρκι-

2257 2331 2388 2395 κῶς,
2423 2334 2508 2384 ἵνα
2547 2330 2799 2401 καθάπερ
2822 2331 2944 2384 τινὰ
2990 2327 3212 2399 λυχνίαν
3242 2326 3527 2398 ἀναστήσῃ
3548 2324 3627 2395 τῷ
3653 2323 3847 2393 κόσμῳ

2254 2425 2352 2495 τὴν
2386 2423 2730 2492 Ἐκκλησίαν·
2772 2422 2868 2490 οὐχ
2897 2421 3038 2475 ὅπλα
3071 2421 3300 2490 κινήσας
3330 2415 3588 2487 αἰσθητὰ,
3616 2415 3710 2467 καὶ
3742 2431 3844 2484 μα-

2255 2516 2432 2586 χίμων
2454 2514 2740 2582 φάλαγγας
2768 2512 3108 2584 παρέστησεν
3133 2508 3310 2580 ἑαυτῷ
3335 2508 3463 2570 τοὺς
3490 2507 3584 2560 δύο
3601 2506 3785 2568 λαοὺς,
3805 2505 3840 2573 ἦ

2255 2607 2382 2670 τοὺς
2401 2605 2626 2676 λύχνους
2651 2605 2775 2668 τοὺς
2807 2605 3031 2675 νοητοὺς
3083 2601 3322 2672 ἐπέθηκε
3381 2601 3446 2670 τῇ
3482 2596 3694 2669 λυχνίᾳ,
3728 2595 3842 2648 ἀλλ’

2257 2699 2314 2751 ὲν
2347 2698 2490 2768 ίσχύῖ
2525 2696 2840 2767 Πνεύματος
2893 2695 3050 2764 ἁγίου
3108 2693 3555 2764 κεχειροτόνηκεν
3611 2689 3670 2742 ἐν
3721 2690 3841 2753 ταῖς

2270 2789 2612 2860 Ἑκκλησίαις
2642 2788 2861 2859 πρῶτον
2907 2786 3261 2851 ἀποστόλους,
3314 2782 3566 2853 δεύτερον
3623 2780 3840 2852 προφή-

2255 2906 2356 2952 τας
2405 2889 2500 2942 καὶ
2541 2885 2954 2957 εὐαγγελιστάς,
3010 2884 3104 2938 καὶ
3133 2883 3231 2955 τὴν
3275 2881 3442 2952 ἄλλην
3467 2881 3684 2937 ἅπασαν
3732 2877 3840 2933 τῶν

2257 2982 2426 3050 ἁγίων
2454 2982 2746 3051 ὁμήγυριν,
2775 2978 2936 3031 θείων
2957 2977 3155 3039 αὐτοὺς
3207 2972 3565 3046 χαρισμάτων
3599 2972 3840 3039 ἀναπιμ-

2260 3070 2421 3134 πλὰς.
2471 3071 2565 3123 καὶ⁸
2609 3073 2676 3140 τῇ
2729 3068 2823 3121 τοῦ
2865 3066 3182 3137 Πνεύματος
3243 3063 3399 3134 χύσει
3460 3060 3838 3115 καταπιαίνων

2261 3159 2548 3220 πλουσίως.
2576 3158 2784 3213 Οὐκοῦν
2807 3157 2908 3210 οὐκ
2955 3157 3012 3210 ὲν
3044 3155 3274 3218 δυνάμει
3317 3151 3552 3223 μεγάλη.
3613 3149 3735 3202 οῦδὲ
3783 3150 3840 3201 ὲν

2266 3251 2411 3321 ἰσχύϊ
2432 3253 2496 3320 τῇ
2531 3250 2764 3319 σαρκικῇ
2801 3247 2953 3318 παρά
2984 3244 3241 3317 Χριστοῦ,
3275 3243 3390 3297 ἀλλ’
3412 3241 3490 3306 ὡς
3525 3243 3580 3294 ὲν
3609 3241 3839 3310 δυνάμει

2263 3341 2579 3412 Πνεύματος
2609 3338 2926 3392 έσκυλεύετο
2955 3336 3053 3407 μὲν
3076 3337 3103 3388 ὁ
3129 3335 3392 3396 Σατανᾶς,
3417 3332 3643 3384 ἔπιπτον
3666 3331 3722 3383 δὲ
3743 3331 3840 3383 σὺν

2261 3431 2409 3500 αὐτῷ
2438 3431 2534 3484 καὶ
2562 3428 2631 3482 τά
2654 3428 2764 3481 τῶν
2789 3426 3182 3496 ἀντικειμένων
3204 3425 3484 3496 δυνάμεων
3520 3425 3706 3493 στίφη.
3745 3423 3840 3476 καὶ

2261 3521 2552 3575 ἐκαλοῦντο
2582 3519 2718 3588 πρὸς
2775 3517 3104 3585 θεογνωσίαν
3149 3516 3238 3569 διά
3291 3516 3390 3585 τῆς
3416 3514 3674 3578 πίστεως,
3701 3513 3756 3566 οῐ
3779 3529 3839 3564 τε

2261 3609 2320 3673 ἐξ
2386 3606 2601 3678 Ἰσραὴλ
2670 3608 2763 3659 καὶ¹
2821 3605 2871 3657 οἱ
2926 3604 3093 3657 πάλαι
3145 3623 3161 3654 ι
3195 3605 3261 3673 τῇ
3320 3603 3492 3656 κτίσει
3553 3602 3704 3673 παρὰ
3749 3601 3840 3653 τὸν

2261 3701 2486 3770 κτίστην
2534 3697 2972 3768 λελατρευκότες.
3016 3715 3034 3746 ι
3087 3695 3486 3748 Ἀνεδείκνυντο
3535 3694 3594 3746 δὲ
3647 3679 3840 3746 καιέν

2259 3793 2377 3854 ταῖς
2421 3788 2770 3860 Ἑκκλησίαις
2836 3787 2887 3840 οἱ
2936 3785 3144 3855 λύχνοι,
3187 3783 3498 3846 τουτέστιν,
3555 3784 3605 3837 oi
3654 3782 3838 3849 ἆγιοι,

2261 3881 2728 3952 συνεκλάμποντες
2779 3877 2857 3949 τῷ
2905 3875 3220 3946 λαμπαδίῳ,
3263 3875 3405 3944 φημὶ
3453 3874 3538 3944 δὴ.
3577 3871 3836 3945 Χριστῷ.

2261 3974 2517 4042 Γεγόνασι
2538 3970 2666 4041 γὰρ,
2696 3969 2771 4032 ὡς
2809 3968 2940 4037 γοῦν
2990 3969 3018 4021 6
3089 3967 3395 4037 σοφώτατος
3438 3965 3638 4037 γράφει
3689 3963 3836 4018 Παῦ-

2257 4064 2369 4127 λος,
2409 4081 2426 4112 ι
2469 4061 2752 4133 φωστῆρες
2779 4060 2836 4111 ὲν
2865 4058 3074 4130 κόσμῳ,
3124 4057 3279 4125 λόγον
3309 4055 3453 4124 ζωῆς
3486 4054 3789 4124 ἐπέχοντες.
3811 4071 3830 4104 ›

2261 4157 2384 4208 "Ott
2415 4153 2470 4206 δὲ
2499 4152 2598 4205 οὐκ
2624 4150 2720 4204 ἀνθ
2731 4150 2940 4220 ρωπείᾳ
2958 4149 3103 4220 χειρὶ
3125 4148 3331 4200 σέσωκε
3354 4147 3449 4216 τὴν
3479 4147 3568 4198 ὑπ’
3591 4145 3836 4216 οὐρανὸν,

2259 4245 2373 4300 ἀλλ’
2401 4244 2554 4306 ἰδίαις
2582 4243 2876 4313 δυνάμεσιν
2905 4241 2980 4306 ώς
3004 4241 3134 4304 Θεὸς
3153 4242 3180 4293 ὁ
3204 4237 3570 4307 Ἑμμανουὴλ,
3613 4236 3836 4306 διεμαρ-

2259 4335 2459 4405 τύρατο
2521 4333 2696 4400 λέγων
2755 4331 2849 4384 καὶ
2901 4330 2989 4383 διὰ
3045 4330 3228 4400 φωνῆς
3279 4326 3460 4398 Ὡσηέ.
3514 4326 3668 4395 Ἔχει
3728 4325 3838 4395 γάρ

2259 4435 2422 4488 οὕτω·
2459 4452 2476 4483 ι
2516 4433 2653 4495 Τοὺς
2685 4431 2741 4484 δὲ
2777 4431 2927 4493 υἱοὺς
2977 4429 3143 4482 Ἰούδα
3170 4427 3396 4498 ὲλεήσω,
3424 4425 3519 4478 καὶ
3567 4422 3725 4476 σώσω
3750 4423 3839 4475 αύ-

2260 4526 2385 4588 τοὺς
2419 4524 2476 4576 ὲν
2507 4523 2696 4593 Κυρίῳ
2735 4518 2855 4590 Θεῷ
2884 4517 3083 4581 αὐτῶν,
3111 4519 3206 4570 καὶ
3247 4517 3307 4569 ού
3351 4513 3511 4568 σώσω
3542 4514 3741 4576 αὐτοὺς
3777 4516 3836 4566 ὲν

2261 4615 2420 4684 τόξῳ,
2473 4611 2596 4665 οὔτε
2653 4613 2711 4664 ἐν
2761 4609 3034 4680 ῥομφαίᾳ,
3083 4607 3207 4660 οὔτε
3251 4609 3309 4660 ὲν
3341 4605 3585 4675 πολέμῳ,
3615 4604 3737 4658 οὐδὲ
3780 4603 3840 4656 ὲν

2262 4705 2518 4776 ἅρμασιν,
2543 4702 2662 4754 οὐδὲ
2693 4704 2748 4754 ὲν
2780 4701 2966 4763 ἵπποις
2987 4739 3002 4763 ,
3055 4700 3174 4752 οὐδὲ
3217 4700 3274 4750 ὲν
3312 4695 3585 4750 ἱππεῦσιν.
3626 4714 3644 4746 ι
3683 4691 3753 4748 Εὖ
3783 4695 3840 4748 δὲ

2258 4796 2322 4865 δὴ
2347 4795 2551 4865 σφόδρα
2585 4793 2720 4864 πρὸς
2750 4791 3056 4863 Ζοροϐάϐελ
3107 4792 3136 4842 ὁ
3165 4789 3321 4856 λόγος
3340 4783 3428 4858 ἦν,
3454 4786 3544 4839 τὸν
3567 4786 3626 4853 ἐξ
3672 4785 3840 4839 Ἰούδα

2259 4887 2452 4957 φυλῆς,
2499 4887 2749 4939 διέποντα
2794 4885 2854 4937 τὸ
2904 4881 3208 4954 τηνικαῦτα
3240 4880 3367 4941 τοὺς
3427 4879 3526 4947 τῆς
3568 4875 3842 4946 βασιλείας

2263 4977 2470 5040 θώκους
2513 4978 2570 5028 ὲν
2611 4975 2986 5046 Ἰερουσαλήμ.
3016 4975 3134 5026 Ἵνα
3158 4971 3269 5042 γὰρ
3299 4970 3373 5041 μὴ
3404 4967 3514 5021 τῶν
3538 4967 3681 5020 οὕτω
3705 4965 3841 5034 λαμο

2264 5066 2418 5133 πρῶν
2480 5064 2571 5116 καὶ
2621 5063 2966 5132 ἁξιαγάστων
3019 5060 3464 5133 κατορθωμάτων
3529 5056 3677 5126 αὐτῷ
3711 5074 3841 5123 προ⁴

2262 5155 2699 5227 απηγγελμένων
2730 5154 2996 5224 πολέμους
3031 5154 3216 5215 οἴοιτο,
3259 5149 3350 5204 καὶ
3392 5148 3572 5219 μάχας
3604 5161 3839 5214 συγκρο⁴

2263 5243 2593 5317 τηθὴσεσθαι
2642 5244 2781 5296 κατὰ
2811 5244 3056 5307 καιροὺς,
3087 5240 3361 5308 ἐξίστησιν
3397 5233 3714 5303 ἀναγκαίως
3745 5234 3841 5285 αὺ-

2263 5337 2354 5389 τὸν
2411 5335 2517 5388 τῶν
2569 5334 2712 5386 οὕτω
2757 5331 2969 5403 σαθρῶν
3023 5333 3118 5385 καὶ
3167 5328 3524 5400 ἀνθρωπίνων
3581 5326 3837 5387 ἐννοιῶν,

2265 5425 2563 5479 διακεῖσθαι
2596 5424 2651 5477 δὲ
2679 5423 2880 5493 μᾶλλον
2933 5422 3314 5493 προστέταχεν,
3345 5421 3424 5474 ὅτι
3458 5417 3768 5488 θεοπρεπὴς
3806 5418 3838 5485 η

2266 5513 2536 5582 ἐνέργεια,
2573 5512 2666 5565 καὶ
2695 5513 2727 5582 ἡ
2763 5509 2989 5581 δύναμις
3036 5511 3135 5564 οὐκ
3158 5509 3493 5582 ἀνθρωπίνη,
3525 5505 3619 5558 τοῦ
3656 5507 3842 5559 διαπεθ

2271 5603 2544 5672 ραίνοντος
2575 5601 2643 5656 τὰ
2672 5600 2846 5656 τοιάδε
2868 5600 3128 5672 Χριστοῦ.
3157 5595 3500 5671 Μεμνήμεθα
3524 5593 3602 5660 δὲ,
3637 5595 3718 5647 ὅτι
3749 5595 3840 5648 καὶ
