4120 6558
263 369 333 424 65
1101 341 1642 407 COMMENTARIUS
1681 339 1745 396 ΙΝ
1787 333 2181 392 ZACHARIAM
2222 326 2661 386 PROPHETAM.
3437 321 3508 376 σε

263 479 427 534 αὑτὸν
449 479 539 531 τὸν
567 470 868 546 Ζοροϐάϐελ
908 468 980 530 ὡς
1006 467 1076 527 ὲκ,
1098 464 1270 533 φυλῆς
1307 459 1507 519 Ἰούδα.
1561 456 1652 510 καὶ
1690 455 1834 526 βασι-

1961 465 2064 504 ona
2100 445 2412 501 Emmanuel
2445 453 2499 497 et
2534 456 2626 496 rex
2674 449 2726 492 et
2769 453 3010 493 summus
3041 437 3293 494 sacerdos
3346 435 3509 491 intel-

263 572 361 626 λέα
394 565 732 641 παραδηλοῦν
777 561 1036 628 ἐλέγομεν
1079 556 1161 624 ἐφ’
1215 551 1392 621 ἐαυτῷ
1443 550 1534 602 τὸν
1575 546 1828 620 Χριστὸν,

1941 543 2156 613 ligatur.

266 621 608 733 συνημμένου
636 658 692 710 δὲ
729 656 824 709 καὶ
862 621 1038 707 ’ίτπσοῦ
1069 621 1161 703 τ’λῦ
1215 646 1480 709 Ἰωσεδὲκ,
1538 645 1603 696 ἵν’
1636 644 1693 695 ἐν
1752 636 1936 708 ταυτῷ
2003 638 2174 690 νοοῖτο
2225 631 2475 708 βασιλεὺς
2530 646 2589 680 τε
2638 627 2754 697 ἃμα
2818 625 2911 680 καὶ
2958 625 3241 696 ἀρχιερεὺς
3301 621 3330 673 6
3387 621 3512 690 Ἑμ-

269 754 530 828 μανουήλ.

342 853 436 916 Τίς
469 845 524 903 εί
551 846 654 909 σὺ,
694 845 761 898 τὸ
787 844 926 912 ὅρος
959 842 1026 896 τὸ
1051 839 1222 911 μέγα,
1265 838 1333 891 τὸ
1365 837 1478 906 πρὸ
1514 832 1835 901 προσώπου

266 941 618 1012 Ζοροϐάϐελ,
649 938 756 993 τοῦ
783 933 1193 1003 κατορθῶσαι;
1229 931 1334 985 Kal
1361 929 1578 992 ἐξοίσω
1602 925 1711 978 τὸν
1743 922 1836 976 λί-

267 1037 373 1086 θον
426 1029 536 1097 τῆς
580 1025 1015 1096 κληρονομίας,
1065 1023 1290 1090 ίσότητι
1350 1019 1588 1088 χάριτος
1628 1013 1838 1083 χάριτα

266 1122 476 1189 αὐτῆς.

338 1215 466 1268 KE’.
506 1211 836 1280 Δυσέφικτον
863 1209 962 1280 μὲν
988 1207 1183 1277 κομιδῇ
1213 1205 1272 1258 τὸ
1303 1201 1680 1274 προκείμενον·
1703 1196 1840 1266 πλὴν

268 1305 504 1376 ἐροῦμεν
551 1305 713 1374 ἡμεῖς
744 1301 806 1354 τό
857 1316 922 1368 γε
974 1299 1052 1361 ὡς
1094 1299 1291 1368 ἄριστα
1342 1293 1438 1346 καὶ
1483 1289 1658 1361 ὀρθῶς
1699 1288 1841 1358 ἔχειν

269 1395 696 1467 ὑπειλημμένον.
735 1393 919 1446 ΙἘοικε
947 1390 1127 1443 τοίνυν
1167 1390 1194 1440 6
1235 1386 1392 1454 λόγος
1429 1381 1710 1455 μονονουχὶ
1750 1379 1845 1432 καὶ

269 1489 529 1558 ἐπιτιμᾷν
556 1485 634 1556 τῷ
658 1484 776 1556 ὄρει
817 1483 896 1552 τῷ
936 1480 1175 1552 μεγάλῳ,
1205 1477 1485 1538 τουτέστι,
1519 1474 1597 1543 τῷ
1631 1471 1845 1541 Σατανᾷ

269 1577 780 1647 κατεξανισταμένῳ
810 1591 870 1626 τε
895 1574 990 1628 καὶ
1018 1568 1365 1638 ἀντεξάγοντι
1387 1567 1465 1636 τῷ
1489 1561 1727 1636 Χριστῷ,
1745 1562 1846 1630 τῆς

270 1670 437 1724 αὐτοῦ
483 1667 812 1739 δυστροπίας
862 1665 963 1734 τὴν
1015 1661 1266 1731 δύναμιν,
1311 1659 1340 1711 6
1387 1657 1451 1727 δὴ
1493 1656 1588 1709 καὶ
1633 1655 1692 1706 ὲν
1732 1654 1846 1715 τοῖς

269 1760 525 1832 ἀνωτέρω

275 1853 419 1921 Ἔφη
453 1849 564 1919 γὰρ
608 1851 636 1902 ὁ
681 1847 970 1920 προφήτης
1003 1843 1288 1898 τεθεᾶσθαι
1345 1841 1444 1911 μὲν
1498 1837 1704 1908 Ἰησοῦν
1753 1835 1844 1887 τὸν

275 1943 424 2013 ἱερέα
466 1939 558 1992 τὸν
591 1940 764 2009 μέγαν
789 1937 1000 1990 ἑστῶτα
1029 1935 1134 2006 πρὸ
1164 1930 1461 2003 προσώπου
1487 1927 1581 1982 τοῦ
1607 1925 1842 1993 ἀγγέλου

273 2033 499 2101 Κυρίου,
523 2030 611 2084 τὸν
643 2030 699 2082 δέ
727 2046 791 2097 γε
827 2027 1068 2082 διάϐολον
1098 2024 1307 2078 ἑστῶτα
1347 2022 1411 2073 ὲκ
1444 2017 1629 2082 δεξιῶν
1655 2013 1844 2077 αὐτοῦ,

272 2120 366 2176 τοῦ
396 2118 734 2174 ἀντικεῖσθαι
763 2116 933 2186 αὐτῷ.
962 2116 1086 2167 Ὅτι
1116 2112 1245 2183 γὰρ,
1280 2112 1405 2164 ὅσον
1432 2105 1692 2177 ἐνεχώρει
1713 2145 1728 2170 ,

207 2275 214 2284 _
271 2207 339 2284 ἦν
369 2211 458 2263 ἐπ’
484 2207 652 2278 αὐτῷ,
691 2205 1043 2276 πεπολέμηκε
1076 2222 1133 2257 τε
1163 2204 1258 2257 καὶ
1298 2201 1691 2272 άντεγήγερται
1737 2198 1847 2250 δει-

275 2303 380 2366 νῶς
412 2305 531 2364 ταῖς
564 2300 657 2353 τοῦ
695 2298 948 2368 Σωτῆρος
981 2293 1311 2363 οἰκονομίαις
1338 2331 1352 2356 ,
1386 2289 1677 2352 καλοῦντος
1715 2286 1849 2358 πρὸς

278 2394 549 2465 σωτηρίαν
574 2392 673 2462 τὴν
715 2391 803 2444 ὑπ’
837 2388 1087 2459 οὐρανὸν,
1147 2382 1526 2455 προσκυνητὴν
1557 2381 1686 2434 ἴδιον
1717 2379 1852 2432 ἁπο-

277 2484 488 2552 φαίνειν
519 2481 699 2552 ἠθελε,
726 2477 1090 2548 παραδεικνὺς
1117 2475 1215 2546 μὲν
1239 2472 1408 2544 αὐτῷ,
1439 2474 1486 2525 εἰ
1519 2471 1582 2541 δὴ
1613 2486 1853 2540 προσπε-

279 2576 392 2628 σεῖν
437 2573 612 2625 ἒλοιτο
657 2571 752 2624 καὶ
809 2569 1186 2638 προσκυνῆσαι
1235 2563 1424 2634 αὐτῷ’.
1475 2558 1610 2616 Εἶτα
1652 2561 1744 2614 καὶ
1794 2561 1852 2626 ἐξ

276 2663 443 2720 αὐτοῦ
469 2661 560 2718 τοῦ
587 2660 751 2733 χοροῦ
779 2659 887 2713 τῶν
915 2657 1086 2725 ἁγίων
1117 2655 1429 2710 ἀποστόλων
1457 2653 1548 2705 τὸν
1586 2651 1852 2721 προδότην

276 2757 495 2827 ἥρπασε
527 2751 797 2824 μαθητὴν,
838 2746 1140 2808 ἀναπείσας
1171 2745 1406 2816 ὄργανον
1435 2741 1535 2805 τῆς
1585 2739 1851 2793 Ἰουδαίων

277 2845 531 2915 γενέσθαι
588 2841 932 2910 σκαιότητος.
977 2837 1330 2907 Ἑπιπλήττει
1375 2834 1438 2903 δὴ
1486 2829 1578 2886 οὖν
1622 2833 1649 2884 6
1699 2830 1853 2896 λόγος

280 2937 450 3007 αὐτῷ,
503 2934 596 2988 καί
645 2949 809 3002 φησι·
847 2949 865 2982 ι
895 2929 992 2992 Τίς
1024 2923 1074 2980 εἷ
1111 2928 1196 2990 σὺ,
1246 2927 1305 2979 τὸ
1333 2927 1456 2996 ὅρος
1486 2925 1547 2976 τὸ
1589 2923 1763 2992 μέγα,
1791 2919 1854 2972 τὸ

279 3029 388 3099 πρὸ
425 3026 715 3099 προσώπου
761 3021 855 3076 τοῦ
900 3017 1223 3091 Ζοροὸἁϐελ,
1267 3017 1360 3070 τοῦ
1405 3013 1784 3086 κατορθῶσαι;
1829 3029 1847 3062 ι

280 3120 356 3173 Τὸ
375 3119 456 3182 δὲ,
491 3116 590 3182 Τίς
621 3111 680 3170 εἷ
713 3114 832 3176 σύ;
859 3111 1076 3181 νοητέον
1102 3111 1198 3178 οὐχ
1227 3108 1302 3170 ὡς
1329 3106 1603 3168 ἐθέλοντος
1635 3107 1845 3172 ἀναμα-

282 3213 416 3276 θεῖν,
447 3209 528 3272 τίς
552 3209 617 3278 δὴ
645 3206 754 3279 ἄρα
785 3205 879 3258 καὶ
917 3202 1079 3256 πόθεν
1107 3201 1256 3253 ἐστίν
1293 3197 1374 3271 (οὐ
1401 3197 1509 3268 γὰρ
1529 3195 1594 3248 ἂν
1617 3195 1854 3265 ἠγνόησε

279 3303 414 3366 Θεὸς
442 3302 539 3370 ὢν)
564 3341 580 3365 ,
616 3299 730 3353 ἀλλ’
757 3292 868 3350 οἷον
925 3289 1460 3363 κατασμικρύνοντος
1519 3287 1612 3340 καὶ
1641 3285 1854 3348 οὐδενὸς

287 3391 567 3457 ἀξιοῦντος
595 3389 778 3455 λόγου,
807 3385 911 3438 κᾶν
941 3385 988 3436 εἰ
1018 3382 1157 3452 μέγα
1181 3397 1238 3433 τε
1271 3380 1359 3448 εἴη
1412 3379 1504 3430 καὶ
1528 3375 1856 3444 δυσάντητον

279 3487 450 3558 δρος,
498 3485 590 3538 καὶ
646 3479 899 3551 ἐμποδὼν
947 3477 1197 3546 κείμενον
1251 3471 1553 3542 κατορθοῦν
1621 3467 1858 3521 ἐθέλοντι

278 3557 458 3631 τοιάδε
513 3574 770 3646 Χριστῷ,
823 3587 884 3624 ου
937 3568 1031 3622 καὶ
1081 3569 1159 3629 εἰς
1214 3563 1384 3618 τύπον
1437 3563 1464 3614 6
1518 3557 1856 3631 Ζοροϐάϐελ,

280 3668 536 3737 καθάπερ
565 3665 668 3736 ἥδη
702 3663 1066 3732 προείπομεν.
1093 3657 1289 3731 Καίτοι
1327 3654 1436 3724 γὰρ
1465 3651 1858 3723 άπαράκλητον

283 3761 427 3830 ἔχων
463 3759 562 3829 τὴν
599 3755 930 3826 δυστροπίαν
959 3755 986 3804 6
1013 3751 1228 3821 δράκων
1259 3749 1288 3800 6
1319 3745 1653 3813 ἀποστάτης,
1684 3741 1862 3794 πεπά-

285 3867 450 3920 τηται
505 3847 654 3917 παρὰ
697 3843 932 3916 Χριστοῦ
983 3843 1147 3895 πόνου
1205 3857 1262 3892 τε
1310 3840 1401 3891 καὶ
1453 3835 1672 3906 ἱδρῶτος
1717 3834 1859 3902 δίχα.

283 3942 420 4005 Θεὸς
446 3941 554 4010 γὰρ
584 3935 652 4009 ἦν
711 3937 853 3991 κατὰ
891 3934 1051 4004 φύσιν
1089 3935 1117 3985 6
1149 3933 1358 3993 πάντας
1393 3927 1656 3982 νικῶν.Ἣ
1683 3926 1862 3979 τοίνυν

285 4031 432 4088 κατὰ
477 4031 568 4084 τὸν
616 4029 819 4082 τοιόνδε
871 4025 993 4080 τινὰ
1042 4023 1242 4095 τρόπον
1290 4017 1708 4091 προσδαλοῦμεν
1751 4018 1864 4078 τοῖς

284 4123 633 4196 εἰρημένοις,
665 4120 698 4192 ἢ
731 4122 824 4174 καὶ
853 4119 1054 4191 ἑτέρως
1074 4157 1088 4182 ,
1133 4117 1181 4167 εί
1212 4114 1378 4167 δοκεῖ.
1417 4111 1562 4179 Ἔφη
1597 4109 1695 4178 μὲν
1732 4108 1864 4178 γὰρ,

284 4221 372 4272 ὅτι
425 4217 525 4269 οὐκ
577 4211 894 4284 ἀνθρωπεία
949 4209 1176 4280 δυνάμει
1245 4203 1720 4275 κατορθωθήσεται
1787 4199 1865 4269 τῷ

286 4312 482 4380 κόσμῳ
513 4308 582 4362 τὰ
621 4307 757 4378 πρὸς
800 4305 964 4375 ζωήν.
1011 4301 1120 4355 Καὶ
1151 4300 1408 4370 στήσεται
1447 4295 1546 4366 μὲν
1593 4295 1626 4363 ἠ
1655 4291 1862 4363 λυχνία,

285 4405 352 4458 τὸ
378 4402 681 4473 λαμπάδιον
703 4399 925 4469 ἔχουσα,
951 4394 1218 4456 τουτέστι,
1238 4389 1496 4463 Χριστὸν,
1524 4384 1863 4456 ὲκλάμῲουσι
1897 4407 1940 4461 D

287 4496 347 4551 δὲ
372 4497 422 4548 οἱ
446 4494 628 4564 λύχνοι
656 4533 670 4557 ,
704 4493 796 4546 καλ⁹
827 4490 934 4562 μὴν
966 4487 1063 4542 καὶ
1095 4489 1160 4539 ὲκ
1189 4482 1378 4548 δεξιῶν
1415 4482 1507 4532 καὶ
1562 4478 1621 4543 ἐξ
1663 4476 1863 4530 εὐωνύ-

295 4600 413 4657 μων
443 4581 536 4635 τοῦ
562 4579 867 4650 λαμπαδίου
903 4577 957 4629 αἱ
982 4574 1075 4628 δύο
1105 4573 1320 4634 πάντως
1359 4570 1532 4623 ἐλαῖαι
1558 4569 1864 4637 στήσονται,

291 4656 420 4736 τοὺς
448 4673 542 4726 δύο
576 4672 740 4733 λαοὺς
772 4668 1154 4739 σημαίνουσαι.
1194 4660 1304 4717 Εἶθ’
1337 4661 1526 4730 ὥσπερ
1555 4656 1862 4712 ἀναπυνθα-

292 4765 523 4838 νομένου
567 4761 713 4824 τινὸς
753 4760 848 4814 καὶ
888 4759 1174 4826 λέγοντοςο
1230 4755 1327 4817 Τίς
1361 4749 1473 4822 ἆρα
1511 4749 1561 4804 εἴ
1596 4751 1696 4814 σὺ,
1735 4751 1764 4804 6
1798 4747 1868 4800 τὰ

293 4857 438 4910 οὔτω
486 4853 698 4926 μεγάλα
764 4841 1003 4920 πολέμου
1054 4848 1178 4917 δίχα
1228 4847 1443 4906 πάντως
1492 4843 1586 4897 καὶ
1633 4838 1869 4911 ἀμογητὶ

298 4944 667 5016 κατορθώσειν
696 4939 1158 5011 ὑπισχνούμενοςς
1191 4932 1674 5010 προσυπακούεται
1695 4930 1868 4998 λέγων

297 5034 327 5085 6
359 5030 489 5092 Θεὸς
521 5029 614 5083 καὶ
641 5029 832 5098 Πατήρ
855 5043 870 5058 ο
906 5044 924 5077 ι
961 5024 1104 5094 Ἐγὼ
1137 5024 1196 5077 τὸ
1224 5025 1348 5094 ὅρος
1376 5022 1435 5074 τὸ
1480 5021 1642 5090 μέγα,
1675 5019 1734 5072 τὸ
1765 5017 1871 5088 πρὸ

300 5119 594 5192 προσώπου
629 5117 956 5190 Ζοροὸάϐελ,
989 5114 1084 5168 τοῦ
1122 5113 1485 5185 κατορθῶσαι*
1515 5130 1532 5162 ι
1574 5109 1868 5174 τουτέστιν,

314 5191 456 5279 Ἐγώ
479 5211 640 5281 είμιὴ
665 5211 842 5264 πάντα
872 5191 1244 5278 ὑπεραίρουσα
1266 5205 1496 5274 φύσις,ὴ
1518 5199 1873 5273 θεοπρεπέσιν

301 5301 595 5371 ὑψώμασιν
634 5302 712 5362 είς
757 5297 854 5370 τὴν
887 5296 1290 5368 ὑπερεπέκεινα
1335 5295 1552 5349 πάντων
1591 5292 1875 5363 διᾴττουσα

301 5392 480 5457 δόξαν,
527 5389 667 5442 κατὰ
699 5389 921 5458 καιροὺς
965 5387 1221 5459 ἀρκέσειν
1257 5385 1523 5455 μέλλουσα
1569 5382 1705 5454 πρὸς
1741 5396 1872 5433 κατ-

302 5484 536 5556 όρθωσιν
591 5480 695 5533 τῶν
754 5476 1217 5549 ἐπηγγελμένων,
1283 5475 1376 5529 καὶ
1426 5471 1532 5546 πρὸ
1580 5470 1873 5542 προσώπου

305 5571 628 5644 Ζοροϐάϐελ.
671 5569 744 5621 O6
777 5568 881 5639 γὰρ
913 5567 1096 5638 ἠγνόει
1137 5565 1368 5637 Χριστὸς
1403 5565 1493 5617 τὸν
1532 5563 1721 5615 ἑαυτοῦ
1758 5562 1870 5614 Πα-

383 5754 426 5784 ³⁶
453 5752 635 5807 Matth.
667 5767 738 5815 tv,
768 5751 787 5804 Ι
815 5764 970 5818 seqq.

2017 823 2178 875 Vens.
2205 818 2256 870 7.
2307 815 2436 879 Quis
2463 830 2514 866 es
2549 822 2626 873 lu,
2666 825 2813 862 mons
2849 808 2936 860 ille
2983 825 3223 875 magnus,
3264 820 3384 865 ante
3429 813 3514 881 fa-

1947 913 2072 965 ciem
2126 903 2449 968 Zorobabel,
2483 912 2539 956 ut
2586 903 2844 955 instaures
2875 900 2899 952 ?
2934 898 3000 952 Et
3027 900 3243 953 educam
3284 901 3514 968 lapidem

1945 1000 2286 1063 Itwreditntis,
2309 995 2606 1066 wqualilale
2627 993 2810 1064 gratia:
2844 992 3067 1061 gratiam
3096 991 3230 1060 ejus.

2039 1177 2216 1234 XXV.
2294 1177 2652 1232 Difficillimns
2719 1173 2989 1228 intellectu
3053 1171 3200 1224 locus
3265 1173 3514 1241 proposi-

1951 1280 2084 1324 lus:
2129 1279 2498 1322 verumtamen
2561 1265 2701 1333 quod
2751 1262 3051 1317 rectissime
3097 1273 3258 1328 atque
3315 1263 3518 1330 optime

1948 1363 2054 1417 dici
2112 1377 2267 1430 posse
2317 1359 2770 1424 existimavimus,
2805 1356 2856 1408 id
2920 1356 2972 1407 in
3029 1353 3260 1407 medium
3329 1352 3518 1408 affere-

1947 1471 2086 1509 mus.
2145 1452 2369 1507 Videtur
2409 1453 2588 1520 itaque
2647 1463 2825 1503 sermo
2862 1445 3094 1515 quadam
3147 1443 3519 1514 objurgatione

1948 1548 2216 1600 incessere
2243 1553 2474 1596 montem
2510 1555 2784 1609 magnum,
2841 1547 2966 1607 puta
3006 1535 3262 1588 Satanam
3320 1541 3512 1590 contra

1948 1637 2222 1690 Christum
2263 1633 2648 1699 insurgentem,
2681 1637 2734 1682 et
2770 1626 3139 1696 perversitatis
3188 1641 3300 1680 suae
3327 1636 3518 1695 poten—

575 1714 736 1811 πάλιν
796 1714 930 1826 ἡμῖν
979 1714 1393 1823 αἰνιγματωδῶς
1441 1714 1842 1816 κατεγράφετο.

1961 1728 2098 1790 tiam,
2141 1724 2291 1793 quasi
2328 1722 2497 1774 aciem
2529 1730 2715 1772 contra
2751 1726 3175 1784 promoventetn,
3205 1715 3346 1782 quod
3389 1714 3516 1767 item

2575 1813 2586 1826 ι
2668 1807 2907 1826 γκιμ,ηεμ-Α
2971 1807 3121 1826 __l,2-
3177 1805 3478 1826 .I..--..:L_l.-_

1947 1835 2128 1887 supra.
2167 1827 2470 1884 quanquam
2507 1813 2605 1864 sub
2645 1807 2930 1870 velamine,
2969 1807 3124 1858 nobis
3171 1805 3518 1858 describeba-

1950 1918 2054 1960 tur.
2091 1907 2310 1960 Dicebat
2339 1901 2482 1955 cnim
2518 1899 2777 1968 propheta
2840 1910 2899 1949 se
2955 1895 3152 1947 vidisse
3185 1891 3367 1946 Jesum
3428 1907 3517 1945 sa-

1947 1999 2217 2054 cerdotem
2264 2007 2513 2064 magnum
2546 1999 2776 2043 stantem
2823 2002 3004 2040 coram
3047 1988 3238 2054 angelo
3279 1983 3516 2044 Domini,

1749 2075 1847 2157 mi,
1947 2099 2000 2144 et
2023 2087 2291 2142 diabolum
2333 2093 2563 2138 stantem
2605 2095 2634 2132 a
2679 2078 2886 2132 dextris
2917 2075 3054 2143 ejus,
3084 2086 3143 2129 ttt
3192 2075 3511 2128 adversare-

1952 2191 2040 2234 tur
2069 2180 2138 2234 ei.
2180 2176 2320 2244 Quin
2360 2175 2526 2236 enim,
2558 2178 2816 2241 quantum
2845 2168 2995 2222 licuit
3044 2177 3098 2220 et
3131 2166 3182 2220 iu
3220 2168 3338 2235 ipso
3395 2163 3518 2228 fuit,

1950 2269 2448 2340 oppugnaverit,et
2501 2265 2847 2318 vehementer
2909 2258 3268 2313 insurrexcrit
3329 2265 3518 2310 contra

1952 2363 2312 2419 (Pconomiant
2348 2356 2665 2422 Salvatoris,
2688 2355 2942 2407 mundum
2966 2351 3031 2403 ad
3061 2351 3286 2403 salutem
3324 2362 3522 2400 voean-

1956 2457 2046 2522 tis,
2083 2469 2239 2529 nemo
2280 2450 2565 2512 dubitabit,
2606 2448 2649 2501 si
2682 2444 2998 2515 cogitaverit
3041 2443 3269 2513 primum
3306 2439 3521 2508 quidem

1958 2547 2256 2603 accessisse
2289 2544 2352 2595 ad
2380 2533 2712 2611 jejunantem
2745 2541 2796 2590 in
2831 2537 3064 2595 deserto,
3095 2543 3147 2586 et
3181 2533 3361 2584 mun-li
3399 2529 3524 2584 Sal-

1957 2649 2194 2690 vatorem
2229 2633 2506 2694 intuitum,
2533 2644 2589 2683 se
2630 2628 2694 2680 ab
2734 2626 2822 2679 illo
2855 2623 3065 2677 adorari
3128 2620 3520 2689 concupivisse,

1955 2743 2073 2783 cum
2133 2725 2204 2777 illi
2259 2723 2438 2776 omnia
2498 2734 2659 2788 regna
2721 2715 2902 2769 mundi
2960 2713 3248 2766 ostendens
3299 2709 3527 2762 dixisset

1953 2818 2130 2872 onmia
2171 2815 2283 2868 fore
2313 2814 2510 2882 ipsius,
2539 2811 2584 2863 si
2631 2807 2909 2876 procidere
2937 2804 2988 2857 in
3039 2819 3209 2874 genua
3253 2812 3307 2854 et
3333 2815 3390 2854 se
3427 2802 3525 2852 ad-

1955 2928 2110 2966 orare
2141 2926 2244 2963 non
2285 2904 2637 2962 recusaret".
2675 2900 2875 2956 Deinde
2901 2914 2963 2952 ex
2989 2899 3101 2967 ipso
3124 2898 3289 2950 ebore
3311 2901 3529 2949 saneto-

1959 3019 2074 3056 rum
2107 2998 2472 3070 apostolorum
2530 2993 2858 3065 proditorem
2916 2988 3108 3043 Judam
3149 2986 3398 3055 arripuit,
3439 2984 3526 3036 cui

1958 3093 2227 3164 persuasit
2260 3099 2316 3144 ut
2365 3087 2671 3143 Judteorum
2711 3083 2938 3136 feritatis
2967 3082 3386 3134 instrumentum
3439 3078 3531 3128 lle-

1958 3195 2056 3239 ret.
2085 3184 2401 3251 lncrepatnr
2428 3175 2708 3241 itaquehis
2737 3173 2914 3226 verbis
2938 3191 2950 3224 ;
2979 3190 2996 3222 ι
3031 3169 3164 3235 Quis
3183 3184 3242 3222 es
3271 3177 3347 3228 tu,
3375 3179 3530 3218 mons

1960 3284 2313 3346 magute,ante
2349 3271 2539 3325 faciem
2587 3263 2905 3329 Zorobabel,
2939 3273 2995 3316 ut
3023 3263 3292 3316 instaures
3324 3259 3346 3312 ?
3397 3256 3528 3310 Illud

1959 3369 2092 3435 Quis
2121 3383 2200 3430 es,
2257 3379 2360 3416 non
2395 3362 2464 3415 ita
2507 3358 2900 3427 accipientium,
2954 3355 3109 3421 quasi
3148 3365 3303 3404 nosse
3353 3348 3533 3417 cupiat

1960 3461 2084 3528 quis
2143 3456 2354 3510 tandem
2387 3461 2441 3505 ct
2484 3452 2626 3504 unde
2661 3449 2750 3501 sit.
2785 3445 2895 3499 Non
2923 3444 3064 3499 enim
3101 3441 3408 3510 ignorabat,
3451 3450 3532 3490 ut-

1961 3559 2084 3618 pote
2107 3547 2262 3599 Deus.
2285 3542 2389 3596 Sed
2415 3537 2568 3610 quasi
2594 3542 2934 3596 extenuet,et
2955 3531 3106 3584 nihili
3136 3529 3316 3594 faciat,
3343 3542 3535 3597 qnam-

1962 3641 2042 3692 vis
2073 3649 2296 3705 magnus
2342 3644 2495 3685 mons
2532 3635 2696 3689 esset,
2746 3634 2800 3678 et
2845 3623 2930 3676 cui
2994 3621 3150 3674 facile
3198 3618 3373 3672 resisti
3428 3632 3532 3669 non

1963 3738 2163 3800 posset,
2190 3737 2242 3778 et
2277 3722 2716 3789 impedimentum
2741 3715 3008 3785 objecutm
3044 3711 3259 3765 Christo
3308 3710 3420 3762 bare
3447 3709 3532 3761 iu-

1963 3831 2211 3876 slattrare
2273 3814 2498 3875 volenti,
2732 3808 2884 3876 cujus
2917 3817 3071 3876 typus
3123 3802 3444 3864 Zoroitabel,
3477 3813 3536 3853 ut

1958 3911 2069 3978 jam
2107 3907 2360 3961 diximus.
2414 3901 2522 3954 litsi
2560 3902 2704 3952 enim
2753 3897 2824 3950 sit
2884 3893 3239 3961 implacabilis
3295 3889 3534 3958 nequitia

1964 4000 2214 4055 draconis
2239 4003 2520 4066 apostatae,
2554 4001 2730 4043 tamen
2767 3989 2900 4040 citra
2958 3988 3190 4038 laborem
3251 3982 3534 4036 sudorem-

1965 4108 2125 4162 quea
2158 4089 2370 4144 Christo
2395 4082 2741 4138 conculcatus
2788 4089 2890 4132 est.
2945 4075 3074 4128 Erat
3140 4074 3282 4127 enim
3345 4081 3535 4125 natura

1970 4161 2127 4246 Dens,
2165 4193 2351 4233 omnes
2378 4186 2727 4242 exsuperans.
2787 4171 2891 4221 Aut
2965 4165 3124 4234 igitur
3161 4163 3250 4216 tali
3306 4161 3532 4231 quodam

1968 4275 2125 4329 modo
2151 4273 2290 4326 dicta
2329 4268 2488 4322 verba
2517 4261 2925 4331 explicabimus,
2947 4267 3038 4310 aut
3060 4257 3186 4320 alio,
3217 4254 3260 4308 si
3287 4252 3530 4324 placebit.

1973 4365 2118 4419 Dixit
2166 4363 2333 4423 enim,
2380 4375 2482 4412 non
2538 4356 2772 4408 humana
2809 4352 3002 4405 virtute
3029 4347 3228 4401 mundo
3256 4348 3420 4400 vitam
3454 4345 3536 4398 in—

1971 4465 2356 4515 stauraturum.
2386 4450 2451 4504 Et
2473 4447 2635 4502 stabit
2667 4444 2881 4512 quidem
2912 4439 3312 4499 candelabrum,
3337 4436 3539 4504 lampa-

1970 4552 2088 4606 dem
2131 4547 2355 4606 ltabens,
2375 4542 2474 4594 hoc
2503 4549 2586 4592 est
2608 4535 2879 4591 Christum
2913 4549 2928 4584 :
2964 4531 3216 4584 lucebunt
3243 4539 3423 4582 autem
3458 4528 3537 4579 lu-

1971 4657 2168 4700 cernae.
2196 4638 2457 4693 Praeterea
2485 4649 2514 4687 a
2542 4633 2723 4686 dextra
2751 4628 2987 4696 ltevaque
3015 4622 3272 4692 lampadis
3301 4622 3415 4671 dua:
3444 4617 3542 4669 oli-

1975 4753 2053 4792 va:
2113 4732 2330 4789 omnino
2370 4729 2607 4789 stabunt,
2651 4724 2784 4776 duos
2837 4719 3058 4788 populos
3134 4710 3538 4766 adttmbranlcs.

1974 4821 2192 4887 Postea,
2237 4820 2390 4891 quasi
2415 4815 2729 4872 sciscitante
2765 4807 3016 4879 quopiam
3042 4819 3104 4858 ac
3133 4803 3377 4855 dicente:
3409 4797 3543 4863 Quis

1974 4917 2137 4986 igitur
2165 4885 2224 4966 es
2256 4885 2337 4975 in,
2369 4909 2456 4976 qui
2503 4914 2611 4958 tam
2664 4901 2828 4956 ardua
2861 4896 3005 4950 nullo
3044 4890 3182 4947 bello
3221 4901 3274 4943 et
3309 4891 3426 4942 sine
3466 4885 3547 4939 la.

1979 4978 2106 5061 bore
2155 5001 2384 5058 feliciter
2419 4995 2838 5051 constitutorum
2884 4981 3172 5055 spondes?
3226 4978 3547 5034 subauditur

1982 5097 2307 5165 respondens
2345 5091 2482 5144 Deus
2510 5097 2562 5140 et
2583 5085 2741 5140 Pater
2769 5098 2783 5134 :
2815 5098 2833 5130 ι
2876 5079 2984 5149 Ego
3008 5090 3161 5131 mons
3197 5072 3285 5124 ille
3321 5080 3546 5135 magnus

1980 5161 2104 5244 ante
2132 5187 2318 5240 facient
2350 5176 2667 5238 Zorobabel,
2697 5183 2754 5226 ut
2782 5173 3076 5226 instaurem
3106 5183 3118 5218 :
3164 5183 3181 5215 ι
3223 5161 3275 5216 id
3316 5169 3398 5212 est
3444 5169 3546 5225 ego

1975 5292 2090 5330 sum
2131 5271 2384 5328 omnibus
2416 5263 2824 5334 supereminens
2853 5267 3066 5317 natura,
3108 5250 3301 5306 divinis
3329 5246 3548 5299 celsitu-

1975 5367 2189 5420 dinibus
2212 5366 2276 5416 ad
2299 5361 2521 5430 gloriam
2554 5351 2991 5410 sublimissimatu
3026 5343 3263 5399 onmium
3285 5336 3547 5395 emicans,

1978 5475 2094 5529 quae
2154 5471 2252 5511 suo
2318 5463 2555 5521 tempore
2613 5447 2678 5499 ad
2731 5441 2994 5513 promissa
3045 5431 3270 5486 fideliter
3328 5436 3383 5480 et
3428 5436 3553 5478 ante

1977 5517 2166 5607 facient
2228 5517 2522 5600 Zoroha'hel
2592 5533 2889 5606 praestanda
2947 5522 3192 5580 sufﬁciet.
3248 5519 3362 5573 Non
3408 5517 3552 5570 enim
