  <div class='ocr_page' id='page_1' title='image "/cluster/home/n/w/nwhite01/storage/ocr_20150623/72/hvd.32044019207893/041.png"; bbox 0 0 4120 6558; ppageno 0'>
   <div class='ocr_carea' id='block_1_1' title="bbox 582 342 3876 409">
    <p class='ocr_par' dir='ltr' id='par_1_1' title="bbox 582 342 3876 409">
     <span class='ocr_line' id='line_1_1' title="bbox 582 342 3876 409; baseline -0.003 -1"><span class='ocrx_word' id='word_1_1' title='bbox 582 353 649 409; x_wconf 79' lang='lat'><strong>67</strong></span> <span class='ocrx_word' id='word_1_2' title='bbox 1614 346 1669 400; x_wconf 81' lang='lat' dir='ltr'><strong>S.</strong></span> <span class='ocrx_word' id='word_1_3' title='bbox 1709 344 1984 400; x_wconf 79' lang='lat' dir='ltr'><strong>CYRILLI</strong></span> <span class='ocrx_word' id='word_1_4' title='bbox 2029 343 2499 399; x_wconf 72' lang='lat' dir='ltr'><strong>ALEXANDRl-Nl</strong></span> <span class='ocrx_word' id='word_1_5' title='bbox 2539 342 2860 400; x_wconf 78' lang='lat' dir='ltr'><strong>ARCHIEP.</strong></span> <span class='ocrx_word' id='word_1_6' title='bbox 3769 347 3876 400; x_wconf 62' lang='lat'><strong>68’</strong></span> 
     </span>
    </p>
   </div>
   <div class='ocr_carea' id='block_1_2' title="bbox 584 459 2169 534">
    <p class='ocr_par' dir='ltr' id='par_1_2' title="bbox 584 461 2157 534">
     <span class='ocr_line' id='line_1_2' title="bbox 584 461 2157 534; baseline -0.004 -14"><span class='ocrx_word' id='word_1_7' title='bbox 584 465 869 534; x_wconf 80' lang='lat' dir='ltr'><strong>ignorabat</strong></span> <span class='ocrx_word' id='word_1_8' title='bbox 907 462 1157 517; x_wconf 77' lang='lat' dir='ltr'><strong>Christus</strong></span> <span class='ocrx_word' id='word_1_9' title='bbox 1187 461 1399 516; x_wconf 84' lang='lat' dir='ltr'><strong>Patrem</strong></span> <span class='ocrx_word' id='word_1_10' title='bbox 1436 475 1632 515; x_wconf 88' lang='lat' dir='ltr'><strong>suum:</strong></span> <span class='ocrx_word' id='word_1_11' title='bbox 1659 464 1751 516; x_wconf 89' lang='lat' dir='ltr'><strong>sed</strong></span> <span class='ocrx_word' id='word_1_12' title='bbox 1797 463 1948 531; x_wconf 84' lang='lat' dir='ltr'><strong>quasi</strong></span> <span class='ocrx_word' id='word_1_13' title='bbox 1976 477 2157 531; x_wconf 84' lang='lat' dir='ltr'><strong>quem-</strong></span> 
     </span>
    </p>
   </div>
   <div class='ocr_carea' id='block_1_3' title="bbox 2273 459 3854 534">
    <p class='ocr_par' dir='ltr' id='par_1_3' title="bbox 2273 459 3854 532">
     <span class='ocr_line' id='line_1_3' title="bbox 2273 459 3854 532; baseline -0.001 -19"><span class='ocrx_word' id='word_1_14' title='bbox 2273 462 2419 532; x_wconf 79' lang='grc' dir='ltr'>τέρα,</span> <span class='ocrx_word' id='word_1_15' title='bbox 2463 461 2576 512; x_wconf 82' lang='grc' dir='ltr'>ἀλλ’</span> <span class='ocrx_word' id='word_1_16' title='bbox 2613 460 2802 530; x_wconf 78' lang='grc' dir='ltr'>ὥσπερ</span> <span class='ocrx_word' id='word_1_17' title='bbox 2835 460 2954 513; x_wconf 74' lang='grc' dir='ltr'>τινὰ</span> <span class='ocrx_word' id='word_1_18' title='bbox 2999 460 3336 530; x_wconf 73' lang='grc' dir='ltr'><strong>συνεργάτην</strong></span> <span class='ocrx_word' id='word_1_19' title='bbox 3371 459 3482 512; x_wconf 84' lang='grc' dir='ltr'>τῶν</span> <span class='ocrx_word' id='word_1_20' title='bbox 3530 459 3674 512; x_wconf 81' lang='grc' dir='ltr'>ἰδίων</span> <span class='ocrx_word' id='word_1_21' title='bbox 3711 477 3854 513; x_wconf 82' lang='grc' dir='ltr'>κατ-</span> 
     </span>
    </p>
   </div>
   <div class='ocr_carea' id='block_1_4' title="bbox 587 547 2169 625">
    <p class='ocr_par' dir='ltr' id='par_1_4' title="bbox 587 552 2156 625">
     <span class='ocr_line' id='line_1_4' title="bbox 587 552 2156 625; baseline -0.004 -14"><span class='ocrx_word' id='word_1_22' title='bbox 587 562 708 612; x_wconf 91' lang='lat' dir='ltr'><strong>dam</strong></span> <span class='ocrx_word' id='word_1_23' title='bbox 767 556 1065 625; x_wconf 86' lang='lat' dir='ltr'><strong>adjutorem</strong></span> <span class='ocrx_word' id='word_1_24' title='bbox 1119 553 1407 622; x_wconf 82' lang='lat' dir='ltr'><strong>insignium</strong></span> <span class='ocrx_word' id='word_1_25' title='bbox 1451 566 1665 606; x_wconf 88' lang='lat' dir='ltr'><strong>suarum</strong></span> <span class='ocrx_word' id='word_1_26' title='bbox 1688 552 1957 622; x_wconf 85' lang='lat' dir='ltr'><strong>actionum</strong></span> <span class='ocrx_word' id='word_1_27' title='bbox 2036 568 2156 605; x_wconf 82' lang='lat' dir='ltr'><strong>eum</strong></span> 
     </span>
    </p>
   </div>
   <div class='ocr_carea' id='block_1_5' title="bbox 2273 547 3855 625">
    <p class='ocr_par' dir='ltr' id='par_1_5' title="bbox 2273 547 3855 621">
     <span class='ocr_line' id='line_1_5' title="bbox 2273 547 3855 621; baseline -0.002 -20"><span class='ocrx_word' id='word_1_28' title='bbox 2273 551 2598 621; x_wconf 62' lang='grc' dir='ltr'>ιρθωμάτων</span> <span class='ocrx_word' id='word_1_29' title='bbox 2648 553 2882 602; x_wconf 77' lang='grc' dir='ltr'>ἐποιεῖτο</span> <span class='ocrx_word' id='word_1_30' title='bbox 2923 548 3127 618; x_wconf 80' lang='grc' dir='ltr'>λέγων·</span> <span class='ocrx_word' id='word_1_31' title='bbox 3181 568 3198 600; x_wconf 77' lang='grc' dir='ltr'>ι</span> <span class='ocrx_word' id='word_1_32' title='bbox 3242 550 3363 602; x_wconf 76' lang='grc' dir='ltr'><strong>Ἀπ’</strong></span> <span class='ocrx_word' id='word_1_33' title='bbox 3409 547 3649 618; x_wconf 82' lang='grc' dir='ltr'>ἐμαυτοῦ</span> <span class='ocrx_word' id='word_1_34' title='bbox 3702 547 3855 600; x_wconf 82' lang='grc' dir='ltr'>ποιῶ</span> 
     </span>
    </p>
   </div>
   <div class='ocr_carea' id='block_1_6' title="bbox 588 642 2162 713">
    <p class='ocr_par' dir='ltr' id='par_1_6' title="bbox 588 642 2162 713">
     <span class='ocr_line' id='line_1_6' title="bbox 588 642 2162 713; baseline -0.005 -12"><span class='ocrx_word' id='word_1_35' title='bbox 588 647 841 713; x_wconf 75' lang='lat' dir='ltr'><strong>faciebat,</strong></span> <span class='ocrx_word' id='word_1_36' title='bbox 872 661 993 701; x_wconf 88' lang='lat' dir='ltr'><strong>cum</strong></span> <span class='ocrx_word' id='word_1_37' title='bbox 1024 645 1258 698; x_wconf 85' lang='lat' dir='ltr'><strong>diceret:</strong></span> <span class='ocrx_word' id='word_1_38' title='bbox 1300 661 1317 694; x_wconf 78' lang='grc' dir='ltr'>ι</span> <span class='ocrx_word' id='word_1_39' title='bbox 1342 644 1379 696; x_wconf 82' lang='grc' dir='ltr'><strong>Α</strong></span> <span class='ocrx_word' id='word_1_40' title='bbox 1407 657 1489 696; x_wconf 89' lang='lat' dir='ltr'><strong>me</strong></span> <span class='ocrx_word' id='word_1_41' title='bbox 1514 642 1630 711; x_wconf 89' lang='lat' dir='ltr'><strong>ipso</strong></span> <span class='ocrx_word' id='word_1_42' title='bbox 1663 643 1800 697; x_wconf 82' lang='lat' dir='ltr'><strong>facio</strong></span> <span class='ocrx_word' id='word_1_43' title='bbox 1824 644 1975 697; x_wconf 87' lang='lat' dir='ltr'><strong>nihil.</strong></span> <span class='ocrx_word' id='word_1_44' title='bbox 2006 644 2162 696; x_wconf 81' lang='lat' dir='ltr'><strong>Pater</strong></span> 
     </span>
    </p>
   </div>
   <div class='ocr_carea' id='block_1_7' title="bbox 589 735 2162 804">
    <p class='ocr_par' dir='ltr' id='par_1_7' title="bbox 589 735 2162 804">
     <span class='ocr_line' id='line_1_7' title="bbox 589 735 2162 804; baseline -0.002 -14"><span class='ocrx_word' id='word_1_45' title='bbox 589 748 768 793; x_wconf 83' lang='lat' dir='ltr'><strong>autem</strong></span> <span class='ocrx_word' id='word_1_46' title='bbox 802 739 854 793; x_wconf 93' lang='lat' dir='ltr'><strong>in</strong></span> <span class='ocrx_word' id='word_1_47' title='bbox 885 751 969 790; x_wconf 88' lang='lat' dir='ltr'><strong>me</strong></span> <span class='ocrx_word' id='word_1_48' title='bbox 1005 751 1246 797; x_wconf 80' lang='lat' dir='ltr'><strong>manens.</strong></span> <span class='ocrx_word' id='word_1_49' title='bbox 1280 737 1392 804; x_wconf 86' lang='lat' dir='ltr'><strong>ipse</strong></span> <span class='ocrx_word' id='word_1_50' title='bbox 1427 735 1554 789; x_wconf 80' lang='lat' dir='ltr'><strong>facit</strong></span> <span class='ocrx_word' id='word_1_51' title='bbox 1579 750 1738 804; x_wconf 85' lang='lat' dir='ltr'><strong>opera</strong></span> <span class='ocrx_word' id='word_1_52' title='bbox 1766 737 1868 789; x_wconf 81' lang='lat' dir='ltr'><strong>&quot;.t</strong></span> <span class='ocrx_word' id='word_1_53' title='bbox 1895 735 2162 804; x_wconf 86' lang='lat' dir='ltr'><strong>Operaha-</strong></span> 
     </span>
    </p>
   </div>
   <div class='ocr_carea' id='block_1_8' title="bbox 591 826 2164 898">
    <p class='ocr_par' dir='ltr' id='par_1_8' title="bbox 591 826 2164 898">
     <span class='ocr_line' id='line_1_8' title="bbox 591 826 2164 898; baseline -0.003 -13"><span class='ocrx_word' id='word_1_54' title='bbox 591 842 678 884; x_wconf 92' lang='lat' dir='ltr'><strong>tur</strong></span> <span class='ocrx_word' id='word_1_55' title='bbox 701 831 842 884; x_wconf 88' lang='lat' dir='ltr'><strong>cnim</strong></span> <span class='ocrx_word' id='word_1_56' title='bbox 871 840 929 882; x_wconf 92' lang='lat' dir='ltr'><strong>ut</strong></span> <span class='ocrx_word' id='word_1_57' title='bbox 959 843 1053 896; x_wconf 88' lang='lat' dir='ltr'><strong>per</strong></span> <span class='ocrx_word' id='word_1_58' title='bbox 1088 828 1360 898; x_wconf 79' lang='lat' dir='ltr'><strong>propriam</strong></span> <span class='ocrx_word' id='word_1_59' title='bbox 1399 829 1653 883; x_wconf 91' lang='lat' dir='ltr'><strong>virtutem</strong></span> <span class='ocrx_word' id='word_1_60' title='bbox 1695 841 1789 897; x_wconf 88' lang='lat' dir='ltr'><strong>per</strong></span> <span class='ocrx_word' id='word_1_61' title='bbox 1825 826 2041 890; x_wconf 81' lang='lat' dir='ltr'><strong>Filium,</strong></span> <span class='ocrx_word' id='word_1_62' title='bbox 2068 841 2164 896; x_wconf 90' lang='lat' dir='ltr'><strong>per</strong></span> 
     </span>
    </p>
   </div>
   <div class='ocr_carea' id='block_1_9' title="bbox 589 919 2163 993">
    <p class='ocr_par' dir='ltr' id='par_1_9' title="bbox 589 919 2163 993">
     <span class='ocr_line' id='line_1_9' title="bbox 589 919 2163 993; baseline -0.003 -16"><span class='ocrx_word' id='word_1_63' title='bbox 589 937 749 993; x_wconf 87' lang='lat' dir='ltr'><strong>quem</strong></span> <span class='ocrx_word' id='word_1_64' title='bbox 807 921 973 976; x_wconf 89' lang='lat' dir='ltr'><strong>etab</strong></span> <span class='ocrx_word' id='word_1_65' title='bbox 1037 919 1188 973; x_wconf 91' lang='lat' dir='ltr'><strong>initio</strong></span> <span class='ocrx_word' id='word_1_66' title='bbox 1247 921 1444 973; x_wconf 79' lang='lat' dir='ltr'><strong>creatis</strong></span> <span class='ocrx_word' id='word_1_67' title='bbox 1509 919 1781 982; x_wconf 87' lang='lat' dir='ltr'><strong>omnibus,</strong></span> <span class='ocrx_word' id='word_1_68' title='bbox 1841 924 2034 972; x_wconf 80' lang='lat' dir='ltr'><strong>mei-ito</strong></span> <span class='ocrx_word' id='word_1_69' title='bbox 2079 929 2163 972; x_wconf 90' lang='lat' dir='ltr'><strong>est</strong></span> 
     </span>
    </p>
   </div>
   <div class='ocr_carea' id='block_1_10' title="bbox 589 1010 2162 1080">
    <p class='ocr_par' dir='ltr' id='par_1_10' title="bbox 589 1010 2162 1080">
     <span class='ocr_line' id='line_1_10' title="bbox 589 1010 2162 1080; baseline -0.003 -12"><span class='ocrx_word' id='word_1_70' title='bbox 589 1013 921 1069; x_wconf 80' lang='lat' dir='ltr'><strong>admirabilis</strong></span> <span class='ocrx_word' id='word_1_71' title='bbox 973 1052 988 1066; x_wconf 95' lang='lat'><strong>.</strong></span> <span class='ocrx_word' id='word_1_72' title='bbox 1038 1051 1052 1065; x_wconf 94' lang='lat'><strong>.</strong></span> <span class='ocrx_word' id='word_1_73' title='bbox 1105 1051 1119 1065; x_wconf 94' lang='lat'><strong>.</strong></span> <span class='ocrx_word' id='word_1_74' title='bbox 1179 1025 1208 1064; x_wconf 89' lang='lat' dir='ltr'><strong>a</strong></span> <span class='ocrx_word' id='word_1_75' title='bbox 1239 1010 1641 1080; x_wconf 88' lang='lat' dir='ltr'><strong>sapientissimo</strong></span> <span class='ocrx_word' id='word_1_76' title='bbox 1695 1010 1913 1066; x_wconf 90' lang='lat' dir='ltr'><strong>Daniele</strong></span> <span class='ocrx_word' id='word_1_77' title='bbox 1968 1011 2162 1065; x_wconf 87' lang='lat' dir='ltr'><strong>iterum</strong></span> 
     </span>
    </p>
   </div>
   <div class='ocr_carea' id='block_1_11' title="bbox 592 1101 2165 1172">
    <p class='ocr_par' dir='ltr' id='par_1_11' title="bbox 592 1101 2165 1172">
     <span class='ocr_line' id='line_1_11' title="bbox 592 1101 2165 1172; baseline -0.002 -12"><span class='ocrx_word' id='word_1_78' title='bbox 592 1107 732 1162; x_wconf 81' lang='lat' dir='ltr'><strong>Dens</strong></span> <span class='ocrx_word' id='word_1_79' title='bbox 762 1116 814 1160; x_wconf 91' lang='lat' dir='ltr'><strong>et</strong></span> <span class='ocrx_word' id='word_1_80' title='bbox 838 1103 1002 1159; x_wconf 87' lang='lat' dir='ltr'><strong>Pater</strong></span> <span class='ocrx_word' id='word_1_81' title='bbox 1053 1117 1210 1158; x_wconf 87' lang='lat' dir='ltr'><strong>mons</strong></span> <span class='ocrx_word' id='word_1_82' title='bbox 1244 1102 1574 1169; x_wconf 86' lang='lat' dir='ltr'><strong>nominatur,</strong></span> <span class='ocrx_word' id='word_1_83' title='bbox 1607 1104 1750 1157; x_wconf 89' lang='lat' dir='ltr'><strong>unde</strong></span> <span class='ocrx_word' id='word_1_84' title='bbox 1784 1111 1838 1156; x_wconf 91' lang='lat' dir='ltr'><strong>et</strong></span> <span class='ocrx_word' id='word_1_85' title='bbox 1862 1101 1997 1172; x_wconf 86' lang='lat' dir='ltr'><strong>lapis</strong></span> <span class='ocrx_word' id='word_1_86' title='bbox 2045 1102 2165 1157; x_wconf 86' lang='lat' dir='ltr'><strong>sine</strong></span> 
     </span>
    </p>
   </div>
   <div class='ocr_carea' id='block_1_12' title="bbox 589 1197 2161 1266">
    <p class='ocr_par' dir='ltr' id='par_1_12' title="bbox 589 1197 2161 1266">
     <span class='ocr_line' id='line_1_12' title="bbox 589 1197 2161 1266; baseline -0.001 -15"><span class='ocrx_word' id='word_1_87' title='bbox 589 1200 836 1254; x_wconf 76' lang='lat' dir='ltr'><strong>manibus</strong></span> <span class='ocrx_word' id='word_1_88' title='bbox 899 1197 1156 1266; x_wconf 71' lang='lat' dir='ltr'><strong>prmcisus</strong></span> <span class='ocrx_word' id='word_1_89' title='bbox 1185 1206 1296 1259; x_wconf 91' lang='lat' dir='ltr'><strong>est,</strong></span> <span class='ocrx_word' id='word_1_90' title='bbox 1341 1197 1432 1264; x_wconf 90' lang='lat' dir='ltr'><strong>qui</strong></span> <span class='ocrx_word' id='word_1_91' title='bbox 1470 1205 1524 1248; x_wconf 87' lang='lat' dir='ltr'><strong>et</strong></span> <span class='ocrx_word' id='word_1_92' title='bbox 1578 1212 1793 1259; x_wconf 88' lang='lat' dir='ltr'><strong>aurum,</strong></span> <span class='ocrx_word' id='word_1_93' title='bbox 1838 1205 2161 1266; x_wconf 80' lang='lat' dir='ltr'><strong>argentum,</strong></span> 
     </span>
    </p>
   </div>
   <div class='ocr_carea' id='block_1_13' title="bbox 588 1288 2165 1360">
    <p class='ocr_par' dir='ltr' id='par_1_13' title="bbox 588 1288 2165 1360">
     <span class='ocr_line' id='line_1_13' title="bbox 588 1288 2165 1360; baseline -0.002 -15"><span class='ocrx_word' id='word_1_94' title='bbox 588 1308 684 1357; x_wconf 83' lang='lat' dir='ltr'><strong>aes,</strong></span> <span class='ocrx_word' id='word_1_95' title='bbox 716 1290 916 1345; x_wconf 78' lang='lat' dir='ltr'><strong>ferrum</strong></span> <span class='ocrx_word' id='word_1_96' title='bbox 951 1289 1267 1344; x_wconf 82' lang='lat' dir='ltr'><strong>comminuit</strong></span> <span class='ocrx_word' id='word_1_97' title='bbox 1291 1290 1356 1343; x_wconf 76' lang='grc'><strong>³⁸.</strong></span> <span class='ocrx_word' id='word_1_98' title='bbox 1390 1288 1519 1354; x_wconf 74' lang='lat' dir='ltr'><strong>Qure</strong></span> <span class='ocrx_word' id='word_1_99' title='bbox 1562 1291 1724 1342; x_wconf 89' lang='lat' dir='ltr'><strong>etiam</strong></span> <span class='ocrx_word' id='word_1_100' title='bbox 1755 1288 1953 1343; x_wconf 88' lang='lat' dir='ltr'><strong>Christi</strong></span> <span class='ocrx_word' id='word_1_101' title='bbox 1989 1289 2165 1360; x_wconf 82' lang='lat' dir='ltr'><strong>imago</strong></span> 
     </span>
    </p>
   </div>
   <div class='ocr_carea' id='block_1_14' title="bbox 591 1377 2184 1446">
    <p class='ocr_par' dir='ltr' id='par_1_14' title="bbox 591 1377 2184 1446">
     <span class='ocr_line' id='line_1_14' title="bbox 591 1377 2184 1446; baseline -0.003 -12"><span class='ocrx_word' id='word_1_102' title='bbox 591 1382 709 1437; x_wconf 84' lang='lat' dir='ltr'><strong>l‘uit.</strong></span> <span class='ocrx_word' id='word_1_103' title='bbox 736 1379 904 1434; x_wconf 84' lang='lat' dir='ltr'><strong>Natus</strong></span> <span class='ocrx_word' id='word_1_104' title='bbox 930 1380 1071 1434; x_wconf 89' lang='lat' dir='ltr'><strong>enim</strong></span> <span class='ocrx_word' id='word_1_105' title='bbox 1105 1394 1168 1432; x_wconf 80' lang='lat' dir='ltr'><strong>ex</strong></span> <span class='ocrx_word' id='word_1_106' title='bbox 1211 1382 1318 1434; x_wconf 87' lang='lat' dir='ltr'><strong>Deo</strong></span> <span class='ocrx_word' id='word_1_107' title='bbox 1365 1377 1524 1432; x_wconf 84' lang='lat' dir='ltr'><strong>Patre</strong></span> <span class='ocrx_word' id='word_1_108' title='bbox 1565 1377 1750 1439; x_wconf 81' lang='lat' dir='ltr'><strong>Filius,</strong></span> <span class='ocrx_word' id='word_1_109' title='bbox 1805 1393 1963 1446; x_wconf 85' lang='lat' dir='ltr'><strong>supra</strong></span> <span class='ocrx_word' id='word_1_110' title='bbox 2001 1393 2184 1446; x_wconf 83' lang='lat' dir='ltr'><strong>quam-</strong></span> 
     </span>
    </p>
   </div>
   <div class='ocr_carea' id='block_1_15' title="bbox 589 1470 2163 1541">
    <p class='ocr_par' dir='ltr' id='par_1_15' title="bbox 589 1470 2163 1541">
     <span class='ocr_line' id='line_1_15' title="bbox 589 1470 2163 1541; baseline -0.002 -14"><span class='ocrx_word' id='word_1_111' title='bbox 589 1475 695 1529; x_wconf 91' lang='lat' dir='ltr'><strong>dici</strong></span> <span class='ocrx_word' id='word_1_112' title='bbox 726 1483 817 1528; x_wconf 91' lang='lat' dir='ltr'><strong>aut</strong></span> <span class='ocrx_word' id='word_1_113' title='bbox 841 1481 1018 1527; x_wconf 84' lang='lat' dir='ltr'><strong>mente</strong></span> <span class='ocrx_word' id='word_1_114' title='bbox 1036 1472 1149 1541; x_wconf 88' lang='lat' dir='ltr'><strong>capi</strong></span> <span class='ocrx_word' id='word_1_115' title='bbox 1171 1480 1366 1540; x_wconf 87' lang='lat' dir='ltr'><strong>potest,</strong></span> <span class='ocrx_word' id='word_1_116' title='bbox 1385 1471 1634 1524; x_wconf 83' lang='lat' dir='ltr'><strong>contrivit</strong></span> <span class='ocrx_word' id='word_1_117' title='bbox 1651 1481 1897 1538; x_wconf 78' lang='lat' dir='ltr'><strong>regna,ut</strong></span> <span class='ocrx_word' id='word_1_118' title='bbox 1915 1470 2163 1539; x_wconf 79' lang='lat' dir='ltr'><strong>deinceps</strong></span> 
     </span>
    </p>
   </div>
   <div class='ocr_carea' id='block_1_16' title="bbox 592 1559 2163 1633">
    <p class='ocr_par' dir='ltr' id='par_1_16' title="bbox 592 1559 2163 1633">
     <span class='ocr_line' id='line_1_16' title="bbox 592 1559 2163 1633; baseline -0.004 -15"><span class='ocrx_word' id='word_1_119' title='bbox 592 1578 756 1633; x_wconf 86' lang='lat' dir='ltr'><strong>penes</strong></span> <span class='ocrx_word' id='word_1_120' title='bbox 778 1579 898 1618; x_wconf 89' lang='lat' dir='ltr'><strong>eum</strong></span> <span class='ocrx_word' id='word_1_121' title='bbox 928 1563 1000 1616; x_wconf 87' lang='lat' dir='ltr'><strong>sit</strong></span> <span class='ocrx_word' id='word_1_122' title='bbox 1041 1577 1200 1617; x_wconf 88' lang='lat' dir='ltr'><strong>omne</strong></span> <span class='ocrx_word' id='word_1_123' title='bbox 1249 1562 1532 1631; x_wconf 85' lang='lat' dir='ltr'><strong>imperium</strong></span> <span class='ocrx_word' id='word_1_124' title='bbox 1575 1577 1588 1612; x_wconf 85' lang='lat'><strong>:</strong></span> <span class='ocrx_word' id='word_1_125' title='bbox 1624 1578 1642 1610; x_wconf 82' lang='grc' dir='ltr'>ι</span> <span class='ocrx_word' id='word_1_126' title='bbox 1697 1560 1969 1614; x_wconf 85' lang='lat' dir='ltr'><strong>Flectelur</strong></span> <span class='ocrx_word' id='word_1_127' title='bbox 2021 1559 2163 1613; x_wconf 89' lang='lat' dir='ltr'><strong>enim</strong></span> 
     </span>
    </p>
   </div>
   <div class='ocr_carea' id='block_1_17' title="bbox 592 1652 2164 1723">
    <p class='ocr_par' dir='ltr' id='par_1_17' title="bbox 592 1652 2164 1723">
     <span class='ocr_line' id='line_1_17' title="bbox 592 1652 2164 1723; baseline -0.004 -15"><span class='ocrx_word' id='word_1_128' title='bbox 592 1655 690 1723; x_wconf 90' lang='lat' dir='ltr'><strong>ipsi</strong></span> <span class='ocrx_word' id='word_1_129' title='bbox 713 1670 872 1709; x_wconf 89' lang='lat' dir='ltr'><strong>onme</strong></span> <span class='ocrx_word' id='word_1_130' title='bbox 905 1669 1066 1723; x_wconf 82' lang='lat' dir='ltr'><strong>genu,</strong></span> <span class='ocrx_word' id='word_1_131' title='bbox 1124 1663 1178 1706; x_wconf 92' lang='lat' dir='ltr'><strong>et</strong></span> <span class='ocrx_word' id='word_1_132' title='bbox 1205 1655 1387 1707; x_wconf 91' lang='lat' dir='ltr'><strong>omnis</strong></span> <span class='ocrx_word' id='word_1_133' title='bbox 1436 1652 1611 1720; x_wconf 82' lang='lat' dir='ltr'><strong>lingua</strong></span> <span class='ocrx_word' id='word_1_134' title='bbox 1659 1652 2003 1706; x_wconf 78' lang='lat' dir='ltr'><strong>confitebitur</strong></span> <span class='ocrx_word' id='word_1_135' title='bbox 2041 1653 2164 1719; x_wconf 87' lang='lat' dir='ltr'><strong>quia</strong></span> 
     </span>
    </p>
   </div>
   <div class='ocr_carea' id='block_1_18' title="bbox 593 1742 2158 1814">
    <p class='ocr_par' dir='ltr' id='par_1_18' title="bbox 593 1742 2158 1814">
     <span class='ocr_line' id='line_1_18' title="bbox 593 1742 2158 1814; baseline -0.003 -16"><span class='ocrx_word' id='word_1_136' title='bbox 593 1746 848 1801; x_wconf 82' lang='lat' dir='ltr'><strong>Dominus</strong></span> <span class='ocrx_word' id='word_1_137' title='bbox 880 1745 1038 1800; x_wconf 88' lang='lat' dir='ltr'><strong>Jesus</strong></span> <span class='ocrx_word' id='word_1_138' title='bbox 1069 1744 1318 1799; x_wconf 80' lang='lat' dir='ltr'><strong>Christus</strong></span> <span class='ocrx_word' id='word_1_139' title='bbox 1358 1745 1410 1797; x_wconf 92' lang='lat' dir='ltr'><strong>in</strong></span> <span class='ocrx_word' id='word_1_140' title='bbox 1437 1744 1602 1814; x_wconf 78' lang='lat' dir='ltr'><strong>gloria</strong></span> <span class='ocrx_word' id='word_1_141' title='bbox 1627 1753 1710 1797; x_wconf 88' lang='lat' dir='ltr'><strong>est</strong></span> <span class='ocrx_word' id='word_1_142' title='bbox 1734 1743 1824 1797; x_wconf 89' lang='lat' dir='ltr'><strong>Dei</strong></span> <span class='ocrx_word' id='word_1_143' title='bbox 1861 1742 2038 1797; x_wconf 83' lang='lat' dir='ltr'><strong>Patris</strong></span> <span class='ocrx_word' id='word_1_144' title='bbox 2057 1743 2158 1798; x_wconf 69' lang='lat' dir='ltr'><strong>&quot;.i</strong></span> 
     </span>
    </p>
   </div>
   <div class='ocr_carea' id='block_1_19' title="bbox 591 1833 2165 1906">
    <p class='ocr_par' dir='ltr' id='par_1_19' title="bbox 591 1833 2165 1906">
     <span class='ocr_line' id='line_1_19' title="bbox 591 1833 2165 1906; baseline -0.001 -17"><span class='ocrx_word' id='word_1_145' title='bbox 591 1836 778 1906; x_wconf 84' lang='lat' dir='ltr'><strong>Itaque</strong></span> <span class='ocrx_word' id='word_1_146' title='bbox 809 1847 862 1890; x_wconf 92' lang='lat' dir='ltr'><strong>ut</strong></span> <span class='ocrx_word' id='word_1_147' title='bbox 892 1853 955 1890; x_wconf 82' lang='lat' dir='ltr'><strong>ex</strong></span> <span class='ocrx_word' id='word_1_148' title='bbox 990 1846 1170 1890; x_wconf 89' lang='lat' dir='ltr'><strong>monte</strong></span> <span class='ocrx_word' id='word_1_149' title='bbox 1204 1836 1294 1890; x_wconf 87' lang='lat' dir='ltr'><strong>Dei</strong></span> <span class='ocrx_word' id='word_1_150' title='bbox 1323 1845 1378 1890; x_wconf 91' lang='lat' dir='ltr'><strong>et</strong></span> <span class='ocrx_word' id='word_1_151' title='bbox 1413 1834 1589 1889; x_wconf 84' lang='lat' dir='ltr'><strong>Patris</strong></span> <span class='ocrx_word' id='word_1_152' title='bbox 1624 1849 1866 1888; x_wconf 89' lang='lat' dir='ltr'><strong>summus</strong></span> <span class='ocrx_word' id='word_1_153' title='bbox 1891 1833 2165 1902; x_wconf 88' lang='lat' dir='ltr'><strong>angularis</strong></span> 
     </span>
    </p>
   </div>
   <div class='ocr_carea' id='block_1_20' title="bbox 589 1923 2161 1995">
    <p class='ocr_par' dir='ltr' id='par_1_20' title="bbox 589 1923 2161 1995">
     <span class='ocr_line' id='line_1_20' title="bbox 589 1923 2161 1995; baseline -0.004 -14"><span class='ocrx_word' id='word_1_154' title='bbox 589 1936 646 1982; x_wconf 86' lang='lat' dir='ltr'><strong>et</strong></span> <span class='ocrx_word' id='word_1_155' title='bbox 679 1927 880 1980; x_wconf 90' lang='lat' dir='ltr'><strong>electus</strong></span> <span class='ocrx_word' id='word_1_156' title='bbox 911 1925 1044 1995; x_wconf 88' lang='lat' dir='ltr'><strong>lapis</strong></span> <span class='ocrx_word' id='word_1_157' title='bbox 1071 1931 1310 1980; x_wconf 85' lang='lat' dir='ltr'><strong>resectus</strong></span> <span class='ocrx_word' id='word_1_158' title='bbox 1336 1923 1681 1987; x_wconf 80' lang='lat' dir='ltr'><strong>Deus,factus</strong></span> <span class='ocrx_word' id='word_1_159' title='bbox 1701 1934 1784 1978; x_wconf 92' lang='lat' dir='ltr'><strong>est</strong></span> <span class='ocrx_word' id='word_1_160' title='bbox 1815 1924 1966 1978; x_wconf 88' lang='lat' dir='ltr'><strong>nobis</strong></span> <span class='ocrx_word' id='word_1_161' title='bbox 1992 1923 2161 1977; x_wconf 75' lang='lat' dir='ltr'><strong>luere-</strong></span> 
     </span>
    </p>
   </div>
   <div class='ocr_carea' id='block_1_21' title="bbox 591 2014 2163 2086">
    <p class='ocr_par' dir='ltr' id='par_1_21' title="bbox 591 2014 2163 2086">
     <span class='ocr_line' id='line_1_21' title="bbox 591 2014 2163 2086; baseline -0.003 -13"><span class='ocrx_word' id='word_1_162' title='bbox 591 2017 810 2074; x_wconf 78' lang='lat' dir='ltr'><strong>ditas”.</strong></span> <span class='ocrx_word' id='word_1_163' title='bbox 836 2017 1026 2071; x_wconf 78' lang='lat' dir='ltr'><strong>Vocati</strong></span> <span class='ocrx_word' id='word_1_164' title='bbox 1056 2017 1249 2086; x_wconf 88' lang='lat' dir='ltr'><strong>quippe</strong></span> <span class='ocrx_word' id='word_1_165' title='bbox 1275 2031 1460 2070; x_wconf 90' lang='lat' dir='ltr'><strong>sumus</strong></span> <span class='ocrx_word' id='word_1_166' title='bbox 1488 2015 1541 2069; x_wconf 92' lang='lat' dir='ltr'><strong>in</strong></span> <span class='ocrx_word' id='word_1_167' title='bbox 1566 2015 1904 2084; x_wconf 89' lang='lat' dir='ltr'><strong>adoptionem</strong></span> <span class='ocrx_word' id='word_1_168' title='bbox 1933 2014 2163 2070; x_wconf 84' lang='lat' dir='ltr'><strong>liliorunt</strong></span> 
     </span>
    </p>
   </div>
   <div class='ocr_carea' id='block_1_22' title="bbox 592 2109 2165 2183">
    <p class='ocr_par' dir='ltr' id='par_1_22' title="bbox 592 2109 2165 2183">
     <span class='ocr_line' id='line_1_22' title="bbox 592 2109 2165 2183; baseline -0.003 -18"><span class='ocrx_word' id='word_1_169' title='bbox 592 2109 688 2183; x_wconf 70' lang='lat' dir='ltr'><strong>per</strong></span> <span class='ocrx_word' id='word_1_170' title='bbox 717 2113 886 2181; x_wconf 79' lang='lat' dir='ltr'><strong>ipsum</strong></span> <span class='ocrx_word' id='word_1_171' title='bbox 917 2111 982 2175; x_wconf 74' lang='lat'><strong>“,</strong></span> <span class='ocrx_word' id='word_1_172' title='bbox 1013 2111 1307 2179; x_wconf 82' lang='lat' dir='ltr'><strong>scriptiqne</strong></span> <span class='ocrx_word' id='word_1_173' title='bbox 1339 2109 1575 2163; x_wconf 57' lang='lat' dir='ltr'><strong>ha&#39;redes</strong></span> <span class='ocrx_word' id='word_1_174' title='bbox 1605 2109 1695 2162; x_wconf 87' lang='lat' dir='ltr'><strong>Dei</strong></span> <span class='ocrx_word' id='word_1_175' title='bbox 1717 2109 1964 2171; x_wconf 85' lang='lat' dir='ltr'><strong>viventis,</strong></span> <span class='ocrx_word' id='word_1_176' title='bbox 1987 2123 2165 2177; x_wconf 70' lang='lat' dir='ltr'><strong>arqua-</strong></span> 
     </span>
    </p>
   </div>
   <div class='ocr_carea' id='block_1_23' title="bbox 593 2198 2164 2272">
    <p class='ocr_par' dir='ltr' id='par_1_23' title="bbox 593 2198 2164 2272">
     <span class='ocr_line' id='line_1_23' title="bbox 593 2198 2164 2272; baseline 0 -18"><span class='ocrx_word' id='word_1_177' title='bbox 593 2202 740 2256; x_wconf 86' lang='lat' dir='ltr'><strong>lilale</strong></span> <span class='ocrx_word' id='word_1_178' title='bbox 772 2202 957 2272; x_wconf 73' lang='lat' dir='ltr'><strong>gratiae</strong></span> <span class='ocrx_word' id='word_1_179' title='bbox 995 2202 1222 2270; x_wconf 80' lang='lat' dir='ltr'><strong>gratiam</strong></span> <span class='ocrx_word' id='word_1_180' title='bbox 1267 2198 1694 2253; x_wconf 76' lang='lat' dir='ltr'><strong>lucrifacienles.</strong></span> <span class='ocrx_word' id='word_1_181' title='bbox 1729 2199 1839 2254; x_wconf 80' lang='lat' dir='ltr'><strong>Hoc</strong></span> <span class='ocrx_word' id='word_1_182' title='bbox 1881 2215 2007 2253; x_wconf 84' lang='lat' dir='ltr'><strong>vero</strong></span> <span class='ocrx_word' id='word_1_183' title='bbox 2037 2199 2164 2269; x_wconf 85' lang='lat' dir='ltr'><strong>quid</strong></span> 
     </span>
    </p>
   </div>
   <div class='ocr_carea' id='block_1_24' title="bbox 592 2291 2164 2362">
    <p class='ocr_par' dir='ltr' id='par_1_24' title="bbox 592 2291 2164 2362">
     <span class='ocr_line' id='line_1_24' title="bbox 592 2291 2164 2362; baseline -0.003 -13"><span class='ocrx_word' id='word_1_184' title='bbox 592 2296 723 2349; x_wconf 88' lang='lat' dir='ltr'><strong>est?</strong></span> <span class='ocrx_word' id='word_1_185' title='bbox 759 2296 886 2348; x_wconf 87' lang='lat' dir='ltr'><strong>Data</strong></span> <span class='ocrx_word' id='word_1_186' title='bbox 917 2303 999 2349; x_wconf 87' lang='lat' dir='ltr'><strong>est</strong></span> <span class='ocrx_word' id='word_1_187' title='bbox 1029 2293 1240 2362; x_wconf 85' lang='lat' dir='ltr'><strong>quidem</strong></span> <span class='ocrx_word' id='word_1_188' title='bbox 1291 2293 1462 2362; x_wconf 88' lang='lat' dir='ltr'><strong>gratia</strong></span> <span class='ocrx_word' id='word_1_189' title='bbox 1509 2291 1723 2360; x_wconf 85' lang='lat' dir='ltr'><strong>antiqua</strong></span> <span class='ocrx_word' id='word_1_190' title='bbox 1759 2293 1841 2344; x_wconf 92' lang='lat' dir='ltr'><strong>illa</strong></span> <span class='ocrx_word' id='word_1_191' title='bbox 1881 2301 1934 2346; x_wconf 83' lang='lat' dir='ltr'><strong>et</strong></span> <span class='ocrx_word' id='word_1_192' title='bbox 1963 2293 2164 2346; x_wconf 85' lang='lat' dir='ltr'><strong>decan-</strong></span> 
     </span>
    </p>
   </div>
   <div class='ocr_carea' id='block_1_25' title="bbox 593 2381 2160 2452">
    <p class='ocr_par' dir='ltr' id='par_1_25' title="bbox 593 2381 2160 2452">
     <span class='ocr_line' id='line_1_25' title="bbox 593 2381 2160 2452; baseline -0.001 -15"><span class='ocrx_word' id='word_1_193' title='bbox 593 2394 698 2438; x_wconf 85' lang='lat' dir='ltr'><strong>tata</strong></span> <span class='ocrx_word' id='word_1_194' title='bbox 728 2402 741 2436; x_wconf 91' lang='lat'><strong>:</strong></span> <span class='ocrx_word' id='word_1_195' title='bbox 769 2385 975 2440; x_wconf 84' lang='lat' dir='ltr'><strong>liberati</strong></span> <span class='ocrx_word' id='word_1_196' title='bbox 1015 2393 1142 2437; x_wconf 90' lang='lat' dir='ltr'><strong>sunt</strong></span> <span class='ocrx_word' id='word_1_197' title='bbox 1177 2385 1318 2438; x_wconf 88' lang='lat' dir='ltr'><strong>enim</strong></span> <span class='ocrx_word' id='word_1_198' title='bbox 1347 2399 1409 2436; x_wconf 82' lang='lat' dir='ltr'><strong>ex</strong></span> <span class='ocrx_word' id='word_1_199' title='bbox 1446 2381 1678 2452; x_wconf 62' lang='lat' dir='ltr'><strong>Egypto</strong></span> <span class='ocrx_word' id='word_1_200' title='bbox 1709 2381 2003 2437; x_wconf 88' lang='lat' dir='ltr'><strong>secundum</strong></span> <span class='ocrx_word' id='word_1_201' title='bbox 2041 2397 2160 2437; x_wconf 90' lang='lat' dir='ltr'><strong>cor-</strong></span> 
     </span>
    </p>
   </div>
   <div class='ocr_carea' id='block_1_26' title="bbox 587 2475 2165 2546">
    <p class='ocr_par' dir='ltr' id='par_1_26' title="bbox 587 2475 2165 2546">
     <span class='ocr_line' id='line_1_26' title="bbox 587 2475 2165 2546; baseline -0.002 -16"><span class='ocrx_word' id='word_1_202' title='bbox 587 2493 710 2546; x_wconf 76' lang='lat' dir='ltr'><strong>pus,</strong></span> <span class='ocrx_word' id='word_1_203' title='bbox 756 2476 953 2531; x_wconf 86' lang='lat' dir='ltr'><strong>servile</strong></span> <span class='ocrx_word' id='word_1_204' title='bbox 978 2475 1161 2546; x_wconf 83' lang='lat' dir='ltr'><strong>jngum</strong></span> <span class='ocrx_word' id='word_1_205' title='bbox 1199 2475 1581 2529; x_wconf 88' lang='lat' dir='ltr'><strong>dominationis</strong></span> <span class='ocrx_word' id='word_1_206' title='bbox 1625 2489 1732 2544; x_wconf 88' lang='lat' dir='ltr'><strong>quo</strong></span> <span class='ocrx_word' id='word_1_207' title='bbox 1779 2476 2165 2544; x_wconf 88' lang='lat' dir='ltr'><strong>premebantur</strong></span> 
     </span>
    </p>
   </div>
   <div class='ocr_carea' id='block_1_27' title="bbox 593 2566 2165 2637">
    <p class='ocr_par' dir='ltr' id='par_1_27' title="bbox 593 2566 2165 2637">
     <span class='ocr_line' id='line_1_27' title="bbox 593 2566 2165 2637; baseline 0 -17"><span class='ocrx_word' id='word_1_208' title='bbox 593 2586 620 2620; x_wconf 77' lang='grc' dir='ltr'>ει</span> <span class='ocrx_word' id='word_1_209' title='bbox 658 2569 958 2623; x_wconf 73' lang='lat' dir='ltr'><strong>cei-vicibus</strong></span> <span class='ocrx_word' id='word_1_210' title='bbox 989 2567 1322 2634; x_wconf 61' lang='lat' dir='ltr'><strong>deiecerunt,</strong></span> <span class='ocrx_word' id='word_1_211' title='bbox 1347 2583 1441 2637; x_wconf 89' lang='lat' dir='ltr'><strong>per</strong></span> <span class='ocrx_word' id='word_1_212' title='bbox 1465 2566 1696 2620; x_wconf 88' lang='lat' dir='ltr'><strong>medium</strong></span> <span class='ocrx_word' id='word_1_213' title='bbox 1751 2580 1900 2620; x_wconf 77' lang='lat' dir='ltr'><strong>mare</strong></span> <span class='ocrx_word' id='word_1_214' title='bbox 1935 2566 2165 2620; x_wconf 88' lang='lat' dir='ltr'><strong>traducti</strong></span> 
     </span>
    </p>
   </div>
   <div class='ocr_carea' id='block_1_28' title="bbox 593 2659 2168 2730">
    <p class='ocr_par' dir='ltr' id='par_1_28' title="bbox 593 2659 2168 2730">
     <span class='ocr_line' id='line_1_28' title="bbox 593 2659 2168 2730; baseline -0.001 -15"><span class='ocrx_word' id='word_1_215' title='bbox 593 2672 739 2726; x_wconf 87' lang='lat' dir='ltr'><strong>sunt,</strong></span> <span class='ocrx_word' id='word_1_216' title='bbox 776 2661 1125 2715; x_wconf 85' lang='lat' dir='ltr'><strong>comederunt</strong></span> <span class='ocrx_word' id='word_1_217' title='bbox 1154 2676 1346 2713; x_wconf 88' lang='lat' dir='ltr'><strong>manna</strong></span> <span class='ocrx_word' id='word_1_218' title='bbox 1374 2660 1427 2713; x_wconf 94' lang='lat' dir='ltr'><strong>in</strong></span> <span class='ocrx_word' id='word_1_219' title='bbox 1456 2659 1763 2724; x_wconf 86' lang='lat' dir='ltr'><strong>solitudine,</strong></span> <span class='ocrx_word' id='word_1_220' title='bbox 1815 2659 1984 2730; x_wconf 75' lang='lat'><strong>688</strong></span> <span class='ocrx_word' id='word_1_221' title='bbox 2021 2659 2168 2729; x_wconf 83' lang='lat' dir='ltr'><strong>pedi-</strong></span> 
     </span>
    </p>
   </div>
   <div class='ocr_carea' id='block_1_29' title="bbox 595 2749 2166 2815">
    <p class='ocr_par' dir='ltr' id='par_1_29' title="bbox 595 2749 2166 2815">
     <span class='ocr_line' id='line_1_29' title="bbox 595 2749 2166 2815; baseline -0.003 -8"><span class='ocrx_word' id='word_1_222' title='bbox 595 2755 693 2808; x_wconf 90' lang='lat' dir='ltr'><strong>bus</strong></span> <span class='ocrx_word' id='word_1_223' title='bbox 715 2752 931 2806; x_wconf 83' lang='lat' dir='ltr'><strong>ﬂumina</strong></span> <span class='ocrx_word' id='word_1_224' title='bbox 955 2749 1596 2815; x_wconf 84' lang='lat' dir='ltr'><strong>transierunt,Jordanem</strong></span> <span class='ocrx_word' id='word_1_225' title='bbox 1624 2749 1947 2815; x_wconf 82' lang='lat' dir='ltr'><strong>videlicet,in</strong></span> <span class='ocrx_word' id='word_1_226' title='bbox 1966 2760 2166 2803; x_wconf 89' lang='lat' dir='ltr'><strong>terram</strong></span> 
     </span>
    </p>
   </div>
   <div class='ocr_carea' id='block_1_30' title="bbox 595 2840 2168 2912">
    <p class='ocr_par' dir='ltr' id='par_1_30' title="bbox 595 2840 2168 2912">
     <span class='ocr_line' id='line_1_30' title="bbox 595 2840 2168 2912; baseline -0.001 -16"><span class='ocrx_word' id='word_1_227' title='bbox 595 2843 973 2912; x_wconf 86' lang='lat' dir='ltr'><strong>promissionis</strong></span> <span class='ocrx_word' id='word_1_228' title='bbox 1004 2841 1295 2896; x_wconf 90' lang='lat' dir='ltr'><strong>introducti</strong></span> <span class='ocrx_word' id='word_1_229' title='bbox 1329 2850 1475 2896; x_wconf 88' lang='lat' dir='ltr'><strong>sunt.</strong></span> <span class='ocrx_word' id='word_1_230' title='bbox 1512 2841 1635 2897; x_wconf 67' lang='lat' dir='ltr'><strong>Haec</strong></span> <span class='ocrx_word' id='word_1_231' title='bbox 1666 2842 1829 2911; x_wconf 79' lang='lat' dir='ltr'><strong>igitur</strong></span> <span class='ocrx_word' id='word_1_232' title='bbox 1852 2841 2026 2912; x_wconf 86' lang='lat' dir='ltr'><strong>gratia</strong></span> <span class='ocrx_word' id='word_1_233' title='bbox 2077 2840 2168 2895; x_wconf 88' lang='lat' dir='ltr'><strong>illa</strong></span> 
     </span>
    </p>
   </div>
   <div class='ocr_carea' id='block_1_31' title="bbox 595 2932 2171 3003">
    <p class='ocr_par' dir='ltr' id='par_1_31' title="bbox 595 2932 2171 3003">
     <span class='ocr_line' id='line_1_31' title="bbox 595 2932 2171 3003; baseline -0.001 -14"><span class='ocrx_word' id='word_1_234' title='bbox 595 2937 789 3003; x_wconf 88' lang='lat' dir='ltr'><strong>prima.</strong></span> <span class='ocrx_word' id='word_1_235' title='bbox 825 2933 1020 2989; x_wconf 88' lang='lat' dir='ltr'><strong>Verum</strong></span> <span class='ocrx_word' id='word_1_236' title='bbox 1053 2933 1104 2988; x_wconf 92' lang='lat' dir='ltr'><strong>in</strong></span> <span class='ocrx_word' id='word_1_237' title='bbox 1149 2932 1451 3003; x_wconf 68' lang='lat' dir='ltr'><strong>aequalitate</strong></span> <span class='ocrx_word' id='word_1_238' title='bbox 1479 2942 1534 2987; x_wconf 92' lang='lat' dir='ltr'><strong>et</strong></span> <span class='ocrx_word' id='word_1_239' title='bbox 1561 2933 1910 2988; x_wconf 90' lang='lat' dir='ltr'><strong>similitudine</strong></span> <span class='ocrx_word' id='word_1_240' title='bbox 1936 2933 2171 3003; x_wconf 68' lang='lat' dir='ltr'><strong>antiquas</strong></span> 
     </span>
    </p>
   </div>
   <div class='ocr_carea' id='block_1_32' title="bbox 597 3023 2171 3095">
    <p class='ocr_par' dir='ltr' id='par_1_32' title="bbox 597 3023 2171 3095">
     <span class='ocr_line' id='line_1_32' title="bbox 597 3023 2171 3095; baseline 0.001 -17"><span class='ocrx_word' id='word_1_241' title='bbox 597 3025 739 3080; x_wconf 90' lang='lat' dir='ltr'><strong>illius</strong></span> <span class='ocrx_word' id='word_1_242' title='bbox 771 3025 956 3093; x_wconf 78' lang='lat' dir='ltr'><strong>gratiae</strong></span> <span class='ocrx_word' id='word_1_243' title='bbox 975 3023 1144 3095; x_wconf 87' lang='lat' dir='ltr'><strong>gratia</strong></span> <span class='ocrx_word' id='word_1_244' title='bbox 1175 3023 1441 3092; x_wconf 86' lang='lat' dir='ltr'><strong>impertita</strong></span> <span class='ocrx_word' id='word_1_245' title='bbox 1472 3033 1556 3077; x_wconf 89' lang='lat' dir='ltr'><strong>est</strong></span> <span class='ocrx_word' id='word_1_246' title='bbox 1577 3023 1856 3088; x_wconf 88' lang='lat' dir='ltr'><strong>aChristo,</strong></span> <span class='ocrx_word' id='word_1_247' title='bbox 1877 3026 1966 3094; x_wconf 87' lang='lat' dir='ltr'><strong>qui</strong></span> <span class='ocrx_word' id='word_1_248' title='bbox 1997 3025 2171 3080; x_wconf 74' lang='lat' dir='ltr'><strong>factus</strong></span> 
     </span>
    </p>
   </div>
   <div class='ocr_carea' id='block_1_33' title="bbox 2262 637 3857 712">
    <p class='ocr_par' dir='ltr' id='par_1_33' title="bbox 2262 637 3857 712">
     <span class='ocr_line' id='line_1_33' title="bbox 2262 637 3857 712; baseline -0.001 -20"><span class='ocrx_word' id='word_1_249' title='bbox 2262 641 2432 695; x_wconf 83' lang='grc' dir='ltr'>οὐδέν.</span> <span class='ocrx_word' id='word_1_250' title='bbox 2480 641 2537 693; x_wconf 89' lang='grc' dir='ltr'><strong>Ὀ</strong></span> <span class='ocrx_word' id='word_1_251' title='bbox 2562 641 2618 694; x_wconf 86' lang='grc' dir='ltr'><strong>δέ</strong></span> <span class='ocrx_word' id='word_1_252' title='bbox 2647 640 2842 712; x_wconf 73' lang='grc' dir='ltr'>Πατὴρ</span> <span class='ocrx_word' id='word_1_253' title='bbox 2873 642 2901 694; x_wconf 89' lang='grc' dir='ltr'>ὁ</span> <span class='ocrx_word' id='word_1_254' title='bbox 2930 642 2987 693; x_wconf 88' lang='grc' dir='ltr'><strong>ἐν</strong></span> <span class='ocrx_word' id='word_1_255' title='bbox 3027 641 3150 710; x_wconf 56' lang='grc' dir='ltr'><strong>ἐμοὶ⁹</strong></span> <span class='ocrx_word' id='word_1_256' title='bbox 3195 639 3394 710; x_wconf 80' lang='grc' dir='ltr'>μένων,</span> <span class='ocrx_word' id='word_1_257' title='bbox 3434 642 3580 693; x_wconf 85' lang='grc' dir='ltr'>ποιεῖ</span> <span class='ocrx_word' id='word_1_258' title='bbox 3602 639 3670 693; x_wconf 81' lang='grc' dir='ltr'><strong>τά</strong></span> <span class='ocrx_word' id='word_1_259' title='bbox 3705 637 3857 710; x_wconf 76' lang='grc' dir='ltr'>ἔργα</span> 
     </span>
    </p>
   </div>
   <div class='ocr_carea' id='block_1_34' title="bbox 2263 729 3853 802">
    <p class='ocr_par' dir='ltr' id='par_1_34' title="bbox 2263 729 3853 802">
     <span class='ocr_line' id='line_1_34' title="bbox 2263 729 3853 802; baseline -0.002 -17"><span class='ocrx_word' id='word_1_260' title='bbox 2263 733 2444 796; x_wconf 80' lang='grc' dir='ltr'>αὑτός.</span> <span class='ocrx_word' id='word_1_261' title='bbox 2487 753 2504 784; x_wconf 72' lang='grc' dir='ltr'><strong>ι</strong></span> <span class='ocrx_word' id='word_1_262' title='bbox 2543 733 2842 801; x_wconf 77' lang='grc' dir='ltr'>Είργάζετο</span> <span class='ocrx_word' id='word_1_263' title='bbox 2880 733 2988 802; x_wconf 74' lang='grc' dir='ltr'>γὰρ</span> <span class='ocrx_word' id='word_1_264' title='bbox 3034 731 3110 794; x_wconf 83' lang='grc' dir='ltr'>ὡς</span> <span class='ocrx_word' id='word_1_265' title='bbox 3149 731 3236 785; x_wconf 78' lang='grc' dir='ltr'>διὰ</span> <span class='ocrx_word' id='word_1_266' title='bbox 3261 732 3542 802; x_wconf 86' lang='grc' dir='ltr'>δυνάμεως</span> <span class='ocrx_word' id='word_1_267' title='bbox 3573 731 3708 793; x_wconf 79' lang='grc' dir='ltr'>ἰδίας</span> <span class='ocrx_word' id='word_1_268' title='bbox 3745 729 3853 784; x_wconf 86' lang='grc' dir='ltr'><strong>τοῦ</strong></span> 
     </span>
    </p>
   </div>
   <div class='ocr_carea' id='block_1_35' title="bbox 2266 818 3854 896">
    <p class='ocr_par' dir='ltr' id='par_1_35' title="bbox 2266 818 3854 896">
     <span class='ocr_line' id='line_1_35' title="bbox 2266 818 3854 896; baseline -0.003 -18"><span class='ocrx_word' id='word_1_269' title='bbox 2266 825 2418 889; x_wconf 79' lang='grc' dir='ltr'>Υίοῦ,</span> <span class='ocrx_word' id='word_1_270' title='bbox 2448 825 2517 877; x_wconf 92' lang='grc' dir='ltr'>δι’</span> <span class='ocrx_word' id='word_1_271' title='bbox 2555 819 2615 878; x_wconf 71' lang='grc' dir='ltr'><strong>οὗ</strong></span> <span class='ocrx_word' id='word_1_272' title='bbox 2651 825 2745 876; x_wconf 72' lang='grc' dir='ltr'>καὶ</span> <span class='ocrx_word' id='word_1_273' title='bbox 2776 826 2832 876; x_wconf 87' lang='grc' dir='ltr'><strong>ἐν</strong></span> <span class='ocrx_word' id='word_1_274' title='bbox 2860 823 3057 896; x_wconf 80' lang='grc' dir='ltr'>ἀρχαῖς</span> <span class='ocrx_word' id='word_1_275' title='bbox 3092 822 3161 877; x_wconf 84' lang='grc' dir='ltr'>τὰ</span> <span class='ocrx_word' id='word_1_276' title='bbox 3207 825 3385 878; x_wconf 86' lang='grc' dir='ltr'>πάντα</span> <span class='ocrx_word' id='word_1_277' title='bbox 3427 823 3564 892; x_wconf 82' lang='grc' dir='ltr'>πρὸς</span> <span class='ocrx_word' id='word_1_278' title='bbox 3607 823 3668 874; x_wconf 84' lang='grc' dir='ltr'><strong>τὸ</strong></span> <span class='ocrx_word' id='word_1_279' title='bbox 3701 818 3854 876; x_wconf 79' lang='grc' dir='ltr'>εἶναι</span> 
     </span>
    </p>
   </div>
   <div class='ocr_carea' id='block_1_36' title="bbox 2280 912 3856 988">
    <p class='ocr_par' dir='ltr' id='par_1_36' title="bbox 2280 912 3856 988">
     <span class='ocr_line' id='line_1_36' title="bbox 2280 912 3856 988; baseline -0.003 -18"><span class='ocrx_word' id='word_1_280' title='bbox 2280 916 2636 988; x_wconf 81' lang='grc' dir='ltr'>παρενεγκὼν</span> <span class='ocrx_word' id='word_1_281' title='bbox 2664 914 2888 977; x_wconf 83' lang='grc' dir='ltr'><strong>εἰκότως</strong></span> <span class='ocrx_word' id='word_1_282' title='bbox 2921 912 3376 984; x_wconf 81' lang='grc' dir='ltr'>θαυμάξεται.....</span> <span class='ocrx_word' id='word_1_283' title='bbox 3399 913 3546 984; x_wconf 77' lang='grc' dir='ltr'>παρὰ</span> <span class='ocrx_word' id='word_1_284' title='bbox 3570 912 3648 982; x_wconf 81' lang='grc' dir='ltr'>τῷ</span> <span class='ocrx_word' id='word_1_285' title='bbox 3673 927 3856 980; x_wconf 75' lang='grc' dir='ltr'>σοφω-</span> 
     </span>
    </p>
   </div>
   <div class='ocr_carea' id='block_1_37' title="bbox 2263 1004 3848 1080">
    <p class='ocr_par' dir='ltr' id='par_1_37' title="bbox 2263 1004 3848 1080">
     <span class='ocr_line' id='line_1_37' title="bbox 2263 1004 3848 1080; baseline -0.003 -18"><span class='ocrx_word' id='word_1_286' title='bbox 2263 1009 2412 1080; x_wconf 84' lang='grc' dir='ltr'>τάτῳ</span> <span class='ocrx_word' id='word_1_287' title='bbox 2447 1007 2666 1079; x_wconf 82' lang='grc' dir='ltr'><strong>Δανιὴλ,</strong></span> <span class='ocrx_word' id='word_1_288' title='bbox 2695 1007 2771 1070; x_wconf 85' lang='grc' dir='ltr'>ὡς</span> <span class='ocrx_word' id='word_1_289' title='bbox 2793 1005 2918 1078; x_wconf 76' lang='grc' dir='ltr'>ὅρος</span> <span class='ocrx_word' id='word_1_290' title='bbox 2946 1008 3080 1078; x_wconf 77' lang='grc' dir='ltr'>ἡμῖν</span> <span class='ocrx_word' id='word_1_291' title='bbox 3119 1006 3432 1077; x_wconf 83' lang='grc' dir='ltr'>ὠνόμασται</span> <span class='ocrx_word' id='word_1_292' title='bbox 3464 1006 3626 1059; x_wconf 82' lang='grc' dir='ltr'>πάλιν</span> <span class='ocrx_word' id='word_1_293' title='bbox 3653 1008 3682 1059; x_wconf 97' lang='lat'><strong>6</strong></span> <span class='ocrx_word' id='word_1_294' title='bbox 3708 1004 3848 1067; x_wconf 80' lang='grc' dir='ltr'>Θεὸς</span> 
     </span>
    </p>
   </div>
   <div class='ocr_carea' id='block_1_38' title="bbox 2264 1094 3849 1171">
    <p class='ocr_par' dir='ltr' id='par_1_38' title="bbox 2264 1094 3849 1171">
     <span class='ocr_line' id='line_1_38' title="bbox 2264 1094 3849 1171; baseline -0.003 -16"><span class='ocrx_word' id='word_1_295' title='bbox 2264 1104 2359 1156; x_wconf 69' lang='grc' dir='ltr'><strong>καὶ</strong></span> <span class='ocrx_word' id='word_1_296' title='bbox 2391 1100 2602 1171; x_wconf 70' lang='grc' dir='ltr'>Πατὴρ,</span> <span class='ocrx_word' id='word_1_297' title='bbox 2642 1098 2700 1164; x_wconf 81' lang='grc' dir='ltr'>ἐξ</span> <span class='ocrx_word' id='word_1_298' title='bbox 2731 1094 2792 1152; x_wconf 74' lang='grc' dir='ltr'>οὗ</span> <span class='ocrx_word' id='word_1_299' title='bbox 2827 1101 2921 1152; x_wconf 65' lang='grc' dir='ltr'><strong>καὶ</strong></span> <span class='ocrx_word' id='word_1_300' title='bbox 2955 1098 3102 1162; x_wconf 89' lang='grc' dir='ltr'>λίθος</span> <span class='ocrx_word' id='word_1_301' title='bbox 3144 1098 3273 1153; x_wconf 79' lang='grc' dir='ltr'>ἄνευ</span> <span class='ocrx_word' id='word_1_302' title='bbox 3306 1098 3486 1170; x_wconf 81' lang='grc' dir='ltr'>χειρὸς</span> <span class='ocrx_word' id='word_1_303' title='bbox 3516 1098 3750 1169; x_wconf 85' lang='grc' dir='ltr'>ἐτμήθη,</span> <span class='ocrx_word' id='word_1_304' title='bbox 3781 1097 3849 1159; x_wconf 79' lang='grc' dir='ltr'>ὃς</span> 
     </span>
    </p>
   </div>
   <div class='ocr_carea' id='block_1_39' title="bbox 2265 1189 3844 1262">
    <p class='ocr_par' dir='ltr' id='par_1_39' title="bbox 2265 1189 3844 1262">
     <span class='ocr_line' id='line_1_39' title="bbox 2265 1189 3844 1262; baseline -0.004 -16"><span class='ocrx_word' id='word_1_305' title='bbox 2265 1193 2359 1246; x_wconf 76' lang='grc' dir='ltr'>καὶ</span> <span class='ocrx_word' id='word_1_306' title='bbox 2397 1191 2653 1244; x_wconf 78' lang='grc' dir='ltr'>ἐλέπτυνε</span> <span class='ocrx_word' id='word_1_307' title='bbox 2699 1190 2759 1242; x_wconf 79' lang='grc' dir='ltr'>τὸ</span> <span class='ocrx_word' id='word_1_308' title='bbox 2789 1190 3032 1260; x_wconf 88' lang='grc' dir='ltr'>χρυσίον,</span> <span class='ocrx_word' id='word_1_309' title='bbox 3079 1191 3171 1245; x_wconf 84' lang='grc' dir='ltr'>τὸν</span> <span class='ocrx_word' id='word_1_310' title='bbox 3199 1192 3459 1262; x_wconf 80' lang='grc' dir='ltr'>ἄργυρον,</span> <span class='ocrx_word' id='word_1_311' title='bbox 3493 1191 3584 1243; x_wconf 74' lang='grc' dir='ltr'>τὸν</span> <span class='ocrx_word' id='word_1_312' title='bbox 3618 1189 3844 1260; x_wconf 73' lang='grc' dir='ltr'>χαλκὸν,</span> 
     </span>
    </p>
   </div>
   <div class='ocr_carea' id='block_1_40' title="bbox 2263 1275 3844 1351">
    <p class='ocr_par' dir='ltr' id='par_1_40' title="bbox 2263 1275 3844 1351">
     <span class='ocr_line' id='line_1_40' title="bbox 2263 1275 3844 1351; baseline -0.004 -18"><span class='ocrx_word' id='word_1_313' title='bbox 2263 1282 2354 1334; x_wconf 78' lang='grc' dir='ltr'><strong>τὸν</strong></span> <span class='ocrx_word' id='word_1_314' title='bbox 2397 1281 2634 1351; x_wconf 80' lang='grc' dir='ltr'>σίδηρον,</span> <span class='ocrx_word' id='word_1_315' title='bbox 2677 1281 2770 1333; x_wconf 74' lang='grc' dir='ltr'>καὶ</span> <span class='ocrx_word' id='word_1_316' title='bbox 2811 1275 2879 1349; x_wconf 75' lang='grc' dir='ltr'>ἦν</span> <span class='ocrx_word' id='word_1_317' title='bbox 2939 1280 3018 1342; x_wconf 84' lang='grc' dir='ltr'><strong>είς</strong></span> <span class='ocrx_word' id='word_1_318' title='bbox 3065 1280 3235 1333; x_wconf 81' lang='grc' dir='ltr'>τύπον</span> <span class='ocrx_word' id='word_1_319' title='bbox 3281 1281 3375 1332; x_wconf 77' lang='grc' dir='ltr'>καὶ</span> <span class='ocrx_word' id='word_1_320' title='bbox 3415 1280 3532 1332; x_wconf 83' lang='grc' dir='ltr'>τόδε</span> <span class='ocrx_word' id='word_1_321' title='bbox 3579 1275 3844 1349; x_wconf 78' lang='grc' dir='ltr'><strong>Χριστοῦ.</strong></span> 
     </span>
    </p>
   </div>
   <div class='ocr_carea' id='block_1_41' title="bbox 2263 1369 3848 1444">
    <p class='ocr_par' dir='ltr' id='par_1_41' title="bbox 2263 1369 3848 1444">
     <span class='ocr_line' id='line_1_41' title="bbox 2263 1369 3848 1444; baseline -0.003 -20"><span class='ocrx_word' id='word_1_322' title='bbox 2263 1373 2633 1443; x_wconf 83' lang='grc' dir='ltr'>Γεγενημένος</span> <span class='ocrx_word' id='word_1_323' title='bbox 2673 1372 2781 1441; x_wconf 80' lang='grc' dir='ltr'><strong>γὰρ</strong></span> <span class='ocrx_word' id='word_1_324' title='bbox 2825 1375 2888 1424; x_wconf 90' lang='grc' dir='ltr'><strong>ἐκ</strong></span> <span class='ocrx_word' id='word_1_325' title='bbox 2928 1370 3064 1424; x_wconf 84' lang='grc' dir='ltr'>Θεοῦ</span> <span class='ocrx_word' id='word_1_326' title='bbox 3096 1371 3308 1444; x_wconf 83' lang='grc' dir='ltr'>Πατρὸς</span> <span class='ocrx_word' id='word_1_327' title='bbox 3365 1372 3693 1442; x_wconf 67' lang='grc' dir='ltr'>ἀπορρήτοις</span> <span class='ocrx_word' id='word_1_328' title='bbox 3743 1369 3848 1422; x_wconf 77' lang='grc' dir='ltr'>καὶ</span> 
     </span>
    </p>
   </div>
   <div class='ocr_carea' id='block_1_42' title="bbox 2265 1458 3848 1535">
    <p class='ocr_par' dir='ltr' id='par_1_42' title="bbox 2265 1458 3848 1535">
     <span class='ocr_line' id='line_1_42' title="bbox 2265 1458 3848 1535; baseline -0.003 -18"><span class='ocrx_word' id='word_1_329' title='bbox 2265 1465 2406 1535; x_wconf 79' lang='grc' dir='ltr'>ὑπὲρ</span> <span class='ocrx_word' id='word_1_330' title='bbox 2431 1463 2554 1517; x_wconf 87' lang='grc' dir='ltr'>νοῦν</span> <span class='ocrx_word' id='word_1_331' title='bbox 2578 1466 2605 1516; x_wconf 90' lang='lat'><strong>6</strong></span> <span class='ocrx_word' id='word_1_332' title='bbox 2633 1464 2778 1526; x_wconf 75' lang='grc' dir='ltr'>Υἱὸς,</span> <span class='ocrx_word' id='word_1_333' title='bbox 2817 1463 3108 1534; x_wconf 68' lang='grc' dir='ltr'>συνέτριψε</span> <span class='ocrx_word' id='word_1_334' title='bbox 3143 1463 3242 1526; x_wconf 81' lang='grc' dir='ltr'>τὰς</span> <span class='ocrx_word' id='word_1_335' title='bbox 3274 1462 3574 1532; x_wconf 82' lang='grc' dir='ltr'><strong>βασιλείας,</strong></span> <span class='ocrx_word' id='word_1_336' title='bbox 3608 1461 3670 1512; x_wconf 78' lang='grc' dir='ltr'><strong>ἵν’</strong></span> <span class='ocrx_word' id='word_1_337' title='bbox 3694 1458 3848 1528; x_wconf 80' lang='grc' dir='ltr'>αὐτῷ</span> 
     </span>
    </p>
   </div>
   <div class='ocr_carea' id='block_1_43' title="bbox 2265 1550 3845 1626">
    <p class='ocr_par' dir='ltr' id='par_1_43' title="bbox 2265 1550 3845 1626">
     <span class='ocr_line' id='line_1_43' title="bbox 2265 1550 3845 1626; baseline -0.004 -19"><span class='ocrx_word' id='word_1_338' title='bbox 2265 1556 2449 1609; x_wconf 77' lang='grc' dir='ltr'>λοιπὸν</span> <span class='ocrx_word' id='word_1_339' title='bbox 2482 1555 2542 1608; x_wconf 78' lang='grc' dir='ltr'><strong>τὸ</strong></span> <span class='ocrx_word' id='word_1_340' title='bbox 2572 1554 2715 1607; x_wconf 76' lang='grc' dir='ltr'>κατὰ</span> <span class='ocrx_word' id='word_1_341' title='bbox 2739 1553 2959 1606; x_wconf 84' lang='grc' dir='ltr'>πάντων</span> <span class='ocrx_word' id='word_1_342' title='bbox 2988 1555 3188 1626; x_wconf 83' lang='grc' dir='ltr'>κράτος</span> <span class='ocrx_word' id='word_1_343' title='bbox 3215 1554 3520 1624; x_wconf 84' lang='grc' dir='ltr'>άνάπτηται</span> <span class='ocrx_word' id='word_1_344' title='bbox 3540 1569 3552 1581; x_wconf 84' lang='grc'><em>’</em></span> <span class='ocrx_word' id='word_1_345' title='bbox 3587 1550 3845 1621; x_wconf 73' lang='grc' dir='ltr'>«Κάμψει</span> 
     </span>
    </p>
   </div>
   <div class='ocr_carea' id='block_1_44' title="bbox 2265 1642 3846 1718">
    <p class='ocr_par' dir='ltr' id='par_1_44' title="bbox 2265 1642 3846 1718">
     <span class='ocr_line' id='line_1_44' title="bbox 2265 1642 3846 1718; baseline -0.003 -19"><span class='ocrx_word' id='word_1_346' title='bbox 2265 1647 2370 1718; x_wconf 84' lang='grc' dir='ltr'><strong>γὰρ</strong></span> <span class='ocrx_word' id='word_1_347' title='bbox 2407 1646 2556 1716; x_wconf 79' lang='grc' dir='ltr'><strong>αὑτῷ</strong></span> <span class='ocrx_word' id='word_1_348' title='bbox 2585 1648 2691 1699; x_wconf 80' lang='grc' dir='ltr'>πᾶν</span> <span class='ocrx_word' id='word_1_349' title='bbox 2719 1647 2872 1715; x_wconf 83' lang='grc' dir='ltr'>γόνυ,</span> <span class='ocrx_word' id='word_1_350' title='bbox 2901 1646 2995 1698; x_wconf 76' lang='grc' dir='ltr'><strong>καί¹</strong></span> <span class='ocrx_word' id='word_1_351' title='bbox 3018 1647 3170 1700; x_wconf 86' lang='grc' dir='ltr'>πᾶσα</span> <span class='ocrx_word' id='word_1_352' title='bbox 3198 1647 3419 1714; x_wconf 85' lang='grc' dir='ltr'>γλῶσσα</span> <span class='ocrx_word' id='word_1_353' title='bbox 3447 1642 3846 1715; x_wconf 71' lang='grc' dir='ltr'>ἐξομολογήσε-</span> 
     </span>
    </p>
   </div>
   <div class='ocr_carea' id='block_1_45' title="bbox 2266 1732 3844 1810">
    <p class='ocr_par' dir='ltr' id='par_1_45' title="bbox 2266 1732 3844 1810">
     <span class='ocr_line' id='line_1_45' title="bbox 2266 1732 3844 1810; baseline -0.004 -18"><span class='ocrx_word' id='word_1_354' title='bbox 2266 1757 2376 1802; x_wconf 85' lang='grc' dir='ltr'><strong>ται,</strong></span> <span class='ocrx_word' id='word_1_355' title='bbox 2423 1740 2505 1792; x_wconf 83' lang='grc' dir='ltr'>ὃτι</span> <span class='ocrx_word' id='word_1_356' title='bbox 2552 1739 2756 1810; x_wconf 74' lang='grc' dir='ltr'>Κύριος</span> <span class='ocrx_word' id='word_1_357' title='bbox 2814 1736 3021 1809; x_wconf 78' lang='grc' dir='ltr'>Ἰησοῦς</span> <span class='ocrx_word' id='word_1_358' title='bbox 3067 1739 3299 1810; x_wconf 82' lang='grc' dir='ltr'>Χριστὸς</span> <span class='ocrx_word' id='word_1_359' title='bbox 3358 1739 3440 1800; x_wconf 83' lang='grc' dir='ltr'><strong>είς</strong></span> <span class='ocrx_word' id='word_1_360' title='bbox 3497 1736 3654 1803; x_wconf 77' lang='grc' dir='ltr'>δόξαν</span> <span class='ocrx_word' id='word_1_361' title='bbox 3701 1732 3844 1787; x_wconf 85' lang='grc' dir='ltr'>Θεοῦ</span> 
     </span>
    </p>
   </div>
   <div class='ocr_carea' id='block_1_46' title="bbox 2267 1824 3846 1901">
    <p class='ocr_par' dir='ltr' id='par_1_46' title="bbox 2267 1824 3846 1901">
     <span class='ocr_line' id='line_1_46' title="bbox 2267 1824 3846 1901; baseline -0.005 -17"><span class='ocrx_word' id='word_1_362' title='bbox 2267 1831 2496 1901; x_wconf 87' lang='grc' dir='ltr'>Πατρός.</span> <span class='ocrx_word' id='word_1_363' title='bbox 2538 1851 2556 1880; x_wconf 77' lang='grc' dir='ltr'><strong>ι</strong></span> <span class='ocrx_word' id='word_1_364' title='bbox 2594 1831 2801 1885; x_wconf 79' lang='grc' dir='ltr'>Οὐκοῦν</span> <span class='ocrx_word' id='word_1_365' title='bbox 2827 1831 2901 1892; x_wconf 78' lang='grc' dir='ltr'>ὼς</span> <span class='ocrx_word' id='word_1_366' title='bbox 2933 1830 2990 1896; x_wconf 82' lang='grc' dir='ltr'><strong>ἐξ</strong></span> <span class='ocrx_word' id='word_1_367' title='bbox 3023 1830 3181 1899; x_wconf 84' lang='grc' dir='ltr'>δρους</span> <span class='ocrx_word' id='word_1_368' title='bbox 3211 1828 3305 1882; x_wconf 87' lang='grc' dir='ltr'><strong>τοῦ</strong></span> <span class='ocrx_word' id='word_1_369' title='bbox 3336 1827 3472 1882; x_wconf 86' lang='grc' dir='ltr'>Θεοῦ</span> <span class='ocrx_word' id='word_1_370' title='bbox 3511 1829 3604 1880; x_wconf 76' lang='grc' dir='ltr'>καὶ</span> <span class='ocrx_word' id='word_1_371' title='bbox 3630 1824 3846 1895; x_wconf 79' lang='grc' dir='ltr'>Πατρὺς</span> 
     </span>
    </p>
   </div>
   <div class='ocr_carea' id='block_1_47' title="bbox 2267 1919 3842 1997">
    <p class='ocr_par' dir='ltr' id='par_1_47' title="bbox 2267 1919 3842 1997">
     <span class='ocr_line' id='line_1_47' title="bbox 2267 1919 3842 1997; baseline -0.007 -17"><span class='ocrx_word' id='word_1_372' title='bbox 2267 1927 2660 1997; x_wconf 86' lang='grc' dir='ltr'>ἁκρογωνιαῖος</span> <span class='ocrx_word' id='word_1_373' title='bbox 2700 1925 2790 1977; x_wconf 71' lang='grc' dir='ltr'><strong>καὶ</strong></span> <span class='ocrx_word' id='word_1_374' title='bbox 2817 1923 3071 1985; x_wconf 80' lang='grc' dir='ltr'>ἐκλεκτὸς</span> <span class='ocrx_word' id='word_1_375' title='bbox 3097 1921 3432 1993; x_wconf 75' lang='grc' dir='ltr'>ἀποτμηθεὶς</span> <span class='ocrx_word' id='word_1_376' title='bbox 3461 1919 3608 1982; x_wconf 87' lang='grc' dir='ltr'>λίθος</span> <span class='ocrx_word' id='word_1_377' title='bbox 3637 1921 3664 1972; x_wconf 86' lang='lat'><strong>6</strong></span> <span class='ocrx_word' id='word_1_378' title='bbox 3686 1919 3842 1980; x_wconf 82' lang='grc' dir='ltr'>Θεὸς,</span> 
     </span>
    </p>
   </div>
   <div class='ocr_carea' id='block_1_48' title="bbox 2266 2011 3846 2088">
    <p class='ocr_par' dir='ltr' id='par_1_48' title="bbox 2266 2011 3846 2088">
     <span class='ocr_line' id='line_1_48' title="bbox 2266 2011 3846 2088; baseline -0.005 -18"><span class='ocrx_word' id='word_1_379' title='bbox 2266 2021 2488 2086; x_wconf 85' lang='grc' dir='ltr'>γέγονεν</span> <span class='ocrx_word' id='word_1_380' title='bbox 2522 2018 2654 2087; x_wconf 75' lang='grc' dir='ltr'>ἡμῖν</span> <span class='ocrx_word' id='word_1_381' title='bbox 2702 2016 3058 2088; x_wconf 76' lang='grc' dir='ltr'><strong>κληρονομία.</strong></span> <span class='ocrx_word' id='word_1_382' title='bbox 3120 2012 3450 2085; x_wconf 81' lang='grc' dir='ltr'>Κεκλήμεθα</span> <span class='ocrx_word' id='word_1_383' title='bbox 3477 2011 3585 2082; x_wconf 76' lang='grc' dir='ltr'><strong>γὰρ</strong></span> <span class='ocrx_word' id='word_1_384' title='bbox 3620 2013 3697 2074; x_wconf 83' lang='grc' dir='ltr'><strong>είς</strong></span> <span class='ocrx_word' id='word_1_385' title='bbox 3729 2012 3846 2062; x_wconf 77' lang='grc' dir='ltr'>υἱο-</span> 
     </span>
    </p>
   </div>
   <div class='ocr_carea' id='block_1_49' title="bbox 2267 2100 3844 2178">
    <p class='ocr_par' dir='ltr' id='par_1_49' title="bbox 2267 2100 3844 2178">
     <span class='ocr_line' id='line_1_49' title="bbox 2267 2100 3844 2178; baseline -0.006 -15"><span class='ocrx_word' id='word_1_386' title='bbox 2267 2110 2452 2163; x_wconf 87' lang='grc' dir='ltr'>θεσίαν</span> <span class='ocrx_word' id='word_1_387' title='bbox 2499 2109 2567 2162; x_wconf 77' lang='grc' dir='ltr'>δι’</span> <span class='ocrx_word' id='word_1_388' title='bbox 2609 2109 2796 2175; x_wconf 84' lang='grc' dir='ltr'>αὑτοῦ,</span> <span class='ocrx_word' id='word_1_389' title='bbox 2852 2107 2946 2162; x_wconf 75' lang='grc' dir='ltr'>καὶ</span> <span class='ocrx_word' id='word_1_390' title='bbox 2994 2105 3321 2178; x_wconf 80' lang='grc' dir='ltr'><strong>κληρονόμοι</strong></span> <span class='ocrx_word' id='word_1_391' title='bbox 3369 2104 3673 2174; x_wconf 81' lang='grc' dir='ltr'>γεγόναμεν</span> <span class='ocrx_word' id='word_1_392' title='bbox 3705 2100 3844 2154; x_wconf 86' lang='grc' dir='ltr'>Θεοῦ</span> 
     </span>
    </p>
   </div>
   <div class='ocr_carea' id='block_1_50' title="bbox 2269 2194 3846 2270">
    <p class='ocr_par' dir='ltr' id='par_1_50' title="bbox 2269 2194 3846 2270">
     <span class='ocr_line' id='line_1_50' title="bbox 2269 2194 3846 2270; baseline -0.006 -17"><span class='ocrx_word' id='word_1_393' title='bbox 2269 2202 2491 2266; x_wconf 77' lang='grc' dir='ltr'>ζῶντος,</span> <span class='ocrx_word' id='word_1_394' title='bbox 2535 2200 2742 2270; x_wconf 79' lang='grc' dir='ltr'>ἰσότητι</span> <span class='ocrx_word' id='word_1_395' title='bbox 2786 2199 3005 2270; x_wconf 82' lang='grc' dir='ltr'>χάριτος</span> <span class='ocrx_word' id='word_1_396' title='bbox 3055 2198 3255 2269; x_wconf 82' lang='grc' dir='ltr'>χάριτα</span> <span class='ocrx_word' id='word_1_397' title='bbox 3295 2196 3688 2266; x_wconf 87' lang='grc' dir='ltr'>κερδαίνοντες.</span> <span class='ocrx_word' id='word_1_398' title='bbox 3731 2194 3846 2246; x_wconf 75' lang='grc' dir='ltr'><strong>Καὶ</strong></span> 
     </span>
    </p>
   </div>
   <div class='ocr_carea' id='block_1_51' title="bbox 2267 2283 3844 2362">
    <p class='ocr_par' dir='ltr' id='par_1_51' title="bbox 2267 2283 3844 2362">
     <span class='ocr_line' id='line_1_51' title="bbox 2267 2283 3844 2362; baseline -0.006 -17"><span class='ocrx_word' id='word_1_399' title='bbox 2267 2293 2318 2345; x_wconf 88' lang='grc' dir='ltr'><strong>τί</strong></span> <span class='ocrx_word' id='word_1_400' title='bbox 2346 2293 2409 2362; x_wconf 81' lang='grc' dir='ltr'>δὴ</span> <span class='ocrx_word' id='word_1_401' title='bbox 2426 2290 2616 2356; x_wconf 88' lang='grc' dir='ltr'>τοῦτο;</span> <span class='ocrx_word' id='word_1_402' title='bbox 2645 2292 2863 2344; x_wconf 84' lang='grc' dir='ltr'>Δέδοται</span> <span class='ocrx_word' id='word_1_403' title='bbox 2893 2289 2992 2360; x_wconf 82' lang='grc' dir='ltr'><strong>μὲν</strong></span> <span class='ocrx_word' id='word_1_404' title='bbox 3016 2289 3124 2359; x_wconf 83' lang='grc' dir='ltr'><strong>γάρ</strong></span> <span class='ocrx_word' id='word_1_405' title='bbox 3137 2289 3294 2359; x_wconf 90' lang='grc' dir='ltr'>χάρις</span> <span class='ocrx_word' id='word_1_406' title='bbox 3316 2305 3397 2350; x_wconf 90' lang='grc' dir='ltr'><strong>τις</strong></span> <span class='ocrx_word' id='word_1_407' title='bbox 3425 2286 3504 2356; x_wconf 85' lang='grc' dir='ltr'>τῷ</span> <span class='ocrx_word' id='word_1_408' title='bbox 3543 2283 3776 2356; x_wconf 78' lang='grc' dir='ltr'>Ἰσραὴλ,</span> <span class='ocrx_word' id='word_1_409' title='bbox 3806 2285 3844 2354; x_wconf 79' lang='grc' dir='ltr'>ἡ</span> 
     </span>
    </p>
   </div>
   <div class='ocr_carea' id='block_1_52' title="bbox 2267 2375 3847 2455">
    <p class='ocr_par' dir='ltr' id='par_1_52' title="bbox 2267 2375 3847 2455">
     <span class='ocr_line' id='line_1_52' title="bbox 2267 2375 3847 2455; baseline -0.006 -17"><span class='ocrx_word' id='word_1_410' title='bbox 2267 2384 2468 2455; x_wconf 82' lang='grc' dir='ltr'>ἀρχαία</span> <span class='ocrx_word' id='word_1_411' title='bbox 2495 2400 2554 2436; x_wconf 89' lang='grc' dir='ltr'><strong>τε</strong></span> <span class='ocrx_word' id='word_1_412' title='bbox 2588 2383 2772 2451; x_wconf 87' lang='grc' dir='ltr'>ἐκείνη</span> <span class='ocrx_word' id='word_1_413' title='bbox 2805 2380 2901 2433; x_wconf 69' lang='grc' dir='ltr'><strong>καὶ</strong></span> <span class='ocrx_word' id='word_1_414' title='bbox 2924 2380 3206 2451; x_wconf 73' lang='grc' dir='ltr'>διαϐόητος</span> <span class='ocrx_word' id='word_1_415' title='bbox 3225 2393 3240 2408; x_wconf 81' lang='grc'><strong><em>⁸</em></strong></span> <span class='ocrx_word' id='word_1_416' title='bbox 3266 2378 3631 2449; x_wconf 82' lang='grc' dir='ltr'>λελύτρωνται</span> <span class='ocrx_word' id='word_1_417' title='bbox 3653 2376 3760 2446; x_wconf 79' lang='grc' dir='ltr'><strong>γὰρ</strong></span> <span class='ocrx_word' id='word_1_418' title='bbox 3782 2375 3847 2439; x_wconf 81' lang='grc' dir='ltr'><strong>ἐξ</strong></span> 
     </span>
    </p>
   </div>
   <div class='ocr_carea' id='block_1_53' title="bbox 2268 2469 3848 2546">
    <p class='ocr_par' dir='ltr' id='par_1_53' title="bbox 2268 2469 3848 2546">
     <span class='ocr_line' id='line_1_53' title="bbox 2268 2469 3848 2546; baseline -0.006 -16"><span class='ocrx_word' id='word_1_419' title='bbox 2268 2476 2542 2545; x_wconf 74' lang='grc' dir='ltr'>Αἰγύπτου</span> <span class='ocrx_word' id='word_1_420' title='bbox 2595 2474 2912 2546; x_wconf 83' lang='grc' dir='ltr'>σαρκικῶς,</span> <span class='ocrx_word' id='word_1_421' title='bbox 2957 2473 3056 2542; x_wconf 74' lang='grc' dir='ltr'><strong>τὴν</strong></span> <span class='ocrx_word' id='word_1_422' title='bbox 3107 2470 3496 2542; x_wconf 86' lang='grc' dir='ltr'>ἐπηρτημένην</span> <span class='ocrx_word' id='word_1_423' title='bbox 3551 2469 3733 2531; x_wconf 78' lang='grc' dir='ltr'>αὐτοῖς</span> <span class='ocrx_word' id='word_1_424' title='bbox 3779 2469 3848 2520; x_wconf 82' lang='grc' dir='ltr'><strong>ἐκ</strong></span> 
     </span>
    </p>
   </div>
   <div class='ocr_carea' id='block_1_54' title="bbox 2273 2560 3849 2635">
    <p class='ocr_par' dir='ltr' id='par_1_54' title="bbox 2273 2560 3849 2635">
     <span class='ocr_line' id='line_1_54' title="bbox 2273 2560 3849 2635; baseline -0.008 -11"><span class='ocrx_word' id='word_1_425' title='bbox 2273 2569 2584 2635; x_wconf 76' lang='grc' dir='ltr'>πλεονεξίας</span> <span class='ocrx_word' id='word_1_426' title='bbox 2617 2567 2978 2621; x_wconf 83' lang='grc' dir='ltr'>άπεσείσαντο</span> <span class='ocrx_word' id='word_1_427' title='bbox 3005 2564 3269 2628; x_wconf 82' lang='grc' dir='ltr'>δουλείαν,</span> <span class='ocrx_word' id='word_1_428' title='bbox 3307 2561 3731 2631; x_wconf 78' lang='grc' dir='ltr'>διεϐιϐάσθησαν</span> <span class='ocrx_word' id='word_1_429' title='bbox 3756 2560 3849 2612; x_wconf 79' lang='grc' dir='ltr'>διὰ</span> 
     </span>
    </p>
   </div>
   <div class='ocr_carea' id='block_1_55' title="bbox 2271 2651 3854 2730">
    <p class='ocr_par' dir='ltr' id='par_1_55' title="bbox 2271 2651 3854 2730">
     <span class='ocr_line' id='line_1_55' title="bbox 2271 2651 3854 2730; baseline -0.008 -16"><span class='ocrx_word' id='word_1_430' title='bbox 2271 2661 2542 2730; x_wconf 79' lang='grc' dir='ltr'>θαλάσσης</span> <span class='ocrx_word' id='word_1_431' title='bbox 2579 2660 2750 2730; x_wconf 78' lang='grc' dir='ltr'>μέσης</span> <span class='ocrx_word' id='word_1_432' title='bbox 2769 2700 2783 2724; x_wconf 93' lang='grc'><strong>,</strong></span> <span class='ocrx_word' id='word_1_433' title='bbox 2814 2658 3015 2727; x_wconf 74' lang='grc' dir='ltr'>ἔφαγον</span> <span class='ocrx_word' id='word_1_434' title='bbox 3043 2657 3104 2709; x_wconf 81' lang='grc' dir='ltr'><strong>τὸ</strong></span> <span class='ocrx_word' id='word_1_435' title='bbox 3142 2656 3316 2727; x_wconf 85' lang='grc' dir='ltr'>μάννα</span> <span class='ocrx_word' id='word_1_436' title='bbox 3347 2656 3404 2708; x_wconf 92' lang='grc' dir='ltr'><strong>ἐν</strong></span> <span class='ocrx_word' id='word_1_437' title='bbox 3426 2657 3491 2725; x_wconf 79' lang='grc' dir='ltr'>τῇ</span> <span class='ocrx_word' id='word_1_438' title='bbox 3528 2655 3742 2725; x_wconf 85' lang='grc' dir='ltr'>ἐρήμῳ,</span> <span class='ocrx_word' id='word_1_439' title='bbox 3773 2651 3854 2704; x_wconf 84' lang='grc' dir='ltr'>δι-</span> 
     </span>
    </p>
   </div>
   <div class='ocr_carea' id='block_1_56' title="bbox 2271 2742 3852 2821">
    <p class='ocr_par' dir='ltr' id='par_1_56' title="bbox 2271 2742 3852 2821">
     <span class='ocr_line' id='line_1_56' title="bbox 2271 2742 3852 2821; baseline -0.004 -20"><span class='ocrx_word' id='word_1_440' title='bbox 2271 2750 2432 2821; x_wconf 78' lang='grc' dir='ltr'>ῆλθον</span> <span class='ocrx_word' id='word_1_441' title='bbox 2467 2751 2525 2802; x_wconf 83' lang='grc' dir='ltr'><strong>ἐν</strong></span> <span class='ocrx_word' id='word_1_442' title='bbox 2550 2750 2669 2802; x_wconf 76' lang='grc' dir='ltr'>ποδὶ</span> <span class='ocrx_word' id='word_1_443' title='bbox 2723 2749 3006 2817; x_wconf 73' lang='grc' dir='ltr'>ποταμοὺς</span> <span class='ocrx_word' id='word_1_444' title='bbox 3053 2745 3533 2818; x_wconf 83' lang='grc' dir='ltr'>(διεπεραιώσαντο</span> <span class='ocrx_word' id='word_1_445' title='bbox 3559 2745 3668 2815; x_wconf 85' lang='grc' dir='ltr'>γὰρ</span> <span class='ocrx_word' id='word_1_446' title='bbox 3704 2742 3852 2795; x_wconf 74' lang='grc' dir='ltr'>οὕτω</span> 
     </span>
    </p>
   </div>
   <div class='ocr_carea' id='block_1_57' title="bbox 2272 2835 3848 2913">
    <p class='ocr_par' dir='ltr' id='par_1_57' title="bbox 2272 2835 3848 2913">
     <span class='ocr_line' id='line_1_57' title="bbox 2272 2835 3848 2913; baseline -0.006 -17"><span class='ocrx_word' id='word_1_447' title='bbox 2272 2845 2362 2896; x_wconf 78' lang='grc' dir='ltr'><strong>τὸν</strong></span> <span class='ocrx_word' id='word_1_448' title='bbox 2399 2842 2717 2913; x_wconf 80' lang='grc' dir='ltr'>Ἰορδάνην),</span> <span class='ocrx_word' id='word_1_449' title='bbox 2738 2839 3194 2910; x_wconf 80' lang='grc' dir='ltr'>είσεκομίσθησαν</span> <span class='ocrx_word' id='word_1_450' title='bbox 3224 2838 3303 2900; x_wconf 83' lang='grc' dir='ltr'>εἰς</span> <span class='ocrx_word' id='word_1_451' title='bbox 3331 2839 3432 2907; x_wconf 71' lang='grc' dir='ltr'><strong>τὴν</strong></span> <span class='ocrx_word' id='word_1_452' title='bbox 3475 2837 3576 2908; x_wconf 82' lang='grc' dir='ltr'><strong>γῆν</strong></span> <span class='ocrx_word' id='word_1_453' title='bbox 3606 2835 3708 2906; x_wconf 80' lang='grc' dir='ltr'>τῆς</span> <span class='ocrx_word' id='word_1_454' title='bbox 3743 2835 3848 2887; x_wconf 68' lang='grc' dir='ltr'>ἐπα</span> 
     </span>
    </p>
   </div>
   <div class='ocr_carea' id='block_1_58' title="bbox 2273 2915 3849 3004">
    <p class='ocr_par' dir='ltr' id='par_1_58' title="bbox 2273 2915 3849 3004">
     <span class='ocr_line' id='line_1_58' title="bbox 2273 2915 3849 3004; baseline -0.004 -17"><span class='ocrx_word' id='word_1_455' title='bbox 2273 2934 2552 3003; x_wconf 86' lang='grc' dir='ltr'>αγγελίας.</span> <span class='ocrx_word' id='word_1_456' title='bbox 2591 2933 2738 3004; x_wconf 76' lang='grc' dir='ltr'>Αῦτη</span> <span class='ocrx_word' id='word_1_457' title='bbox 2771 2933 2837 3003; x_wconf 85' lang='grc' dir='ltr'>δὴ</span> <span class='ocrx_word' id='word_1_458' title='bbox 2870 2929 2963 2985; x_wconf 79' lang='grc' dir='ltr'><strong>οῦν</strong></span> <span class='ocrx_word' id='word_1_459' title='bbox 2998 2934 3030 3002; x_wconf 79' lang='grc' dir='ltr'>ἡ</span> <span class='ocrx_word' id='word_1_460' title='bbox 3070 2931 3230 3003; x_wconf 84' lang='grc' dir='ltr'>χάρις</span> <span class='ocrx_word' id='word_1_461' title='bbox 3271 2931 3304 3000; x_wconf 86' lang='grc' dir='ltr'><strong>ή</strong></span> <span class='ocrx_word' id='word_1_462' title='bbox 3351 2915 3564 3000; x_wconf 78' lang='grc' dir='ltr'>πρώτη.</span> <span class='ocrx_word' id='word_1_463' title='bbox 3610 2928 3751 2982; x_wconf 77' lang='grc' dir='ltr'>Ἀλλ’</span> <span class='ocrx_word' id='word_1_464' title='bbox 3788 2929 3849 2980; x_wconf 84' lang='grc' dir='ltr'><strong>ἐν</strong></span> 
     </span>
    </p>
   </div>
   <div class='ocr_carea' id='block_1_59' title="bbox 2277 3021 3846 3096">
    <p class='ocr_par' dir='ltr' id='par_1_59' title="bbox 2277 3021 3846 3096">
     <span class='ocr_line' id='line_1_59' title="bbox 2277 3021 3846 3096; baseline -0.003 -18"><span class='ocrx_word' id='word_1_465' title='bbox 2277 3026 2482 3096; x_wconf 86' lang='grc' dir='ltr'>ἰσότητι</span> <span class='ocrx_word' id='word_1_466' title='bbox 2539 3024 2632 3077; x_wconf 72' lang='grc' dir='ltr'>καὶ</span> <span class='ocrx_word' id='word_1_467' title='bbox 2659 3023 2935 3095; x_wconf 86' lang='grc' dir='ltr'>ὁμοιότητι</span> <span class='ocrx_word' id='word_1_468' title='bbox 2971 3023 3068 3093; x_wconf 80' lang='grc' dir='ltr'>τῆς</span> <span class='ocrx_word' id='word_1_469' title='bbox 3093 3021 3327 3092; x_wconf 87' lang='grc' dir='ltr'><strong>ἀρχαίας</strong></span> <span class='ocrx_word' id='word_1_470' title='bbox 3355 3022 3573 3092; x_wconf 75' lang='grc' dir='ltr'>ἐκείνης</span> <span class='ocrx_word' id='word_1_471' title='bbox 3603 3023 3846 3093; x_wconf 81' lang='grc' dir='ltr'>χάριτος,</span> 
     </span>
    </p>
   </div>
   <div class='ocr_carea' id='block_1_60' title="bbox 595 3112 2169 3192">
    <p class='ocr_par' dir='ltr' id='par_1_60' title="bbox 595 3112 2169 3184">
     <span class='ocr_line' id='line_1_60' title="bbox 595 3112 2169 3184; baseline 0.001 -16"><span class='ocrx_word' id='word_1_472' title='bbox 595 3127 679 3169; x_wconf 89' lang='lat' dir='ltr'><strong>est</strong></span> <span class='ocrx_word' id='word_1_473' title='bbox 753 3115 908 3170; x_wconf 86' lang='lat' dir='ltr'><strong>nobis</strong></span> <span class='ocrx_word' id='word_1_474' title='bbox 984 3113 1116 3184; x_wconf 84' lang='lat' dir='ltr'><strong>lapis</strong></span> <span class='ocrx_word' id='word_1_475' title='bbox 1162 3121 1221 3168; x_wconf 93' lang='lat' dir='ltr'><strong>ut</strong></span> <span class='ocrx_word' id='word_1_476' title='bbox 1286 3112 1719 3179; x_wconf 80' lang='lat' dir='ltr'><strong>fundamentum,</strong></span> <span class='ocrx_word' id='word_1_477' title='bbox 1760 3119 1874 3170; x_wconf 84' lang='lat' dir='ltr'><strong>sive</strong></span> <span class='ocrx_word' id='word_1_478' title='bbox 1929 3132 2169 3169; x_wconf 78' lang='lat' dir='ltr'><strong>summus</strong></span> 
     </span>
    </p>
   </div>
   <div class='ocr_carea' id='block_1_61' title="bbox 2273 3112 3846 3192">
    <p class='ocr_par' dir='ltr' id='par_1_61' title="bbox 2274 3115 3846 3190">
     <span class='ocr_line' id='line_1_61' title="bbox 2274 3115 3846 3190; baseline -0.004 -18"><span class='ocrx_word' id='word_1_479' title='bbox 2274 3119 2430 3190; x_wconf 76' lang='grc' dir='ltr'>χάρις</span> <span class='ocrx_word' id='word_1_480' title='bbox 2459 3117 2668 3172; x_wconf 86' lang='grc' dir='ltr'>δέδοται</span> <span class='ocrx_word' id='word_1_481' title='bbox 2699 3116 2847 3188; x_wconf 72' lang='grc' dir='ltr'>παρὰ</span> <span class='ocrx_word' id='word_1_482' title='bbox 2874 3115 3136 3185; x_wconf 78' lang='grc' dir='ltr'>Χριστοῦ,</span> <span class='ocrx_word' id='word_1_483' title='bbox 3167 3115 3226 3179; x_wconf 83' lang='grc' dir='ltr'>ὃς</span> <span class='ocrx_word' id='word_1_484' title='bbox 3263 3115 3485 3184; x_wconf 85' lang='grc' dir='ltr'>γέγονεν</span> <span class='ocrx_word' id='word_1_485' title='bbox 3513 3117 3666 3186; x_wconf 77' lang='grc' dir='ltr'>ἡμῖν,</span> <span class='ocrx_word' id='word_1_486' title='bbox 3699 3115 3846 3178; x_wconf 88' lang='grc' dir='ltr'>λίθος</span> 
     </span>
    </p>
   </div>
   <div class='ocr_carea' id='block_1_62' title="bbox 598 3206 2170 3276">
    <p class='ocr_par' dir='ltr' id='par_1_62' title="bbox 598 3206 2170 3276">
     <span class='ocr_line' id='line_1_62' title="bbox 598 3206 2170 3276; baseline 0.002 -17"><span class='ocrx_word' id='word_1_487' title='bbox 598 3207 895 3276; x_wconf 85' lang='lat' dir='ltr'><strong>angularis,</strong></span> <span class='ocrx_word' id='word_1_488' title='bbox 925 3220 978 3259; x_wconf 91' lang='lat' dir='ltr'><strong>et</strong></span> <span class='ocrx_word' id='word_1_489' title='bbox 1032 3222 1245 3259; x_wconf 88' lang='lat' dir='ltr'><strong>rursum</strong></span> <span class='ocrx_word' id='word_1_490' title='bbox 1306 3206 1479 3261; x_wconf 63' lang='lat' dir='ltr'><strong>haeres</strong></span> <span class='ocrx_word' id='word_1_491' title='bbox 1513 3217 1572 3260; x_wconf 86' lang='grc' dir='ltr'>ιιι</span> <span class='ocrx_word' id='word_1_492' title='bbox 1617 3207 1809 3261; x_wconf 84' lang='lat' dir='ltr'><strong>Filius.</strong></span> <span class='ocrx_word' id='word_1_493' title='bbox 1868 3207 1971 3262; x_wconf 82' lang='lat' dir='ltr'><strong>Per</strong></span> <span class='ocrx_word' id='word_1_494' title='bbox 2021 3209 2170 3262; x_wconf 90' lang='lat' dir='ltr'><strong>illum</strong></span> 
     </span>
    </p>
   </div>
   <div class='ocr_carea' id='block_1_63' title="bbox 595 3296 2173 3366">
    <p class='ocr_par' dir='ltr' id='par_1_63' title="bbox 595 3296 2173 3366">
     <span class='ocr_line' id='line_1_63' title="bbox 595 3296 2173 3366; baseline 0.003 -16"><span class='ocrx_word' id='word_1_495' title='bbox 595 3299 794 3366; x_wconf 87' lang='lat' dir='ltr'><strong>quippe</strong></span> <span class='ocrx_word' id='word_1_496' title='bbox 821 3297 1061 3352; x_wconf 64' lang='lat' dir='ltr'><strong>ltmredes</strong></span> <span class='ocrx_word' id='word_1_497' title='bbox 1113 3296 1202 3351; x_wconf 85' lang='lat' dir='ltr'><strong>Dei</strong></span> <span class='ocrx_word' id='word_1_498' title='bbox 1241 3297 1473 3352; x_wconf 90' lang='lat' dir='ltr'><strong>instituti</strong></span> <span class='ocrx_word' id='word_1_499' title='bbox 1539 3313 1729 3353; x_wconf 90' lang='lat' dir='ltr'><strong>sumus</strong></span> <span class='ocrx_word' id='word_1_500' title='bbox 1761 3299 1809 3330; x_wconf 81' lang='lat'><strong>&quot;</strong></span> <span class='ocrx_word' id='word_1_501' title='bbox 1835 3339 1849 3352; x_wconf 95' lang='lat'><strong>.</strong></span> <span class='ocrx_word' id='word_1_502' title='bbox 1891 3298 2173 3364; x_wconf 82' lang='lat' dir='ltr'><strong>Quomodo</strong></span> 
     </span>
    </p>
   </div>
   <div class='ocr_carea' id='block_1_64' title="bbox 596 3387 2171 3458">
    <p class='ocr_par' dir='ltr' id='par_1_64' title="bbox 596 3387 2171 3458">
     <span class='ocr_line' id='line_1_64' title="bbox 596 3387 2171 3458; baseline 0.001 -17"><span class='ocrx_word' id='word_1_503' title='bbox 596 3387 761 3458; x_wconf 83' lang='lat' dir='ltr'><strong>igitur</strong></span> <span class='ocrx_word' id='word_1_504' title='bbox 794 3387 845 3441; x_wconf 91' lang='lat' dir='ltr'><strong>in</strong></span> <span class='ocrx_word' id='word_1_505' title='bbox 877 3387 1183 3456; x_wconf 64' lang='lat' dir='ltr'><strong>wqualitate</strong></span> <span class='ocrx_word' id='word_1_506' title='bbox 1215 3389 1400 3457; x_wconf 85' lang='lat' dir='ltr'><strong>primae</strong></span> <span class='ocrx_word' id='word_1_507' title='bbox 1431 3388 1617 3458; x_wconf 75' lang='lat' dir='ltr'><strong>gratia:</strong></span> <span class='ocrx_word' id='word_1_508' title='bbox 1651 3389 1925 3442; x_wconf 80' lang='lat' dir='ltr'><strong>secunda?</strong></span> <span class='ocrx_word' id='word_1_509' title='bbox 1953 3387 2081 3454; x_wconf 64' lang='lat' dir='ltr'><strong>Quae</strong></span> <span class='ocrx_word' id='word_1_510' title='bbox 2117 3389 2171 3443; x_wconf 94' lang='lat' dir='ltr'><strong>in</strong></span> 
     </span>
    </p>
   </div>
   <div class='ocr_carea' id='block_1_65' title="bbox 598 3480 2174 3548">
    <p class='ocr_par' dir='ltr' id='par_1_65' title="bbox 598 3480 2174 3548">
     <span class='ocr_line' id='line_1_65' title="bbox 598 3480 2174 3548; baseline 0.001 -14"><span class='ocrx_word' id='word_1_511' title='bbox 598 3481 704 3535; x_wconf 86' lang='lat' dir='ltr'><strong>illis</strong></span> <span class='ocrx_word' id='word_1_512' title='bbox 742 3480 943 3534; x_wconf 85' lang='lat' dir='ltr'><strong>liebant</strong></span> <span class='ocrx_word' id='word_1_513' title='bbox 989 3482 1290 3535; x_wconf 82' lang='lat' dir='ltr'><strong>secundum</strong></span> <span class='ocrx_word' id='word_1_514' title='bbox 1321 3497 1566 3548; x_wconf 87' lang='lat' dir='ltr'><strong>carnem,</strong></span> <span class='ocrx_word' id='word_1_515' title='bbox 1607 3482 1721 3536; x_wconf 88' lang='lat' dir='ltr'><strong>sive</strong></span> <span class='ocrx_word' id='word_1_516' title='bbox 1769 3497 2007 3543; x_wconf 87' lang='lat' dir='ltr'><strong>sensum,</strong></span> <span class='ocrx_word' id='word_1_517' title='bbox 2058 3483 2174 3536; x_wconf 67' lang='lat' dir='ltr'><strong>hinc</strong></span> 
     </span>
    </p>
   </div>
   <div class='ocr_carea' id='block_1_66' title="bbox 597 3571 2173 3644">
    <p class='ocr_par' dir='ltr' id='par_1_66' title="bbox 597 3571 2173 3644">
     <span class='ocr_line' id='line_1_66' title="bbox 597 3571 2173 3644; baseline 0.003 -18"><span class='ocrx_word' id='word_1_518' title='bbox 597 3571 850 3626; x_wconf 85' lang='lat' dir='ltr'><strong>Christus</strong></span> <span class='ocrx_word' id='word_1_519' title='bbox 877 3573 1174 3626; x_wconf 90' lang='lat' dir='ltr'><strong>secundum</strong></span> <span class='ocrx_word' id='word_1_520' title='bbox 1198 3574 1443 3642; x_wconf 89' lang='lat' dir='ltr'><strong>spiritum</strong></span> <span class='ocrx_word' id='word_1_521' title='bbox 1472 3583 1527 3627; x_wconf 91' lang='lat' dir='ltr'><strong>et</strong></span> <span class='ocrx_word' id='word_1_522' title='bbox 1551 3573 1876 3628; x_wconf 77' lang='lat' dir='ltr'><strong>intellectum</strong></span> <span class='ocrx_word' id='word_1_523' title='bbox 1903 3575 2173 3644; x_wconf 55' lang='lat' dir='ltr'><strong>praestitit.</strong></span> 
     </span>
    </p>
   </div>
   <div class='ocr_carea' id='block_1_67' title="bbox 600 3662 2176 3733">
    <p class='ocr_par' dir='ltr' id='par_1_67' title="bbox 600 3662 2176 3733">
     <span class='ocr_line' id='line_1_67' title="bbox 600 3662 2176 3733; baseline 0.003 -17"><span class='ocrx_word' id='word_1_524' title='bbox 600 3662 810 3733; x_wconf 83' lang='lat' dir='ltr'><strong>Eripuit</strong></span> <span class='ocrx_word' id='word_1_525' title='bbox 845 3679 942 3717; x_wconf 92' lang='lat' dir='ltr'><strong>nos</strong></span> <span class='ocrx_word' id='word_1_526' title='bbox 969 3677 1000 3718; x_wconf 90' lang='lat' dir='ltr'><strong>e</strong></span> <span class='ocrx_word' id='word_1_527' title='bbox 1052 3664 1311 3720; x_wconf 87' lang='lat' dir='ltr'><strong>servitute</strong></span> <span class='ocrx_word' id='word_1_528' title='bbox 1350 3665 1638 3731; x_wconf 85' lang='lat' dir='ltr'><strong>diabolica,</strong></span> <span class='ocrx_word' id='word_1_529' title='bbox 1681 3679 1778 3720; x_wconf 90' lang='lat' dir='ltr'><strong>ceu</strong></span> <span class='ocrx_word' id='word_1_530' title='bbox 1826 3681 1893 3720; x_wconf 82' lang='lat' dir='ltr'><strong>ex</strong></span> <span class='ocrx_word' id='word_1_531' title='bbox 1943 3665 2055 3719; x_wconf 92' lang='lat' dir='ltr'><strong>luto</strong></span> <span class='ocrx_word' id='word_1_532' title='bbox 2120 3673 2176 3720; x_wconf 90' lang='lat' dir='ltr'><strong>et</strong></span> 
     </span>
    </p>
   </div>
   <div class='ocr_carea' id='block_1_68' title="bbox 599 3754 2177 3813">
    <p class='ocr_par' dir='ltr' id='par_1_68' title="bbox 599 3754 2177 3813">
     <span class='ocr_line' id='line_1_68' title="bbox 599 3754 2177 3813; baseline 0.003 -7"><span class='ocrx_word' id='word_1_533' title='bbox 599 3755 765 3807; x_wconf 85' lang='lat' dir='ltr'><strong>latere</strong></span> <span class='ocrx_word' id='word_1_534' title='bbox 782 3754 844 3806; x_wconf 87' lang='grc'><strong>³³.</strong></span> <span class='ocrx_word' id='word_1_535' title='bbox 879 3755 1154 3808; x_wconf 75' lang='lat' dir='ltr'><strong>Liberavit</strong></span> <span class='ocrx_word' id='word_1_536' title='bbox 1195 3754 1566 3811; x_wconf 78' lang='lat' dir='ltr'><strong>affectionibus</strong></span> <span class='ocrx_word' id='word_1_537' title='bbox 1625 3758 1909 3812; x_wconf 87' lang='lat' dir='ltr'><strong>mundanis</strong></span> <span class='ocrx_word' id='word_1_538' title='bbox 1948 3768 2002 3813; x_wconf 91' lang='lat' dir='ltr'><strong>et</strong></span> <span class='ocrx_word' id='word_1_539' title='bbox 2055 3773 2177 3812; x_wconf 83' lang='lat' dir='ltr'><strong>car-</strong></span> 
     </span>
    </p>
   </div>
   <div class='ocr_carea' id='block_1_69' title="bbox 601 3843 2173 3915">
    <p class='ocr_par' dir='ltr' id='par_1_69' title="bbox 601 3843 2173 3915">
     <span class='ocr_line' id='line_1_69' title="bbox 601 3843 2173 3915; baseline 0.003 -18"><span class='ocrx_word' id='word_1_540' title='bbox 601 3843 815 3898; x_wconf 88' lang='lat' dir='ltr'><strong>nalihus</strong></span> <span class='ocrx_word' id='word_1_541' title='bbox 879 3843 1254 3898; x_wconf 88' lang='lat' dir='ltr'><strong>immunditiis.</strong></span> <span class='ocrx_word' id='word_1_542' title='bbox 1297 3845 1454 3898; x_wconf 84' lang='lat' dir='ltr'><strong>Velut</strong></span> <span class='ocrx_word' id='word_1_543' title='bbox 1528 3860 1624 3915; x_wconf 88' lang='lat' dir='ltr'><strong>per</strong></span> <span class='ocrx_word' id='word_1_544' title='bbox 1669 3862 1817 3901; x_wconf 87' lang='lat' dir='ltr'><strong>mare</strong></span> <span class='ocrx_word' id='word_1_545' title='bbox 1888 3847 2173 3904; x_wconf 84' lang='lat' dir='ltr'><strong>transitum</strong></span> 
     </span>
    </p>
   </div>
   <div class='ocr_carea' id='block_1_70' title="bbox 599 3931 2173 4002">
    <p class='ocr_par' dir='ltr' id='par_1_70' title="bbox 599 3931 2173 4002">
     <span class='ocr_line' id='line_1_70' title="bbox 599 3931 2173 4002; baseline 0.004 -17"><span class='ocrx_word' id='word_1_546' title='bbox 599 3933 901 3988; x_wconf 84' lang='lat' dir='ltr'><strong>concessit:</strong></span> <span class='ocrx_word' id='word_1_547' title='bbox 938 3931 1134 3988; x_wconf 84' lang='lat' dir='ltr'><strong>ﬂuctus</strong></span> <span class='ocrx_word' id='word_1_548' title='bbox 1175 3934 1316 3988; x_wconf 91' lang='lat' dir='ltr'><strong>enim</strong></span> <span class='ocrx_word' id='word_1_549' title='bbox 1363 3934 1519 4002; x_wconf 92' lang='lat' dir='ltr'><strong>hujus</strong></span> <span class='ocrx_word' id='word_1_550' title='bbox 1560 3937 1680 3991; x_wconf 62' lang='lat' dir='ltr'><strong>vitae</strong></span> <span class='ocrx_word' id='word_1_551' title='bbox 1732 3947 1785 3990; x_wconf 89' lang='lat' dir='ltr'><strong>et</strong></span> <span class='ocrx_word' id='word_1_552' title='bbox 1821 3939 2173 3992; x_wconf 88' lang='lat' dir='ltr'><strong>acerbitatem</strong></span> 
     </span>
    </p>
   </div>
   <div class='ocr_carea' id='block_1_71' title="bbox 596 4025 2172 4099">
    <p class='ocr_par' dir='ltr' id='par_1_71' title="bbox 596 4025 2172 4099">
     <span class='ocr_line' id='line_1_71' title="bbox 596 4025 2172 4099; baseline 0.003 -20"><span class='ocrx_word' id='word_1_553' title='bbox 596 4026 717 4097; x_wconf 84' lang='lat' dir='ltr'><strong>ejus</strong></span> <span class='ocrx_word' id='word_1_554' title='bbox 748 4025 1170 4081; x_wconf 91' lang='lat' dir='ltr'><strong>sollicitudinum</strong></span> <span class='ocrx_word' id='word_1_555' title='bbox 1187 4027 1952 4094; x_wconf 68' lang='lat' dir='ltr'><strong>prmterivimus.Con&#39;tedimus</strong></span> <span class='ocrx_word' id='word_1_556' title='bbox 1979 4044 2172 4099; x_wconf 90' lang='lat' dir='ltr'><strong>panem</strong></span> 
     </span>
    </p>
   </div>
   <div class='ocr_carea' id='block_1_72' title="bbox 598 4116 2173 4189">
    <p class='ocr_par' dir='ltr' id='par_1_72' title="bbox 598 4116 2173 4189">
     <span class='ocr_line' id='line_1_72' title="bbox 598 4116 2173 4189; baseline 0.004 -19"><span class='ocrx_word' id='word_1_557' title='bbox 598 4120 662 4171; x_wconf 90' lang='lat' dir='ltr'><strong>de</strong></span> <span class='ocrx_word' id='word_1_558' title='bbox 691 4117 828 4173; x_wconf 65' lang='lat' dir='ltr'><strong>caelo</strong></span> <span class='ocrx_word' id='word_1_559' title='bbox 861 4116 1124 4187; x_wconf 86' lang='lat' dir='ltr'><strong>(mystice</strong></span> <span class='ocrx_word' id='word_1_560' title='bbox 1145 4117 1772 4189; x_wconf 86' lang='lat' dir='ltr'><strong>loquimur),Jordauem</strong></span> <span class='ocrx_word' id='word_1_561' title='bbox 1801 4121 2173 4187; x_wconf 86' lang='lat' dir='ltr'><strong>transivimus,</strong></span> 
     </span>
    </p>
   </div>
   <div class='ocr_carea' id='block_1_73' title="bbox 594 4209 2173 4280">
    <p class='ocr_par' dir='ltr' id='par_1_73' title="bbox 594 4209 2173 4280">
     <span class='ocr_line' id='line_1_73' title="bbox 594 4209 2173 4280; baseline 0.003 -17"><span class='ocrx_word' id='word_1_562' title='bbox 594 4209 1064 4264; x_wconf 87' lang='lat' dir='ltr'><strong>eireumcisionem</strong></span> <span class='ocrx_word' id='word_1_563' title='bbox 1085 4210 1137 4262; x_wconf 89' lang='lat' dir='ltr'><strong>in</strong></span> <span class='ocrx_word' id='word_1_564' title='bbox 1157 4210 1348 4277; x_wconf 86' lang='lat' dir='ltr'><strong>spiritu</strong></span> <span class='ocrx_word' id='word_1_565' title='bbox 1370 4211 1703 4280; x_wconf 87' lang='lat' dir='ltr'><strong>suscepimus</strong></span> <span class='ocrx_word' id='word_1_566' title='bbox 1723 4211 1786 4275; x_wconf 75' lang='lat'><strong>“,</strong></span> <span class='ocrx_word' id='word_1_567' title='bbox 1808 4212 2173 4268; x_wconf 70' lang='lat' dir='ltr'><strong>haereditatem</strong></span> 
     </span>
    </p>
   </div>
   <div class='ocr_carea' id='block_1_74' title="bbox 599 4300 2172 4370">
    <p class='ocr_par' dir='ltr' id='par_1_74' title="bbox 599 4300 2172 4370">
     <span class='ocr_line' id='line_1_74' title="bbox 599 4300 2172 4370; baseline 0.004 -17"><span class='ocrx_word' id='word_1_568' title='bbox 599 4300 901 4354; x_wconf 88' lang='lat' dir='ltr'><strong>audivimus</strong></span> <span class='ocrx_word' id='word_1_569' title='bbox 918 4315 1206 4370; x_wconf 88' lang='lat' dir='ltr'><strong>supernam</strong></span> <span class='ocrx_word' id='word_1_570' title='bbox 1238 4302 1674 4367; x_wconf 89' lang='lat' dir='ltr'><strong>civitatem,vere</strong></span> <span class='ocrx_word' id='word_1_571' title='bbox 1702 4313 1942 4359; x_wconf 89' lang='lat' dir='ltr'><strong>sanctam</strong></span> <span class='ocrx_word' id='word_1_572' title='bbox 1975 4314 2172 4360; x_wconf 88' lang='lat' dir='ltr'><strong>terram</strong></span> 
     </span>
    </p>
   </div>
   <div class='ocr_carea' id='block_1_75' title="bbox 597 4388 2174 4460">
    <p class='ocr_par' dir='ltr' id='par_1_75' title="bbox 597 4388 2174 4460">
     <span class='ocr_line' id='line_1_75' title="bbox 597 4388 2174 4460; baseline 0.004 -17"><span class='ocrx_word' id='word_1_573' title='bbox 597 4388 752 4454; x_wconf 84' lang='lat' dir='ltr'><strong>cujus</strong></span> <span class='ocrx_word' id='word_1_574' title='bbox 779 4400 834 4444; x_wconf 88' lang='lat' dir='ltr'><strong>et</strong></span> <span class='ocrx_word' id='word_1_575' title='bbox 867 4389 1116 4444; x_wconf 86' lang='lat' dir='ltr'><strong>Christus</strong></span> <span class='ocrx_word' id='word_1_576' title='bbox 1173 4390 1289 4460; x_wconf 86' lang='lat' dir='ltr'><strong>ipse</strong></span> <span class='ocrx_word' id='word_1_577' title='bbox 1321 4392 1564 4446; x_wconf 88' lang='lat' dir='ltr'><strong>meminit</strong></span> <span class='ocrx_word' id='word_1_578' title='bbox 1619 4406 1739 4446; x_wconf 89' lang='lat' dir='ltr'><strong>cum</strong></span> <span class='ocrx_word' id='word_1_579' title='bbox 1782 4393 1899 4447; x_wconf 88' lang='lat' dir='ltr'><strong>ait:</strong></span> <span class='ocrx_word' id='word_1_580' title='bbox 1961 4412 1980 4445; x_wconf 86' lang='grc'><strong><em>‹</em></strong></span> <span class='ocrx_word' id='word_1_581' title='bbox 2022 4393 2174 4451; x_wconf 86' lang='lat' dir='ltr'><strong>Beati</strong></span> 
     </span>
    </p>
   </div>
   <div class='ocr_carea' id='block_1_76' title="bbox 2280 3207 3851 3281">
    <p class='ocr_par' dir='ltr' id='par_1_76' title="bbox 2280 3207 3851 3281">
     <span class='ocr_line' id='line_1_76' title="bbox 2280 3207 3851 3281; baseline -0.004 -17"><span class='ocrx_word' id='word_1_582' title='bbox 2280 3211 2378 3281; x_wconf 79' lang='grc' dir='ltr'><strong>μὲν</strong></span> <span class='ocrx_word' id='word_1_583' title='bbox 2421 3210 2496 3272; x_wconf 84' lang='grc' dir='ltr'>ὡς</span> <span class='ocrx_word' id='word_1_584' title='bbox 2531 3208 2810 3279; x_wconf 83' lang='grc' dir='ltr'>θεμέλιος,</span> <span class='ocrx_word' id='word_1_585' title='bbox 2847 3208 3015 3278; x_wconf 74' lang='grc' dir='ltr'>ἤγουν</span> <span class='ocrx_word' id='word_1_586' title='bbox 3055 3208 3467 3279; x_wconf 84' lang='grc' dir='ltr'>ἀκρογωνιαῖος,</span> <span class='ocrx_word' id='word_1_587' title='bbox 3515 3207 3851 3277; x_wconf 81' lang='grc' dir='ltr'>κληρονόμος</span> 
     </span>
    </p>
   </div>
   <div class='ocr_carea' id='block_1_77' title="bbox 2273 3300 3842 3372">
    <p class='ocr_par' dir='ltr' id='par_1_77' title="bbox 2273 3300 3842 3372">
     <span class='ocr_line' id='line_1_77' title="bbox 2273 3300 3842 3372; baseline -0.003 -15"><span class='ocrx_word' id='word_1_588' title='bbox 2273 3305 2328 3357; x_wconf 79' lang='grc' dir='ltr'><strong>δὲ</strong></span> <span class='ocrx_word' id='word_1_589' title='bbox 2366 3303 2549 3366; x_wconf 85' lang='grc' dir='ltr'>πάλιν,</span> <span class='ocrx_word' id='word_1_590' title='bbox 2576 3301 2651 3364; x_wconf 86' lang='grc' dir='ltr'>ὼς</span> <span class='ocrx_word' id='word_1_591' title='bbox 2685 3301 2830 3364; x_wconf 81' lang='grc' dir='ltr'>Υἱός.</span> <span class='ocrx_word' id='word_1_592' title='bbox 2866 3301 3172 3370; x_wconf 83' lang='grc' dir='ltr'>Γεγόναμεν</span> <span class='ocrx_word' id='word_1_593' title='bbox 3206 3300 3313 3371; x_wconf 79' lang='grc' dir='ltr'><strong>γάρ</strong></span> <span class='ocrx_word' id='word_1_594' title='bbox 3343 3301 3409 3354; x_wconf 81' lang='grc' dir='ltr'><strong>δι’</strong></span> <span class='ocrx_word' id='word_1_595' title='bbox 3440 3300 3601 3354; x_wconf 74' lang='grc' dir='ltr'>αὑτοῦ</span> <span class='ocrx_word' id='word_1_596' title='bbox 3649 3300 3842 3372; x_wconf 78' lang='grc' dir='ltr'>κληροο</span> 
     </span>
    </p>
   </div>
   <div class='ocr_carea' id='block_1_78' title="bbox 2275 3387 3852 3465">
    <p class='ocr_par' dir='ltr' id='par_1_78' title="bbox 2275 3387 3852 3465">
     <span class='ocr_line' id='line_1_78' title="bbox 2275 3387 3852 3465; baseline -0.003 -17"><span class='ocrx_word' id='word_1_597' title='bbox 2275 3397 2430 3465; x_wconf 84' lang='grc' dir='ltr'>νόμοι</span> <span class='ocrx_word' id='word_1_598' title='bbox 2459 3391 2614 3446; x_wconf 89' lang='grc' dir='ltr'>Θεοῦ.</span> <span class='ocrx_word' id='word_1_599' title='bbox 2645 3392 2768 3455; x_wconf 86' lang='grc' dir='ltr'><strong>Πῶς</strong></span> <span class='ocrx_word' id='word_1_600' title='bbox 2792 3387 2887 3445; x_wconf 80' lang='grc' dir='ltr'><strong>οῦν</strong></span> <span class='ocrx_word' id='word_1_601' title='bbox 2918 3394 2972 3444; x_wconf 88' lang='grc' dir='ltr'><strong>ἐν</strong></span> <span class='ocrx_word' id='word_1_602' title='bbox 3004 3393 3210 3463; x_wconf 77' lang='grc' dir='ltr'>ἰσότητι</span> <span class='ocrx_word' id='word_1_603' title='bbox 3243 3391 3343 3457; x_wconf 86' lang='grc' dir='ltr'>τῆς</span> <span class='ocrx_word' id='word_1_604' title='bbox 3377 3395 3599 3463; x_wconf 84' lang='grc' dir='ltr'>πρώτης</span> <span class='ocrx_word' id='word_1_605' title='bbox 3629 3391 3852 3463; x_wconf 87' lang='grc' dir='ltr'>χάριτος</span> 
     </span>
    </p>
   </div>
   <div class='ocr_carea' id='block_1_79' title="bbox 2275 3481 3849 3556">
    <p class='ocr_par' dir='ltr' id='par_1_79' title="bbox 2275 3481 3849 3556">
     <span class='ocr_line' id='line_1_79' title="bbox 2275 3481 3849 3556; baseline -0.004 -18"><span class='ocrx_word' id='word_1_606' title='bbox 2275 3488 2308 3556; x_wconf 79' lang='grc' dir='ltr'>ἡ</span> <span class='ocrx_word' id='word_1_607' title='bbox 2342 3485 2570 3556; x_wconf 84' lang='grc' dir='ltr'>δευτέρα</span> <span class='ocrx_word' id='word_1_608' title='bbox 2590 3484 2682 3546; x_wconf 74' lang='grc' dir='ltr'>ςἊ</span> <span class='ocrx_word' id='word_1_609' title='bbox 2719 3483 2828 3554; x_wconf 80' lang='grc' dir='ltr'><strong>γάρ</strong></span> <span class='ocrx_word' id='word_1_610' title='bbox 2860 3483 2945 3534; x_wconf 83' lang='grc' dir='ltr'>ἐπ’</span> <span class='ocrx_word' id='word_1_611' title='bbox 2968 3483 3197 3545; x_wconf 86' lang='grc' dir='ltr'>ἐκείνοις</span> <span class='ocrx_word' id='word_1_612' title='bbox 3219 3482 3520 3552; x_wconf 85' lang='grc' dir='ltr'>ἐπράττετο</span> <span class='ocrx_word' id='word_1_613' title='bbox 3549 3481 3849 3554; x_wconf 84' lang='grc' dir='ltr'>σαρκικῶς,</span> 
     </span>
    </p>
   </div>
   <div class='ocr_carea' id='block_1_80' title="bbox 2275 3573 3852 3650">
    <p class='ocr_par' dir='ltr' id='par_1_80' title="bbox 2275 3573 3852 3650">
     <span class='ocr_line' id='line_1_80' title="bbox 2275 3573 3852 3650; baseline -0.02 -1"><span class='ocrx_word' id='word_1_614' title='bbox 2275 3581 2442 3650; x_wconf 65' lang='grc' dir='ltr'>ἤγουν</span> <span class='ocrx_word' id='word_1_615' title='bbox 2491 3576 2797 3646; x_wconf 75' lang='grc' dir='ltr'>αἰσθητῶς,</span> <span class='ocrx_word' id='word_1_616' title='bbox 2860 3574 3035 3627; x_wconf 84' lang='grc' dir='ltr'>ταῦτα</span> <span class='ocrx_word' id='word_1_617' title='bbox 3099 3573 3447 3628; x_wconf 82' lang='grc' dir='ltr'>τετελείωκεν</span> <span class='ocrx_word' id='word_1_618' title='bbox 3500 3577 3582 3642; x_wconf 82' lang='grc' dir='ltr'><strong>ἐφ’</strong></span> <span class='ocrx_word' id='word_1_619' title='bbox 3637 3577 3770 3645; x_wconf 76' lang='grc' dir='ltr'>ἡμῖν</span> <span class='ocrx_word' id='word_1_620' title='bbox 3823 3577 3852 3628; x_wconf 73' lang='grc' dir='ltr'>ὁ</span> 
     </span>
    </p>
   </div>
   <div class='ocr_carea' id='block_1_81' title="bbox 2275 3665 3854 3741">
    <p class='ocr_par' dir='ltr' id='par_1_81' title="bbox 2275 3665 3854 3741">
     <span class='ocr_line' id='line_1_81' title="bbox 2275 3665 3854 3741; baseline -0.003 -17"><span class='ocrx_word' id='word_1_621' title='bbox 2275 3671 2508 3741; x_wconf 83' lang='grc' dir='ltr'>Χριστὸς</span> <span class='ocrx_word' id='word_1_622' title='bbox 2546 3665 2932 3738; x_wconf 85' lang='grc' dir='ltr'>πνευματικῶς</span> <span class='ocrx_word' id='word_1_623' title='bbox 2961 3683 3019 3718; x_wconf 89' lang='grc' dir='ltr'><strong>τε</strong></span> <span class='ocrx_word' id='word_1_624' title='bbox 3051 3667 3146 3718; x_wconf 74' lang='grc' dir='ltr'>καὶ</span> <span class='ocrx_word' id='word_1_625' title='bbox 3170 3666 3393 3737; x_wconf 85' lang='grc' dir='ltr'>νοητῶς.</span> <span class='ocrx_word' id='word_1_626' title='bbox 3444 3665 3709 3730; x_wconf 80' lang='grc' dir='ltr'>Ἐξείλετο</span> <span class='ocrx_word' id='word_1_627' title='bbox 3733 3667 3854 3719; x_wconf 84' lang='grc' dir='ltr'>δου-</span> 
     </span>
    </p>
   </div>
   <div class='ocr_carea' id='block_1_82' title="bbox 2275 3755 3854 3826">
    <p class='ocr_par' dir='ltr' id='par_1_82' title="bbox 2275 3755 3854 3826">
     <span class='ocr_line' id='line_1_82' title="bbox 2275 3755 3854 3826; baseline -0.003 -13"><span class='ocrx_word' id='word_1_628' title='bbox 2275 3761 2423 3820; x_wconf 78' lang='grc' dir='ltr'>λείας</span> <span class='ocrx_word' id='word_1_629' title='bbox 2458 3757 2793 3826; x_wconf 80' lang='grc' dir='ltr'>διαδολικῆς,</span> <span class='ocrx_word' id='word_1_630' title='bbox 2827 3757 2900 3818; x_wconf 84' lang='grc' dir='ltr'>ὡς</span> <span class='ocrx_word' id='word_1_631' title='bbox 2927 3757 2992 3808; x_wconf 90' lang='grc' dir='ltr'><strong>ἐκ</strong></span> <span class='ocrx_word' id='word_1_632' title='bbox 3027 3755 3198 3826; x_wconf 84' lang='grc' dir='ltr'>πηλοῦ</span> <span class='ocrx_word' id='word_1_633' title='bbox 3249 3757 3344 3808; x_wconf 67' lang='lat' dir='ltr'><strong>aut</strong></span> <span class='ocrx_word' id='word_1_634' title='bbox 3385 3755 3680 3820; x_wconf 86' lang='grc' dir='ltr'>πλινθείας.</span> <span class='ocrx_word' id='word_1_635' title='bbox 3723 3757 3854 3809; x_wconf 73' lang='grc' dir='ltr'><strong>Ἀπ-</strong></span> 
     </span>
    </p>
   </div>
   <div class='ocr_carea' id='block_1_83' title="bbox 2277 3845 3851 3922">
    <p class='ocr_par' dir='ltr' id='par_1_83' title="bbox 2277 3845 3851 3922">
     <span class='ocr_line' id='line_1_83' title="bbox 2277 3845 3851 3922; baseline -0.001 -21"><span class='ocrx_word' id='word_1_636' title='bbox 2277 3849 2473 3922; x_wconf 80' lang='grc' dir='ltr'>ήλλαξε</span> <span class='ocrx_word' id='word_1_637' title='bbox 2523 3846 2630 3899; x_wconf 83' lang='grc' dir='ltr'><strong>τῶν</strong></span> <span class='ocrx_word' id='word_1_638' title='bbox 2678 3847 2738 3898; x_wconf 91' lang='grc' dir='ltr'><strong>ἐν</strong></span> <span class='ocrx_word' id='word_1_639' title='bbox 2788 3846 2978 3916; x_wconf 87' lang='grc' dir='ltr'>κόσμῳ</span> <span class='ocrx_word' id='word_1_640' title='bbox 3029 3845 3216 3898; x_wconf 83' lang='grc' dir='ltr'>παθῶν</span> <span class='ocrx_word' id='word_1_641' title='bbox 3286 3846 3382 3898; x_wconf 71' lang='grc' dir='ltr'>καὶ</span> <span class='ocrx_word' id='word_1_642' title='bbox 3420 3846 3528 3900; x_wconf 86' lang='grc' dir='ltr'><strong>τῶν</strong></span> <span class='ocrx_word' id='word_1_643' title='bbox 3571 3847 3851 3918; x_wconf 82' lang='grc' dir='ltr'>σαρκικῶν</span> 
     </span>
    </p>
   </div>
   <div class='ocr_carea' id='block_1_84' title="bbox 2275 3937 3855 4011">
    <p class='ocr_par' dir='ltr' id='par_1_84' title="bbox 2275 3937 3855 4011">
     <span class='ocr_line' id='line_1_84' title="bbox 2275 3937 3855 4011; baseline -0.001 -18"><span class='ocrx_word' id='word_1_644' title='bbox 2275 3939 2650 4011; x_wconf 85' lang='grc' dir='ltr'>ἀκαθαρσιῶν.</span> <span class='ocrx_word' id='word_1_645' title='bbox 2673 3937 2992 3991; x_wconf 78' lang='grc' dir='ltr'>Διεϐίϐασεν</span> <span class='ocrx_word' id='word_1_646' title='bbox 3023 3937 3098 4001; x_wconf 85' lang='grc' dir='ltr'>ὡς</span> <span class='ocrx_word' id='word_1_647' title='bbox 3125 3938 3212 3990; x_wconf 74' lang='grc' dir='ltr'>διὰ</span> <span class='ocrx_word' id='word_1_648' title='bbox 3245 3937 3521 4010; x_wconf 77' lang='grc' dir='ltr'>θαλάσσης</span> <span class='ocrx_word' id='word_1_649' title='bbox 3539 3956 3556 3972; x_wconf 88' lang='grc'><strong>·</strong></span> <span class='ocrx_word' id='word_1_650' title='bbox 3581 3939 3855 4010; x_wconf 81' lang='grc' dir='ltr'>παρεδρά-</span> 
     </span>
    </p>
   </div>
   <div class='ocr_carea' id='block_1_85' title="bbox 2279 4028 3853 4104">
    <p class='ocr_par' dir='ltr' id='par_1_85' title="bbox 2279 4028 3853 4104">
     <span class='ocr_line' id='line_1_85' title="bbox 2279 4028 3853 4104; baseline -0.001 -20"><span class='ocrx_word' id='word_1_651' title='bbox 2279 4048 2451 4104; x_wconf 85' lang='grc' dir='ltr'>μομεν</span> <span class='ocrx_word' id='word_1_652' title='bbox 2489 4029 2599 4101; x_wconf 83' lang='grc' dir='ltr'>γὰρ</span> <span class='ocrx_word' id='word_1_653' title='bbox 2623 4029 2712 4083; x_wconf 86' lang='grc' dir='ltr'><strong>τὸν</strong></span> <span class='ocrx_word' id='word_1_654' title='bbox 2746 4028 2992 4083; x_wconf 82' lang='grc' dir='ltr'>κλύδωνα</span> <span class='ocrx_word' id='word_1_655' title='bbox 3017 4028 3111 4083; x_wconf 87' lang='grc' dir='ltr'><strong>τοῦ</strong></span> <span class='ocrx_word' id='word_1_656' title='bbox 3161 4030 3427 4101; x_wconf 86' lang='grc' dir='ltr'>παρόντος</span> <span class='ocrx_word' id='word_1_657' title='bbox 3457 4030 3595 4100; x_wconf 84' lang='grc' dir='ltr'>βίου,</span> <span class='ocrx_word' id='word_1_658' title='bbox 3629 4033 3721 4084; x_wconf 74' lang='grc' dir='ltr'><strong>καὶ</strong></span> <span class='ocrx_word' id='word_1_659' title='bbox 3753 4033 3853 4101; x_wconf 72' lang='grc' dir='ltr'>τῆς</span> 
     </span>
    </p>
   </div>
   <div class='ocr_carea' id='block_1_86' title="bbox 2277 4122 3852 4195">
    <p class='ocr_par' dir='ltr' id='par_1_86' title="bbox 2277 4122 3852 4195">
     <span class='ocr_line' id='line_1_86' title="bbox 2277 4122 3852 4195; baseline -0.003 -15"><span class='ocrx_word' id='word_1_660' title='bbox 2277 4129 2334 4180; x_wconf 89' lang='grc' dir='ltr'><strong>ἐν</strong></span> <span class='ocrx_word' id='word_1_661' title='bbox 2379 4123 2528 4194; x_wconf 85' lang='grc' dir='ltr'><strong>αὑτῷ</strong></span> <span class='ocrx_word' id='word_1_662' title='bbox 2557 4122 2837 4193; x_wconf 82' lang='grc' dir='ltr'>φροντίδος</span> <span class='ocrx_word' id='word_1_663' title='bbox 2880 4123 2941 4175; x_wconf 82' lang='grc' dir='ltr'><strong>τὸ</strong></span> <span class='ocrx_word' id='word_1_664' title='bbox 2985 4124 3200 4195; x_wconf 85' lang='grc' dir='ltr'>πικρόν.</span> <span class='ocrx_word' id='word_1_665' title='bbox 3241 4123 3547 4195; x_wconf 76' lang='grc' dir='ltr'>Ἐφάγομεν</span> <span class='ocrx_word' id='word_1_666' title='bbox 3590 4124 3754 4195; x_wconf 80' lang='grc' dir='ltr'>ἄρτον</span> <span class='ocrx_word' id='word_1_667' title='bbox 3793 4125 3852 4190; x_wconf 78' lang='grc' dir='ltr'>ἐξ</span> 
     </span>
    </p>
   </div>
   <div class='ocr_carea' id='block_1_87' title="bbox 2275 4211 3853 4284">
    <p class='ocr_par' dir='ltr' id='par_1_87' title="bbox 2275 4211 3853 4284">
     <span class='ocr_line' id='line_1_87' title="bbox 2275 4211 3853 4284; baseline -0.001 -17"><span class='ocrx_word' id='word_1_668' title='bbox 2275 4213 2506 4284; x_wconf 73' lang='grc' dir='ltr'>οὐρανοῦ</span> <span class='ocrx_word' id='word_1_669' title='bbox 2533 4211 2818 4284; x_wconf 85' lang='grc' dir='ltr'>(μυστικὸς</span> <span class='ocrx_word' id='word_1_670' title='bbox 2843 4213 2871 4264; x_wconf 86' lang='lat'><strong>6</strong></span> <span class='ocrx_word' id='word_1_671' title='bbox 2901 4211 3105 4279; x_wconf 82' lang='grc' dir='ltr'>λόγος),</span> <span class='ocrx_word' id='word_1_672' title='bbox 3137 4212 3558 4284; x_wconf 79' lang='grc' dir='ltr'>διεὸιὸάσθημεν</span> <span class='ocrx_word' id='word_1_673' title='bbox 3585 4215 3676 4266; x_wconf 83' lang='grc' dir='ltr'><strong>τὸν</strong></span> <span class='ocrx_word' id='word_1_674' title='bbox 3718 4213 3853 4282; x_wconf 81' lang='grc' dir='ltr'><strong>Ἰορ-</strong></span> 
     </span>
    </p>
   </div>
   <div class='ocr_carea' id='block_1_88' title="bbox 2275 4301 3854 4376">
    <p class='ocr_par' dir='ltr' id='par_1_88' title="bbox 2275 4301 3854 4376">
     <span class='ocr_line' id='line_1_88' title="bbox 2275 4301 3854 4376; baseline 0 -19"><span class='ocrx_word' id='word_1_675' title='bbox 2275 4305 2463 4374; x_wconf 83' lang='grc' dir='ltr'>δάνην,</span> <span class='ocrx_word' id='word_1_676' title='bbox 2508 4301 2810 4376; x_wconf 81' lang='grc' dir='ltr'>περιτομὴν</span> <span class='ocrx_word' id='word_1_677' title='bbox 2854 4304 3169 4374; x_wconf 74' lang='grc' dir='ltr'>ἐσχήκαμεν</span> <span class='ocrx_word' id='word_1_678' title='bbox 3199 4304 3296 4374; x_wconf 81' lang='grc' dir='ltr'><strong>τὴν</strong></span> <span class='ocrx_word' id='word_1_679' title='bbox 3333 4305 3390 4359; x_wconf 89' lang='grc' dir='ltr'><strong>ἐν</strong></span> <span class='ocrx_word' id='word_1_680' title='bbox 3418 4307 3716 4376; x_wconf 81' lang='grc' dir='ltr'>πνεύματι,</span> <span class='ocrx_word' id='word_1_681' title='bbox 3759 4322 3854 4357; x_wconf 76' lang='lat' dir='ltr'><strong>xs-</strong></span> 
     </span>
    </p>
   </div>
   <div class='ocr_carea' id='block_1_89' title="bbox 2279 4391 3855 4466">
    <p class='ocr_par' dir='ltr' id='par_1_89' title="bbox 2279 4391 3855 4466">
     <span class='ocr_line' id='line_1_89' title="bbox 2279 4391 3855 4466; baseline 0 -19"><span class='ocrx_word' id='word_1_682' title='bbox 2279 4395 2771 4466; x_wconf 80' lang='grc' dir='ltr'>κληρονομήκαμεν</span> <span class='ocrx_word' id='word_1_683' title='bbox 2813 4391 2911 4463; x_wconf 83' lang='grc' dir='ltr'>τὴν</span> <span class='ocrx_word' id='word_1_684' title='bbox 2955 4393 3066 4446; x_wconf 78' lang='grc' dir='ltr'>ἄνω</span> <span class='ocrx_word' id='word_1_685' title='bbox 3095 4393 3272 4457; x_wconf 84' lang='grc' dir='ltr'>πόλιν,</span> <span class='ocrx_word' id='word_1_686' title='bbox 3315 4393 3410 4464; x_wconf 61' lang='grc' dir='ltr'>τὴν</span> <span class='ocrx_word' id='word_1_687' title='bbox 3440 4394 3654 4465; x_wconf 81' lang='grc' dir='ltr'>ἀληθῶς</span> <span class='ocrx_word' id='word_1_688' title='bbox 3694 4395 3855 4462; x_wconf 82' lang='grc' dir='ltr'>ἁγίαν</span> 
     </span>
    </p>
   </div>
   <div class='ocr_carea' id='block_1_90' title="bbox 600 4478 2169 4558">
    <p class='ocr_par' dir='ltr' id='par_1_90' title="bbox 600 4479 2169 4551">
     <span class='ocr_line' id='line_1_90' title="bbox 600 4479 2169 4551; baseline 0.005 -17"><span class='ocrx_word' id='word_1_689' title='bbox 600 4480 782 4546; x_wconf 88' lang='lat' dir='ltr'><strong>mites,</strong></span> <span class='ocrx_word' id='word_1_690' title='bbox 819 4479 1075 4549; x_wconf 88' lang='lat' dir='ltr'><strong>quoniam</strong></span> <span class='ocrx_word' id='word_1_691' title='bbox 1105 4481 1203 4551; x_wconf 91' lang='lat' dir='ltr'><strong>ipsi</strong></span> <span class='ocrx_word' id='word_1_692' title='bbox 1236 4483 1585 4550; x_wconf 86' lang='lat' dir='ltr'><strong>possidebunt</strong></span> <span class='ocrx_word' id='word_1_693' title='bbox 1640 4493 1840 4540; x_wconf 90' lang='lat' dir='ltr'><strong>terram</strong></span> <span class='ocrx_word' id='word_1_694' title='bbox 1871 4486 1936 4540; x_wconf 85' lang='grc'><strong>³⁸.</strong></span> <span class='ocrx_word' id='word_1_695' title='bbox 1974 4506 1994 4539; x_wconf 73' lang='grc' dir='ltr'><strong>ι</strong></span> <span class='ocrx_word' id='word_1_696' title='bbox 2035 4485 2169 4543; x_wconf 87' lang='lat' dir='ltr'><strong>Puto</strong></span> 
     </span>
    </p>
   </div>
   <div class='ocr_carea' id='block_1_91' title="bbox 2273 4478 3850 4558">
    <p class='ocr_par' dir='ltr' id='par_1_91' title="bbox 2278 4481 3850 4558">
     <span class='ocr_line' id='line_1_91' title="bbox 2278 4481 3850 4558; baseline 0 -23"><span class='ocrx_word' id='word_1_697' title='bbox 2278 4490 2404 4558; x_wconf 75' lang='grc' dir='ltr'>γῆν,</span> <span class='ocrx_word' id='word_1_698' title='bbox 2451 4481 2516 4555; x_wconf 85' lang='grc' dir='ltr'>ἦς</span> <span class='ocrx_word' id='word_1_699' title='bbox 2551 4485 2648 4538; x_wconf 74' lang='grc' dir='ltr'>καὶ</span> <span class='ocrx_word' id='word_1_700' title='bbox 2690 4483 2852 4546; x_wconf 81' lang='grc' dir='ltr'>αὐτὸς</span> <span class='ocrx_word' id='word_1_701' title='bbox 2894 4485 2923 4536; x_wconf 88' lang='lat'><strong>6</strong></span> <span class='ocrx_word' id='word_1_702' title='bbox 2974 4484 3208 4554; x_wconf 75' lang='grc' dir='ltr'>Χριστὸς</span> <span class='ocrx_word' id='word_1_703' title='bbox 3249 4483 3597 4556; x_wconf 79' lang='grc' dir='ltr'>διεμέμνητο,</span> <span class='ocrx_word' id='word_1_704' title='bbox 3641 4484 3850 4553; x_wconf 83' lang='grc' dir='ltr'>λέγων·</span> 
     </span>
    </p>
   </div>
   <div class='ocr_carea' id='block_1_92' title="bbox 597 4573 2173 4648">
    <p class='ocr_par' dir='ltr' id='par_1_92' title="bbox 597 4573 2173 4648">
     <span class='ocr_line' id='line_1_92' title="bbox 597 4573 2173 4648; baseline 0.005 -22"><span class='ocrx_word' id='word_1_705' title='bbox 597 4581 898 4644; x_wconf 81' lang='lat' dir='ltr'><strong>autemego</strong></span> <span class='ocrx_word' id='word_1_706' title='bbox 925 4573 1383 4644; x_wconf 84' lang='lat' dir='ltr'><strong>sapientissimum</strong></span> <span class='ocrx_word' id='word_1_707' title='bbox 1410 4590 1623 4646; x_wconf 89' lang='lat' dir='ltr'><strong>quoque</strong></span> <span class='ocrx_word' id='word_1_708' title='bbox 1657 4577 2044 4648; x_wconf 74' lang='lat' dir='ltr'><strong>evangelistam</strong></span> <span class='ocrx_word' id='word_1_709' title='bbox 2079 4579 2173 4634; x_wconf 83' lang='lat' dir='ltr'><strong>Jo-</strong></span> 
     </span>
    </p>
   </div>
   <div class='ocr_carea' id='block_1_93' title="bbox 598 4664 2175 4734">
    <p class='ocr_par' dir='ltr' id='par_1_93' title="bbox 598 4664 2175 4734">
     <span class='ocr_line' id='line_1_93' title="bbox 598 4664 2175 4734; baseline 0.007 -18"><span class='ocrx_word' id='word_1_710' title='bbox 598 4678 793 4718; x_wconf 91' lang='lat' dir='ltr'><strong>annem</strong></span> <span class='ocrx_word' id='word_1_711' title='bbox 828 4664 928 4720; x_wconf 90' lang='lat' dir='ltr'><strong>hoc</strong></span> <span class='ocrx_word' id='word_1_712' title='bbox 970 4664 1144 4734; x_wconf 90' lang='lat' dir='ltr'><strong>ipsmn</strong></span> <span class='ocrx_word' id='word_1_713' title='bbox 1212 4666 1521 4732; x_wconf 81' lang='lat' dir='ltr'><strong>signiﬁcare</strong></span> <span class='ocrx_word' id='word_1_714' title='bbox 1564 4667 1720 4733; x_wconf 89' lang='lat' dir='ltr'><strong>velle,</strong></span> <span class='ocrx_word' id='word_1_715' title='bbox 1771 4684 1893 4724; x_wconf 90' lang='lat' dir='ltr'><strong>cum</strong></span> <span class='ocrx_word' id='word_1_716' title='bbox 1928 4669 2058 4724; x_wconf 92' lang='lat' dir='ltr'><strong>dicit</strong></span> <span class='ocrx_word' id='word_1_717' title='bbox 2109 4673 2175 4727; x_wconf 90' lang='lat' dir='ltr'><strong>de</strong></span> 
     </span>
    </p>
   </div>
   <div class='ocr_carea' id='block_1_94' title="bbox 599 4755 2171 4834">
    <p class='ocr_par' dir='ltr' id='par_1_94' title="bbox 599 4755 2171 4834">
     <span class='ocr_line' id='line_1_94' title="bbox 599 4755 2171 4834; baseline 0.004 -23"><span class='ocrx_word' id='word_1_718' title='bbox 599 4755 852 4812; x_wconf 86' lang='lat' dir='ltr'><strong>Christo:</strong></span> <span class='ocrx_word' id='word_1_719' title='bbox 887 4757 990 4812; x_wconf 68' lang='lat' dir='ltr'><strong>«De</strong></span> <span class='ocrx_word' id='word_1_720' title='bbox 1011 4757 1348 4828; x_wconf 88' lang='lat' dir='ltr'><strong>plenitudine</strong></span> <span class='ocrx_word' id='word_1_721' title='bbox 1375 4758 1492 4828; x_wconf 88' lang='lat' dir='ltr'><strong>ejus</strong></span> <span class='ocrx_word' id='word_1_722' title='bbox 1510 4775 1608 4814; x_wconf 91' lang='lat' dir='ltr'><strong>nos</strong></span> <span class='ocrx_word' id='word_1_723' title='bbox 1631 4775 1822 4816; x_wconf 90' lang='lat' dir='ltr'><strong>omnes</strong></span> <span class='ocrx_word' id='word_1_724' title='bbox 1840 4762 2171 4834; x_wconf 82' lang='lat' dir='ltr'><strong>accepimus,</strong></span> 
     </span>
    </p>
   </div>
   <div class='ocr_carea' id='block_1_95' title="bbox 599 4847 2180 4920">
    <p class='ocr_par' dir='ltr' id='par_1_95' title="bbox 599 4847 2180 4920">
     <span class='ocr_line' id='line_1_95' title="bbox 599 4847 2180 4920; baseline 0.006 -21"><span class='ocrx_word' id='word_1_725' title='bbox 599 4853 654 4899; x_wconf 91' lang='lat' dir='ltr'><strong>et</strong></span> <span class='ocrx_word' id='word_1_726' title='bbox 685 4848 912 4917; x_wconf 89' lang='lat' dir='ltr'><strong>gratiam</strong></span> <span class='ocrx_word' id='word_1_727' title='bbox 944 4863 1042 4918; x_wconf 92' lang='lat' dir='ltr'><strong>pro</strong></span> <span class='ocrx_word' id='word_1_728' title='bbox 1071 4849 1265 4918; x_wconf 83' lang='lat' dir='ltr'><strong>gratia.</strong></span> <span class='ocrx_word' id='word_1_729' title='bbox 1298 4847 1434 4914; x_wconf 83' lang='lat' dir='ltr'><strong>Quia</strong></span> <span class='ocrx_word' id='word_1_730' title='bbox 1467 4849 1552 4903; x_wconf 81' lang='lat' dir='ltr'><strong>lex</strong></span> <span class='ocrx_word' id='word_1_731' title='bbox 1582 4865 1677 4919; x_wconf 91' lang='lat' dir='ltr'><strong>per</strong></span> <span class='ocrx_word' id='word_1_732' title='bbox 1706 4849 1888 4905; x_wconf 82' lang='lat' dir='ltr'><strong>Mosen</strong></span> <span class='ocrx_word' id='word_1_733' title='bbox 1917 4853 2040 4908; x_wconf 89' lang='lat' dir='ltr'><strong>data</strong></span> <span class='ocrx_word' id='word_1_734' title='bbox 2070 4864 2180 4920; x_wconf 90' lang='lat' dir='ltr'><strong>est,</strong></span> 
     </span>
    </p>
   </div>
   <div class='ocr_carea' id='block_1_96' title="bbox 600 4937 2171 5009">
    <p class='ocr_par' dir='ltr' id='par_1_96' title="bbox 600 4937 2171 5009">
     <span class='ocr_line' id='line_1_96' title="bbox 600 4937 2171 5009; baseline 0.004 -17"><span class='ocrx_word' id='word_1_735' title='bbox 600 4938 772 5009; x_wconf 88' lang='lat' dir='ltr'><strong>gratia</strong></span> <span class='ocrx_word' id='word_1_736' title='bbox 803 4947 859 4994; x_wconf 88' lang='lat' dir='ltr'><strong>et</strong></span> <span class='ocrx_word' id='word_1_737' title='bbox 882 4939 1084 4992; x_wconf 88' lang='lat' dir='ltr'><strong>veritas</strong></span> <span class='ocrx_word' id='word_1_738' title='bbox 1114 4955 1208 5009; x_wconf 91' lang='lat' dir='ltr'><strong>per</strong></span> <span class='ocrx_word' id='word_1_739' title='bbox 1235 4937 1420 4994; x_wconf 68' lang='lat' dir='ltr'><strong>Iesum</strong></span> <span class='ocrx_word' id='word_1_740' title='bbox 1451 4939 1727 4995; x_wconf 89' lang='lat' dir='ltr'><strong>Christum</strong></span> <span class='ocrx_word' id='word_1_741' title='bbox 1762 4940 1904 4997; x_wconf 83' lang='lat' dir='ltr'><strong>facta</strong></span> <span class='ocrx_word' id='word_1_742' title='bbox 1938 4953 2022 4998; x_wconf 85' lang='lat' dir='ltr'><strong>est</strong></span> <span class='ocrx_word' id='word_1_743' title='bbox 2048 4945 2117 4999; x_wconf 78' lang='grc'><strong>³⁸.</strong></span> <span class='ocrx_word' id='word_1_744' title='bbox 2151 4965 2171 4999; x_wconf 77' lang='grc' dir='ltr'><strong>ι</strong></span> 
     </span>
    </p>
   </div>
   <div class='ocr_carea' id='block_1_97' title="bbox 600 5028 2184 5103">
    <p class='ocr_par' dir='ltr' id='par_1_97' title="bbox 600 5028 2184 5103">
     <span class='ocr_line' id='line_1_97' title="bbox 600 5028 2184 5103; baseline 0.004 -21"><span class='ocrx_word' id='word_1_745' title='bbox 600 5028 844 5084; x_wconf 83' lang='lat' dir='ltr'><strong>Minister</strong></span> <span class='ocrx_word' id='word_1_746' title='bbox 896 5029 1037 5084; x_wconf 89' lang='lat' dir='ltr'><strong>enim</strong></span> <span class='ocrx_word' id='word_1_747' title='bbox 1095 5038 1149 5082; x_wconf 91' lang='lat' dir='ltr'><strong>et</strong></span> <span class='ocrx_word' id='word_1_748' title='bbox 1236 5031 1502 5086; x_wconf 88' lang='lat' dir='ltr'><strong>mediator</strong></span> <span class='ocrx_word' id='word_1_749' title='bbox 1576 5031 1777 5086; x_wconf 91' lang='lat' dir='ltr'><strong>veteris</strong></span> <span class='ocrx_word' id='word_1_750' title='bbox 1862 5032 2004 5088; x_wconf 91' lang='lat' dir='ltr'><strong>illius</strong></span> <span class='ocrx_word' id='word_1_751' title='bbox 2059 5050 2184 5103; x_wconf 86' lang='lat' dir='ltr'><strong>gra-</strong></span> 
     </span>
    </p>
   </div>
   <div class='ocr_carea' id='block_1_98' title="bbox 603 5120 2186 5196">
    <p class='ocr_par' dir='ltr' id='par_1_98' title="bbox 603 5120 2186 5196">
     <span class='ocr_line' id='line_1_98' title="bbox 603 5120 2186 5196; baseline 0.004 -20"><span class='ocrx_word' id='word_1_752' title='bbox 603 5122 691 5177; x_wconf 71' lang='lat' dir='ltr'><strong>tiae</strong></span> <span class='ocrx_word' id='word_1_753' title='bbox 769 5120 945 5179; x_wconf 83' lang='lat' dir='ltr'><strong>Moses</strong></span> <span class='ocrx_word' id='word_1_754' title='bbox 1000 5122 1148 5189; x_wconf 81' lang='lat' dir='ltr'><strong>fuit;</strong></span> <span class='ocrx_word' id='word_1_755' title='bbox 1194 5125 1448 5179; x_wconf 69' lang='lat' dir='ltr'><strong>secundae</strong></span> <span class='ocrx_word' id='word_1_756' title='bbox 1544 5135 1726 5180; x_wconf 89' lang='lat' dir='ltr'><strong>autem</strong></span> <span class='ocrx_word' id='word_1_757' title='bbox 1811 5125 1997 5196; x_wconf 76' lang='lat' dir='ltr'><strong>gratim</strong></span> <span class='ocrx_word' id='word_1_758' title='bbox 2026 5127 2186 5182; x_wconf 59' lang='lat' dir='ltr'><strong>tihri.</strong></span> 
     </span>
    </p>
   </div>
   <div class='ocr_carea' id='block_1_99' title="bbox 597 5213 2180 5290">
    <p class='ocr_par' dir='ltr' id='par_1_99' title="bbox 597 5213 2180 5290">
     <span class='ocr_line' id='line_1_99' title="bbox 597 5213 2180 5290; baseline 0.004 -23"><span class='ocrx_word' id='word_1_759' title='bbox 597 5222 736 5278; x_wconf 88' lang='lat' dir='ltr'><strong>stus,</strong></span> <span class='ocrx_word' id='word_1_760' title='bbox 774 5229 894 5284; x_wconf 71' lang='lat' dir='ltr'><strong>qua:</strong></span> <span class='ocrx_word' id='word_1_761' title='bbox 941 5213 1348 5270; x_wconf 88' lang='lat' dir='ltr'><strong>similitudinem</strong></span> <span class='ocrx_word' id='word_1_762' title='bbox 1401 5217 1598 5286; x_wconf 92' lang='lat' dir='ltr'><strong>prioris</strong></span> <span class='ocrx_word' id='word_1_763' title='bbox 1655 5217 1797 5272; x_wconf 90' lang='lat' dir='ltr'><strong>illius</strong></span> <span class='ocrx_word' id='word_1_764' title='bbox 1819 5217 2002 5274; x_wconf 89' lang='lat' dir='ltr'><strong>habet.</strong></span> <span class='ocrx_word' id='word_1_765' title='bbox 2050 5217 2180 5290; x_wconf 83' lang='lat' dir='ltr'><strong>Typi</strong></span> 
     </span>
    </p>
   </div>
   <div class='ocr_carea' id='block_1_100' title="bbox 597 5303 2182 5376">
    <p class='ocr_par' dir='ltr' id='par_1_100' title="bbox 597 5303 2182 5376">
     <span class='ocr_line' id='line_1_100' title="bbox 597 5303 2182 5376; baseline 0.005 -18"><span class='ocrx_word' id='word_1_766' title='bbox 597 5303 742 5359; x_wconf 88' lang='lat' dir='ltr'><strong>enim</strong></span> <span class='ocrx_word' id='word_1_767' title='bbox 769 5306 988 5376; x_wconf 89' lang='lat' dir='ltr'><strong>quidam</strong></span> <span class='ocrx_word' id='word_1_768' title='bbox 1020 5315 1178 5359; x_wconf 90' lang='lat' dir='ltr'><strong>erant</strong></span> <span class='ocrx_word' id='word_1_769' title='bbox 1236 5308 1302 5360; x_wconf 89' lang='lat' dir='ltr'><strong>ad</strong></span> <span class='ocrx_word' id='word_1_770' title='bbox 1364 5309 1683 5372; x_wconf 89' lang='lat' dir='ltr'><strong>veritatem,</strong></span> <span class='ocrx_word' id='word_1_771' title='bbox 1747 5312 1862 5364; x_wconf 90' lang='lat' dir='ltr'><strong>sive</strong></span> <span class='ocrx_word' id='word_1_772' title='bbox 1933 5313 2182 5366; x_wconf 83' lang='lat' dir='ltr'><strong>veritatis</strong></span> 
     </span>
    </p>
   </div>
   <div class='ocr_carea' id='block_1_101' title="bbox 598 5397 2177 5468">
    <p class='ocr_par' dir='ltr' id='par_1_101' title="bbox 598 5397 2177 5468">
     <span class='ocr_line' id='line_1_101' title="bbox 598 5397 2177 5468; baseline 0.006 -20"><span class='ocrx_word' id='word_1_773' title='bbox 598 5397 764 5451; x_wconf 81' lang='lat' dir='ltr'><strong>deous</strong></span> <span class='ocrx_word' id='word_1_774' title='bbox 797 5399 1182 5468; x_wconf 87' lang='lat' dir='ltr'><strong>parturientes,</strong></span> <span class='ocrx_word' id='word_1_775' title='bbox 1217 5410 1369 5453; x_wconf 86' lang='lat' dir='ltr'><strong>tanto</strong></span> <span class='ocrx_word' id='word_1_776' title='bbox 1398 5401 1642 5454; x_wconf 88' lang='lat' dir='ltr'><strong>melioris</strong></span> <span class='ocrx_word' id='word_1_777' title='bbox 1673 5412 1726 5455; x_wconf 89' lang='lat' dir='ltr'><strong>et</strong></span> <span class='ocrx_word' id='word_1_778' title='bbox 1754 5402 2177 5466; x_wconf 80' lang='lat' dir='ltr'><strong>excellentioris,</strong></span> 
     </span>
    </p>
   </div>
   <div class='ocr_carea' id='block_1_102' title="bbox 598 5492 2176 5567">
    <p class='ocr_par' dir='ltr' id='par_1_102' title="bbox 598 5492 2176 5567">
     <span class='ocr_line' id='line_1_102' title="bbox 598 5492 2176 5567; baseline 0.007 -30"><span class='ocrx_word' id='word_1_779' title='bbox 598 5497 802 5555; x_wconf 89' lang='lat' dir='ltr'><strong>quanto</strong></span> <span class='ocrx_word' id='word_1_780' title='bbox 848 5505 967 5559; x_wconf 76' lang='lat' dir='ltr'><strong>qua:</strong></span> <span class='ocrx_word' id='word_1_781' title='bbox 1013 5492 1284 5567; x_wconf 70' lang='lat' dir='ltr'><strong>sensibus</strong></span> <span class='ocrx_word' id='word_1_782' title='bbox 1335 5507 1395 5546; x_wconf 87' lang='lat' dir='ltr'><strong>ea</strong></span> <span class='ocrx_word' id='word_1_783' title='bbox 1469 5507 1589 5560; x_wconf 77' lang='lat' dir='ltr'><strong>quae</strong></span> <span class='ocrx_word' id='word_1_784' title='bbox 1643 5492 1755 5546; x_wconf 85' lang='lat' dir='ltr'><strong>sola</strong></span> <span class='ocrx_word' id='word_1_785' title='bbox 1825 5493 2176 5562; x_wconf 83' lang='lat' dir='ltr'><strong>intelligentia</strong></span> 
     </span>
    </p>
   </div>
   <div class='ocr_carea' id='block_1_103' title="bbox 668 5685 2386 5760">
    <p class='ocr_par' dir='ltr' id='par_1_103' title="bbox 668 5685 2386 5760">
     <span class='ocr_line' id='line_1_103' title="bbox 668 5685 2386 5760; baseline 0 -18"><span class='ocrx_word' id='word_1_786' title='bbox 668 5688 712 5720; x_wconf 77' lang='lat'><strong>”</strong></span> <span class='ocrx_word' id='word_1_787' title='bbox 743 5685 897 5760; x_wconf 71' lang='lat' dir='ltr'><strong>Joan.</strong></span> <span class='ocrx_word' id='word_1_788' title='bbox 929 5705 1038 5750; x_wconf 81' lang='lat' dir='ltr'><strong>xw,</strong></span> <span class='ocrx_word' id='word_1_789' title='bbox 1067 5690 1152 5745; x_wconf 84' lang='grc'><strong>10.</strong></span> <span class='ocrx_word' id='word_1_790' title='bbox 1231 5691 1274 5720; x_wconf 71' lang='grc'><strong>’⁸</strong></span> <span class='ocrx_word' id='word_1_791' title='bbox 1305 5690 1433 5744; x_wconf 84' lang='grc' dir='ltr'>Ι).ιιι.</span> <span class='ocrx_word' id='word_1_792' title='bbox 1471 5707 1530 5751; x_wconf 87' lang='lat' dir='ltr'><strong>ll,</strong></span> <span class='ocrx_word' id='word_1_793' title='bbox 1564 5692 1653 5744; x_wconf 73' lang='lat' dir='ltr'><strong>3i.</strong></span> <span class='ocrx_word' id='word_1_794' title='bbox 1735 5692 1778 5721; x_wconf 76' lang='grc'><strong>¹⁹</strong></span> <span class='ocrx_word' id='word_1_795' title='bbox 1813 5692 2042 5760; x_wconf 82' lang='lat' dir='ltr'><strong>Philipp.</strong></span> <span class='ocrx_word' id='word_1_796' title='bbox 2076 5709 2134 5754; x_wconf 92' lang='grc' dir='ltr'><strong>ιι,</strong></span> <span class='ocrx_word' id='word_1_797' title='bbox 2177 5692 2264 5753; x_wconf 75' lang='grc'><strong>10,</strong></span> <span class='ocrx_word' id='word_1_798' title='bbox 2305 5691 2386 5742; x_wconf 92' lang='lat' dir='ltr'><strong>ll.</strong></span> 
     </span>
    </p>
   </div>
   <div class='ocr_carea' id='block_1_104' title="bbox 599 5759 2324 5829">
    <p class='ocr_par' dir='ltr' id='par_1_104' title="bbox 599 5759 2324 5829">
     <span class='ocr_line' id='line_1_104' title="bbox 599 5759 2324 5829; baseline 0.001 -18"><span class='ocrx_word' id='word_1_799' title='bbox 599 5771 717 5823; x_wconf 86' lang='lat' dir='ltr'><strong>vm,</strong></span> <span class='ocrx_word' id='word_1_800' title='bbox 747 5759 831 5813; x_wconf 82' lang='lat' dir='ltr'><strong>l7.</strong></span> <span class='ocrx_word' id='word_1_801' title='bbox 910 5760 952 5790; x_wconf 82' lang='grc'>³³</span> <span class='ocrx_word' id='word_1_802' title='bbox 985 5760 1154 5814; x_wconf 70' lang='grc' dir='ltr'>Ειυιι.</span> <span class='ocrx_word' id='word_1_803' title='bbox 1198 5776 1234 5824; x_wconf 93' lang='lat' dir='ltr'><strong>I,</strong></span> <span class='ocrx_word' id='word_1_804' title='bbox 1267 5761 1350 5814; x_wconf 67' lang='lat' dir='ltr'><strong>ll.</strong></span> <span class='ocrx_word' id='word_1_805' title='bbox 1429 5763 1472 5792; x_wconf 65' lang='grc'>³³</span> <span class='ocrx_word' id='word_1_806' title='bbox 1509 5762 1815 5828; x_wconf 66' lang='lat' dir='ltr'><strong>Exod.m1,</strong></span> <span class='ocrx_word' id='word_1_807' title='bbox 1852 5763 1866 5814; x_wconf 92' lang='lat' dir='ltr'><strong>l</strong></span> <span class='ocrx_word' id='word_1_808' title='bbox 1901 5780 1915 5826; x_wconf 84' lang='lat'><strong>;</strong></span> <span class='ocrx_word' id='word_1_809' title='bbox 1949 5759 2098 5814; x_wconf 74' lang='lat' dir='ltr'><strong>Juan.</strong></span> <span class='ocrx_word' id='word_1_810' title='bbox 2141 5778 2210 5829; x_wconf 67' lang='grc' dir='ltr'>γι,</span> <span class='ocrx_word' id='word_1_811' title='bbox 2238 5763 2324 5813; x_wconf 68' lang='grc' dir='ltr'><strong>δι.</strong></span> 
     </span>
    </p>
   </div>
   <div class='ocr_carea' id='block_1_105' title="bbox 2286 4567 3855 4646">
    <p class='ocr_par' dir='ltr' id='par_1_105' title="bbox 2286 4567 3855 4646">
     <span class='ocr_line' id='line_1_105' title="bbox 2286 4567 3855 4646; baseline 0 -21"><span class='ocrx_word' id='word_1_812' title='bbox 2286 4592 2303 4624; x_wconf 75' lang='grc' dir='ltr'>ι</span> <span class='ocrx_word' id='word_1_813' title='bbox 2329 4567 2604 4643; x_wconf 74' lang='grc' dir='ltr'>Μακάριοι</span> <span class='ocrx_word' id='word_1_814' title='bbox 2639 4573 2686 4624; x_wconf 87' lang='grc' dir='ltr'>οἱ</span> <span class='ocrx_word' id='word_1_815' title='bbox 2718 4573 2933 4640; x_wconf 85' lang='grc' dir='ltr'>πραεῖς,</span> <span class='ocrx_word' id='word_1_816' title='bbox 2970 4572 3052 4625; x_wconf 80' lang='grc' dir='ltr'>ὅτι</span> <span class='ocrx_word' id='word_1_817' title='bbox 3079 4571 3231 4624; x_wconf 73' lang='grc' dir='ltr'>αὐτοὶ</span> <span class='ocrx_word' id='word_1_818' title='bbox 3261 4572 3729 4646; x_wconf 78' lang='grc' dir='ltr'>κληρονομήσουσι</span> <span class='ocrx_word' id='word_1_819' title='bbox 3754 4573 3855 4644; x_wconf 73' lang='grc' dir='ltr'>τὴν</span> 
     </span>
    </p>
   </div>
   <div class='ocr_carea' id='block_1_106' title="bbox 2281 4658 3855 4734">
    <p class='ocr_par' dir='ltr' id='par_1_106' title="bbox 2281 4658 3855 4734">
     <span class='ocr_line' id='line_1_106' title="bbox 2281 4658 3855 4734; baseline 0.001 -18"><span class='ocrx_word' id='word_1_820' title='bbox 2281 4663 2406 4733; x_wconf 80' lang='grc' dir='ltr'>γῆν.</span> <span class='ocrx_word' id='word_1_821' title='bbox 2449 4684 2465 4714; x_wconf 74' lang='grc' dir='ltr'><strong>ι</strong></span> <span class='ocrx_word' id='word_1_822' title='bbox 2502 4658 2670 4732; x_wconf 74' lang='grc' dir='ltr'>Οἶμαι</span> <span class='ocrx_word' id='word_1_823' title='bbox 2700 4662 2757 4715; x_wconf 78' lang='grc' dir='ltr'>δὲ</span> <span class='ocrx_word' id='word_1_824' title='bbox 2787 4662 2961 4731; x_wconf 80' lang='grc' dir='ltr'>ἔγωγε</span> <span class='ocrx_word' id='word_1_825' title='bbox 2992 4663 3087 4716; x_wconf 67' lang='grc' dir='ltr'><strong>καὶ</strong></span> <span class='ocrx_word' id='word_1_826' title='bbox 3108 4663 3198 4715; x_wconf 80' lang='grc' dir='ltr'><strong>τὸν</strong></span> <span class='ocrx_word' id='word_1_827' title='bbox 3235 4664 3545 4732; x_wconf 70' lang='grc' dir='ltr'>σοφώτατον</span> <span class='ocrx_word' id='word_1_828' title='bbox 3567 4666 3855 4734; x_wconf 74' lang='grc' dir='ltr'>εὐαγγελι-</span> 
     </span>
    </p>
   </div>
   <div class='ocr_carea' id='block_1_107' title="bbox 2282 4753 3856 4830">
    <p class='ocr_par' dir='ltr' id='par_1_107' title="bbox 2282 4753 3856 4830">
     <span class='ocr_line' id='line_1_107' title="bbox 2282 4753 3856 4830; baseline 0.003 -23"><span class='ocrx_word' id='word_1_829' title='bbox 2282 4755 2414 4824; x_wconf 78' lang='grc' dir='ltr'>στὴν</span> <span class='ocrx_word' id='word_1_830' title='bbox 2452 4755 2726 4823; x_wconf 83' lang='grc' dir='ltr'>Ἰωάννην,</span> <span class='ocrx_word' id='word_1_831' title='bbox 2762 4754 2894 4808; x_wconf 81' lang='grc' dir='ltr'>αὐτὸ</span> <span class='ocrx_word' id='word_1_832' title='bbox 2929 4755 2993 4826; x_wconf 76' lang='grc' dir='ltr'>δὴ</span> <span class='ocrx_word' id='word_1_833' title='bbox 3031 4753 3188 4808; x_wconf 86' lang='grc' dir='ltr'>τοῦτο</span> <span class='ocrx_word' id='word_1_834' title='bbox 3228 4754 3513 4825; x_wconf 82' lang='grc' dir='ltr'>βούλεσθαι</span> <span class='ocrx_word' id='word_1_835' title='bbox 3551 4758 3764 4830; x_wconf 80' lang='grc' dir='ltr'>δηλοῦν,</span> <span class='ocrx_word' id='word_1_836' title='bbox 3805 4759 3856 4811; x_wconf 81' lang='grc' dir='ltr'><strong>εί</strong></span> 
     </span>
    </p>
   </div>
   <div class='ocr_carea' id='block_1_108' title="bbox 2280 4845 3854 4920">
    <p class='ocr_par' dir='ltr' id='par_1_108' title="bbox 2280 4845 3854 4920">
     <span class='ocr_line' id='line_1_108' title="bbox 2280 4845 3854 4920; baseline 0.003 -22"><span class='ocrx_word' id='word_1_837' title='bbox 2280 4847 2427 4914; x_wconf 86' lang='grc' dir='ltr'>λέγοι</span> <span class='ocrx_word' id='word_1_838' title='bbox 2459 4847 2586 4918; x_wconf 72' lang='grc' dir='ltr'>περὶ</span> <span class='ocrx_word' id='word_1_839' title='bbox 2607 4845 2868 4916; x_wconf 81' lang='grc' dir='ltr'>Χριστοῦ,</span> <span class='ocrx_word' id='word_1_840' title='bbox 2889 4847 2970 4900; x_wconf 81' lang='grc' dir='ltr'>ὅτι</span> <span class='ocrx_word' id='word_1_841' title='bbox 3002 4867 3020 4898; x_wconf 77' lang='grc' dir='ltr'>ι</span> <span class='ocrx_word' id='word_1_842' title='bbox 3045 4849 3139 4900; x_wconf 78' lang='grc' dir='ltr'>Ἐκ</span> <span class='ocrx_word' id='word_1_843' title='bbox 3172 4847 3266 4900; x_wconf 89' lang='grc' dir='ltr'><strong>τοῦ</strong></span> <span class='ocrx_word' id='word_1_844' title='bbox 3295 4848 3662 4920; x_wconf 82' lang='grc' dir='ltr'>πληρώματος</span> <span class='ocrx_word' id='word_1_845' title='bbox 3687 4850 3854 4904; x_wconf 86' lang='grc' dir='ltr'>αὐτοῦ</span> 
     </span>
    </p>
   </div>
   <div class='ocr_carea' id='block_1_109' title="bbox 2281 4937 3855 5014">
    <p class='ocr_par' dir='ltr' id='par_1_109' title="bbox 2281 4937 3855 5014">
     <span class='ocr_line' id='line_1_109' title="bbox 2281 4937 3855 5014; baseline 0.003 -24"><span class='ocrx_word' id='word_1_846' title='bbox 2281 4939 2442 5008; x_wconf 79' lang='grc' dir='ltr'>ἡμεῖς</span> <span class='ocrx_word' id='word_1_847' title='bbox 2468 4937 2668 5001; x_wconf 85' lang='grc' dir='ltr'>πάντες</span> <span class='ocrx_word' id='word_1_848' title='bbox 2704 4937 2990 5008; x_wconf 78' lang='grc' dir='ltr'>ἐλάϐομεν,</span> <span class='ocrx_word' id='word_1_849' title='bbox 3021 4940 3117 4992; x_wconf 77' lang='grc' dir='ltr'>καὶ</span> <span class='ocrx_word' id='word_1_850' title='bbox 3145 4941 3302 5010; x_wconf 87' lang='grc' dir='ltr'>χάριν</span> <span class='ocrx_word' id='word_1_851' title='bbox 3332 4941 3452 4994; x_wconf 79' lang='grc' dir='ltr'>ἀντὶ</span> <span class='ocrx_word' id='word_1_852' title='bbox 3485 4941 3855 5014; x_wconf 81' lang='grc' dir='ltr'>χάριτος.⁹’οτι</span> 
     </span>
    </p>
   </div>
   <div class='ocr_carea' id='block_1_110' title="bbox 2279 5028 3855 5105">
    <p class='ocr_par' dir='ltr' id='par_1_110' title="bbox 2279 5028 3855 5105">
     <span class='ocr_line' id='line_1_110' title="bbox 2279 5028 3855 5105; baseline 0.002 -22"><span class='ocrx_word' id='word_1_853' title='bbox 2279 5033 2306 5083; x_wconf 85' lang='lat'><strong>6</strong></span> <span class='ocrx_word' id='word_1_854' title='bbox 2339 5031 2501 5100; x_wconf 88' lang='grc' dir='ltr'>νόμος</span> <span class='ocrx_word' id='word_1_855' title='bbox 2533 5028 2623 5082; x_wconf 86' lang='grc' dir='ltr'><strong>διὰ</strong></span> <span class='ocrx_word' id='word_1_856' title='bbox 2653 5029 2896 5093; x_wconf 83' lang='grc' dir='ltr'><strong>Μωσέως</strong></span> <span class='ocrx_word' id='word_1_857' title='bbox 2933 5030 3088 5101; x_wconf 80' lang='grc' dir='ltr'>ἐδόθη</span> <span class='ocrx_word' id='word_1_858' title='bbox 3111 5070 3126 5092; x_wconf 87' lang='grc'><strong>,</strong></span> <span class='ocrx_word' id='word_1_859' title='bbox 3157 5034 3189 5102; x_wconf 81' lang='grc' dir='ltr'><strong>ἡ</strong></span> <span class='ocrx_word' id='word_1_860' title='bbox 3236 5033 3393 5103; x_wconf 88' lang='grc' dir='ltr'>χάρις</span> <span class='ocrx_word' id='word_1_861' title='bbox 3433 5034 3529 5088; x_wconf 75' lang='grc' dir='ltr'><strong>καὶ</strong></span> <span class='ocrx_word' id='word_1_862' title='bbox 3568 5035 3602 5105; x_wconf 80' lang='grc' dir='ltr'><strong>η</strong></span> <span class='ocrx_word' id='word_1_863' title='bbox 3631 5034 3855 5105; x_wconf 82' lang='grc' dir='ltr'>ἀλήθεια</span> 
     </span>
    </p>
   </div>
   <div class='ocr_carea' id='block_1_111' title="bbox 2282 5120 3856 5196">
    <p class='ocr_par' dir='ltr' id='par_1_111' title="bbox 2282 5120 3856 5196">
     <span class='ocr_line' id='line_1_111' title="bbox 2282 5120 3856 5196; baseline 0 -20"><span class='ocrx_word' id='word_1_864' title='bbox 2282 5123 2369 5176; x_wconf 74' lang='grc' dir='ltr'>διὰ</span> <span class='ocrx_word' id='word_1_865' title='bbox 2410 5121 2584 5192; x_wconf 85' lang='grc' dir='ltr'>Ἰησοῦ</span> <span class='ocrx_word' id='word_1_866' title='bbox 2613 5120 2850 5194; x_wconf 87' lang='grc' dir='ltr'>Χριστοῦ</span> <span class='ocrx_word' id='word_1_867' title='bbox 2877 5121 3112 5190; x_wconf 86' lang='grc' dir='ltr'>ἐγένετο.</span> <span class='ocrx_word' id='word_1_868' title='bbox 3141 5143 3158 5174; x_wconf 73' lang='grc' dir='ltr'><strong>ι</strong></span> <span class='ocrx_word' id='word_1_869' title='bbox 3184 5125 3444 5188; x_wconf 80' lang='grc' dir='ltr'>Διάκονος</span> <span class='ocrx_word' id='word_1_870' title='bbox 3473 5125 3575 5196; x_wconf 80' lang='grc' dir='ltr'>μὲν</span> <span class='ocrx_word' id='word_1_871' title='bbox 3604 5125 3711 5196; x_wconf 84' lang='grc' dir='ltr'><strong>γὰρ</strong></span> <span class='ocrx_word' id='word_1_872' title='bbox 3761 5127 3856 5178; x_wconf 76' lang='grc' dir='ltr'>καὶ</span> 
     </span>
    </p>
   </div>
   <div class='ocr_carea' id='block_1_112' title="bbox 2288 5213 3858 5287">
    <p class='ocr_par' dir='ltr' id='par_1_112' title="bbox 2288 5213 3858 5287">
     <span class='ocr_line' id='line_1_112' title="bbox 2288 5213 3858 5287; baseline -0.001 -21"><span class='ocrx_word' id='word_1_873' title='bbox 2288 5214 2514 5287; x_wconf 84' lang='grc' dir='ltr'>μεσίτης</span> <span class='ocrx_word' id='word_1_874' title='bbox 2541 5214 2640 5284; x_wconf 82' lang='grc' dir='ltr'><strong>τῆς</strong></span> <span class='ocrx_word' id='word_1_875' title='bbox 2665 5213 2900 5283; x_wconf 78' lang='grc' dir='ltr'>ἀρχαίας</span> <span class='ocrx_word' id='word_1_876' title='bbox 2927 5214 3138 5284; x_wconf 82' lang='grc' dir='ltr'>ἐκείνης</span> <span class='ocrx_word' id='word_1_877' title='bbox 3165 5215 3386 5285; x_wconf 82' lang='grc' dir='ltr'>χάριτος</span> <span class='ocrx_word' id='word_1_878' title='bbox 3415 5215 3640 5284; x_wconf 80' lang='grc' dir='ltr'>γέγονεν</span> <span class='ocrx_word' id='word_1_879' title='bbox 3668 5217 3696 5267; x_wconf 85' lang='lat'><strong>6</strong></span> <span class='ocrx_word' id='word_1_880' title='bbox 3729 5215 3858 5267; x_wconf 84' lang='grc' dir='ltr'><strong>Μω-</strong></span> 
     </span>
    </p>
   </div>
   <div class='ocr_carea' id='block_1_113' title="bbox 2285 5305 3856 5378">
    <p class='ocr_par' dir='ltr' id='par_1_113' title="bbox 2285 5305 3856 5378">
     <span class='ocr_line' id='line_1_113' title="bbox 2285 5305 3856 5378; baseline 0.001 -19"><span class='ocrx_word' id='word_1_881' title='bbox 2285 5307 2400 5376; x_wconf 78' lang='grc' dir='ltr'>σῆς·</span> <span class='ocrx_word' id='word_1_882' title='bbox 2418 5305 2517 5375; x_wconf 80' lang='grc' dir='ltr'><strong>τῆς</strong></span> <span class='ocrx_word' id='word_1_883' title='bbox 2547 5321 2609 5373; x_wconf 89' lang='grc' dir='ltr'><strong>γε</strong></span> <span class='ocrx_word' id='word_1_884' title='bbox 2643 5306 2749 5376; x_wconf 83' lang='grc' dir='ltr'>μὴν</span> <span class='ocrx_word' id='word_1_885' title='bbox 2767 5305 3027 5377; x_wconf 82' lang='grc' dir='ltr'>δευτέρας</span> <span class='ocrx_word' id='word_1_886' title='bbox 3058 5306 3278 5378; x_wconf 89' lang='grc' dir='ltr'>χάριτος</span> <span class='ocrx_word' id='word_1_887' title='bbox 3301 5309 3330 5360; x_wconf 91' lang='lat'><strong>6</strong></span> <span class='ocrx_word' id='word_1_888' title='bbox 3351 5308 3606 5378; x_wconf 83' lang='grc' dir='ltr'>Χριστὸς,</span> <span class='ocrx_word' id='word_1_889' title='bbox 3626 5305 3856 5378; x_wconf 75' lang='grc' dir='ltr'>ἐχούσης</span> 
     </span>
    </p>
   </div>
   <div class='ocr_carea' id='block_1_114' title="bbox 2286 5395 3856 5471">
    <p class='ocr_par' dir='ltr' id='par_1_114' title="bbox 2286 5395 3856 5471">
     <span class='ocr_line' id='line_1_114' title="bbox 2286 5395 3856 5471; baseline 0.002 -22"><span class='ocrx_word' id='word_1_890' title='bbox 2286 5399 2383 5469; x_wconf 79' lang='grc' dir='ltr'>μὲν</span> <span class='ocrx_word' id='word_1_891' title='bbox 2429 5400 2726 5470; x_wconf 78' lang='grc' dir='ltr'>ὁμοιότητα</span> <span class='ocrx_word' id='word_1_892' title='bbox 2779 5399 2914 5469; x_wconf 79' lang='grc' dir='ltr'>πρὸς</span> <span class='ocrx_word' id='word_1_893' title='bbox 2961 5398 3178 5469; x_wconf 83' lang='grc' dir='ltr'>ἐκείνην</span> <span class='ocrx_word' id='word_1_894' title='bbox 3225 5398 3409 5463; x_wconf 72' lang='grc' dir='ltr'>(τύποι</span> <span class='ocrx_word' id='word_1_895' title='bbox 3451 5399 3561 5471; x_wconf 83' lang='grc' dir='ltr'>γὰρ</span> <span class='ocrx_word' id='word_1_896' title='bbox 3605 5395 3746 5470; x_wconf 79' lang='grc' dir='ltr'>ἦσαν</span> <span class='ocrx_word' id='word_1_897' title='bbox 3780 5398 3856 5462; x_wconf 85' lang='grc' dir='ltr'>ὡς</span> 
     </span>
    </p>
   </div>
   <div class='ocr_carea' id='block_1_115' title="bbox 2281 5491 3857 5562">
    <p class='ocr_par' dir='ltr' id='par_1_115' title="bbox 2281 5491 3857 5562">
     <span class='ocr_line' id='line_1_115' title="bbox 2281 5491 3857 5562; baseline -0.001 -19"><span class='ocrx_word' id='word_1_898' title='bbox 2281 5491 2416 5562; x_wconf 73' lang='grc' dir='ltr'>πρὸς</span> <span class='ocrx_word' id='word_1_899' title='bbox 2466 5491 2756 5562; x_wconf 73' lang='grc' dir='ltr'>ἀλήθειαν,</span> <span class='ocrx_word' id='word_1_900' title='bbox 2807 5493 2973 5562; x_wconf 64' lang='grc' dir='ltr'>ἤγουν</span> <span class='ocrx_word' id='word_1_901' title='bbox 3019 5491 3081 5544; x_wconf 81' lang='grc' dir='ltr'><strong>τὸ</strong></span> <span class='ocrx_word' id='word_1_902' title='bbox 3130 5491 3227 5562; x_wconf 85' lang='grc' dir='ltr'>τῆς</span> <span class='ocrx_word' id='word_1_903' title='bbox 3275 5491 3534 5562; x_wconf 81' lang='grc' dir='ltr'>ἀληθείας</span> <span class='ocrx_word' id='word_1_904' title='bbox 3578 5491 3857 5552; x_wconf 79' lang='grc' dir='ltr'>ὠδίνοντες</span> 
     </span>
    </p>
   </div>
   <div class='ocr_carea' id='block_1_116' title="bbox 2467 5688 3851 5760">
    <p class='ocr_par' dir='ltr' id='par_1_116' title="bbox 2467 5688 3851 5760">
     <span class='ocr_line' id='line_1_116' title="bbox 2467 5688 3851 5760; baseline 0.001 -17"><span class='ocrx_word' id='word_1_905' title='bbox 2467 5692 2509 5720; x_wconf 73' lang='grc' dir='ltr'><strong>³ο</strong></span> <span class='ocrx_word' id='word_1_906' title='bbox 2546 5693 2740 5755; x_wconf 74' lang='lat' dir='ltr'><strong>Ephes.</strong></span> <span class='ocrx_word' id='word_1_907' title='bbox 2798 5708 2853 5755; x_wconf 89' lang='grc' dir='ltr'><strong>ιι,</strong></span> <span class='ocrx_word' id='word_1_908' title='bbox 2897 5691 2986 5745; x_wconf 70' lang='lat'><strong>20.</strong></span> <span class='ocrx_word' id='word_1_909' title='bbox 3086 5693 3128 5725; x_wconf 74' lang='grc'><strong>³⁸</strong></span> <span class='ocrx_word' id='word_1_910' title='bbox 3165 5692 3359 5760; x_wconf 69' lang='lat' dir='ltr'><strong>Epltes.</strong></span> <span class='ocrx_word' id='word_1_911' title='bbox 3389 5707 3425 5750; x_wconf 84' lang='grc' dir='ltr'><strong>ι,</strong></span> <span class='ocrx_word' id='word_1_912' title='bbox 3463 5692 3496 5742; x_wconf 75' lang='lat'><strong>5</strong></span> <span class='ocrx_word' id='word_1_913' title='bbox 3605 5692 3647 5722; x_wconf 86' lang='grc'><strong>³¹</strong></span> <span class='ocrx_word' id='word_1_914' title='bbox 3694 5688 3851 5745; x_wconf 77' lang='lat' dir='ltr'><strong>llotn.</strong></span> 
     </span>
    </p>
   </div>
   <div class='ocr_carea' id='block_1_117' title="bbox 2405 5761 3460 5827">
    <p class='ocr_par' dir='ltr' id='par_1_117' title="bbox 2405 5761 3460 5827">
     <span class='ocr_line' id='line_1_117' title="bbox 2405 5761 3460 5827; baseline 0.004 -15"><span class='ocrx_word' id='word_1_915' title='bbox 2405 5763 2446 5791; x_wconf 76' lang='grc'><strong>³³</strong></span> <span class='ocrx_word' id='word_1_916' title='bbox 2473 5761 2658 5816; x_wconf 69' lang='lat' dir='ltr'><strong>Matth.</strong></span> <span class='ocrx_word' id='word_1_917' title='bbox 2690 5779 2738 5825; x_wconf 76' lang='grc' dir='ltr'>ι’,</span> <span class='ocrx_word' id='word_1_918' title='bbox 2769 5762 2817 5814; x_wconf 64' lang='grc' dir='ltr'>τί.</span> <span class='ocrx_word' id='word_1_919' title='bbox 2899 5763 2942 5792; x_wconf 74' lang='grc'><strong>³⁸</strong></span> <span class='ocrx_word' id='word_1_920' title='bbox 2974 5761 3134 5820; x_wconf 81' lang='lat' dir='ltr'><strong>Joan.</strong></span> <span class='ocrx_word' id='word_1_921' title='bbox 3166 5779 3225 5827; x_wconf 92' lang='grc'><strong>11,</strong></span> <span class='ocrx_word' id='word_1_922' title='bbox 3256 5762 3337 5827; x_wconf 80' lang='grc'><strong>16,</strong></span> <span class='ocrx_word' id='word_1_923' title='bbox 3372 5762 3460 5816; x_wconf 81' lang='grc' dir='ltr'><strong>Π.</strong></span> 
     </span>
    </p>
   </div>
  </div>
