4120 6524
254 359 323 412 69
1092 345 1638 402 COMMENTARIUS
1681 343 1742 396 IN
1786 343 2176 397 ZACHARIAM
2223 344 2662 400 PROPIIETAM.
3433 348 3500 401 70

256 472 499 539 κάλλος),
525 468 803 539 ἀμείνονος
833 467 887 518 δὲ
912 466 1002 539 καὶ
1022 465 1449 535 ὑπερκειμένης,
1467 464 1574 531 ὅσῳ
1601 462 1693 513 καὶ
1724 460 1829 511 τῶν

1938 461 2460 529 rmuprehenduntur
2517 460 2860 514 antecellunt.
2896 462 3115 513 Acredit
3159 462 3310 516 testis
3359 461 3503 517 Pau-

256 562 529 635 αἰσθητῶν
559 562 658 613 ύπε
671 559 857 630 ρφέροι
889 557 955 610 ἂν
979 557 1204 617 εἰκότως
1234 555 1302 607 τὰ
1328 554 1513 623 νοητά.
1552 555 1659 605 Καὶ
1687 570 1826 623 μαρο

257 658 494 727 τυρήσας
525 652 722 721 γράφει
764 652 792 702 ὁ
824 648 1050 711 Παῦλος,
1100 648 1179 700 ὅτι
1226 646 1532 717 κρείττονος
1561 643 1825 712 διαθήκης

257 749 474 817 γέγονεν
504 742 697 810 ἔγγυος
734 738 959 810 Ἰησοῦς.

328 874 435 929 Καὶ
459 872 691 941 ἐγένετο
730 872 911 938 λόγος
943 870 1163 937 Κυρίου
1195 869 1340 937 πρός
1379 885 1475 936 με,
1500 865 1719 935 λέγων·
1760 866 1825 916 Αἱ

258 968 448 1037 χεῖρες
472 962 803 1032 Ζοροϐάϐελ
824 963 1229 1029 ἐθεμελίωσαν
1260 961 1365 1012 τὸν
1402 955 1568 1011 οἷκον
1590 956 1824 1018 τοῦτον,

257 1058 355 1111 καὶ
401 1060 459 1109 αὶ
504 1053 697 1123 χεῖρες
751 1053 939 1105 αὐτοῦ
980 1050 1442 1115 ἐπιτελέσουσιν
1475 1046 1691 1106 αὐτὸν,
1730 1046 1827 1099 καὶ

254 1147 556 1219 ἐπιγγώσῃ
576 1144 725 1198 διότι
746 1146 960 1210 Κύριος
979 1141 1396 1211 παντοκράτωρ
1413 1135 1827 1204 ἐξαπέσταλκέ

250 1254 326 1308 με
359 1236 506 1306 πρὸς
535 1235 627 1289 σέ.

326 1354 471 1419 κεῖν.
516 1348 646 1403 Ἰδοὺ
707 1347 772 1416 δὴ
806 1344 966 1399 πάλιν
996 1347 1123 1413 ἡμῖν
1150 1345 1207 1396 ἐν
1236 1341 1514 1405 αἰσθητοῖς
1545 1340 1826 1410 πράγμασι

256 1441 601 1513 καταγράφει
638 1438 705 1491 τά
734 1436 933 1505 νοητά,
967 1434 1063 1487 καὶ
1099 1432 1206 1484 τῶν
1242 1432 1330 1485 διὰ
1370 1431 1606 1503 Χριστοῦ
1648 1447 1825 1501 παρα-

254 1533 421 1598 δόξως
451 1528 851 1597 τετελεσμένων
896 1523 1258 1596 παρατίθησιν
1306 1525 1385 1586 είς
1427 1522 1597 1575 τύπον
1638 1522 1697 1573 τὸ
1742 1519 1828 1573 διὰ

255 1623 439 1695 χειρὸς
491 1619 795 1693 Ζοροϐάϐελ
842 1617 983 1671 κατὰ
1033 1616 1259 1685 καιροὺς
1313 1613 1820 1686 ὲκπεπερασμένον.

269 1715 489 1787 Ἐπειδὴ
522 1716 655 1786 γὰρ,
690 1713 923 1782 ἀλούσης
955 1712 1052 1781 τῆς
1086 1711 1437 1764 Βαϐυλωνίων
1473 1710 1575 1763 ὑπὸ
1606 1708 1826 1779 Περσῶν

258 1806 353 1861 καὶ
395 1805 582 1877 Κύρου
602 1844 617 1869 ,
647 1804 755 1857 τῶν
786 1803 882 1873 τῆς
911 1800 1152 1864 δουλείας
1193 1802 1401 1854 ἀνεῖντο
1438 1800 1651 1871 δεσμῶν
1683 1802 1729 1851 οἱ
1768 1798 1827 1862 ἐξ

1933 554 2013 604 lus
2053 566 2174 602 cum
2208 553 2397 603 scribit
2431 551 2498 604 ³⁷.
2524 552 2762 605 melioris
2808 550 3119 604 testamenti
3153 552 3503 608 mediatorem

1932 655 2049 694 esse
2080 638 2286 694 Iesum.

2011 854 2168 907 Vens.
2195 852 2248 916 8,
2280 854 2331 906 9.
2364 852 2425 905 Et
2466 852 2637 921 factus
2667 864 2741 906 est
2778 870 2945 908 sermo
3008 855 3216 908 Domini
3273 860 3341 909 ad
3403 874 3503 923 me,

1933 948 2178 999 dicens:
2253 945 2445 996 Manus
2523 942 2814 998 Zorobabel
2880 945 3230 1012 fundaverant
3294 948 3504 1000 domum

1933 1038 2109 1099 istam,
2150 1047 2196 1089 et
2246 1050 2432 1087 manus
2501 1034 2613 1102 ejus
2663 1035 2988 1102 complebunt
3059 1053 3193 1101 eam,
3254 1047 3305 1091 et
3376 1040 3504 1091 scies

1933 1129 2053 1197 quia
2123 1126 2376 1179 Dominus
2417 1125 2739 1193 omnipotens
2766 1127 2907 1179 misit
2939 1143 3017 1180 me
3038 1127 3107 1180 ad
3136 1138 3203 1181 te.

2006 1344 2193 1398 XXVI.
2222 1344 2319 1409 En,
2348 1360 2557 1399 rursum
2596 1346 2645 1398 in
2676 1345 2837 1401 rebus
2883 1361 3018 1415 quas
3073 1363 3230 1404 sensu
3292 1352 3507 1420 attingi-

1936 1452 2071 1497 mus,
2104 1451 2196 1490 eas
2245 1452 2361 1504 quae
2424 1436 2599 1491 solum
2640 1436 3340 1507 intelliguntur:«lescribit,
3383 1452 3436 1497 et
3477 1459 3507 1497 a

1935 1526 2150 1581 Christo
2214 1528 2607 1582 admirabiliter
2668 1538 3097 1599 perpetratorum
3136 1541 3317 1602 typum
3386 1549 3503 1603 pro-

1934 1621 2086 1687 ponit
2144 1619 2194 1672 id
2257 1623 2401 1689 quod
2458 1635 2556 1689 per
2606 1635 2820 1673 manum
2888 1620 3183 1678 Zorobabel
3212 1626 3503 1695 aliquando

1920 1711 2236 1764 conlectum
2268 1710 2382 1764 fuit.
2416 1711 2700 1779 Postquam
2732 1711 2873 1764 enim
2904 1711 3214 1783 Babyloniis
3265 1730 3294 1769 a
3364 1715 3508 1787 Cyro

1936 1801 2220 1855 Persarum
2241 1817 2366 1872 rege
2388 1803 2623 1856 subactis
2650 1802 2908 1856 servitute
2930 1804 3157 1857 exsoluti
3189 1817 3314 1861 sunt
3336 1806 3509 1862 Israe-

271 1864 507 1971 Ἰσραὴλ,
535 1864 627 1951 καλ⁹
656 1896 721 1967 δὴ
750 1864 851 1949 καὶ.
874 1895 1073 1965 ἀνῆκον
1105 1896 1185 1955 είς
1206 1864 1573 1964 Ἱεροσόλυμα,
1602 1891 1829 1961 Δαρείου

1938 1893 2059 1957 litze,
2090 1903 2146 1948 et
2214 1895 2434 1963 insuper
2508 1893 2942 1965 Hierosolymam
3000 1898 3291 1961 redierunt,
3343 1900 3511 1971 689

254 1989 443 2042 λοιπὸν
487 1988 584 2060 τὴν
630 1986 910 2040 Χαλδαίων
954 1985 1227 2047 διέποντος
1273 1984 1468 2054 ἀρχὴν,
1521 1982 1828 2055 προῦτρεπε

257 2079 390 2141 Θεὸς
419 2079 545 2139 τοὺς
568 2078 1040 2147 ύπονοστὴσαντας
1073 2075 1159 2127 τὸν
1190 2074 1330 2126 θεῖον
1352 2073 1511 2137 εὐθὺς
1543 2074 1832 2144 ἀναδείμα-

260 2170 383 2222 σθαι
412 2170 556 2236 ναὸν,
580 2168 956 2238 βασιλεύοντος
990 2167 1088 2238 μὲν
1122 2166 1830 2238 Ζοροϐάϐελ,ίερατεύοντός

259 2276 321 2326 γε
362 2259 467 2329 μὴν
503 2257 675 2329 Ἰησοῦ
722 2258 816 2311 τοῦ
861 2256 1127 2311 Ἰωσεδὲκ.
1165 2257 1275 2311 Καὶ
1320 2258 1552 2327 ἥπτοντο
1599 2257 1697 2326 μὲν
1734 2256 1829 2308 τοῦ

262 2350 445 2421 ἔργου,
480 2350 572 2403 καὶ
611 2349 674 2420 δὴ
704 2350 801 2402 καὶ
836 2351 895 2401 ὲν
927 2347 1172 2419 πρώταις
1198 2348 1477 2419 κρηπίδων
1506 2348 1833 2409 καταϐολαῖς

1936 1985 2093 2040 Dario
2133 1996 2313 2053 postea
2340 1985 2709 2041 Chaldazorum
2736 2001 2955 2056 regnum
2988 2002 3339 2058 procurante,
3376 1993 3502 2045 hor-

1937 2088 2079 2137 tatus
2115 2089 2198 2133 est
2259 2080 2400 2133 Deus
2456 2081 2678 2133 reduces
2740 2089 2795 2131 ιιι
2839 2091 2963 2133 ante
3033 2083 3211 2135 omnia
3272 2084 3510 2139 divinuut

1938 2170 2192 2237 templum
2252 2168 2661 2231 remdilicarent,
2718 2183 2843 2237 rege
2900 2170 3115 2237 quidem
3154 2170 3508 2236 Zorobabele,

1933 2259 2176 2327 principe
2199 2267 2375 2311 autem
2401 2260 2735 2311 sacerdotum
2753 2257 2878 2311 Jesu
2904 2260 3011 2312 libo
3032 2258 3256 2315 Josedec
3277 2262 3339 2314 ³⁸.
3363 2261 3481 2316 Jam
3496 2293 3514 2304 -

1934 2364 2037 2417 que
2066 2350 2130 2402 ad
2171 2364 2305 2417 opus
2340 2348 2804 2418 aggrediebantur,
2832 2361 2885 2403 et
2916 2350 3084 2418 prima
3154 2351 3508 2409 fundamenta

261 2441 322 2494 τὸ
354 2441 515 2513 ἔργον
540 2438 627 2510 ἦν,
656 2437 792 2512 ἦρτο
816 2441 872 2494 δὲ
899 2442 992 2495 καὶ
1026 2441 1162 2511 ὑψοῦ
1194 2443 1261 2496 τά
1291 2442 1442 2513 τείχη
1473 2441 1681 2504 λοιπὸν,
1718 2437 1832 2493 εἶτα

1938 2439 2070 2506 iacta
2099 2450 2276 2502 erant,
2296 2448 2348 2492 et
2380 2442 2515 2492 muri
2539 2440 2588 2491 in
2620 2438 2782 2491 altum
2812 2440 3011 2505 educti,
3044 2457 3184 2507 eum,
3212 2445 3511 2511 prohibenv

260 2534 465 2603 μεταξὺ
508 2534 825 2587 κωλυόντων
873 2533 1059 2596 τινῶν,
1112 2534 1205 2587 καὶ
1251 2533 1503 2603 ἐμποδὼν
1548 2533 1832 2601 γεγονότος

260 2626 352 2680 τοῦ
400 2626 593 2696 φθόνου
633 2625 741 2678 τῶν
786 2626 1081 2696 περιοίκων
1121 2625 1323 2688 ἐθνῶν,
1363 2624 1549 2693 γέγονέ
1585 2641 1667 2686 τις
1706 2624 1833 2675 ἀνα-

259 2718 434 2787 κωχὴ,
467 2718 560 2771 καὶ
591 2716 1023 2787 σπουδασμάτων
1054 2716 1160 2768 τῶν
1209 2717 1301 2769 ἐπὶ
1344 2719 1455 2778 τοῖς
1484 2716 1665 2786 ἔργοις
1699 2714 1830 2767 ἀνά-

260 2808 470 2880 ϐλησις.
514 2808 761 2871 Ἀνέντος
791 2808 845 2861 δὲ
882 2808 1040 2861 πάλιν
1087 2806 1270 2871 αὑτοῖς
1300 2806 1393 2861 τοῦ
1420 2806 1555 2861 Θεοῦ
1595 2806 1655 2859 τὸ
1682 2805 1833 2859 δύνα-

261 2902 386 2954 σθαι
432 2899 767 2971 κατορθοῦν,
820 2899 1162 2952 τετελείωται
1196 2899 1349 2969 μόλις
1381 2900 1409 2951 ό
1435 2898 1601 2961 νεὼς,
1656 2898 1830 2967 Ἰησοῦ

264 2992 363 3062 μὲν
416 2991 805 3064 ίερατεύοντος,
855 2990 1160 3061 Ζοροϐάϐελ
1186 3006 1248 3058 γε
1302 2990 1408 3060 μὴν
1462 2990 1823 3060 ἐφεστηκότος

260 3084 356 3138 καὶ
403 3081 795 3151 βασιλεύοντος.
842 3081 979 3133 Ἀλλε
1010 3082 1067 3133 ὲν
1097 3081 1308 3144 τούτοις
1356 3080 1456 3150 μὲν
1488 3082 1516 3134 ό
1547 3082 1646 3151 τῆς
1694 3083 1834 3134 ἱστο-

262 3174 383 3243 ρίας
432 3173 889 3244 συμπεπέρασται
938 3171 1114 3240 λόγος.
1171 3171 1390 3242 Ἐπειδὴ
1436 3171 1492 3223 δὲ
1540 3173 1619 3234 εἰς
1664 3171 1831 3224 τύπον

258 3264 498 3335 Χριστοῦ
548 3263 917 3334 παρείληπται
972 3261 1100 3331 παρ’
1144 3261 1300 3331 ἡμῶν
1348 3262 1375 3312 ὁ
1416 3262 1480 3311 ἐκ
1530 3261 1626 3329 τῆς
1666 3260 1834 3313 Ἰούδα

258 3356 433 3427 φυλῆς
460 3354 782 3425 Ζοροϐάϐελ,
808 3354 939 3422 φέρε
966 3352 1030 3423 δὴ
1058 3352 1303 3421 λέγωμεν
1332 3352 1477 3406 ὅπως
1508 3367 1567 3402 τε
1595 3350 1687 3402 καὶ
1714 3350 1836 3403 τίνα

257 3447 459 3517 τρόπον
490 3446 691 3517 ἤρξατο
735 3446 832 3515 μὲν
866 3443 1025 3506 αὐτὸς
1057 3444 1360 3512 οἰκοδομεῖν
1405 3442 1494 3495 τὸν
1536 3440 1681 3495 οἷκον
1721 3444 1835 3495 Κυ-

260 3540 380 3610 ρίου
405 3578 419 3603 ,
457 3539 779 3591 τετελείωκε
812 3537 855 3588 δ’
888 3532 954 3589 αὖ
1005 3538 1033 3588 ὁ
1067 3536 1257 3604 νοητὸς
1304 3535 1397 3586 καὶ
1446 3534 1835 3604 πνευματικός.

258 3630 652 3700 Κατεστήσατο
704 3628 802 3697 μὲν
853 3627 959 3698 γὰρ
994 3628 1050 3678 ὲν
1098 3626 1291 3695 ἀρχαῖς
1342 3620 1489 3694 οἶκόν
1532 3642 1652 3677 τινα
1744 3625 1838 3677 καὶ

262 3718 569 3789 ὲναύλισμα
620 3717 922 3788 θεοπρεπὲς
972 3714 1123 3784 αὐτῷ
1163 3731 1223 3765 τε
1268 3716 1360 3767 καὶ
1398 3715 1475 3783 τῷ
1507 3716 1699 3785 Πατρὶ,
1740 3715 1838 3786 τὴν

278 3808 548 3863 Ἰουδαίων
595 3808 945 3877 Συναγωγήν.
992 3806 1148 3860 Οὕτω
1192 3806 1298 3876 γὰρ
1344 3807 1513 3877 αὐτὴν
1566 3806 1835 3875 ὠνόμαζε,

262 3897 395 3967 περὶ
426 3896 519 3950 τοῦ
558 3896 837 3965 πανσόφου
889 3894 1131 3958 Μωσέως
1165 3894 1331 3946 εἰπών
1354 3912 1365 3923 '
1402 3915 1419 3945 ι
1458 3896 1581 3949 Ἐὰν
1612 3896 1836 3966 γένηται

265 3990 548 4059 προφήτης
578 3988 638 4052 ἐξ
664 3987 818 4056 ὑμῶν
841 3986 1125 4059 Κυρίῳ,ὲν
1154 3986 1391 4056 ὁράματι
1420 3986 1567 4057 αύτῷ
1589 3988 1837 4058 γνωσθή-

265 4096 464 4149 σομαι,
499 4081 588 4133 καὶ
616 4082 674 4133 ὲν
713 4078 865 4149 ῦπνῳ
895 4079 1114 4147 λαλήσω
1150 4077 1319 4148 αὐτῷ.
1347 4076 1461 4148 Ούχ
1497 4077 1669 4142 οὕτως
1705 4080 1781 4143 ὼς
1805 4082 1835 4133 ὁ

267 4170 520 4241 θεράπων
568 4187 668 4240 μου
708 4169 933 4237 Μωσῆς,
982 4170 1038 4221 ἐν
1082 4168 1186 4239 ὅλῳ
1218 4168 1295 4239 τῷ
1337 4169 1470 4239 οἴκῳ
1514 4186 1613 4239 μου
1648 4171 1838 4233 πιστός

267 4262 432 4313 ἔστιν.
471 4280 488 4311 ι
527 4259 738 4313 Οὐκοῦν
778 4260 1167 4331 τεθεμελίωται
1201 4261 1297 4329 μὲν
1334 4260 1520 4330 ὥσπερ
1562 4256 1707 4324 οἶκος
1751 4261 1839 4313 διὰ

268 4347 526 4419 Χριστοῦο
545 4348 853 4419 καθῄρηται
876 4349 932 4402 δὲ
964 4348 1185 4419 μεταξύ.
1212 4351 1319 4401 Καὶ
1347 4349 1476 4417 γοῦν
1498 4351 1525 4402 ό
1554 4353 1838 4422 προφήτης

278 4437 550 4508 Ἱερεμίας
578 4438 653 4502 ὼς
687 4439 1013 4492 πεπτωκότα
1054 4457 1112 4491 τε
1164 4440 1259 4491 κα)⁸
1317 4442 1661 4510 σεσεισμένον
1704 4460 1836 4494 κατ-

1939 2533 2077 2584 tibus
2127 2531 2444 2599 quibusdam
2491 2540 2545 2583 et
2602 2532 2800 2586 invidia
2867 2532 3214 2586 ﬁnitimarum
3272 2538 3509 2604 gentium

1936 2622 2281 2690 impediente,
2314 2638 2341 2673 a
2374 2621 2554 2675 labore
2590 2632 2860 2675 cessatum
2888 2633 2969 2675 est
3008 2634 3059 2676 et
3089 2638 3309 2691 operum
3335 2626 3509 2679 studia

1935 2714 2159 2782 prolata.
2229 2711 2334 2764 Deo
2406 2720 2582 2764 autem
2636 2712 2701 2764 ad
2769 2727 2903 2780 opus
2962 2714 3066 2767 rite
3121 2714 3509 2769 conﬁciendum

1937 2800 2442 2856 rursnsfacultatem
2469 2803 2961 2871 supp:'ditante,vix
2983 2804 3192 2859 tandem
3209 2804 3509 2859 absolutum

1934 2902 2034 2959 est,
2068 2893 2197 2947 Jesu
2227 2910 2493 2947 summum
2528 2904 2749 2963 gerente
2775 2894 3155 2957 sacerdotium,
3184 2895 3511 2953 Zorobabele

1936 2997 2115 3041 autem
2152 3002 2329 3041 rerum
2378 2987 2632 3057 potiente.
2674 2987 2737 3040 Et
2761 2987 2844 3041 his
2882 2989 3095 3055 quidem
3126 2988 3346 3043 historia
3380 3004 3511 3044 con—

1937 3078 2137 3132 tinetur
2175 3078 2244 3131 ³⁹.
2285 3078 2417 3145 Quia
2455 3093 2584 3135 vero
2610 3095 2706 3149 pro
2740 3089 2866 3151 typo
2894 3081 3091 3135 Christi
3124 3080 3509 3136 Zorobabelcm

1939 3170 2004 3223 de
2042 3170 2179 3223 tribu
2219 3168 2355 3223 Juda
2408 3180 2585 3223 ortum
2638 3172 3051 3241 assumpsimus,
3086 3188 3205 3241 age,
3270 3173 3512 3227 dicamus

1940 3259 2214 3327 quomodo
2264 3268 2320 3312 et
2354 3275 2456 3328 qua
2493 3262 2702 3314 ratione
2731 3264 2958 3332 cmperit
2989 3263 3100 3332 ipse
3133 3264 3347 3332 quidem
3379 3264 3512 3319 tedi-

1941 3348 2102 3401 ﬁcare
2130 3349 2345 3402 domum
2383 3350 2623 3420 Domini:
2651 3352 2743 3405 sed
2778 3365 2955 3406 mente
2982 3364 3291 3424 conceptus,
3321 3366 3374 3409 et
3402 3356 3514 3424 spi-

1943 3441 2158 3495 ritualis
2197 3440 2502 3497 Zorobabcl
2558 3457 2678 3496 eam
2740 3455 2926 3512 postea
2966 3444 3254 3511 perfecerit
3287 3455 3341 3499 et
3383 3462 3512 3501 con-

1941 3534 2315 3587 smnmavcrit.
2367 3533 2659 3588 Constituit
2744 3536 2887 3589 enim
2974 3538 3237 3606 principio
3296 3539 3512 3592 domum

1941 3622 2227 3689 quamdam
2247 3633 2299 3675 et
2336 3626 2663 3678 mansionem
2686 3625 2920 3679 divinam
2948 3626 3046 3680 sibi
3070 3638 3121 3681 et
3146 3626 3515 3684 PatriJudteoo

1942 3726 2059 3765 rum
2102 3715 2461 3783 Synagogam.
2496 3715 2585 3769 Sic
2614 3732 2844 3785 namque
2903 3718 3050 3772 illam
3107 3719 3414 3789 appellavit,
3447 3720 3514 3775 de

1940 3803 2335 3871 sapientissimo
2373 3807 2609 3861 onmium
2637 3807 2780 3863 Mose
2813 3811 2882 3864 ita
2914 3812 3172 3881 loquens:
3208 3833 3226 3866 ι
3262 3812 3315 3869 Si
3351 3817 3514 3873 fuerit

1941 3896 2202 3963 propheta
2240 3912 2305 3951 ex
2343 3900 2493 3951 vobis
2528 3898 2776 3961 Domino,
2808 3901 2860 3954 in
2886 3902 3088 3956 visione
3112 3904 3185 3958 illi
3218 3921 3515 3977 eognoscar

1939 3993 1993 4038 et
2034 3986 2085 4038 in
2124 4001 2316 4040 somno
2346 3988 2533 4056 loquar
2564 3990 2634 4043 ei.
2718 3989 2831 4044 Non
2878 3993 2956 4045 sic
3012 4004 3066 4045 ut
3111 4010 3296 4049 servus
3364 4013 3513 4051 meus

1942 4074 2136 4140 Moses,
2176 4077 2407 4131 in'omni
2458 4081 2616 4133 domo
2664 4096 2780 4134 mea
2836 4082 3005 4136 ﬁdelis
3044 4094 3123 4137 est
3154 4084 3200 4115 ⁸ο
3229 4122 3245 4139 .
3283 4104 3302 4137 ι
3370 4087 3512 4156 Ergo

1940 4167 2162 4221 furttlata
2209 4178 2291 4222 est
2319 4179 2569 4239 tanquam
2604 4172 2792 4226 domus
2816 4188 2909 4242 per
2938 4174 3211 4228 Cluistum
3234 4217 3249 4237 ,
3306 4183 3396 4233 sed
3433 4180 3512 4231 in-

1943 4258 2164 4312 tervallo
2192 4261 2599 4326 eversa.Qunre
2631 4264 2887 4331 prepheta
2939 4262 3203 4321 Jeremias
3261 4280 3319 4324 ut
3380 4287 3511 4326 con-

1940 4365 2152 4405 cussam
2208 4364 2261 4405 et
2288 4354 2579 4423 collapsam
2616 4355 2857 4423 deplorat
2880 4357 2931 4410 in
2967 4358 3076 4411 lucc
3108 4363 3308 4416 verba:
3347 4383 3364 4414 ι
3407 4365 3509 4418 Do-

1943 4457 2059 4496 mus
2088 4443 2250 4497 Israel
2278 4445 2495 4507 cecidit,
2551 4455 2606 4500 et
2655 4464 2757 4500 non
2812 4457 2894 4502 est
2936 4450 3025 4517 qui
3084 4452 3259 4506 denuo
3312 4456 3513 4510 excitet

265 4527 597 4599 ωλοφύρετο,
632 4529 823 4597 λέγων’
853 4549 870 4579 ι
904 4526 1063 4592 Οἶκος
1078 4530 1292 4600 Ἰσραὴλ
1324 4532 1534 4594 ἔπεσεν,
1564 4532 1661 4583 οὐκ
1688 4532 1832 4585 ἔστιν

1939 4549 2078 4588 eam.
2116 4552 2135 4585 ι
2190 4535 2563 4589 Verumtamen
2620 4553 2714 4607 per
2740 4540 3011 4595 Christum
3044 4545 3300 4608 excitata,
3351 4558 3403 4601 et
3459 4551 3509 4601 in

262 4620 291 4669 ό
318 4620 642 4689 ἀναστήσων
694 4620 874 4675 αὐτόν.
907 4639 924 4671 ι
968 4620 1114 4690 Πλὴν
1152 4622 1447 4691 ἐγήγερται
1477 4624 1562 4675 διὰ
1594 4624 1831 4694 Χριστοῦ

262 4709 357 4761 καὶ
398 4710 810 4780 μετεσκευάσθη
848 4711 981 4782 πρὸς
1022 4712 1082 4764 τὸ
1132 4712 1373 4781 ἄμεινον,
1410 4714 1833 4785 εἰσκεκομισμέ-

265 4818 369 4853 νων
408 4801 559 4871 αύτῷ
597 4801 703 4855 τῶν
740 4801 929 4865 ἐθνῶν,
974 4804 1067 4855 καὶ
1098 4804 1502 4875 ἀναδειχθείσης
1546 4806 1601 4857 ὲν
1649 4806 1838 4875 κόσμῳ

261 4893 361 4960 τῆς
397 4893 758 4964 Ἐκκλησίας,
802 4914 819 4944 ι
852 4894 975 4963 ἥτις
1018 4895 1162 4946 ἐστὶν
1210 4889 1355 4957 οἶκος
1385 4895 1517 4948 Θεοῦ
1560 4895 1779 4960 ζῶντος,
1815 4918 1831 4946 ι

264 4976 332 5051 ἧς
363 4980 455 5034 τοῦ
486 4982 715 5046 κάλλους
752 4983 974 5051 γέγονεν
1001 4984 1233 5054 ἐραστὴς
1266 4988 1293 5037 ὁ
1318 4985 1424 5038 τῶν
1463 4987 1599 5038 ὅλων
1635 4987 1839 5057 Κύριος

265 5071 361 5124 καὶ
391 5071 541 5135 Θεός.
574 5074 696 5127 Ὅτι
746 5075 852 5145 γάρ
896 5076 1241 5145 άσυγκρίτως
1278 5078 1514 5146 ἀμείνων
1562 5079 1712 5149 παρά
1747 5080 1838 5133 τὸν

263 5160 484 5231 πρῶτον
528 5165 557 5216 ὁ
612 5166 670 5216 ὲν
715 5165 963 5234 ἐσχάτοις
1009 5168 1219 5235 καιροῖς
1271 5167 1638 5238 ἐγηγερμένος
1686 5168 1830 5234 ναὸς,

261 5253 562 5319 τουτέστιν,
590 5258 623 5327 ὴ
669 5257 966 5327 Ἐκκλησία
986 5298 1000 5321 ,
1033 5257 1521 5329 πεπληροφόρηκεν
1553 5261 1722 5314 εἰπὼν
1749 5262 1838 5314 διὰ

264 5349 452 5417 ιρωνῆς
496 5348 752 5415 Ἀγγαίου
780 5348 874 5402 τοῦ
907 5350 1183 5420 προφήτου
1208 5366 1221 5379 ·
1250 5368 1267 5399 ι
1302 5349 1395 5414 Τίς
1420 5353 1566 5405 ἐστιν
1594 5353 1651 5419 ἐξ
1683 5354 1838 5423 ὑμῶν

261 5434 572 5505 ἄνθρωπος,
603 5438 662 5501 ὃς
692 5435 799 5492 εἶδε
828 5440 917 5492 τὸν
943 5435 1089 5492 οἷκον
1122 5440 1309 5494 τοῦτον
1340 5443 1399 5494 ὲν
1426 5445 1491 5514 τῇ
1519 5443 1643 5515 δόξῃ
1671 5444 1834 5498 αὑτοῦ

260 5527 333 5597 τῇ
362 5525 703 5599 ἐμπροσθενς
756 5530 866 5584 Καὶ
919 5531 1031 5593 πῶς
1079 5532 1237 5602 ὑμεῖς
1283 5533 1505 5603 βλέπετε
1540 5536 1703 5590 αὑτὸν
1742 5537 1838 5592 νῦν

1941 4628 2100 4681 aliam
2160 4626 2543 4696 melioremque
2581 4629 2803 4684 formam
2838 4644 3040 4687 mutata
3070 4638 3512 4701 est,introdttctis

1940 4718 1990 4772 in
2021 4720 2189 4787 ipsam
2221 4720 2487 4787 gentibus,
2517 4731 2569 4773 et
2598 4722 2832 4776 exhibita
2881 4724 2931 4777 in
2989 4728 3189 4779 nnunlo
3244 4727 3509 4796 Ecclesia,

1946 4827 1964 4859 ι
1987 4823 2107 4877 qua:
2134 4809 2427 4863 estdomus
2467 4809 2557 4862 Dei
2590 4813 2817 4865 viventis
2878 4812 2947 4878 δ’,
2975 4833 2993 4867 ι
3055 4816 3209 4884 cujus
3275 4820 3511 4885 pulchri-

1942 4901 2180 4954 tudinem
2210 4901 2578 4954 universorum
2610 4902 2866 4957 Dominus
2896 4921 2957 4959 ac
3013 4907 3147 4961 Deus
3216 4912 3507 4967 adamavit.

1941 4989 2152 5044 Etenim
2205 4993 2460 5061 templum
2516 4996 2775 5050 extremis
2850 5000 3508 5068 temporibusexcitamn,

1940 5081 2233 5138 Ecclesiam
2261 5085 2483 5149 scilicet,
2529 5086 2751 5141 inﬁnitis
2769 5090 3018 5157 partibus
3044 5092 3218 5160 primo
3255 5108 3511 5163 praestare

1940 5176 2071 5229 satis
2130 5190 2396 5244 superque
2425 5178 2621 5241 docuit,
2672 5193 2766 5247 per
2803 5183 3118 5251 prophetam
3147 5188 3395 5254 Aggazum
3438 5187 3508 5239 ita

1936 5266 2194 5335 loquens:
2225 5284 2243 5317 ι
2273 5265 2402 5333 Quis
2431 5278 2511 5322 est
2542 5285 2606 5323 ex
2643 5270 2791 5325 vobis
2819 5274 2977 5327 homo
3021 5277 3109 5343 qui
3140 5277 3268 5329 vidit
3293 5278 3507 5331 domum

1938 5355 2077 5410 hanc
2101 5358 2152 5410 in
2179 5357 2345 5423 gloria
2375 5372 2468 5412 sua
2493 5360 2713 5431 priore?
2734 5360 2800 5416 Et
2847 5367 3114 5431 quomodo
3160 5380 3254 5419 vos
3318 5369 3508 5421 videtis

1938 5447 2109 5516 ipsam
2155 5462 2296 5502 nunc
2342 5448 2482 5503 sicut
2528 5466 2633 5503 non
2693 5454 3044 5507 exsistentem
3106 5454 3157 5506 in
3218 5468 3509 5523 conspectu

1940 5547 2117 5595 vestro
2148 5541 2191 5571 δ’
2227 5542 2249 5595 ?
2287 5560 2305 5593 ι
2346 5540 2411 5597 Ει
2460 5542 2597 5598 intra
2637 5560 2650 5596 :
2686 5565 2702 5596 ι
2752 5545 2885 5611 Quia
2942 5561 3132 5616 magna
3189 5548 3289 5601 erit
3341 5550 3507 5620 gloria

341 5722 385 5754 "
419 5723 587 5778 Hebr.
627 5740 655 5777 v
694 5724 737 5755 ³⁸
766 5723 782 5775 1
813 5724 968 5778 Esdr.
1006 5741 1092 5790 tv,
1128 5726 1149 5779 ‘l
1184 5742 1337 5798 seqq.
1414 5730 1547 5799 Agg.
1587 5732 1817 5786 Idi-14.
1895 5734 1941 5765 ⁸ο
1973 5731 2131 5793 Nunt.
2161 5754 2256 5805 xu,
2290 5740 2344 5803 6,
2382 5740 2434 5796 7.
2516 5741 2555 5771 “
2587 5741 2603 5794 Ι
2632 5740 2770 5796 Tim.
2834 5758 2914 5808 ιιι,
2950 5745 3237 5818 1.5“Agg.
3300 5765 3360 5814 ιι,
3384 5751 3440 5808 4.
