4120 6532
619 336 678 390 7|
1598 335 1654 388 S.
1697 331 1969 388 CYRILLI
2012 324 2478 388 ALEXANDRlNI
2524 325 2840 382 ARCIIIEP.
3800 332 3875 382 7-3

617 451 808 506 domus
841 450 995 506 istius
1036 451 1340 506 novissimae
1374 466 1533 521 super
1561 454 1810 523 primam,
1842 453 1971 507 dicit
2005 451 2177 505 Domi«

2293 446 2473 508 καθὼς
2519 447 2617 515 οὐχ
2662 447 2975 515 ὑπάρχοντα
3019 441 3249 495 ἐνώπιον
3300 441 3488 513 ὑμῶνς
3523 463 3540 492 ι
3592 443 3700 496 Καὶ
3753 443 3879 513 μεθ’

616 557 718 595 nus
764 543 1106 612 omnipotens
1139 543 1217 595 “.
1252 562 1270 595 ι
1331 544 1802 601 Verumenimvero
1863 545 1962 597 ista
2023 545 2191 598 histo-

620 633 730 686 rice
767 632 1026 686 duntaxat
1071 633 1388 702 intelligere,
1435 634 1563 702 quin
1611 648 1818 701 magnae
1868 633 2090 687 insaniae
2123 633 2194 686 sit

619 721 970 775 dubitandum
1005 737 1111 776 non
1151 731 1255 786 est,
1315 723 1358 776 si
1413 725 1535 792 quis
1585 725 1902 794 cogitaverit
1959 737 2190 790 quonam

618 814 774 865 modo
806 813 1072 880 posterior
1090 812 1451 884 gloriatempli
1482 815 1574 868 Dei
1608 814 1944 882 praestantior
1978 814 2177 882 prioris

627 899 798 967 gloria
829 902 997 956 videri
1031 912 1225 971 queat:
1255 917 1377 956 nam
1424 903 1553 956 illud
1586 903 1820 958 incendit
1873 920 1934 957 ac
1971 903 2192 973 diripuit

619 989 947 1062 Babylonius
974 992 1465 1049 Nabuchodonosor
1499 1015 1511 1049 :
1544 996 1708 1066 690
1729 997 1827 1049 hoc
1861 1005 2038 1049 autem
2070 1005 2191 1064 post

621 1084 751 1138 illud
785 1093 1122 1142 exstructum
1155 1096 1272 1157 post
1303 1097 1510 1157 tempus
1543 1089 1890 1157 captivitatis,
1917 1087 2188 1143 nihilomi-

615 1191 716 1230 nus
751 1190 779 1229 a
835 1177 1092 1235 Romanis
1120 1180 1396 1235 incensum
1427 1195 1492 1235 ac
1517 1181 1800 1248 spoliatum
1829 1189 1932 1243 est,
1965 1181 2187 1249 ipsaque

617 1269 981 1340 Hierosolyma
1023 1283 1075 1326 et
1128 1269 1309 1326 Judaa
1339 1271 1587 1326 universa
1636 1272 1701 1326 “.
1756 1271 1871 1326 Non
1917 1273 2078 1341 igitur
2119 1274 2184 1326 ad

611 1358 889 1414 veritatem
921 1358 1118 1416 suﬁicit
1142 1361 1396 1416 historica
1427 1361 1688 1416 narratio.
1721 1361 1889 1429 Major
1914 1371 2093 1416 autem
2133 1374 2189 1417 et

611 1452 952 1518 praestantior
990 1451 1158 1521 gloria
1214 1452 1485 1522 posterior
1536 1468 1695 1523 quam
1737 1454 1903 1522 prior,
1945 1454 2186 1510 Ecclesia

609 1551 880 1610 assumpta
906 1559 924 1592 ι
953 1541 1007 1596 in
1033 1543 1284 1614 templum
1319 1552 1583 1607 sanctum,
1607 1543 1660 1597 in
1701 1545 2066 1600 habitaculum
2096 1545 2186 1601 Dei

609 1631 658 1686 in
691 1631 890 1701 Spiritu
926 1632 992 1686 ⁸⁸.
1022 1652 1039 1685 ι
1067 1632 1578 1705 Superaediticamur
1601 1636 1748 1690 enim
1781 1651 1944 1706 super
1991 1638 2184 1691 funda-

607 1733 780 1778 menta
807 1724 1169 1793 apostolorum
1191 1725 1660 1796 etprophetarum,
1684 1741 1780 1794 per
1813 1743 2027 1782 omnem
2059 1743 2188 1780 con-

2297 539 2459 608 ἕτερα
2480 554 2492 565 '
2520 559 2536 588 (
2561 537 2704 590 Διότι
2736 537 2946 606 μεγάλη
2970 534 3122 587 ἔσται
3157 534 3190 604 ἡ
3223 533 3349 597 δόξα
3379 534 3474 586 τοῦ
3506 533 3656 587 οἴκου
3678 535 3878 588 τούτου

2295 632 2328 700 ἡ
2363 631 2563 699 ἐσχάτη
2611 629 2749 700 ὑπὲρ
2791 629 2891 699 τὴν
2927 626 3148 697 πρώτην
3173 668 3188 691 ,
3239 626 3390 694 λέγει
3435 628 3638 696 Κύριος
3673 644 3880 680 παντο-

2295 722 2534 790 κράτωρ.
2573 739 2590 770 ι
2635 719 2772 771 Ἀλλ’
2815 721 2895 772 ὃτι
2932 719 3029 788 μὲν
3062 717 3222 788 μόνον
3264 717 3551 787 ίστορικῶς
3585 720 3651 770 τὰ
3695 719 3879 770 τοιάδε

2293 815 2434 865 νοεῖν
2457 811 2832 880 ἀπόπληκτον,
2866 811 2968 864 οὐκ
2995 811 3060 864 ἂν
3089 809 3380 863 ἐνδοιάσειέ
3399 827 3501 872 τις,
3521 809 3878 878 ὲννενοηκὼς,

2293 905 2372 957 ὅτι
2418 903 2534 966 πῶς
2580 902 2646 956 ἂν
2677 905 2847 955 νοοῖτο
2877 902 3287 972 προφερεστέρα
3323 901 3423 971 τῆς
3457 901 3705 970 πρώτης,
3739 902 3772 970 ὴ
3813 902 3875 953 ὲν

2293 997 2546 1066 ἐσχάτοις
2592 994 2719 1058 δόξα
2766 993 2858 1045 τοῦ
2907 993 3052 1046 θείου
3103 992 3256 1056 ναοῦ,
3295 992 3452 1060 εἴπερ
3505 993 3710 1044 ἐκεῖνον
3767 990 3868 1060 μὲν

2297 1086 2671 1156 κατενέπρησε
2703 1084 2811 1136 ικαὶ
2867 1083 3169 1153 διήρπασεν
3213 1083 3241 1134 ὁ
3281 1081 3620 1144 Βαϐυλώνιος
3651 1081 3866 1134 Ναϐουο

2292 1177 2622 1247 χοδονόσωρο
2667 1174 2758 1228 τὸν
2804 1174 2861 1226 δὲ
2903 1173 3019 1244 μετ’
3058 1176 3264 1227 ἐκεῖνον
3312 1174 3681 1244 ἐγηγερμένον
3731 1176 3869 1242 μετά

2289 1270 2380 1322 τὸν
2397 1269 2498 1338 τῆς
2519 1266 2990 1337 αἰχμαλωσίαςκαι
3014 1266 3292 1336 ρδν,οὐδὲν
3309 1261 3468 1336 ἦττον
3498 1266 3756 1335 Ῥωμαῖοι
3777 1283 3856 1318 κα.

2291 1357 2654 1427 τενέπρησαν,
2682 1355 3235 1430 συγκαταὸηώσαντ-ες
3266 1356 3412 1426 αὐτῷ
3438 1358 3524 1409 καὶ
3555 1356 3774 1428 [elabi-cit
3803 1358 3873 1411 τὰ

2301 1449 2680 1518 Ἰεροσόλυμα,
2729 1447 2824 1500 καὶ
2862 1447 3078 1500 ἃπασαν
3108 1447 3163 1499 δὲ
3208 1447 3308 1518 τὴν
3341 1447 3610 1501 Ἰουδαίων
3639 1447 3825 1518 χώραν
3855 1464 3870 1512 ;

2291 1539 2499 1594 Οὔκουν
2532 1540 2746 1610 ἀπόχρη
2783 1539 2917 1608 πρὸς
2949 1538 3207 1609 ἀλήθειαν
3239 1541 3272 1609 ἡ
3312 1540 3410 1610 τῆς
3457 1540 3697 1608 ἱστορίας
3730 1541 3871 1592 ἀπό-

2288 1631 2455 1693 δοσις.
2493 1631 2759 1702 ’Λμείνων
2792 1629 2848 1682 δὲ
2898 1631 2993 1684 καὶ
3015 1632 3429 1702 προφερεστέρα
3456 1633 3554 1701 τῆς
3583 1631 3804 1702 πρώτης
3833 1635 3871 1702 ἡ

2289 1722 2576 1776 τελευταία
2610 1722 2757 1788 δόξα,
2790 1722 3239 1793 παραληφθείσης
3275 1722 3710 1792 τῆςἘκκλησίας
3746 1742 3763 1774 ι
3787 1723 3874 1785 εἰς

607 1825 808 1870 tactum
856 1817 1207 1886 suppeditata:
1261 1816 1592 1885 operationis
1641 1817 1900 1886 cujusque
1958 1817 2177 1871 membri

2291 1816 2414 1867 ναὸν
2461 1815 2634 1883 ἅγιον,
2684 1817 2763 1878 εἰς
2814 1817 3234 1885 κατοικητήριον
3273 1813 3365 1866 τοῦ
3413 1813 3548 1867 Θεοῦ
3597 1817 3656 1867 ἐν
3693 1815 3868 1867 πνεύ-

605 1911 839 1978 roaplati
877 1916 1038 1979 atque
1072 1909 1377 1980 compositi,
1415 1919 1470 1964 et
1501 1910 1661 1964 veluti
1699 1910 1838 1963 inter
1871 1926 1966 1964 nos
2017 1909 2193 1963 foedus

606 2002 849 2057 ineuntes
885 2002 936 2055 in
985 2002 1246 2056 unitatem
1291 2003 1412 2056 fidei
1441 2011 1495 2056 et
1530 2002 1833 2056 dilectionis
1869 2017 1963 2069 per
2016 2001 2191 2070 Spiri-

605 2103 742 2158 tum,
771 2093 836 2147 ad
867 2092 1198 2149 eﬂiciendum
1221 2092 1473 2162 templum
1499 2104 1770 2148 sanctum.
1796 2092 2022 2160 Lapides
2045 2094 2188 2145 enim

605 2181 708 2235 vivi
736 2197 922 2237 sumus
943 2183 1011 2236 ".
1044 2183 1402 2249 Quamobrem
1417 2182 1633 2237 divinus
1649 2182 1842 2236 Paulus
1858 2183 2188 2236 credentium

605 2274 1000 2328 multitudinem
1051 2289 1192 2328 nunc
1223 2274 1437 2342 quidem
1481 2273 1570 2327 Dei
1603 2272 2008 2341 agriculturam,
2045 2287 2187 2326 nunc

603 2362 692 2418 Dei
764 2365 1172 2420 aediﬁcationem
1249 2367 1462 2420 vocavit
1491 2365 1534 2395 "
1573 2381 1587 2416 :
1629 2363 1782 2432 cujus
1851 2373 1910 2418 ut
1969 2365 2184 2433 sapiens

599 2453 924 2509 architectus
974 2453 1374 2510 fundamentum
1439 2457 1616 2525 posuit
1688 2453 1847 2511 Jesus
1907 2453 2178 2519 Christus,

599 2544 686 2597 cui
744 2560 931 2599 omnes
986 2545 1309 2613 innitimur,
1380 2561 1477 2616 per
1535 2560 1694 2614 quem
1757 2556 1811 2600 et
1857 2555 2085 2604 stamus.
2127 2557 2180 2599 ct

602 2635 854 2704 templum
881 2635 1242 2702 nominamur,
1268 2638 1441 2706 ipsum
1461 2637 1723 2691 habentes
1749 2637 1802 2690 in
1844 2648 2025 2690 mente
2048 2647 2103 2690 et
2125 2637 2176 2691 in

598 2727 783 2784 corde.
821 2742 916 2796 per
941 2727 1201 2796 Spiritum
1236 2729 1566 2782 habitantem
1608 2737 1660 2782 et
1689 2725 1992 2783 manentem
2021 2730 2088 2761 ’⁵⁸-
2126 2709 2148 2721 ’

2299 1923 2449 1975 ματι.
2492 1925 2510 1956 ι
2559 1903 3090 1975 Ἐποικοδομούμεθα
3122 1906 3230 1975 γὰρ
3261 1904 3350 1957 ἐπὶ
3388 1904 3464 1975 τῷ
3491 1905 3729 1977 θεμελίῳ
3759 1905 3874 1959 τῶν

2295 2000 2612 2053 ἀποστόλων
2657 2000 2751 2051 καὶ
2805 1998 3137 2070 προφητῶν,
3187 1999 3274 2052 διὰ
3329 2000 3509 2070 πάσης
3567 1999 3711 2068 άφῆς
3766 2003 3874 2070 τῆς

2295 2089 2653 2160 ἐπιχορηγίας
2715 2088 2812 2158 τῆς
2880 2089 2998 2141 κατ’
3054 2090 3332 2161 ἐνέργειαν
3386 2093 3615 2145 ἑκάστου
3673 2092 3872 2161 μέλους

2295 2179 2892 2252 συναρμολογούμενοι,
2948 2181 3041 2234 καὶ
3108 2183 3515 2253 συντιθέμενοι,
3563 2186 3655 2236 καὶ
3702 2185 3872 2236 οἱονεί

2293 2290 2412 2335 πως
2445 2272 2694 2342 ἀλλήλοις
2717 2290 2780 2324 συ
2791 2270 3105 2342 μϐαίνοντες
3131 2276 3206 2336 εἰς
3232 2275 3457 2345 ἑνότητα
3507 2277 3740 2338 πίστεως
3771 2277 3870 2329 καὶ

2290 2363 2510 2432 ἀγάπης
2556 2363 2646 2415 ἐπὶ
2685 2361 2777 2415 τοῦ
2828 2363 3141 2434 ῐῙνεύματος
3192 2366 3274 2428 είς
3316 2367 3441 2419 ναὸν
3489 2366 3664 2435 ἅγιον.
3708 2368 3865 2421 Λίθοι

2289 2453 2399 2524 γάρ
2431 2454 2596 2522 ἐσμεν
2620 2451 2838 2515 ζῶντες.
2874 2453 2983 2504 Καὶ
3012 2451 3141 2520 γοῦν
3167 2455 3196 2505 ό
3217 2453 3503 2516 θεσπέσιος
3527 2454 3736 2517 Παῦλος
3763 2455 3867 2525 τὴν

2287 2545 2396 2597 τῶν
2426 2544 2864 2596 πεπιστευκότων
2883 2543 3111 2613 πληθὺν,
3133 2545 3262 2596 ποτὲ
3291 2545 3387 2615 μὲν
3412 2545 3547 2599 Θεοῦ
3572 2546 3864 2617 γεώργιον,

2287 2635 2416 2688 ποτὲ
2451 2635 2504 2687 δὲ
2538 2636 2599 2705 δὴ
2635 2632 2727 2688 οῦν
2767 2637 2859 2687 καὶ
2898 2635 3186 2706 οἰκοδομὴν
3227 2636 3477 2707 ὠνόμαζε
3509 2637 3671 2689 Θεοῦ·
3707 2638 3802 2690 καὶ
3835 2641 3867 2690 ό

2287 2728 2450 2796 σοφὸς
2484 2728 2819 2799 ἁρχιτέκτων
2865 2727 3112 2798 θεμέλιον
3141 2727 3405 2793 τέθεικεν,
3444 2726 3599 2793 οὗτος
3622 2731 3679 2782 δέ
3715 2731 3865 2783 ἐστιν

611 2813 818 2886 Ἰησοῦς
846 2819 873 2871 ό
901 2819 1133 2888 Χριστὸς
1155 2859 1170 2883 ,
1196 2813 1240 2887 ᾧ
1265 2819 1328 2892 δὴ
1359 2819 1556 2883 πάντες
1591 2819 1980 2892 ἑρηρείσμεθα,
2039 2821 2107 2874 δι’
2138 2814 2199 2874 οῦ
2237 2820 2331 2874 κού⁵
2369 2821 2700 2890 ἑστήκαμεν,
2758 2820 2849 2872 καὶ
2871 2821 2986 2872 ναοὶ
3013 2820 3444 2893 χρηματίζομεν,
3464 2820 3624 2874 αὑτὸν
3646 2819 3865 2889 ἔχοντες

600 2916 681 2977 είς
715 2913 840 2968 νοῦν
868 2915 962 2968 καὶ
987 2916 1217 2987 καρδίαν
1246 2916 1561 2987 ὲνῳκηκότα
1592 2935 1651 2970 τε
1675 2919 1770 2971 καὶ
1790 2917 2174 2989 ὲνηυλισμένον
2210 2916 2298 2971 διὰ
2328 2915 2423 2970 τοῦ
2457 2916 2792 2986 [Ινεύματος.

673 3006 938 3064 \’£ns.l0.
970 3008 1098 3074 Quis
1128 3011 1262 3063 enim
1290 3009 1524 3078 despexit
1561 3009 1614 3062 in
1673 3010 1782 3063 dies
1831 3011 2054 3078 parvos?
2103 3007 2170 3063 Et

2349 3009 2502 3062 Διότι
2535 3007 2626 3073 τίς
2657 3005 3072 3070 ἐξουὸἐνωσεν
3094 3007 3184 3072 εἰς
3216 3006 3446 3075 ἡμέρας
3472 3009 3686 3075 μικράς
3706 3023 3723 3070 ;
3745 3009 3857 3060 Kal

597 3098 938 3164 Ιιιιιοίιιιηιιιιο,
973 3111 1019 3152 et
1049 3085 1539 3168 vidabuutlupidem
1581 3109 1858 3154 simtueum
1909 3103 1964 3154 in
2019 3119 2178 3154 ιιιοιιιι

597 3186 904 3244 Zorobabel.
951 3189 1154 3260 Septem
1191 3191 1277 3244 isti
1308 3190 1444 3244 oculi
1483 3189 1694 3244 Domini
1718 3203 1860 3259 sunt,
1897 3195 2180 3264 respicien-

598 3293 672 3334 lf‘
698 3297 858 3350 super
881 3297 1083 3336 omnem
1107 3293 1323 3336 terram.

667 3456 884 3514 XXVII.
907 3459 1021 3517 Non
1057 3471 1142 3517 est
1168 3463 1232 3518 de
1262 3479 1386 3518 mox
1418 3463 1617 3520 futuris
1651 3466 1822 3532 visio;
1877 3467 1968 3519 sed
2002 3465 2180 3533 porius

595 3551 663 3606 de
686 3550 1013 3607 deducendis
1053 3555 1120 3608 ad
1152 3556 1482 3625 propositum
1513 3559 1695 3620 linem,
1745 3566 1802 3610 ut
1850 3556 2181 3624 temporibus

595 3644 859 3698 adventus
888 3644 1126 3697 omnium
1175 3657 1417 3701 nostrum
1470 3647 1776 3702 Salvatoris
1833 3647 2057 3711 Christi,
2087 3644 2178 3710 qui

599 3736 651 3788 in
684 3745 924 3790 extrema
957 3746 1196 3805 tempora
1223 3739 1407 3794 saeculi
1438 3740 1598 3810 hujus
1637 3740 1862 3795 incidit:
1922 3748 2176 3792 caeterum

600 3845 706 3884 non
754 3829 826 3883 ita
872 3829 962 3884 diu
1018 3839 1144 3899 post
1205 3831 1341 3885 hanc
1407 3831 1746 3900 prophetiam
1791 3830 2009 3893 editam,
2062 3827 2179 3882 sive

601 3917 854 3986 templum
890 3933 985 3988 per
1017 3934 1230 3973 manum
1272 3918 1572 3974 Zorobahel
1596 3919 1912 3974 excitatum.
1957 3919 2013 3972 Si
2056 3918 2178 3988 quis

599 4009 783 4080 igitur,
828 4010 1022 4078 inquit,
1068 4011 1375 4081 despexerit
1443 4012 1650 4066 medios
1689 4011 1804 4064 dies
1861 4024 2055 4080 parvos
2124 4017 2179 4062 et

595 4116 659 4169 pa
670 4116 822 4164 ucos,
844 4102 955 4157 sive
985 4101 1122 4156 nihil
1145 4103 1454 4171 pependerit
1474 4101 1806 4163 dilationem,
1824 4115 1926 4154 non
1951 4109 2176 4154 moestus

594 4200 811 4262 promer
839 4193 1203 4257 hoc,omniuo
1237 4193 1380 4248 omni
1411 4192 1595 4247 laetitia
1623 4191 1936 4261 replebitur.
1965 4189 2173 4246 Gaude-

597 4282 674 4336 hit
705 4284 872 4348 enim,
896 4293 952 4337 et
972 4285 1172 4340 videbit
1196 4285 1420 4355 lapidem
1451 4295 1732 4338 stanneum
1759 4285 1810 4338 in
1859 4299 2019 4337 manu
2073 4282 2175 4337 Zo-

2286 3100 2654 3171 χαρήσονται
2679 3139 2693 3163 ,
2727 3099 2823 3151 καὶ
2856 3097 3106 3166 ὄψονται
3154 3098 3262 3151 τὸν
3295 3100 3470 3153 λίθον
3504 3099 3612 3152 τόν
3645 3115 3863 3153 κασσιο

2286 3195 2520 3260 τέρινον
2542 3191 2611 3244 ἐν
2643 3189 2793 3258 χειρὶ
2827 3190 3178 3256 Ζοροϐάϐελ.
3226 3190 3409 3243 Ἑπτὰ
3439 3187 3603 3246 οὗτοι
3638 3191 3862 3259 ὀφθαλ-

2278 3285 2378 3352 μοὶ
2429 3283 2650 3350 Κυρίου
2697 3281 2872 3343 εἰσὶν,
2926 3285 2980 3334 οἱ
3027 3281 3478 3348 ἀποϐλέποντες
3513 3283 3608 3335 ἐπὶ
3655 3283 3862 3337 πᾶσαν

2283 3393 2312 3428 τ
2325 3377 2397 3441 in‘
2430 3375 2567 3444 γῆν.

2355 3468 2477 3520 ΚΖ’.
2519 3467 2593 3518 Οὐ
2629 3466 2757 3536 περὶ
2787 3465 2897 3516 τῶν
2947 3464 3106 3528 εὐθὺς
3153 3465 3427 3535 ἐσομένων
3464 3467 3744 3538 ήδρασις,
3773 3467 3860 3519 ὲν·-

2282 3558 2661 3629 εχθησομένων
2681 3558 2738 3610 δὲ
2773 3557 2971 3626 μᾶλλον
2998 3559 3076 3619 εἰς
3108 3557 3300 3627 πέρας,
3333 3559 3409 3620 ὡς
3438 3561 3494 3611 ὲν
3525 3562 3736 3629 καιροῖς
3758 3561 3857 3630 τῆς

2283 3649 2577 3719 ἐπιδημίας
2619 3647 2970 3701 τοῦιπάντων
3016 3648 3174 3717 ἡμῶν
3223 3649 3472 3719 Σωτῆρος
3501 3649 3768 3720 Χριστοῦ,
3822 3652 3856 3721 ἡ

2281 3740 2473 3807 γέγονε
2508 3738 2604 3807 μὲν
2631 3739 2688 3790 ὲν
2717 3737 2964 3806 ἐσχάτοις
2990 3736 3083 3789 τοῦ
3114 3738 3378 3808 παρόντος
3400 3738 3594 3803 αἰῶνος
3617 3743 3853 3812 καιροῖς·

2281 3830 2418 3900 πλὴν
2447 3827 2505 3880 οῦ
2529 3846 2610 3880 τοι
2645 3827 2858 3885 πολλοῖς
2893 3827 3029 3896 μετὰ
3054 3827 3227 3880 ταῦτα
3255 3827 3469 3899 χρόνοις
3503 3829 3600 3898 τῆς
3631 3845 3857 3900 προκει-

2283 3918 2452 3988 μένης
2472 3919 2606 3986 ἡμῖν
2638 3916 2996 3986 προφητείας,
3021 3917 3138 3987 ἤτοι
3168 3919 3265 3988 τῆς
3287 3917 3576 3988 οἰκοδομῆς
3605 3917 3697 3970 τοῦ
3723 3917 3854 3972 ναοῦ

2278 4005 2371 4058 τοῦ
2408 4005 2497 4058 διὰ
2549 4005 2730 4075 χειρὸς
2779 4003 3083 4073 Ζοροϐάϐελ
3115 4006 3509 4077 ὲγηγερμένου.
3548 4007 3617 4061 Ei'
3645 4025 3731 4070 τις
3759 4004 3855 4060 οὖν

2277 4097 2409 4166 ἄρα,
2456 4096 2644 4166 φησὶν,
2701 4095 3073 4160 ἐξουδενώσειε
3119 4097 3215 4160 τὰς
3260 4098 3462 4167 μεταξὺ
3509 4101 3710 4171 μικράς
3759 4102 3855 4154 καὶ

2279 4188 2679 4260 εὐαριθμήτους
2734 4187 2986 4258 ἡμέρας,
3038 4189 3203 4255 ἤγουν
3245 4188 3397 4241 οὐδὲν
3449 4191 3714 4262 ἡγήσαιτο
3752 4192 3853 4262 τὴν

2279 4279 2598 4348 ἀνάϐλησιν,
2623 4279 2723 4332 οὐκ
2746 4278 3046 4349 άκηδιάσας
3082 4279 3216 4350 πρὸς
3248 4279 3426 4343 τοῦτο,
3457 4280 3632 4352 πάντη
3668 4298 3727 4332 τε
3755 4282 3853 4334 καὶ

597 4373 835 4428 rohabel.
866 4373 1153 4429 Stauneum
1184 4390 1311 4430 vero
1354 4375 1579 4445 lapidem
1606 4374 1878 4430 Christum
1911 4375 2172 4429 nominat.

2283 4374 2499 4437 πάντως
2533 4373 2746 4443 ἁπάσης
2769 4373 2918 4425 ἔσται
2943 4371 3207 4443 θυμηδίας
3237 4373 3506 4443 ἔμπλεως.
3533 4375 3851 4446 Χαρήσεται

593 4461 826 4519 Causam
853 4464 899 4519 si
930 4465 1051 4534 quis
1081 4480 1241 4521 nosse
1274 4466 1438 4528 volet,
1488 4481 1609 4519 mox
1663 4465 1891 4519 dixerim
1933 4474 1986 4516 et
2053 4479 2170 4532 quae

595 4555 715 4610 aliis
743 4555 1016 4618 videntur,
1047 4564 1102 4610 et
1155 4557 1308 4612 nobis
1368 4571 1582 4626 quoque
1641 4558 1958 4624 probantur.
2005 4554 2172 4608 Aiunt

593 4647 736 4701 enim
771 4656 1021 4701 stanuum
1053 4662 1116 4702 ex
1155 4663 1262 4702 aere
1292 4657 1345 4702 et
1400 4648 1615 4716 plumbo
1645 4647 1953 4715 temperari,
2010 4656 2170 4715 atque

595 4736 800 4792 idcirco
843 4752 941 4792 nec
965 4739 1185 4794 omnino
1210 4753 1395 4794 carere
1415 4739 1632 4803 duritie,
1659 4752 1758 4791 nec
1787 4750 1978 4790 vacare
2007 4735 2166 4790 etiam

592 4827 944 4883 mollitudine.
994 4828 1153 4899 691
1186 4828 1295 4884 Nos
1348 4845 1562 4899 quoque
1643 4827 2038 4897 quodammodo
2099 4842 2166 4881 cx

591 4920 791 4976 oeilate
821 4934 939 4989 qua:
969 4921 1016 4974 vi
1044 4922 1185 4974 nulla
1218 4922 1390 4989 frangi
1430 4936 1493 4974 ac
1546 4920 1813 4973 debilitari
1855 4927 2048 4988 potest,
2113 4928 2168 4974 et

589 5027 654 5066 ex
682 5013 910 5066 humana
997 5023 1210 5077 natura,
1261 5011 1631 5067 affectionibus
1699 5011 1852 5080 quasi
1911 5013 2161 5077 obnoxia,

589 5099 992 5156 Emmanuelem
1057 5103 1448 5171 componimus.
1501 5101 1788 5156 Sciendum
1850 5117 2007 5168 porro
2069 5103 2165 5155 ad-

593 5205 862 5248 amantem
891 5208 1105 5264 quoque
1141 5193 1359 5263 plumbo
1390 5192 1552 5248 facile
1589 5191 1876 5262 confringi,
1901 5204 1958 5244 ut
1993 5195 2161 5257 aiunt,

591 5303 712 5340 rum
744 5297 922 5342 tamen
949 5286 999 5342 id
1023 5301 1118 5356 per
1141 5287 1301 5340 aliam
1373 5286 1655 5339 materiam
1730 5301 1834 5338 non
1911 5285 2161 5354 patiatur.

594 5378 832 5434 Dicimus
877 5394 1007 5448 ergo
1034 5378 1331 5440 Christum,
1373 5377 1620 5447 quamvis
1668 5377 1954 5446 benignum
2012 5377 2165 5432 valde

593 5469 853 5541 longeque
889 5472 1332 5536 valentissimum,
1365 5478 1491 5524 etut
1526 5469 1688 5522 Deum
1717 5471 1856 5524 nulla
1885 5472 2161 5539 praeditum

591 5563 817 5624 saevitia.
857 5579 954 5618 ceu
985 5563 1325 5617 adamantem
1363 5560 1646 5631 quemdam
1686 5560 2021 5633 confringere
2059 5561 2162 5616 Sa-

662 5744 706 5774 "
727 5745 859 5810 Agg.
885 5757 944 5808 ιι,
971 5743 1059 5795 10.
1137 5741 1181 5772 ⁸³
1207 5739 1271 5792 IV
1298 5737 1430 5808 Reg.
1471 5755 1594 5802 xxv,
1631 5739 1647 5790 l
1683 5756 1835 5811 seqq.

1914 5743 1957 5772 ³⁸
1989 5740 2181 5808 Ephes.

2279 4468 2408 4538 γὰρ,
2440 4468 2534 4520 καὶ
2563 4466 2751 4537 ὄψεται
2779 4466 2868 4518 τὸν
2911 4464 3056 4518 λίθον
3084 4465 3174 4518 τὸν
3207 4466 3581 4536 κασσιτέρινον
3619 4469 3676 4519 ὲν
3707 4468 3851 4536 χειρὶ

2276 4557 2601 4629 Ζοροϐάϐελ.
2658 4557 3097 4625 Κασσιτέρινον
3145 4557 3202 4610 δὲ
3247 4555 3393 4610 λίθον
3456 4557 3704 4629 ὠνόμασε
3757 4557 3850 4610 τὸν

2275 4650 2530 4720 Χριστόν.
2564 4650 2674 4702 Καὶ
2705 4650 2758 4701 ετ
2782 4665 2866 4711 τις
2899 4647 3141 4718 βούλοιτο
3174 4648 3271 4720 τὴν
3305 4648 3486 4702 αἰτίαν
3518 4648 3846 4717 ἁναμαθεῐν,

2277 4739 2442 4811 φαίην
2481 4737 2546 4792 ἂν
2577 4738 2736 4801 εὐθὺς
2770 4739 2837 4790 τὰ
2883 4737 3142 4791 δοκοῦντά
3185 4756 3329 4802 τισι,
3379 4741 3472 4792 καὶ
3500 4742 3633 4811 ἡμίν
3665 4741 3850 4802 αὐτοῖς

2274 4829 2451 4901 ὀρθῶς
2501 4829 2646 4899 ἔχειν
2696 4828 3098 4900 ῦπειλημμένα.
3149 4831 3212 4881 Oi
3263 4832 3359 4900 μὲν
3411 4833 3519 4902 γάρ
3570 4849 3704 4898 φασι
3757 4832 3849 4884 τὸν

2274 4921 2598 4990 κασσίτερον
2646 4921 2752 4974 ἀπό
2807 4937 2864 4973 τε
2908 4921 3110 4991 χαλκοῦ
3150 4924 3243 4975 καὶ
3288 4922 3536 4992 μολίϐδου
3580 4925 3678 4993 τὴν
3713 4923 3848 4991 σύγ-

2274 5029 2474 5082 κρασιν
2512 5011 2677 5081 ἔχειν,
2712 5011 2803 5064 καὶ
2831 5011 3033 5081 ταύτης
3063 5013 3228 5066 ἕνεκα
3262 5014 3358 5082 τῆς
3391 5015 3568 5077 αἰτίας
3595 5014 3719 5068 οὔτε
3749 5015 3844 5068 τοῦ

2273 5099 2410 5156 εἶναι
2450 5102 2683 5174 σκληρὸν
2726 5104 3070 5174 ἀπηλλάχθαι
3105 5105 3406 5169 παντελῶς,
3458 5105 3579 5159 οὕτε
3617 5107 3723 5178 μὴν
3753 5109 3844 5160 ἀν-

2271 5195 2517 5248 αίνεσθαι
2548 5195 2610 5247 τὸ
2649 5195 2793 5265 ἔχειν
2826 5195 2919 5248 καὶ
2949 5194 3262 5265 μαλθακῶς.
3307 5197 3638 5266 Συντίθεμεν
3667 5197 3719 5250 δὲ
3753 5200 3845 5251 καὶ

2270 5290 2430 5358 ἡμεῖς
2463 5287 2603 5340 κατὰ
2630 5287 2828 5340 τοιόνδε
2884 5287 3007 5338 τινὰ
3045 5288 3244 5357 τρόπον
3280 5289 3368 5340 τὸν
3405 5289 3752 5360 Ἑμμανουὴλ
3781 5292 3843 5342 ἔκ

2267 5397 2327 5433 τε
2370 5380 2467 5450 τῆς
2500 5379 2808 5452 ἀθραύστου
2851 5378 3132 5448 θεότητος,
3167 5383 3261 5434 καὶ
3299 5383 3360 5432 ὲκ
3399 5382 3498 5449 τῆς
3531 5383 3692 5434 οἱονεί
3727 5399 3843 5444 πως

2269 5468 2549 5538 ὲμπαθοῦς
2598 5466 3038 5540 ἁνθρωπότητος.
3102 5469 3296 5522 ’ἰστέον
3336 5470 3424 5533 δὲ,
3467 5471 3547 5522 ὅτι
3602 5471 3694 5522 καὶ
3753 5471 3843 5522 τὸν

2271 5562 2551 5630 ἀδάμαντα
2587 5559 2730 5610 λίθον
2776 5557 3009 5629 μολίϐδῳ
3058 5560 3220 5628 φασιν
3264 5561 3500 5624 εὐκόλως
3551 5543 3839 5631 συνθραῦεο

2221 5757 2280 5803 ιι,
2310 5741 2398 5792 ει.
2441 5742 2488 5770 κ
2521 5740 2704 5791 H’etr.
2740 5755 2798 5801 ιι,
2830 5739 2881 5790 5.
2925 5738 2967 5768 ⁸⁷
3011 5735 3178 5791 lCor.
3204 5753 3284 5802 ιιι,
3314 5737 3366 5791 9.
3432 5738 3474 5770 “
3503 5736 3839 5793 lhid.l0-l7.
