4120 6566
252 411 318 463 73
1057 396 1603 455 COMMENTARIUS
1635 397 1702 452 IN
1742 392 2144 452 ZACIIARIAM
2180 388 2619 444 PROPHETAM.
3415 389 3492 448 ⁸16

251 529 397 594 σθαι,
432 527 608 583 καίτοι
653 524 808 578 τοῦτο
849 518 1046 574 παθεῖν
1086 519 1152 571 δι’
1184 519 1376 590 ἑτέρας
1419 517 1554 589 ὕλης
1583 517 1685 570 οὐκ
1723 515 1816 569 άν-

1923 521 2122 574 tanam,
2155 510 2220 564 de
2254 522 2359 578 quo
2385 508 2644 577 scriptum
2684 516 2895 562 exstat:
2939 528 2956 560 ι
2978 508 3082 564 Cor
3106 506 3222 577 ejus
3273 509 3490 566 indura-

252 619 527 692 εχόμενον.
561 614 740 685 Φαμὲν
767 606 879 678 οὖν,
921 611 1002 664 δτι
1046 607 1221 662 καίτοι
1268 607 1504 679 χρηστὸς
1531 606 1608 661 ὣν
1654 605 1815 675 ἄγαν,

249 710 346 764 καὶ
375 705 649 776 παναλκὴς
698 707 727 759 0
767 702 1025 774 Χριστος,
1075 701 1172 755 καὶ
1202 699 1264 754 τὸ
1303 699 1511 772 ἀπηνὲς
1537 700 1639 753 οὐκ
1681 697 1818 768 ἔχων

249 799 325 862 ὡς
348 799 500 863 Θεὸς,
518 793 632 851 οἷον
655 796 940 866 άδάμαντά
968 810 1089 847 τινα
1114 792 1406 865 συνθραύει
1431 793 1521 846 τὸν
1552 791 1817 849 Σατανᾶν.

250 889 378 958 περὶ
421 882 482 942 οὗ
526 887 870 959 γέγραπταιο
926 905 946 936 σ
981 885 1049 940 Ἦ
1109 885 1306 956 καρδία
1352 882 1518 938 αὑτοῦ
1573 881 1820 947 πέπηγεν

249 977 438 1051 ὥσπερ
467 978 634 1042 λίθος.
668 979 906 1048 Ἐστηκε
937 976 994 1030 δὲ
1026 975 1216 1046 ὥσπερ
1243 976 1434 1045 ἄκμων
1464 973 1751 1044 άνήλατος.
1794 989 1813 1023 ι

249 1072 408 1126 Δοκεῖ
451 1086 516 1138 γε
565 1068 668 1139 μὴν
702 1067 796 1121 καὶ
836 1066 1040 1138 ἑτέρως
1078 1065 1172 1119 τὸν
1210 1065 1551 1136 κασσίτερον,
1597 1062 1695 1115 εἴτ’
1726 1057 1820 1115 οὖν

247 1162 339 1216 τὸν
388 1161 635 1231 μόλιϐδον
685 1161 765 1223 είς
815 1157 1193 1229 ἀποκάθαρσιν
1230 1156 1329 1227 τὴν
1374 1155 1460 1208 διὰ
1505 1153 1675 1226 πυρὸς
1722 1152 1821 1221 τῆς

251 1252 444 1322 ἑτέρας
481 1250 614 1320 ὕλης
644 1248 958 1317 ἀναγκαίως
991 1243 1549 1316 παραλαμϐάνεσθαι,
1585 1242 1820 1314 μάλιστα

249 1343 308 1396 δὲ
335 1345 448 1406 τοῖς
471 1341 540 1394 τὰ
572 1339 632 1404 ἐξ
655 1338 896 1410 ἀργύρου
923 1338 1270 1408 τεχνουργεϊν
1293 1333 1508 1389 εἰωθόσι
1538 1333 1598 1386 τὸ
1628 1331 1822 1403 χρῆμά

252 1435 401 1486 ἔστιν
431 1432 748 1499 ἀναγκαῖον.
790 1430 900 1484 Καὶ
938 1428 1070 1496 γοῦν
1099 1426 1204 1497 ἔφη
1230 1442 1331 1480 που
1359 1425 1488 1488 Θεὸς
1519 1423 1605 1478 διά
1637 1423 1821 1494 φωνῆς

262 1523 528 1594 Ἰερεμίου
563 1523 723 1576 πάλιν
756 1520 888 1574 αὐτὸ
917 1519 980 1590 δὴ
1009 1517 1166 1572 τοῦτο
1195 1514 1636 1586 αἰνιγματωδῶς·
1671 1534 1689 1564 ι
1713 1512 1821 1576 Ἐξ-

252 1614 405 1668 έλιπε
460 1613 711 1684 φυσητὴρ
756 1610 864 1665 ἀπὸ
909 1609 1100 1678 πυρὸς,
1150 1607 1363 1671 ἐξέλιπε
1412 1605 1690 1677 μόλιϐδος,
1739 1605 1819 1666 είς

250 1705 406 1759 κενὸν
431 1703 820 1775 άργυροκοπεῖ,
853 1697 1105 1770 πονηρίαι
1133 1697 1314 1752 αὐτῶν
1345 1696 1444 1750 ούκ
1466 1695 1758 1765 ὲτάκησαν.
1793 1707 1811 1743 ι

252 1795 575 1865 Κασσιτέρῳ
595 1793 793 1855 τοίνυν,
832 1791 1001 1862 ἠγουν
1035 1789 1290 1859 μολίϐδῳ,
1324 1783 1656 1858 παρεικάζει
1677 1785 1816 1854 Χρι-

1922 611 2034 655 tum
2069 608 2152 656 est
2184 598 2304 668 plus
2338 613 2496 666 quam
2529 598 2680 666 lapis.
2726 596 2890 655 Stetit
2936 608 3116 654 autem
3145 599 3287 658 sicut
3334 603 3488 659 incus

1922 689 2203 761 impulsata
2226 688 2291 744 ".
2328 707 2347 742 ι
2385 687 2450 744 Et
2482 689 2680 759 alioqui
2739 699 3008 760 stannum,
3060 695 3174 751 sive
3215 697 3488 766 plumbum

1923 781 1987 835 sd
2021 779 2389 849 purgationem
2423 792 2516 847 per
2556 781 2729 848 ignem
2757 781 2980 838 alterius
3031 785 3228 840 metalli
3285 788 3489 842 assumi

1921 867 2162 926 cernitur
2189 869 2521 930 necessario,
2556 868 2892 937 potissimum
2933 873 3070 941 apud
3096 871 3275 928 fabros
3302 889 3489 945 argen-

1924 961 2110 1016 tarios.
2136 960 2400 1026 Quocirca
2444 961 2586 1016 Deus
2623 962 2819 1018 alicubi
2854 979 2949 1033 per
2988 963 3276 1024 Jeremiam
3300 984 3490 1026 rursus

1923 1050 2025 1105 hoc
2064 1051 2258 1121 ipsum,
2288 1052 2412 1107 licet
2443 1054 2726 1110 obscurius
2778 1056 2938 1111 dicit:
2980 1076 3000 1110 r
3040 1058 3241 1116 Defecit
3305 1061 3487 1118 sufﬂa-

1925 1141 2118 1196 torium
2138 1143 2206 1197 ab
2235 1143 2380 1210 igne,
2411 1143 2607 1199 defecit
2645 1144 2942 1214 plumbum,
2991 1149 3191 1205 frustra
3244 1163 3491 1223 argenta-

1923 1230 2037 1285 rius
2074 1242 2351 1302 argentum
2383 1235 2636 1300 concidit,
2699 1237 2916 1294 malitia
2965 1255 3150 1296 eorum
3196 1258 3302 1298 non
3362 1255 3488 1303 sunt

1923 1320 2223 1390 liquefactae
2241 1323 2308 1380 ⁸ο.
2347 1342 2364 1376 ι
2387 1325 2561 1391 Quare
2583 1334 2797 1395 slanno,
2829 1329 2941 1384 sive
2968 1330 3184 1399 plumbo
3211 1333 3486 1392 Christum

1921 1421 2200 1482 comparat
2255 1423 2314 1468 ut
2364 1415 2755 1486 abstergentem
2814 1418 3025 1483 sordes,
3070 1429 3127 1474 ut
3151 1421 3485 1482 auferentem

1922 1517 2276 1572 supervacua,
2335 1513 2396 1558 ut
2432 1515 2743 1574 purgantem
2790 1509 3083 1564 secundum
3136 1510 3485 1574 intellectum.

1923 1594 2078 1652 Unde
2126 1595 2173 1650 si
2227 1595 2348 1666 quis
2402 1598 2772 1666 interjectione
2830 1602 3124 1658 mediorum
3187 1615 3486 1678 temporum

1920 1682 2056 1738 nihil
2079 1682 2240 1738 fuerit
2265 1688 2638 1752 conturbatus,
2669 1699 2723 1743 et
2746 1704 2843 1757 pro
2868 1693 3035 1747 nihilo
3062 1696 3271 1752 duxerit
3291 1713 3482 1768 parvus

1921 1773 2036 1829 dies
2069 1774 2481 1840 intercedentes,
2510 1779 2760 1846 gaudebit
2808 1798 2826 1832 ι
2885 1791 2940 1837 et
2989 1786 3190 1842 videbit
3250 1789 3478 1859 lapidem

253 1887 396 1952 στὸν,
431 1884 507 1949 ὼς
545 1886 844 1954 ἐκτήκοντα
876 1883 1003 1943 τοὺς
1040 1879 1264 1950 ῥύπους,
1305 1877 1383 1942 ὡς
1407 1875 1819 1932 άπαλλάττοντα

1923 1874 2205 1921 stanneum
2239 1867 2294 1921 in
2326 1881 2485 1920 manu
2525 1866 2841 1925 Zorobabel.
2884 1889 2902 1924 ι
2937 1873 3076 1940 Quid
3110 1890 3239 1933 vero
3275 1891 3376 1948 est,
3428 1882 3484 1938 in

230 1977 358 2030 -τῶν
389 1975 678 2045 περιττῶν,
708 1974 783 2036 ὡς
808 1969 1248 2041 άποκαθαίροντα
1283 1968 1509 2039 νοητῶς.
1540 1968 1605 2022 El.
1638 1966 1700 2036 δή
1735 1983 1818 2030 τις

250 2064 341 2122 οὖν
388 2067 496 2138 άρα
536 2063 1056 2135 κατευμεγεθήσειε,
1117 2061 1271 2131 φησὶ,
1316 2059 1417 2129 τῆς
1455 2059 1564 2112 τῶν
1616 2057 1817 2129 μεταξὺ

251 2159 459 2232 καιρῶν
497 2158 768 2227 εἰσϐολῆς,
808 2155 903 2210 καὶ
935 2155 1086 2208 οὐδὲν
1119 2155 1379 2225 ἡγήσοιτο
1409 2151 1507 2215 τὰς
1533 2151 1622 2206 διὰ
1651 2150 1817 2222 μέσου

257 2250 460 2320 μικρὰς
508 2248 744 2319 ἡμέρας,
794 2246 1090 2317 χαρήσεται
1147 2244 1267 2315 μὲν,
1327 2261 1345 2294 ι
1383 2244 1477 2296 καὶ
1509 2241 1696 2310 ὄψεται
1729 2239 1821 2293 τδν

233 2340 402 2394 λίθον
433 2340 525 2393 τὸν
553 2338 928 2408 κασσιτέρινον
957 2339 1016 2390 ὲν
1044 2335 1188 2406 χειρὶ
1223 2331 1548 2405 Ζοροϐάϐελ.
1581 2349 1598 2383 ι
1632 2331 1742 2384 Kal.
1767 2329 1821 2382 τί

250 2431 314 2501 δὴ
343 2433 450 2502 ἄρα
487 2432 602 2484 ἐστὶ
636 2430 696 2483 τὸ
729 2431 786 2481 έν
826 2429 969 2498 χειρὶ
1000 2424 1332 2497 Ζοροϐάϐελς
1374 2424 1438 2476 Ἦ
1469 2421 1822 2483 θεόπνευστος

250 2525 442 2594 Γραφὴ
473 2523 572 2593 τὴν
614 2524 770 2591 χεῖρα
812 2521 1025 2589 δέχεται
1079 2519 1172 2572 καὶ
1205 2520 1284 2580 εἰς
1326 2514 1574 2585 δύναμιν,
1608 2511 1703 2567 καὶ
1741 2511 1821 2574 είς

224 2611 516 2677 -ἑξουσίαν,
558 2612 645 2664 Ἐν
674 2610 902 2679 δυνάμει
929 2609 994 2679 δὴ
1029 2606 1122 2662 οὖν
1142 2648 1157 2673 ,
1191 2608 1360 2678 ἤγουν
1386 2606 1481 2658 καὶ
1518 2606 1575 2657 έν
1603 2601 1821 2673 ἐξουσίᾳ

249 2707 317 2777 τῇ
337 2703 430 2758 τοῦ
449 2701 755 2773 Ζοροϐάϐελ
779 2701 971 2771 ὄψεται
1001 2699 1092 2753 τὸν
1123 2699 1268 2751 λίθον
1297 2697 1389 2750 τδν
1415 2693 1816 2764 κασσιτέρινον,

249 2794 516 2860 τουτέστι,
546 2792 800 2863 Χριστόν.
841 2788 1146 2859 Ζοροϐάϐελ
1177 2787 1277 2859 μὲν
1311 2787 1442 2857 γάρ,
1470 2785 1545 2848 ὡς
1577 2783 1734 2854 ἔφην,
1755 2783 1820 2835 ὲκ

251 2884 424 2955 φυλῆς
454 2883 546 2937 τοῦ
586 2882 753 2936 Ἰούδα
777 2881 1126 2952 βεϐασίλευκε
1158 2879 1266 2933 τῶν
1297 2877 1355 2944 ἑξ
1382 2875 1616 2949 Ἰσραήλ.
1657 2873 1816 2927 Ἐϐα-

250 2975 466 3029 σίλευσε
497 2973 553 3027 δὲ
583 2973 679 3026 καὶ
719 2974 747 3025 0
785 2970 1020 3043 Χριστος
1057 2970 1150 3024 επὶ
1191 2968 1284 3022 τὸν
1342 2966 1592 3039 Ἰσραὴλ,
1624 2963 1724 3018 οὒκ
1760 2963 1820 3016 ὲν

248 3067 401 3132 τάξει
433 3068 496 3137 τῇ
524 3065 646 3118 καθ’
683 3065 850 3134 ἡμᾶς,
885 3064 1053 3134 ῆγουν
1084 3058 1370 3132 ’μετρητήν
1395 3057 1492 3112 καὶ
1517 3056 1691 3127 χρόνῳ
1719 3069 1818 3106 πε-

252 3160 602 3235 περασμένην
629 3159 727 3228 τὴν
755 3156 1031 3228 βασιλείαν
1063 3155 1204 3226 ἔχων
1224 3171 1241 3188 ο
1271 3152 1384 3206 ἀλλ’
1422 3151 1498 3214 ὡς
1534 3149 1665 3212 Θεὸς
1694 3147 1819 3218 άλη-

1923 1967 2086 2007 manu
2160 1950 2509 2008 Zorohabel?
2576 1955 2842 2015 Divinitus
2886 1961 3144 2032 inspirata
3205 1966 3484 2040 Scriptura

1922 2058 2139 2098 manum
2171 2044 2366 2115 accipit
2399 2054 2452 2100 et
2481 2061 2580 2116 pro
2621 2049 2838 2116 virtute,
2879 2063 2934 2108 et
2960 2069 3058 2124 pro
3109 2066 3392 2127 potestate.
3427 2063 3484 2119 In

1921 2132 2121 2188 virtute
2142 2134 2325 2204 igitur,
2361 2138 2476 2192 sive
2510 2138 2673 2194 etiam
2721 2141 2774 2193 in
2819 2150 3083 2211 potestate
3141 2145 3487 2207 Zorobabelis

1920 2224 2122 2280 videbit
2150 2225 2382 2295 lapidem
2407 2238 2712 2296 stanneum,
2739 2231 2839 2287 hoc
2881 2243 2984 2300 est,
3030 2235 3323 2296 Christum.
3375 2241 3484 2298 Zo-

1921 2314 2138 2373 rohabel
2167 2319 2387 2383 etenim,
2414 2329 2474 2373 ut
2496 2321 2627 2384 dixi,
2653 2322 2720 2378 de
2757 2323 2896 2379 tribu
2941 2325 3078 2380 .iuda
3105 2340 3283 2393 natus,
3314 2331 3485 2390 lsrae-

1920 2404 1955 2458 li
1978 2405 2213 2474 przefuit.
2245 2405 2311 2460 Et
2333 2407 2579 2464 Christus
2607 2425 2820 2481 quoque
2846 2419 3089 2484 regnavit
3109 2434 3270 2489 super
3296 2423 3481 2488 lsrael,

1923 2508 2030 2548 non
2067 2510 2217 2550 more
2249 2508 2456 2563 nostro,
2489 2501 2601 2554 sive
2638 2501 3103 2575 circumscriptum
3142 2518 3200 2575 et.
3246 2521 3484 2582 tempore

1920 2594 2069 2640 certo
2101 2586 2379 2642 definitum
2413 2604 2635 2659 regnum
2694 2601 2881 2650 tenens
2913 2599 3042 2651 :sed
3065 2608 3123 2652 ut
3171 2615 3296 2657 vere
3342 2603 3484 2658 Deus

1917 2677 1985 2730 ad
2012 2675 2222 2730 infinita
2257 2679 2454 2732 saecula
2490 2694 2550 2737 se
2599 2683 2904 2753 porrigens,
2965 2697 3254 2746 attestante
3325 2695 3482 2748 beato

1919 2767 2169 2824 Gabriele
2197 2783 2259 2823 ac
2292 2769 2464 2826 beatae
2496 2771 2696 2842 Virgini
2724 2774 2788 2828 de
2825 2789 2891 2830 eo
2920 2777 3151 2844 dicente,
3184 2782 3479 2850 parituram

1918 2860 2122 2927 ﬁlium,
2152 2871 2208 2918 et
2255 2873 2567 2920 vocaturam
2604 2879 2798 2922 nomen
2850 2868 2968 2938 ejus
2993 2866 3202 2926 Jesum.
3234 2891 3253 2926 ι
3297 2876 3480 2942 Addit,

1924 2969 1944 3003 ι
1980 2952 2228 3008 daturum
2272 2953 2345 3008 illi
2378 2953 2662 3009 Dominum
2691 2957 2858 3012 Deum
2895 2961 3077 3015 sedem
3115 2961 3279 3019 David
3312 2966 3480 3034 patris

1918 3042 2055 3112 ejus,
2085 3053 2140 3099 et
2167 3054 2508 3114 regnaturum
2535 3061 2696 3116 super
2733 3049 2948 3103 domum
2984 3052 3147 3108 lsrael
3197 3055 3248 3109 in
3281 3059 3483 3127 sempi—

1922 3144 2151 3198 ternum,
2183 3145 2237 3190 et
2273 3137 2418 3205 regni
2448 3138 2564 3207 ejus
2587 3155 2690 3194 non
2743 3140 2861 3195 fore
2897 3143 3060 3198 finem
3090 3145 3155 3199 “.
3185 3163 3204 3198 ι
3243 3147 3296 3200 In
3321 3164 3480 3203 manu

250 3224 381 3318 θῶς,
415 3224 496 3314 είς
520 3224 857 3321 ἀπεράντους
890 3224 1520 3314 αἰῶναςέκτεινομένηνο
1558 3241 1651 3294 καὶ
1679 3256 1818 3310 μαρο

1923 3240 2052 3294 ergo
2079 3224 2398 3293 Zorobabel,
2434 3228 2537 3282 hoc
2566 3239 2649 3284 est
2691 3229 2744 3284 in
2773 3232 2970 3286 virtute
3003 3242 3055 3287 et
3083 3244 3347 3304 potestate
3388 3235 3486 3291 Zo-

246 3346 477 3415 τυρήσει
511 3342 680 3409 λέγων
705 3342 733 3393 0
765 3338 1032 3411 μακάριος
1052 3335 1290 3408 Γαϐριὴλ
1314 3336 1380 3404 τῇ
1409 3331 1538 3401 ἁγία
1558 3329 1820 3400 Παρθένῳ

251 3435 382 3505 rupi.
411 3432 598 3495 αὐτοῦ,
629 3433 711 3484 δτι
736 3431 948 3495 τέξεται
977 3429 1114 3494 υἱὸν,
1152 3428 1246 3483 καὶ
1291 3424 1510 3479 καλέσει
1551 3423 1612 3476 τὸ
1650 3422 1821 3491 ὄνομα

250 3523 417 3578 αὑτοῦ
470 3522 698 3592 Ἰησοῦν.
750 3520 1097 3591 Προσεπάγει
1169 3518 1261 3583 δὲ,
1312 3517 1393 3568 ὅτι
1447 3534 1464 3565 ι
1503 3514 1610 3566 Καὶ
1661 3510 1820 3563 δώσει

182 3668 190 3678 ,
250 3611 401 3682 αὐτῷ
441 3611 640 3681 Κύριος
683 3612 712 3662 0
761 3608 892 3670 Θεὸς
923 3607 1013 3660 τὸν
1058 3605 1248 3678 θρόνον
1275 3602 1440 3656 Δαϐὶδ
1487 3600 1582 3654 τοῦ
1614 3598 1819 3669 πατρὸς

250 3702 440 3768 αὐτοῦ,
473 3703 566 3754 καὶ
591 3697 897 3770 βασιλεύσει
927 3697 1018 3748 ἐπὶ
1050 3695 1140 3749 τὸν
1168 3689 1316 3747 οἷκον
1354 3691 1570 3763 Ἰσραὴλ
1593 3691 1672 3754 είς
1699 3690 1821 3753 τοὺς

251 3794 476 3860 αίῶνας,
503 3793 597 3846 καὶ
628 3791 727 3859 τῆς
762 3789 1034 3860 βασιλείας
1063 3786 1228 3843 αὑτοῦ
1258 3786 1358 3840 οὐκ
1399 3785 1550 3838 ἔσται
1586 3783 1756 3846 τέλος.
1797 3800 1815 3833 ι

264 3885 354 3938 Ἐν
377 3884 520 3956 χειρὶ
547 3883 610 3955 δὴ
632 3879 727 3936 οὖν
756 3880 1078 3952 Ζοροϐάϐελ,
1095 3876 1483 3940 τουτέστιν,ὼς
1510 3877 1567 3928 ὲν
1595 3875 1821 3945 δυνάμει

249 3997 311 4034 τε
356 3981 448 4032 καὶ
487 3979 705 4047 ἐξουσίᾳ
745 3978 811 4046 τῇ
861 3973 954 4027 τοῦ
1000 3969 1302 4043 Ζοροϐάϐελ
1343 3969 1639 4040 ὀφθήσεται
1679 3967 1820 4021 κατὰ

251 4072 478 4141 καιροὺς
506 4072 535 4122 0
561 4068 706 4130 λίθος
738 4069 765 4120 0
795 4063 1189 4133 κασσιτὲρινος.
1217 4061 1493 4132 Ἐπιφέρει
1525 4060 1581 4114 δὲ
1612 4059 1819 4123 τούτοις

251 4159 412 4224 εὐθὺς
444 4159 544 4227 τῆς
571 4155 909 4228 προφητείας
942 4156 970 4207 0
991 4152 1149 4219 λόγος
1167 4168 1181 4183 ο
1207 4171 1225 4203 ι
1248 4150 1418 4205 Ἑπτά
1445 4144 1589 4204 οὗτοι
1619 4148 1820 4219 ὀφθαλ-

258 4253 348 4322 μοὶ
387 4249 593 4320 Κυρίου
634 4249 804 4312 είσὶν,
846 4247 897 4299 οί
938 4244 1321 4307 ὲπιϐλέποντες
1365 4243 1458 4296 ἐπὶ
1501 4244 1680 4296 πᾶσαν
1721 4242 1822 4313 τὴν

253 4352 376 4418 γῆν.
415 4369 433 4400 ›
467 4349 576 4402 Καὶ
608 4346 753 4409 τίνες
791 4345 858 4399 ἂν
890 4339 1000 4396 εἶεν
1044 4335 1190 4396 οὗτοι
1227 4338 1423 4401 πάλιν;
1455 4339 1526 4391 Ἣ
1554 4337 1663 4408 γὰρ
1697 4338 1821 4400 τοὺς

253 4438 394 4492 ἑπτὰ
422 4437 664 4507 λύχνους,
695 4433 790 4497 οὓς
816 4431 1068 4487 τεθέαται
1097 4430 1155 4482 ὲν
1184 4427 1261 4497 τῷ
1278 4424 1588 4496 λαμπαδίῳ,
1618 4422 1820 4492 κέκλη-

211 4553 215 4556 ν
253 4547 348 4585 κεν
391 4525 702 4597 ὀφθαλμοὺς
729 4523 955 4592 Κυρίου,
998 4520 1089 4575 ἵνα
1127 4517 1340 4614 νοῶμεν
1367 4518 1492 4614 τους
1515 4515 1723 4614 άγίους,
1754 4513 1820 4614 δι’
1853 4558 1896 4614 D

251 4617 330 4675 ὢν
357 4622 390 4690 ἡ
431 4619 694 4688 σύμπασα
735 4611 1173 4680 καταφωτίζεται
1225 4609 1332 4680 γῆ.
1383 4607 1478 4661 καὶ
1518 4604 1822 4674 ἐπισκοπῆς

252 4710 544 4777 ἀξιωθεῖσα
577 4706 826 4776 φαίνεται
869 4705 982 4767 τοῖς
1030 4700 1183 4773 παρὰ
1223 4698 1394 4754 Θεοῦ·
1428 4698 1598 4768 ήγουν
1625 4697 1822 4756 έκεῖνο,

251 4797 409 4876 οἶμαί
434 4817 559 4864 mu,
587 4794 1023 4866 κατασημαίνειν
1050 4790 1302 4862 ιροῢμεν,
1327 4789 1403 4852 ὡς
1431 4788 1533 4842 ούκ
1557 4785 1823 4876 ἀμελήσει

208 4915 210 4917 ν
250 4875 372 4943 τῶν
397 4887 540 4941 ίδίων
580 4883 897 4953 κτισμάτων
923 4883 953 4934 ό
987 4879 1094 4935 τῶν
1136 4878 1274 4934 ὅλων
1304 4876 1436 4940 Θεδς
1475 4876 1568 4931 καὶ
1595 4875 1818 4944 Πατήρ·

251 4977 370 5034 ἀλλ’
419 4970 529 5029 οἷον
569 4973 783 5036 πολλοῖς
823 4989 884 5025 τε
919 4971 1012 5024 καὶ
1046 4970 1272 5032 άΰπνοις
1305 4967 1518 5038 δμμασι
1546 4965 1614 5018 τὰ
1644 4963 1823 5018 πάντα

253 5067 593 5139 περιαθρῶν,
627 5065 898 5134 χαριεῖται
915 5064 1028 5126 τοῖς
1053 5060 1146 5114 ἐπὶ
1177 5059 1280 5131 τῆς
1309 5059 1412 5128 γῆς
1432 5057 1524 5112 τὸν
1553 5055 1698 5109 λίθον
1727 5054 1820 5108 τὸν

252 5155 660 5227 κασσιτέρινον,
701 5153 965 5217 τουτέστι,
1003 5149 1268 5223 Χριστὸν,
1309 5148 1377 5202 δι’
1405 5142 1467 5202 ού
1496 5147 1687 5217 γέγονε
1727 5145 1822 5199 καὶ

251 5251 335 5312 εις
365 5247 514 5317 ἡμᾶς
542 5246 572 5299 0
602 5245 703 5313 τῆς
735 5241 1122 5312 κατασκέψεως
1141 5280 1159 5306 ,
1205 5236 1304 5295 εἴτ’
1345 5235 1438 5294 οὖν
1485 5236 1822 5307 ἐπισκέψεως

249 5339 473 5410 τρόπος.
502 5357 523 5388 ι
547 5334 917 5403 Ἐπεσκέψατο
931 5334 1039 5405 γὰρ
1065 5334 1212 5404 ἡμᾶς
1240 5330 1570 5403 Ἀνατολὴέξ
1583 5330 1773 5401 ὕψους,
1798 5348 1818 5382 ι

251 5429 398 5484 κατὰ
453 5427 516 5481 τδ
581 5425 988 5495 γεγραμμένον.
1048 5424 1159 5482 Καὶ
1224 5424 1384 5495 εῐπερ
1441 5422 1608 5493 ἐσμὲν
1668 5419 1825 5491 σιῖιμα

251 5516 514 5587 Χριστοῦ,
560 5517 657 5570 καὶ
707 5515 843 5584 μέλη
889 5515 956 5568 ἐκ
998 5514 1229 5586 μέρους,
1256 5513 1411 5568 οὐδὲν
1441 5508 1593 5584 οἶμαι
1625 5512 1686 5565 τὸ
1719 5511 1825 5564 ἀπ-

253 5607 425 5674 εικὸς,
457 5608 515 5660 έν
547 5605 841 5676 ὀφθαλμῶν
863 5602 1011 5669 τάξει
1051 5604 1176 5668 τοὺς
1207 5605 1396 5674 άγίους
1431 5601 1824 5674 μυσταγωγοὺς

331 5781 378 5814 ⁸⁸
414 5779 516 5836 Job
553 5796 659 5843 xu,
708 5780 787 5834 15.
867 5778 916 5810 ⁸ο
951 5776 1150 5834 Jercm.
1193 5793 1268 5845 vt,
1306 5777 1398 5834 29.

613 5873 887 5937 ΡΑτιιοι..
936 5875 1051 5935 Gtt.
1099 5874 1354 5939 LXXII.

1510 5779 1551 5808 "
1595 5777 1724 5835 Luc.
1767 5792 1807 5843 ι,
1847 5776 1937 5847 51,
1979 5776 2067 5834 52.

1924 3316 2213 3379 rohabelis,
2262 3317 2528 3372 videbitur
2573 3319 2857 3388 aliquando
2893 3321 3028 3390 lapis
3084 3325 3173 3378 ille
3201 3339 3478 3382 stanneus.

1923 3407 2174 3462 Anncctit
2203 3409 2445 3475 protinus
2480 3408 2564 3463 his
2585 3412 2927 3480 pr0pbcticus
2958 3428 3134 3468 sermo
3167 3432 3180 3467 z
3206 3434 3225 3468 ι
3265 3414 3481 3485 Septem

1924 3499 1976 3552 hi
2013 3499 2151 3553 oculi
2177 3500 2385 3554 Domini
2413 3509 2538 3555 sunt
2562 3502 2911 3572 respicientes
2947 3521 3108 3575 super
3128 3523 3340 3564 omnem
3375 3517 3458 3564 ter

1925 3604 2062 3643 ram.
2095 3608 2114 3642 ι
2157 3588 2384 3656 Quinam
2417 3592 2503 3646 isti
2533 3593 2670 3651 oculi
2702 3594 2724 3646 ?
2752 3594 2914 3666 692
2949 3598 3054 3651 Aut
3099 3599 3238 3653 enim
3279 3609 3482 3670 septem

1923 3678 2174 3736 lucernas
2204 3695 2339 3749 quas
2369 3682 2499 3735 vidit
2538 3683 2604 3737 ad
2646 3682 2968 3752 lampadem,
3024 3689 3237 3742 vocavit
3298 3692 3486 3745 oculos

1923 3768 2156 3832 Domini,
2185 3779 2242 3823 ut
2267 3771 2622 3841 intelligamus
2648 3783 2887 3840 sanctos,
2921 3791 3016 3844 per
3043 3792 3178 3846 quos
3236 3780 3483 3836 universa

1925 3870 2068 3915 terra
2099 3861 2446 3926 illuminatur,
2485 3871 2537 3917 et
2568 3863 2744 3917 divina
2784 3864 3090 3920 visitatione
3122 3869 3337 3938 dignata
3363 3887 3482 3926 cer-

1923 3955 2070 4009 nitur
2098 3972 2111 4009 :
2139 3963 2232 4008 aut
2262 3965 2407 4009 certe
2443 3954 2590 4020 illud,
2624 3957 2834 4026 opinor,
2873 3958 3176 4029 significare
3221 3963 3483 4026 dicemus.

1923 4045 2088 4101 Deum
2116 4055 2171 4100 et
2203 4044 2415 4100 Patrem
2468 4047 2840 4103 universorum
2897 4060 3174 4106 creaturas
3219 4066 3343 4107 suas
3377 4069 3482 4108 non

1922 4137 2313 4206 neglecturum,
2345 4138 2438 4191 sed
2482 4146 2738 4206 tanquam
2792 4140 2976 4195 multis
3023 4150 3076 4195 et
3137 4156 3350 4213 semper
3407 4145 3486 4199 vi-

1923 4229 2119 4297 gilibus
2162 4228 2332 4284 oculis
2365 4231 2544 4283 omnia
2573 4230 3122 4297 circumspicientem,
3160 4231 3482 4288 donaturam

1925 4320 2236 4375 mortalibus
2273 4321 2502 4390 lapidem
2551 4331 2854 4383 stanneum,
2912 4322 3011 4376 hoc
3045 4333 3128 4376 est
3188 4323 3484 4391 Christum,

1924 4424 2019 4480 per
2052 4425 2208 4480 quem
2249 4420 2304 4466 et
2348 4425 2444 4464 nos
2473 4409 2730 4475 visitavit,
2757 4410 2870 4465 sive
2910 4413 3162 4480 respexit.
3185 4431 3202 4465 ι
3241 4413 3486 4468 Visitavit

1926 4502 2067 4556 enim
2087 4517 2183 4556 nos
2203 4500 2396 4557 Oriens
2427 4516 2492 4555 ex
2523 4500 2647 4564 alto,
2676 4519 2693 4553 ι
2731 4512 2788 4557 ut
2809 4504 3064 4572 scriptum
3083 4514 3164 4559 est
3181 4506 3244 4555 ".
3270 4503 3334 4560 Et
3353 4521 3487 4578 quo-

1926 4593 2069 4648 niam
2097 4606 2282 4648 sumus
2310 4607 2503 4662 corpus
2530 4593 2751 4657 Christi,
2794 4607 2848 4648 et
2907 4595 3142 4649 membra
3200 4597 3486 4654 de_mem-

1927 4681 2026 4736 bro
2062 4681 2130 4747 ³³,
2165 4695 2265 4737 non
2313 4683 2549 4738 arbitror
2577 4683 2944 4752 improbabile.
2979 4683 3023 4738 si
3055 4693 3271 4739 sanctos
3303 4699 3483 4740 rerum

1927 4772 2226 4828 divinarum
2266 4773 2538 4838 doctores,
2567 4781 2625 4827 ut
2661 4773 2781 4828 aliis
2825 4773 3238 4829 excellentiores
3280 4784 3334 4830 et
3397 4790 3489 4830 su-

1927 4864 2228 4930 blimiores,
2256 4865 2444 4920 oculos
2475 4865 2794 4937 appellatos,
2830 4874 2884 4921 et
2912 4879 2970 4920 ut
2999 4881 3098 4936 ego
3123 4868 3321 4933 sentio,
3347 4867 3489 4923 hanc

1926 4955 1996 5009 ob
2049 4970 2265 5010 causam
2322 4957 2481 5012 etiam
2521 4958 2801 5026 episcopos
2866 4957 3168 5011 nominatos
3225 4958 3484 5012 dicamus.

1930 5045 2248 5115 Speculator
2291 5049 2470 5117 itaque
2535 5063 2630 5116 per
2685 5048 2805 5102 illos
2859 5048 2910 5101 in
2966 5049 3138 5117 ipsum
3207 5047 3489 5103 credentes

1928 5137 2185 5194 Dominus
2214 5149 2393 5194 noster
2417 5137 2571 5193 Jasus
2594 5136 2857 5194 Christus.
2913 5137 3136 5193 Detnum
3185 5138 3320 5206 lapis
3341 5147 3489 5190 stan-

1928 5242 2064 5284 neus
2118 5229 2222 5285 alio
2262 5243 2474 5298 quoque
2523 5228 2683 5285 modo
2730 5227 2981 5285 Christus
3026 5236 3200 5299 patest
3237 5225 3483 5294 intelligi.
3538 5257 3547 5280 ι

1927 5316 2193 5377 Stannum
2211 5321 2353 5376 enim
2373 5320 2642 5391 disiuncta
2661 5319 3067 5389 conjungit,vim
3087 5315 3484 5388 conglutinandi

1927 5413 2154 5469 habens.
2177 5411 2327 5468 Fecit
2363 5412 2611 5483 quiddam
2643 5412 2744 5467 tals
2779 5421 2834 5468 et
2869 5413 3023 5467 nobis
3082 5407 3350 5470 Christus,
3415 5406 3488 5458 si-

1926 5506 2145 5576 quidem
2181 5521 2366 5562 verum
2393 5516 2495 5571 est,
2529 5521 2652 5562 eum
2689 5506 2741 5560 in
2775 5519 2936 5559 unum
2986 5514 3177 5556 novum
3212 5497 3484 5552 hominem

1927 5596 2062 5653 duos
2099 5596 2324 5668 populos
2389 5597 2713 5661 condidisse,
2758 5615 2775 5646 ‹
2830 5594 3113 5648 facientem
3171 5605 3378 5660 pacem,
3434 5600 3489 5643 et

2179 5777 2224 5807 “
2261 5774 2390 5831 Luc.
2435 5791 2473 5842 ι,
2513 5749 2602 5828 78.
2714 5773 2762 5808 ⁸⁸
2799 5773 2820 5827 1
2859 5769 2982 5828 Cor.
3028 5787 3126 5838 ιιι,
3162 5771 3255 5829 υ.

3067 5869 3100 5929 3
