4120 6584
641 407 713 463 75
1612 390 1687 444 'S.
1730 384 2009 443 CYRILLI
2049 379 2517 440 ALEXANDRIN]
2558 375 2882 434 ARCHIEP’
3836 363 3907 419 36

648 515 1083 574 reconciliantem
1115 510 1167 564 in
1214 522 1319 563 uno
1365 518 1592 575 corpore
1637 503 1824 558 ambos
1852 502 1903 556 in
1966 500 2269 555 unitatemi

2368 495 2602 548 εθεῖσθαι
2639 492 2853 560 λέγειν,
2908 488 2983 552 ὡς
3032 488 3140 540 τῶν
3189 486 3363 541 ἄλλων
3429 482 3767 555 προῦχοντας
3792 480 3906 535 καὶ

646 625 744 679 per
772 607 1017 678 spiritum
1047 602 1114 654 “.
1157 619 1174 651 ι
1200 600 1354 655 Unde
1395 573 1528 665 lapis
1556 608 1798 649 summus
1823 590 2096 661 augularis
2134 597 2217 642 est

2368 585 2751 656 περκειμένους
2780 623 2797 649 ,
2844 580 3098 651 ταύτῃτοι
3146 580 3242 633 καὶ
3272 638 3277 645 ί
3308 576 3638 641 ἐπισκόπους
3688 573 3906 642 ὠνομα-

649 660 1008 768 Irtuticupattts,
1039 700 1368 748 conneCIens
1398 688 1463 741 ad
1492 686 1759 741 unitatem
1800 683 1935 737 duos
1973 678 2217 751 populos,

2368 678 2581 747 μένους,
2605 674 2870 743 καθάπερ]
2896 665 3129 741 ἐγῷμαι.
3146 667 3608 722 -Κατασκέπτεται
3634 664 3692 717 δέ
3718 663 3785 715 δι’
3803 660 3906 764 αύ-

649 754 709 844 ut
740 754 870 842 dixi.
895 754 1174 854 Copulavit
1204 782 1329 835 item
1362 777 1577 844 angelos
1600 777 1651 829 in
1706 786 1850 829 terra
1866 773 2217 843 degentibus:

2368 767 2435 820 ὧν
2477 767 2603 829 τοὺς
2658 766 2738 827 εἰς
2786 762 2949 816 αὑτὸν
3000 759 3361 821 πιστεύοντας
3408 760 3437 810 ὁ
3481 756 3685 826 Κύριος
3749 754 3909 823 ἡμῶν

651 895 749 935 ros
773 881 918 947 ipsos
963 842 1176 946 quoque
1199 886 1295 941 per
1322 885 1379 924 se
1427 868 1537 922 Deo
1563 876 1617 921 et
1683 866 1827 921 Patri
1866 863 2221 927 consociavit,

2368 856 2548 928 Ιησοῦς
2599 856 2855 926 Χριστός.
2910 853 3072 915 Λίθος
3113 868 3177 920 γε
3226 848 3777 921 μὴνικασσιτέρινος,
3814 842 3911 896 καὶ

652 935 924 1025 destructo
946 935 1183 1035 peccato,
1201 935 1356 1030 quod
1401 957 1852 1028 interiacebat,et
1894 970 1992 1010 ceu
2040 966 2226 1008 murus

2369 948 2452 1001 αθ⁹
2491 948 2675 1017 ἕτερον
2709 946 2774 999 ἂν
2807 946 2979 996 νοοῖτο
3010 942 3211 1013 τρόπον
3240 941 3268 993 6
3296 940 3550 1010 Χριστός.
3590 937 3650 989 '0
3679 935 3787 1006 γάρ
3827 950 3912 986 τοι

653 1076 754 1114 nos
788 1060 857 1112 ab
882 1073 946 1111 eo
975 1054 1303 1109 secludebat.

2368 1040 2659 1109 ασσίτερος
2718 1036 2980 1090 συνάπτει
3038 1034 3173 1104 πρὸς
3218 1031 3415 1086 ἐνωσιν
3468 1029 3539 1082 τὰ
3584 1026 3913 1099 διῃρημένα,

654 1149 975 1221 κολλητικὴν
1008 1147 1145 1217 ἔχων
1174 1147 1273 1216 τὴν
1288 1142 1484 1211 φύσιν.
1519 1141 1776 1212 Πέπραχε
1796 1138 1866 1191 ’δέ
1896 1155 1948 1191 τι
1977 1135 2219 1190 τοιοῦτον
2256 1133 2352 1187 καὶ
2373 1134 2453 1197 είς
2510 1132 2656 1202 ἡμᾶς
2695 1130 2723 1183 6
2761 1127 3033 1221 Χριστὸς,
3074 1125 3250 1221 -εῐπερ
3293 1122 3694 1221 ἐπίνιάληρές,
3721 1122 3797 1185 ὼς
3830 1120 3916 1221 εις

653 1248 747 1299 ἕνα
778 1211 964 1298 καινὸν
993 1211 1277 1313 ἄνθρωπον
1312 1239 1437 1300 τοὺς
1469 1236 1562 1288 δύο
1599 1211 1772 1299 κτίζει
1799 1233 1982 1295 λαοὺς,
2004 1250 2029 1282 η(
2078 1227 2255 1283 Ποιῶν
2329 1226 2575 1297 εἰρήνην,
2608 1223 2705 1276 καὶ
2736 1217 3242 1274 ἁποκαταλλάσσων
3289 1217 3347 1270 ἐν
3394 1215 3477 1269 ἐνὶ
3526 1213 3745 1313 σώματι
3783 1211 3919 1313 τοῦς

655 1337 1014 1409 ἀμφοτέρους,
1046 1305 1124 1395 si;
1164 1332 1261 1403 τὴν
1292 1330 1381 1384 διὰ
1443 1327 1747 1397 πνεύματος
1810 1324 2023 1377 ἕνωσιν.
2063 1340 2082 1372 ι
2125 1320 2287 1375 Ὅθεν
2326 1318 2421 1372 καὶ
2486 1316 2633 1378 λίθος
2686 1314 3081 1384 ἀκρογωνιαίος
3134 1309 3489 1378 ὠνόμασται,
3540 1305 3777 1358 συνδέων
3832 1305 3921 1365 είς

658 1397 1012 1493 ἕνωσινποπ
1067 1428 1158 1481 δύο
1205 1397 1383 1489 λαοὺς,
1436 1424 1511 1485 ὼς
1556 1421 1708 1491 ἔφην.
1763 1418 1973 1488 Συνῆψε
2025 1416 2083 1469 δέ
2130 1416 2226 1469 καὶ
2291 1411 2545 1482 ἀγγέλοις
2576 1409 2705 1472 τοὺς
2728 1407 2825 1461 ἐπὶ
2854 1405 2951 1476 τῆς
2977 1404 3114 1475 γῆς·
3146 1403 3284 1458 ἀλλὰ
3356 1402 3450 1457 καὶ
3478 1400 3715 1472 ἡμᾶςδι’
3751 1397 3923 1453 αὐτοῦ

656 1528 734 1594 τῷ
765 1525 882 1594 Θεῷ
912 1523 1002 1575 καὶ
1032 1519 1224 1588 Πατρὶ,
1254 1518 1352 1585 τὴν
1383 1514 1585 1585 μεταξὺ
1618 1511 1879 1581 κειμένην
1920 1509 2015 1563 καὶ
2046 1507 2219 1561 πάλαι
2257 1504 2690 1575 διατειχίζουσαν
2729 1497 2974 1554 καθελὼν
3011 1495 3306 1594 ἁμαρτίαν.

707 1581 892 1672 ’νειιέ
930 1581 1205 1666 ιι-ιι.ὶει
1243 1581 1501 1675 respondi,
1531 1615 1575 1656 et
1618 1604 1729 1656 dixi
1777 1603 1843 1654 ad
1887 1615 2044 1655 cum:
2087 1596 2227 1663 Quid

2408 1596 2517 1650 Kai
2569 1592 2924 1660 ἀπεκρίθην,
2958 1587 3064 1642 καί
3108 1585 3247 1640 εἶπα
3294 1583 3454 1653 πρὸς
3482 1582 3711 1638 αὐτόν·
3758 1582 3819 1636 Τί
3861 1584 3927 1635 αἱ

661 1671 780 1762 duo:
812 1706 981 1764 olim,
1009 1717 1123 1770 qua:
1150 1717 1181 1752 a
1212 1671 1406 1749 dextris
1437 1693 1739 1747 candelabri
1778 1702 1823 1745 et
1868 1708 1898 1743 a
1946 1688 2224 1744 sinistris?

2375 1686 2445 1739 ύο
2477 1683 2671 1741 ἐλαῖαι
2702 1678 2899 1745 αὗται,
2927 1682 2987 1734 ai
3017 1679 3087 1733 ἐκ
3121 1675 3334 1741 δεξιῶν
3360 1673 3471 1744 τῆς
3510 1674 3789 1747 λυχνίας,
3818 1671 3926 1726 καὶ

666 1800 729 1852 Et
767 1762 1077 1862 iitterroqavi
1102 1788 1350 1850 secundo,
1382 1796 1429 1839 et
1452 1785 1563 1836 dixi
1598 1784 1665 1835 ad
1690 1798 1805 1835 eum
1831 1796 1848 1833 :
1882 1781 2019 1845 Quid
2043 1780 2095 1832 hi
2124 1781 2230 1832 duo
2264 1812 2269 1867 1

2369 1777 2404 1840 ξ
2440 1775 2790 1842 εὐωνύμων;
2826 1772 2940 1825 Καὶ
2980 1766 3340 1836 ὲπηρώτησα
3379 1765 3447 1819 ἐκ
3484 1762 3787 1832 δευτέρου,
3822 1762 3927 1817 καί

666 1889 799 1942 rami
825 1887 1101 1947 olivarum,
1130 1880 1219 1949 qui
1255 1880 1308 1931 in
1343 1875 1581 1929 manibus
1618 1874 1847 1925 duarum
1880 1872 2088 1924 narium
2134 1886 2233 1923 au-
2264 1853 2269 1867 Α

2368 1863 2473 1921 Tata
2505 1864 2653 1933 πρὸς
2686 1863 2903 1917 αὐτόν·
2943 1860 3004 1914 Τί
3029 1862 3082 1913 οἱ
3109 1858 3220 1913 δύο
3260 1854 3476 1910 κλάδοι
3519 1854 3639 1907 τῶν
3675 1853 3925 1917 ἐλαιῶν,

666 1994 893 2041 rearum,
925 1972 1310 2041 infundentium
1354 1977 1399 2022 et
1425 1966 1797 2021 retrahentium
1832 1962 2096 2033 infusoria
2131 1976 2232 2015 au-

2371 1960 2389 2011 i
2423 1956 2494 2011 ἐν
2536 1954 2668 2021 ταῖς
2708 1952 2881 2024 χερσί
2930 1950 3051 2005 τῶν
3077 1948 3187 2003 δύο
3228 1944 3597 2017 μυξωτήρων
3630 1943 3746 1997 τῶν
3779 1962 3931 2014 χρυ-

668 2070 807 2123 rea?
845 2037 905 2120 Et
938 2037 1071 2118 dixit
1116 2062 1183 2114 ad
1212 2075 1324 2114 me:
1361 2056 1482 2111 Non
1519 2058 1619 2111 scis
1651 2056 1776 2125 quid
1813 2063 1931 2107 sunt
1973 2053 2127 2106 INBC?
2166 2050 2235 2104 Et

2368 2047 2491 2115 ὧν,
2545 2046 2664 2101 τῶν
2745 2045 3108 2114 ἐπιχεόντων
3182 2040 3283 2094 καί
3338 2037 3759 2107 ἐπαγαγόντων
3816 2037 3933 2102 τὰς

669 2162 824 2214 dixi:
876 2157 1242 2225 Nequaquam,
1292 2150 1530 2203 Domine.
1573 2145 1642 2200 Et
1680 2147 1800 2198 ait:
1848 2143 1947 2197 Isti
2000 2144 2104 2195 duo
2138 2142 2238 2210 ﬁlii

2368 2137 2776 2208 παρυστρίδας
2794 2135 2901 2201 τὰς
2926 2132 3199 2203 χρυσᾶς;
3220 2130 3327 2225 Kal
3349 2125 3479 2183 εἷπε
3501 2129 3660 2225 δτρός⁸
3670 2144 3746 2197 με
3763 2144 3777 2158 ·

668 2249 996 2321 pinguedinis
1030 2248 1303 2299 astiterunt
1336 2241 1555 2293 Domino
1592 2237 1759 2291 omnis
1794 2247 1965 2290 terra’.

2368 2226 2504 2295 ’ἴδας
2538 2230 2595 2282 τί
2640 2228 2772 2281 ἐστι
2802 2225 2988 2280 ταῦτα
3006 2240 3024 2287 ;
3059 2221 3169 2277 Καὶ
3195 2217 3365 2274 εἶπα*
3398 2217 3565 2285 Οὐχὶ,
3592 2218 3791 2284 Κύριε.
3817 2215 3931 2270 Καὶ

2337 2317 2507 2374 εἶπεν
2523 2338 2534 2349 ’
2558 2315 2732 2374 Οὗτοι
2756 2321 2809 2372 oi
2831 2317 2940 2371 δύο
2957 2316 3073 2370 υίοὶ
3088 2312 3196 2383 τῆς
3217 2312 3493 2378 πιότητος
3512 2308 3935 2378 παρεστήκασι

2333 2412 2535 2479 Κυρίῳ
2562 2409 2765 2478 πάσης
2810 2408 2921 2478 τῆς
2957 2407 3091 2477 γῆς·

748 2508 979 2563 X‘XVlll.
1039 2506 1267 2559 Animus
1315 2507 1626 2556 sanctorum
1668 2497 1907 2553 discendi
1951 2496 2240 2566 cupidissi-

2412 2502 2546 2557 KH’.
2589 2500 2898 2573 Φιλομαθὴς
2927 2500 3065 2569 ἄγαν
3100 2498 3210 2553 τῶν
3255 2498 3427 2568 ἁγίων
3455 2500 3483 2553 6
3510 2496 3655 2560 νοῦς.
3695 2493 3935 2564 Τοιγάρ-

671 2615 796 2653 mus
822 2607 925 2652 est.
958 2594 1189 2649 Proinde
1220 2592 1351 2648 nihil
1388 2592 1441 2645 in
1482 2590 1694 2645 visione
1731 2598 2075 2644 ostensorum
2114 2600 2243 2656 pro-

2368 2613 2423 2649 :Ot
2456 2595 2688 2666 παρίησι
2725 2594 2820 2664 μὲν
2850 2596 2878 2647 6
2910 2593 3199 2663 προφήτης
3245 2592 3355 2646 τῶν
3400 2592 3460 2646 ἐν
3490 2593 3558 2662 τῇ
3603 2588 3793 2661 ὁράσει
3825 2587 3936 2640 δει-

676 2694 835 2760 pheta
856 2685 1326 2753 prmtermittit,-et
1360 2681 1693 2752 perlibenter
1721 2681 2050 2745 sciscitatur,
2094 2688 2148 2735 et
2178 2682 2245 2734 de

2368 2686 2627 2755 ινυμένων
2664 2685 2839 2748 οὐδὲν,
2890 2684 3241 2753 φιλοπευπεῖ
3267 2682 3348 2750 δέ,
3385 2683 3480 2737 καὶ
3507 2681 3646 2745 λίαν,
3678 2679 3771 2734 καὶ
3804 2678 3938 2749 περὶ

678 2780 907 2850 singulis
936 2776 1176 2833 exactius
1202 2774 1445 2844 inquirit,
1472 2774 1728 2844 quidnam
1760 2772 2049 2843 signiﬁcat't
2091 2786 2244 2827 com-

2368 2778 2579 2830 ;κάστου
2617 2774 2832 2838 λεπτῶς
2877 2774 3314 2828 ἀναπυνθάνεται
3361 2775 3456 2839 τὸ,
3485 2774 3538 2825 τί
3574 2771 3644 2825 ἂν
3693 2770 3939 2841 βούλοιτο

680 2872 1003 2940 plectantur.
1036 2865 1337 2935 Oportebat
1370 2864 1532 2935 igitur
1578 2864 1651 2919 ita
1694 2862 1938 2933 poscenti
1986 2876 2119 2918 voce
2145 2877 2246 2916 an-

2368 2869 2560 2941 ἱηλοῦν.
2596 2868 2743 2921 Ἔδει
2790 2867 2967 2920 τοίνυν
3007 2864 3182 2928 οὕτως
3216 2865 3393 2936 ἔχοντι
3440 2862 3667 2935 γνώμης
3716 2862 3942 2935 διατρα-

679 2962 781 3031 geli
824 2959 1129 3023 declarari,
1168 2956 1322 3023 cujus
1363 2956 1441 3009 rei
1485 2954 1784 3023 symbolum
1826 2962 2032 3018 essent,
2064 2968 2182 3023 qua:
2216 2967 2245 3006 a

2368 2960 2571 3013 νοῦσθαι
2616 2958 2707 3011 διὰ
2749 2957 2842 3011 τοῦ
2884 2957 2993 3029 τῆς
3028 2956 3261 3026 ἀγγέλου
3304 2955 3523 3025 φωνῆς,
3565 2955 3708 3019 τίνος
3731 2953 3809 3007 ἂν
3852 2955 3942 3023 εἴη

682 3052 887 3107 dextris
936 3060 991 3105 et
1038 3048 1269 3102 sinistris
1298 3046 1461 3118 693
1506 3045 1765 3115 lampadis
1836 3045 2053 3101 stabant
2093 3044 2249 3099 oliva:

2368 3048 2619 3119 ιύμὸολον
2654 3050 2688 3116 ὴ
2717 3051 2796 3112 είς
2830 3048 3003 3113 δεξιόν
3034 3066 3094 3101 τε
3136 3048 3233 3101 καὶ.
3274 3047 3555 3119 εὐώνυμον
3587 3047 3685 3100 τοῦ
3716 3047 3944 3118 λαμπα-

682 3144 821 3196 dum.
851 3140 1126 3195 Curiosius
1158 3139 1340 3207 itaque
1375 3139 1687 3207 indagat,et
1718 3136 1927 3191 discere
1952 3136 2119 3205 cupit.
2156 3136 2249 3189 Vi-

2368 3140 2463 3192 iiou
2508 3139 2696 3202 στάσις
2749 3138 2855 3191 τῶν
2896 3138 3112 3193 ἐλαιῶν.
3160 3136 3429 3210 Ταύτῃτοι
3480 3136 3942 3208 περιεργάζεται,

682 3238 750 3290 de
781 3245 983 3297 autem,
1014 3231 1284 3301 quomodo
1326 3231 1521 3284 iterato
1574 3238 1946 3298 percontetur,
1984 3228 2251 3283 modum-

2368 3230 2446 3283 ιαὶ
2486 3228 2887 3301 ἁναμανθάνειν
2935 3228 3097 3296 ἀξιοῖ.
3146 3228 3335 3300 ’Δαρει
3381 3229 3441 3282 δέ
3490 3229 3639 3291 ὅπως
3680 3227 3947 3297 δευτέραν

682 3342 787 3397 que
830 3323 1255 3396 percontationis
1284 3324 1379 3402 .ad
1432 3321 1713 3376 veritatem
1755 3320 1913 3389 quasi
1978 3320 2247 3373 immutet.

684 3418 826 3471 Duas
852 3417 994 3471 enim
1017 3414 1187 3468 olivas
1218 3414 1511 3467 nominavit
1545 3414 1597 3465 in
1624 3412 1890 3481 principio
1924 3428 1937 3465 :
1972 3412 2067 3467 sed
2100 3427 2253 3466 men-

685 3511 752 3563 tis
780 3509 936 3563 oculo
965 3508 1175 3563 acutius
1218 3507 1331 3561 visa
1364 3504 1611 3567 intuitus,
1658 3518 1764 3557 non
1798 3502 2028 3572 amplius
2060 3502 2253 3568 olivas,

681 3600 777 3654 sed
812 3614 991 3652 ramos
1012 3599 1278 3653 olivarum
1320 3596 1584 3650 nominat.
1613 3593 1763 3649 Scite
1791 3593 1974 3661 itaque
2010 3592 2249 3645 interro-

686 3686 1111 3757 gantiexplicat
1162 3700 1285 3738 mox
1338 3686 1525 3737 beatus
1586 3681 1833 3748 angelus,
1872 3688 1931 3733 et
1990 3680 2064 3733 ait
2113 3679 2258 3747 ipsos

687 3793 807 3832 esse
844 3779 982 3830 duos
1042 3776 1183 3829 illius
1220 3773 1582 3844 pinguedinis,
1622 3780 1678 3825 ut
1726 3771 1993 3836 ltetantes,
2042 3780 2098 3825 et
2141 3770 2259 3825 oleo

682 3868 888 3922 Christi
920 3869 975 3921 in
1018 3866 1221 3920 deliciis
1249 3865 1511 3930 viventes,
1544 3873 1599 3917 et
1628 3862 1806 3932 gratia
1848 3862 2081 3931 Spiritus
2114 3862 2261 3915 aifa-

692 3960 784 4013 tim
810 3960 1240 4028 pingttescentes.
1271 3955 1698 4009 Misericordiam
1722 3955 1867 4009 enim
1903 3955 2258 4018 obtinuimus,

684 4050 959 4119 jnstilicati
1002 4049 1172 4118 gratis
1204 4062 1297 4117 per
1344 4047 1601 4111 ﬁdem",
1656 4055 1714 4101 et
1748 4052 1967 4116 propter
2002 4062 2264 4101 commu-

690 4142 904 4195 nionem
938 4140 1110 4194 sancti
1149 4139 1384 4208 Spiritus
1410 4146 1687 4194 consortes
1720 4138 1915 4192 divina:
1943 4138 2059 4206 ejus
2093 4148 2265 4193 natu-

689 4250 764 4287 τω
797 4233 969 4285 eﬂ‘ecti
1009 4232 1075 4285 ⁵⁸.
1128 4230 1314 4298 Itaque
1372 4229 1424 4283 in
1485 4230 1604 4284 oleo
1651 4236 1706 4284 et
1761 4228 1997 4284 lucernis
2032 4230 2265 4283 duorum

694 4321 1010 4390 populorum
1072 4320 1312 4373 fundatio
1354 4328 1409 4373 et
1458 4316 1768 4372 assistentia
1821 4316 2157 4386 intelligitur.
2206 4314 2265 4368 In

696 4411 898 4464 lumine
928 4411 1071 4464 enim
1107 4420 1191 4465 εει
1227 4410 1439 4464 vocatio
1470 4420 1680 4476 nostra,
1719 4417 1771 4463 et
1801 4416 1859 4462 ut
1885 4408 1936 4462 in
1974 4408 2093 4462 oleo
2122 4406 2266 4476 quod

2353 3319 2548 3386 ἐπάγει
2572 3318 2670 3389 τὴν
2698 3319 2912 3382 πεῦσιν,
2939 3320 3029 3372 καὶ
3054 3319 3161 3389 μὴν
3191 3320 3285 3373 καὶ
3314 3318 3679 3389 μεταπλάττει
3713 3335 3833 3381 πως
3865 3319 3949 3382 είς

2354 3410 2415 3462 τὸ
2438 3412 2665 3483 ἀτρεκὲς
2696 3411 2785 3464 τὸν
2811 3410 2911 3481 τῆς
2942 3412 3264 3482 ἐρωτήσεως
3293 3412 3515 3482 τρόπον.
3552 3410 3656 3464 Δύο
3695 3410 3797 3481 μὲν
3834 3411 3949 3481 γὰρ

2356 3499 2544 3561 ἐλαίας
2583 3499 2865 3571 ὠνόμαζεν
2907 3502 2964 3553 ἐν
2990 3502 3184 3572 ἀρχαῖς
3203 3518 3217 3531 ⁸
3251 3500 3572 3573 λεπτότερον
3615 3502 3672 3555 δέ
3700 3519 3819 3565 πως
3849 3502 3951 3571 τῆς

2358 3591 2593 3654 διανοίας
2624 3594 2716 3645 τὸν
2745 3592 3024 3663 ὀφθαλμὸν
3051 3595 3163 3656 τοῖς
3197 3593 3494 3663 ὁρωμένοις
3524 3594 3711 3656 ἐνιεὶς,
3738 3594 3843 3646 οὐκ
3868 3593 3952 3645 ἐτι

2363 3682 2461 3752 μέν
2503 3681 2724 3747 ἐλαίας,
2773 3682 3004 3746 κλάδους
3044 3683 3103 3737 δὲ
3146 3682 3345 3753 μᾶλλον
3395 3682 3681 3752 ὠνόμαζεν
3723 3683 3948 3735 ἐλαιῶν.

2372 3774 2648 3846 Ἐρομένῳ
2674 3774 2738 3843 δὴ
2765 3770 2859 3828 οὖν
2889 3774 3154 3845 εὐτέχνως
3193 3772 3549 3841 ἀποφαίνεται
3579 3773 3813 3826 λοιπὸνό
3842 3792 3953 3846 μα-

2362 3866 2552 3937 κάριος
2598 3866 2860 3934 ἄγγελος,
2904 3865 2999 3919 καί
3053 3882 3217 3935 φησιν
3264 3864 3460 3928 αὐτοὺς
3508 3866 3635 3928 τοὺς
3672 3865 3767 3919 δύο
3808 3861 3954 3921 εἶναι

2363 3959 2511 4020 υἱοὺς
2540 3957 2642 4027 τῆς
2676 3958 2966 4027 πιότητος,
3008 3956 3086 4019 ὡς
3114 3956 3573 4028 εὐφραινομένους
3614 3974 3675 4010 τε
3717 3958 3813 4011 καὶ
3859 3958 3954 4010 ἐν-

2367 4050 2757 4113 σπαταλῶντας
2800 4048 2964 4119 ἐλαίῳ
3004 4047 3082 4119 τῷ
3112 4048 3265 4117 παρὰ
3305 4049 3572 4120 Χριστοῦ,
3605 4049 3699 4102 καὶ
3742 4052 3809 4119 τῇ
3853 4050 3955 4103 τοῦ

2358 4138 2681 4209 ηΙΙνεύματος
2712 4139 2893 4210 χάριτι
2932 4138 3201 4202 πλουσίως
3244 4138 3643 4210 πιαινομένουςο
3686 4138 3959 4209 Ἠλεήθη-

2372 4247 2469 4302 μεν
2503 4230 2633 4302 γὰρ,
2666 4229 3034 4302 δικαιούμενοι
3065 4229 3275 4301 δωρεὰν
3302 4229 3389 4283 διὰ
3417 4230 3516 4298 τῆς
3563 4229 3820 4294 πίστεως,
3854 4232 3959 4283 καὶ
3995 4215 4014 4231 ’

2368 4323 2617 4375 κοινωνοὶ⁵
2642 4324 2740 4394 τῆς
2766 4323 2915 4385 θείας
2941 4322 3105 4377 αὑτοῦ
3138 4320 3351 4391 φύσεως
3380 4321 3835 4391 ἁναδεδειγμένοι,
3866 4323 3959 4374 διά

2369 4413 2465 4466 τοῦ
2511 4416 2795 4484 μετασχεῖν
2824 4413 2981 4482 ἁγίου
3008 4411 3345 4481 Πνεύματος.
3378 4411 3587 4465 Οὐκοῦν
3618 4412 3675 4464 ἐν
3706 4412 3869 4481 ἐλαίῳ
3894 4430 3958 4465 τε

694 4508 778 4555 est
814 4516 842 4553 a
877 4499 1025 4554 Deo:
1062 4500 1490 4568 quandoquidem
1534 4514 1661 4555 vere
1712 4500 1867 4554 nobis
1907 4498 2088 4553 dicere
2114 4512 2261 4552 con-

2370 4505 2466 4558 κα“ι
2489 4504 2701 4574 λύχνοις
2734 4506 2766 4574 ἠ
2798 4504 2905 4557 τῶν
2926 4503 3018 4556 δύο
3046 4503 3190 4556 λαῶν
3222 4502 3427 4573 ἵδρυσίς
3454 4519 3516 4555 τε
3549 4504 3640 4556 καὶ
3670 4504 3962 4575 παράστα-

696 4605 908 4644 cessum
938 4598 1043 4651 est,
1064 4603 1171 4642 nos
1207 4590 1995 4653 misericordiamconsecutos,
2028 4604 2057 4643 a
2106 4604 2266 4643 mor-

702 4692 751 4737 te
780 4691 833 4736 et
887 4690 1112 4750 peccato
1142 4680 1414 4745 liberatos,
1449 4692 1503 4735 et
1534 4683 1821 4735 veterrima
1849 4682 2108 4735 servitute
2134 4696 2270 4735 cer-

698 4774 845 4826 vices
894 4780 1107 4827 nostras
1151 4773 1449 4841 expeditas.
1477 4770 1765 4825 llluminati
1817 4782 2001 4825 autem
2057 4786 2265 4836 sumus,

704 4881 865 4915 numn
897 4874 1088 4916 natura
1123 4862 1286 4916 Deum
1318 4873 1689 4932 agnoscentes,
1716 4872 1769 4917 et
1792 4879 1822 4918 e
1865 4863 2103 4918 tenebris
2136 4861 2270 4929 qui-

702 4958 801 5009 bus
832 4970 926 5009 nos
982 4970 1135 5008 error
1185 4954 1496 5024 multiplicis
1542 4955 1857 5009 idololatriae
1918 4953 2217 5007 involverat
2256 4991 2271 5016 ,

702 5048 926 5113 egressi.
973 5045 1169 5100 Verum
1211 5048 1336 5114 quid
1361 5048 1460 5100 sibi
1497 5048 1666 5101 velint
1703 5047 1876 5111 olivm,
1912 5055 1967 5099 et
1999 5045 2123 5112 quid
2159 5061 2271 5097 nio-

704 5139 841 5192 \‘erit
886 5139 1099 5192 beatum
1150 5140 1487 5206 prOpltetam,
1537 5152 1604 5192 ne
1659 5138 1889 5205 amplius
1932 5135 2126 5196 olivas,
2176 5134 2273 5189 sed

704 5244 883 5284 ramos
908 5231 1083 5297 potius
1107 5231 1369 5282 olivarum
1399 5228 1652 5283 dicendas
1683 5235 1917 5297 putaret,
1940 5241 2038 5295 age
2063 5226 2271 5295 disqui-

681 5337 909 5376 .ramus.
946 5321 1093 5374 Bona
1126 5322 1310 5387 igitur,
1342 5336 1436 5374 seu
1476 5321 1734 5389 frugifera
1763 5318 1902 5373 oliva
1957 5317 2269 5374 Judmorum

708 5411 1012 5481 Synagoga,
1046 5412 1274 5479 agrestis
1298 5410 1439 5464 oliva
1479 5411 1720 5478 gentium
1754 5409 2039 5463 multitudo
2074 5417 2273 5463 vocata

710 5512 809 5556 est.
841 5503 929 5554 Sic
955 5503 1097 5554 enim
1128 5502 1365 5571 ipsarum
1402 5504 1591 5554 beatus
1626 5500 1825 5553 Paulus
1854 5500 2122 5565 meminit,
2156 5514 2276 5554 cre-

708 5593 898 5646 dentes
929 5606 991 5644 es
1025 5593 1273 5661 gentibus
1302 5591 1579 5659 alloquens
1606 5607 1620 5643 :
1661 5606 1678 5639 ι
1712 5587 1767 5643 Si
1800 5590 1944 5643 enim
1979 5598 2033 5651 tu
2052 5604 2133 5651 ex
2165 5603 2276 5644 na-

2374 4612 2479 4658 σις.
2518 4596 2604 4647 Ἐν
2638 4596 2776 4663 φωτὶ
2806 4594 2915 4663 γὰρ
2954 4594 3109 4665 ἡμῶν
3152 4596 3185 4665 ἡ
3216 4594 3428 4662 κλῆσις,
3463 4595 3557 4647 καὶ
3580 4594 3664 4658 -ὼς
3702 4597 3758 4647 ἐν
3788 4596 3963 4664 ἐλαίῳ

2372 4686 2449 4755 τῷ
2488 4685 2639 4754 παρὰ
2665 4685 2820 4737 Θεοῦ·
2852 4686 3183 4756 εἴπερ,ἐστ“ιν
3204 4687 3433 4755 ἀτρεκὲς
3467 4687 3664 4748 εἰπεῖν,
3698 4686 3774 4748 ὡς
3795 4687 3961 4757 ὴλεή·

2377 4777 2518 4846 μεθα
2582 4778 2703 4847 μὲν,
2764 4776 2994 4830 θανάτου
3037 4779 3131 4829 καὶ
3182 4776 3456 4847 ἁμαρτίας
3510 4776 3960 4846 ἀπηλλαγμένοι,

2374 4870 2465 4922 καὶ
2497 4870 2739 4932 δουλείας
2778 4870 2876 4939 τῆς
2904 4870 3268 4939 ἀρχαιοτάτης
3311 4867 3685 4926 ἀπολύσαντες
3720 4866 3810 4919 τὸν
3859 4868 3964 4918 αὐ-

2381 4960 2530 5029 χένα.
2582 4960 2983 5029 Πεφωτίσμεθα
3014 4960 3091 5023 δέ,
3124 4962 3219 5013 ἕνα
3267 4959 3358 5012 τὸν
3396 4961 3555 5027 φύσει
3592 4957 3725 5010 Θεὸν
3772 4958 3965 5024 ἐπιγι-

2383 5050 2701 5113 νώσκοντες,
2733 5049 2825 5101 καὶ
2856 5053 2957 5119 τῆς
2987 5049 3248 5103 πολυθέΟυ
3294 5048 3501 5119 πλάνης
3527 5048 3617 5101 τὸν
3648 5046 3841 5099 σκότον
3868 5049 3967 5100 ἐκο

2374 5140 2696 5210 νὸεϐηκότες.
2735 5139 2894 5194 Ἀλλὰ
2923 5140 3005 5204 τίς
3034 5140 3100 5194 ἂν
3125 5140 3210 5210 είη
3240 5140 3331 5193 καὶ
3357 5141 3385 5191 6
3413 5138 3520 5191 τῶν
3558 5137 3755 5190 ἐλαιῶν
3777 5138 3966 5205 λόγος,

2383 5231 2434 5284 τί
2465 5231 2521 5284 δέ
2546 5230 2655 5301 ἄρα
2690 5230 2751 5283 τὸ
2783 5232 3042 5294 πεπεικὸς
3079 5232 3169 5284 τὸν
3217 5231 3485 5300 μακάριον
3530 5229 3842 5298 προφήτην,
3888 5232 3969 5299 μὴ

2376 5321 2440 5391 δὴ
2471 5322 2666 5393 χρῆναι
2704 5322 2884 5390 λέγειν
2928 5321 3098 5384 αὑτὰς
3142 5321 3326 5384 ἐλαίας
3366 5320 3467 5391 μὲν
3502 5318 3603 5383 ἔτι,
3648 5319 3880 5381 κλάδους
3907 5320 3970 5372 δὲ

2381 5414 2578 5482 μᾶλλον
2613 5412 2828 5478 ἐλαιῶν,
2861 5413 2990 5483 φέρε
3019 5412 3103 5483 δὴ,
3132 5413 3263 5483 φέρε
3300 5410 3781 5483 περιαθρήσωμεν.
3820 5411 3969 5463 Καλ-

2376 5504 2606 5568 λιέλαιος
2659 5506 2757 5576 μὲν
2807 5504 2987 5557 τοίνυν
3047 5506 3081 5575 ὴ
3112 5504 3221 5557 τῶν
3254 5502 3524 5557 Ἰουδαίων
3578 5502 3965 5573 κεχρημάτικε

2379 5593 2727 5664 Συναγωγὴ,
2758 5590 3066 5664 arguam;
3099 5608 3162 5660 γε
3222 5590 3327 5662 μὴν
3361 5579 3469 5645 τῶν
3522 5588 3693 5645 ἐθνῶν
3737 5590 3771 5659 ἡ
3822 5589 3968 5659 πλη-

781 5768 829 5802 “
866 5766 1060 5838 Ephcs.
1100 5784 1155 5833 ιι,
1200 5769 1284 5824 l6.
1362 5768 1406 5800 ³⁸
1438 5767 1601 5823 ‘Rom.
1636 5783 1721 5835 «ιιι,
1763 5766 1850 5822 24.
1887 5769 1939 5797 ’⁵³
1980 5768 2020 5822 ll
2064 5769 2206 5823 Petr.
2254 5784 2290 5833 ι,
2334 5771 2385 5824 4.
