  <div class='ocr_page' id='page_1' title='image "/cluster/home/n/w/nwhite01/storage/ocr_20150623/72/hvd.32044019207893/046.png"; bbox 0 0 4120 6550; ppageno 0'>
   <div class='ocr_carea' id='block_1_1' title="bbox 258 416 3515 484">
    <p class='ocr_par' dir='ltr' id='par_1_1' title="bbox 258 416 3515 484">
     <span class='ocr_line' id='line_1_1' title="bbox 258 416 3515 484; baseline 0.002 -6"><span class='ocrx_word' id='word_1_1' title='bbox 258 416 326 480; x_wconf 74' lang='grc' dir='ltr'><strong>’Π</strong></span> <span class='ocrx_word' id='word_1_2' title='bbox 1103 420 1657 479; x_wconf 72' lang='lat' dir='ltr'><strong>COMMENTARIUS</strong></span> <span class='ocrx_word' id='word_1_3' title='bbox 1696 423 1761 478; x_wconf 84' lang='grc' dir='ltr'><strong>ΙΝ</strong></span> <span class='ocrx_word' id='word_1_4' title='bbox 1804 424 2205 480; x_wconf 73' lang='lat' dir='ltr'><strong>ZACHABIAM</strong></span> <span class='ocrx_word' id='word_1_5' title='bbox 2242 424 2683 482; x_wconf 74' lang='lat' dir='ltr'><strong>PROPHETAM.</strong></span> <span class='ocrx_word' id='word_1_6' title='bbox 3449 427 3515 484; x_wconf 86' lang='grc'><strong>’18</strong></span> 
     </span>
    </p>
   </div>
   <div class='ocr_carea' id='block_1_2' title="bbox 259 531 1855 609">
    <p class='ocr_par' dir='ltr' id='par_1_2' title="bbox 259 531 1845 609">
     <span class='ocr_line' id='line_1_2' title="bbox 259 531 1845 609; baseline 0.003 -22"><span class='ocrx_word' id='word_1_7' title='bbox 259 532 377 597; x_wconf 83' lang='grc' dir='ltr'>θύς.</span> <span class='ocrx_word' id='word_1_8' title='bbox 409 531 566 587; x_wconf 86' lang='grc' dir='ltr'>Οῦτω</span> <span class='ocrx_word' id='word_1_9' title='bbox 616 532 723 603; x_wconf 81' lang='grc' dir='ltr'><strong>γὰρ</strong></span> <span class='ocrx_word' id='word_1_10' title='bbox 761 532 940 589; x_wconf 81' lang='grc' dir='ltr'>αὐτῶν</span> <span class='ocrx_word' id='word_1_11' title='bbox 986 533 1350 606; x_wconf 83' lang='grc' dir='ltr'>διαμέμνηται</span> <span class='ocrx_word' id='word_1_12' title='bbox 1382 537 1476 590; x_wconf 76' lang='grc' dir='ltr'>καὶ</span> <span class='ocrx_word' id='word_1_13' title='bbox 1506 538 1533 590; x_wconf 87' lang='grc' dir='ltr'><strong>ό</strong></span> <span class='ocrx_word' id='word_1_14' title='bbox 1576 538 1845 609; x_wconf 81' lang='grc' dir='ltr'>μακάριος</span> 
     </span>
    </p>
   </div>
   <div class='ocr_carea' id='block_1_3' title="bbox 1958 531 3515 609">
    <p class='ocr_par' dir='ltr' id='par_1_3' title="bbox 1958 537 3515 604">
     <span class='ocr_line' id='line_1_3' title="bbox 1958 537 3515 604; baseline 0.001 -10"><span class='ocrx_word' id='word_1_15' title='bbox 1958 537 2109 594; x_wconf 84' lang='lat' dir='ltr'><strong>lurali</strong></span> <span class='ocrx_word' id='word_1_16' title='bbox 2160 538 2397 595; x_wconf 81' lang='lat' dir='ltr'><strong>oleastro</strong></span> <span class='ocrx_word' id='word_1_17' title='bbox 2444 539 2659 596; x_wconf 88' lang='lat' dir='ltr'><strong>excisus</strong></span> <span class='ocrx_word' id='word_1_18' title='bbox 2705 552 2786 604; x_wconf 89' lang='lat' dir='ltr'><strong>es,</strong></span> <span class='ocrx_word' id='word_1_19' title='bbox 2831 546 2887 592; x_wconf 88' lang='lat' dir='ltr'><strong>et</strong></span> <span class='ocrx_word' id='word_1_20' title='bbox 2931 546 3119 593; x_wconf 90' lang='lat' dir='ltr'><strong>contra</strong></span> <span class='ocrx_word' id='word_1_21' title='bbox 3156 547 3401 595; x_wconf 81' lang='lat' dir='ltr'><strong>naturam</strong></span> <span class='ocrx_word' id='word_1_22' title='bbox 3430 546 3515 596; x_wconf 79' lang='lat' dir='ltr'><strong>in-</strong></span> 
     </span>
    </p>
   </div>
   <div class='ocr_carea' id='block_1_4' title="bbox 260 623 1841 696">
    <p class='ocr_par' dir='ltr' id='par_1_4' title="bbox 260 623 1841 696">
     <span class='ocr_line' id='line_1_4' title="bbox 260 623 1841 696; baseline 0 -18"><span class='ocrx_word' id='word_1_23' title='bbox 260 623 505 689; x_wconf 84' lang='grc' dir='ltr'>Παῦλος,</span> <span class='ocrx_word' id='word_1_24' title='bbox 554 623 725 692; x_wconf 85' lang='grc' dir='ltr'>λέγων</span> <span class='ocrx_word' id='word_1_25' title='bbox 785 625 924 696; x_wconf 86' lang='grc' dir='ltr'>πρὸς</span> <span class='ocrx_word' id='word_1_26' title='bbox 988 625 1115 688; x_wconf 77' lang='grc' dir='ltr'>τοὺς</span> <span class='ocrx_word' id='word_1_27' title='bbox 1178 625 1238 690; x_wconf 80' lang='grc' dir='ltr'>ἐξ</span> <span class='ocrx_word' id='word_1_28' title='bbox 1298 624 1471 679; x_wconf 90' lang='grc' dir='ltr'>ἐθνῶν</span> <span class='ocrx_word' id='word_1_29' title='bbox 1514 627 1841 680; x_wconf 87' lang='grc' dir='ltr'>πιστεύσαν-</span> 
     </span>
    </p>
   </div>
   <div class='ocr_carea' id='block_1_5' title="bbox 258 715 1844 789">
    <p class='ocr_par' dir='ltr' id='par_1_5' title="bbox 258 715 1844 789">
     <span class='ocr_line' id='line_1_5' title="bbox 258 715 1844 789; baseline 0.001 -20"><span class='ocrx_word' id='word_1_30' title='bbox 258 732 389 779; x_wconf 71' lang='grc' dir='ltr'>ταςο</span> <span class='ocrx_word' id='word_1_31' title='bbox 426 735 446 768; x_wconf 87' lang='grc'><em>‹</em></span> <span class='ocrx_word' id='word_1_32' title='bbox 479 717 541 769; x_wconf 86' lang='lat' dir='ltr'><strong>El</strong></span> <span class='ocrx_word' id='word_1_33' title='bbox 571 715 680 787; x_wconf 85' lang='grc' dir='ltr'>γὰρ</span> <span class='ocrx_word' id='word_1_34' title='bbox 716 718 780 771; x_wconf 80' lang='grc' dir='ltr'>σὺ</span> <span class='ocrx_word' id='word_1_35' title='bbox 806 718 871 770; x_wconf 87' lang='grc' dir='ltr'><strong>ἐκ</strong></span> <span class='ocrx_word' id='word_1_36' title='bbox 897 717 996 788; x_wconf 77' lang='grc' dir='ltr'>τῆς</span> <span class='ocrx_word' id='word_1_37' title='bbox 1036 715 1178 769; x_wconf 87' lang='grc' dir='ltr'><strong>κατά</strong></span> <span class='ocrx_word' id='word_1_38' title='bbox 1206 715 1367 785; x_wconf 83' lang='grc' dir='ltr'>φύσιν</span> <span class='ocrx_word' id='word_1_39' title='bbox 1394 715 1659 785; x_wconf 76' lang='grc' dir='ltr'><strong>ἐξεκόπης</strong></span> <span class='ocrx_word' id='word_1_40' title='bbox 1693 719 1844 789; x_wconf 84' lang='grc' dir='ltr'>ἀγρι-</span> 
     </span>
    </p>
   </div>
   <div class='ocr_carea' id='block_1_6' title="bbox 260 806 1842 880">
    <p class='ocr_par' dir='ltr' id='par_1_6' title="bbox 260 806 1842 880">
     <span class='ocr_line' id='line_1_6' title="bbox 260 806 1842 880; baseline 0.001 -20"><span class='ocrx_word' id='word_1_41' title='bbox 260 806 475 871; x_wconf 77' lang='grc' dir='ltr'>ελαίου,</span> <span class='ocrx_word' id='word_1_42' title='bbox 521 808 614 859; x_wconf 75' lang='grc' dir='ltr'>καὶ</span> <span class='ocrx_word' id='word_1_43' title='bbox 653 807 804 880; x_wconf 86' lang='grc' dir='ltr'><strong>παρά</strong></span> <span class='ocrx_word' id='word_1_44' title='bbox 849 806 1012 876; x_wconf 80' lang='grc' dir='ltr'>φύσιν</span> <span class='ocrx_word' id='word_1_45' title='bbox 1072 806 1485 878; x_wconf 75' lang='grc' dir='ltr'><strong>ἐνεκεντρίσθης</strong></span> <span class='ocrx_word' id='word_1_46' title='bbox 1526 809 1608 871; x_wconf 87' lang='grc' dir='ltr'><strong>είς</strong></span> <span class='ocrx_word' id='word_1_47' title='bbox 1655 809 1842 861; x_wconf 88' lang='grc' dir='ltr'>καλλι-</span> 
     </span>
    </p>
   </div>
   <div class='ocr_carea' id='block_1_7' title="bbox 260 892 1845 972">
    <p class='ocr_par' dir='ltr' id='par_1_7' title="bbox 260 892 1845 972">
     <span class='ocr_line' id='line_1_7' title="bbox 260 892 1845 972; baseline 0.001 -19"><span class='ocrx_word' id='word_1_48' title='bbox 260 898 459 966; x_wconf 71' lang='grc' dir='ltr'>έλαιον,</span> <span class='ocrx_word' id='word_1_49' title='bbox 494 898 675 971; x_wconf 87' lang='grc' dir='ltr'>πολλῷ</span> <span class='ocrx_word' id='word_1_50' title='bbox 708 899 910 971; x_wconf 80' lang='grc' dir='ltr'>μᾶλλον</span> <span class='ocrx_word' id='word_1_51' title='bbox 934 892 1079 953; x_wconf 76' lang='grc' dir='ltr'>οὗτοι</span> <span class='ocrx_word' id='word_1_52' title='bbox 1111 900 1160 953; x_wconf 90' lang='grc' dir='ltr'>οἱ</span> <span class='ocrx_word' id='word_1_53' title='bbox 1191 900 1335 953; x_wconf 89' lang='grc' dir='ltr'><strong>κατά</strong></span> <span class='ocrx_word' id='word_1_54' title='bbox 1375 899 1539 969; x_wconf 85' lang='grc' dir='ltr'>φύσιν</span> <span class='ocrx_word' id='word_1_55' title='bbox 1566 903 1845 972; x_wconf 82' lang='grc' dir='ltr'>ἐγκεντρι-</span> 
     </span>
    </p>
   </div>
   <div class='ocr_carea' id='block_1_8' title="bbox 261 988 1845 1063">
    <p class='ocr_par' dir='ltr' id='par_1_8' title="bbox 261 988 1845 1063">
     <span class='ocr_line' id='line_1_8' title="bbox 261 988 1845 1063; baseline 0.001 -21"><span class='ocrx_word' id='word_1_56' title='bbox 261 988 549 1059; x_wconf 84' lang='grc' dir='ltr'>σθήσονται</span> <span class='ocrx_word' id='word_1_57' title='bbox 592 992 660 1059; x_wconf 81' lang='grc' dir='ltr'>τῇ</span> <span class='ocrx_word' id='word_1_58' title='bbox 694 990 797 1063; x_wconf 77' lang='grc' dir='ltr'>ίδίᾳ</span> <span class='ocrx_word' id='word_1_59' title='bbox 839 988 1017 1060; x_wconf 68' lang='grc' dir='ltr'>ἐλαίᾳ.</span> <span class='ocrx_word' id='word_1_60' title='bbox 1046 1008 1065 1040; x_wconf 73' lang='grc' dir='ltr'><strong>ι</strong></span> <span class='ocrx_word' id='word_1_61' title='bbox 1103 988 1312 1042; x_wconf 84' lang='grc' dir='ltr'>Οὐκοῦν</span> <span class='ocrx_word' id='word_1_62' title='bbox 1356 988 1697 1050; x_wconf 84' lang='grc' dir='ltr'>καλλιέλαιος</span> <span class='ocrx_word' id='word_1_63' title='bbox 1747 990 1845 1061; x_wconf 81' lang='grc' dir='ltr'>μὲν</span> 
     </span>
    </p>
   </div>
   <div class='ocr_carea' id='block_1_9' title="bbox 140 1078 1845 1159">
    <p class='ocr_par' dir='ltr' id='par_1_9' title="bbox 140 1078 1845 1159">
     <span class='ocr_line' id='line_1_9' title="bbox 140 1078 1845 1159; baseline 0 -26"><span class='ocrx_word' id='word_1_64' title='bbox 140 1154 145 1159; x_wconf 85' lang='lat'><em>_</em></span> <span class='ocrx_word' id='word_1_65' title='bbox 260 1080 295 1150; x_wconf 80' lang='grc' dir='ltr'>ἠ</span> <span class='ocrx_word' id='word_1_66' title='bbox 323 1079 644 1151; x_wconf 80' lang='grc' dir='ltr'>Συναγωγὴ,</span> <span class='ocrx_word' id='word_1_67' title='bbox 677 1078 931 1152; x_wconf 80' lang='grc' dir='ltr'>καθάπερ</span> <span class='ocrx_word' id='word_1_68' title='bbox 952 1079 1087 1151; x_wconf 78' lang='grc' dir='ltr'>ἔφην</span> <span class='ocrx_word' id='word_1_69' title='bbox 1119 1079 1324 1152; x_wconf 81' lang='grc' dir='ltr'><strong>ἀρτίως</strong></span> <span class='ocrx_word' id='word_1_70' title='bbox 1348 1120 1363 1147; x_wconf 93' lang='grc'><strong>,</strong></span> <span class='ocrx_word' id='word_1_71' title='bbox 1391 1080 1701 1151; x_wconf 73' lang='grc' dir='ltr'><strong>ἀγριέλαιος</strong></span> <span class='ocrx_word' id='word_1_72' title='bbox 1738 1081 1794 1133; x_wconf 88' lang='grc' dir='ltr'><strong>δέ</strong></span> <span class='ocrx_word' id='word_1_73' title='bbox 1811 1083 1845 1152; x_wconf 79' lang='grc' dir='ltr'><strong>ἡ</strong></span> 
     </span>
    </p>
   </div>
   <div class='ocr_carea' id='block_1_10' title="bbox 260 1169 1846 1243">
    <p class='ocr_par' dir='ltr' id='par_1_10' title="bbox 260 1169 1846 1243">
     <span class='ocr_line' id='line_1_10' title="bbox 260 1169 1846 1243; baseline 0.001 -20"><span class='ocrx_word' id='word_1_74' title='bbox 260 1169 370 1223; x_wconf 89' lang='grc' dir='ltr'><strong>τῶν</strong></span> <span class='ocrx_word' id='word_1_75' title='bbox 399 1169 568 1223; x_wconf 86' lang='grc' dir='ltr'>ἐθνῶν</span> <span class='ocrx_word' id='word_1_76' title='bbox 606 1169 798 1240; x_wconf 81' lang='grc' dir='ltr'><strong>ἀγέλη.</strong></span> <span class='ocrx_word' id='word_1_77' title='bbox 829 1171 895 1222; x_wconf 86' lang='lat' dir='ltr'><strong>Ol</strong></span> <span class='ocrx_word' id='word_1_78' title='bbox 938 1171 1043 1241; x_wconf 83' lang='grc' dir='ltr'>μὲν</span> <span class='ocrx_word' id='word_1_79' title='bbox 1076 1170 1207 1243; x_wconf 80' lang='grc' dir='ltr'>γὰρ,</span> <span class='ocrx_word' id='word_1_80' title='bbox 1254 1171 1354 1242; x_wconf 82' lang='grc' dir='ltr'><strong>τὴν</strong></span> <span class='ocrx_word' id='word_1_81' title='bbox 1402 1170 1491 1224; x_wconf 84' lang='grc' dir='ltr'><strong>διὰ</strong></span> <span class='ocrx_word' id='word_1_82' title='bbox 1517 1170 1681 1242; x_wconf 87' lang='grc' dir='ltr'>νόμου</span> <span class='ocrx_word' id='word_1_83' title='bbox 1716 1171 1846 1225; x_wconf 81' lang='grc' dir='ltr'>παί-</span> 
     </span>
    </p>
   </div>
   <div class='ocr_carea' id='block_1_11' title="bbox 260 1257 1847 1337">
    <p class='ocr_par' dir='ltr' id='par_1_11' title="bbox 260 1257 1847 1337">
     <span class='ocr_line' id='line_1_11' title="bbox 260 1257 1847 1337; baseline 0.001 -23"><span class='ocrx_word' id='word_1_84' title='bbox 260 1261 443 1315; x_wconf 75' lang='grc' dir='ltr'>δευσιν</span> <span class='ocrx_word' id='word_1_85' title='bbox 486 1261 736 1332; x_wconf 72' lang='grc' dir='ltr'>ἔχοντες,</span> <span class='ocrx_word' id='word_1_86' title='bbox 778 1260 879 1314; x_wconf 83' lang='grc' dir='ltr'>οὐκ</span> <span class='ocrx_word' id='word_1_87' title='bbox 912 1260 1150 1332; x_wconf 78' lang='grc' dir='ltr'><strong>ἄκαρποι</strong></span> <span class='ocrx_word' id='word_1_88' title='bbox 1183 1261 1488 1315; x_wconf 82' lang='grc' dir='ltr'><strong>διετέλουν·</strong></span> <span class='ocrx_word' id='word_1_89' title='bbox 1538 1262 1588 1314; x_wconf 84' lang='grc' dir='ltr'>οἱ</span> <span class='ocrx_word' id='word_1_90' title='bbox 1617 1260 1673 1337; x_wconf 84' lang='grc' dir='ltr'><strong>δέ</strong></span> <span class='ocrx_word' id='word_1_91' title='bbox 1705 1257 1847 1333; x_wconf 81' lang='grc' dir='ltr'>ἦσαν</span> 
     </span>
    </p>
   </div>
   <div class='ocr_carea' id='block_1_12' title="bbox 264 1352 1848 1426">
    <p class='ocr_par' dir='ltr' id='par_1_12' title="bbox 264 1352 1848 1426">
     <span class='ocr_line' id='line_1_12' title="bbox 264 1352 1848 1426; baseline -0.002 -18"><span class='ocrx_word' id='word_1_92' title='bbox 264 1354 492 1426; x_wconf 80' lang='grc' dir='ltr'>σφηκῶν</span> <span class='ocrx_word' id='word_1_93' title='bbox 514 1354 721 1425; x_wconf 86' lang='grc' dir='ltr'>ἀγρίων</span> <span class='ocrx_word' id='word_1_94' title='bbox 748 1353 1156 1424; x_wconf 82' lang='grc' dir='ltr'>ἐνδιαιτήματα,</span> <span class='ocrx_word' id='word_1_95' title='bbox 1185 1352 1365 1424; x_wconf 84' lang='grc' dir='ltr'>πλήρη</span> <span class='ocrx_word' id='word_1_96' title='bbox 1392 1353 1684 1425; x_wconf 81' lang='grc' dir='ltr'>δαιμονίων</span> <span class='ocrx_word' id='word_1_97' title='bbox 1708 1354 1848 1423; x_wconf 74' lang='grc' dir='ltr'><strong>ἔχον⁹</strong></span> 
     </span>
    </p>
   </div>
   <div class='ocr_carea' id='block_1_13' title="bbox 260 1444 1849 1516">
    <p class='ocr_par' dir='ltr' id='par_1_13' title="bbox 260 1444 1849 1516">
     <span class='ocr_line' id='line_1_13' title="bbox 260 1444 1849 1516; baseline -0.001 -16"><span class='ocrx_word' id='word_1_98' title='bbox 260 1463 354 1510; x_wconf 86' lang='grc' dir='ltr'><strong>τες</strong></span> <span class='ocrx_word' id='word_1_99' title='bbox 377 1446 471 1500; x_wconf 77' lang='grc' dir='ltr'>τὸν</span> <span class='ocrx_word' id='word_1_100' title='bbox 495 1445 642 1510; x_wconf 83' lang='grc' dir='ltr'>νοῦν,</span> <span class='ocrx_word' id='word_1_101' title='bbox 668 1445 760 1499; x_wconf 74' lang='grc' dir='ltr'>καὶ</span> <span class='ocrx_word' id='word_1_102' title='bbox 788 1444 1031 1516; x_wconf 79' lang='grc' dir='ltr'>ἄκαρποι</span> <span class='ocrx_word' id='word_1_103' title='bbox 1060 1444 1355 1508; x_wconf 80' lang='grc' dir='ltr'>παντελῶς.</span> <span class='ocrx_word' id='word_1_104' title='bbox 1380 1445 1526 1516; x_wconf 84' lang='grc' dir='ltr'>Πλὴν</span> <span class='ocrx_word' id='word_1_105' title='bbox 1552 1445 1676 1499; x_wconf 76' lang='grc' dir='ltr'>οὔτε</span> <span class='ocrx_word' id='word_1_106' title='bbox 1700 1448 1849 1499; x_wconf 79' lang='grc' dir='ltr'>πᾶσα</span> 
     </span>
    </p>
   </div>
   <div class='ocr_carea' id='block_1_14' title="bbox 258 1535 1851 1610">
    <p class='ocr_par' dir='ltr' id='par_1_14' title="bbox 258 1535 1851 1610">
     <span class='ocr_line' id='line_1_14' title="bbox 258 1535 1851 1610; baseline -0.002 -18"><span class='ocrx_word' id='word_1_107' title='bbox 258 1540 300 1610; x_wconf 79' lang='grc' dir='ltr'>ἠ</span> <span class='ocrx_word' id='word_1_108' title='bbox 331 1538 442 1592; x_wconf 91' lang='grc' dir='ltr'><strong>τῶν</strong></span> <span class='ocrx_word' id='word_1_109' title='bbox 476 1537 743 1591; x_wconf 80' lang='grc' dir='ltr'>Ἰουδαίων</span> <span class='ocrx_word' id='word_1_110' title='bbox 777 1536 1071 1608; x_wconf 77' lang='grc' dir='ltr'>Συναγωγὴ</span> <span class='ocrx_word' id='word_1_111' title='bbox 1101 1535 1198 1608; x_wconf 83' lang='grc' dir='ltr'>τὴν</span> <span class='ocrx_word' id='word_1_112' title='bbox 1231 1538 1309 1600; x_wconf 85' lang='grc' dir='ltr'><strong>είς</strong></span> <span class='ocrx_word' id='word_1_113' title='bbox 1358 1536 1486 1592; x_wconf 83' lang='grc' dir='ltr'>Υίδν</span> <span class='ocrx_word' id='word_1_114' title='bbox 1519 1537 1851 1609; x_wconf 82' lang='grc' dir='ltr'>παρεδέξατο</span> 
     </span>
    </p>
   </div>
   <div class='ocr_carea' id='block_1_15' title="bbox 260 1628 1848 1701">
    <p class='ocr_par' dir='ltr' id='par_1_15' title="bbox 260 1628 1848 1701">
     <span class='ocr_line' id='line_1_15' title="bbox 260 1628 1848 1701; baseline -0.001 -17"><span class='ocrx_word' id='word_1_115' title='bbox 260 1630 466 1695; x_wconf 86' lang='grc' dir='ltr'>πίστιν,</span> <span class='ocrx_word' id='word_1_116' title='bbox 500 1628 624 1683; x_wconf 71' lang='grc' dir='ltr'>οὔτε</span> <span class='ocrx_word' id='word_1_117' title='bbox 656 1630 761 1701; x_wconf 79' lang='grc' dir='ltr'>μὴν</span> <span class='ocrx_word' id='word_1_118' title='bbox 787 1629 881 1701; x_wconf 80' lang='grc' dir='ltr'>ὅλη</span> <span class='ocrx_word' id='word_1_119' title='bbox 913 1629 1023 1683; x_wconf 86' lang='grc' dir='ltr'><strong>τῶν</strong></span> <span class='ocrx_word' id='word_1_120' title='bbox 1067 1629 1237 1684; x_wconf 89' lang='grc' dir='ltr'>ἐθνῶν</span> <span class='ocrx_word' id='word_1_121' title='bbox 1268 1630 1301 1700; x_wconf 83' lang='grc' dir='ltr'><strong>ἡ</strong></span> <span class='ocrx_word' id='word_1_122' title='bbox 1334 1628 1575 1700; x_wconf 49' lang='grc' dir='ltr'>πληθύς</span> <span class='ocrx_word' id='word_1_123' title='bbox 1612 1629 1848 1694; x_wconf 83' lang='grc' dir='ltr'>ἐξεσπα-</span> 
     </span>
    </p>
   </div>
   <div class='ocr_carea' id='block_1_16' title="bbox 261 1710 1851 1793">
    <p class='ocr_par' dir='ltr' id='par_1_16' title="bbox 261 1710 1851 1793">
     <span class='ocr_line' id='line_1_16' title="bbox 261 1710 1851 1793; baseline -0.001 -19"><span class='ocrx_word' id='word_1_124' title='bbox 261 1724 458 1793; x_wconf 79' lang='grc' dir='ltr'>σμένοι</span> <span class='ocrx_word' id='word_1_125' title='bbox 490 1720 548 1773; x_wconf 85' lang='grc' dir='ltr'><strong>δέ</strong></span> <span class='ocrx_word' id='word_1_126' title='bbox 577 1719 768 1792; x_wconf 82' lang='grc' dir='ltr'>ὥσπερ</span> <span class='ocrx_word' id='word_1_127' title='bbox 797 1720 881 1789; x_wconf 76' lang='grc' dir='ltr'>ἐφ’</span> <span class='ocrx_word' id='word_1_128' title='bbox 926 1719 1163 1791; x_wconf 80' lang='grc' dir='ltr'>ἑκάστης</span> <span class='ocrx_word' id='word_1_129' title='bbox 1202 1719 1460 1791; x_wconf 78' lang='grc' dir='ltr'>ἠλέηνται</span> <span class='ocrx_word' id='word_1_130' title='bbox 1510 1719 1718 1786; x_wconf 75' lang='grc' dir='ltr'>πολλοὶ,</span> <span class='ocrx_word' id='word_1_131' title='bbox 1734 1710 1851 1773; x_wconf 78' lang='grc' dir='ltr'>’καὶ</span> 
     </span>
    </p>
   </div>
   <div class='ocr_carea' id='block_1_17' title="bbox 261 1809 1850 1883">
    <p class='ocr_par' dir='ltr' id='par_1_17' title="bbox 261 1809 1850 1883">
     <span class='ocr_line' id='line_1_17' title="bbox 261 1809 1850 1883; baseline -0.002 -17"><span class='ocrx_word' id='word_1_132' title='bbox 261 1812 558 1883; x_wconf 81' lang='grc' dir='ltr'>κέκληνται</span> <span class='ocrx_word' id='word_1_133' title='bbox 580 1810 668 1865; x_wconf 80' lang='grc' dir='ltr'>διὰ</span> <span class='ocrx_word' id='word_1_134' title='bbox 693 1811 793 1881; x_wconf 79' lang='grc' dir='ltr'>τῆς</span> <span class='ocrx_word' id='word_1_135' title='bbox 821 1809 1056 1872; x_wconf 88' lang='grc' dir='ltr'>πίστεως</span> <span class='ocrx_word' id='word_1_136' title='bbox 1083 1810 1165 1875; x_wconf 90' lang='grc' dir='ltr'><strong>είς</strong></span> <span class='ocrx_word' id='word_1_137' title='bbox 1192 1809 1283 1863; x_wconf 84' lang='grc' dir='ltr'>τὸν</span> <span class='ocrx_word' id='word_1_138' title='bbox 1303 1809 1393 1863; x_wconf 85' lang='grc' dir='ltr'><strong>διὰ</strong></span> <span class='ocrx_word' id='word_1_139' title='bbox 1413 1809 1509 1863; x_wconf 93' lang='grc' dir='ltr'><strong>τοῦ</strong></span> <span class='ocrx_word' id='word_1_140' title='bbox 1536 1809 1850 1880; x_wconf 80' lang='grc' dir='ltr'>Πνεύματος</span> 
     </span>
    </p>
   </div>
   <div class='ocr_carea' id='block_1_18' title="bbox 1946 626 3577 701">
    <p class='ocr_par' dir='ltr' id='par_1_18' title="bbox 1946 626 3577 701">
     <span class='ocr_line' id='line_1_18' title="bbox 1946 626 3577 701; baseline 0.002 -16"><span class='ocrx_word' id='word_1_141' title='bbox 1946 638 2124 685; x_wconf 89' lang='lat' dir='ltr'><strong>sertus</strong></span> <span class='ocrx_word' id='word_1_142' title='bbox 2170 644 2231 685; x_wconf 89' lang='lat' dir='ltr'><strong>es</strong></span> <span class='ocrx_word' id='word_1_143' title='bbox 2284 629 2340 685; x_wconf 90' lang='lat' dir='ltr'><strong>in</strong></span> <span class='ocrx_word' id='word_1_144' title='bbox 2382 629 2579 685; x_wconf 86' lang='lat' dir='ltr'><strong>bonam</strong></span> <span class='ocrx_word' id='word_1_145' title='bbox 2627 626 2844 694; x_wconf 90' lang='lat' dir='ltr'><strong>olivam,</strong></span> <span class='ocrx_word' id='word_1_146' title='bbox 2872 638 3079 699; x_wconf 90' lang='lat' dir='ltr'><strong>quanto</strong></span> <span class='ocrx_word' id='word_1_147' title='bbox 3120 629 3291 699; x_wconf 88' lang='lat' dir='ltr'><strong>magis</strong></span> <span class='ocrx_word' id='word_1_148' title='bbox 3327 631 3386 697; x_wconf 89' lang='lat' dir='ltr'><strong>ii,</strong></span> <span class='ocrx_word' id='word_1_149' title='bbox 3425 634 3516 701; x_wconf 88' lang='lat' dir='ltr'><strong>qui</strong></span> <span class='ocrx_word' id='word_1_150' title='bbox 3564 668 3577 669; x_wconf 44' lang='grc' dir='ltr'><em>κ</em></span> 
     </span>
    </p>
   </div>
   <div class='ocr_carea' id='block_1_19' title="bbox 1940 716 3522 777">
    <p class='ocr_par' dir='ltr' id='par_1_19' title="bbox 1940 716 3522 777">
     <span class='ocr_line' id='line_1_19' title="bbox 1940 716 3522 777; baseline 0 -2"><span class='ocrx_word' id='word_1_151' title='bbox 1940 718 2244 775; x_wconf 88' lang='lat' dir='ltr'><strong>secundum</strong></span> <span class='ocrx_word' id='word_1_152' title='bbox 2278 730 2527 775; x_wconf 88' lang='lat' dir='ltr'><strong>naturam</strong></span> <span class='ocrx_word' id='word_1_153' title='bbox 2566 733 2678 773; x_wconf 70' lang='lat' dir='ltr'><strong>sum</strong></span> <span class='ocrx_word' id='word_1_154' title='bbox 2712 716 2869 773; x_wconf 70' lang='lat' dir='ltr'><strong>olivae</strong></span> <span class='ocrx_word' id='word_1_155' title='bbox 2908 718 3217 773; x_wconf 86' lang='lat' dir='ltr'><strong>inserentur</strong></span> <span class='ocrx_word' id='word_1_156' title='bbox 3242 719 3332 773; x_wconf 78' lang='lat' dir='ltr'><strong>&quot;‘t</strong></span> <span class='ocrx_word' id='word_1_157' title='bbox 3364 739 3383 771; x_wconf 74' lang='grc' dir='ltr'><strong>ι</strong></span> <span class='ocrx_word' id='word_1_158' title='bbox 3425 721 3522 777; x_wconf 84' lang='lat' dir='ltr'><strong>Est</strong></span> 
     </span>
    </p>
   </div>
   <div class='ocr_carea' id='block_1_20' title="bbox 1945 806 3520 882">
    <p class='ocr_par' dir='ltr' id='par_1_20' title="bbox 1945 806 3520 882">
     <span class='ocr_line' id='line_1_20' title="bbox 1945 806 3520 882; baseline 0.003 -20"><span class='ocrx_word' id='word_1_159' title='bbox 1945 821 2077 878; x_wconf 90' lang='lat' dir='ltr'><strong>ergo</strong></span> <span class='ocrx_word' id='word_1_160' title='bbox 2126 809 2266 865; x_wconf 87' lang='lat' dir='ltr'><strong>bona</strong></span> <span class='ocrx_word' id='word_1_161' title='bbox 2300 808 2441 863; x_wconf 90' lang='lat' dir='ltr'><strong>oliva</strong></span> <span class='ocrx_word' id='word_1_162' title='bbox 2481 808 2766 879; x_wconf 82' lang='lat' dir='ltr'><strong>Synagoga</strong></span> <span class='ocrx_word' id='word_1_163' title='bbox 2790 847 2806 873; x_wconf 95' lang='lat'><strong>,</strong></span> <span class='ocrx_word' id='word_1_164' title='bbox 2843 817 2904 863; x_wconf 90' lang='lat' dir='ltr'><strong>ut</strong></span> <span class='ocrx_word' id='word_1_165' title='bbox 2937 806 3050 877; x_wconf 82' lang='lat' dir='ltr'><strong>jam</strong></span> <span class='ocrx_word' id='word_1_166' title='bbox 3088 809 3241 877; x_wconf 88' lang='lat' dir='ltr'><strong>dixi,</strong></span> <span class='ocrx_word' id='word_1_167' title='bbox 3284 812 3520 882; x_wconf 73' lang='lat' dir='ltr'><strong>agrestis</strong></span> 
     </span>
    </p>
   </div>
   <div class='ocr_carea' id='block_1_21' title="bbox 1945 897 3519 970">
    <p class='ocr_par' dir='ltr' id='par_1_21' title="bbox 1945 897 3519 970">
     <span class='ocr_line' id='line_1_21' title="bbox 1945 897 3519 970; baseline 0.001 -18"><span class='ocrx_word' id='word_1_168' title='bbox 1945 906 2124 953; x_wconf 88' lang='lat' dir='ltr'><strong>autem</strong></span> <span class='ocrx_word' id='word_1_169' title='bbox 2164 914 2294 969; x_wconf 84' lang='lat' dir='ltr'><strong>grex</strong></span> <span class='ocrx_word' id='word_1_170' title='bbox 2342 898 2606 970; x_wconf 88' lang='lat' dir='ltr'><strong>gentium.</strong></span> <span class='ocrx_word' id='word_1_171' title='bbox 2642 897 2721 952; x_wconf 81' lang='lat' dir='ltr'><strong>llli</strong></span> <span class='ocrx_word' id='word_1_172' title='bbox 2762 899 2907 953; x_wconf 93' lang='lat' dir='ltr'><strong>enim</strong></span> <span class='ocrx_word' id='word_1_173' title='bbox 2940 914 3037 969; x_wconf 90' lang='lat' dir='ltr'><strong>per</strong></span> <span class='ocrx_word' id='word_1_174' title='bbox 3083 897 3255 970; x_wconf 81' lang='lat' dir='ltr'><strong>legem</strong></span> <span class='ocrx_word' id='word_1_175' title='bbox 3294 901 3519 965; x_wconf 85' lang='lat' dir='ltr'><strong>eruditi,</strong></span> 
     </span>
    </p>
   </div>
   <div class='ocr_carea' id='block_1_22' title="bbox 1945 986 3520 1058">
    <p class='ocr_par' dir='ltr' id='par_1_22' title="bbox 1945 986 3520 1058">
     <span class='ocr_line' id='line_1_22' title="bbox 1945 986 3520 1058; baseline 0 -15"><span class='ocrx_word' id='word_1_176' title='bbox 1945 1003 2165 1058; x_wconf 80' lang='lat' dir='ltr'><strong>semper</strong></span> <span class='ocrx_word' id='word_1_177' title='bbox 2211 997 2368 1043; x_wconf 91' lang='lat' dir='ltr'><strong>erant</strong></span> <span class='ocrx_word' id='word_1_178' title='bbox 2399 986 2645 1058; x_wconf 73' lang='lat' dir='ltr'><strong>frugiferi</strong></span> <span class='ocrx_word' id='word_1_179' title='bbox 2672 1005 2686 1040; x_wconf 91' lang='lat'><strong>:</strong></span> <span class='ocrx_word' id='word_1_180' title='bbox 2713 997 2771 1042; x_wconf 88' lang='lat' dir='ltr'><strong>at</strong></span> <span class='ocrx_word' id='word_1_181' title='bbox 2801 987 2890 1053; x_wconf 87' lang='lat' dir='ltr'><strong>isti</strong></span> <span class='ocrx_word' id='word_1_182' title='bbox 2934 1002 3219 1058; x_wconf 80' lang='lat' dir='ltr'><strong>vesparum</strong></span> <span class='ocrx_word' id='word_1_183' title='bbox 3254 992 3520 1045; x_wconf 87' lang='lat' dir='ltr'><strong>atrocium</strong></span> 
     </span>
    </p>
   </div>
   <div class='ocr_carea' id='block_1_23' title="bbox 1946 1077 3521 1147">
    <p class='ocr_par' dir='ltr' id='par_1_23' title="bbox 1946 1077 3521 1147">
     <span class='ocr_line' id='line_1_23' title="bbox 1946 1077 3521 1147; baseline 0 -14"><span class='ocrx_word' id='word_1_184' title='bbox 1946 1079 2268 1147; x_wconf 89' lang='lat' dir='ltr'><strong>diversoria,</strong></span> <span class='ocrx_word' id='word_1_185' title='bbox 2322 1088 2561 1135; x_wconf 79' lang='lat' dir='ltr'><strong>mentem</strong></span> <span class='ocrx_word' id='word_1_186' title='bbox 2604 1078 2869 1134; x_wconf 84' lang='lat' dir='ltr'><strong>habentes</strong></span> <span class='ocrx_word' id='word_1_187' title='bbox 2897 1077 3114 1147; x_wconf 84' lang='lat' dir='ltr'><strong>plenam</strong></span> <span class='ocrx_word' id='word_1_188' title='bbox 3163 1079 3521 1142; x_wconf 69' lang='lat' dir='ltr'><strong>daemonibus,</strong></span> 
     </span>
    </p>
   </div>
   <div class='ocr_carea' id='block_1_24' title="bbox 1946 1167 3522 1225">
    <p class='ocr_par' dir='ltr' id='par_1_24' title="bbox 1946 1167 3522 1225">
     <span class='ocr_line' id='line_1_24' title="bbox 1946 1167 3522 1225; baseline -0.001 0"><span class='ocrx_word' id='word_1_189' title='bbox 1946 1177 2003 1225; x_wconf 86' lang='lat' dir='ltr'><strong>et</strong></span> <span class='ocrx_word' id='word_1_190' title='bbox 2061 1168 2381 1224; x_wconf 83' lang='lat' dir='ltr'><strong>infructuosi</strong></span> <span class='ocrx_word' id='word_1_191' title='bbox 2441 1182 2506 1225; x_wconf 91' lang='lat' dir='ltr'><strong>ac</strong></span> <span class='ocrx_word' id='word_1_192' title='bbox 2558 1168 2771 1224; x_wconf 82' lang='lat' dir='ltr'><strong>steriles</strong></span> <span class='ocrx_word' id='word_1_193' title='bbox 2832 1167 3075 1223; x_wconf 90' lang='lat' dir='ltr'><strong>omnino.</strong></span> <span class='ocrx_word' id='word_1_194' title='bbox 3138 1167 3522 1224; x_wconf 84' lang='lat' dir='ltr'><strong>Verumtamen</strong></span> 
     </span>
    </p>
   </div>
   <div class='ocr_carea' id='block_1_25' title="bbox 1947 1256 3526 1332">
    <p class='ocr_par' dir='ltr' id='par_1_25' title="bbox 1947 1256 3526 1332">
     <span class='ocr_line' id='line_1_25' title="bbox 1947 1256 3526 1332; baseline 0.001 -18"><span class='ocrx_word' id='word_1_195' title='bbox 1947 1274 2049 1315; x_wconf 93' lang='lat' dir='ltr'><strong>nec</strong></span> <span class='ocrx_word' id='word_1_196' title='bbox 2086 1269 2195 1315; x_wconf 88' lang='lat' dir='ltr'><strong>tota</strong></span> <span class='ocrx_word' id='word_1_197' title='bbox 2233 1258 2540 1316; x_wconf 84' lang='lat' dir='ltr'><strong>Judaeorum</strong></span> <span class='ocrx_word' id='word_1_198' title='bbox 2570 1257 2853 1332; x_wconf 83' lang='lat' dir='ltr'><strong>Synagoga</strong></span> <span class='ocrx_word' id='word_1_199' title='bbox 2880 1258 3039 1314; x_wconf 82' lang='lat' dir='ltr'><strong>fidem</strong></span> <span class='ocrx_word' id='word_1_200' title='bbox 3071 1256 3126 1313; x_wconf 90' lang='lat' dir='ltr'><strong>in</strong></span> <span class='ocrx_word' id='word_1_201' title='bbox 3168 1257 3366 1314; x_wconf 88' lang='lat' dir='ltr'><strong>Filium</strong></span> <span class='ocrx_word' id='word_1_202' title='bbox 3405 1274 3526 1315; x_wconf 86' lang='lat' dir='ltr'><strong>sus-</strong></span> 
     </span>
    </p>
   </div>
   <div class='ocr_carea' id='block_1_26' title="bbox 1948 1349 3527 1420">
    <p class='ocr_par' dir='ltr' id='par_1_26' title="bbox 1948 1349 3527 1420">
     <span class='ocr_line' id='line_1_26' title="bbox 1948 1349 3527 1420; baseline -0.001 -16"><span class='ocrx_word' id='word_1_203' title='bbox 1948 1351 2095 1420; x_wconf 89' lang='lat' dir='ltr'><strong>cepit</strong></span> <span class='ocrx_word' id='word_1_204' title='bbox 2121 1388 2137 1414; x_wconf 93' lang='lat'><strong>,</strong></span> <span class='ocrx_word' id='word_1_205' title='bbox 2168 1365 2267 1405; x_wconf 90' lang='lat' dir='ltr'><strong>nec</strong></span> <span class='ocrx_word' id='word_1_206' title='bbox 2291 1350 2531 1420; x_wconf 83' lang='lat' dir='ltr'><strong>gentiam</strong></span> <span class='ocrx_word' id='word_1_207' title='bbox 2562 1350 2915 1413; x_wconf 81' lang='lat' dir='ltr'><strong>universitas,</strong></span> <span class='ocrx_word' id='word_1_208' title='bbox 2947 1349 3040 1403; x_wconf 88' lang='lat' dir='ltr'><strong>sed</strong></span> <span class='ocrx_word' id='word_1_209' title='bbox 3068 1349 3226 1419; x_wconf 90' lang='lat' dir='ltr'><strong>quasi</strong></span> <span class='ocrx_word' id='word_1_210' title='bbox 3267 1349 3527 1418; x_wconf 88' lang='lat' dir='ltr'><strong>utrinque</strong></span> 
     </span>
    </p>
   </div>
   <div class='ocr_carea' id='block_1_27' title="bbox 1952 1438 3527 1510">
    <p class='ocr_par' dir='ltr' id='par_1_27' title="bbox 1952 1438 3527 1510">
     <span class='ocr_line' id='line_1_27' title="bbox 1952 1438 3527 1510; baseline -0.002 -13"><span class='ocrx_word' id='word_1_211' title='bbox 1952 1441 2206 1507; x_wconf 79' lang='lat' dir='ltr'><strong>extracti,</strong></span> <span class='ocrx_word' id='word_1_212' title='bbox 2248 1440 2682 1497; x_wconf 89' lang='lat' dir='ltr'><strong>misericordiam</strong></span> <span class='ocrx_word' id='word_1_213' title='bbox 2724 1438 2907 1509; x_wconf 86' lang='lat' dir='ltr'><strong>adepti</strong></span> <span class='ocrx_word' id='word_1_214' title='bbox 2945 1448 3073 1495; x_wconf 91' lang='lat' dir='ltr'><strong>sunt</strong></span> <span class='ocrx_word' id='word_1_215' title='bbox 3112 1438 3289 1506; x_wconf 91' lang='lat' dir='ltr'><strong>multi,</strong></span> <span class='ocrx_word' id='word_1_216' title='bbox 3328 1448 3386 1496; x_wconf 93' lang='lat' dir='ltr'><strong>et</strong></span> <span class='ocrx_word' id='word_1_217' title='bbox 3431 1454 3527 1510; x_wconf 80' lang='lat' dir='ltr'><strong>per</strong></span> 
     </span>
    </p>
   </div>
   <div class='ocr_carea' id='block_1_28' title="bbox 1951 1531 3523 1601">
    <p class='ocr_par' dir='ltr' id='par_1_28' title="bbox 1951 1531 3523 1601">
     <span class='ocr_line' id='line_1_28' title="bbox 1951 1531 3523 1601; baseline -0.001 -14"><span class='ocrx_word' id='word_1_218' title='bbox 1951 1531 2112 1588; x_wconf 81' lang='lat' dir='ltr'><strong>ﬁdem</strong></span> <span class='ocrx_word' id='word_1_219' title='bbox 2152 1533 2218 1587; x_wconf 91' lang='lat' dir='ltr'><strong>ad</strong></span> <span class='ocrx_word' id='word_1_220' title='bbox 2256 1532 2704 1587; x_wconf 88' lang='lat' dir='ltr'><strong>illuminationem</strong></span> <span class='ocrx_word' id='word_1_221' title='bbox 2732 1546 2829 1601; x_wconf 89' lang='lat' dir='ltr'><strong>per</strong></span> <span class='ocrx_word' id='word_1_222' title='bbox 2867 1531 3129 1600; x_wconf 87' lang='lat' dir='ltr'><strong>Spiritum</strong></span> <span class='ocrx_word' id='word_1_223' title='bbox 3166 1532 3342 1587; x_wconf 82' lang='lat' dir='ltr'><strong>vocati</strong></span> <span class='ocrx_word' id='word_1_224' title='bbox 3375 1540 3523 1586; x_wconf 86' lang='lat' dir='ltr'><strong>sunt.</strong></span> 
     </span>
    </p>
   </div>
   <div class='ocr_carea' id='block_1_29' title="bbox 1952 1623 3529 1695">
    <p class='ocr_par' dir='ltr' id='par_1_29' title="bbox 1952 1623 3529 1695">
     <span class='ocr_line' id='line_1_29' title="bbox 1952 1623 3529 1695; baseline -0.001 -17"><span class='ocrx_word' id='word_1_225' title='bbox 1952 1623 2111 1678; x_wconf 81' lang='lat' dir='ltr'><strong>Rami</strong></span> <span class='ocrx_word' id='word_1_226' title='bbox 2143 1638 2276 1695; x_wconf 90' lang='lat' dir='ltr'><strong>ergo</strong></span> <span class='ocrx_word' id='word_1_227' title='bbox 2304 1624 2570 1679; x_wconf 81' lang='lat' dir='ltr'><strong>olivarum</strong></span> <span class='ocrx_word' id='word_1_228' title='bbox 2593 1625 2685 1693; x_wconf 92' lang='lat' dir='ltr'><strong>qui</strong></span> <span class='ocrx_word' id='word_1_229' title='bbox 2708 1624 2940 1678; x_wconf 82' lang='lat' dir='ltr'><strong>extracti</strong></span> <span class='ocrx_word' id='word_1_230' title='bbox 2966 1632 3115 1690; x_wconf 88' lang='lat' dir='ltr'><strong>sunt,</strong></span> <span class='ocrx_word' id='word_1_231' title='bbox 3137 1625 3529 1679; x_wconf 82' lang='lat' dir='ltr'><strong>convenienter</strong></span> 
     </span>
    </p>
   </div>
   <div class='ocr_carea' id='block_1_30' title="bbox 1953 1713 3527 1784">
    <p class='ocr_par' dir='ltr' id='par_1_30' title="bbox 1953 1713 3527 1784">
     <span class='ocr_line' id='line_1_30' title="bbox 1953 1713 3527 1784; baseline -0.001 -15"><span class='ocrx_word' id='word_1_232' title='bbox 1953 1713 2185 1784; x_wconf 73' lang='lat' dir='ltr'><strong>intelligi</strong></span> <span class='ocrx_word' id='word_1_233' title='bbox 2221 1722 2446 1783; x_wconf 91' lang='lat' dir='ltr'><strong>queant,</strong></span> <span class='ocrx_word' id='word_1_234' title='bbox 2479 1714 2570 1783; x_wconf 91' lang='lat' dir='ltr'><strong>qui</strong></span> <span class='ocrx_word' id='word_1_235' title='bbox 2599 1723 2655 1769; x_wconf 92' lang='lat' dir='ltr'><strong>et</strong></span> <span class='ocrx_word' id='word_1_236' title='bbox 2697 1713 3131 1768; x_wconf 84' lang='lat' dir='ltr'><strong>misericordiam</strong></span> <span class='ocrx_word' id='word_1_237' title='bbox 3162 1728 3262 1784; x_wconf 90' lang='lat' dir='ltr'><strong>per</strong></span> <span class='ocrx_word' id='word_1_238' title='bbox 3293 1714 3527 1784; x_wconf 89' lang='lat' dir='ltr'><strong>gratiam</strong></span> 
     </span>
    </p>
   </div>
   <div class='ocr_carea' id='block_1_31' title="bbox 3557 1041 3575 1089">
    <p class='ocr_par' dir='ltr' id='par_1_31' title="bbox 3557 1041 3575 1089">
     <span class='ocr_line' id='line_1_31' title="bbox 3557 1041 3575 1089; baseline 0 0"><span class='ocrx_word' id='word_1_239' title='bbox 3557 1041 3575 1089; x_wconf 78' lang='grc' dir='ltr'><strong>ι</strong></span> 
     </span>
    </p>
   </div>
   <div class='ocr_carea' id='block_1_32' title="bbox 1954 1804 3530 1874">
    <p class='ocr_par' dir='ltr' id='par_1_32' title="bbox 1954 1804 3530 1874">
     <span class='ocr_line' id='line_1_32' title="bbox 1954 1804 3530 1874; baseline -0.002 -13"><span class='ocrx_word' id='word_1_240' title='bbox 1954 1806 2335 1870; x_wconf 89' lang='lat' dir='ltr'><strong>invenerunt,</strong></span> <span class='ocrx_word' id='word_1_241' title='bbox 2393 1814 2449 1860; x_wconf 92' lang='lat' dir='ltr'><strong>et</strong></span> <span class='ocrx_word' id='word_1_242' title='bbox 2510 1805 2661 1860; x_wconf 88' lang='lat' dir='ltr'><strong>velut</strong></span> <span class='ocrx_word' id='word_1_243' title='bbox 2727 1805 2780 1859; x_wconf 92' lang='lat' dir='ltr'><strong>in</strong></span> <span class='ocrx_word' id='word_1_244' title='bbox 2824 1804 3007 1859; x_wconf 91' lang='lat' dir='ltr'><strong>lumen</strong></span> <span class='ocrx_word' id='word_1_245' title='bbox 3070 1804 3336 1874; x_wconf 86' lang='lat' dir='ltr'><strong>lampadis</strong></span> <span class='ocrx_word' id='word_1_246' title='bbox 3367 1842 3385 1870; x_wconf 93' lang='lat'><strong>,</strong></span> <span class='ocrx_word' id='word_1_247' title='bbox 3428 1807 3530 1860; x_wconf 85' lang='lat' dir='ltr'><strong>hoc</strong></span> 
     </span>
    </p>
   </div>
   <div class='ocr_carea' id='block_1_33' title="bbox 263 1888 1855 1977">
    <p class='ocr_par' dir='ltr' id='par_1_33' title="bbox 263 1898 1847 1977">
     <span class='ocr_line' id='line_1_33' title="bbox 263 1898 1847 1977; baseline -0.003 -18"><span class='ocrx_word' id='word_1_248' title='bbox 263 1904 564 1977; x_wconf 82' lang='grc' dir='ltr'>φωτισμόν.</span> <span class='ocrx_word' id='word_1_249' title='bbox 598 1904 800 1959; x_wconf 82' lang='grc' dir='ltr'>Κλάδοι</span> <span class='ocrx_word' id='word_1_250' title='bbox 848 1901 914 1974; x_wconf 82' lang='grc' dir='ltr'>δὴ</span> <span class='ocrx_word' id='word_1_251' title='bbox 960 1898 1053 1957; x_wconf 81' lang='grc' dir='ltr'>οὖν</span> <span class='ocrx_word' id='word_1_252' title='bbox 1088 1901 1282 1956; x_wconf 86' lang='grc' dir='ltr'>ἐλαιῶν</span> <span class='ocrx_word' id='word_1_253' title='bbox 1329 1905 1379 1956; x_wconf 90' lang='grc' dir='ltr'><strong>οί</strong></span> <span class='ocrx_word' id='word_1_254' title='bbox 1430 1902 1847 1972; x_wconf 84' lang='grc' dir='ltr'>ἀπεσπασμένοι</span> 
     </span>
    </p>
   </div>
   <div class='ocr_carea' id='block_1_34' title="bbox 1958 1888 3529 1977">
    <p class='ocr_par' dir='ltr' id='par_1_34' title="bbox 1958 1893 3529 1966">
     <span class='ocr_line' id='line_1_34' title="bbox 1958 1893 3529 1966; baseline -0.003 -14"><span class='ocrx_word' id='word_1_255' title='bbox 1958 1906 2056 1963; x_wconf 76' lang='lat' dir='ltr'><strong>est,</strong></span> <span class='ocrx_word' id='word_1_256' title='bbox 2097 1896 2324 1964; x_wconf 85' lang='lat' dir='ltr'><strong>Christi,</strong></span> <span class='ocrx_word' id='word_1_257' title='bbox 2377 1904 2434 1949; x_wconf 89' lang='lat' dir='ltr'><strong>et</strong></span> <span class='ocrx_word' id='word_1_258' title='bbox 2473 1905 2679 1966; x_wconf 87' lang='lat' dir='ltr'><strong>septem</strong></span> <span class='ocrx_word' id='word_1_259' title='bbox 2730 1893 3114 1950; x_wconf 86' lang='lat' dir='ltr'><strong>collucentium</strong></span> <span class='ocrx_word' id='word_1_260' title='bbox 3158 1894 3529 1956; x_wconf 84' lang='lat' dir='ltr'><strong>lucernarum,</strong></span> 
     </span>
    </p>
   </div>
   <div class='ocr_carea' id='block_1_35' title="bbox 263 1994 1848 2066">
    <p class='ocr_par' dir='ltr' id='par_1_35' title="bbox 263 1994 1848 2066">
     <span class='ocr_line' id='line_1_35' title="bbox 263 1994 1848 2066; baseline -0.003 -16"><span class='ocrx_word' id='word_1_261' title='bbox 263 1996 454 2050; x_wconf 81' lang='grc' dir='ltr'>νοοῖντ’</span> <span class='ocrx_word' id='word_1_262' title='bbox 481 1996 548 2050; x_wconf 80' lang='grc' dir='ltr'>ἂν</span> <span class='ocrx_word' id='word_1_263' title='bbox 578 1996 822 2062; x_wconf 75' lang='grc' dir='ltr'>εἰκότως,</span> <span class='ocrx_word' id='word_1_264' title='bbox 851 1995 899 2049; x_wconf 80' lang='grc' dir='ltr'>οἶ</span> <span class='ocrx_word' id='word_1_265' title='bbox 933 1996 1030 2049; x_wconf 63' lang='grc' dir='ltr'><strong>καὶ⁹</strong></span> <span class='ocrx_word' id='word_1_266' title='bbox 1064 1994 1325 2066; x_wconf 77' lang='grc' dir='ltr'>ἠλέηνται</span> <span class='ocrx_word' id='word_1_267' title='bbox 1356 1994 1443 2048; x_wconf 86' lang='grc' dir='ltr'><strong>διὰ</strong></span> <span class='ocrx_word' id='word_1_268' title='bbox 1470 1997 1569 2066; x_wconf 80' lang='grc' dir='ltr'>τῆς</span> <span class='ocrx_word' id='word_1_269' title='bbox 1604 1994 1848 2064; x_wconf 80' lang='grc' dir='ltr'>χάριτος,</span> 
     </span>
    </p>
   </div>
   <div class='ocr_carea' id='block_1_36' title="bbox 264 2081 1850 2155">
    <p class='ocr_par' dir='ltr' id='par_1_36' title="bbox 264 2081 1850 2155">
     <span class='ocr_line' id='line_1_36' title="bbox 264 2081 1850 2155; baseline -0.004 -15"><span class='ocrx_word' id='word_1_270' title='bbox 264 2087 363 2140; x_wconf 78' lang='grc' dir='ltr'>καὶ</span> <span class='ocrx_word' id='word_1_271' title='bbox 393 2086 468 2150; x_wconf 85' lang='grc' dir='ltr'>ὼς</span> <span class='ocrx_word' id='word_1_272' title='bbox 498 2086 556 2140; x_wconf 85' lang='grc' dir='ltr'><strong>ἐν</strong></span> <span class='ocrx_word' id='word_1_273' title='bbox 590 2085 730 2155; x_wconf 73' lang='grc' dir='ltr'>φωτὶ</span> <span class='ocrx_word' id='word_1_274' title='bbox 781 2084 1035 2154; x_wconf 86' lang='grc' dir='ltr'>γεγόνασι</span> <span class='ocrx_word' id='word_1_275' title='bbox 1061 2084 1156 2138; x_wconf 90' lang='grc' dir='ltr'><strong>τοῦ</strong></span> <span class='ocrx_word' id='word_1_276' title='bbox 1204 2082 1531 2154; x_wconf 88' lang='grc' dir='ltr'>λαμπαδίου,</span> <span class='ocrx_word' id='word_1_277' title='bbox 1572 2081 1850 2149; x_wconf 84' lang='grc' dir='ltr'>τουτέστι,</span> 
     </span>
    </p>
   </div>
   <div class='ocr_carea' id='block_1_37' title="bbox 262 2172 1851 2250">
    <p class='ocr_par' dir='ltr' id='par_1_37' title="bbox 262 2172 1851 2250">
     <span class='ocr_line' id='line_1_37' title="bbox 262 2172 1851 2250; baseline -0.005 -18"><span class='ocrx_word' id='word_1_278' title='bbox 262 2176 527 2250; x_wconf 79' lang='grc' dir='ltr'>Χριστοῦ,</span> <span class='ocrx_word' id='word_1_279' title='bbox 567 2177 663 2231; x_wconf 79' lang='grc' dir='ltr'><strong>καὶ</strong></span> <span class='ocrx_word' id='word_1_280' title='bbox 695 2176 805 2229; x_wconf 87' lang='grc' dir='ltr'><strong>τῶν</strong></span> <span class='ocrx_word' id='word_1_281' title='bbox 859 2174 1000 2229; x_wconf 86' lang='grc' dir='ltr'><strong>ἐπτά</strong></span> <span class='ocrx_word' id='word_1_282' title='bbox 1042 2174 1572 2243; x_wconf 85' lang='grc' dir='ltr'>συναναλαμπόντων</span> <span class='ocrx_word' id='word_1_283' title='bbox 1621 2172 1851 2243; x_wconf 84' lang='grc' dir='ltr'>λύχνων,</span> 
     </span>
    </p>
   </div>
   <div class='ocr_carea' id='block_1_38' title="bbox 266 2262 1858 2337">
    <p class='ocr_par' dir='ltr' id='par_1_38' title="bbox 266 2262 1858 2337">
     <span class='ocr_line' id='line_1_38' title="bbox 266 2262 1858 2337; baseline -0.005 -14"><span class='ocrx_word' id='word_1_284' title='bbox 266 2269 537 2335; x_wconf 86' lang='grc' dir='ltr'>τουτέστι,</span> <span class='ocrx_word' id='word_1_285' title='bbox 568 2268 665 2337; x_wconf 84' lang='grc' dir='ltr'>τῆς</span> <span class='ocrx_word' id='word_1_286' title='bbox 688 2267 798 2321; x_wconf 88' lang='grc' dir='ltr'><strong>τῶν</strong></span> <span class='ocrx_word' id='word_1_287' title='bbox 836 2266 1009 2335; x_wconf 83' lang='grc' dir='ltr'>ἁγίων</span> <span class='ocrx_word' id='word_1_288' title='bbox 1033 2264 1295 2335; x_wconf 88' lang='grc' dir='ltr'>πληθύος.</span> <span class='ocrx_word' id='word_1_289' title='bbox 1332 2264 1524 2335; x_wconf 75' lang='grc' dir='ltr'>Ἀθρει</span> <span class='ocrx_word' id='word_1_290' title='bbox 1559 2262 1618 2317; x_wconf 83' lang='grc' dir='ltr'><strong>δέ</strong></span> <span class='ocrx_word' id='word_1_291' title='bbox 1646 2264 1796 2326; x_wconf 82' lang='grc' dir='ltr'>ὅπως</span> <span class='ocrx_word' id='word_1_292' title='bbox 1827 2264 1858 2315; x_wconf 87' lang='grc' dir='ltr'><strong>ό</strong></span> 
     </span>
    </p>
   </div>
   <div class='ocr_carea' id='block_1_39' title="bbox 266 2352 1852 2427">
    <p class='ocr_par' dir='ltr' id='par_1_39' title="bbox 266 2352 1852 2427">
     <span class='ocr_line' id='line_1_39' title="bbox 266 2352 1852 2427; baseline -0.006 -13"><span class='ocrx_word' id='word_1_293' title='bbox 266 2360 561 2422; x_wconf 81' lang='grc' dir='ltr'>θεσπέσιος</span> <span class='ocrx_word' id='word_1_294' title='bbox 605 2358 849 2427; x_wconf 69' lang='grc' dir='ltr'>ἀγγελοςῑ</span> <span class='ocrx_word' id='word_1_295' title='bbox 885 2358 964 2420; x_wconf 85' lang='grc' dir='ltr'><strong>είς</strong></span> <span class='ocrx_word' id='word_1_296' title='bbox 998 2357 1183 2411; x_wconf 69' lang='grc' dir='ltr'>εἰκόνα</span> <span class='ocrx_word' id='word_1_297' title='bbox 1225 2357 1321 2409; x_wconf 71' lang='grc' dir='ltr'>καὶ</span> <span class='ocrx_word' id='word_1_298' title='bbox 1353 2354 1707 2408; x_wconf 82' lang='grc' dir='ltr'>ὑποτύπωσιν</span> <span class='ocrx_word' id='word_1_299' title='bbox 1757 2352 1852 2406; x_wconf 83' lang='grc' dir='ltr'><strong>τοῦ</strong></span> 
     </span>
    </p>
   </div>
   <div class='ocr_carea' id='block_1_40' title="bbox 280 2446 1855 2523">
    <p class='ocr_par' dir='ltr' id='par_1_40' title="bbox 280 2446 1855 2523">
     <span class='ocr_line' id='line_1_40' title="bbox 280 2446 1855 2523; baseline -0.004 -17"><span class='ocrx_word' id='word_1_300' title='bbox 280 2451 639 2523; x_wconf 84' lang='grc' dir='ltr'>Ἐμμανουὴλ</span> <span class='ocrx_word' id='word_1_301' title='bbox 697 2449 1065 2521; x_wconf 86' lang='grc' dir='ltr'>παραδέχεται</span> <span class='ocrx_word' id='word_1_302' title='bbox 1108 2449 1170 2502; x_wconf 82' lang='grc' dir='ltr'>τὸ</span> <span class='ocrx_word' id='word_1_303' title='bbox 1210 2447 1541 2520; x_wconf 78' lang='grc' dir='ltr'>λαμπάδιον.</span> <span class='ocrx_word' id='word_1_304' title='bbox 1590 2446 1855 2517; x_wconf 83' lang='grc' dir='ltr'>Τεθειμέ-</span> 
     </span>
    </p>
   </div>
   <div class='ocr_carea' id='block_1_41' title="bbox 262 2537 1857 2613">
    <p class='ocr_par' dir='ltr' id='par_1_41' title="bbox 262 2537 1857 2613">
     <span class='ocr_line' id='line_1_41' title="bbox 262 2537 1857 2613; baseline -0.004 -16"><span class='ocrx_word' id='word_1_305' title='bbox 262 2562 377 2597; x_wconf 91' lang='grc' dir='ltr'><strong>νων</strong></span> <span class='ocrx_word' id='word_1_306' title='bbox 404 2544 514 2613; x_wconf 84' lang='grc' dir='ltr'>γὰρ</span> <span class='ocrx_word' id='word_1_307' title='bbox 534 2542 643 2595; x_wconf 90' lang='grc' dir='ltr'><strong>τῶν</strong></span> <span class='ocrx_word' id='word_1_308' title='bbox 671 2542 881 2596; x_wconf 80' lang='grc' dir='ltr'>κλάδων</span> <span class='ocrx_word' id='word_1_309' title='bbox 913 2544 977 2594; x_wconf 90' lang='grc' dir='ltr'><strong>ἐκ</strong></span> <span class='ocrx_word' id='word_1_310' title='bbox 1005 2540 1195 2605; x_wconf 82' lang='grc' dir='ltr'>δεξιῶν</span> <span class='ocrx_word' id='word_1_311' title='bbox 1225 2539 1414 2605; x_wconf 82' lang='grc' dir='ltr'>αὑτοῦ,</span> <span class='ocrx_word' id='word_1_312' title='bbox 1446 2540 1540 2594; x_wconf 79' lang='grc' dir='ltr'><strong>καὶ</strong></span> <span class='ocrx_word' id='word_1_313' title='bbox 1567 2538 1625 2605; x_wconf 81' lang='grc' dir='ltr'>ἐξ</span> <span class='ocrx_word' id='word_1_314' title='bbox 1654 2537 1857 2591; x_wconf 82' lang='grc' dir='ltr'>εὐωνύ-</span> 
     </span>
    </p>
   </div>
   <div class='ocr_carea' id='block_1_42' title="bbox 265 2628 1858 2706">
    <p class='ocr_par' dir='ltr' id='par_1_42' title="bbox 265 2628 1858 2706">
     <span class='ocr_line' id='line_1_42' title="bbox 265 2628 1858 2706; baseline -0.005 -18"><span class='ocrx_word' id='word_1_315' title='bbox 265 2631 534 2706; x_wconf 85' lang='grc' dir='ltr'>μων,(οὒς</span> <span class='ocrx_word' id='word_1_316' title='bbox 564 2632 659 2685; x_wconf 84' lang='grc' dir='ltr'>καὶ</span> <span class='ocrx_word' id='word_1_317' title='bbox 690 2632 839 2695; x_wconf 72' lang='grc' dir='ltr'>υἱοὺς</span> <span class='ocrx_word' id='word_1_318' title='bbox 872 2631 973 2701; x_wconf 81' lang='grc' dir='ltr'>τῆς</span> <span class='ocrx_word' id='word_1_319' title='bbox 1001 2631 1254 2698; x_wconf 84' lang='grc' dir='ltr'>πιότητος</span> <span class='ocrx_word' id='word_1_320' title='bbox 1285 2630 1537 2701; x_wconf 85' lang='grc' dir='ltr'>ὠνόμασε</span> <span class='ocrx_word' id='word_1_321' title='bbox 1556 2628 1691 2697; x_wconf 90' lang='grc' dir='ltr'>δύο),</span> <span class='ocrx_word' id='word_1_322' title='bbox 1724 2644 1858 2699; x_wconf 84' lang='grc' dir='ltr'>παρ-</span> 
     </span>
    </p>
   </div>
   <div class='ocr_carea' id='block_1_43' title="bbox 262 2719 1858 2794">
    <p class='ocr_par' dir='ltr' id='par_1_43' title="bbox 262 2719 1858 2794">
     <span class='ocr_line' id='line_1_43' title="bbox 262 2719 1858 2794; baseline 0.003 -16"><span class='ocrx_word' id='word_1_323' title='bbox 262 2724 491 2778; x_wconf 86' lang='grc' dir='ltr'>εστάναι</span> <span class='ocrx_word' id='word_1_324' title='bbox 527 2724 689 2794; x_wconf 80' lang='grc' dir='ltr'>φησὶν</span> <span class='ocrx_word' id='word_1_325' title='bbox 718 2722 915 2786; x_wconf 77' lang='grc' dir='ltr'>αὐτοὺς</span> <span class='ocrx_word' id='word_1_326' title='bbox 939 2722 1018 2793; x_wconf 81' lang='grc' dir='ltr'><strong>τῷ</strong></span> <span class='ocrx_word' id='word_1_327' title='bbox 1054 2722 1244 2794; x_wconf 85' lang='grc' dir='ltr'>Κυρίῳ</span> <span class='ocrx_word' id='word_1_328' title='bbox 1271 2722 1449 2791; x_wconf 85' lang='grc' dir='ltr'>πάσης</span> <span class='ocrx_word' id='word_1_329' title='bbox 1479 2722 1579 2792; x_wconf 78' lang='grc' dir='ltr'>τῆς</span> <span class='ocrx_word' id='word_1_330' title='bbox 1608 2721 1733 2791; x_wconf 83' lang='grc' dir='ltr'>γῆς,</span> <span class='ocrx_word' id='word_1_331' title='bbox 1758 2719 1858 2790; x_wconf 85' lang='grc' dir='ltr'><strong>τῆς</strong></span> 
     </span>
    </p>
   </div>
   <div class='ocr_carea' id='block_1_44' title="bbox 264 2806 1859 2886">
    <p class='ocr_par' dir='ltr' id='par_1_44' title="bbox 264 2806 1859 2886">
     <span class='ocr_line' id='line_1_44' title="bbox 264 2806 1859 2886; baseline -0.001 -19"><span class='ocrx_word' id='word_1_332' title='bbox 264 2812 675 2886; x_wconf 80' lang='grc' dir='ltr'>παραστάσεως</span> <span class='ocrx_word' id='word_1_333' title='bbox 717 2813 775 2865; x_wconf 87' lang='grc' dir='ltr'><strong>ἐν</strong></span> <span class='ocrx_word' id='word_1_334' title='bbox 806 2811 998 2877; x_wconf 80' lang='grc' dir='ltr'>τύποις</span> <span class='ocrx_word' id='word_1_335' title='bbox 1041 2810 1559 2883; x_wconf 87' lang='grc' dir='ltr'>κατασημαινούσης</span> <span class='ocrx_word' id='word_1_336' title='bbox 1603 2806 1663 2864; x_wconf 81' lang='grc' dir='ltr'>εὖ</span> <span class='ocrx_word' id='word_1_337' title='bbox 1713 2810 1859 2882; x_wconf 83' lang='grc' dir='ltr'>μάλα</span> 
     </span>
    </p>
   </div>
   <div class='ocr_carea' id='block_1_45' title="bbox 260 2903 1857 2979">
    <p class='ocr_par' dir='ltr' id='par_1_45' title="bbox 260 2903 1857 2979">
     <span class='ocr_line' id='line_1_45' title="bbox 260 2903 1857 2979; baseline -0.002 -19"><span class='ocrx_word' id='word_1_338' title='bbox 260 2905 367 2978; x_wconf 77' lang='grc' dir='ltr'>τὴν</span> <span class='ocrx_word' id='word_1_339' title='bbox 396 2905 705 2979; x_wconf 75' lang='grc' dir='ltr'>οἰκειότητα</span> <span class='ocrx_word' id='word_1_340' title='bbox 726 2905 825 2975; x_wconf 77' lang='grc' dir='ltr'>τὴν</span> <span class='ocrx_word' id='word_1_341' title='bbox 854 2904 1254 2976; x_wconf 79' lang='grc' dir='ltr'>πνευματικὴν,</span> <span class='ocrx_word' id='word_1_342' title='bbox 1286 2904 1382 2959; x_wconf 63' lang='grc' dir='ltr'><strong>καὶ</strong></span> <span class='ocrx_word' id='word_1_343' title='bbox 1412 2903 1476 2958; x_wconf 79' lang='grc' dir='ltr'>τὸ</span> <span class='ocrx_word' id='word_1_344' title='bbox 1510 2904 1727 2975; x_wconf 75' lang='grc' dir='ltr'>ἕτοιμον</span> <span class='ocrx_word' id='word_1_345' title='bbox 1756 2904 1857 2974; x_wconf 82' lang='grc' dir='ltr'>τῆς</span> 
     </span>
    </p>
   </div>
   <div class='ocr_carea' id='block_1_46' title="bbox 260 2994 1859 3067">
    <p class='ocr_par' dir='ltr' id='par_1_46' title="bbox 260 2994 1859 3067">
     <span class='ocr_line' id='line_1_46' title="bbox 260 2994 1859 3067; baseline -0.001 -17"><span class='ocrx_word' id='word_1_346' title='bbox 260 2995 498 3067; x_wconf 82' lang='grc' dir='ltr'>γνώμης</span> <span class='ocrx_word' id='word_1_347' title='bbox 522 2996 602 3060; x_wconf 81' lang='grc' dir='ltr'>εῐς</span> <span class='ocrx_word' id='word_1_348' title='bbox 633 3011 698 3063; x_wconf 86' lang='grc' dir='ltr'>γε</span> <span class='ocrx_word' id='word_1_349' title='bbox 725 2995 788 3048; x_wconf 85' lang='grc' dir='ltr'><strong>τδ</strong></span> <span class='ocrx_word' id='word_1_350' title='bbox 823 2994 934 3049; x_wconf 87' lang='grc' dir='ltr'>δεῖν</span> <span class='ocrx_word' id='word_1_351' title='bbox 970 2994 1289 3050; x_wconf 80' lang='grc' dir='ltr'>ὑποκεῖσθαι</span> <span class='ocrx_word' id='word_1_352' title='bbox 1335 3012 1397 3048; x_wconf 89' lang='grc' dir='ltr'><strong>τε</strong></span> <span class='ocrx_word' id='word_1_353' title='bbox 1439 2994 1534 3048; x_wconf 79' lang='grc' dir='ltr'>καὶ</span> <span class='ocrx_word' id='word_1_354' title='bbox 1562 2995 1859 3066; x_wconf 82' lang='grc' dir='ltr'>ὑπηρετεῖν</span> 
     </span>
    </p>
   </div>
   <div class='ocr_carea' id='block_1_47' title="bbox 260 3080 1861 3160">
    <p class='ocr_par' dir='ltr' id='par_1_47' title="bbox 260 3080 1861 3160">
     <span class='ocr_line' id='line_1_47' title="bbox 260 3080 1861 3160; baseline -0.001 -19"><span class='ocrx_word' id='word_1_355' title='bbox 260 3087 443 3159; x_wconf 81' lang='grc' dir='ltr'>αὐτῷ.</span> <span class='ocrx_word' id='word_1_356' title='bbox 464 3080 590 3140; x_wconf 81' lang='grc' dir='ltr'>Ὧδε</span> <span class='ocrx_word' id='word_1_357' title='bbox 642 3087 752 3158; x_wconf 82' lang='grc' dir='ltr'><strong>γὰρ</strong></span> <span class='ocrx_word' id='word_1_358' title='bbox 791 3086 861 3142; x_wconf 79' lang='grc' dir='ltr'><strong>ἀν</strong></span> <span class='ocrx_word' id='word_1_359' title='bbox 887 3088 1060 3141; x_wconf 86' lang='grc' dir='ltr'>νοοῖτο</span> <span class='ocrx_word' id='word_1_360' title='bbox 1089 3088 1322 3160; x_wconf 81' lang='grc' dir='ltr'>Χριστὸς</span> <span class='ocrx_word' id='word_1_361' title='bbox 1355 3087 1711 3159; x_wconf 84' lang='grc' dir='ltr'>παραστήσας</span> <span class='ocrx_word' id='word_1_362' title='bbox 1739 3088 1861 3140; x_wconf 85' lang='grc' dir='ltr'>ἐαυ-</span> 
     </span>
    </p>
   </div>
   <div class='ocr_carea' id='block_1_48' title="bbox 259 3179 1856 3254">
    <p class='ocr_par' dir='ltr' id='par_1_48' title="bbox 259 3179 1856 3254">
     <span class='ocr_line' id='line_1_48' title="bbox 259 3179 1856 3254; baseline -0.001 -18"><span class='ocrx_word' id='word_1_363' title='bbox 259 3181 348 3254; x_wconf 79' lang='grc' dir='ltr'>τῷ</span> <span class='ocrx_word' id='word_1_364' title='bbox 373 3182 476 3253; x_wconf 82' lang='grc' dir='ltr'>τὴν</span> <span class='ocrx_word' id='word_1_365' title='bbox 505 3180 853 3251; x_wconf 83' lang='grc' dir='ltr'>Ἐκκλησίαν,</span> <span class='ocrx_word' id='word_1_366' title='bbox 874 3179 974 3250; x_wconf 86' lang='grc' dir='ltr'>τὴν</span> <span class='ocrx_word' id='word_1_367' title='bbox 992 3180 1057 3234; x_wconf 89' lang='grc' dir='ltr'><strong>ἐκ</strong></span> <span class='ocrx_word' id='word_1_368' title='bbox 1076 3179 1168 3233; x_wconf 90' lang='grc' dir='ltr'><strong>δύο</strong></span> <span class='ocrx_word' id='word_1_369' title='bbox 1185 3179 1329 3233; x_wconf 90' lang='grc' dir='ltr'>λαῶν</span> <span class='ocrx_word' id='word_1_370' title='bbox 1354 3179 1856 3252; x_wconf 85' lang='grc' dir='ltr'>συναγηγερμένην.</span> 
     </span>
    </p>
   </div>
   <div class='ocr_carea' id='block_1_49' title="bbox 261 3263 1860 3338">
    <p class='ocr_par' dir='ltr' id='par_1_49' title="bbox 261 3263 1860 3338">
     <span class='ocr_line' id='line_1_49' title="bbox 261 3263 1860 3338; baseline 0 -17"><span class='ocrx_word' id='word_1_371' title='bbox 261 3266 432 3322; x_wconf 78' lang='grc' dir='ltr'>Κατά</span> <span class='ocrx_word' id='word_1_372' title='bbox 455 3265 666 3333; x_wconf 87' lang='grc' dir='ltr'>τοῦτον,</span> <span class='ocrx_word' id='word_1_373' title='bbox 688 3263 861 3338; x_wconf 71' lang='grc' dir='ltr'>οἶμαι,</span> <span class='ocrx_word' id='word_1_374' title='bbox 888 3267 980 3320; x_wconf 83' lang='grc' dir='ltr'>τὸν</span> <span class='ocrx_word' id='word_1_375' title='bbox 1004 3266 1205 3338; x_wconf 84' lang='grc' dir='ltr'>τρόπον</span> <span class='ocrx_word' id='word_1_376' title='bbox 1230 3266 1308 3337; x_wconf 82' lang='grc' dir='ltr'>τῷ</span> <span class='ocrx_word' id='word_1_377' title='bbox 1338 3266 1436 3337; x_wconf 80' lang='grc' dir='ltr'>τῆς</span> <span class='ocrx_word' id='word_1_378' title='bbox 1464 3269 1860 3338; x_wconf 87' lang='grc' dir='ltr'>παραστάσεως</span> 
     </span>
    </p>
   </div>
   <div class='ocr_carea' id='block_1_50' title="bbox 260 3358 1860 3431">
    <p class='ocr_par' dir='ltr' id='par_1_50' title="bbox 260 3358 1860 3431">
     <span class='ocr_line' id='line_1_50' title="bbox 260 3358 1860 3431; baseline -0.003 -17"><span class='ocrx_word' id='word_1_379' title='bbox 260 3361 500 3431; x_wconf 84' lang='grc' dir='ltr'>ὀνόματι</span> <span class='ocrx_word' id='word_1_380' title='bbox 532 3360 627 3413; x_wconf 72' lang='grc' dir='ltr'>καὶ</span> <span class='ocrx_word' id='word_1_381' title='bbox 648 3360 676 3414; x_wconf 84' lang='grc' dir='ltr'>ὁ</span> <span class='ocrx_word' id='word_1_382' title='bbox 700 3358 987 3424; x_wconf 84' lang='grc' dir='ltr'>θεσπέσιος</span> <span class='ocrx_word' id='word_1_383' title='bbox 1012 3359 1219 3430; x_wconf 86' lang='grc' dir='ltr'>Μωσῆς</span> <span class='ocrx_word' id='word_1_384' title='bbox 1248 3358 1699 3425; x_wconf 87' lang='grc' dir='ltr'>κατεκαλλύνετο,</span> <span class='ocrx_word' id='word_1_385' title='bbox 1724 3358 1860 3412; x_wconf 82' lang='grc' dir='ltr'>Θεοῦ</span> 
     </span>
    </p>
   </div>
   <div class='ocr_carea' id='block_1_51' title="bbox 261 3450 1858 3526">
    <p class='ocr_par' dir='ltr' id='par_1_51' title="bbox 261 3450 1858 3526">
     <span class='ocr_line' id='line_1_51' title="bbox 261 3450 1858 3526; baseline -0.003 -19"><span class='ocrx_word' id='word_1_386' title='bbox 261 3455 411 3526; x_wconf 82' lang='grc' dir='ltr'>πρὸς</span> <span class='ocrx_word' id='word_1_387' title='bbox 446 3454 608 3508; x_wconf 79' lang='grc' dir='ltr'>αὐτὸν</span> <span class='ocrx_word' id='word_1_388' title='bbox 634 3453 915 3525; x_wconf 77' lang='grc' dir='ltr'>εἰρηκότος</span> <span class='ocrx_word' id='word_1_389' title='bbox 935 3468 949 3482; x_wconf 73' lang='grc'><strong><em>⁸</em></strong></span> <span class='ocrx_word' id='word_1_390' title='bbox 975 3453 1048 3506; x_wconf 84' lang='grc' dir='ltr'><strong>Σὺ</strong></span> <span class='ocrx_word' id='word_1_391' title='bbox 1076 3452 1133 3505; x_wconf 87' lang='grc' dir='ltr'><strong>δέ</strong></span> <span class='ocrx_word' id='word_1_392' title='bbox 1164 3451 1326 3504; x_wconf 84' lang='grc' dir='ltr'>αὑτοῦ</span> <span class='ocrx_word' id='word_1_393' title='bbox 1358 3451 1517 3522; x_wconf 80' lang='grc' dir='ltr'>στῆθι</span> <span class='ocrx_word' id='word_1_394' title='bbox 1555 3452 1672 3522; x_wconf 82' lang='grc' dir='ltr'>μετ’</span> <span class='ocrx_word' id='word_1_395' title='bbox 1702 3450 1858 3520; x_wconf 78' lang='grc' dir='ltr'>ἐμοῦ.</span> 
     </span>
    </p>
   </div>
   <div class='ocr_carea' id='block_1_52' title="bbox 261 3542 1861 3617">
    <p class='ocr_par' dir='ltr' id='par_1_52' title="bbox 261 3542 1861 3617">
     <span class='ocr_line' id='line_1_52' title="bbox 261 3542 1861 3617; baseline -0.003 -17"><span class='ocrx_word' id='word_1_396' title='bbox 261 3548 342 3600; x_wconf 82' lang='grc' dir='ltr'>υύ</span> <span class='ocrx_word' id='word_1_397' title='bbox 377 3548 493 3616; x_wconf 78' lang='grc' dir='ltr'><strong>γὰρ</strong></span> <span class='ocrx_word' id='word_1_398' title='bbox 524 3546 831 3617; x_wconf 79' lang='grc' dir='ltr'>ἀπόδλητος</span> <span class='ocrx_word' id='word_1_399' title='bbox 861 3547 893 3615; x_wconf 79' lang='grc' dir='ltr'><strong>ὴ</strong></span> <span class='ocrx_word' id='word_1_400' title='bbox 930 3544 1019 3597; x_wconf 81' lang='grc' dir='ltr'>διὰ</span> <span class='ocrx_word' id='word_1_401' title='bbox 1064 3543 1229 3613; x_wconf 89' lang='grc' dir='ltr'>νόμου</span> <span class='ocrx_word' id='word_1_402' title='bbox 1284 3543 1563 3605; x_wconf 87' lang='grc' dir='ltr'>παίδευσις</span> <span class='ocrx_word' id='word_1_403' title='bbox 1605 3542 1757 3612; x_wconf 87' lang='grc' dir='ltr'><strong>παρά</strong></span> <span class='ocrx_word' id='word_1_404' title='bbox 1797 3558 1861 3610; x_wconf 85' lang='grc' dir='ltr'>γε</span> 
     </span>
    </p>
   </div>
   <div class='ocr_carea' id='block_1_53' title="bbox 1954 1983 3532 2057">
    <p class='ocr_par' dir='ltr' id='par_1_53' title="bbox 1954 1983 3532 2057">
     <span class='ocr_line' id='line_1_53' title="bbox 1954 1983 3532 2057; baseline -0.003 -14"><span class='ocrx_word' id='word_1_405' title='bbox 1954 1989 2058 2043; x_wconf 90' lang='lat' dir='ltr'><strong>hoc</strong></span> <span class='ocrx_word' id='word_1_406' title='bbox 2099 1998 2208 2050; x_wconf 90' lang='lat' dir='ltr'><strong>est,</strong></span> <span class='ocrx_word' id='word_1_407' title='bbox 2264 1998 2576 2043; x_wconf 89' lang='lat' dir='ltr'><strong>sanctorum</strong></span> <span class='ocrx_word' id='word_1_408' title='bbox 2619 1985 2982 2041; x_wconf 86' lang='lat' dir='ltr'><strong>multitudinis</strong></span> <span class='ocrx_word' id='word_1_409' title='bbox 3025 1993 3332 2040; x_wconf 85' lang='lat' dir='ltr'><strong>evaserunt.</strong></span> <span class='ocrx_word' id='word_1_410' title='bbox 3364 1983 3532 2057; x_wconf 59' lang='lat'><strong>695</strong></span> 
     </span>
    </p>
   </div>
   <div class='ocr_carea' id='block_1_54' title="bbox 1952 2077 3532 2149">
    <p class='ocr_par' dir='ltr' id='par_1_54' title="bbox 1952 2077 3532 2149">
     <span class='ocr_line' id='line_1_54' title="bbox 1952 2077 3532 2149; baseline -0.003 -14"><span class='ocrx_word' id='word_1_411' title='bbox 1952 2081 2343 2136; x_wconf 81' lang='lat' dir='ltr'><strong>Animadverte</strong></span> <span class='ocrx_word' id='word_1_412' title='bbox 2394 2082 2614 2149; x_wconf 81' lang='lat' dir='ltr'><strong>insuper</strong></span> <span class='ocrx_word' id='word_1_413' title='bbox 2661 2080 2933 2148; x_wconf 90' lang='lat' dir='ltr'><strong>quomodo</strong></span> <span class='ocrx_word' id='word_1_414' title='bbox 2982 2092 3140 2133; x_wconf 88' lang='lat' dir='ltr'><strong>sacer</strong></span> <span class='ocrx_word' id='word_1_415' title='bbox 3194 2077 3420 2148; x_wconf 91' lang='lat' dir='ltr'><strong>angelus</strong></span> <span class='ocrx_word' id='word_1_416' title='bbox 3463 2078 3532 2131; x_wconf 86' lang='lat' dir='ltr'><strong>ad</strong></span> 
     </span>
    </p>
   </div>
   <div class='ocr_carea' id='block_1_55' title="bbox 1955 2164 3530 2240">
    <p class='ocr_par' dir='ltr' id='par_1_55' title="bbox 1955 2164 3530 2240">
     <span class='ocr_line' id='line_1_55' title="bbox 1955 2164 3530 2240; baseline -0.003 -15"><span class='ocrx_word' id='word_1_417' title='bbox 1955 2170 2249 2240; x_wconf 80' lang='lat' dir='ltr'><strong>imaginem</strong></span> <span class='ocrx_word' id='word_1_418' title='bbox 2294 2176 2351 2224; x_wconf 91' lang='lat' dir='ltr'><strong>et</strong></span> <span class='ocrx_word' id='word_1_419' title='bbox 2370 2168 2791 2239; x_wconf 79' lang='lat' dir='ltr'><strong>descriptionem</strong></span> <span class='ocrx_word' id='word_1_420' title='bbox 2816 2165 3191 2222; x_wconf 84' lang='lat' dir='ltr'><strong>Emmanuelis</strong></span> <span class='ocrx_word' id='word_1_421' title='bbox 3224 2164 3530 2237; x_wconf 88' lang='lat' dir='ltr'><strong>lampadem</strong></span> 
     </span>
    </p>
   </div>
   <div class='ocr_carea' id='block_1_56' title="bbox 1957 2254 3532 2325">
    <p class='ocr_par' dir='ltr' id='par_1_56' title="bbox 1957 2254 3532 2325">
     <span class='ocr_line' id='line_1_56' title="bbox 1957 2254 3532 2325; baseline -0.002 -13"><span class='ocrx_word' id='word_1_422' title='bbox 1957 2266 2222 2314; x_wconf 88' lang='lat' dir='ltr'><strong>assumat.</strong></span> <span class='ocrx_word' id='word_1_423' title='bbox 2262 2256 2461 2313; x_wconf 87' lang='lat' dir='ltr'><strong>Positis</strong></span> <span class='ocrx_word' id='word_1_424' title='bbox 2499 2258 2643 2311; x_wconf 89' lang='lat' dir='ltr'><strong>enim</strong></span> <span class='ocrx_word' id='word_1_425' title='bbox 2686 2257 2854 2311; x_wconf 91' lang='lat' dir='ltr'><strong>ramis</strong></span> <span class='ocrx_word' id='word_1_426' title='bbox 2891 2270 2922 2309; x_wconf 90' lang='lat' dir='ltr'><strong>a</strong></span> <span class='ocrx_word' id='word_1_427' title='bbox 2962 2256 3168 2310; x_wconf 86' lang='lat' dir='ltr'><strong>dextris</strong></span> <span class='ocrx_word' id='word_1_428' title='bbox 3204 2254 3322 2325; x_wconf 83' lang='lat' dir='ltr'><strong>ejus</strong></span> <span class='ocrx_word' id='word_1_429' title='bbox 3365 2264 3421 2309; x_wconf 90' lang='lat' dir='ltr'><strong>et</strong></span> <span class='ocrx_word' id='word_1_430' title='bbox 3453 2254 3532 2309; x_wconf 90' lang='lat' dir='ltr'><strong>si-</strong></span> 
     </span>
    </p>
   </div>
   <div class='ocr_carea' id='block_1_57' title="bbox 1960 2346 3533 2420">
    <p class='ocr_par' dir='ltr' id='par_1_57' title="bbox 1960 2346 3533 2420">
     <span class='ocr_line' id='line_1_57' title="bbox 1960 2346 3533 2420; baseline -0.004 -15"><span class='ocrx_word' id='word_1_431' title='bbox 1960 2351 2147 2406; x_wconf 83' lang='lat' dir='ltr'><strong>nistris</strong></span> <span class='ocrx_word' id='word_1_432' title='bbox 2173 2349 2334 2420; x_wconf 90' lang='lat' dir='ltr'><strong>(quos</strong></span> <span class='ocrx_word' id='word_1_433' title='bbox 2374 2357 2430 2403; x_wconf 92' lang='lat' dir='ltr'><strong>et</strong></span> <span class='ocrx_word' id='word_1_434' title='bbox 2476 2349 2612 2404; x_wconf 89' lang='lat' dir='ltr'><strong>duos</strong></span> <span class='ocrx_word' id='word_1_435' title='bbox 2657 2349 2798 2403; x_wconf 83' lang='lat' dir='ltr'><strong>filios</strong></span> <span class='ocrx_word' id='word_1_436' title='bbox 2847 2346 3193 2417; x_wconf 88' lang='lat' dir='ltr'><strong>pinguedinis</strong></span> <span class='ocrx_word' id='word_1_437' title='bbox 3237 2346 3533 2416; x_wconf 91' lang='lat' dir='ltr'><strong>nominat),</strong></span> 
     </span>
    </p>
   </div>
   <div class='ocr_carea' id='block_1_58' title="bbox 1960 2437 3536 2505">
    <p class='ocr_par' dir='ltr' id='par_1_58' title="bbox 1960 2437 3536 2505">
     <span class='ocr_line' id='line_1_58' title="bbox 1960 2437 3536 2505; baseline -0.002 -11"><span class='ocrx_word' id='word_1_438' title='bbox 1960 2450 2139 2497; x_wconf 87' lang='lat' dir='ltr'><strong>astare</strong></span> <span class='ocrx_word' id='word_1_439' title='bbox 2158 2441 2278 2495; x_wconf 86' lang='lat' dir='ltr'><strong>illos</strong></span> <span class='ocrx_word' id='word_1_440' title='bbox 2305 2440 2437 2496; x_wconf 89' lang='lat' dir='ltr'><strong>dicit</strong></span> <span class='ocrx_word' id='word_1_441' title='bbox 2473 2440 2699 2495; x_wconf 89' lang='lat' dir='ltr'><strong>Domino</strong></span> <span class='ocrx_word' id='word_1_442' title='bbox 2729 2440 2997 2494; x_wconf 84' lang='lat' dir='ltr'><strong>universae</strong></span> <span class='ocrx_word' id='word_1_443' title='bbox 3022 2447 3200 2505; x_wconf 71' lang='lat' dir='ltr'><strong>terrae,</strong></span> <span class='ocrx_word' id='word_1_444' title='bbox 3223 2437 3536 2493; x_wconf 87' lang='lat' dir='ltr'><strong>assistentia</strong></span> 
     </span>
    </p>
   </div>
   <div class='ocr_carea' id='block_1_59' title="bbox 1962 2520 3533 2599">
    <p class='ocr_par' dir='ltr' id='par_1_59' title="bbox 1962 2520 3533 2599">
     <span class='ocr_line' id='line_1_59' title="bbox 1962 2520 3533 2599; baseline -0.003 -13"><span class='ocrx_word' id='word_1_445' title='bbox 1962 2533 2062 2586; x_wconf 90' lang='lat' dir='ltr'><strong>hoc</strong></span> <span class='ocrx_word' id='word_1_446' title='bbox 2104 2532 2223 2587; x_wconf 92' lang='lat' dir='ltr'><strong>loco</strong></span> <span class='ocrx_word' id='word_1_447' title='bbox 2279 2520 2708 2586; x_wconf 82' lang='lat' dir='ltr'><strong>familiaritatem</strong></span> <span class='ocrx_word' id='word_1_448' title='bbox 2762 2538 2818 2585; x_wconf 89' lang='lat' dir='ltr'><strong>et</strong></span> <span class='ocrx_word' id='word_1_449' title='bbox 2859 2537 3160 2599; x_wconf 86' lang='lat' dir='ltr'><strong>promptam</strong></span> <span class='ocrx_word' id='word_1_450' title='bbox 3200 2528 3533 2584; x_wconf 89' lang='lat' dir='ltr'><strong>voluntatem</strong></span> 
     </span>
    </p>
   </div>
   <div class='ocr_carea' id='block_1_60' title="bbox 1960 2620 3535 2693">
    <p class='ocr_par' dir='ltr' id='par_1_60' title="bbox 1960 2620 3535 2693">
     <span class='ocr_line' id='line_1_60' title="bbox 1960 2620 3535 2693; baseline -0.003 -15"><span class='ocrx_word' id='word_1_451' title='bbox 1960 2623 2029 2678; x_wconf 87' lang='lat' dir='ltr'><strong>ad</strong></span> <span class='ocrx_word' id='word_1_452' title='bbox 2094 2624 2146 2679; x_wconf 92' lang='lat' dir='ltr'><strong>ei</strong></span> <span class='ocrx_word' id='word_1_453' title='bbox 2193 2624 2682 2693; x_wconf 90' lang='lat' dir='ltr'><strong>obtemperandum</strong></span> <span class='ocrx_word' id='word_1_454' title='bbox 2741 2622 3272 2690; x_wconf 82' lang='lat' dir='ltr'><strong>ministrandumque</strong></span> <span class='ocrx_word' id='word_1_455' title='bbox 3323 2620 3535 2691; x_wconf 84' lang='lat' dir='ltr'><strong>signifi-</strong></span> 
     </span>
    </p>
   </div>
   <div class='ocr_carea' id='block_1_61' title="bbox 1958 2710 3534 2784">
    <p class='ocr_par' dir='ltr' id='par_1_61' title="bbox 1958 2710 3534 2784">
     <span class='ocr_line' id='line_1_61' title="bbox 1958 2710 3534 2784; baseline -0.003 -14"><span class='ocrx_word' id='word_1_456' title='bbox 1958 2723 2140 2771; x_wconf 92' lang='lat' dir='ltr'><strong>cante.</strong></span> <span class='ocrx_word' id='word_1_457' title='bbox 2176 2714 2269 2770; x_wconf 90' lang='lat' dir='ltr'><strong>Sic</strong></span> <span class='ocrx_word' id='word_1_458' title='bbox 2290 2714 2436 2769; x_wconf 90' lang='lat' dir='ltr'><strong>enim</strong></span> <span class='ocrx_word' id='word_1_459' title='bbox 2462 2723 2644 2784; x_wconf 89' lang='lat' dir='ltr'><strong>potest</strong></span> <span class='ocrx_word' id='word_1_460' title='bbox 2674 2713 2903 2783; x_wconf 86' lang='lat' dir='ltr'><strong>intelligi</strong></span> <span class='ocrx_word' id='word_1_461' title='bbox 2930 2712 3184 2767; x_wconf 89' lang='lat' dir='ltr'><strong>Christus</strong></span> <span class='ocrx_word' id='word_1_462' title='bbox 3205 2710 3404 2767; x_wconf 87' lang='lat' dir='ltr'><strong>fecisse</strong></span> <span class='ocrx_word' id='word_1_463' title='bbox 3428 2712 3534 2767; x_wconf 83' lang='lat' dir='ltr'><strong>sibi</strong></span> 
     </span>
    </p>
   </div>
   <div class='ocr_carea' id='block_1_62' title="bbox 1959 2801 3533 2874">
    <p class='ocr_par' dir='ltr' id='par_1_62' title="bbox 1959 2801 3533 2874">
     <span class='ocr_line' id='line_1_62' title="bbox 1959 2801 3533 2874; baseline -0.004 -13"><span class='ocrx_word' id='word_1_464' title='bbox 1959 2814 2143 2864; x_wconf 88' lang='lat' dir='ltr'><strong>astare</strong></span> <span class='ocrx_word' id='word_1_465' title='bbox 2176 2806 2476 2863; x_wconf 84' lang='lat' dir='ltr'><strong>Ecclesiam</strong></span> <span class='ocrx_word' id='word_1_466' title='bbox 2525 2820 2596 2861; x_wconf 89' lang='lat' dir='ltr'><strong>ex</strong></span> <span class='ocrx_word' id='word_1_467' title='bbox 2630 2804 2844 2860; x_wconf 91' lang='lat' dir='ltr'><strong>duobus</strong></span> <span class='ocrx_word' id='word_1_468' title='bbox 2877 2801 3090 2874; x_wconf 90' lang='lat' dir='ltr'><strong>populis</strong></span> <span class='ocrx_word' id='word_1_469' title='bbox 3126 2811 3533 2873; x_wconf 82' lang='lat' dir='ltr'><strong>congregatant.</strong></span> 
     </span>
    </p>
   </div>
   <div class='ocr_carea' id='block_1_63' title="bbox 1963 2894 3542 2971">
    <p class='ocr_par' dir='ltr' id='par_1_63' title="bbox 1963 2894 3542 2971">
     <span class='ocr_line' id='line_1_63' title="bbox 1963 2894 3542 2971; baseline -0.004 -15"><span class='ocrx_word' id='word_1_470' title='bbox 1963 2901 2074 2959; x_wconf 84' lang='lat' dir='ltr'><strong>Hoc</strong></span> <span class='ocrx_word' id='word_1_471' title='bbox 2090 2902 2271 2967; x_wconf 88' lang='lat' dir='ltr'><strong>modo,</strong></span> <span class='ocrx_word' id='word_1_472' title='bbox 2288 2900 2504 2971; x_wconf 87' lang='lat' dir='ltr'><strong>opinor,</strong></span> <span class='ocrx_word' id='word_1_473' title='bbox 2525 2897 2747 2955; x_wconf 90' lang='lat' dir='ltr'><strong>nomine</strong></span> <span class='ocrx_word' id='word_1_474' title='bbox 2767 2896 3096 2952; x_wconf 73' lang='lat' dir='ltr'><strong>assistentia:</strong></span> <span class='ocrx_word' id='word_1_475' title='bbox 3126 2896 3301 2965; x_wconf 67' lang='lat' dir='ltr'><strong>etiam,”</strong></span> <span class='ocrx_word' id='word_1_476' title='bbox 3325 2894 3542 2950; x_wconf 86' lang='lat' dir='ltr'><strong>divinus</strong></span> 
     </span>
    </p>
   </div>
   <div class='ocr_carea' id='block_1_64' title="bbox 1960 2988 3536 3059">
    <p class='ocr_par' dir='ltr' id='par_1_64' title="bbox 1960 2988 3536 3059">
     <span class='ocr_line' id='line_1_64' title="bbox 1960 2988 3536 3059; baseline -0.006 -9"><span class='ocrx_word' id='word_1_477' title='bbox 1960 2994 2137 3050; x_wconf 75' lang='lat' dir='ltr'><strong>Moses</strong></span> <span class='ocrx_word' id='word_1_478' title='bbox 2180 3002 2404 3049; x_wconf 90' lang='lat' dir='ltr'><strong>ornatus</strong></span> <span class='ocrx_word' id='word_1_479' title='bbox 2438 3000 2544 3057; x_wconf 88' lang='lat' dir='ltr'><strong>est,</strong></span> <span class='ocrx_word' id='word_1_480' title='bbox 2577 3005 2699 3046; x_wconf 91' lang='lat' dir='ltr'><strong>cum</strong></span> <span class='ocrx_word' id='word_1_481' title='bbox 2743 2988 2887 3044; x_wconf 87' lang='lat' dir='ltr'><strong>Deus</strong></span> <span class='ocrx_word' id='word_1_482' title='bbox 2915 2988 2982 3045; x_wconf 91' lang='lat' dir='ltr'><strong>ad</strong></span> <span class='ocrx_word' id='word_1_483' title='bbox 3009 3003 3133 3044; x_wconf 85' lang='lat' dir='ltr'><strong>eum</strong></span> <span class='ocrx_word' id='word_1_484' title='bbox 3168 2988 3481 3059; x_wconf 80' lang='lat' dir='ltr'><strong>loqueretur</strong></span> <span class='ocrx_word' id='word_1_485' title='bbox 3520 3005 3536 3041; x_wconf 88' lang='lat'><strong>:</strong></span> 
     </span>
    </p>
   </div>
   <div class='ocr_carea' id='block_1_65' title="bbox 1967 3079 3541 3150">
    <p class='ocr_par' dir='ltr' id='par_1_65' title="bbox 1967 3079 3541 3150">
     <span class='ocr_line' id='line_1_65' title="bbox 1967 3079 3541 3150; baseline -0.004 -12"><span class='ocrx_word' id='word_1_486' title='bbox 1967 3104 1987 3138; x_wconf 76' lang='grc' dir='ltr'><strong>ι</strong></span> <span class='ocrx_word' id='word_1_487' title='bbox 2006 3084 2086 3140; x_wconf 85' lang='lat' dir='ltr'><strong>Tu</strong></span> <span class='ocrx_word' id='word_1_488' title='bbox 2102 3099 2229 3140; x_wconf 85' lang='lat' dir='ltr'><strong>vero</strong></span> <span class='ocrx_word' id='word_1_489' title='bbox 2240 3093 2320 3139; x_wconf 89' lang='lat' dir='ltr'><strong>sta</strong></span> <span class='ocrx_word' id='word_1_490' title='bbox 2337 3082 2451 3138; x_wconf 92' lang='lat' dir='ltr'><strong>illic</strong></span> <span class='ocrx_word' id='word_1_491' title='bbox 2468 3096 2677 3138; x_wconf 90' lang='lat' dir='ltr'><strong>mecum</strong></span> <span class='ocrx_word' id='word_1_492' title='bbox 2693 3080 2760 3135; x_wconf 78' lang='grc'><strong>⁸⁸.</strong></span> <span class='ocrx_word' id='word_1_493' title='bbox 2785 3099 2804 3133; x_wconf 76' lang='grc' dir='ltr'><strong>ι</strong></span> <span class='ocrx_word' id='word_1_494' title='bbox 2824 3079 2939 3135; x_wconf 89' lang='lat' dir='ltr'><strong>Non</strong></span> <span class='ocrx_word' id='word_1_495' title='bbox 2964 3081 3108 3135; x_wconf 91' lang='lat' dir='ltr'><strong>enim</strong></span> <span class='ocrx_word' id='word_1_496' title='bbox 3131 3079 3357 3150; x_wconf 88' lang='lat' dir='ltr'><strong>legalem</strong></span> <span class='ocrx_word' id='word_1_497' title='bbox 3379 3080 3541 3135; x_wconf 83' lang='lat' dir='ltr'><strong>insti-</strong></span> 
     </span>
    </p>
   </div>
   <div class='ocr_carea' id='block_1_66' title="bbox 1966 3171 3543 3241">
    <p class='ocr_par' dir='ltr' id='par_1_66' title="bbox 1966 3171 3543 3241">
     <span class='ocr_line' id='line_1_66' title="bbox 1966 3171 3543 3241; baseline -0.004 -10"><span class='ocrx_word' id='word_1_498' title='bbox 1966 3178 2229 3233; x_wconf 90' lang='lat' dir='ltr'><strong>tutionem</strong></span> <span class='ocrx_word' id='word_1_499' title='bbox 2256 3175 2397 3231; x_wconf 88' lang='lat' dir='ltr'><strong>Deus</strong></span> <span class='ocrx_word' id='word_1_500' title='bbox 2423 3176 2604 3231; x_wconf 90' lang='lat' dir='ltr'><strong>omnia</strong></span> <span class='ocrx_word' id='word_1_501' title='bbox 2637 3174 2822 3230; x_wconf 87' lang='lat' dir='ltr'><strong>sciens</strong></span> <span class='ocrx_word' id='word_1_502' title='bbox 2847 3171 3053 3241; x_wconf 85' lang='lat' dir='ltr'><strong>abjicit.</strong></span> <span class='ocrx_word' id='word_1_503' title='bbox 3081 3172 3255 3239; x_wconf 89' lang='lat' dir='ltr'><strong>Quam</strong></span> <span class='ocrx_word' id='word_1_504' title='bbox 3297 3172 3368 3226; x_wconf 90' lang='lat' dir='ltr'><strong>ob</strong></span> <span class='ocrx_word' id='word_1_505' title='bbox 3395 3186 3543 3227; x_wconf 85' lang='lat' dir='ltr'><strong>cau-</strong></span> 
     </span>
    </p>
   </div>
   <div class='ocr_carea' id='block_1_67' title="bbox 1964 3262 3544 3338">
    <p class='ocr_par' dir='ltr' id='par_1_67' title="bbox 1964 3262 3544 3338">
     <span class='ocr_line' id='line_1_67' title="bbox 1964 3262 3544 3338; baseline -0.006 -14"><span class='ocrx_word' id='word_1_506' title='bbox 1964 3270 2119 3324; x_wconf 81' lang='lat' dir='ltr'><strong>sam?</strong></span> <span class='ocrx_word' id='word_1_507' title='bbox 2147 3268 2284 3336; x_wconf 87' lang='lat' dir='ltr'><strong>Quia</strong></span> <span class='ocrx_word' id='word_1_508' title='bbox 2330 3275 2417 3323; x_wconf 86' lang='lat' dir='ltr'><strong>est</strong></span> <span class='ocrx_word' id='word_1_509' title='bbox 2464 3270 2784 3338; x_wconf 73' lang='lat' dir='ltr'><strong>paedagogus</strong></span> <span class='ocrx_word' id='word_1_510' title='bbox 2826 3265 2893 3319; x_wconf 92' lang='lat' dir='ltr'><strong>ad</strong></span> <span class='ocrx_word' id='word_1_511' title='bbox 2930 3264 3205 3320; x_wconf 69' lang='lat' dir='ltr'><strong>Christum</strong></span> <span class='ocrx_word' id='word_1_512' title='bbox 3232 3262 3301 3326; x_wconf 77' lang='lat'><strong>&quot;,</strong></span> <span class='ocrx_word' id='word_1_513' title='bbox 3333 3272 3388 3316; x_wconf 88' lang='lat' dir='ltr'><strong>et</strong></span> <span class='ocrx_word' id='word_1_514' title='bbox 3422 3272 3544 3315; x_wconf 85' lang='lat' dir='ltr'><strong>tan-</strong></span> 
     </span>
    </p>
   </div>
   <div class='ocr_carea' id='block_1_68' title="bbox 1963 3354 3541 3431">
    <p class='ocr_par' dir='ltr' id='par_1_68' title="bbox 1963 3354 3541 3431">
     <span class='ocr_line' id='line_1_68' title="bbox 1963 3354 3541 3431; baseline -0.005 -19"><span class='ocrx_word' id='word_1_515' title='bbox 1963 3376 2125 3431; x_wconf 88' lang='lat' dir='ltr'><strong>quam</strong></span> <span class='ocrx_word' id='word_1_516' title='bbox 2176 3361 2227 3413; x_wconf 92' lang='lat' dir='ltr'><strong>in</strong></span> <span class='ocrx_word' id='word_1_517' title='bbox 2274 3359 2419 3430; x_wconf 86' lang='lat' dir='ltr'><strong>typis</strong></span> <span class='ocrx_word' id='word_1_518' title='bbox 2468 3367 2525 3413; x_wconf 88' lang='lat' dir='ltr'><strong>et</strong></span> <span class='ocrx_word' id='word_1_519' title='bbox 2573 3357 2786 3413; x_wconf 79' lang='lat' dir='ltr'><strong>umoris</strong></span> <span class='ocrx_word' id='word_1_520' title='bbox 2837 3358 3008 3426; x_wconf 89' lang='lat' dir='ltr'><strong>ipsam</strong></span> <span class='ocrx_word' id='word_1_521' title='bbox 3058 3355 3216 3409; x_wconf 88' lang='lat' dir='ltr'><strong>nobis</strong></span> <span class='ocrx_word' id='word_1_522' title='bbox 3256 3354 3541 3408; x_wconf 81' lang='lat' dir='ltr'><strong>veritatem</strong></span> 
     </span>
    </p>
   </div>
   <div class='ocr_carea' id='block_1_69' title="bbox 1966 3444 3543 3519">
    <p class='ocr_par' dir='ltr' id='par_1_69' title="bbox 1966 3444 3543 3519">
     <span class='ocr_line' id='line_1_69' title="bbox 1966 3444 3543 3519; baseline -0.004 -15"><span class='ocrx_word' id='word_1_523' title='bbox 1966 3451 2218 3519; x_wconf 77' lang='lat' dir='ltr'><strong>parturit.</strong></span> <span class='ocrx_word' id='word_1_524' title='bbox 2270 3450 2448 3505; x_wconf 85' lang='lat' dir='ltr'><strong>Testis</strong></span> <span class='ocrx_word' id='word_1_525' title='bbox 2491 3448 2743 3505; x_wconf 86' lang='lat' dir='ltr'><strong>Christus</strong></span> <span class='ocrx_word' id='word_1_526' title='bbox 2786 3449 2924 3519; x_wconf 83' lang='lat' dir='ltr'><strong>ipse,</strong></span> <span class='ocrx_word' id='word_1_527' title='bbox 2964 3447 3044 3502; x_wconf 89' lang='lat' dir='ltr'><strong>sic</strong></span> <span class='ocrx_word' id='word_1_528' title='bbox 3085 3444 3298 3500; x_wconf 83' lang='lat' dir='ltr'><strong>all‘ando</strong></span> <span class='ocrx_word' id='word_1_529' title='bbox 3327 3444 3543 3499; x_wconf 60' lang='grc' dir='ltr'>δυόωσι</span> 
     </span>
    </p>
   </div>
   <div class='ocr_carea' id='block_1_70' title="bbox 1967 3536 3536 3606">
    <p class='ocr_par' dir='ltr' id='par_1_70' title="bbox 1967 3536 3536 3606">
     <span class='ocr_line' id='line_1_70' title="bbox 1967 3536 3536 3606; baseline -0.005 -10"><span class='ocrx_word' id='word_1_530' title='bbox 1967 3542 2299 3606; x_wconf 87' lang='lat' dir='ltr'><strong>incredulos,</strong></span> <span class='ocrx_word' id='word_1_531' title='bbox 2355 3560 2374 3592; x_wconf 76' lang='grc' dir='ltr'><strong>ι</strong></span> <span class='ocrx_word' id='word_1_532' title='bbox 2413 3540 2470 3597; x_wconf 89' lang='lat' dir='ltr'><strong>Si</strong></span> <span class='ocrx_word' id='word_1_533' title='bbox 2509 3540 2808 3596; x_wconf 85' lang='lat' dir='ltr'><strong>crederetis</strong></span> <span class='ocrx_word' id='word_1_534' title='bbox 2856 3538 3013 3602; x_wconf 82' lang='lat' dir='ltr'><strong>Mosi,</strong></span> <span class='ocrx_word' id='word_1_535' title='bbox 3055 3537 3239 3605; x_wconf 86' lang='lat' dir='ltr'><strong>utique</strong></span> <span class='ocrx_word' id='word_1_536' title='bbox 3277 3536 3536 3590; x_wconf 82' lang='lat' dir='ltr'><strong>credere-</strong></span> 
     </span>
    </p>
   </div>
   <div class='ocr_carea' id='block_1_71' title="bbox 258 3628 1855 3709">
    <p class='ocr_par' dir='ltr' id='par_1_71' title="bbox 258 3633 1855 3709">
     <span class='ocr_line' id='line_1_71' title="bbox 258 3633 1855 3709; baseline -0.003 -18"><span class='ocrx_word' id='word_1_537' title='bbox 258 3639 343 3709; x_wconf 83' lang='grc' dir='ltr'>τῷ</span> <span class='ocrx_word' id='word_1_538' title='bbox 382 3641 567 3693; x_wconf 86' lang='grc' dir='ltr'>πάντα</span> <span class='ocrx_word' id='word_1_539' title='bbox 596 3637 757 3689; x_wconf 74' lang='grc' dir='ltr'>εἰδότι</span> <span class='ocrx_word' id='word_1_540' title='bbox 785 3635 922 3705; x_wconf 82' lang='grc' dir='ltr'>Θεῷ.</span> <span class='ocrx_word' id='word_1_541' title='bbox 958 3634 1056 3687; x_wconf 89' lang='grc' dir='ltr'>Διά</span> <span class='ocrx_word' id='word_1_542' title='bbox 1092 3634 1251 3687; x_wconf 88' lang='grc' dir='ltr'>ποίαν</span> <span class='ocrx_word' id='word_1_543' title='bbox 1279 3634 1486 3697; x_wconf 75' lang='grc' dir='ltr'>αἰτίαν;</span> <span class='ocrx_word' id='word_1_544' title='bbox 1522 3633 1855 3702; x_wconf 78' lang='grc' dir='ltr'>Παιδαγωγεῑ</span> 
     </span>
    </p>
   </div>
   <div class='ocr_carea' id='block_1_72' title="bbox 1958 3628 3253 3709">
    <p class='ocr_par' dir='ltr' id='par_1_72' title="bbox 1968 3628 3253 3697">
     <span class='ocr_line' id='line_1_72' title="bbox 1968 3628 3253 3697; baseline -0.005 -10"><span class='ocrx_word' id='word_1_545' title='bbox 1968 3637 2037 3690; x_wconf 83' lang='lat' dir='ltr'><strong>tis</strong></span> <span class='ocrx_word' id='word_1_546' title='bbox 2061 3642 2117 3690; x_wconf 93' lang='lat' dir='ltr'><strong>et</strong></span> <span class='ocrx_word' id='word_1_547' title='bbox 2149 3634 2319 3695; x_wconf 84' lang='lat' dir='ltr'><strong>mihi;</strong></span> <span class='ocrx_word' id='word_1_548' title='bbox 2350 3634 2415 3688; x_wconf 91' lang='lat' dir='ltr'><strong>de</strong></span> <span class='ocrx_word' id='word_1_549' title='bbox 2456 3646 2542 3687; x_wconf 90' lang='lat' dir='ltr'><strong>me</strong></span> <span class='ocrx_word' id='word_1_550' title='bbox 2572 3632 2717 3686; x_wconf 92' lang='lat' dir='ltr'><strong>enim</strong></span> <span class='ocrx_word' id='word_1_551' title='bbox 2755 3630 2845 3686; x_wconf 91' lang='lat' dir='ltr'><strong>ille</strong></span> <span class='ocrx_word' id='word_1_552' title='bbox 2880 3630 3103 3697; x_wconf 84' lang='lat' dir='ltr'><strong>scripsit</strong></span> <span class='ocrx_word' id='word_1_553' title='bbox 3127 3628 3195 3683; x_wconf 70' lang='grc' dir='ltr'><strong>θ’.</strong></span> <span class='ocrx_word' id='word_1_554' title='bbox 3234 3645 3253 3680; x_wconf 75' lang='grc' dir='ltr'><strong>ι</strong></span> 
     </span>
    </p>
   </div>
   <div class='ocr_carea' id='block_1_73' title="bbox 262 3716 3546 3801">
    <p class='ocr_par' dir='ltr' id='par_1_73' title="bbox 262 3716 3546 3801">
     <span class='ocr_line' id='line_1_73' title="bbox 262 3716 3546 3801; baseline -0.003 -18"><span class='ocrx_word' id='word_1_555' title='bbox 262 3732 382 3801; x_wconf 74' lang='grc' dir='ltr'><strong>γὰρ</strong></span> <span class='ocrx_word' id='word_1_556' title='bbox 412 3732 497 3792; x_wconf 83' lang='grc' dir='ltr'><strong>εἰς</strong></span> <span class='ocrx_word' id='word_1_557' title='bbox 524 3729 756 3799; x_wconf 82' lang='grc' dir='ltr'>Χριστὸν</span> <span class='ocrx_word' id='word_1_558' title='bbox 782 3728 875 3781; x_wconf 68' lang='grc' dir='ltr'>καὶ</span> <span class='ocrx_word' id='word_1_559' title='bbox 902 3727 977 3789; x_wconf 85' lang='grc' dir='ltr'>ὡς</span> <span class='ocrx_word' id='word_1_560' title='bbox 1006 3729 1063 3779; x_wconf 86' lang='grc' dir='ltr'><strong>ἐν</strong></span> <span class='ocrx_word' id='word_1_561' title='bbox 1096 3727 1283 3789; x_wconf 81' lang='grc' dir='ltr'>τύποις</span> <span class='ocrx_word' id='word_1_562' title='bbox 1332 3726 1426 3779; x_wconf 74' lang='grc' dir='ltr'>καὶ</span> <span class='ocrx_word' id='word_1_563' title='bbox 1457 3730 1636 3789; x_wconf 86' lang='grc' dir='ltr'>σκιαῖς</span> <span class='ocrx_word' id='word_1_564' title='bbox 1664 3726 1830 3796; x_wconf 78' lang='grc' dir='ltr'>αὐτὴν</span> <span class='ocrx_word' id='word_1_565' title='bbox 1866 3728 1995 3797; x_wconf 81' lang='grc' dir='ltr'>ἡμῖν</span> <span class='ocrx_word' id='word_1_566' title='bbox 2034 3725 2212 3781; x_wconf 84' lang='grc' dir='ltr'>ὠδίνει</span> <span class='ocrx_word' id='word_1_567' title='bbox 2278 3725 2378 3797; x_wconf 80' lang='grc' dir='ltr'>τὴν</span> <span class='ocrx_word' id='word_1_568' title='bbox 2412 3725 2687 3795; x_wconf 82' lang='grc' dir='ltr'>ἀλήθειαν,</span> <span class='ocrx_word' id='word_1_569' title='bbox 2729 3723 2826 3777; x_wconf 73' lang='grc' dir='ltr'>καὶ</span> <span class='ocrx_word' id='word_1_570' title='bbox 2861 3721 3019 3776; x_wconf 91' lang='grc' dir='ltr'>τοῦτο</span> <span class='ocrx_word' id='word_1_571' title='bbox 3064 3722 3211 3792; x_wconf 79' lang='grc' dir='ltr'>ἡμᾶς</span> <span class='ocrx_word' id='word_1_572' title='bbox 3274 3716 3546 3773; x_wconf 81' lang='grc' dir='ltr'>πιστώσε-</span> 
     </span>
    </p>
   </div>
   <div class='ocr_carea' id='block_1_74' title="bbox 260 3812 3541 3888">
    <p class='ocr_par' dir='ltr' id='par_1_74' title="bbox 260 3812 3541 3888">
     <span class='ocr_line' id='line_1_74' title="bbox 260 3812 3541 3888; baseline -0.003 -15"><span class='ocrx_word' id='word_1_573' title='bbox 260 3838 360 3874; x_wconf 87' lang='grc' dir='ltr'><strong>ται</strong></span> <span class='ocrx_word' id='word_1_574' title='bbox 391 3816 572 3887; x_wconf 83' lang='grc' dir='ltr'>λέγων</span> <span class='ocrx_word' id='word_1_575' title='bbox 598 3817 758 3880; x_wconf 80' lang='grc' dir='ltr'>αὐτὸς</span> <span class='ocrx_word' id='word_1_576' title='bbox 785 3818 813 3869; x_wconf 86' lang='grc' dir='ltr'>ὁ</span> <span class='ocrx_word' id='word_1_577' title='bbox 850 3817 1085 3888; x_wconf 84' lang='grc' dir='ltr'>Χριστὸς</span> <span class='ocrx_word' id='word_1_578' title='bbox 1120 3817 1253 3887; x_wconf 80' lang='grc' dir='ltr'>πρὸς</span> <span class='ocrx_word' id='word_1_579' title='bbox 1285 3818 1408 3880; x_wconf 74' lang='grc' dir='ltr'>τοὺς</span> <span class='ocrx_word' id='word_1_580' title='bbox 1453 3817 1815 3879; x_wconf 83' lang='grc' dir='ltr'>ἀπιστοῦντας</span> <span class='ocrx_word' id='word_1_581' title='bbox 1853 3817 2137 3881; x_wconf 85' lang='grc' dir='ltr'>Ἰουδαίους</span> <span class='ocrx_word' id='word_1_582' title='bbox 2162 3834 2177 3849; x_wconf 71' lang='grc' dir='ltr'><strong>ο</strong></span> <span class='ocrx_word' id='word_1_583' title='bbox 2225 3835 2243 3869; x_wconf 81' lang='grc' dir='ltr'><strong>ι</strong></span> <span class='ocrx_word' id='word_1_584' title='bbox 2273 3818 2336 3871; x_wconf 83' lang='grc' dir='ltr'><strong>Εἰ</strong></span> <span class='ocrx_word' id='word_1_585' title='bbox 2370 3816 2683 3871; x_wconf 78' lang='grc' dir='ltr'>ἐπιστεύετε</span> <span class='ocrx_word' id='word_1_586' title='bbox 2711 3816 2922 3881; x_wconf 80' lang='grc' dir='ltr'>Μωσεϊ,</span> <span class='ocrx_word' id='word_1_587' title='bbox 2960 3812 3277 3867; x_wconf 85' lang='grc' dir='ltr'>ἐπιστεύετε</span> <span class='ocrx_word' id='word_1_588' title='bbox 3308 3812 3375 3866; x_wconf 84' lang='grc' dir='ltr'>ἂν</span> <span class='ocrx_word' id='word_1_589' title='bbox 3398 3812 3541 3883; x_wconf 79' lang='grc' dir='ltr'>ἐμοί’</span> 
     </span>
    </p>
   </div>
   <div class='ocr_carea' id='block_1_75' title="bbox 261 3910 1262 3986">
    <p class='ocr_par' dir='ltr' id='par_1_75' title="bbox 261 3910 1262 3986">
     <span class='ocr_line' id='line_1_75' title="bbox 261 3910 1262 3986; baseline -0.004 -19"><span class='ocrx_word' id='word_1_590' title='bbox 261 3913 403 3986; x_wconf 75' lang='grc' dir='ltr'>περὶ</span> <span class='ocrx_word' id='word_1_591' title='bbox 433 3912 549 3983; x_wconf 83' lang='grc' dir='ltr'>γὰρ</span> <span class='ocrx_word' id='word_1_592' title='bbox 577 3910 711 3983; x_wconf 88' lang='grc' dir='ltr'>ἐμοῦ</span> <span class='ocrx_word' id='word_1_593' title='bbox 742 3912 950 3973; x_wconf 84' lang='grc' dir='ltr'>ἐκεῖνος</span> <span class='ocrx_word' id='word_1_594' title='bbox 978 3911 1205 3981; x_wconf 60' lang='grc' dir='ltr'>ἔγραψε.</span> <span class='ocrx_word' id='word_1_595' title='bbox 1246 3932 1262 3963; x_wconf 73' lang='grc' dir='ltr'><strong>ι</strong></span> 
     </span>
    </p>
   </div>
   <div class='ocr_carea' id='block_1_76' title="bbox 895 4046 1254 4102">
    <p class='ocr_par' dir='ltr' id='par_1_76' title="bbox 895 4046 1254 4102">
     <span class='ocr_line' id='line_1_76' title="bbox 895 4046 1254 4102; baseline 0.006 -2"><span class='ocrx_word' id='word_1_596' title='bbox 895 4046 1144 4102; x_wconf 79' lang='grc' dir='ltr'><strong>ΚΕΦΑΛ.</strong></span> <span class='ocrx_word' id='word_1_597' title='bbox 1178 4049 1254 4102; x_wconf 84' lang='lat' dir='ltr'><strong>E&#39;.</strong></span> 
     </span>
    </p>
   </div>
   <div class='ocr_carea' id='block_1_77' title="bbox 334 4178 1863 4253">
    <p class='ocr_par' dir='ltr' id='par_1_77' title="bbox 334 4178 1863 4253">
     <span class='ocr_line' id='line_1_77' title="bbox 334 4178 1863 4253; baseline -0.001 -14"><span class='ocrx_word' id='word_1_598' title='bbox 334 4182 455 4240; x_wconf 85' lang='lat' dir='ltr'><strong>Kal</strong></span> <span class='ocrx_word' id='word_1_599' title='bbox 479 4181 860 4253; x_wconf 67' lang='grc' dir='ltr'>ξέπέστρεψα,</span> <span class='ocrx_word' id='word_1_600' title='bbox 898 4182 995 4235; x_wconf 78' lang='grc' dir='ltr'>καὶ</span> <span class='ocrx_word' id='word_1_601' title='bbox 1024 4178 1139 4251; x_wconf 80' lang='grc' dir='ltr'>ἦρα</span> <span class='ocrx_word' id='word_1_602' title='bbox 1168 4181 1309 4249; x_wconf 84' lang='grc' dir='ltr'>τοὺς</span> <span class='ocrx_word' id='word_1_603' title='bbox 1349 4183 1693 4252; x_wconf 72' lang='grc' dir='ltr'>ὀφθαλμούς</span> <span class='ocrx_word' id='word_1_604' title='bbox 1721 4202 1863 4253; x_wconf 82' lang='grc' dir='ltr'>μου,</span> 
     </span>
    </p>
   </div>
   <div class='ocr_carea' id='block_1_78' title="bbox 259 4269 1865 4341">
    <p class='ocr_par' dir='ltr' id='par_1_78' title="bbox 259 4269 1865 4341">
     <span class='ocr_line' id='line_1_78' title="bbox 259 4269 1865 4341; baseline 0.001 -15"><span class='ocrx_word' id='word_1_605' title='bbox 259 4273 365 4327; x_wconf 76' lang='grc' dir='ltr'>καὶ</span> <span class='ocrx_word' id='word_1_606' title='bbox 408 4271 572 4336; x_wconf 75' lang='grc' dir='ltr'>ἴδον,</span> <span class='ocrx_word' id='word_1_607' title='bbox 604 4270 700 4323; x_wconf 83' lang='grc' dir='ltr'>καὶ</span> <span class='ocrx_word' id='word_1_608' title='bbox 731 4269 861 4323; x_wconf 83' lang='grc' dir='ltr'>ίδοὺ</span> <span class='ocrx_word' id='word_1_609' title='bbox 887 4269 1185 4337; x_wconf 77' lang='grc' dir='ltr'>δρέπανον</span> <span class='ocrx_word' id='word_1_610' title='bbox 1209 4272 1556 4341; x_wconf 77' lang='grc' dir='ltr'>πετόμενον.</span> <span class='ocrx_word' id='word_1_611' title='bbox 1588 4275 1698 4327; x_wconf 87' lang='lat' dir='ltr'><strong>Kal</strong></span> <span class='ocrx_word' id='word_1_612' title='bbox 1735 4271 1865 4327; x_wconf 79' lang='grc' dir='ltr'>εἷπε</span> 
     </span>
    </p>
   </div>
   <div class='ocr_carea' id='block_1_79' title="bbox 258 4359 1866 4435">
    <p class='ocr_par' dir='ltr' id='par_1_79' title="bbox 258 4359 1866 4435">
     <span class='ocr_line' id='line_1_79' title="bbox 258 4359 1866 4435; baseline 0.001 -18"><span class='ocrx_word' id='word_1_613' title='bbox 258 4365 424 4434; x_wconf 74' lang='grc' dir='ltr'>πρός</span> <span class='ocrx_word' id='word_1_614' title='bbox 472 4379 590 4432; x_wconf 80' lang='grc' dir='ltr'>με’</span> <span class='ocrx_word' id='word_1_615' title='bbox 638 4362 700 4414; x_wconf 86' lang='grc' dir='ltr'>Τί</span> <span class='ocrx_word' id='word_1_616' title='bbox 732 4363 814 4415; x_wconf 84' lang='grc' dir='ltr'>σὺ</span> <span class='ocrx_word' id='word_1_617' title='bbox 849 4360 1141 4426; x_wconf 57' lang='lat' dir='ltr'><strong>ﬁdenam;</strong></span> <span class='ocrx_word' id='word_1_618' title='bbox 1182 4363 1292 4415; x_wconf 87' lang='lat' dir='ltr'><strong>Kal</strong></span> <span class='ocrx_word' id='word_1_619' title='bbox 1340 4359 1513 4416; x_wconf 78' lang='grc' dir='ltr'>εἶπα·</span> <span class='ocrx_word' id='word_1_620' title='bbox 1561 4364 1701 4434; x_wconf 80' lang='grc' dir='ltr'><strong>Ἐγὼ</strong></span> <span class='ocrx_word' id='word_1_621' title='bbox 1752 4364 1866 4435; x_wconf 86' lang='grc' dir='ltr'><strong>όρῶ</strong></span> 
     </span>
    </p>
   </div>
   <div class='ocr_carea' id='block_1_80' title="bbox 258 4452 1866 4525">
    <p class='ocr_par' dir='ltr' id='par_1_80' title="bbox 258 4452 1866 4525">
     <span class='ocr_line' id='line_1_80' title="bbox 258 4452 1866 4525; baseline 0.001 -15"><span class='ocrx_word' id='word_1_622' title='bbox 258 4457 580 4525; x_wconf 77' lang='grc' dir='ltr'>δρέπανον</span> <span class='ocrx_word' id='word_1_623' title='bbox 612 4455 941 4522; x_wconf 79' lang='grc' dir='ltr'>πετόμενον</span> <span class='ocrx_word' id='word_1_624' title='bbox 971 4452 1207 4522; x_wconf 78' lang='grc' dir='ltr'>μήκους</span> <span class='ocrx_word' id='word_1_625' title='bbox 1236 4454 1479 4524; x_wconf 77' lang='grc' dir='ltr'>πήχεων</span> <span class='ocrx_word' id='word_1_626' title='bbox 1516 4458 1734 4522; x_wconf 80' lang='grc' dir='ltr'>εἴκοσι,</span> <span class='ocrx_word' id='word_1_627' title='bbox 1768 4458 1866 4511; x_wconf 82' lang='grc' dir='ltr'>καὶ</span> 
     </span>
    </p>
   </div>
   <div class='ocr_carea' id='block_1_81' title="bbox 258 4540 1866 4616">
    <p class='ocr_par' dir='ltr' id='par_1_81' title="bbox 258 4540 1866 4616">
     <span class='ocr_line' id='line_1_81' title="bbox 258 4540 1866 4616; baseline -0.001 -14"><span class='ocrx_word' id='word_1_628' title='bbox 258 4546 553 4613; x_wconf 73' lang='grc' dir='ltr'>πλάτους</span> <span class='ocrx_word' id='word_1_629' title='bbox 602 4544 845 4614; x_wconf 82' lang='grc' dir='ltr'>πήχεων</span> <span class='ocrx_word' id='word_1_630' title='bbox 880 4544 1047 4599; x_wconf 83' lang='grc' dir='ltr'>δέκα.</span> <span class='ocrx_word' id='word_1_631' title='bbox 1074 4545 1184 4599; x_wconf 84' lang='lat' dir='ltr'><strong>Kal</strong></span> <span class='ocrx_word' id='word_1_632' title='bbox 1215 4540 1345 4599; x_wconf 82' lang='grc' dir='ltr'>εἷπε</span> <span class='ocrx_word' id='word_1_633' title='bbox 1377 4547 1526 4614; x_wconf 81' lang='grc' dir='ltr'>πρός</span> <span class='ocrx_word' id='word_1_634' title='bbox 1562 4564 1637 4616; x_wconf 83' lang='grc' dir='ltr'>με</span> <span class='ocrx_word' id='word_1_635' title='bbox 1657 4564 1671 4577; x_wconf 71' lang='grc' dir='ltr'><strong>ο</strong></span> <span class='ocrx_word' id='word_1_636' title='bbox 1706 4548 1866 4615; x_wconf 86' lang='grc' dir='ltr'>Αὕτη</span> 
     </span>
    </p>
   </div>
   <div class='ocr_carea' id='block_1_82' title="bbox 2631 4048 2881 4105">
    <p class='ocr_par' dir='ltr' id='par_1_82' title="bbox 2631 4048 2881 4105">
     <span class='ocr_line' id='line_1_82' title="bbox 2631 4048 2881 4105; baseline -0.004 0"><span class='ocrx_word' id='word_1_637' title='bbox 2631 4048 2784 4105; x_wconf 82' lang='lat' dir='ltr'><strong>CAP.</strong></span> <span class='ocrx_word' id='word_1_638' title='bbox 2820 4049 2881 4104; x_wconf 88' lang='lat' dir='ltr'><strong>V.</strong></span> 
     </span>
    </p>
   </div>
   <div class='ocr_carea' id='block_1_83' title="bbox 2041 4185 3546 4251">
    <p class='ocr_par' dir='ltr' id='par_1_83' title="bbox 2041 4185 3546 4251">
     <span class='ocr_line' id='line_1_83' title="bbox 2041 4185 3546 4251; baseline -0.004 -8"><span class='ocrx_word' id='word_1_639' title='bbox 2041 4189 2203 4247; x_wconf 73' lang='lat' dir='ltr'><strong>Vnus.</strong></span> <span class='ocrx_word' id='word_1_640' title='bbox 2243 4189 2357 4244; x_wconf 73' lang='grc'><strong>1-4.</strong></span> <span class='ocrx_word' id='word_1_641' title='bbox 2412 4190 2481 4242; x_wconf 85' lang='lat' dir='ltr'><strong>Et</strong></span> <span class='ocrx_word' id='word_1_642' title='bbox 2523 4204 2802 4244; x_wconf 77' lang='lat' dir='ltr'><strong>conversus</strong></span> <span class='ocrx_word' id='word_1_643' title='bbox 2860 4201 2975 4240; x_wconf 87' lang='lat' dir='ltr'><strong>sum</strong></span> <span class='ocrx_word' id='word_1_644' title='bbox 3005 4224 3020 4251; x_wconf 95' lang='lat'><strong>,</strong></span> <span class='ocrx_word' id='word_1_645' title='bbox 3063 4198 3111 4239; x_wconf 87' lang='lat' dir='ltr'><strong>et</strong></span> <span class='ocrx_word' id='word_1_646' title='bbox 3165 4185 3330 4240; x_wconf 80' lang='lat' dir='ltr'><strong>levavi</strong></span> <span class='ocrx_word' id='word_1_647' title='bbox 3367 4187 3546 4241; x_wconf 83' lang='lat' dir='ltr'><strong>oculos</strong></span> 
     </span>
    </p>
   </div>
   <div class='ocr_carea' id='block_1_84' title="bbox 1971 4272 3545 4345">
    <p class='ocr_par' dir='ltr' id='par_1_84' title="bbox 1971 4272 3545 4345">
     <span class='ocr_line' id='line_1_84' title="bbox 1971 4272 3545 4345; baseline 0 -16"><span class='ocrx_word' id='word_1_648' title='bbox 1971 4294 2130 4341; x_wconf 84' lang='lat' dir='ltr'><strong>meos,</strong></span> <span class='ocrx_word' id='word_1_649' title='bbox 2157 4287 2205 4331; x_wconf 87' lang='lat' dir='ltr'><strong>et</strong></span> <span class='ocrx_word' id='word_1_650' title='bbox 2231 4279 2355 4343; x_wconf 84' lang='lat' dir='ltr'><strong>vidi,</strong></span> <span class='ocrx_word' id='word_1_651' title='bbox 2385 4288 2432 4330; x_wconf 89' lang='lat' dir='ltr'><strong>et</strong></span> <span class='ocrx_word' id='word_1_652' title='bbox 2466 4292 2581 4331; x_wconf 85' lang='lat' dir='ltr'><strong>ecce</strong></span> <span class='ocrx_word' id='word_1_653' title='bbox 2614 4276 2730 4345; x_wconf 74' lang='lat' dir='ltr'><strong>falx</strong></span> <span class='ocrx_word' id='word_1_654' title='bbox 2771 4274 2970 4329; x_wconf 82' lang='lat' dir='ltr'><strong>volans.</strong></span> <span class='ocrx_word' id='word_1_655' title='bbox 3014 4272 3081 4327; x_wconf 88' lang='lat' dir='ltr'><strong>Et</strong></span> <span class='ocrx_word' id='word_1_656' title='bbox 3121 4274 3255 4328; x_wconf 71' lang='lat' dir='ltr'><strong>dixit</strong></span> <span class='ocrx_word' id='word_1_657' title='bbox 3303 4276 3372 4328; x_wconf 90' lang='lat' dir='ltr'><strong>ad</strong></span> <span class='ocrx_word' id='word_1_658' title='bbox 3424 4292 3503 4329; x_wconf 85' lang='lat' dir='ltr'><strong>me</strong></span> <span class='ocrx_word' id='word_1_659' title='bbox 3527 4292 3545 4329; x_wconf 89' lang='lat'><strong><em>:</em></strong></span> 
     </span>
    </p>
   </div>
   <div class='ocr_carea' id='block_1_85' title="bbox 1973 4366 3547 4439">
    <p class='ocr_par' dir='ltr' id='par_1_85' title="bbox 1973 4366 3547 4439">
     <span class='ocr_line' id='line_1_85' title="bbox 1973 4366 3547 4439; baseline -0.001 -18"><span class='ocrx_word' id='word_1_660' title='bbox 1973 4370 2113 4433; x_wconf 78' lang='lat' dir='ltr'><strong>Quid</strong></span> <span class='ocrx_word' id='word_1_661' title='bbox 2145 4379 2200 4422; x_wconf 89' lang='lat' dir='ltr'><strong>tu</strong></span> <span class='ocrx_word' id='word_1_662' title='bbox 2230 4371 2368 4423; x_wconf 82' lang='lat' dir='ltr'><strong>vides</strong></span> <span class='ocrx_word' id='word_1_663' title='bbox 2388 4371 2413 4421; x_wconf 71' lang='lat'><strong>.’</strong></span> <span class='ocrx_word' id='word_1_664' title='bbox 2441 4367 2509 4422; x_wconf 86' lang='lat' dir='ltr'><strong>Et</strong></span> <span class='ocrx_word' id='word_1_665' title='bbox 2538 4369 2653 4422; x_wconf 78' lang='lat' dir='ltr'><strong>dixi</strong></span> <span class='ocrx_word' id='word_1_666' title='bbox 2680 4384 2698 4422; x_wconf 88' lang='lat'><strong><em>:</em></strong></span> <span class='ocrx_word' id='word_1_667' title='bbox 2727 4366 2837 4439; x_wconf 84' lang='lat' dir='ltr'><strong>Ego</strong></span> <span class='ocrx_word' id='word_1_668' title='bbox 2866 4367 3015 4421; x_wconf 82' lang='lat' dir='ltr'><strong>video</strong></span> <span class='ocrx_word' id='word_1_669' title='bbox 3050 4367 3241 4437; x_wconf 77' lang='lat' dir='ltr'><strong>falcem</strong></span> <span class='ocrx_word' id='word_1_670' title='bbox 3266 4367 3547 4433; x_wconf 75' lang='lat' dir='ltr'><strong>volantem,</strong></span> 
     </span>
    </p>
   </div>
   <div class='ocr_carea' id='block_1_86' title="bbox 1930 4450 3551 4540">
    <p class='ocr_par' dir='ltr' id='par_1_86' title="bbox 1930 4450 3551 4540">
     <span class='ocr_line' id='line_1_86' title="bbox 1930 4450 3551 4540; baseline -0.001 -27"><span class='ocrx_word' id='word_1_671' title='bbox 1930 4450 2313 4530; x_wconf 19' lang='lat' dir='ltr'><strong>Alongitudinis</strong></span> <span class='ocrx_word' id='word_1_672' title='bbox 2365 4460 2658 4514; x_wconf 82' lang='lat' dir='ltr'><strong>cubitorum</strong></span> <span class='ocrx_word' id='word_1_673' title='bbox 2714 4461 2921 4530; x_wconf 84' lang='lat' dir='ltr'><strong>viginti,</strong></span> <span class='ocrx_word' id='word_1_674' title='bbox 2980 4470 3027 4514; x_wconf 89' lang='lat' dir='ltr'><strong>et</strong></span> <span class='ocrx_word' id='word_1_675' title='bbox 3087 4459 3388 4540; x_wconf 79' lang='lat' dir='ltr'><strong>latitudinis</strong></span> <span class='ocrx_word' id='word_1_676' title='bbox 3450 4476 3551 4512; x_wconf 85' lang='lat' dir='ltr'><strong>cu-</strong></span> 
     </span>
    </p>
   </div>
   <div class='ocr_carea' id='block_1_87' title="bbox 1974 4550 3551 4607">
    <p class='ocr_par' dir='ltr' id='par_1_87' title="bbox 1974 4550 3551 4607">
     <span class='ocr_line' id='line_1_87' title="bbox 1974 4550 3551 4607; baseline 0 -3"><span class='ocrx_word' id='word_1_677' title='bbox 1974 4552 2200 4605; x_wconf 87' lang='lat' dir='ltr'><strong>bitorum</strong></span> <span class='ocrx_word' id='word_1_678' title='bbox 2260 4553 2455 4606; x_wconf 83' lang='lat' dir='ltr'><strong>decem.</strong></span> <span class='ocrx_word' id='word_1_679' title='bbox 2528 4550 2596 4604; x_wconf 86' lang='lat' dir='ltr'><strong>Et</strong></span> <span class='ocrx_word' id='word_1_680' title='bbox 2650 4553 2787 4604; x_wconf 77' lang='lat' dir='ltr'><strong>dixit</strong></span> <span class='ocrx_word' id='word_1_681' title='bbox 2851 4556 2918 4605; x_wconf 87' lang='lat' dir='ltr'><strong>ad</strong></span> <span class='ocrx_word' id='word_1_682' title='bbox 2986 4568 3066 4607; x_wconf 89' lang='lat' dir='ltr'><strong>me</strong></span> <span class='ocrx_word' id='word_1_683' title='bbox 3113 4565 3132 4604; x_wconf 91' lang='lat'><strong><em>:</em></strong></span> <span class='ocrx_word' id='word_1_684' title='bbox 3195 4550 3322 4605; x_wconf 64' lang='lat' dir='ltr'><strong>Ha’c</strong></span> <span class='ocrx_word' id='word_1_685' title='bbox 3387 4551 3551 4604; x_wconf 85' lang='lat' dir='ltr'><strong>male-</strong></span> 
     </span>
    </p>
   </div>
   <div class='ocr_carea' id='block_1_88' title="bbox 257 4634 1855 4714">
    <p class='ocr_par' dir='ltr' id='par_1_88' title="bbox 257 4634 1855 4709">
     <span class='ocr_line' id='line_1_88' title="bbox 257 4634 1855 4709; baseline -0.002 -15"><span class='ocrx_word' id='word_1_686' title='bbox 257 4643 299 4709; x_wconf 78' lang='grc' dir='ltr'><strong><em>ή</em></strong></span> <span class='ocrx_word' id='word_1_687' title='bbox 328 4638 454 4708; x_wconf 86' lang='grc' dir='ltr'>ἀρὰ</span> <span class='ocrx_word' id='word_1_688' title='bbox 483 4640 526 4707; x_wconf 80' lang='grc' dir='ltr'>ἡ</span> <span class='ocrx_word' id='word_1_689' title='bbox 564 4636 1013 4707; x_wconf 76' lang='grc' dir='ltr'>ἐκπορευομένη</span> <span class='ocrx_word' id='word_1_690' title='bbox 1041 4636 1138 4689; x_wconf 77' lang='grc' dir='ltr'>ἐπὶ</span> <span class='ocrx_word' id='word_1_691' title='bbox 1168 4636 1494 4704; x_wconf 79' lang='grc' dir='ltr'>πρόσωπον</span> <span class='ocrx_word' id='word_1_692' title='bbox 1526 4639 1730 4704; x_wconf 82' lang='grc' dir='ltr'>πάσης</span> <span class='ocrx_word' id='word_1_693' title='bbox 1762 4634 1855 4706; x_wconf 77' lang='grc' dir='ltr'>τῆς</span> 
     </span>
    </p>
   </div>
   <div class='ocr_carea' id='block_1_89' title="bbox 1958 4634 3550 4714">
    <p class='ocr_par' dir='ltr' id='par_1_89' title="bbox 1970 4643 3550 4714">
     <span class='ocr_line' id='line_1_89' title="bbox 1970 4643 3550 4714; baseline -0.001 -18"><span class='ocrx_word' id='word_1_694' title='bbox 1970 4644 2133 4698; x_wconf 84' lang='lat' dir='ltr'><strong>dictio</strong></span> <span class='ocrx_word' id='word_1_695' title='bbox 2186 4659 2304 4713; x_wconf 78' lang='lat' dir='ltr'><strong>qua:</strong></span> <span class='ocrx_word' id='word_1_696' title='bbox 2359 4644 2625 4713; x_wconf 77' lang='lat' dir='ltr'><strong>egreditur</strong></span> <span class='ocrx_word' id='word_1_697' title='bbox 2670 4658 2826 4711; x_wconf 83' lang='lat' dir='ltr'><strong>super</strong></span> <span class='ocrx_word' id='word_1_698' title='bbox 2876 4643 3069 4714; x_wconf 80' lang='lat' dir='ltr'><strong>[aciem</strong></span> <span class='ocrx_word' id='word_1_699' title='bbox 3132 4644 3387 4698; x_wconf 64' lang='lat' dir='ltr'><strong>universae</strong></span> <span class='ocrx_word' id='word_1_700' title='bbox 3444 4653 3550 4696; x_wconf 86' lang='lat' dir='ltr'><strong>ter-</strong></span> 
     </span>
    </p>
   </div>
   <div class='ocr_carea' id='block_1_90' title="bbox 254 4727 1864 4802">
    <p class='ocr_par' dir='ltr' id='par_1_90' title="bbox 254 4727 1864 4802">
     <span class='ocr_line' id='line_1_90' title="bbox 254 4727 1864 4802; baseline -0.004 -13"><span class='ocrx_word' id='word_1_701' title='bbox 254 4730 395 4802; x_wconf 79' lang='grc' dir='ltr'><strong>γῆς.</strong></span> <span class='ocrx_word' id='word_1_702' title='bbox 429 4731 604 4784; x_wconf 87' lang='grc' dir='ltr'>Διότι</span> <span class='ocrx_word' id='word_1_703' title='bbox 635 4727 754 4793; x_wconf 86' lang='grc' dir='ltr'>πᾶς</span> <span class='ocrx_word' id='word_1_704' title='bbox 778 4730 811 4781; x_wconf 84' lang='grc' dir='ltr'><em>ὀ</em></span> <span class='ocrx_word' id='word_1_705' title='bbox 838 4727 1104 4794; x_wconf 80' lang='grc' dir='ltr'>κλέπτης</span> <span class='ocrx_word' id='word_1_706' title='bbox 1128 4727 1195 4781; x_wconf 84' lang='grc' dir='ltr'><strong>ἐκ</strong></span> <span class='ocrx_word' id='word_1_707' title='bbox 1222 4730 1436 4782; x_wconf 85' lang='grc' dir='ltr'>τούτου</span> <span class='ocrx_word' id='word_1_708' title='bbox 1464 4728 1575 4793; x_wconf 82' lang='grc' dir='ltr'>ἕως</span> <span class='ocrx_word' id='word_1_709' title='bbox 1605 4728 1864 4784; x_wconf 80' lang='grc' dir='ltr'>θανάτου</span> 
     </span>
    </p>
   </div>
   <div class='ocr_carea' id='block_1_91' title="bbox 252 4817 1864 4889">
    <p class='ocr_par' dir='ltr' id='par_1_91' title="bbox 252 4817 1864 4889">
     <span class='ocr_line' id='line_1_91' title="bbox 252 4817 1864 4889; baseline 0.001 -15"><span class='ocrx_word' id='word_1_710' title='bbox 252 4819 772 4889; x_wconf 81' lang='grc' dir='ltr'>ἑκδικηθήσεται,</span> <span class='ocrx_word' id='word_1_711' title='bbox 814 4818 911 4872; x_wconf 78' lang='grc' dir='ltr'><strong>καί</strong></span> <span class='ocrx_word' id='word_1_712' title='bbox 962 4817 1082 4884; x_wconf 87' lang='grc' dir='ltr'>πᾶς</span> <span class='ocrx_word' id='word_1_713' title='bbox 1125 4822 1158 4872; x_wconf 84' lang='grc' dir='ltr'><em>ὀ</em></span> <span class='ocrx_word' id='word_1_714' title='bbox 1204 4819 1483 4886; x_wconf 78' lang='grc' dir='ltr'>ἐπίορκος</span> <span class='ocrx_word' id='word_1_715' title='bbox 1526 4820 1595 4873; x_wconf 82' lang='grc' dir='ltr'><strong>ἐκ</strong></span> <span class='ocrx_word' id='word_1_716' title='bbox 1650 4823 1864 4876; x_wconf 85' lang='grc' dir='ltr'>τούτου</span> 
     </span>
    </p>
   </div>
   <div class='ocr_carea' id='block_1_92' title="bbox 254 4910 1862 4985">
    <p class='ocr_par' dir='ltr' id='par_1_92' title="bbox 254 4910 1862 4985">
     <span class='ocr_line' id='line_1_92' title="bbox 254 4910 1862 4985; baseline -0.002 -16"><span class='ocrx_word' id='word_1_717' title='bbox 254 4914 700 4985; x_wconf 31' lang='grc' dir='ltr'>ἕως-θανάτου</span> <span class='ocrx_word' id='word_1_718' title='bbox 752 4911 1227 4981; x_wconf 80' lang='grc' dir='ltr'>ἐκδικηθήσεται.</span> <span class='ocrx_word' id='word_1_719' title='bbox 1273 4910 1383 4965; x_wconf 85' lang='lat' dir='ltr'><strong>Kal</strong></span> <span class='ocrx_word' id='word_1_720' title='bbox 1433 4910 1650 4975; x_wconf 79' lang='grc' dir='ltr'>ἐξοίσω</span> <span class='ocrx_word' id='word_1_721' title='bbox 1695 4912 1862 4975; x_wconf 85' lang='grc' dir='ltr'>αὐτὸ,</span> 
     </span>
    </p>
   </div>
   <div class='ocr_carea' id='block_1_93' title="bbox 255 5001 1866 5077">
    <p class='ocr_par' dir='ltr' id='par_1_93' title="bbox 255 5001 1866 5077">
     <span class='ocr_line' id='line_1_93' title="bbox 255 5001 1866 5077; baseline -0.003 -16"><span class='ocrx_word' id='word_1_722' title='bbox 255 5006 426 5077; x_wconf 72' lang='grc' dir='ltr'>λέγει</span> <span class='ocrx_word' id='word_1_723' title='bbox 465 5009 698 5075; x_wconf 81' lang='grc' dir='ltr'>Κύριος</span> <span class='ocrx_word' id='word_1_724' title='bbox 736 5003 1175 5072; x_wconf 80' lang='grc' dir='ltr'>παντοκράτωρ,</span> <span class='ocrx_word' id='word_1_725' title='bbox 1209 5001 1307 5056; x_wconf 80' lang='grc' dir='ltr'>καὶ</span> <span class='ocrx_word' id='word_1_726' title='bbox 1338 5002 1746 5056; x_wconf 74' lang='grc' dir='ltr'>εἰσελεύσεται</span> <span class='ocrx_word' id='word_1_727' title='bbox 1778 5005 1866 5069; x_wconf 79' lang='grc' dir='ltr'>εἰς</span> 
     </span>
    </p>
   </div>
   <div class='ocr_carea' id='block_1_94' title="bbox 256 5090 1864 5161">
    <p class='ocr_par' dir='ltr' id='par_1_94' title="bbox 256 5090 1864 5161">
     <span class='ocr_line' id='line_1_94' title="bbox 256 5090 1864 5161; baseline 0 -11"><span class='ocrx_word' id='word_1_728' title='bbox 256 5098 372 5153; x_wconf 78' lang='grc' dir='ltr'><strong>τὸν</strong></span> <span class='ocrx_word' id='word_1_729' title='bbox 414 5099 596 5152; x_wconf 80' lang='grc' dir='ltr'>οἷκον</span> <span class='ocrx_word' id='word_1_730' title='bbox 653 5095 758 5150; x_wconf 85' lang='grc' dir='ltr'>τοῦ</span> <span class='ocrx_word' id='word_1_731' title='bbox 798 5096 1083 5159; x_wconf 79' lang='grc' dir='ltr'>κλέπτου,</span> <span class='ocrx_word' id='word_1_732' title='bbox 1133 5095 1232 5149; x_wconf 83' lang='grc' dir='ltr'><strong>καί</strong></span> <span class='ocrx_word' id='word_1_733' title='bbox 1264 5096 1353 5161; x_wconf 82' lang='grc' dir='ltr'>εὶς</span> <span class='ocrx_word' id='word_1_734' title='bbox 1399 5095 1508 5146; x_wconf 79' lang='grc' dir='ltr'><strong>τὸν</strong></span> <span class='ocrx_word' id='word_1_735' title='bbox 1543 5090 1712 5147; x_wconf 82' lang='grc' dir='ltr'>οἷκον</span> <span class='ocrx_word' id='word_1_736' title='bbox 1759 5096 1864 5150; x_wconf 83' lang='grc' dir='ltr'><strong>τοῦ</strong></span> 
     </span>
    </p>
   </div>
   <div class='ocr_carea' id='block_1_95' title="bbox 253 5183 1865 5260">
    <p class='ocr_par' dir='ltr' id='par_1_95' title="bbox 253 5183 1865 5260">
     <span class='ocr_line' id='line_1_95' title="bbox 253 5183 1865 5260; baseline -0.001 -18"><span class='ocrx_word' id='word_1_737' title='bbox 253 5191 609 5260; x_wconf 74' lang='grc' dir='ltr'>ὀμνύοντος</span> <span class='ocrx_word' id='word_1_738' title='bbox 640 5186 724 5253; x_wconf 86' lang='grc' dir='ltr'>τῷ</span> <span class='ocrx_word' id='word_1_739' title='bbox 762 5187 1009 5256; x_wconf 82' lang='grc' dir='ltr'>ὀνόματί</span> <span class='ocrx_word' id='word_1_740' title='bbox 1043 5204 1163 5255; x_wconf 84' lang='grc' dir='ltr'>μου</span> <span class='ocrx_word' id='word_1_741' title='bbox 1193 5186 1293 5239; x_wconf 77' lang='grc' dir='ltr'>ἐπὶ</span> <span class='ocrx_word' id='word_1_742' title='bbox 1342 5183 1579 5253; x_wconf 66' lang='grc' dir='ltr'>ψεύδει,</span> <span class='ocrx_word' id='word_1_743' title='bbox 1616 5184 1715 5238; x_wconf 79' lang='grc' dir='ltr'>καὶ</span> <span class='ocrx_word' id='word_1_744' title='bbox 1763 5203 1865 5240; x_wconf 86' lang='grc' dir='ltr'>κα-</span> 
     </span>
    </p>
   </div>
   <div class='ocr_carea' id='block_1_96' title="bbox 1973 4732 3547 4803">
    <p class='ocr_par' dir='ltr' id='par_1_96' title="bbox 1973 4732 3547 4803">
     <span class='ocr_line' id='line_1_96' title="bbox 1973 4732 3547 4803; baseline 0 -17"><span class='ocrx_word' id='word_1_745' title='bbox 1973 4750 2065 4787; x_wconf 73' lang='lat' dir='ltr'><strong>rte.</strong></span> <span class='ocrx_word' id='word_1_746' title='bbox 2101 4733 2238 4797; x_wconf 78' lang='lat' dir='ltr'><strong>Quia</strong></span> <span class='ocrx_word' id='word_1_747' title='bbox 2266 4733 2435 4786; x_wconf 84' lang='lat' dir='ltr'><strong>omnis</strong></span> <span class='ocrx_word' id='word_1_748' title='bbox 2468 4732 2557 4801; x_wconf 80' lang='lat' dir='ltr'><strong>fur</strong></span> <span class='ocrx_word' id='word_1_749' title='bbox 2586 4748 2651 4786; x_wconf 79' lang='lat' dir='ltr'><strong>ea:</strong></span> <span class='ocrx_word' id='word_1_750' title='bbox 2680 4732 2777 4786; x_wconf 83' lang='lat' dir='ltr'><strong>hoc</strong></span> <span class='ocrx_word' id='word_1_751' title='bbox 2805 4750 2966 4803; x_wconf 83' lang='lat' dir='ltr'><strong>usque</strong></span> <span class='ocrx_word' id='word_1_752' title='bbox 3000 4734 3069 4787; x_wconf 89' lang='lat' dir='ltr'><strong>ad</strong></span> <span class='ocrx_word' id='word_1_753' title='bbox 3104 4742 3326 4788; x_wconf 87' lang='lat' dir='ltr'><strong>mortem</strong></span> <span class='ocrx_word' id='word_1_754' title='bbox 3355 4733 3547 4803; x_wconf 83' lang='lat' dir='ltr'><strong>punie-</strong></span> 
     </span>
    </p>
   </div>
   <div class='ocr_carea' id='block_1_97' title="bbox 1972 4825 3551 4895">
    <p class='ocr_par' dir='ltr' id='par_1_97' title="bbox 1972 4825 3551 4895">
     <span class='ocr_line' id='line_1_97' title="bbox 1972 4825 3551 4895; baseline -0.001 -17"><span class='ocrx_word' id='word_1_755' title='bbox 1972 4836 2059 4878; x_wconf 90' lang='lat' dir='ltr'><strong>tur</strong></span> <span class='ocrx_word' id='word_1_756' title='bbox 2087 4840 2103 4877; x_wconf 92' lang='lat'><em>:</em></span> <span class='ocrx_word' id='word_1_757' title='bbox 2137 4835 2181 4878; x_wconf 92' lang='lat' dir='ltr'><strong>et</strong></span> <span class='ocrx_word' id='word_1_758' title='bbox 2207 4825 2374 4877; x_wconf 87' lang='lat' dir='ltr'><strong>onmis</strong></span> <span class='ocrx_word' id='word_1_759' title='bbox 2396 4825 2641 4895; x_wconf 84' lang='lat' dir='ltr'><strong>perjurus</strong></span> <span class='ocrx_word' id='word_1_760' title='bbox 2674 4841 2736 4879; x_wconf 81' lang='lat' dir='ltr'><strong>ea:</strong></span> <span class='ocrx_word' id='word_1_761' title='bbox 2768 4828 2866 4879; x_wconf 79' lang='lat' dir='ltr'><strong>hoc</strong></span> <span class='ocrx_word' id='word_1_762' title='bbox 2891 4841 3051 4894; x_wconf 81' lang='lat' dir='ltr'><strong>usque</strong></span> <span class='ocrx_word' id='word_1_763' title='bbox 3080 4830 3149 4879; x_wconf 88' lang='lat' dir='ltr'><strong>ad</strong></span> <span class='ocrx_word' id='word_1_764' title='bbox 3183 4835 3404 4879; x_wconf 87' lang='lat' dir='ltr'><strong>mortem</strong></span> <span class='ocrx_word' id='word_1_765' title='bbox 3435 4841 3551 4879; x_wconf 84' lang='lat' dir='ltr'><strong>cru-</strong></span> 
     </span>
    </p>
   </div>
   <div class='ocr_carea' id='block_1_98' title="bbox 1973 4914 3547 4986">
    <p class='ocr_par' dir='ltr' id='par_1_98' title="bbox 1973 4914 3547 4986">
     <span class='ocr_line' id='line_1_98' title="bbox 1973 4914 3547 4986; baseline -0.002 -15"><span class='ocrx_word' id='word_1_766' title='bbox 1973 4917 2222 4973; x_wconf 86' lang='lat' dir='ltr'><strong>ciabitur.</strong></span> <span class='ocrx_word' id='word_1_767' title='bbox 2250 4914 2317 4969; x_wconf 87' lang='lat' dir='ltr'><strong>Et</strong></span> <span class='ocrx_word' id='word_1_768' title='bbox 2341 4923 2561 4971; x_wconf 82' lang='lat' dir='ltr'><strong>educant</strong></span> <span class='ocrx_word' id='word_1_769' title='bbox 2582 4916 2739 4982; x_wconf 82' lang='lat' dir='ltr'><strong>illud,</strong></span> <span class='ocrx_word' id='word_1_770' title='bbox 2760 4919 2887 4971; x_wconf 85' lang='lat' dir='ltr'><strong>dicit</strong></span> <span class='ocrx_word' id='word_1_771' title='bbox 2914 4917 3170 4972; x_wconf 81' lang='lat' dir='ltr'><strong>Dominus</strong></span> <span class='ocrx_word' id='word_1_772' title='bbox 3193 4918 3547 4986; x_wconf 71' lang='lat' dir='ltr'><strong>omnipotens,</strong></span> 
     </span>
    </p>
   </div>
   <div class='ocr_carea' id='block_1_99' title="bbox 1971 5007 3548 5077">
    <p class='ocr_par' dir='ltr' id='par_1_99' title="bbox 1971 5007 3548 5077">
     <span class='ocr_line' id='line_1_99' title="bbox 1971 5007 3548 5077; baseline -0.002 -16"><span class='ocrx_word' id='word_1_773' title='bbox 1971 5017 2018 5061; x_wconf 90' lang='lat' dir='ltr'><strong>et</strong></span> <span class='ocrx_word' id='word_1_774' title='bbox 2043 5008 2361 5077; x_wconf 83' lang='lat' dir='ltr'><strong>ingredietur</strong></span> <span class='ocrx_word' id='word_1_775' title='bbox 2381 5008 2434 5059; x_wconf 86' lang='lat' dir='ltr'><strong>in</strong></span> <span class='ocrx_word' id='word_1_776' title='bbox 2458 5008 2667 5061; x_wconf 87' lang='lat' dir='ltr'><strong>domum</strong></span> <span class='ocrx_word' id='word_1_777' title='bbox 2688 5007 2848 5076; x_wconf 73' lang='lat' dir='ltr'><strong>furis,</strong></span> <span class='ocrx_word' id='word_1_778' title='bbox 2867 5019 2912 5061; x_wconf 89' lang='lat' dir='ltr'><strong>et</strong></span> <span class='ocrx_word' id='word_1_779' title='bbox 2939 5010 2991 5060; x_wconf 85' lang='lat' dir='ltr'><strong>in</strong></span> <span class='ocrx_word' id='word_1_780' title='bbox 3009 5012 3219 5061; x_wconf 83' lang='lat' dir='ltr'><strong>domum</strong></span> <span class='ocrx_word' id='word_1_781' title='bbox 3236 5007 3548 5076; x_wconf 65' lang='lat' dir='ltr'><strong>jurantistiu</strong></span> 
     </span>
    </p>
   </div>
   <div class='ocr_carea' id='block_1_100' title="bbox 1974 5098 3545 5168">
    <p class='ocr_par' dir='ltr' id='par_1_100' title="bbox 1974 5098 3545 5168">
     <span class='ocr_line' id='line_1_100' title="bbox 1974 5098 3545 5168; baseline 0 -19"><span class='ocrx_word' id='word_1_782' title='bbox 1974 5099 2181 5152; x_wconf 84' lang='lat' dir='ltr'><strong>nomine</strong></span> <span class='ocrx_word' id='word_1_783' title='bbox 2208 5114 2321 5153; x_wconf 88' lang='lat' dir='ltr'><strong>meo</strong></span> <span class='ocrx_word' id='word_1_784' title='bbox 2339 5098 2393 5151; x_wconf 86' lang='lat' dir='ltr'><strong>in</strong></span> <span class='ocrx_word' id='word_1_785' title='bbox 2407 5100 2700 5165; x_wconf 84' lang='lat' dir='ltr'><strong>mendacio,</strong></span> <span class='ocrx_word' id='word_1_786' title='bbox 2720 5110 2768 5152; x_wconf 89' lang='lat' dir='ltr'><strong>et</strong></span> <span class='ocrx_word' id='word_1_787' title='bbox 2800 5100 3080 5168; x_wconf 82' lang='lat' dir='ltr'><strong>requiescet</strong></span> <span class='ocrx_word' id='word_1_788' title='bbox 3098 5100 3151 5152; x_wconf 85' lang='lat' dir='ltr'><strong>in</strong></span> <span class='ocrx_word' id='word_1_789' title='bbox 3168 5099 3338 5153; x_wconf 85' lang='lat' dir='ltr'><strong>medio</strong></span> <span class='ocrx_word' id='word_1_790' title='bbox 3358 5098 3545 5151; x_wconf 89' lang='lat' dir='ltr'><strong>domus</strong></span> 
     </span>
    </p>
   </div>
   <div class='ocr_carea' id='block_1_101' title="bbox 1970 5186 3543 5261">
    <p class='ocr_par' dir='ltr' id='par_1_101' title="bbox 1970 5186 3543 5261">
     <span class='ocr_line' id='line_1_101' title="bbox 1970 5186 3543 5261; baseline -0.003 -18"><span class='ocrx_word' id='word_1_791' title='bbox 1970 5190 2110 5260; x_wconf 86' lang='lat' dir='ltr'><strong>ejus,</strong></span> <span class='ocrx_word' id='word_1_792' title='bbox 2138 5199 2186 5244; x_wconf 87' lang='lat' dir='ltr'><strong>et</strong></span> <span class='ocrx_word' id='word_1_793' title='bbox 2213 5198 2479 5244; x_wconf 83' lang='lat' dir='ltr'><strong>consumet</strong></span> <span class='ocrx_word' id='word_1_794' title='bbox 2505 5206 2645 5255; x_wconf 87' lang='lat' dir='ltr'><strong>eam,</strong></span> <span class='ocrx_word' id='word_1_795' title='bbox 2683 5200 2730 5243; x_wconf 87' lang='lat' dir='ltr'><strong>et</strong></span> <span class='ocrx_word' id='word_1_796' title='bbox 2761 5190 2905 5261; x_wconf 87' lang='lat' dir='ltr'><strong>ligna</strong></span> <span class='ocrx_word' id='word_1_797' title='bbox 2938 5190 3074 5260; x_wconf 85' lang='lat' dir='ltr'><strong>ejus,</strong></span> <span class='ocrx_word' id='word_1_798' title='bbox 3096 5201 3145 5244; x_wconf 89' lang='lat' dir='ltr'><strong>et</strong></span> <span class='ocrx_word' id='word_1_799' title='bbox 3173 5189 3373 5256; x_wconf 80' lang='lat' dir='ltr'><strong>lapides</strong></span> <span class='ocrx_word' id='word_1_800' title='bbox 3405 5186 3543 5254; x_wconf 82' lang='lat' dir='ltr'><strong>ejus.</strong></span> 
     </span>
    </p>
   </div>
   <div class='ocr_carea' id='block_1_102' title="bbox 250 5272 3545 5348">
    <p class='ocr_par' dir='ltr' id='par_1_102' title="bbox 250 5272 3545 5348">
     <span class='ocr_line' id='line_1_102' title="bbox 250 5272 3545 5348; baseline -0.002 -11"><span class='ocrx_word' id='word_1_801' title='bbox 250 5284 519 5337; x_wconf 77' lang='grc' dir='ltr'>ταλύσει</span> <span class='ocrx_word' id='word_1_802' title='bbox 565 5282 641 5335; x_wconf 81' lang='grc' dir='ltr'>ἐν</span> <span class='ocrx_word' id='word_1_803' title='bbox 668 5278 835 5347; x_wconf 81' lang='grc' dir='ltr'>μέσῳ</span> <span class='ocrx_word' id='word_1_804' title='bbox 882 5272 989 5332; x_wconf 84' lang='grc' dir='ltr'>τοῦ</span> <span class='ocrx_word' id='word_1_805' title='bbox 1030 5277 1199 5331; x_wconf 76' lang='grc' dir='ltr'>οἴκου</span> <span class='ocrx_word' id='word_1_806' title='bbox 1262 5279 1469 5346; x_wconf 85' lang='grc' dir='ltr'>αὐτοῦ,</span> <span class='ocrx_word' id='word_1_807' title='bbox 1522 5280 1617 5334; x_wconf 81' lang='grc' dir='ltr'>καὶ</span> <span class='ocrx_word' id='word_1_808' title='bbox 1667 5278 2022 5335; x_wconf 69' lang='grc' dir='ltr'>συντελέσει</span> <span class='ocrx_word' id='word_1_809' title='bbox 2084 5281 2290 5348; x_wconf 82' lang='grc' dir='ltr'>αὐτὸν,</span> <span class='ocrx_word' id='word_1_810' title='bbox 2356 5281 2456 5337; x_wconf 74' lang='grc' dir='ltr'>καὶ</span> <span class='ocrx_word' id='word_1_811' title='bbox 2483 5281 2556 5336; x_wconf 83' lang='grc' dir='ltr'>τὰ</span> <span class='ocrx_word' id='word_1_812' title='bbox 2584 5280 2741 5345; x_wconf 73' lang='grc' dir='ltr'>ξύλα</span> <span class='ocrx_word' id='word_1_813' title='bbox 2773 5280 2980 5346; x_wconf 81' lang='grc' dir='ltr'>αὐτοῦ,</span> <span class='ocrx_word' id='word_1_814' title='bbox 3042 5281 3138 5335; x_wconf 80' lang='grc' dir='ltr'>καὶ</span> <span class='ocrx_word' id='word_1_815' title='bbox 3167 5278 3309 5342; x_wconf 83' lang='grc' dir='ltr'>τοὺς</span> <span class='ocrx_word' id='word_1_816' title='bbox 3335 5277 3545 5343; x_wconf 75' lang='grc' dir='ltr'>λίθους</span> 
     </span>
    </p>
   </div>
   <div class='ocr_carea' id='block_1_103' title="bbox 250 5374 471 5431">
    <p class='ocr_par' dir='ltr' id='par_1_103' title="bbox 250 5374 471 5431">
     <span class='ocr_line' id='line_1_103' title="bbox 250 5374 471 5431; baseline -0.005 -2"><span class='ocrx_word' id='word_1_817' title='bbox 250 5374 471 5431; x_wconf 82' lang='grc' dir='ltr'>αὐτοῦ.</span> 
     </span>
    </p>
   </div>
   <div class='ocr_carea' id='block_1_104' title="bbox 324 5458 1869 5528">
    <p class='ocr_par' dir='ltr' id='par_1_104' title="bbox 324 5458 1869 5528">
     <span class='ocr_line' id='line_1_104' title="bbox 324 5458 1869 5528; baseline -0.005 -8"><span class='ocrx_word' id='word_1_818' title='bbox 324 5463 461 5521; x_wconf 80' lang='grc' dir='ltr'><strong>ΚΘ’.</strong></span> <span class='ocrx_word' id='word_1_819' title='bbox 498 5463 601 5524; x_wconf 84' lang='grc' dir='ltr'>Τὸ,</span> <span class='ocrx_word' id='word_1_820' title='bbox 636 5459 1001 5528; x_wconf 68' lang='grc' dir='ltr'>ἐπέστρεψα,</span> <span class='ocrx_word' id='word_1_821' title='bbox 1025 5461 1186 5514; x_wconf 80' lang='grc' dir='ltr'>πάλιν</span> <span class='ocrx_word' id='word_1_822' title='bbox 1210 5462 1267 5515; x_wconf 83' lang='grc' dir='ltr'><strong>ἐν</strong></span> <span class='ocrx_word' id='word_1_823' title='bbox 1296 5460 1523 5525; x_wconf 89' lang='grc' dir='ltr'>τούτοις,</span> <span class='ocrx_word' id='word_1_824' title='bbox 1556 5462 1654 5514; x_wconf 84' lang='grc' dir='ltr'>οὐκ</span> <span class='ocrx_word' id='word_1_825' title='bbox 1685 5461 1769 5523; x_wconf 80' lang='grc' dir='ltr'>ἂν,</span> <span class='ocrx_word' id='word_1_826' title='bbox 1794 5458 1869 5514; x_wconf 78' lang='grc' dir='ltr'><strong>οἶ-</strong></span> 
     </span>
    </p>
   </div>
   <div class='ocr_carea' id='block_1_105' title="bbox 252 5549 1863 5631">
    <p class='ocr_par' dir='ltr' id='par_1_105' title="bbox 252 5549 1863 5631">
     <span class='ocr_line' id='line_1_105' title="bbox 252 5549 1863 5631; baseline -0.003 -22"><span class='ocrx_word' id='word_1_827' title='bbox 252 5576 375 5631; x_wconf 80' lang='grc' dir='ltr'>μαι,</span> <span class='ocrx_word' id='word_1_828' title='bbox 421 5555 512 5619; x_wconf 70' lang='grc' dir='ltr'><strong>τὶς</strong></span> <span class='ocrx_word' id='word_1_829' title='bbox 551 5549 848 5605; x_wconf 78' lang='grc' dir='ltr'>ἐκλάδοιτο</span> <span class='ocrx_word' id='word_1_830' title='bbox 875 5552 969 5603; x_wconf 76' lang='grc' dir='ltr'>ἐπὶ</span> <span class='ocrx_word' id='word_1_831' title='bbox 1010 5552 1205 5605; x_wconf 83' lang='grc' dir='ltr'>τόπου’</span> <span class='ocrx_word' id='word_1_832' title='bbox 1252 5552 1365 5606; x_wconf 76' lang='grc' dir='ltr'>ἀλλ’</span> <span class='ocrx_word' id='word_1_833' title='bbox 1409 5551 1483 5616; x_wconf 82' lang='grc' dir='ltr'><strong>ὡς</strong></span> <span class='ocrx_word' id='word_1_834' title='bbox 1535 5555 1592 5606; x_wconf 82' lang='grc' dir='ltr'><strong>ἐν</strong></span> <span class='ocrx_word' id='word_1_835' title='bbox 1641 5552 1863 5624; x_wconf 69' lang='grc' dir='ltr'>ἀμείψει</span> 
     </span>
    </p>
   </div>
   <div class='ocr_carea' id='block_1_106' title="bbox 248 5642 1860 5716">
    <p class='ocr_par' dir='ltr' id='par_1_106' title="bbox 248 5642 1860 5716">
     <span class='ocr_line' id='line_1_106' title="bbox 248 5642 1860 5716; baseline -0.009 -11"><span class='ocrx_word' id='word_1_836' title='bbox 248 5650 420 5705; x_wconf 84' lang='grc' dir='ltr'>πάλιν</span> <span class='ocrx_word' id='word_1_837' title='bbox 471 5649 544 5716; x_wconf 81' lang='grc' dir='ltr'>τῇ</span> <span class='ocrx_word' id='word_1_838' title='bbox 601 5642 728 5697; x_wconf 86' lang='grc' dir='ltr'>καθ’</span> <span class='ocrx_word' id='word_1_839' title='bbox 760 5642 952 5714; x_wconf 76' lang='grc' dir='ltr'>ἑτέραν</span> <span class='ocrx_word' id='word_1_840' title='bbox 1002 5644 1211 5714; x_wconf 85' lang='grc' dir='ltr'>ὅρασιν.</span> <span class='ocrx_word' id='word_1_841' title='bbox 1257 5643 1699 5713; x_wconf 80' lang='grc' dir='ltr'>Ἐκκοπτομένης</span> <span class='ocrx_word' id='word_1_842' title='bbox 1752 5644 1860 5713; x_wconf 79' lang='grc' dir='ltr'><strong>γὰρ</strong></span> 
     </span>
    </p>
   </div>
   <div class='ocr_carea' id='block_1_107' title="bbox 2041 5458 3539 5533">
    <p class='ocr_par' dir='ltr' id='par_1_107' title="bbox 2041 5458 3539 5533">
     <span class='ocr_line' id='line_1_107' title="bbox 2041 5458 3539 5533; baseline 0.002 -20"><span class='ocrx_word' id='word_1_843' title='bbox 2041 5458 2231 5515; x_wconf 75' lang='lat' dir='ltr'><strong>XXIX.</strong></span> <span class='ocrx_word' id='word_1_844' title='bbox 2291 5460 2489 5517; x_wconf 87' lang='lat' dir='ltr'><strong>lterum</strong></span> <span class='ocrx_word' id='word_1_845' title='bbox 2549 5464 2603 5520; x_wconf 94' lang='lat' dir='ltr'><strong>in</strong></span> <span class='ocrx_word' id='word_1_846' title='bbox 2654 5463 2736 5520; x_wconf 86' lang='lat' dir='ltr'><strong>his</strong></span> <span class='ocrx_word' id='word_1_847' title='bbox 2799 5463 3020 5519; x_wconf 87' lang='lat' dir='ltr'><strong>verbum</strong></span> <span class='ocrx_word' id='word_1_848' title='bbox 3070 5476 3345 5517; x_wconf 85' lang='lat' dir='ltr'><strong>conversus</strong></span> <span class='ocrx_word' id='word_1_849' title='bbox 3398 5481 3539 5533; x_wconf 80' lang='lat' dir='ltr'><strong>sum,</strong></span> 
     </span>
    </p>
   </div>
   <div class='ocr_carea' id='block_1_108' title="bbox 1971 5553 3543 5623">
    <p class='ocr_par' dir='ltr' id='par_1_108' title="bbox 1971 5553 3543 5623">
     <span class='ocr_line' id='line_1_108' title="bbox 1971 5553 3543 5623; baseline 0.004 -18"><span class='ocrx_word' id='word_1_850' title='bbox 1971 5567 2150 5615; x_wconf 91' lang='lat' dir='ltr'><strong>nemo,</strong></span> <span class='ocrx_word' id='word_1_851' title='bbox 2194 5561 2251 5605; x_wconf 94' lang='lat' dir='ltr'><strong>ut</strong></span> <span class='ocrx_word' id='word_1_852' title='bbox 2280 5553 2556 5620; x_wconf 84' lang='lat' dir='ltr'><strong>existimo,</strong></span> <span class='ocrx_word' id='word_1_853' title='bbox 2589 5555 2658 5610; x_wconf 86' lang='lat' dir='ltr'><strong>de</strong></span> <span class='ocrx_word' id='word_1_854' title='bbox 2689 5554 2808 5609; x_wconf 90' lang='lat' dir='ltr'><strong>loco</strong></span> <span class='ocrx_word' id='word_1_855' title='bbox 2836 5553 3303 5623; x_wconf 85' lang='lat' dir='ltr'><strong>interpretahitur,</strong></span> <span class='ocrx_word' id='word_1_856' title='bbox 3346 5557 3441 5610; x_wconf 87' lang='lat' dir='ltr'><strong>sed</strong></span> <span class='ocrx_word' id='word_1_857' title='bbox 3474 5558 3543 5612; x_wconf 85' lang='lat' dir='ltr'><strong>de</strong></span> 
     </span>
    </p>
   </div>
   <div class='ocr_carea' id='block_1_109' title="bbox 1968 5642 3539 5703">
    <p class='ocr_par' dir='ltr' id='par_1_109' title="bbox 1968 5642 3539 5703">
     <span class='ocr_line' id='line_1_109' title="bbox 1968 5642 3539 5703; baseline 0.006 -9"><span class='ocrx_word' id='word_1_858' title='bbox 1968 5642 2264 5697; x_wconf 88' lang='lat' dir='ltr'><strong>mutatione</strong></span> <span class='ocrx_word' id='word_1_859' title='bbox 2291 5645 2588 5699; x_wconf 87' lang='lat' dir='ltr'><strong>secundum</strong></span> <span class='ocrx_word' id='word_1_860' title='bbox 2620 5644 3150 5700; x_wconf 83' lang='lat' dir='ltr'><strong>alteram&#39;visionem.</strong></span> <span class='ocrx_word' id='word_1_861' title='bbox 3183 5642 3370 5702; x_wconf 82' lang='lat' dir='ltr'><strong>Priore</strong></span> <span class='ocrx_word' id='word_1_862' title='bbox 3394 5647 3539 5703; x_wconf 87' lang='lat' dir='ltr'><strong>enim</strong></span> 
     </span>
    </p>
   </div>
   <div class='ocr_carea' id='block_1_110' title="bbox 360 5814 1855 5885">
    <p class='ocr_par' dir='ltr' id='par_1_110' title="bbox 360 5814 1839 5885">
     <span class='ocr_line' id='line_1_110' title="bbox 360 5814 1839 5885; baseline -0.001 -13"><span class='ocrx_word' id='word_1_863' title='bbox 360 5820 405 5851; x_wconf 83' lang='lat'><strong>&quot;’</strong></span> <span class='ocrx_word' id='word_1_864' title='bbox 451 5817 620 5872; x_wconf 78' lang='lat' dir='ltr'><strong>Rom.</strong></span> <span class='ocrx_word' id='word_1_865' title='bbox 669 5830 742 5878; x_wconf 73' lang='lat' dir='ltr'><strong>xx,</strong></span> <span class='ocrx_word' id='word_1_866' title='bbox 782 5816 871 5869; x_wconf 66' lang='grc'><strong>24.</strong></span> <span class='ocrx_word' id='word_1_867' title='bbox 952 5814 998 5847; x_wconf 81' lang='grc'>⁸⁸</span> <span class='ocrx_word' id='word_1_868' title='bbox 1044 5816 1195 5871; x_wconf 89' lang='lat' dir='ltr'><strong>Dent.</strong></span> <span class='ocrx_word' id='word_1_869' title='bbox 1230 5830 1280 5881; x_wconf 91' lang='lat' dir='ltr'><strong>v,</strong></span> <span class='ocrx_word' id='word_1_870' title='bbox 1322 5817 1409 5871; x_wconf 77' lang='lat' dir='ltr'><strong>5t.</strong></span> <span class='ocrx_word' id='word_1_871' title='bbox 1452 5818 1495 5850; x_wconf 72' lang='grc'><strong>⁸³</strong></span> <span class='ocrx_word' id='word_1_872' title='bbox 1538 5816 1712 5874; x_wconf 82' lang='lat' dir='ltr'><strong>Galat.</strong></span> <span class='ocrx_word' id='word_1_873' title='bbox 1756 5833 1839 5885; x_wconf 87' lang='grc' dir='ltr'>ιιι,</span> 
     </span>
    </p>
   </div>
   <div class='ocr_carea' id='block_1_111' title="bbox 1958 5814 2511 5885">
    <p class='ocr_par' dir='ltr' id='par_1_111' title="bbox 1958 5819 2511 5884">
     <span class='ocr_line' id='line_1_111' title="bbox 1958 5819 2511 5884; baseline 0.002 -10"><span class='ocrx_word' id='word_1_874' title='bbox 1958 5859 1967 5874; x_wconf 93' lang='grc'><em>.</em></span> <span class='ocrx_word' id='word_1_875' title='bbox 2047 5820 2090 5852; x_wconf 83' lang='grc'>⁶⁰</span> <span class='ocrx_word' id='word_1_876' title='bbox 2129 5819 2283 5873; x_wconf 81' lang='lat' dir='ltr'><strong>Juan.</strong></span> <span class='ocrx_word' id='word_1_877' title='bbox 2330 5836 2378 5884; x_wconf 88' lang='lat' dir='ltr'><strong>v,</strong></span> <span class='ocrx_word' id='word_1_878' title='bbox 2420 5821 2511 5875; x_wconf 71' lang='lat'><strong>46.</strong></span> 
     </span>
    </p>
   </div>
  </div>
