4120 6584
692 442 760 497 79
1708 437 1768 493 S.
1810 432 2086 491 CYBILLI
2128 433 2230 489 Αιι

2331 430 2593 487 LNDRINI
2634 429 2953 486 ARCHIBI‘.
2983 474 2987 477 .
3842 430 3931 489 so

690 554 854 611 veluti
878 552 1122 624 praecisa.
1154 551 1469 621 visioneque
1520 552 1587 606 ad
1639 551 1799 605 aliam
1837 548 2230 617 contemplatio

2351 546 2540 618 ὥσπερ
2562 546 2663 616 τῆς
2694 544 2948 616 πρώτης,
3008 545 3102 599 καὶ
3152 543 3562 615 μεταφοιτὼσης
3604 541 3701 611 τῆς
3753 541 3930 610 ὂψεως

690 660 814 702 nem
847 652 1183 709 transeunte,
1209 643 1433 697 nomine
1462 641 1838 697 conversionis
1874 642 1925 695 id
1951 639 2094 710 quod
2124 653 2251 696 eve-

691 736 773 791 nit
812 734 975 789 tacite
1023 732 1248 788 indicat.
1304 732 1498 787 Mentis
1551 731 1716 800 igitur
1761 731 1950 786 oculos
1996 731 2048 785 in
2084 729 2250 784 altum

691 825 850 889 tollit,
877 824 1070 879 deinde
1095 822 1285 878 falcem
1320 825 1437 877 avis
1469 824 1643 876 instar
1670 822 1723 877 in
1769 820 1997 877 sublime
2029 820 2252 883 elatam,

670 924 743 970 -θι
764 916 916 984 quasi
947 913 1000 969 in
1044 922 1212 967 totum
1259 915 1445 967 orbem
1497 913 1835 967 desilientem
1867 912 2030 967 videt.
2085 909 2249 982 695

689 1003 764 1059 Ea
801 1013 921 1059 erat
949 1016 1208 1073 perquam
1251 1002 1359 1057 lata
1408 1013 1465 1057 et
1496 1002 1675 1072 longa.
1712 1002 1846 1056 Nam
1879 1003 2051 1056 viceni
2082 1000 2249 1056 cubiti

687 1091 962 1164 longitudo
982 1092 1117 1159 ejus,
1160 1092 1314 1161 cujus
1348 1092 1625 1147 dimidium
1666 1091 1889 1147 latitudo
1919 1091 2246 1147 continebat.

686 1182 971 1252 Qumrcnte
1008 1197 1226 1237 rursum
1270 1181 1465 1251 angelo
1503 1181 1630 1251 quid
1683 1192 1846 1247 esset,
1895 1190 1952 1236 et
1988 1181 2248 1251 propheta

684 1274 1062 1344 respondente,
1090 1286 1147 1326 se
1177 1273 1388 1328 nescire
1416 1289 1430 1327 :
1458 1290 1475 1325 ι
1509 1272 1654 1337 llam,
1690 1273 1864 1342 inquit
1889 1272 2099 1337 ille,est
2129 1286 2246 1325 tua-

681 1364 902 1419 ledictio
928 1364 1216 1433 egrediens
1253 1378 1415 1433 super
1451 1364 1644 1419 faciem
1690 1364 1958 1418 universa:
2000 1372 2179 1429 terras,
2218 1379 2239 1415 s

682 1466 739 1510 et
798 1455 974 1524 ptenis
1030 1455 1477 1523 respondentibus
1535 1454 1761 1509 induens
1828 1452 2127 1524 periurum,
2190 1460 2247 1506 et

678 1558 802 1598 cum
833 1557 897 1597 eo
930 1543 1124 1596 furem.
1160 1543 1224 1596 Et
1259 1543 1401 1612 quod
1454 1542 1669 1611 quidem
1703 1542 1769 1596 ad
1812 1542 2241 1597 manifestiorem

679 1634 839 1702 hujus
870 1635 1070 1687 ostenti
1107 1632 1531 1688 declarationem
1573 1634 1788 1698 attinet,
1820 1632 1965 1688 nulla
2000 1640 2084 1689 est
2108 1631 2245 1687 dilll-

674 1725 874 1777 eultas.
939 1722 1241 1777 Maledictio
1282 1722 1425 1777 enim
1476 1724 1656 1777 divina
1699 1723 1847 1779 fures
1898 1732 1952 1779 et
1993 1738 2114 1780 cum
2159 1725 2242 1780 bis

677 1813 919 1885 pt-jerarc
966 1813 1154 1868 solitos
1198 1813 1354 1882 plane
1397 1814 1706 1883 occupabit,
1751 1823 1807 1868 et
1855 1813 2238 1884 propemodum

2350 639 2447 691 ἐπι
2482 637 2713 708 θεωρίαν
2754 636 2970 706 ἑτέραν,
3000 634 3080 706 τῷ
3115 634 3215 705 τῆς
3248 633 3583 703 ἐπιστροφῆς
3614 632 3835 701 ὀνόματι
3872 632 3931 685 τὸ

2346 724 2571 794 συμϐὰν
2617 723 2928 790 ὑποφαίνει.
2958 722 3114 794 Αίρει
3156 722 3333 775 τοίνυν
3370 724 3449 785 εἰς
3482 719 3615 791 ὕψος
3661 720 3764 791 τῆς
3807 719 3929 774 δια-

2350 814 2497 878 νοίας
2532 816 2657 878 τοὺς
2689 814 3036 884 ὀφθαλμοὺς,
3077 809 3194 866 εἶτα
3236 812 3502 884 δρέπανον
3542 811 3679 882 ὁρᾷ,
3722 808 3928 878 πτηνοῦ

2347 905 2527 976 δίκην,
2558 904 2693 974 ὑψοῦ
2734 919 2795 957 τε
2821 904 3079 975 ἠρμένον,
3110 904 3205 957 καὶ
3240 900 3354 956 οἷον
3390 905 3470 966 εἰς
3506 904 3687 956 πᾶσαν
3716 901 3930 972 διᾷττον

2346 995 2448 1066 τὴν
2479 996 2602 1065 γῆν.
2626 990 2734 1047 Ἦν
2766 994 2823 1049 δὲ
2871 994 2936 1064 δὴ
2965 994 3085 1047 λίαν
3122 991 3254 1064 εὐρύ
3300 1008 3361 1045 τε
3404 992 3498 1045 καὶ
3529 990 3793 1061 εὔμηκες.
3825 991 3927 1044 Εἰ·
3959 1005 3963 1007 ‘

2349 1087 2635 1156 κοσάπηχυ
2667 1084 2769 1155 μὲν
2797 1084 2904 1156 γὰρ
2930 1083 2992 1137 τὸ
3022 1084 3194 1154 μῆκος
3221 1082 3389 1153 αὐτῷ,
3415 1084 3472 1136 ὲν
3504 1082 3691 1154 ἡμίσει
3713 1081 3774 1134 δὲ
3802 1079 3930 1135 τού⁴

2345 1192 2440 1230 του
2468 1176 2531 1228 τὸ
2563 1175 2784 1239 πλάτος.
2821 1174 3115 1247 Ἐρομένου
3148 1174 3205 1227 δὲ
3235 1172 3329 1226 τοῦ
3368 1173 3623 1242 ἀγγέλου,
3652 1172 3706 1225 τί
3740 1171 3807 1226 ἂν
3833 1170 3930 1239 εἴη

2348 1266 2544 1332 πάλιν,
2594 1268 2687 1320 καὶ
2735 1267 2811 1337 μὴ
2859 1265 3060 1320 εἰδέναι
3111 1265 3409 1333 φάσκοντος
3457 1263 3553 1317 τοῦ
3605 1263 3928 1334 προφήτου,

2350 1377 2371 1409 s
2399 1342 2571 1428 Αὕτη,
2599 1360 2782 1427 φησιν,
2812 1359 2847 1428 ή
2876 1356 3050 1428 ἀρά”ὴ
3078 1355 3485 1427 ἐκπορευομένη
3514 1354 3607 1408 ἐπὶ
3632 1353 3932 1425 πρόσωπον

2346 1450 2526 1518 πάσης
2557 1453 2654 1521 τῆς
2694 1450 2818 1519 γῆς,
2845 1468 2864 1501 s
2898 1449 2994 1503 κειίΙ
3028 1452 3150 1512 ταῖς
3180 1450 3315 1519 αὐτῇ
3352 1447 3689 1519 πρεπούσαις
3718 1448 3928 1500 ὲνιεῖσα

2343 1543 2553 1604 ποιναῖς
2579 1541 2670 1594 τὸν
2692 1541 2967 1611 ἐπίορκον,
2997 1540 3090 1594 καὶ
3119 1540 3215 1594 σὺν
3240 1541 3389 1609 αὐτῷ
3412 1539 3502 1593 τὸν
3530 1537 3789 1608 κλέπτην.
3812 1536 3927 1588 Καὶ

2342 1629 2465 1683 ὅσον
2502 1630 2603 1696 μὲν
2631 1630 2754 1700 ἥκει
2781 1632 2859 1693 εἰς
2886 1629 3299 1699 ἐμφανεστέραν
3342 1628 3574 1699 δήλωσιν
3600 1625 3699 1696 τὴν
3723 1622 3817 1677 ἐπί
3854 1638 3924 1691 γε

2338 1723 2418 1793 τῷ
2444 1721 2790 1792 δεδειγμένιρ,
2815 1722 3071 1793 δυσχερὲς
3097 1722 3269 1776 οὐδέν.
3307 1721 3438 1792 ’Δρά
3466 1718 3573 1790 γὰρ
3597 1718 3716 1771 θεία
3739 1718 3921 1786 πάντη

2340 1830 2399 1866 τε
2433 1813 2527 1867 καὶ
2562 1813 2779 1877 πάντως
2823 1814 3335 1885 κατανεμηθήσεται
3364 1814 3491 1876 τοὺς
3521 1811 3780 1875 κλέπτας,
3821 1808 3922 1861 καὶ

674 1905 815 1961 falce
836 1915 1119 1974 protervos
1140 1906 1440 1969 detnetens,
1461 1903 1641 1958 fenum
1666 1913 1927 1958 teetorum
1947 1904 2133 1959 reddet
2153 1905 2196 1937 “
2219 1946 2230 1973 ,

2340 1903 2561 1975 προσέτι
2609 1904 2707 1957 σὺν
2751 1903 2962 1969 τούτοις
3007 1905 3131 1968 τοὺς
3169 1904 3488 1975 ψευδορκεῖν
3536 1902 3791 1964 εἰωθότας
3826 1902 3921 1955 καὶ

674 2005 730 2052 et
756 1996 863 2066 igni
885 1994 1199 2049 alimentum
1227 1994 1395 2059 dabit,
1420 2004 1475 2048 et
1502 1996 1555 2049 in
1593 1993 1811 2049 domum
1842 1993 1943 2048 viri
1973 1995 2233 2061 ingressa,

677 2086 838 2139 talem
872 2096 1062 2138 rursus
1096 2082 1276 2151 ipsum
1315 2081 1589 2147 conficiet,
1635 2090 1691 2136 et
1726 2082 1952 2151 agitabit
1994 2092 2233 2139 strenue.

673 2176 883 2232 Censeo
924 2187 1086 2243 porro
1130 2187 1324 2228 causas
1374 2173 1689 2242 proficiendi
1741 2173 1918 2227 studio
1967 2174 2235 2230 curiosius

674 2266 1115 2338 perscrutandas,
1146 2264 1214 2319 ob
1249 2278 1386 2333 quas
1417 2279 1656 2334 praesens
1682 2278 1845 2332 quam
1890 2263 1945 2318 in
1988 2265 2237 2320 manibus

675 2359 941 2414 habemus
974 2356 1112 2411 visio
1150 2357 1362 2410 caeteris
1403 2356 1617 2426 adjungi
1655 2355 1862 2409 debuit.
1906 2353 2083 2421 Quare
2130 2357 2235 2427 (iu-

671 2450 823 2519 quiet
855 2447 1049 2515 aliquis
1083 2446 1358 2516 aequitatis
1403 2446 1795 2513 studiosorum)
1837 2459 1960 2498 cum
2000 2444 2233 2514 plurima

668 2547 890 2612 peccata
921 2538 1393 2593 committerentur
1431 2536 1483 2590 in
1526 2537 1658 2598 vita,
1696 2545 1752 2591 et
1792 2545 1904 2590 tum
1938 2536 2029 2590 lilii
2065 2536 2235 2591 Israel

667 2626 898 2682 diversis
935 2639 995 2679 se
1035 2624 1359 2679 criminibus
1395 2625 1908 2693 commaculassent,
1943 2626 2072 2681 solis
2104 2625 2235 2681 furi-

668 2716 771 2772 bus
813 2724 868 2770 et
914 2713 1147 2784 perjuris
1200 2712 1525 2782 supplicium
1585 2712 1738 2770 falcis
1769 2716 2036 2784 ingruisse
2080 2716 2231 2781 dicit,

668 2806 785 2861 sive
824 2805 1007 2874 egredi
1049 2803 1505 2869 tnaledictionem,
1549 2805 1931 2861 detondmttem
1970 2822 2105 2876 quos
2143 2808 2235 2863 deo

667 2895 1036 2966 prehenderit,
1077 2904 1132 2948 et
1154 2904 1561 2950 consumentem
1595 2896 1857 2965 penitus?
1888 2900 1971 2953 Ad
1993 2899 2110 2955 haec
2147 2915 2230 2955 re-

677 2988 1026 3055 spondemus,
1051 2986 1219 3041 Deum
1258 2985 1487 3054 singulis
1523 2987 1851 3056 temporibus
1873 2989 2230 3043 conducentia

668 3077 907 3133 locutum
956 3090 1089 3131 esse
1128 3090 1233 3145 per
1282 3076 1573 3145 prophetas
1621 3085 1838 3132 sanctos
1890 3078 2232 3133 audientibus

666 3181 879 3237 semper
910 3166 1303 3221 consulentem.
1338 3163 1435 3219 illo
1470 3166 1636 3235 igitur
1663 3176 1902 3236 tempore
1930 3170 2232 3224 viventibus

667 3261 807 3311 hanc
837 3256 1098 3312 visionem
1131 3254 1367 3309 maxime
1396 3264 1579 3308 notam
1612 3270 1736 3310 esse
1763 3258 2068 3324 oportebat.
2094 3257 2232 3311 Cau-

665 3364 754 3405 sas
780 3346 1150 3414 snbjiciemus,
1174 3355 1230 3400 et
1250 3346 1762 3415 opportunissimam
1792 3347 1964 3403 fuisse
1998 3350 2227 3403 demon-

661 3440 973 3495 strabimus.
1006 3436 1218 3491 Etenim
1248 3438 1408 3491 simul
1435 3446 1595 3507 atque
1623 3438 1876 3492 Chaldzca
1926 3440 2139 3506 relicta,
2173 3449 2231 3494 et

662 3548 692 3584 a
719 3532 849 3601 jugo
892 3528 1175 3585 servitutis
1205 3526 1459 3582 vindicati
1487 3526 1743 3583 Israelita:
1774 3530 1826 3584 in
1866 3528 2106 3585 Iudaeam
2137 3545 2228 3585 re-

663 3629 964 3686 verterunt,
1003 3617 1537 3685 llierosolymamqne
1582 3630 1927 3689 receperunt,
1975 3636 2095 3676 cum
2134 3636 2229 3677 eos

665 3710 940 3766 veteribus
979 3709 1084 3763 illis
1117 3709 1325 3763 delictis
1356 3709 1575 3762 modum
1603 3724 1828 3777 ponere,
1859 3721 1913 3766 et
1952 3726 2228 3783 regressus

661 3803 731 3857 ad
764 3801 1063 3864 salutaria,
1113 3807 1362 3853 anteacta
1409 3800 1718 3869 emendare,
1765 3811 1820 3855 et
1856 3801 2225 3871 liberatorem,

664 3894 920 3947 voluntati
938 3894 1054 3959 ejus
1083 3889 1375 3944 serviendo
1412 3905 1658 3946 recreare
1684 3894 2015 3960 conveniret,
2037 3895 2227 3950 nihilo-

654 3970 858 4048 minus
889 3982 939 4035 in
975 3981 1183 4036 scelere
1212 3981 1648 4050 perseverabant,
1707 3984 2015 4054 prmscripta
2048 3984 2221 4054 legum

661 4076 830 4132 libere
856 4074 1134 4129 violantes.
1172 4071 1304 4127 Nam
1344 4089 1464 4128 cum
1492 4075 1750 4129 vetuisset
1778 4075 1951 4130 Moses
1980 4077 2221 4148 conjugia

658 4182 780 4221 cum
827 4161 1149 4233 alienigenis
1194 4162 1516 4218 mulieribus
1540 4164 1584 4195 υ
1610 4202 1626 4229 ,
1667 4163 1743 4218 illi
1780 4164 1939 4232 hujus
1985 4167 2220 4221 mandati

657 4256 858 4321 securi,
889 4269 1009 4309 cum
1040 4252 1254 4308 tiliabus
1284 4254 1579 4307 vicinarum
1608 4254 1845 4322 gentium
1870 4269 2099 4325 corpora
2132 4271 2222 4311 co-

658 4342 937 4415 pulabant,
993 4344 1405 4413 alienorumque
1463 4344 1754 4400 liberorum
1804 4354 1983 4415 patres
2023 4343 2221 4401 elﬁcie-

656 4438 876 4498 bantur,
908 4443 960 4488 et
987 4434 1205 4504 insuper
1237 4436 1784 4491 sanctamecivitatem
1820 4437 1984 4506 impio
2014 4436 2221 4493 semine

2340 1994 2624 2064 μονονουχὶ
2648 1994 2899 2065 δρεπάνῳ
2929 1995 3054 2058 τοὺς
3084 1995 3345 2065 ὑϐριστὰς
3370 1993 3755 2065 ἀποκείρουσα,
3783 1992 3918 2064 χόρο

2336 2099 2427 2137 τον
2452 2082 2718 2152 ἀποφανεῖ
2738 2084 3021 2154 δωμάτων,
3049 2084 3143 2138 καὶ
3172 2084 3305 2154 πυρὶ
3331 2083 3541 2139 διδώσει
3567 2083 3791 2154 τροφὴν,
3818 2084 3918 2136 καὶ

2334 2174 2418 2236 εἰς
2446 2169 2594 2228 οἷκον
2641 2174 2832 2245 ἀνδρὸς
2876 2174 3175 2242 εἰσελῶσα,
3209 2174 3452 2228 τοιοῦτον
3499 2174 3807 2229 συντελέσει
3854 2192 3915 2227 τι

2334 2263 2498 2317 πάλιν
2533 2264 2718 2328 αὐτὸν,
2766 2265 2860 2319 καὶ
2902 2266 3255 2337 καταδονήσει
3301 2266 3587 2336 γεννικῶς.
3617 2265 3831 2337 Χρῆναι
3858 2266 3917 2319 δὶ

2334 2350 2487 2424 οἶμαι
2524 2354 2834 2425 φιλομαθῶς
2863 2356 3333 2428 πολυπραγμονεῖν
3357 2358 3459 2421 τὰς
3487 2357 3682 2422 αἰτίας,
3715 2358 3801 2426 ἐφ’
3826 2352 3916 2420 αἷς

2335 2444 2369 2513 ἡ
2401 2443 2669 2515 παροῦσα,
2696 2446 2791 2497 καὶ
2818 2447 2875 2498 ἐν
2907 2446 3094 2516 χερσὶν
3140 2448 3271 2517 ἡμῖν
3297 2448 3508 2517 ὅρασις,
3534 2446 3609 2510 ῶς
3640 2446 3915 2515 ἀναγκαία

2328 2537 2454 2598 ταῖς
2480 2535 2666 2599 ἄλλαις
2693 2538 3216 2608 συνεισκεκόμισται.
3256 2538 3395 2591 ’Δνθ’
3416 2538 3539 2591 ὅτου
3563 2536 3642 2600 δὲ,
3669 2536 3802 2608 φαίη
3828 2553 3912 2599 τις

2332 2626 2400 2680 ἂν
2444 2625 2552 2680 τῶν
2584 2628 3019 2699 ἐπιεικεστέρων,
3054 2628 3323 2682 πλείστων
3368 2644 3429 2681 τε
3471 2628 3610 2682 ὅσων
3650 2626 3911 2699 πλημμε-

2332 2715 2588 2786 λημάτων
2631 2720 2801 2774 όντων
2847 2720 2990 2774 κατά
3030 2720 3123 2773 τὸν
3181 2717 3316 2788 βίον,
3360 2719 3454 2772 καὶ
3495 2718 3601 2789 μὴν
3632 2718 3689 2771 ἐν
3724 2716 3913 2785 διαφό-

2333 2823 2449 2877 ροις
2480 2807 2648 2862 ὄντων
2679 2809 3019 2878 αἰτιαμάτων
3052 2808 3114 2862 τὸ
3140 2808 3400 2880 τηνικάδε
3424 2808 3533 2863 τῶν
3567 2807 3627 2873 ἐξ
3671 2806 3910 2879 Ἰσραὴλ,

2331 2896 2475 2951 κατά
2504 2898 2679 2968 μόνων
2706 2900 2954 2953 κλεπτων
2980 2916 3041 2953 τε
3061 2898 3157 2952 καὶ
3182 2884 3527 2971 ψευδομοτῶν
3564 2897 3663 2969 τὴν
3687 2897 3777 2952 διὰ
3811 2896 3912 2952 τοῦ

2329 2986 2596 3059 δρεπάνου
2642 2990 2836 3063 ποινὴν
2885 2989 3226 3063 ἐπηρτῆσθαι
3278 2984 3463 3061 φησιν,
3513 2988 3681 3059 ἡγουν
3740 2990 3911 3042 ἐκπο-

2336 3079 2585 3149 ρεύεσθαι
2608 3080 2706 3152 τὴν
2734 3082 2894 3153 ἀρὰν,
2924 3082 3325 3153 ἀποκείρουσαν
3348 3081 3474 3145 τοὺς
3497 3080 3909 3151 ἁλισκομένους,

2334 3172 2428 3224 καὶ
2467 3173 2820 3229 συντελοῦσαν
2854 3175 2933 3238 εἰς
2964 3174 3145 3242 ἇπανς
3181 3174 3323 3246 Πρὸς
3352 3173 3416 3244 δὴ
3445 3171 3516 3227 τά
3540 3171 3768 3228 τοιαῦτά
3803 3190 3912 3242 cp:-

2334 3278 2455 3331 μεν,
2486 3264 2567 3317 ὅτι
2604 3260 2673 3317 τὰ
2706 3264 2923 3335 ἑκάστῳ
2968 3268 3216 3336 χρήσιμα
3249 3263 3427 3335 καιρῷ
3457 3263 3545 3319 διὰ
3590 3263 3700 3318 τῶν
3738 3263 3913 3333 ἀγίων

2332 3352 2622 3423 προφητῶν
2647 3353 2825 3408 ἐλάλει
2846 3354 2999 3417 Θεὸς,
3026 3354 3111 3408 ἀεί
3140 3370 3257 3417 πως
3284 3353 3509 3423 ὠφελῶν
3535 3352 3661 3417 τοὺς
3686 3352 3911 3408 ἀκούον-

2327 3460 2446 3506 τας.
2486 3439 2594 3496 Ἦν
2636 3439 2730 3497 οὖν
2779 3446 3072 3511 ἀναγκαῖον
3107 3447 3220 3508 τοῖς
3256 3444 3319 3499 τὸ
3364 3444 3616 3514 τηνικάδε
3669 3443 3912 3514 μάλιστα

2327 3530 2532 3602 ταύτην
2578 3529 2727 3603 σαφῆ
2777 3530 3036 3601 γενέσθαι
3079 3531 3178 3604 τὴν
3221 3533 3431 3605 ὅρασιν.
3482 3530 3803 3602 Ἐποίσομεν
3846 3532 3909 3586 δὲ

2325 3621 2424 3686 τάς
2450 3622 2647 3686 αἰτίας,
2681 3622 3104 3694 ὲπικαιροτάτην
3130 3617 3294 3677 οὖσαν
3322 3623 3649 3686 δεικνύντες.
3685 3620 3908 3693 Ἐπειδὴ

2325 3710 2434 3782 γὰρ
2462 3711 2559 3783 τὴν
2591 3713 2700 3767 τῶν
2726 3715 3009 3768 Χαλδαίων
3036 3714 3266 3783 ἀφέντες
3294 3714 3448 3785 μόλις
3482 3716 3531 3768 οἰ
3563 3714 3625 3779 ἐξ
3662 3711 3905 3783 Ἰσραὴλ,

2327 3802 2421 3854 καί
2467 3802 2559 3855 τὸν
2608 3805 2707 3873 τῆς
2753 3804 2995 3867 δουλείας
3034 3804 3435 3874 ἀπολυσάμενοι
3478 3803 3661 3871 ζυγὸν,
3708 3804 3906 3857 ἀπενό-

2325 3907 2529 3963 στησαν
2556 3894 2636 3956 εἰς
2689 3893 2778 3963 έὴν
2812 3893 3091 3961 Ἰουδαίαν,
3122 3895 3215 3948 καὶ
3256 3889 3396 3965 ἦσαν
3424 3894 3482 3947 ὲν
3522 3895 3634 3958 τοῖς
3677 3892 3907 3963 Ἰεροσο-

2323 3981 2536 4052 λύμοις,
2568 3983 2685 4037 δέον
2713 3985 3011 4057 ἀπέχεσθαι
3043 3985 3153 4039 τῶν
3182 3987 3423 4057 ἀρχαίων
3451 3986 3675 4040 ἐκείνων
3716 3984 3903 4055 πλημ-

2326 4075 2459 4146 μελη
2468 4076 2673 4145 μάτων,
2698 4078 2791 4131 καί⁸
2818 4081 2937 4144 ταῖς
2959 4081 3037 4143 εἰς
3058 4078 3119 4133 τὸ
3143 4079 3365 4151 ἄμεινον
3386 4079 3717 4150 ἀναδρομαῖς
3740 4080 3903 4131 ὲπαν⁹

2322 4167 2513 4237 ορθοῦν
2540 4185 2600 4221 τε
2646 4169 2714 4222 τὸ.
2746 4169 3049 4239 φθάσαντα,
3093 4170 3187 4223 καί
3221 4170 3641 4241 κατευφραίνιιν
3672 4168 3763 4223 τδν
3806 4168 3903 4221 λυο

2320 4255 2552 4327 τρωτὴν,
2582 4258 2650 4311 τὰ
2670 4258 2819 4329 αὺτῷ
2840 4257 3101 4313 δοκοῦντα
3126 4256 3365 4330 πληροῦν
3389 4256 3718 4329 ᾑρημένους,
3742 4255 3900 4310 οὐδὲν

2319 4341 2481 4419 ἧττον
2503 4344 2644 4419 ἦσαν
2671 4350 2844 4403 όποῐοι
2872 4348 2965 4403 καί
2991 4364 3143 4413 ποτε,
3174 4347 3541 4419 παραλύοντες
3568 4347 3899 4416 ἀφυλάκτως

2320 4436 2379 4492 τὸ
2400 4437 2478 4509 τῷ
2514 4438 2663 4510 νόμῳ
2691 4439 2903 4496 δοκοῦν.
2938 4441 3369 4511 ’Δποφάσκοντος
3393 4440 3503 4512 γὰρ
3532 4438 3625 4493 τοῦ
3650 4440 3892 4503 Μωσέως

662 4524 961 4596 replebant.
996 4523 1167 4579 Erant
1199 4538 1363 4594 porro
1396 4526 1610 4595 quidam
1650 4526 1790 4581 inter
1821 4526 1942 4582 illos
1980 4528 2215 4583 honora-

2331 4527 2381 4581 εδ
2406 4528 2513 4585 δεῖν
2535 4529 2731 4594 αὐτοὺς
2753 4522 3069 4600 ἀλλοφύλοις
3093 4528 3481 4600 ἐπιμίγνυσθαι
3505 4527 3775 4602 γυναιξὶν,
3798 4530 3895 4582 et).

656 4617 824 4673 tiores
857 4615 925 4671 ab
963 4614 1332 4683 hujuscemodi
1360 4616 1569 4685 piaculo
1602 4618 1742 4672 baud
1770 4618 2056 4685 immunes,
2079 4619 2220 4688 quod

655 4707 865 4763 Esdras
893 4703 1316 4776 deflebat;quin
1356 4716 1409 4761 et
1434 4706 1698 4762 accedens
1745 4706 1810 4760 ad
1853 4706 2088 4761 divinam
2124 4708 2221 4761 do-

654 4812 800 4850 mum
834 4810 932 4865 pro
967 4796 1149 4866 impiis
1183 4794 1440 4850 fundebat
1471 4810 1680 4864 preces.
1707 4794 1874 4868 696
1909 4796 2046 4861 Quid
2076 4806 2219 4866 post-

653 4888 874 4942 modum
902 4887 1167 4951 eveuerit,
1203 4900 1272 4942 ex
1305 4888 1521 4955 scriptis
1548 4886 1667 4955 ejus
1696 4900 2106 4955 cognoscemus,
2128 4887 2218 4943 ubi

550 4988 553 4995 '
652 4977 728 5031 ita
754 4977 982 5048 legimus
1010 4994 1024 5033 :
1059 4997 1078 5030 ι
1109 4976 1176 5032 Ει
1205 4987 1488 5048 postquam
1515 4992 1678 5033 orans
1704 4975 1902 5032 Esdras
1927 4977 2069 5046 quod
2099 4984 2218 5031 erat

651 5074 899 5142 exposuit
919 5070 1053 5128 liena
1095 5080 1150 5127 et
1187 5073 1335 5127 humi
1369 5073 1569 5127 cadens
1618 5084 1801 5126 coram
1838 5069 2054 5140 templo,
2103 5069 2214 5125 col-

651 5162 778 5218 lecti
809 5172 935 5218 sunt
966 5162 1034 5217 ad
1065 5174 1185 5216 eum
1215 5162 1286 5218 ab
1317 5159 1703 5230 Hierosolymis
1736 5159 1904 5216 turbat
1926 5159 2105 5215 multae
2137 5160 2216 5215 ni-

650 5253 775 5317 mis,
791 5252 894 5307 viri
921 5260 976 5306 et
1005 5252 1255 5307 mulieres
1301 5262 1357 5306 et
1382 5251 1789 5309 adolescentes:
1826 5267 2051 5322 magnus
2071 5251 2215 5306 enim

649 5350 770 5396 erat
793 5341 950 5396 ﬂetus
988 5342 1041 5396 in
1066 5341 1367 5410 populo.Et
1398 5342 1729 5409 respondens
1757 5338 2043 5396 .leclmnias
2074 5341 2213 5396 filius

647 5431 783 5488 Jeeli
812 5432 878 5487 de
911 5432 1035 5487 filiis
1072 5432 1255 5496 Israel,
1294 5433 1429 5485 dixit
1454 5431 1640 5486 Esdrac
1673 5451 1687 5487 :
1720 5430 1827 5487 Nos
1869 5431 2211 5501 praevaricali

651 5537 837 5577 sumus
866 5524 917 5576 in
956 5522 1235 5578 Dominum
1270 5523 1459 5587 Deum,
1503 5532 1555 5579 et
1593 5524 1844 5578 duximus
1889 5524 2044 5578 nobis
2076 5538 2211 5577 uxo-

649 5630 738 5672 res
762 5613 965 5671 alienas
987 5615 1053 5671 de
1081 5614 1291 5685 populis
1324 5624 1508 5683 terra,
1541 5622 1595 5671 et
1631 5614 1907 5670 cobabitat
1940 5614 2045 5670 illis
2093 5627 2212 5669 om-

2320 4619 2402 4672 τοὶ
2437 4619 2545 4673 τῶν
2581 4618 3016 4690 τεθεσπισμένων
3065 4617 3221 4689 ὀλίγα
3268 4619 3725 4691 πεφροντικότες,
3769 4622 3893 4683 ταῖς

2318 4707 2427 4760 τῶν
2450 4708 2663 4779 ὁμόρων
2699 4706 2868 4761 ἐθνῶν
2906 4708 3296 4763 συνεπλέκοντο
3323 4708 3644 4778 θυγατράσι,
3671 4710 3766 4762 καὶ
3799 4711 3888 4761 τέ-

2320 4814 2461 4850 κνων
2496 4792 2635 4869 ἦσαν
2668 4796 2962 4869 ἀλλοτρίων
3007 4796 3277 4869 πατέρες,
3322 4798 3416 4851 καὶ
3456 4798 3668 4853 ἀνοσίου
3721 4800 3894 4870 σπέρ-

2322 4902 2489 4957 ματος
2530 4886 2710 4959 πλήρη
2756 4887 2917 4943 πάλιν
2953 4887 3342 4958 ἀποφαίνοντες
3385 4887 3484 4960 τὴν
3515 4888 3675 4957 ἁγίαν
3710 4888 3886 4943 πόλιν.

2319 4970 2501 5031 Ἦσαν
2523 4976 2580 5031 δέ
2607 4995 2754 5043 τινες
2781 4979 2874 5033 καί
2899 4978 3006 5033 τῶν
3029 4979 3085 5032 ιν
3107 4979 3291 5043 αὐτοῖς
3316 4978 3755 5051 ἑπιφανεστέρων
3775 4980 3888 5042 τοῖς

2319 5068 2577 5131 τοιούτοις
2614 5069 2955 5141 ὲνισχημένοι
2993 5068 3355 5140 πταίσμασιν,
3396 5060 3458 5122 οὗ
3493 5067 3558 5139 δὴ
3605 5069 3886 5137 γεγονότος

2321 5161 2640 5229 κατεθρήνει
2669 5160 2768 5231 μὲν
2792 5160 2822 5213 ό
2845 5156 3100 5230 Ἔσδρας,
3130 5159 3224 5214 καὶ
3249 5159 3313 5228 δη
3336 5159 3428 5212 καὶ
3452 5157 3542 5212 τὸν
3570 5157 3713 5213 θεῖον
3740 5153 3885 5213 οἷκον

2322 5248 2662 5315 καταλαϐὼν,
2707 5250 2806 5313 τὰς
2853 5250 2993 5321 ὑπέρ
3035 5266 3099 5319 γε
3128 5249 3235 5304 τῶν
3266 5248 3614 5320 ἠσεϐηκότων
3650 5251 3885 5304 ἐποιεῖτο

2317 5338 2487 5402 λιτάς.
2514 5335 2647 5394 Εἶτα
2680 5340 2732 5394 τί
2772 5339 3023 5409 γενέσθαι
3050 5338 3415 5411 συμϐέϐηκεν,
3448 5340 3509 5405 ἐξ
3539 5341 3718 5396 αὐτῶν
3746 5339 3889 5395 εἰσόο

2321 5429 2457 5501 μεθα
2497 5431 2604 5485 τῶν
2635 5431 2784 5503 αὑτῷ
2819 5431 3244 5504 γεγραμμένων*
3277 5431 3391 5503 εχει
3426 5432 3481 5485 δὲ
3514 5432 3689 5486 οὕτωσ
3728 5453 3749 5486 s
3780 5433 3885 5487 Καὶ

2315 5522 2404 5575 ὅτε
2451 5522 2877 5594 προσευχόμενος
2905 5524 3140 5596 Ἔσδρας
3164 5518 3629 5595 ἀνθωμολογεῖτο,
3662 5523 3883 5589 κλαίων,

2318 5614 2662 5685 χαμαιπετὴς
2713 5613 3022 5686 ἔμπροσθεν
3066 5614 3163 5671 τοῦ
3216 5614 3397 5687 ἱεροῦ,
3446 5615 3888 5687 ἑπισυνήχθηοαν

712 5789 762 5869 δ’
804 5786 945 5843 Psal.
984 5802 1208 5857 cxxvm,
1251 5789 1303 5844 6.
1383 5790 1429 5819 “
1468 5788 1635 5844 Exod.
1680 5804 1861 5854 sxxtv,
1909 5788 1973 5841 16
2010 5804 2025 5853 ;
2074 5787 2226 5843 Dent.
2271 5801 2365 5853 vn,
2407 5786 2441 5841 3
2493 5800 2645 5856 seqq.
