  <div class='ocr_page' id='page_1' title='image "/cluster/home/n/w/nwhite01/storage/ocr_20150623/72/hvd.32044019207893/048.png"; bbox 0 0 4120 6564; ppageno 0'>
   <div class='ocr_carea' id='block_1_1' title="bbox 279 412 359 468">
    <p class='ocr_par' dir='ltr' id='par_1_1' title="bbox 279 412 359 468">
     <span class='ocr_line' id='line_1_1' title="bbox 279 412 359 468; baseline 0 0"><span class='ocrx_word' id='word_1_1' title='bbox 279 412 359 468; x_wconf 66' lang='grc' dir='ltr'><strong>ει</strong></span> 
     </span>
    </p>
   </div>
   <div class='ocr_carea' id='block_1_2' title="bbox 1126 406 1878 474">
    <p class='ocr_par' dir='ltr' id='par_1_2' title="bbox 1126 406 1878 471">
     <span class='ocr_line' id='line_1_2' title="bbox 1126 406 1878 471; baseline -0.005 -7"><span class='ocrx_word' id='word_1_2' title='bbox 1126 406 1683 471; x_wconf 69' lang='lat' dir='ltr'><strong>COMMENTARIUS</strong></span> <span class='ocrx_word' id='word_1_3' title='bbox 1725 407 1789 462; x_wconf 84' lang='lat' dir='ltr'><strong>IN</strong></span> <span class='ocrx_word' id='word_1_4' title='bbox 1831 408 1878 461; x_wconf 36' lang='grc' dir='ltr'>Ζ.</span> 
     </span>
    </p>
   </div>
   <div class='ocr_carea' id='block_1_3' title="bbox 1980 406 3536 474">
    <p class='ocr_par' dir='ltr' id='par_1_3' title="bbox 1980 407 3536 474">
     <span class='ocr_line' id='line_1_3' title="bbox 1980 407 3536 474; baseline 0.005 -12"><span class='ocrx_word' id='word_1_5' title='bbox 1980 407 2229 464; x_wconf 77' lang='lat' dir='ltr'><strong>llARlAlll</strong></span> <span class='ocrx_word' id='word_1_6' title='bbox 2266 408 2714 474; x_wconf 68' lang='lat' dir='ltr'><strong>PROPHETAM.</strong></span> <span class='ocrx_word' id='word_1_7' title='bbox 3465 411 3536 470; x_wconf 70' lang='grc'><strong>82</strong></span> 
     </span>
    </p>
   </div>
   <div class='ocr_carea' id='block_1_4' title="bbox 283 523 1878 599">
    <p class='ocr_par' dir='ltr' id='par_1_4' title="bbox 283 523 1857 599">
     <span class='ocr_line' id='line_1_4' title="bbox 283 523 1857 599; baseline -0.004 -15"><span class='ocrx_word' id='word_1_8' title='bbox 283 529 422 599; x_wconf 84' lang='grc' dir='ltr'>πρὸς</span> <span class='ocrx_word' id='word_1_9' title='bbox 450 529 612 582; x_wconf 75' lang='grc' dir='ltr'>αὐτὸν</span> <span class='ocrx_word' id='word_1_10' title='bbox 649 527 756 580; x_wconf 81' lang='grc' dir='ltr'><strong>ἀπὸ</strong></span> <span class='ocrx_word' id='word_1_11' title='bbox 786 523 1174 596; x_wconf 76' lang='grc' dir='ltr'>Ἰεροσολύμων</span> <span class='ocrx_word' id='word_1_12' title='bbox 1213 524 1361 596; x_wconf 74' lang='grc' dir='ltr'>δχλοι</span> <span class='ocrx_word' id='word_1_13' title='bbox 1408 524 1592 579; x_wconf 85' lang='grc' dir='ltr'>πολλοί</span> <span class='ocrx_word' id='word_1_14' title='bbox 1622 526 1857 598; x_wconf 88' lang='grc' dir='ltr'>σφόδρα,</span> 
     </span>
    </p>
   </div>
   <div class='ocr_carea' id='block_1_5' title="bbox 1980 523 3538 599">
    <p class='ocr_par' dir='ltr' id='par_1_5' title="bbox 1980 525 3538 596">
     <span class='ocr_line' id='line_1_5' title="bbox 1980 525 3538 596; baseline 0.002 -15"><span class='ocrx_word' id='word_1_15' title='bbox 1980 527 2050 581; x_wconf 74' lang='lat' dir='ltr'><strong>iis</strong></span> <span class='ocrx_word' id='word_1_16' title='bbox 2085 525 2272 582; x_wconf 85' lang='lat' dir='ltr'><strong>Israel.</strong></span> <span class='ocrx_word' id='word_1_17' title='bbox 2299 529 2359 580; x_wconf 89' lang='lat' dir='ltr'><strong>lu</strong></span> <span class='ocrx_word' id='word_1_18' title='bbox 2401 527 2504 582; x_wconf 92' lang='lat' dir='ltr'><strong>boe</strong></span> <span class='ocrx_word' id='word_1_19' title='bbox 2531 526 2899 596; x_wconf 87' lang='lat' dir='ltr'><strong>percutiamus</strong></span> <span class='ocrx_word' id='word_1_20' title='bbox 2937 528 3114 584; x_wconf 71' lang='lat' dir='ltr'><strong>fmdus</strong></span> <span class='ocrx_word' id='word_1_21' title='bbox 3151 541 3272 581; x_wconf 88' lang='lat' dir='ltr'><strong>cum</strong></span> <span class='ocrx_word' id='word_1_22' title='bbox 3309 527 3538 585; x_wconf 89' lang='lat' dir='ltr'><strong>Domino</strong></span> 
     </span>
    </p>
   </div>
   <div class='ocr_carea' id='block_1_6' title="bbox 283 613 1864 688">
    <p class='ocr_par' dir='ltr' id='par_1_6' title="bbox 283 613 1864 688">
     <span class='ocr_line' id='line_1_6' title="bbox 283 613 1864 688; baseline -0.003 -13"><span class='ocrx_word' id='word_1_23' title='bbox 283 620 496 687; x_wconf 72' lang='grc' dir='ltr'>ἄνδρες,</span> <span class='ocrx_word' id='word_1_24' title='bbox 529 621 618 671; x_wconf 77' lang='grc' dir='ltr'>καὶ</span> <span class='ocrx_word' id='word_1_25' title='bbox 647 619 920 685; x_wconf 86' lang='grc' dir='ltr'>γυναῖκες,</span> <span class='ocrx_word' id='word_1_26' title='bbox 952 615 1047 670; x_wconf 75' lang='grc' dir='ltr'>καὶ</span> <span class='ocrx_word' id='word_1_27' title='bbox 1075 615 1316 670; x_wconf 85' lang='grc' dir='ltr'>νεανίαι·</span> <span class='ocrx_word' id='word_1_28' title='bbox 1355 615 1630 688; x_wconf 85' lang='grc' dir='ltr'>κλαυθμὸς</span> <span class='ocrx_word' id='word_1_29' title='bbox 1659 617 1768 688; x_wconf 85' lang='grc' dir='ltr'><strong>γάρ</strong></span> <span class='ocrx_word' id='word_1_30' title='bbox 1796 613 1864 688; x_wconf 80' lang='grc' dir='ltr'>ἦν</span> 
     </span>
    </p>
   </div>
   <div class='ocr_carea' id='block_1_7' title="bbox 288 705 1862 781">
    <p class='ocr_par' dir='ltr' id='par_1_7' title="bbox 288 705 1862 781">
     <span class='ocr_line' id='line_1_7' title="bbox 288 705 1862 781; baseline -0.001 -19"><span class='ocrx_word' id='word_1_31' title='bbox 288 711 464 781; x_wconf 87' lang='grc' dir='ltr'>μέγας</span> <span class='ocrx_word' id='word_1_32' title='bbox 492 710 549 761; x_wconf 76' lang='grc' dir='ltr'>ὲν</span> <span class='ocrx_word' id='word_1_33' title='bbox 589 707 668 778; x_wconf 84' lang='grc' dir='ltr'>τῷ</span> <span class='ocrx_word' id='word_1_34' title='bbox 698 707 912 778; x_wconf 81' lang='grc' dir='ltr'>πλήθει.</span> <span class='ocrx_word' id='word_1_35' title='bbox 945 705 1057 760; x_wconf 72' lang='grc' dir='ltr'><strong>Καὶ</strong></span> <span class='ocrx_word' id='word_1_36' title='bbox 1091 707 1346 777; x_wconf 79' lang='grc' dir='ltr'><strong>φωνήσας</strong></span> <span class='ocrx_word' id='word_1_37' title='bbox 1382 708 1633 777; x_wconf 80' lang='grc' dir='ltr'><strong>Ἰεχονίας</strong></span> <span class='ocrx_word' id='word_1_38' title='bbox 1665 708 1862 778; x_wconf 85' lang='grc' dir='ltr'>Ίεήλου</span> 
     </span>
    </p>
   </div>
   <div class='ocr_carea' id='block_1_8' title="bbox 284 793 1865 872">
    <p class='ocr_par' dir='ltr' id='par_1_8' title="bbox 284 793 1865 872">
     <span class='ocr_line' id='line_1_8' title="bbox 284 793 1865 872; baseline 0.001 -20"><span class='ocrx_word' id='word_1_39' title='bbox 284 800 391 852; x_wconf 83' lang='grc' dir='ltr'><strong>τῶν</strong></span> <span class='ocrx_word' id='word_1_40' title='bbox 421 798 552 854; x_wconf 85' lang='grc' dir='ltr'>υίῶν</span> <span class='ocrx_word' id='word_1_41' title='bbox 584 798 800 869; x_wconf 79' lang='grc' dir='ltr'>Ἰσραὴλ</span> <span class='ocrx_word' id='word_1_42' title='bbox 828 793 978 850; x_wconf 82' lang='grc' dir='ltr'>εἶπεν</span> <span class='ocrx_word' id='word_1_43' title='bbox 1003 797 1207 868; x_wconf 78' lang='grc' dir='ltr'>Ἔσδρᾳ</span> <span class='ocrx_word' id='word_1_44' title='bbox 1225 814 1237 828; x_wconf 85' lang='grc'><strong>·</strong></span> <span class='ocrx_word' id='word_1_45' title='bbox 1271 817 1290 850; x_wconf 79' lang='grc' dir='ltr'><strong>ι</strong></span> <span class='ocrx_word' id='word_1_46' title='bbox 1331 799 1521 868; x_wconf 82' lang='grc' dir='ltr'>Ἡμεῖς</span> <span class='ocrx_word' id='word_1_47' title='bbox 1543 801 1865 872; x_wconf 81' lang='grc' dir='ltr'><strong>ἡμάρτομεν</strong></span> 
     </span>
    </p>
   </div>
   <div class='ocr_carea' id='block_1_9' title="bbox 285 888 1865 960">
    <p class='ocr_par' dir='ltr' id='par_1_9' title="bbox 285 888 1865 960">
     <span class='ocr_line' id='line_1_9' title="bbox 285 888 1865 960; baseline 0 -17"><span class='ocrx_word' id='word_1_48' title='bbox 285 891 364 952; x_wconf 80' lang='grc' dir='ltr'><strong>εἰς</strong></span> <span class='ocrx_word' id='word_1_49' title='bbox 406 888 608 960; x_wconf 76' lang='grc' dir='ltr'>Κύριον</span> <span class='ocrx_word' id='word_1_50' title='bbox 637 890 728 942; x_wconf 89' lang='grc' dir='ltr'><strong>τὸν</strong></span> <span class='ocrx_word' id='word_1_51' title='bbox 777 889 933 954; x_wconf 85' lang='grc' dir='ltr'><strong>Θεὸν,</strong></span> <span class='ocrx_word' id='word_1_52' title='bbox 973 890 1068 942; x_wconf 74' lang='grc' dir='ltr'>καὶ</span> <span class='ocrx_word' id='word_1_53' title='bbox 1100 889 1479 960; x_wconf 86' lang='grc' dir='ltr'>συνῳκίσαμεν</span> <span class='ocrx_word' id='word_1_54' title='bbox 1518 892 1731 956; x_wconf 78' lang='grc' dir='ltr'>ἑαυτοῖς</span> <span class='ocrx_word' id='word_1_55' title='bbox 1766 908 1865 959; x_wconf 81' lang='grc' dir='ltr'>γυ-</span> 
     </span>
    </p>
   </div>
   <div class='ocr_carea' id='block_1_10' title="bbox 287 978 1867 1050">
    <p class='ocr_par' dir='ltr' id='par_1_10' title="bbox 287 978 1867 1050">
     <span class='ocr_line' id='line_1_10' title="bbox 287 978 1867 1050; baseline 0.002 -19"><span class='ocrx_word' id='word_1_56' title='bbox 287 981 476 1041; x_wconf 83' lang='grc' dir='ltr'>ναῖκας</span> <span class='ocrx_word' id='word_1_57' title='bbox 511 978 816 1047; x_wconf 85' lang='grc' dir='ltr'>άλλογενεῖς</span> <span class='ocrx_word' id='word_1_58' title='bbox 840 979 948 1032; x_wconf 81' lang='grc' dir='ltr'>ἀπὸ</span> <span class='ocrx_word' id='word_1_59' title='bbox 975 981 1084 1033; x_wconf 90' lang='grc' dir='ltr'><strong>τῶν</strong></span> <span class='ocrx_word' id='word_1_60' title='bbox 1113 979 1283 1032; x_wconf 82' lang='grc' dir='ltr'>ὲθνῶν</span> <span class='ocrx_word' id='word_1_61' title='bbox 1311 979 1412 1049; x_wconf 79' lang='grc' dir='ltr'>τῆς</span> <span class='ocrx_word' id='word_1_62' title='bbox 1444 979 1575 1050; x_wconf 81' lang='grc' dir='ltr'>γῆς,</span> <span class='ocrx_word' id='word_1_63' title='bbox 1608 981 1702 1034; x_wconf 72' lang='grc' dir='ltr'>καὶ</span> <span class='ocrx_word' id='word_1_64' title='bbox 1742 981 1867 1034; x_wconf 83' lang='grc' dir='ltr'>σύν-</span> 
     </span>
    </p>
   </div>
   <div class='ocr_carea' id='block_1_11' title="bbox 283 1065 1866 1140">
    <p class='ocr_par' dir='ltr' id='par_1_11' title="bbox 283 1065 1866 1140">
     <span class='ocr_line' id='line_1_11' title="bbox 283 1065 1866 1140; baseline 0.003 -22"><span class='ocrx_word' id='word_1_65' title='bbox 283 1081 434 1118; x_wconf 75' lang='grc' dir='ltr'>εστιν</span> <span class='ocrx_word' id='word_1_66' title='bbox 463 1065 652 1128; x_wconf 84' lang='grc' dir='ltr'>αὑταῖς</span> <span class='ocrx_word' id='word_1_67' title='bbox 683 1067 791 1128; x_wconf 80' lang='grc' dir='ltr'>πᾶς</span> <span class='ocrx_word' id='word_1_68' title='bbox 828 1066 1066 1136; x_wconf 87' lang='grc' dir='ltr'>Ἰσραήλ.</span> <span class='ocrx_word' id='word_1_69' title='bbox 1108 1067 1196 1120; x_wconf 90' lang='grc' dir='ltr'>Ἐν</span> <span class='ocrx_word' id='word_1_70' title='bbox 1236 1066 1411 1138; x_wconf 88' lang='grc' dir='ltr'>τούτῳ</span> <span class='ocrx_word' id='word_1_71' title='bbox 1443 1069 1685 1136; x_wconf 81' lang='grc' dir='ltr'><strong>γενέσθω</strong></span> <span class='ocrx_word' id='word_1_72' title='bbox 1733 1071 1866 1140; x_wconf 88' lang='grc' dir='ltr'>ήμῖν</span> 
     </span>
    </p>
   </div>
   <div class='ocr_carea' id='block_1_12' title="bbox 281 1154 1869 1227">
    <p class='ocr_par' dir='ltr' id='par_1_12' title="bbox 281 1154 1869 1227">
     <span class='ocr_line' id='line_1_12' title="bbox 281 1154 1869 1227; baseline 0.003 -20"><span class='ocrx_word' id='word_1_73' title='bbox 281 1154 599 1225; x_wconf 82' lang='grc' dir='ltr'>ὁρκωμοσία</span> <span class='ocrx_word' id='word_1_74' title='bbox 641 1154 775 1224; x_wconf 87' lang='grc' dir='ltr'>πρὸς</span> <span class='ocrx_word' id='word_1_75' title='bbox 814 1155 903 1207; x_wconf 89' lang='grc' dir='ltr'><strong>τὸν</strong></span> <span class='ocrx_word' id='word_1_76' title='bbox 953 1155 1181 1227; x_wconf 82' lang='grc' dir='ltr'><strong>Κύριον,</strong></span> <span class='ocrx_word' id='word_1_77' title='bbox 1235 1155 1486 1210; x_wconf 78' lang='grc' dir='ltr'>ὲκὸαλεῖν</span> <span class='ocrx_word' id='word_1_78' title='bbox 1537 1159 1715 1222; x_wconf 86' lang='grc' dir='ltr'>πάσας</span> <span class='ocrx_word' id='word_1_79' title='bbox 1767 1158 1869 1221; x_wconf 84' lang='grc' dir='ltr'><strong>τὰς</strong></span> 
     </span>
    </p>
   </div>
   <div class='ocr_carea' id='block_1_13' title="bbox 285 1245 1866 1317">
    <p class='ocr_par' dir='ltr' id='par_1_13' title="bbox 285 1245 1866 1317">
     <span class='ocr_line' id='line_1_13' title="bbox 285 1245 1866 1317; baseline 0.003 -19"><span class='ocrx_word' id='word_1_80' title='bbox 285 1247 550 1314; x_wconf 86' lang='grc' dir='ltr'>γυναῖκας</span> <span class='ocrx_word' id='word_1_81' title='bbox 606 1245 784 1316; x_wconf 90' lang='grc' dir='ltr'>ήμῶν,</span> <span class='ocrx_word' id='word_1_82' title='bbox 845 1246 945 1309; x_wconf 84' lang='grc' dir='ltr'>τὰς</span> <span class='ocrx_word' id='word_1_83' title='bbox 991 1248 1055 1300; x_wconf 78' lang='grc' dir='ltr'>ἐκ</span> <span class='ocrx_word' id='word_1_84' title='bbox 1091 1247 1201 1300; x_wconf 87' lang='grc' dir='ltr'><strong>τῶν</strong></span> <span class='ocrx_word' id='word_1_85' title='bbox 1246 1248 1572 1317; x_wconf 81' lang='grc' dir='ltr'>ἀλλογενῶν,</span> <span class='ocrx_word' id='word_1_86' title='bbox 1620 1250 1717 1302; x_wconf 75' lang='grc' dir='ltr'>σὺν</span> <span class='ocrx_word' id='word_1_87' title='bbox 1755 1252 1866 1313; x_wconf 85' lang='grc' dir='ltr'>τοῖς</span> 
     </span>
    </p>
   </div>
   <div class='ocr_carea' id='block_1_14' title="bbox 283 1335 1868 1410">
    <p class='ocr_par' dir='ltr' id='par_1_14' title="bbox 283 1335 1868 1410">
     <span class='ocr_line' id='line_1_14' title="bbox 283 1335 1868 1410; baseline 0.003 -22"><span class='ocrx_word' id='word_1_88' title='bbox 283 1336 495 1399; x_wconf 70' lang='grc' dir='ltr'>τέκνοις</span> <span class='ocrx_word' id='word_1_89' title='bbox 523 1335 725 1399; x_wconf 79' lang='grc' dir='ltr'>αὐτῶν,</span> <span class='ocrx_word' id='word_1_90' title='bbox 758 1336 835 1398; x_wconf 79' lang='grc' dir='ltr'><strong>ὡς</strong></span> <span class='ocrx_word' id='word_1_91' title='bbox 871 1336 1068 1409; x_wconf 77' lang='grc' dir='ltr'><strong>ἐκρίθη</strong></span> <span class='ocrx_word' id='word_1_92' title='bbox 1106 1338 1190 1391; x_wconf 72' lang='grc' dir='ltr'>σοὶ</span> <span class='ocrx_word' id='word_1_93' title='bbox 1221 1339 1314 1392; x_wconf 72' lang='grc' dir='ltr'>καὶ</span> <span class='ocrx_word' id='word_1_94' title='bbox 1344 1339 1459 1392; x_wconf 81' lang='grc' dir='ltr'>ὅσοι</span> <span class='ocrx_word' id='word_1_95' title='bbox 1511 1339 1868 1410; x_wconf 72' lang='grc' dir='ltr'>πειθαρχοῦσι</span> 
     </span>
    </p>
   </div>
   <div class='ocr_carea' id='block_1_15' title="bbox 285 1425 1868 1498">
    <p class='ocr_par' dir='ltr' id='par_1_15' title="bbox 285 1425 1868 1498">
     <span class='ocr_line' id='line_1_15' title="bbox 285 1425 1868 1498; baseline -0.001 -19"><span class='ocrx_word' id='word_1_96' title='bbox 285 1425 364 1495; x_wconf 81' lang='grc' dir='ltr'>τῷ</span> <span class='ocrx_word' id='word_1_97' title='bbox 389 1425 558 1495; x_wconf 87' lang='grc' dir='ltr'>νόμῳ.</span> <span class='ocrx_word' id='word_1_98' title='bbox 595 1425 850 1488; x_wconf 81' lang='grc' dir='ltr'>Ἀνάστα,</span> <span class='ocrx_word' id='word_1_99' title='bbox 877 1425 1136 1478; x_wconf 80' lang='grc' dir='ltr'>έπιτέλει⁶</span> <span class='ocrx_word' id='word_1_100' title='bbox 1162 1426 1299 1498; x_wconf 90' lang='grc' dir='ltr'>πρὸς</span> <span class='ocrx_word' id='word_1_101' title='bbox 1320 1426 1379 1479; x_wconf 84' lang='grc' dir='ltr'>σὲ</span> <span class='ocrx_word' id='word_1_102' title='bbox 1403 1427 1510 1498; x_wconf 86' lang='grc' dir='ltr'><strong>γάρ</strong></span> <span class='ocrx_word' id='word_1_103' title='bbox 1532 1427 1592 1480; x_wconf 92' lang='grc' dir='ltr'><strong>τὸ</strong></span> <span class='ocrx_word' id='word_1_104' title='bbox 1615 1429 1868 1497; x_wconf 81' lang='grc' dir='ltr'>πρᾶγμα,</span> 
     </span>
    </p>
   </div>
   <div class='ocr_carea' id='block_1_16' title="bbox 289 1515 1872 1587">
    <p class='ocr_par' dir='ltr' id='par_1_16' title="bbox 289 1515 1872 1587">
     <span class='ocr_line' id='line_1_16' title="bbox 289 1515 1872 1587; baseline 0.001 -19"><span class='ocrx_word' id='word_1_105' title='bbox 289 1517 382 1571; x_wconf 75' lang='grc' dir='ltr'>καὶ</span> <span class='ocrx_word' id='word_1_106' title='bbox 420 1517 584 1587; x_wconf 88' lang='grc' dir='ltr'>ήμεῖς</span> <span class='ocrx_word' id='word_1_107' title='bbox 620 1515 758 1585; x_wconf 85' lang='grc' dir='ltr'><strong>μετά</strong></span> <span class='ocrx_word' id='word_1_108' title='bbox 789 1515 882 1568; x_wconf 88' lang='grc' dir='ltr'><strong>σοῦ</strong></span> <span class='ocrx_word' id='word_1_109' title='bbox 916 1517 1068 1585; x_wconf 81' lang='grc' dir='ltr'>ἰσχὺν</span> <span class='ocrx_word' id='word_1_110' title='bbox 1103 1519 1292 1570; x_wconf 87' lang='grc' dir='ltr'>ποιεῖν.</span> <span class='ocrx_word' id='word_1_111' title='bbox 1337 1518 1446 1570; x_wconf 78' lang='grc' dir='ltr'><strong>Καὶ</strong></span> <span class='ocrx_word' id='word_1_112' title='bbox 1473 1519 1711 1581; x_wconf 83' lang='grc' dir='ltr'>ἀναστὰς</span> <span class='ocrx_word' id='word_1_113' title='bbox 1741 1519 1872 1570; x_wconf 78' lang='grc' dir='ltr'><strong>Ἐσ-</strong></span> 
     </span>
    </p>
   </div>
   <div class='ocr_carea' id='block_1_17' title="bbox 287 1607 1874 1680">
    <p class='ocr_par' dir='ltr' id='par_1_17' title="bbox 287 1607 1874 1680">
     <span class='ocr_line' id='line_1_17' title="bbox 287 1607 1874 1680; baseline -0.002 -19"><span class='ocrx_word' id='word_1_114' title='bbox 287 1608 441 1679; x_wconf 82' lang='grc' dir='ltr'>δρας,</span> <span class='ocrx_word' id='word_1_115' title='bbox 477 1607 681 1680; x_wconf 83' lang='grc' dir='ltr'>ὥρκισε</span> <span class='ocrx_word' id='word_1_116' title='bbox 713 1608 842 1670; x_wconf 81' lang='grc' dir='ltr'>τοὺς</span> <span class='ocrx_word' id='word_1_117' title='bbox 873 1607 1182 1680; x_wconf 85' lang='grc' dir='ltr'>φυλάρχους</span> <span class='ocrx_word' id='word_1_118' title='bbox 1209 1607 1317 1660; x_wconf 87' lang='grc' dir='ltr'><strong>τῶν</strong></span> <span class='ocrx_word' id='word_1_119' title='bbox 1347 1609 1558 1679; x_wconf 78' lang='grc' dir='ltr'>ἱερέων,</span> <span class='ocrx_word' id='word_1_120' title='bbox 1589 1611 1685 1662; x_wconf 80' lang='grc' dir='ltr'>καὶ</span> <span class='ocrx_word' id='word_1_121' title='bbox 1717 1610 1874 1662; x_wconf 85' lang='grc' dir='ltr'>Λευῖ-</span> 
     </span>
    </p>
   </div>
   <div class='ocr_carea' id='block_1_18' title="bbox 290 1700 1868 1773">
    <p class='ocr_par' dir='ltr' id='par_1_18' title="bbox 290 1700 1868 1773">
     <span class='ocr_line' id='line_1_18' title="bbox 290 1700 1868 1773; baseline -0.001 -17"><span class='ocrx_word' id='word_1_122' title='bbox 290 1703 398 1757; x_wconf 87' lang='grc' dir='ltr'><strong>τῶν</strong></span> <span class='ocrx_word' id='word_1_123' title='bbox 431 1702 632 1766; x_wconf 86' lang='grc' dir='ltr'>παντὸς</span> <span class='ocrx_word' id='word_1_124' title='bbox 667 1700 882 1773; x_wconf 80' lang='grc' dir='ltr'>Ἰσραὴλ</span> <span class='ocrx_word' id='word_1_125' title='bbox 924 1701 1145 1771; x_wconf 84' lang='grc' dir='ltr'>ποιῆσαι</span> <span class='ocrx_word' id='word_1_126' title='bbox 1187 1700 1328 1755; x_wconf 85' lang='grc' dir='ltr'>κατὰ</span> <span class='ocrx_word' id='word_1_127' title='bbox 1359 1701 1550 1766; x_wconf 86' lang='grc' dir='ltr'>ταῦτα,</span> <span class='ocrx_word' id='word_1_128' title='bbox 1598 1701 1692 1754; x_wconf 75' lang='grc' dir='ltr'>καὶ</span> <span class='ocrx_word' id='word_1_129' title='bbox 1720 1700 1868 1770; x_wconf 78' lang='grc' dir='ltr'>ὤμο-</span> 
     </span>
    </p>
   </div>
   <div class='ocr_carea' id='block_1_19' title="bbox 292 1787 1872 1865">
    <p class='ocr_par' dir='ltr' id='par_1_19' title="bbox 292 1787 1872 1865">
     <span class='ocr_line' id='line_1_19' title="bbox 292 1787 1872 1865; baseline -0.003 -17"><span class='ocrx_word' id='word_1_130' title='bbox 292 1811 411 1849; x_wconf 86' lang='grc' dir='ltr'>σαν.</span> <span class='ocrx_word' id='word_1_131' title='bbox 442 1813 461 1847; x_wconf 76' lang='grc' dir='ltr'><strong>ι</strong></span> <span class='ocrx_word' id='word_1_132' title='bbox 505 1796 851 1865; x_wconf 74' lang='grc' dir='ltr'>Ὀμωμοκόσι</span> <span class='ocrx_word' id='word_1_133' title='bbox 880 1792 946 1864; x_wconf 81' lang='grc' dir='ltr'>δὴ</span> <span class='ocrx_word' id='word_1_134' title='bbox 973 1787 1066 1846; x_wconf 81' lang='grc' dir='ltr'>οὖν</span> <span class='ocrx_word' id='word_1_135' title='bbox 1096 1790 1174 1861; x_wconf 85' lang='grc' dir='ltr'>τῷ</span> <span class='ocrx_word' id='word_1_136' title='bbox 1223 1791 1376 1862; x_wconf 86' lang='grc' dir='ltr'>νόμῳ</span> <span class='ocrx_word' id='word_1_137' title='bbox 1423 1791 1688 1846; x_wconf 85' lang='grc' dir='ltr'>δοκοῦντα</span> <span class='ocrx_word' id='word_1_138' title='bbox 1731 1791 1872 1861; x_wconf 83' lang='grc' dir='ltr'>πλη-</span> 
     </span>
    </p>
   </div>
   <div class='ocr_carea' id='block_1_20' title="bbox 1963 615 3541 688">
    <p class='ocr_par' dir='ltr' id='par_1_20' title="bbox 1963 615 3541 688">
     <span class='ocr_line' id='line_1_20' title="bbox 1963 615 3541 688; baseline 0.001 -16"><span class='ocrx_word' id='word_1_139' title='bbox 1963 616 2030 672; x_wconf 79' lang='lat' dir='ltr'><strong>ad</strong></span> <span class='ocrx_word' id='word_1_140' title='bbox 2059 615 2379 684; x_wconf 86' lang='lat' dir='ltr'><strong>ejiciendum</strong></span> <span class='ocrx_word' id='word_1_141' title='bbox 2414 631 2604 672; x_wconf 88' lang='lat' dir='ltr'><strong>omnes</strong></span> <span class='ocrx_word' id='word_1_142' title='bbox 2643 617 2896 673; x_wconf 83' lang='lat' dir='ltr'><strong>mulieres</strong></span> <span class='ocrx_word' id='word_1_143' title='bbox 2940 627 3157 672; x_wconf 88' lang='lat' dir='ltr'><strong>nostras</strong></span> <span class='ocrx_word' id='word_1_144' title='bbox 3179 632 3246 671; x_wconf 77' lang='lat' dir='ltr'><strong>ex</strong></span> <span class='ocrx_word' id='word_1_145' title='bbox 3284 616 3541 688; x_wconf 85' lang='lat' dir='ltr'><strong>alienige-</strong></span> 
     </span>
    </p>
   </div>
   <div class='ocr_carea' id='block_1_21' title="bbox 1963 706 3542 777">
    <p class='ocr_par' dir='ltr' id='par_1_21' title="bbox 1963 706 3542 777">
     <span class='ocr_line' id='line_1_21' title="bbox 1963 706 3542 777; baseline -0.001 -15"><span class='ocrx_word' id='word_1_146' title='bbox 1963 707 2070 772; x_wconf 86' lang='lat' dir='ltr'><strong>nis,</strong></span> <span class='ocrx_word' id='word_1_147' title='bbox 2101 721 2226 762; x_wconf 90' lang='lat' dir='ltr'><strong>cum</strong></span> <span class='ocrx_word' id='word_1_148' title='bbox 2262 706 2450 761; x_wconf 91' lang='lat' dir='ltr'><strong>liberis</strong></span> <span class='ocrx_word' id='word_1_149' title='bbox 2478 706 2742 776; x_wconf 88' lang='lat' dir='ltr'><strong>ipsarum,</strong></span> <span class='ocrx_word' id='word_1_150' title='bbox 2777 715 2835 762; x_wconf 91' lang='lat' dir='ltr'><strong>ut</strong></span> <span class='ocrx_word' id='word_1_151' title='bbox 2864 707 3161 777; x_wconf 72' lang='lat' dir='ltr'><strong>iudicatum</strong></span> <span class='ocrx_word' id='word_1_152' title='bbox 3201 714 3284 761; x_wconf 91' lang='lat' dir='ltr'><strong>est</strong></span> <span class='ocrx_word' id='word_1_153' title='bbox 3315 721 3345 760; x_wconf 87' lang='lat' dir='ltr'><strong>a</strong></span> <span class='ocrx_word' id='word_1_154' title='bbox 3387 714 3458 772; x_wconf 90' lang='lat' dir='ltr'><strong>te,</strong></span> <span class='ocrx_word' id='word_1_155' title='bbox 3485 717 3542 761; x_wconf 88' lang='lat' dir='ltr'><strong>et</strong></span> 
     </span>
    </p>
   </div>
   <div class='ocr_carea' id='block_1_22' title="bbox 1963 797 3540 868">
    <p class='ocr_par' dir='ltr' id='par_1_22' title="bbox 1963 797 3540 868">
     <span class='ocr_line' id='line_1_22' title="bbox 1963 797 3540 868; baseline -0.001 -15"><span class='ocrx_word' id='word_1_156' title='bbox 1963 799 2217 854; x_wconf 90' lang='lat' dir='ltr'><strong>omnibus</strong></span> <span class='ocrx_word' id='word_1_157' title='bbox 2243 798 2333 867; x_wconf 92' lang='lat' dir='ltr'><strong>qui</strong></span> <span class='ocrx_word' id='word_1_158' title='bbox 2370 799 2496 853; x_wconf 83' lang='lat' dir='ltr'><strong>huic</strong></span> <span class='ocrx_word' id='word_1_159' title='bbox 2521 798 2623 868; x_wconf 82' lang='lat' dir='ltr'><strong>legi</strong></span> <span class='ocrx_word' id='word_1_160' title='bbox 2654 800 3049 868; x_wconf 77' lang='lat' dir='ltr'><strong>obtemperant.</strong></span> <span class='ocrx_word' id='word_1_161' title='bbox 3091 799 3285 868; x_wconf 73' lang='lat' dir='ltr'><strong>Surge,</strong></span> <span class='ocrx_word' id='word_1_162' title='bbox 3330 797 3437 863; x_wconf 79' lang='lat' dir='ltr'><strong>fac,</strong></span> <span class='ocrx_word' id='word_1_163' title='bbox 3472 798 3540 852; x_wconf 84' lang='lat' dir='ltr'><strong>ad</strong></span> 
     </span>
    </p>
   </div>
   <div class='ocr_carea' id='block_1_23' title="bbox 1965 888 3542 958">
    <p class='ocr_par' dir='ltr' id='par_1_23' title="bbox 1965 888 3542 958">
     <span class='ocr_line' id='line_1_23' title="bbox 1965 888 3542 958; baseline -0.002 -14"><span class='ocrx_word' id='word_1_164' title='bbox 1965 896 2019 944; x_wconf 90' lang='lat' dir='ltr'><strong>te</strong></span> <span class='ocrx_word' id='word_1_165' title='bbox 2045 888 2189 942; x_wconf 91' lang='lat' dir='ltr'><strong>enim</strong></span> <span class='ocrx_word' id='word_1_166' title='bbox 2224 888 2500 956; x_wconf 74' lang='lat' dir='ltr'><strong>negotium</strong></span> <span class='ocrx_word' id='word_1_167' title='bbox 2547 889 2809 958; x_wconf 89' lang='lat' dir='ltr'><strong>pertinet,</strong></span> <span class='ocrx_word' id='word_1_168' title='bbox 2849 898 2904 942; x_wconf 88' lang='lat' dir='ltr'><strong>et</strong></span> <span class='ocrx_word' id='word_1_169' title='bbox 2953 904 3053 942; x_wconf 90' lang='lat' dir='ltr'><strong>nos</strong></span> <span class='ocrx_word' id='word_1_170' title='bbox 3099 899 3273 943; x_wconf 90' lang='lat' dir='ltr'><strong>tecum</strong></span> <span class='ocrx_word' id='word_1_171' title='bbox 3309 888 3375 944; x_wconf 88' lang='lat' dir='ltr'><strong>ad</strong></span> <span class='ocrx_word' id='word_1_172' title='bbox 3412 901 3542 942; x_wconf 82' lang='lat' dir='ltr'><strong>con-</strong></span> 
     </span>
    </p>
   </div>
   <div class='ocr_carea' id='block_1_24' title="bbox 1963 977 3543 1048">
    <p class='ocr_par' dir='ltr' id='par_1_24' title="bbox 1963 977 3543 1048">
     <span class='ocr_line' id='line_1_24' title="bbox 1963 977 3543 1048; baseline -0.006 -9"><span class='ocrx_word' id='word_1_173' title='bbox 1963 983 2296 1039; x_wconf 80' lang='lat' dir='ltr'><strong>fortandum.</strong></span> <span class='ocrx_word' id='word_1_174' title='bbox 2328 983 2396 1036; x_wconf 88' lang='lat' dir='ltr'><strong>Et</strong></span> <span class='ocrx_word' id='word_1_175' title='bbox 2429 981 2667 1037; x_wconf 77' lang='lat' dir='ltr'><strong>surrexit</strong></span> <span class='ocrx_word' id='word_1_176' title='bbox 2694 980 2916 1046; x_wconf 89' lang='lat' dir='ltr'><strong>Esdras,</strong></span> <span class='ocrx_word' id='word_1_177' title='bbox 2955 989 3007 1035; x_wconf 89' lang='lat' dir='ltr'><strong>et</strong></span> <span class='ocrx_word' id='word_1_178' title='bbox 3040 978 3310 1046; x_wconf 87' lang='lat' dir='ltr'><strong>adjuravit</strong></span> <span class='ocrx_word' id='word_1_179' title='bbox 3339 977 3543 1048; x_wconf 88' lang='lat' dir='ltr'><strong>princi-</strong></span> 
     </span>
    </p>
   </div>
   <div class='ocr_carea' id='block_1_25' title="bbox 1963 1064 3544 1143">
    <p class='ocr_par' dir='ltr' id='par_1_25' title="bbox 1963 1064 3544 1143">
     <span class='ocr_line' id='line_1_25' title="bbox 1963 1064 3544 1143; baseline -0.005 -16"><span class='ocrx_word' id='word_1_180' title='bbox 1963 1088 2061 1143; x_wconf 91' lang='lat' dir='ltr'><strong>pes</strong></span> <span class='ocrx_word' id='word_1_181' title='bbox 2099 1071 2440 1128; x_wconf 80' lang='lat' dir='ltr'><strong>sacerdotum</strong></span> <span class='ocrx_word' id='word_1_182' title='bbox 2476 1082 2531 1126; x_wconf 90' lang='lat' dir='ltr'><strong>et</strong></span> <span class='ocrx_word' id='word_1_183' title='bbox 2571 1071 2888 1125; x_wconf 88' lang='lat' dir='ltr'><strong>Levitarum</strong></span> <span class='ocrx_word' id='word_1_184' title='bbox 2943 1070 3110 1124; x_wconf 89' lang='lat' dir='ltr'><strong>totius</strong></span> <span class='ocrx_word' id='word_1_185' title='bbox 3160 1067 3323 1123; x_wconf 87' lang='lat' dir='ltr'><strong>Israel</strong></span> <span class='ocrx_word' id='word_1_186' title='bbox 3359 1078 3417 1121; x_wconf 92' lang='lat' dir='ltr'><strong>ut</strong></span> <span class='ocrx_word' id='word_1_187' title='bbox 3468 1064 3544 1120; x_wconf 78' lang='lat' dir='ltr'><strong>fa-</strong></span> 
     </span>
    </p>
   </div>
   <div class='ocr_carea' id='block_1_26' title="bbox 1967 1155 3544 1228">
    <p class='ocr_par' dir='ltr' id='par_1_26' title="bbox 1967 1155 3544 1228">
     <span class='ocr_line' id='line_1_26' title="bbox 1967 1155 3544 1228; baseline -0.001 -11"><span class='ocrx_word' id='word_1_188' title='bbox 1967 1171 2155 1217; x_wconf 87' lang='lat' dir='ltr'><strong>cerent</strong></span> <span class='ocrx_word' id='word_1_189' title='bbox 2193 1162 2487 1216; x_wconf 87' lang='lat' dir='ltr'><strong>secundum</strong></span> <span class='ocrx_word' id='word_1_190' title='bbox 2517 1161 2661 1226; x_wconf 74' lang='lat' dir='ltr'><strong>haec;</strong></span> <span class='ocrx_word' id='word_1_191' title='bbox 2705 1170 2761 1215; x_wconf 91' lang='lat' dir='ltr'><strong>et</strong></span> <span class='ocrx_word' id='word_1_192' title='bbox 2783 1159 3104 1228; x_wconf 82' lang='lat' dir='ltr'><strong>juraverunt</strong></span> <span class='ocrx_word' id='word_1_193' title='bbox 3145 1158 3210 1214; x_wconf 79' lang='grc'><strong>⁸³.</strong></span> <span class='ocrx_word' id='word_1_194' title='bbox 3245 1177 3263 1210; x_wconf 74' lang='grc' dir='ltr'><strong>ι</strong></span> <span class='ocrx_word' id='word_1_195' title='bbox 3292 1157 3423 1213; x_wconf 86' lang='lat' dir='ltr'><strong>Cum</strong></span> <span class='ocrx_word' id='word_1_196' title='bbox 3458 1155 3544 1226; x_wconf 80' lang='lat' dir='ltr'><strong>ju-</strong></span> 
     </span>
    </p>
   </div>
   <div class='ocr_carea' id='block_1_27' title="bbox 1967 1247 3548 1320">
    <p class='ocr_par' dir='ltr' id='par_1_27' title="bbox 1967 1247 3548 1320">
     <span class='ocr_line' id='line_1_27' title="bbox 1967 1247 3548 1320; baseline -0.001 -17"><span class='ocrx_word' id='word_1_197' title='bbox 1967 1260 2182 1304; x_wconf 89' lang='lat' dir='ltr'><strong>rassent</strong></span> <span class='ocrx_word' id='word_1_198' title='bbox 2225 1250 2390 1320; x_wconf 78' lang='lat' dir='ltr'><strong>igitur</strong></span> <span class='ocrx_word' id='word_1_199' title='bbox 2434 1251 2501 1305; x_wconf 90' lang='lat' dir='ltr'><strong>de</strong></span> <span class='ocrx_word' id='word_1_200' title='bbox 2542 1250 2721 1319; x_wconf 85' lang='lat' dir='ltr'><strong>legum</strong></span> <span class='ocrx_word' id='word_1_201' title='bbox 2766 1250 3003 1306; x_wconf 80' lang='lat' dir='ltr'><strong>decretis</strong></span> <span class='ocrx_word' id='word_1_202' title='bbox 3033 1247 3417 1317; x_wconf 82' lang='lat' dir='ltr'><strong>exsequendis,</strong></span> <span class='ocrx_word' id='word_1_203' title='bbox 3461 1260 3548 1302; x_wconf 86' lang='lat' dir='ltr'><strong>ne-</strong></span> 
     </span>
    </p>
   </div>
   <div class='ocr_carea' id='block_1_28' title="bbox 1969 1341 3543 1409">
    <p class='ocr_par' dir='ltr' id='par_1_28' title="bbox 1969 1341 3543 1409">
     <span class='ocr_line' id='line_1_28' title="bbox 1969 1341 3543 1409; baseline -0.002 -13"><span class='ocrx_word' id='word_1_204' title='bbox 1969 1341 2266 1396; x_wconf 82' lang='lat' dir='ltr'><strong>cessarium</strong></span> <span class='ocrx_word' id='word_1_205' title='bbox 2315 1351 2434 1397; x_wconf 87' lang='lat' dir='ltr'><strong>erat</strong></span> <span class='ocrx_word' id='word_1_206' title='bbox 2484 1342 2919 1397; x_wconf 88' lang='lat' dir='ltr'><strong>maledictiouem</strong></span> <span class='ocrx_word' id='word_1_207' title='bbox 2972 1355 3135 1409; x_wconf 86' lang='lat' dir='ltr'><strong>supra</strong></span> <span class='ocrx_word' id='word_1_208' title='bbox 3188 1348 3353 1409; x_wconf 89' lang='lat' dir='ltr'><strong>caput</strong></span> <span class='ocrx_word' id='word_1_209' title='bbox 3401 1353 3543 1401; x_wconf 84' lang='lat' dir='ltr'><strong>esse,</strong></span> 
     </span>
    </p>
   </div>
   <div class='ocr_carea' id='block_1_29' title="bbox 1969 1429 3546 1503">
    <p class='ocr_par' dir='ltr' id='par_1_29' title="bbox 1969 1429 3546 1503">
     <span class='ocr_line' id='line_1_29' title="bbox 1969 1429 3546 1503; baseline -0.003 -15"><span class='ocrx_word' id='word_1_210' title='bbox 1969 1448 2092 1503; x_wconf 73' lang='lat' dir='ltr'><strong>qua:</strong></span> <span class='ocrx_word' id='word_1_211' title='bbox 2131 1435 2379 1502; x_wconf 76' lang='lat' dir='ltr'><strong>peierare</strong></span> <span class='ocrx_word' id='word_1_212' title='bbox 2411 1434 2602 1489; x_wconf 87' lang='lat' dir='ltr'><strong>solitos</strong></span> <span class='ocrx_word' id='word_1_213' title='bbox 2632 1433 2990 1489; x_wconf 87' lang='lat' dir='ltr'><strong>inclementer</strong></span> <span class='ocrx_word' id='word_1_214' title='bbox 3033 1431 3259 1496; x_wconf 79' lang='lat' dir='ltr'><strong>invadit,</strong></span> <span class='ocrx_word' id='word_1_215' title='bbox 3299 1440 3356 1484; x_wconf 90' lang='lat' dir='ltr'><strong>ut</strong></span> <span class='ocrx_word' id='word_1_216' title='bbox 3390 1429 3546 1500; x_wconf 84' lang='lat' dir='ltr'><strong>jura-</strong></span> 
     </span>
    </p>
   </div>
   <div class='ocr_carea' id='block_1_30' title="bbox 1973 1521 3546 1595">
    <p class='ocr_par' dir='ltr' id='par_1_30' title="bbox 1973 1521 3546 1595">
     <span class='ocr_line' id='line_1_30' title="bbox 1973 1521 3546 1595; baseline -0.003 -16"><span class='ocrx_word' id='word_1_217' title='bbox 1973 1527 2041 1579; x_wconf 87' lang='lat' dir='ltr'><strong>tis</strong></span> <span class='ocrx_word' id='word_1_218' title='bbox 2067 1535 2294 1581; x_wconf 87' lang='lat' dir='ltr'><strong>starent.</strong></span> <span class='ocrx_word' id='word_1_219' title='bbox 2323 1525 2616 1595; x_wconf 77' lang='lat' dir='ltr'><strong>Postquam</strong></span> <span class='ocrx_word' id='word_1_220' title='bbox 2650 1535 2830 1581; x_wconf 87' lang='lat' dir='ltr'><strong>autem</strong></span> <span class='ocrx_word' id='word_1_221' title='bbox 2884 1523 3086 1593; x_wconf 88' lang='lat' dir='ltr'><strong>templo</strong></span> <span class='ocrx_word' id='word_1_222' title='bbox 3127 1523 3313 1577; x_wconf 89' lang='lat' dir='ltr'><strong>divino</strong></span> <span class='ocrx_word' id='word_1_223' title='bbox 3343 1521 3546 1576; x_wconf 64' lang='lat' dir='ltr'><strong>exaedi-</strong></span> 
     </span>
    </p>
   </div>
   <div class='ocr_carea' id='block_1_31' title="bbox 1973 1612 3548 1686">
    <p class='ocr_par' dir='ltr' id='par_1_31' title="bbox 1973 1612 3548 1686">
     <span class='ocr_line' id='line_1_31' title="bbox 1973 1612 3548 1686; baseline -0.001 -18"><span class='ocrx_word' id='word_1_224' title='bbox 1973 1616 2184 1670; x_wconf 86' lang='lat' dir='ltr'><strong>licando</strong></span> <span class='ocrx_word' id='word_1_225' title='bbox 2237 1617 2456 1684; x_wconf 82' lang='lat' dir='ltr'><strong>grandis</strong></span> <span class='ocrx_word' id='word_1_226' title='bbox 2491 1618 2716 1686; x_wconf 83' lang='lat' dir='ltr'><strong>pecunia</strong></span> <span class='ocrx_word' id='word_1_227' title='bbox 2746 1625 2938 1673; x_wconf 80' lang='lat' dir='ltr'><strong>exacta</strong></span> <span class='ocrx_word' id='word_1_228' title='bbox 2981 1624 3089 1680; x_wconf 91' lang='lat' dir='ltr'><strong>est,</strong></span> <span class='ocrx_word' id='word_1_229' title='bbox 3135 1615 3331 1684; x_wconf 85' lang='lat' dir='ltr'><strong>partim</strong></span> <span class='ocrx_word' id='word_1_230' title='bbox 3387 1612 3548 1667; x_wconf 87' lang='lat' dir='ltr'><strong>Dario</strong></span> 
     </span>
    </p>
   </div>
   <div class='ocr_carea' id='block_1_32' title="bbox 1971 1705 3547 1778">
    <p class='ocr_par' dir='ltr' id='par_1_32' title="bbox 1971 1705 3547 1778">
     <span class='ocr_line' id='line_1_32' title="bbox 1971 1705 3547 1778; baseline -0.004 -17"><span class='ocrx_word' id='word_1_231' title='bbox 1971 1708 2228 1772; x_wconf 84' lang='lat' dir='ltr'><strong>donante,</strong></span> <span class='ocrx_word' id='word_1_232' title='bbox 2265 1709 2463 1777; x_wconf 85' lang='lat' dir='ltr'><strong>partim</strong></span> <span class='ocrx_word' id='word_1_233' title='bbox 2510 1709 2708 1778; x_wconf 90' lang='lat' dir='ltr'><strong>populo</strong></span> <span class='ocrx_word' id='word_1_234' title='bbox 2740 1708 3025 1774; x_wconf 76' lang='lat' dir='ltr'><strong>oll&#39;erente,</strong></span> <span class='ocrx_word' id='word_1_235' title='bbox 3070 1705 3367 1762; x_wconf 84' lang='lat' dir='ltr'><strong>verisimile</strong></span> <span class='ocrx_word' id='word_1_236' title='bbox 3409 1714 3547 1766; x_wconf 87' lang='lat' dir='ltr'><strong>erat,</strong></span> 
     </span>
    </p>
   </div>
   <div class='ocr_carea' id='block_1_33' title="bbox 1972 1795 3551 1866">
    <p class='ocr_par' dir='ltr' id='par_1_33' title="bbox 1972 1795 3551 1866">
     <span class='ocr_line' id='line_1_33' title="bbox 1972 1795 3551 1866; baseline -0.001 -18"><span class='ocrx_word' id='word_1_237' title='bbox 1972 1795 2238 1861; x_wconf 87' lang='lat' dir='ltr'><strong>quosdam</strong></span> <span class='ocrx_word' id='word_1_238' title='bbox 2286 1796 2355 1850; x_wconf 88' lang='lat' dir='ltr'><strong>ad</strong></span> <span class='ocrx_word' id='word_1_239' title='bbox 2399 1810 2520 1852; x_wconf 90' lang='lat' dir='ltr'><strong>eam</strong></span> <span class='ocrx_word' id='word_1_240' title='bbox 2571 1798 2990 1866; x_wconf 84' lang='lat' dir='ltr'><strong>dispensandam</strong></span> <span class='ocrx_word' id='word_1_241' title='bbox 3031 1795 3362 1852; x_wconf 82' lang='lat' dir='ltr'><strong>conStitutos</strong></span> <span class='ocrx_word' id='word_1_242' title='bbox 3401 1807 3551 1860; x_wconf 64' lang='lat' dir='ltr'><strong>qua-</strong></span> 
     </span>
    </p>
   </div>
   <div class='ocr_carea' id='block_1_34' title="bbox 293 1881 1878 1957">
    <p class='ocr_par' dir='ltr' id='par_1_34' title="bbox 293 1881 1875 1957">
     <span class='ocr_line' id='line_1_34' title="bbox 293 1881 1875 1957; baseline -0.003 -19"><span class='ocrx_word' id='word_1_243' title='bbox 293 1884 439 1956; x_wconf 86' lang='grc' dir='ltr'>ροῦν,</span> <span class='ocrx_word' id='word_1_244' title='bbox 479 1881 548 1957; x_wconf 75' lang='grc' dir='ltr'>ἦν</span> <span class='ocrx_word' id='word_1_245' title='bbox 585 1903 702 1948; x_wconf 89' lang='grc' dir='ltr'><strong>πως</strong></span> <span class='ocrx_word' id='word_1_246' title='bbox 733 1886 1030 1952; x_wconf 82' lang='grc' dir='ltr'>ἀναγκαῖον</span> <span class='ocrx_word' id='word_1_247' title='bbox 1065 1882 1374 1954; x_wconf 80' lang='grc' dir='ltr'>ὲπαρτῆσαι</span> <span class='ocrx_word' id='word_1_248' title='bbox 1410 1883 1510 1953; x_wconf 83' lang='grc' dir='ltr'>τὴν</span> <span class='ocrx_word' id='word_1_249' title='bbox 1559 1882 1720 1951; x_wconf 74' lang='grc' dir='ltr'>ἀράν,</span> <span class='ocrx_word' id='word_1_250' title='bbox 1775 1882 1875 1950; x_wconf 80' lang='grc' dir='ltr'>τὴν</span> 
     </span>
    </p>
   </div>
   <div class='ocr_carea' id='block_1_35' title="bbox 1980 1881 3554 1957">
    <p class='ocr_par' dir='ltr' id='par_1_35' title="bbox 1980 1884 3554 1956">
     <span class='ocr_line' id='line_1_35' title="bbox 1980 1884 3554 1956; baseline -0.001 -17"><span class='ocrx_word' id='word_1_251' title='bbox 1980 1887 2098 1939; x_wconf 88' lang='lat' dir='ltr'><strong>dam</strong></span> <span class='ocrx_word' id='word_1_252' title='bbox 2142 1887 2208 1939; x_wconf 89' lang='lat' dir='ltr'><strong>ad</strong></span> <span class='ocrx_word' id='word_1_253' title='bbox 2262 1885 2354 1940; x_wconf 81' lang='lat' dir='ltr'><strong>Dei</strong></span> <span class='ocrx_word' id='word_1_254' title='bbox 2401 1885 2630 1956; x_wconf 82' lang='lat' dir='ltr'><strong>gloriam</strong></span> <span class='ocrx_word' id='word_1_255' title='bbox 2671 1887 2852 1941; x_wconf 90' lang='lat' dir='ltr'><strong>oblata</strong></span> <span class='ocrx_word' id='word_1_256' title='bbox 2902 1895 3149 1942; x_wconf 81' lang='lat' dir='ltr'><strong>avertere</strong></span> <span class='ocrx_word' id='word_1_257' title='bbox 3177 1884 3244 1940; x_wconf 77' lang='lat'><strong>“.</strong></span> <span class='ocrx_word' id='word_1_258' title='bbox 3278 1884 3456 1951; x_wconf 87' lang='lat' dir='ltr'><strong>Quare</strong></span> <span class='ocrx_word' id='word_1_259' title='bbox 3496 1893 3554 1940; x_wconf 87' lang='lat' dir='ltr'><strong>et</strong></span> 
     </span>
    </p>
   </div>
   <div class='ocr_carea' id='block_1_36' title="bbox 287 1971 1873 2047">
    <p class='ocr_par' dir='ltr' id='par_1_36' title="bbox 287 1971 1873 2047">
     <span class='ocr_line' id='line_1_36' title="bbox 287 1971 1873 2047; baseline -0.003 -17"><span class='ocrx_word' id='word_1_260' title='bbox 287 1979 400 2040; x_wconf 82' lang='grc' dir='ltr'>τοῖς</span> <span class='ocrx_word' id='word_1_261' title='bbox 421 1976 738 2046; x_wconf 83' lang='grc' dir='ltr'>ψευδορκεῖν</span> <span class='ocrx_word' id='word_1_262' title='bbox 769 1975 1015 2030; x_wconf 72' lang='grc' dir='ltr'>εἰωθόσιν</span> <span class='ocrx_word' id='word_1_263' title='bbox 1037 1973 1265 2047; x_wconf 80' lang='grc' dir='ltr'>ἀπηνῶς</span> <span class='ocrx_word' id='word_1_264' title='bbox 1289 1971 1759 2042; x_wconf 80' lang='grc' dir='ltr'>ἑπιθρώσκουσαν,</span> <span class='ocrx_word' id='word_1_265' title='bbox 1786 1973 1873 2026; x_wconf 84' lang='grc' dir='ltr'>ἵνα</span> 
     </span>
    </p>
   </div>
   <div class='ocr_carea' id='block_1_37' title="bbox 289 2062 1871 2137">
    <p class='ocr_par' dir='ltr' id='par_1_37' title="bbox 289 2062 1871 2137">
     <span class='ocr_line' id='line_1_37' title="bbox 289 2062 1871 2137; baseline -0.003 -17"><span class='ocrx_word' id='word_1_266' title='bbox 289 2069 384 2121; x_wconf 78' lang='grc' dir='ltr'>καὶ</span> <span class='ocrx_word' id='word_1_267' title='bbox 416 2067 660 2136; x_wconf 79' lang='grc' dir='ltr'>γένοιντο</span> <span class='ocrx_word' id='word_1_268' title='bbox 699 2067 940 2137; x_wconf 85' lang='grc' dir='ltr'>φύλακες</span> <span class='ocrx_word' id='word_1_269' title='bbox 963 2066 1072 2119; x_wconf 87' lang='grc' dir='ltr'><strong>τῶν</strong></span> <span class='ocrx_word' id='word_1_270' title='bbox 1096 2065 1529 2136; x_wconf 86' lang='grc' dir='ltr'>ὀμωμοσμένων.</span> <span class='ocrx_word' id='word_1_271' title='bbox 1571 2063 1788 2134; x_wconf 79' lang='grc' dir='ltr'>Ἐπειδὴ</span> <span class='ocrx_word' id='word_1_272' title='bbox 1815 2062 1871 2116; x_wconf 84' lang='grc' dir='ltr'>δὲ</span> 
     </span>
    </p>
   </div>
   <div class='ocr_carea' id='block_1_38' title="bbox 288 2154 1878 2228">
    <p class='ocr_par' dir='ltr' id='par_1_38' title="bbox 288 2154 1878 2228">
     <span class='ocr_line' id='line_1_38' title="bbox 288 2154 1878 2228; baseline -0.002 -17"><span class='ocrx_word' id='word_1_273' title='bbox 288 2157 742 2228; x_wconf 76' lang='grc' dir='ltr'>οἰκοδομουμένου</span> <span class='ocrx_word' id='word_1_274' title='bbox 798 2157 892 2211; x_wconf 88' lang='grc' dir='ltr'><strong>τοῦ</strong></span> <span class='ocrx_word' id='word_1_275' title='bbox 950 2156 1098 2210; x_wconf 90' lang='grc' dir='ltr'>θείου</span> <span class='ocrx_word' id='word_1_276' title='bbox 1152 2155 1283 2210; x_wconf 88' lang='grc' dir='ltr'>ναοῦ</span> <span class='ocrx_word' id='word_1_277' title='bbox 1336 2154 1505 2225; x_wconf 79' lang='grc' dir='ltr'>πολλὴ</span> <span class='ocrx_word' id='word_1_278' title='bbox 1576 2155 1878 2226; x_wconf 84' lang='grc' dir='ltr'>χρημάτων</span> 
     </span>
    </p>
   </div>
   <div class='ocr_carea' id='block_1_39' title="bbox 287 2241 1869 2315">
    <p class='ocr_par' dir='ltr' id='par_1_39' title="bbox 287 2241 1869 2315">
     <span class='ocr_line' id='line_1_39' title="bbox 287 2241 1869 2315; baseline -0.003 -15"><span class='ocrx_word' id='word_1_279' title='bbox 287 2244 534 2315; x_wconf 76' lang='grc' dir='ltr'>ἀθροισις</span> <span class='ocrx_word' id='word_1_280' title='bbox 573 2241 664 2314; x_wconf 78' lang='grc' dir='ltr'>ἦν,</span> <span class='ocrx_word' id='word_1_281' title='bbox 705 2243 861 2298; x_wconf 87' lang='grc' dir='ltr'>τοῦτο</span> <span class='ocrx_word' id='word_1_282' title='bbox 899 2244 997 2314; x_wconf 77' lang='grc' dir='ltr'>μὲν</span> <span class='ocrx_word' id='word_1_283' title='bbox 1032 2243 1258 2315; x_wconf 79' lang='grc' dir='ltr'>Δαρείου</span> <span class='ocrx_word' id='word_1_284' title='bbox 1293 2243 1574 2314; x_wconf 83' lang='grc' dir='ltr'>νέμοντος,</span> <span class='ocrx_word' id='word_1_285' title='bbox 1621 2244 1780 2297; x_wconf 87' lang='grc' dir='ltr'>τοῦτο</span> <span class='ocrx_word' id='word_1_286' title='bbox 1813 2243 1869 2295; x_wconf 72' lang='grc' dir='ltr'>δὲ</span> 
     </span>
    </p>
   </div>
   <div class='ocr_carea' id='block_1_40' title="bbox 290 2330 1874 2405">
    <p class='ocr_par' dir='ltr' id='par_1_40' title="bbox 290 2330 1874 2405">
     <span class='ocr_line' id='line_1_40' title="bbox 290 2330 1874 2405; baseline -0.001 -18"><span class='ocrx_word' id='word_1_287' title='bbox 290 2335 387 2388; x_wconf 84' lang='grc' dir='ltr'><strong>τοῦ</strong></span> <span class='ocrx_word' id='word_1_288' title='bbox 431 2334 558 2388; x_wconf 91' lang='grc' dir='ltr'>λαοῦ</span> <span class='ocrx_word' id='word_1_289' title='bbox 591 2335 1114 2405; x_wconf 87' lang='grc' dir='ltr'>προσκεκομικότος,</span> <span class='ocrx_word' id='word_1_290' title='bbox 1145 2330 1267 2388; x_wconf 75' lang='grc' dir='ltr'>εἶτά</span> <span class='ocrx_word' id='word_1_291' title='bbox 1297 2351 1451 2396; x_wconf 88' lang='grc' dir='ltr'>τινας</span> <span class='ocrx_word' id='word_1_292' title='bbox 1489 2330 1557 2403; x_wconf 82' lang='grc' dir='ltr'>ἦν</span> <span class='ocrx_word' id='word_1_293' title='bbox 1590 2334 1736 2396; x_wconf 86' lang='grc' dir='ltr'>εἰκὸς</span> <span class='ocrx_word' id='word_1_294' title='bbox 1764 2334 1874 2386; x_wconf 88' lang='grc' dir='ltr'><strong>τῶν</strong></span> 
     </span>
    </p>
   </div>
   <div class='ocr_carea' id='block_1_41' title="bbox 288 2424 1877 2495">
    <p class='ocr_par' dir='ltr' id='par_1_41' title="bbox 288 2424 1877 2495">
     <span class='ocr_line' id='line_1_41' title="bbox 288 2424 1877 2495; baseline -0.001 -16"><span class='ocrx_word' id='word_1_295' title='bbox 288 2427 361 2479; x_wconf 82' lang='grc' dir='ltr'><strong>τὰ</strong></span> <span class='ocrx_word' id='word_1_296' title='bbox 404 2427 586 2480; x_wconf 83' lang='grc' dir='ltr'>τοιάδε</span> <span class='ocrx_word' id='word_1_297' title='bbox 636 2427 859 2480; x_wconf 83' lang='grc' dir='ltr'>διοικεῖν</span> <span class='ocrx_word' id='word_1_298' title='bbox 916 2425 1360 2495; x_wconf 77' lang='grc' dir='ltr'>ἐπιτεταγμένων</span> <span class='ocrx_word' id='word_1_299' title='bbox 1421 2424 1877 2494; x_wconf 79' lang='grc' dir='ltr'>ἀπονοσφίζεσθαί</span> 
     </span>
    </p>
   </div>
   <div class='ocr_carea' id='block_1_42' title="bbox 292 2516 1872 2588">
    <p class='ocr_par' dir='ltr' id='par_1_42' title="bbox 292 2516 1872 2588">
     <span class='ocr_line' id='line_1_42' title="bbox 292 2516 1872 2588; baseline -0.001 -19"><span class='ocrx_word' id='word_1_300' title='bbox 292 2533 418 2570; x_wconf 86' lang='grc' dir='ltr'>τινα</span> <span class='ocrx_word' id='word_1_301' title='bbox 445 2518 551 2570; x_wconf 90' lang='grc' dir='ltr'><strong>τῶν</strong></span> <span class='ocrx_word' id='word_1_302' title='bbox 582 2518 661 2580; x_wconf 88' lang='grc' dir='ltr'><strong>εἰς</strong></span> <span class='ocrx_word' id='word_1_303' title='bbox 701 2516 860 2580; x_wconf 79' lang='grc' dir='ltr'>δόξαν</span> <span class='ocrx_word' id='word_1_304' title='bbox 891 2516 1029 2570; x_wconf 82' lang='grc' dir='ltr'>Θεοῦ</span> <span class='ocrx_word' id='word_1_305' title='bbox 1069 2517 1649 2588; x_wconf 83' lang='grc' dir='ltr'>προσκεκομισμένων.</span> <span class='ocrx_word' id='word_1_306' title='bbox 1689 2516 1872 2588; x_wconf 83' lang='grc' dir='ltr'>Ταύτῃ</span> 
     </span>
    </p>
   </div>
   <div class='ocr_carea' id='block_1_43' title="bbox 291 2609 1874 2681">
    <p class='ocr_par' dir='ltr' id='par_1_43' title="bbox 291 2609 1874 2681">
     <span class='ocr_line' id='line_1_43' title="bbox 291 2609 1874 2681; baseline -0.001 -18"><span class='ocrx_word' id='word_1_307' title='bbox 291 2626 375 2663; x_wconf 83' lang='grc' dir='ltr'><strong>τοι</strong></span> <span class='ocrx_word' id='word_1_308' title='bbox 409 2611 504 2663; x_wconf 74' lang='grc' dir='ltr'>καὶ</span> <span class='ocrx_word' id='word_1_309' title='bbox 545 2611 686 2663; x_wconf 80' lang='grc' dir='ltr'>κατά</span> <span class='ocrx_word' id='word_1_310' title='bbox 719 2609 970 2662; x_wconf 87' lang='grc' dir='ltr'>κλεπτῶν</span> <span class='ocrx_word' id='word_1_311' title='bbox 1015 2609 1152 2664; x_wconf 88' lang='grc' dir='ltr'>ἰέναι</span> <span class='ocrx_word' id='word_1_312' title='bbox 1196 2610 1296 2680; x_wconf 83' lang='grc' dir='ltr'>τὴν</span> <span class='ocrx_word' id='word_1_313' title='bbox 1332 2609 1472 2681; x_wconf 82' lang='grc' dir='ltr'>ἀρὰν</span> <span class='ocrx_word' id='word_1_314' title='bbox 1507 2610 1652 2680; x_wconf 88' lang='grc' dir='ltr'>μάλα</span> <span class='ocrx_word' id='word_1_315' title='bbox 1687 2610 1874 2680; x_wconf 77' lang='grc' dir='ltr'>φησὶν,</span> 
     </span>
    </p>
   </div>
   <div class='ocr_carea' id='block_1_44' title="bbox 293 2701 1875 2773">
    <p class='ocr_par' dir='ltr' id='par_1_44' title="bbox 293 2701 1875 2773">
     <span class='ocr_line' id='line_1_44' title="bbox 293 2701 1875 2773; baseline 0 -19"><span class='ocrx_word' id='word_1_316' title='bbox 293 2702 381 2754; x_wconf 79' lang='grc' dir='ltr'><strong>ἴνα</strong></span> <span class='ocrx_word' id='word_1_317' title='bbox 414 2703 508 2755; x_wconf 75' lang='grc' dir='ltr'>καὶ</span> <span class='ocrx_word' id='word_1_318' title='bbox 552 2703 710 2756; x_wconf 76' lang='grc' dir='ltr'>αὐτοὶ</span> <span class='ocrx_word' id='word_1_319' title='bbox 759 2703 1066 2773; x_wconf 79' lang='grc' dir='ltr'>λημμάτων</span> <span class='ocrx_word' id='word_1_320' title='bbox 1096 2701 1337 2771; x_wconf 81' lang='grc' dir='ltr'>αἰσχρῶν</span> <span class='ocrx_word' id='word_1_321' title='bbox 1381 2702 1666 2769; x_wconf 83' lang='grc' dir='ltr'>γεγονότες</span> <span class='ocrx_word' id='word_1_322' title='bbox 1714 2701 1875 2771; x_wconf 86' lang='grc' dir='ltr'>ἀμεί-</span> 
     </span>
    </p>
   </div>
   <div class='ocr_carea' id='block_1_45' title="bbox 293 2793 1876 2866">
    <p class='ocr_par' dir='ltr' id='par_1_45' title="bbox 293 2793 1876 2866">
     <span class='ocr_line' id='line_1_45' title="bbox 293 2793 1876 2866; baseline 0.001 -20"><span class='ocrx_word' id='word_1_323' title='bbox 293 2810 450 2857; x_wconf 86' lang='grc' dir='ltr'>νους,</span> <span class='ocrx_word' id='word_1_324' title='bbox 489 2794 564 2865; x_wconf 81' lang='grc' dir='ltr'><strong>μή</strong></span> <span class='ocrx_word' id='word_1_325' title='bbox 605 2794 713 2847; x_wconf 89' lang='grc' dir='ltr'><strong>τῶν</strong></span> <span class='ocrx_word' id='word_1_326' title='bbox 755 2793 919 2866; x_wconf 88' lang='grc' dir='ltr'>ἱερῶν</span> <span class='ocrx_word' id='word_1_327' title='bbox 956 2793 1208 2847; x_wconf 76' lang='grc' dir='ltr'>ἂπτοιντο</span> <span class='ocrx_word' id='word_1_328' title='bbox 1249 2793 1570 2862; x_wconf 88' lang='grc' dir='ltr'>χρημάτων,</span> <span class='ocrx_word' id='word_1_329' title='bbox 1617 2794 1696 2856; x_wconf 87' lang='grc' dir='ltr'><strong>εἰς</strong></span> <span class='ocrx_word' id='word_1_330' title='bbox 1742 2794 1876 2858; x_wconf 87' lang='grc' dir='ltr'>ἰδίας</span> 
     </span>
    </p>
   </div>
   <div class='ocr_carea' id='block_1_46' title="bbox 1979 1975 3554 2049">
    <p class='ocr_par' dir='ltr' id='par_1_46' title="bbox 1979 1975 3554 2049">
     <span class='ocr_line' id='line_1_46' title="bbox 1979 1975 3554 2049; baseline -0.001 -16"><span class='ocrx_word' id='word_1_331' title='bbox 1979 1978 2416 2033; x_wconf 85' lang='lat' dir='ltr'><strong>maledictinnem</strong></span> <span class='ocrx_word' id='word_1_332' title='bbox 2479 1978 2688 2034; x_wconf 84' lang='lat' dir='ltr'><strong>furibus</strong></span> <span class='ocrx_word' id='word_1_333' title='bbox 2740 1988 3186 2049; x_wconf 84' lang='lat' dir='ltr'><strong>superventuram</strong></span> <span class='ocrx_word' id='word_1_334' title='bbox 3249 1975 3554 2031; x_wconf 86' lang='lat' dir='ltr'><strong>rectissime</strong></span> 
     </span>
    </p>
   </div>
   <div class='ocr_carea' id='block_1_47' title="bbox 1979 2067 3551 2139">
    <p class='ocr_par' dir='ltr' id='par_1_47' title="bbox 1979 2067 3551 2139">
     <span class='ocr_line' id='line_1_47' title="bbox 1979 2067 3551 2139; baseline -0.003 -15"><span class='ocrx_word' id='word_1_335' title='bbox 1979 2070 2131 2134; x_wconf 86' lang='lat' dir='ltr'><strong>dicit,</strong></span> <span class='ocrx_word' id='word_1_336' title='bbox 2164 2080 2225 2125; x_wconf 89' lang='lat' dir='ltr'><strong>ut</strong></span> <span class='ocrx_word' id='word_1_337' title='bbox 2275 2078 2331 2124; x_wconf 90' lang='lat' dir='ltr'><strong>et</strong></span> <span class='ocrx_word' id='word_1_338' title='bbox 2365 2069 2467 2138; x_wconf 87' lang='lat' dir='ltr'><strong>ipsi</strong></span> <span class='ocrx_word' id='word_1_339' title='bbox 2500 2085 2530 2123; x_wconf 89' lang='lat' dir='ltr'><strong>a</strong></span> <span class='ocrx_word' id='word_1_340' title='bbox 2580 2070 2723 2139; x_wconf 86' lang='lat' dir='ltr'><strong>turpi</strong></span> <span class='ocrx_word' id='word_1_341' title='bbox 2762 2081 2968 2139; x_wconf 71' lang='lat' dir='ltr'><strong>quaestu</strong></span> <span class='ocrx_word' id='word_1_342' title='bbox 3007 2069 3219 2134; x_wconf 87' lang='lat' dir='ltr'><strong>invicti,</strong></span> <span class='ocrx_word' id='word_1_343' title='bbox 3269 2067 3551 2136; x_wconf 85' lang='lat' dir='ltr'><strong>pecuniam</strong></span> 
     </span>
    </p>
   </div>
   <div class='ocr_carea' id='block_1_48' title="bbox 1978 2161 3553 2230">
    <p class='ocr_par' dir='ltr' id='par_1_48' title="bbox 1978 2161 3553 2230">
     <span class='ocr_line' id='line_1_48' title="bbox 1978 2161 3553 2230; baseline -0.003 -13"><span class='ocrx_word' id='word_1_344' title='bbox 1978 2176 2188 2217; x_wconf 86' lang='lat' dir='ltr'><strong>sacram</strong></span> <span class='ocrx_word' id='word_1_345' title='bbox 2227 2176 2295 2216; x_wconf 90' lang='lat' dir='ltr'><strong>ne</strong></span> <span class='ocrx_word' id='word_1_346' title='bbox 2334 2161 2696 2230; x_wconf 85' lang='lat' dir='ltr'><strong>attingerent,</strong></span> <span class='ocrx_word' id='word_1_347' title='bbox 2729 2166 2796 2215; x_wconf 81' lang='lat' dir='ltr'><strong>ad</strong></span> <span class='ocrx_word' id='word_1_348' title='bbox 2823 2163 3065 2230; x_wconf 86' lang='lat' dir='ltr'><strong>privatos</strong></span> <span class='ocrx_word' id='word_1_349' title='bbox 3092 2175 3221 2214; x_wconf 88' lang='lat' dir='ltr'><strong>usus</strong></span> <span class='ocrx_word' id='word_1_350' title='bbox 3255 2175 3374 2214; x_wconf 90' lang='lat' dir='ltr'><strong>eam</strong></span> <span class='ocrx_word' id='word_1_351' title='bbox 3416 2173 3553 2213; x_wconf 79' lang='lat' dir='ltr'><strong>con-</strong></span> 
     </span>
    </p>
   </div>
   <div class='ocr_carea' id='block_1_49' title="bbox 1980 2248 3555 2321">
    <p class='ocr_par' dir='ltr' id='par_1_49' title="bbox 1980 2248 3555 2321">
     <span class='ocr_line' id='line_1_49' title="bbox 1980 2248 3555 2321; baseline -0.004 -13"><span class='ocrx_word' id='word_1_352' title='bbox 1980 2253 2239 2308; x_wconf 81' lang='lat' dir='ltr'><strong>ferentes.</strong></span> <span class='ocrx_word' id='word_1_353' title='bbox 2271 2252 2448 2321; x_wconf 84' lang='lat' dir='ltr'><strong>Atque</strong></span> <span class='ocrx_word' id='word_1_354' title='bbox 2499 2253 2616 2310; x_wconf 75' lang='lat' dir='ltr'><strong>htcc</strong></span> <span class='ocrx_word' id='word_1_355' title='bbox 2662 2253 2890 2309; x_wconf 83' lang='lat' dir='ltr'><strong>visionis</strong></span> <span class='ocrx_word' id='word_1_356' title='bbox 2926 2265 3013 2308; x_wconf 90' lang='lat' dir='ltr'><strong>est</strong></span> <span class='ocrx_word' id='word_1_357' title='bbox 3059 2251 3299 2307; x_wconf 88' lang='lat' dir='ltr'><strong>occasio.</strong></span> <span class='ocrx_word' id='word_1_358' title='bbox 3345 2248 3555 2304; x_wconf 84' lang='lat' dir='ltr'><strong>Formi-</strong></span> 
     </span>
    </p>
   </div>
   <div class='ocr_carea' id='block_1_50' title="bbox 1985 2339 3556 2400">
    <p class='ocr_par' dir='ltr' id='par_1_50' title="bbox 1985 2339 3556 2400">
     <span class='ocr_line' id='line_1_50' title="bbox 1985 2339 3556 2400; baseline -0.004 -1"><span class='ocrx_word' id='word_1_359' title='bbox 1985 2346 2160 2400; x_wconf 89' lang='lat' dir='ltr'><strong>danda</strong></span> <span class='ocrx_word' id='word_1_360' title='bbox 2197 2355 2378 2400; x_wconf 88' lang='lat' dir='ltr'><strong>autem</strong></span> <span class='ocrx_word' id='word_1_361' title='bbox 2425 2355 2510 2400; x_wconf 89' lang='lat' dir='ltr'><strong>est</strong></span> <span class='ocrx_word' id='word_1_362' title='bbox 2557 2343 2866 2400; x_wconf 86' lang='lat' dir='ltr'><strong>maledictio</strong></span> <span class='ocrx_word' id='word_1_363' title='bbox 2913 2352 2968 2399; x_wconf 91' lang='lat' dir='ltr'><strong>et</strong></span> <span class='ocrx_word' id='word_1_364' title='bbox 3008 2342 3164 2398; x_wconf 78' lang='lat' dir='ltr'><strong>falcis</strong></span> <span class='ocrx_word' id='word_1_365' title='bbox 3200 2341 3370 2397; x_wconf 87' lang='lat' dir='ltr'><strong>sectio</strong></span> <span class='ocrx_word' id='word_1_366' title='bbox 3410 2339 3556 2394; x_wconf 80' lang='lat' dir='ltr'><strong>furto</strong></span> 
     </span>
    </p>
   </div>
   <div class='ocr_carea' id='block_1_51' title="bbox 1983 2433 3554 2506">
    <p class='ocr_par' dir='ltr' id='par_1_51' title="bbox 1983 2433 3554 2506">
     <span class='ocr_line' id='line_1_51' title="bbox 1983 2433 3554 2506; baseline -0.004 -16"><span class='ocrx_word' id='word_1_367' title='bbox 1983 2444 2040 2490; x_wconf 88' lang='lat' dir='ltr'><strong>et</strong></span> <span class='ocrx_word' id='word_1_368' title='bbox 2064 2436 2302 2506; x_wconf 89' lang='lat' dir='ltr'><strong>perjurio</strong></span> <span class='ocrx_word' id='word_1_369' title='bbox 2329 2437 2582 2499; x_wconf 83' lang='lat' dir='ltr'><strong>assuetis,</strong></span> <span class='ocrx_word' id='word_1_370' title='bbox 2614 2435 2867 2505; x_wconf 86' lang='lat' dir='ltr'><strong>quoniam</strong></span> <span class='ocrx_word' id='word_1_371' title='bbox 2897 2435 3040 2490; x_wconf 86' lang='lat' dir='ltr'><strong>Deus</strong></span> <span class='ocrx_word' id='word_1_372' title='bbox 3078 2435 3148 2489; x_wconf 83' lang='lat' dir='ltr'><strong>ad</strong></span> <span class='ocrx_word' id='word_1_373' title='bbox 3197 2433 3403 2487; x_wconf 77' lang='lat' dir='ltr'><strong>exitum</strong></span> <span class='ocrx_word' id='word_1_374' title='bbox 3433 2445 3554 2486; x_wconf 83' lang='lat' dir='ltr'><strong>om-</strong></span> 
     </span>
    </p>
   </div>
   <div class='ocr_carea' id='block_1_52' title="bbox 1982 2525 3557 2596">
    <p class='ocr_par' dir='ltr' id='par_1_52' title="bbox 1982 2525 3557 2596">
     <span class='ocr_line' id='line_1_52' title="bbox 1982 2525 3557 2596; baseline 0.001 -17"><span class='ocrx_word' id='word_1_375' title='bbox 1982 2526 2111 2580; x_wconf 91' lang='lat' dir='ltr'><strong>nino</strong></span> <span class='ocrx_word' id='word_1_376' title='bbox 2150 2529 2412 2595; x_wconf 90' lang='lat' dir='ltr'><strong>perducet</strong></span> <span class='ocrx_word' id='word_1_377' title='bbox 2446 2542 2565 2596; x_wconf 81' lang='lat' dir='ltr'><strong>qtue</strong></span> <span class='ocrx_word' id='word_1_378' title='bbox 2598 2527 2860 2592; x_wconf 85' lang='lat' dir='ltr'><strong>decrevit,</strong></span> <span class='ocrx_word' id='word_1_379' title='bbox 2889 2536 2945 2582; x_wconf 93' lang='lat' dir='ltr'><strong>et</strong></span> <span class='ocrx_word' id='word_1_380' title='bbox 2981 2541 3155 2595; x_wconf 89' lang='lat' dir='ltr'><strong>neque</strong></span> <span class='ocrx_word' id='word_1_381' title='bbox 3182 2525 3412 2592; x_wconf 80' lang='lat' dir='ltr'><strong>furibus,</strong></span> <span class='ocrx_word' id='word_1_382' title='bbox 3460 2538 3557 2579; x_wconf 64' lang='lat' dir='ltr'><strong>nec</strong></span> 
     </span>
    </p>
   </div>
   <div class='ocr_carea' id='block_1_53' title="bbox 1982 2617 3556 2689">
    <p class='ocr_par' dir='ltr' id='par_1_53' title="bbox 1982 2617 3556 2689">
     <span class='ocr_line' id='line_1_53' title="bbox 1982 2617 3556 2689; baseline -0.001 -19"><span class='ocrx_word' id='word_1_383' title='bbox 1982 2631 2087 2686; x_wconf 90' lang='lat' dir='ltr'><strong>que</strong></span> <span class='ocrx_word' id='word_1_384' title='bbox 2115 2618 2236 2672; x_wconf 89' lang='lat' dir='ltr'><strong>aliis</strong></span> <span class='ocrx_word' id='word_1_385' title='bbox 2261 2627 2467 2686; x_wconf 88' lang='lat' dir='ltr'><strong>parcet.</strong></span> <span class='ocrx_word' id='word_1_386' title='bbox 2513 2617 2640 2673; x_wconf 88' lang='lat' dir='ltr'><strong>Odit</strong></span> <span class='ocrx_word' id='word_1_387' title='bbox 2678 2620 2824 2673; x_wconf 89' lang='lat' dir='ltr'><strong>enitn</strong></span> <span class='ocrx_word' id='word_1_388' title='bbox 2871 2634 3087 2689; x_wconf 89' lang='lat' dir='ltr'><strong>semper</strong></span> <span class='ocrx_word' id='word_1_389' title='bbox 3116 2619 3354 2673; x_wconf 90' lang='lat' dir='ltr'><strong>divinam</strong></span> <span class='ocrx_word' id='word_1_390' title='bbox 3404 2631 3556 2672; x_wconf 88' lang='lat' dir='ltr'><strong>suam</strong></span> 
     </span>
    </p>
   </div>
   <div class='ocr_carea' id='block_1_54' title="bbox 1983 2705 3560 2781">
    <p class='ocr_par' dir='ltr' id='par_1_54' title="bbox 1983 2705 3560 2781">
     <span class='ocr_line' id='line_1_54' title="bbox 1983 2705 3560 2781; baseline 0.002 -23"><span class='ocrx_word' id='word_1_391' title='bbox 1983 2707 2209 2773; x_wconf 76' lang='lat' dir='ltr'><strong>gloriam</strong></span> <span class='ocrx_word' id='word_1_392' title='bbox 2262 2716 2693 2774; x_wconf 79' lang='lat' dir='ltr'><strong>contemnentes,</strong></span> <span class='ocrx_word' id='word_1_393' title='bbox 2723 2718 2777 2764; x_wconf 91' lang='lat' dir='ltr'><strong>ct</strong></span> <span class='ocrx_word' id='word_1_394' title='bbox 2828 2709 3014 2764; x_wconf 91' lang='lat' dir='ltr'><strong>animo</strong></span> <span class='ocrx_word' id='word_1_395' title='bbox 3065 2708 3378 2781; x_wconf 80' lang='lat' dir='ltr'><strong>inexplebili</strong></span> <span class='ocrx_word' id='word_1_396' title='bbox 3421 2705 3560 2763; x_wconf 84' lang='lat' dir='ltr'><strong>nihil</strong></span> 
     </span>
    </p>
   </div>
   <div class='ocr_carea' id='block_1_55' title="bbox 1984 2798 2996 2871">
    <p class='ocr_par' dir='ltr' id='par_1_55' title="bbox 1984 2798 2996 2871">
     <span class='ocr_line' id='line_1_55' title="bbox 1984 2798 2996 2871; baseline 0.006 -22"><span class='ocrx_word' id='word_1_397' title='bbox 1984 2798 2052 2852; x_wconf 90' lang='lat' dir='ltr'><strong>ad</strong></span> <span class='ocrx_word' id='word_1_398' title='bbox 2086 2812 2145 2853; x_wconf 89' lang='lat' dir='ltr'><strong>se</strong></span> <span class='ocrx_word' id='word_1_399' title='bbox 2170 2799 2492 2867; x_wconf 87' lang='lat' dir='ltr'><strong>pertinentia</strong></span> <span class='ocrx_word' id='word_1_400' title='bbox 2523 2802 2996 2871; x_wconf 88' lang='lat' dir='ltr'><strong>concupiscentes.</strong></span> 
     </span>
    </p>
   </div>
   <div class='ocr_carea' id='block_1_56' title="bbox 295 2881 3563 2966">
    <p class='ocr_par' dir='ltr' id='par_1_56' title="bbox 295 2881 3563 2966">
     <span class='ocr_line' id='line_1_56' title="bbox 295 2881 3563 2966; baseline 0.002 -28"><span class='ocrx_word' id='word_1_401' title='bbox 295 2886 436 2940; x_wconf 81' lang='grc' dir='ltr'>αὐτὰ</span> <span class='ocrx_word' id='word_1_402' title='bbox 461 2887 806 2953; x_wconf 83' lang='grc' dir='ltr'>δαπανῶντες</span> <span class='ocrx_word' id='word_1_403' title='bbox 839 2887 1048 2959; x_wconf 83' lang='grc' dir='ltr'>χρείας.</span> <span class='ocrx_word' id='word_1_404' title='bbox 1089 2885 1238 2955; x_wconf 79' lang='grc' dir='ltr'>Αὕτη</span> <span class='ocrx_word' id='word_1_405' title='bbox 1282 2886 1380 2956; x_wconf 80' lang='grc' dir='ltr'>μὲν</span> <span class='ocrx_word' id='word_1_406' title='bbox 1423 2881 1518 2939; x_wconf 83' lang='grc' dir='ltr'>οὖν</span> <span class='ocrx_word' id='word_1_407' title='bbox 1555 2888 1588 2957; x_wconf 87' lang='grc' dir='ltr'><strong>ή</strong></span> <span class='ocrx_word' id='word_1_408' title='bbox 1650 2886 1752 2955; x_wconf 87' lang='grc' dir='ltr'>τῆς</span> <span class='ocrx_word' id='word_1_409' title='bbox 1816 2889 2062 2958; x_wconf 80' lang='grc' dir='ltr'>ὁράσεως</span> <span class='ocrx_word' id='word_1_410' title='bbox 2125 2893 2421 2961; x_wconf 82' lang='grc' dir='ltr'>πρόφασις.</span> <span class='ocrx_word' id='word_1_411' title='bbox 2467 2892 2588 2963; x_wconf 83' lang='grc' dir='ltr'><strong>Χρὴ</strong></span> <span class='ocrx_word' id='word_1_412' title='bbox 2627 2892 2684 2946; x_wconf 78' lang='grc' dir='ltr'>δὲ</span> <span class='ocrx_word' id='word_1_413' title='bbox 2729 2893 2957 2948; x_wconf 85' lang='grc' dir='ltr'>δεδιέναι</span> <span class='ocrx_word' id='word_1_414' title='bbox 2998 2894 3097 2966; x_wconf 77' lang='grc' dir='ltr'>τὴν</span> <span class='ocrx_word' id='word_1_415' title='bbox 3123 2891 3284 2966; x_wconf 76' lang='grc' dir='ltr'>ἀρὰν,</span> <span class='ocrx_word' id='word_1_416' title='bbox 3327 2890 3422 2946; x_wconf 76' lang='grc' dir='ltr'>καὶ</span> <span class='ocrx_word' id='word_1_417' title='bbox 3461 2892 3563 2961; x_wconf 76' lang='grc' dir='ltr'><strong>την</strong></span> 
     </span>
    </p>
   </div>
   <div class='ocr_carea' id='block_1_57' title="bbox 295 2975 3561 3056">
    <p class='ocr_par' dir='ltr' id='par_1_57' title="bbox 295 2975 3561 3056">
     <span class='ocr_line' id='line_1_57' title="bbox 295 2975 3561 3056; baseline 0.002 -26"><span class='ocrx_word' id='word_1_418' title='bbox 295 2978 388 3031; x_wconf 84' lang='grc' dir='ltr'><strong>τοῦ</strong></span> <span class='ocrx_word' id='word_1_419' title='bbox 431 2977 694 3048; x_wconf 88' lang='grc' dir='ltr'>δρεπάνου</span> <span class='ocrx_word' id='word_1_420' title='bbox 727 2979 899 3049; x_wconf 79' lang='grc' dir='ltr'>τομὴν</span> <span class='ocrx_word' id='word_1_421' title='bbox 932 2976 1058 3038; x_wconf 86' lang='grc' dir='ltr'>τούς</span> <span class='ocrx_word' id='word_1_422' title='bbox 1095 2993 1157 3028; x_wconf 89' lang='grc' dir='ltr'><strong>τε</strong></span> <span class='ocrx_word' id='word_1_423' title='bbox 1199 2975 1512 3046; x_wconf 82' lang='grc' dir='ltr'>κλέπτεινῆ</span> <span class='ocrx_word' id='word_1_424' title='bbox 1553 2975 1870 3047; x_wconf 77' lang='grc' dir='ltr'>ψευδορκεῖν</span> <span class='ocrx_word' id='word_1_425' title='bbox 1909 2980 2190 3045; x_wconf 84' lang='grc' dir='ltr'>εἰωθότας,</span> <span class='ocrx_word' id='word_1_426' title='bbox 2253 2984 2334 3036; x_wconf 80' lang='grc' dir='ltr'>ὅτι</span> <span class='ocrx_word' id='word_1_427' title='bbox 2366 2984 2545 3055; x_wconf 84' lang='grc' dir='ltr'>πάντη</span> <span class='ocrx_word' id='word_1_428' title='bbox 2576 3003 2635 3038; x_wconf 88' lang='grc' dir='ltr'><strong>τε</strong></span> <span class='ocrx_word' id='word_1_429' title='bbox 2677 2985 2773 3040; x_wconf 71' lang='grc' dir='ltr'>καὶ</span> <span class='ocrx_word' id='word_1_430' title='bbox 2812 2987 3031 3050; x_wconf 75' lang='grc' dir='ltr'>πάντως</span> <span class='ocrx_word' id='word_1_431' title='bbox 3068 2989 3150 3050; x_wconf 88' lang='grc' dir='ltr'><strong>εἰς</strong></span> <span class='ocrx_word' id='word_1_432' title='bbox 3218 2985 3391 3056; x_wconf 86' lang='grc' dir='ltr'>πέρας</span> <span class='ocrx_word' id='word_1_433' title='bbox 3425 2981 3561 3037; x_wconf 78' lang='grc' dir='ltr'>οἴσει</span> 
     </span>
    </p>
   </div>
   <div class='ocr_carea' id='block_1_58' title="bbox 296 3071 3564 3150">
    <p class='ocr_par' dir='ltr' id='par_1_58' title="bbox 296 3071 3564 3150">
     <span class='ocr_line' id='line_1_58' title="bbox 296 3071 3564 3150; baseline 0 -25"><span class='ocrx_word' id='word_1_434' title='bbox 296 3071 428 3134; x_wconf 89' lang='grc' dir='ltr'>Θεὸς</span> <span class='ocrx_word' id='word_1_435' title='bbox 465 3073 535 3126; x_wconf 86' lang='grc' dir='ltr'>τὰ</span> <span class='ocrx_word' id='word_1_436' title='bbox 561 3072 925 3142; x_wconf 84' lang='grc' dir='ltr'>διωρισμένα,</span> <span class='ocrx_word' id='word_1_437' title='bbox 970 3072 1066 3127; x_wconf 77' lang='grc' dir='ltr'>καὶ</span> <span class='ocrx_word' id='word_1_438' title='bbox 1107 3072 1231 3126; x_wconf 72' lang='grc' dir='ltr'>οὔτε</span> <span class='ocrx_word' id='word_1_439' title='bbox 1283 3071 1552 3135; x_wconf 85' lang='grc' dir='ltr'>κλεπτῶν,</span> <span class='ocrx_word' id='word_1_440' title='bbox 1594 3071 1716 3126; x_wconf 74' lang='grc' dir='ltr'>οὔτε</span> <span class='ocrx_word' id='word_1_441' title='bbox 1760 3074 1867 3143; x_wconf 79' lang='grc' dir='ltr'>μὴν</span> <span class='ocrx_word' id='word_1_442' title='bbox 1904 3074 2010 3128; x_wconf 88' lang='grc' dir='ltr'><strong>τῶν</strong></span> <span class='ocrx_word' id='word_1_443' title='bbox 2074 3077 2278 3146; x_wconf 88' lang='grc' dir='ltr'>έτέρων</span> <span class='ocrx_word' id='word_1_444' title='bbox 2337 3077 2604 3146; x_wconf 78' lang='grc' dir='ltr'>φείσεται.</span> <span class='ocrx_word' id='word_1_445' title='bbox 2639 3079 2879 3132; x_wconf 85' lang='grc' dir='ltr'>Ποιεῖται</span> <span class='ocrx_word' id='word_1_446' title='bbox 2906 3078 3015 3150; x_wconf 92' lang='grc' dir='ltr'><strong>γάρ</strong></span> <span class='ocrx_word' id='word_1_447' title='bbox 3043 3096 3162 3142; x_wconf 86' lang='grc' dir='ltr'><strong>πως</strong></span> <span class='ocrx_word' id='word_1_448' title='bbox 3188 3079 3276 3132; x_wconf 69' lang='grc' dir='ltr'><strong>ἀεὶ</strong></span> <span class='ocrx_word' id='word_1_449' title='bbox 3299 3090 3564 3130; x_wconf 78' lang='grc' dir='ltr'>κατεστυο-</span> 
     </span>
    </p>
   </div>
   <div class='ocr_carea' id='block_1_59' title="bbox 295 3163 3562 3243">
    <p class='ocr_par' dir='ltr' id='par_1_59' title="bbox 295 3163 3562 3243">
     <span class='ocr_line' id='line_1_59' title="bbox 295 3163 3562 3243; baseline 0.001 -27"><span class='ocrx_word' id='word_1_450' title='bbox 295 3163 552 3233; x_wconf 86' lang='grc' dir='ltr'>γμένους,</span> <span class='ocrx_word' id='word_1_451' title='bbox 573 3166 699 3228; x_wconf 79' lang='grc' dir='ltr'>τοὺς</span> <span class='ocrx_word' id='word_1_452' title='bbox 725 3168 824 3234; x_wconf 79' lang='grc' dir='ltr'>τῆς</span> <span class='ocrx_word' id='word_1_453' title='bbox 847 3165 997 3228; x_wconf 81' lang='grc' dir='ltr'>θείας</span> <span class='ocrx_word' id='word_1_454' title='bbox 1015 3165 1179 3218; x_wconf 82' lang='grc' dir='ltr'>αὑτοῦ</span> <span class='ocrx_word' id='word_1_455' title='bbox 1241 3164 1715 3234; x_wconf 73' lang='grc' dir='ltr'>καταφρονοῦντας</span> <span class='ocrx_word' id='word_1_456' title='bbox 1732 3165 1910 3236; x_wconf 80' lang='grc' dir='ltr'>δόξης,</span> <span class='ocrx_word' id='word_1_457' title='bbox 1951 3169 2045 3222; x_wconf 72' lang='grc' dir='ltr'>καὶ</span> <span class='ocrx_word' id='word_1_458' title='bbox 2086 3169 2212 3232; x_wconf 81' lang='grc' dir='ltr'>τοὺς</span> <span class='ocrx_word' id='word_1_459' title='bbox 2278 3169 2541 3242; x_wconf 78' lang='grc' dir='ltr'>ἀπλήστῳ</span> <span class='ocrx_word' id='word_1_460' title='bbox 2575 3169 2772 3243; x_wconf 73' lang='grc' dir='ltr'>γνώμῃ</span> <span class='ocrx_word' id='word_1_461' title='bbox 2810 3170 2917 3225; x_wconf 88' lang='grc' dir='ltr'><strong>τῶν</strong></span> <span class='ocrx_word' id='word_1_462' title='bbox 2959 3171 3114 3224; x_wconf 80' lang='grc' dir='ltr'>οὐδὲν</span> <span class='ocrx_word' id='word_1_463' title='bbox 3160 3170 3348 3232; x_wconf 80' lang='grc' dir='ltr'>αὐτοῖς</span> <span class='ocrx_word' id='word_1_464' title='bbox 3391 3181 3562 3238; x_wconf 81' lang='grc' dir='ltr'>προσ-</span> 
     </span>
    </p>
   </div>
   <div class='ocr_carea' id='block_1_60' title="bbox 295 3255 906 3328">
    <p class='ocr_par' dir='ltr' id='par_1_60' title="bbox 295 3255 906 3328">
     <span class='ocr_line' id='line_1_60' title="bbox 295 3255 906 3328; baseline -0.002 -19"><span class='ocrx_word' id='word_1_465' title='bbox 295 3255 537 3328; x_wconf 85' lang='grc' dir='ltr'>ηκόντων</span> <span class='ocrx_word' id='word_1_466' title='bbox 569 3255 906 3326; x_wconf 82' lang='grc' dir='ltr'>ἐφιεμένους.</span> 
     </span>
    </p>
   </div>
   <div class='ocr_carea' id='block_1_61' title="bbox 366 3346 1878 3420">
    <p class='ocr_par' dir='ltr' id='par_1_61' title="bbox 366 3346 1878 3419">
     <span class='ocr_line' id='line_1_61' title="bbox 366 3346 1878 3419; baseline 0.001 -19"><span class='ocrx_word' id='word_1_467' title='bbox 366 3348 476 3401; x_wconf 84' lang='lat' dir='ltr'><strong>Kal</strong></span> <span class='ocrx_word' id='word_1_468' title='bbox 509 3346 767 3414; x_wconf 74' lang='grc' dir='ltr'><strong>ἐξῆλθεν</strong></span> <span class='ocrx_word' id='word_1_469' title='bbox 797 3350 831 3400; x_wconf 83' lang='grc' dir='ltr'><em>ὁ</em></span> <span class='ocrx_word' id='word_1_470' title='bbox 867 3347 1138 3417; x_wconf 76' lang='grc' dir='ltr'>ἄγγελος,</span> <span class='ocrx_word' id='word_1_471' title='bbox 1175 3351 1211 3402; x_wconf 83' lang='grc' dir='ltr'><strong>ό</strong></span> <span class='ocrx_word' id='word_1_472' title='bbox 1241 3347 1447 3404; x_wconf 72' lang='grc' dir='ltr'>λαλῶν</span> <span class='ocrx_word' id='word_1_473' title='bbox 1484 3348 1555 3403; x_wconf 80' lang='grc' dir='ltr'><strong>ἐν</strong></span> <span class='ocrx_word' id='word_1_474' title='bbox 1580 3349 1742 3419; x_wconf 76' lang='grc' dir='ltr'>ἐμοὶ,</span> <span class='ocrx_word' id='word_1_475' title='bbox 1783 3348 1878 3404; x_wconf 83' lang='grc' dir='ltr'><strong>καί</strong></span> 
     </span>
    </p>
   </div>
   <div class='ocr_carea' id='block_1_62' title="bbox 1980 3346 3564 3420">
    <p class='ocr_par' dir='ltr' id='par_1_62' title="bbox 2057 3346 3564 3420">
     <span class='ocr_line' id='line_1_62' title="bbox 2057 3346 3564 3420; baseline 0.003 -18"><span class='ocrx_word' id='word_1_476' title='bbox 2057 3347 2221 3402; x_wconf 76' lang='lat' dir='ltr'><strong>Vens.</strong></span> <span class='ocrx_word' id='word_1_477' title='bbox 2272 3347 2392 3402; x_wconf 83' lang='lat'><strong>5-8.</strong></span> <span class='ocrx_word' id='word_1_478' title='bbox 2432 3346 2499 3400; x_wconf 82' lang='lat' dir='ltr'><strong>Et</strong></span> <span class='ocrx_word' id='word_1_479' title='bbox 2546 3361 2785 3417; x_wconf 78' lang='lat' dir='ltr'><strong>egressus</strong></span> <span class='ocrx_word' id='word_1_480' title='bbox 2823 3355 2905 3402; x_wconf 79' lang='lat' dir='ltr'><strong>est</strong></span> <span class='ocrx_word' id='word_1_481' title='bbox 2941 3347 3158 3417; x_wconf 77' lang='lat' dir='ltr'><strong>angelus</strong></span> <span class='ocrx_word' id='word_1_482' title='bbox 3200 3349 3291 3415; x_wconf 86' lang='lat' dir='ltr'><strong>qui</strong></span> <span class='ocrx_word' id='word_1_483' title='bbox 3315 3349 3564 3420; x_wconf 80' lang='lat' dir='ltr'><strong>loqueba-</strong></span> 
     </span>
    </p>
   </div>
   <div class='ocr_carea' id='block_1_63' title="bbox 297 3434 1881 3509">
    <p class='ocr_par' dir='ltr' id='par_1_63' title="bbox 297 3434 1881 3509">
     <span class='ocr_line' id='line_1_63' title="bbox 297 3434 1881 3509; baseline 0.001 -16"><span class='ocrx_word' id='word_1_484' title='bbox 297 3434 426 3493; x_wconf 74' lang='grc' dir='ltr'>εἶπε</span> <span class='ocrx_word' id='word_1_485' title='bbox 464 3438 614 3506; x_wconf 86' lang='grc' dir='ltr'>πρός</span> <span class='ocrx_word' id='word_1_486' title='bbox 651 3454 758 3506; x_wconf 78' lang='grc' dir='ltr'>με’</span> <span class='ocrx_word' id='word_1_487' title='bbox 802 3437 1170 3507; x_wconf 73' lang='grc' dir='ltr'>Ἀνάϐλεψον</span> <span class='ocrx_word' id='word_1_488' title='bbox 1203 3439 1328 3505; x_wconf 81' lang='grc' dir='ltr'>τοῖς</span> <span class='ocrx_word' id='word_1_489' title='bbox 1380 3440 1708 3509; x_wconf 72' lang='grc' dir='ltr'>ὀφθαλμοῖς</span> <span class='ocrx_word' id='word_1_490' title='bbox 1741 3456 1881 3507; x_wconf 89' lang='grc' dir='ltr'>σου,</span> 
     </span>
    </p>
   </div>
   <div class='ocr_carea' id='block_1_64' title="bbox 295 3527 1886 3599">
    <p class='ocr_par' dir='ltr' id='par_1_64' title="bbox 295 3527 1886 3599">
     <span class='ocr_line' id='line_1_64' title="bbox 295 3527 1886 3599; baseline 0.001 -18"><span class='ocrx_word' id='word_1_491' title='bbox 295 3529 397 3582; x_wconf 78' lang='lat' dir='ltr'><strong>atal</strong></span> <span class='ocrx_word' id='word_1_492' title='bbox 447 3527 537 3582; x_wconf 72' lang='grc' dir='ltr'>ἴδε</span> <span class='ocrx_word' id='word_1_493' title='bbox 573 3529 641 3582; x_wconf 81' lang='grc' dir='ltr'><strong>τὸ</strong></span> <span class='ocrx_word' id='word_1_494' title='bbox 689 3529 1169 3599; x_wconf 78' lang='grc' dir='ltr'>ἐκπορευόμενον</span> <span class='ocrx_word' id='word_1_495' title='bbox 1213 3530 1408 3585; x_wconf 85' lang='grc' dir='ltr'>τοῦτο.</span> <span class='ocrx_word' id='word_1_496' title='bbox 1457 3530 1568 3585; x_wconf 85' lang='lat' dir='ltr'><strong>Kal</strong></span> <span class='ocrx_word' id='word_1_497' title='bbox 1601 3528 1779 3584; x_wconf 48' lang='lat' dir='ltr'><strong>cina.</strong></span> <span class='ocrx_word' id='word_1_498' title='bbox 1824 3531 1886 3585; x_wconf 84' lang='grc' dir='ltr'>Τί</span> 
     </span>
    </p>
   </div>
   <div class='ocr_carea' id='block_1_65' title="bbox 297 3614 1886 3697">
    <p class='ocr_par' dir='ltr' id='par_1_65' title="bbox 297 3614 1886 3697">
     <span class='ocr_line' id='line_1_65' title="bbox 297 3614 1886 3697; baseline 0.004 -27"><span class='ocrx_word' id='word_1_499' title='bbox 297 3618 427 3670; x_wconf 85' lang='grc' dir='ltr'>ἐστι</span> <span class='ocrx_word' id='word_1_500' title='bbox 438 3632 458 3681; x_wconf 86' lang='grc'><em>;</em></span> <span class='ocrx_word' id='word_1_501' title='bbox 490 3617 597 3671; x_wconf 81' lang='grc' dir='ltr'><strong>Καὶ</strong></span> <span class='ocrx_word' id='word_1_502' title='bbox 631 3614 758 3671; x_wconf 79' lang='grc' dir='ltr'>εἷπε</span> <span class='ocrx_word' id='word_1_503' title='bbox 778 3635 792 3650; x_wconf 88' lang='grc'>·</span> <span class='ocrx_word' id='word_1_504' title='bbox 826 3618 1010 3673; x_wconf 87' lang='grc' dir='ltr'>Τοῦτο</span> <span class='ocrx_word' id='word_1_505' title='bbox 1037 3621 1104 3673; x_wconf 83' lang='grc' dir='ltr'>τὸ</span> <span class='ocrx_word' id='word_1_506' title='bbox 1139 3621 1360 3689; x_wconf 78' lang='grc' dir='ltr'>μέτρον</span> <span class='ocrx_word' id='word_1_507' title='bbox 1391 3623 1459 3676; x_wconf 78' lang='grc' dir='ltr'>τὸ</span> <span class='ocrx_word' id='word_1_508' title='bbox 1492 3623 1886 3697; x_wconf 54' lang='grc' dir='ltr'>ἐκπορευόμε-</span> 
     </span>
    </p>
   </div>
   <div class='ocr_carea' id='block_1_66' title="bbox 301 3707 1884 3785">
    <p class='ocr_par' dir='ltr' id='par_1_66' title="bbox 301 3707 1884 3785">
     <span class='ocr_line' id='line_1_66' title="bbox 301 3707 1884 3785; baseline 0.004 -22"><span class='ocrx_word' id='word_1_509' title='bbox 301 3726 431 3763; x_wconf 79' lang='grc' dir='ltr'>νον.</span> <span class='ocrx_word' id='word_1_510' title='bbox 462 3709 568 3763; x_wconf 84' lang='lat' dir='ltr'><strong>Kal</strong></span> <span class='ocrx_word' id='word_1_511' title='bbox 607 3707 807 3763; x_wconf 69' lang='grc' dir='ltr'>εἶπεν-⁸</span> <span class='ocrx_word' id='word_1_512' title='bbox 858 3711 1018 3778; x_wconf 82' lang='grc' dir='ltr'>Αὕτη</span> <span class='ocrx_word' id='word_1_513' title='bbox 1057 3711 1096 3778; x_wconf 72' lang='grc' dir='ltr'><strong><em>ἡ</em></strong></span> <span class='ocrx_word' id='word_1_514' title='bbox 1139 3712 1337 3768; x_wconf 71' lang='grc' dir='ltr'>ἀδικία</span> <span class='ocrx_word' id='word_1_515' title='bbox 1384 3715 1583 3768; x_wconf 76' lang='grc' dir='ltr'>αὐτῶν</span> <span class='ocrx_word' id='word_1_516' title='bbox 1617 3716 1686 3768; x_wconf 79' lang='grc' dir='ltr'><strong>ἐν</strong></span> <span class='ocrx_word' id='word_1_517' title='bbox 1714 3716 1884 3785; x_wconf 80' lang='grc' dir='ltr'>πάσῃ</span> 
     </span>
    </p>
   </div>
   <div class='ocr_carea' id='block_1_67' title="bbox 300 3800 1880 3877">
    <p class='ocr_par' dir='ltr' id='par_1_67' title="bbox 300 3800 1880 3877">
     <span class='ocr_line' id='line_1_67' title="bbox 300 3800 1880 3877; baseline 0.006 -23"><span class='ocrx_word' id='word_1_518' title='bbox 300 3800 376 3868; x_wconf 79' lang='grc' dir='ltr'>τῇ</span> <span class='ocrx_word' id='word_1_519' title='bbox 405 3800 501 3871; x_wconf 71' lang='grc' dir='ltr'><strong>τῇ.</strong></span> <span class='ocrx_word' id='word_1_520' title='bbox 530 3802 640 3856; x_wconf 84' lang='grc' dir='ltr'><strong>Καὶ</strong></span> <span class='ocrx_word' id='word_1_521' title='bbox 676 3802 805 3856; x_wconf 77' lang='grc' dir='ltr'>ἰδοὺ</span> <span class='ocrx_word' id='word_1_522' title='bbox 834 3804 1133 3858; x_wconf 70' lang='grc' dir='ltr'>τάλαντον</span> <span class='ocrx_word' id='word_1_523' title='bbox 1152 3806 1446 3874; x_wconf 77' lang='grc' dir='ltr'>μολίϐδου</span> <span class='ocrx_word' id='word_1_524' title='bbox 1474 3807 1880 3877; x_wconf 75' lang='grc' dir='ltr'>ἐξαιρόμενον,</span> 
     </span>
    </p>
   </div>
   <div class='ocr_carea' id='block_1_68' title="bbox 297 3889 1882 3966">
    <p class='ocr_par' dir='ltr' id='par_1_68' title="bbox 297 3889 1882 3966">
     <span class='ocr_line' id='line_1_68' title="bbox 297 3889 1882 3966; baseline 0.008 -25"><span class='ocrx_word' id='word_1_525' title='bbox 297 3889 398 3942; x_wconf 76' lang='grc' dir='ltr'>καὶ</span> <span class='ocrx_word' id='word_1_526' title='bbox 436 3890 564 3943; x_wconf 89' lang='grc' dir='ltr'>ίδοὺ</span> <span class='ocrx_word' id='word_1_527' title='bbox 593 3890 748 3958; x_wconf 75' lang='grc' dir='ltr'>γυνὴ</span> <span class='ocrx_word' id='word_1_528' title='bbox 789 3891 897 3960; x_wconf 79' lang='grc' dir='ltr'><strong>μία</strong></span> <span class='ocrx_word' id='word_1_529' title='bbox 936 3891 1192 3960; x_wconf 80' lang='grc' dir='ltr'>ἐκάθητο</span> <span class='ocrx_word' id='word_1_530' title='bbox 1224 3894 1294 3946; x_wconf 79' lang='grc' dir='ltr'><strong>ἐν</strong></span> <span class='ocrx_word' id='word_1_531' title='bbox 1313 3893 1481 3963; x_wconf 84' lang='grc' dir='ltr'>μέσῳ</span> <span class='ocrx_word' id='word_1_532' title='bbox 1512 3897 1618 3951; x_wconf 85' lang='grc' dir='ltr'><strong>τοῦ</strong></span> <span class='ocrx_word' id='word_1_533' title='bbox 1640 3898 1882 3966; x_wconf 85' lang='grc' dir='ltr'>μέτρου.</span> 
     </span>
    </p>
   </div>
   <div class='ocr_carea' id='block_1_69' title="bbox 297 3977 1887 4057">
    <p class='ocr_par' dir='ltr' id='par_1_69' title="bbox 297 3977 1887 4057">
     <span class='ocr_line' id='line_1_69' title="bbox 297 3977 1887 4057; baseline 0.005 -23"><span class='ocrx_word' id='word_1_534' title='bbox 297 3979 407 4035; x_wconf 82' lang='lat' dir='ltr'><strong>Kal</strong></span> <span class='ocrx_word' id='word_1_535' title='bbox 454 3977 655 4034; x_wconf 74' lang='grc' dir='ltr'>εἶπενο</span> <span class='ocrx_word' id='word_1_536' title='bbox 705 3981 867 4049; x_wconf 81' lang='grc' dir='ltr'>Αὕτη</span> <span class='ocrx_word' id='word_1_537' title='bbox 918 3983 1090 4036; x_wconf 76' lang='grc' dir='ltr'>ἐστὶν</span> <span class='ocrx_word' id='word_1_538' title='bbox 1123 3985 1160 4051; x_wconf 81' lang='grc' dir='ltr'>ἡ</span> <span class='ocrx_word' id='word_1_539' title='bbox 1201 3985 1439 4054; x_wconf 80' lang='grc' dir='ltr'>ἀνομία.</span> <span class='ocrx_word' id='word_1_540' title='bbox 1473 3987 1583 4040; x_wconf 87' lang='lat' dir='ltr'><strong>Kal</strong></span> <span class='ocrx_word' id='word_1_541' title='bbox 1640 3987 1887 4057; x_wconf 69' lang='grc' dir='ltr'>ἔρριψεν</span> 
     </span>
    </p>
   </div>
   <div class='ocr_carea' id='block_1_70' title="bbox 298 4072 1886 4148">
    <p class='ocr_par' dir='ltr' id='par_1_70' title="bbox 298 4072 1886 4148">
     <span class='ocr_line' id='line_1_70' title="bbox 298 4072 1886 4148; baseline 0.003 -17"><span class='ocrx_word' id='word_1_542' title='bbox 298 4073 492 4141; x_wconf 80' lang='grc' dir='ltr'>αὐτὴν</span> <span class='ocrx_word' id='word_1_543' title='bbox 549 4075 638 4139; x_wconf 82' lang='grc' dir='ltr'><strong>εἰς</strong></span> <span class='ocrx_word' id='word_1_544' title='bbox 692 4072 889 4142; x_wconf 81' lang='grc' dir='ltr'>μέσον</span> <span class='ocrx_word' id='word_1_545' title='bbox 929 4074 1036 4128; x_wconf 87' lang='grc' dir='ltr'><strong>τοῦ</strong></span> <span class='ocrx_word' id='word_1_546' title='bbox 1084 4075 1328 4146; x_wconf 75' lang='grc' dir='ltr'>μέτρου,</span> <span class='ocrx_word' id='word_1_547' title='bbox 1376 4079 1474 4131; x_wconf 84' lang='grc' dir='ltr'><strong>καί</strong></span> <span class='ocrx_word' id='word_1_548' title='bbox 1523 4078 1734 4148; x_wconf 74' lang='grc' dir='ltr'>ἔρριψε</span> <span class='ocrx_word' id='word_1_549' title='bbox 1778 4082 1886 4135; x_wconf 77' lang='grc' dir='ltr'><strong>τὸν</strong></span> 
     </span>
    </p>
   </div>
   <div class='ocr_carea' id='block_1_71' title="bbox 296 4165 1637 4238">
    <p class='ocr_par' dir='ltr' id='par_1_71' title="bbox 296 4165 1637 4238">
     <span class='ocr_line' id='line_1_71' title="bbox 296 4165 1637 4238; baseline 0.004 -19"><span class='ocrx_word' id='word_1_550' title='bbox 296 4165 470 4219; x_wconf 73' lang='grc' dir='ltr'>λίθον</span> <span class='ocrx_word' id='word_1_551' title='bbox 508 4165 613 4218; x_wconf 84' lang='grc' dir='ltr'><strong>τοῦ</strong></span> <span class='ocrx_word' id='word_1_552' title='bbox 638 4165 930 4233; x_wconf 73' lang='grc' dir='ltr'>μολίϐδου</span> <span class='ocrx_word' id='word_1_553' title='bbox 965 4168 1054 4234; x_wconf 83' lang='grc' dir='ltr'>εὶς</span> <span class='ocrx_word' id='word_1_554' title='bbox 1084 4167 1150 4220; x_wconf 82' lang='grc' dir='ltr'><strong>τὸ</strong></span> <span class='ocrx_word' id='word_1_555' title='bbox 1185 4168 1383 4237; x_wconf 83' lang='grc' dir='ltr'>στόμα</span> <span class='ocrx_word' id='word_1_556' title='bbox 1423 4169 1637 4238; x_wconf 82' lang='grc' dir='ltr'>αὐτῆς.</span> 
     </span>
    </p>
   </div>
   <div class='ocr_carea' id='block_1_72' title="bbox 371 4256 1885 4334">
    <p class='ocr_par' dir='ltr' id='par_1_72' title="bbox 371 4256 1885 4334">
     <span class='ocr_line' id='line_1_72' title="bbox 371 4256 1885 4334; baseline 0.005 -25"><span class='ocrx_word' id='word_1_557' title='bbox 371 4258 449 4311; x_wconf 81' lang='lat' dir='ltr'><strong>A&#39;.</strong></span> <span class='ocrx_word' id='word_1_558' title='bbox 473 4256 690 4318; x_wconf 75' lang='grc' dir='ltr'>Φθάσας</span> <span class='ocrx_word' id='word_1_559' title='bbox 715 4256 872 4327; x_wconf 84' lang='grc' dir='ltr'>έφην,</span> <span class='ocrx_word' id='word_1_560' title='bbox 902 4258 1003 4328; x_wconf 79' lang='grc' dir='ltr'>τῆς</span> <span class='ocrx_word' id='word_1_561' title='bbox 1027 4259 1108 4322; x_wconf 85' lang='grc' dir='ltr'><strong>εἰς</strong></span> <span class='ocrx_word' id='word_1_562' title='bbox 1137 4259 1231 4312; x_wconf 85' lang='grc' dir='ltr'><strong>τὸν</strong></span> <span class='ocrx_word' id='word_1_563' title='bbox 1260 4262 1548 4331; x_wconf 74' lang='grc' dir='ltr'>προφήτην</span> <span class='ocrx_word' id='word_1_564' title='bbox 1583 4262 1885 4334; x_wconf 83' lang='grc' dir='ltr'>σαφηνείας</span> 
     </span>
    </p>
   </div>
   <div class='ocr_carea' id='block_1_73' title="bbox 296 4349 1882 4420">
    <p class='ocr_par' dir='ltr' id='par_1_73' title="bbox 296 4349 1882 4420">
     <span class='ocr_line' id='line_1_73' title="bbox 296 4349 1882 4420; baseline 0.004 -18"><span class='ocrx_word' id='word_1_565' title='bbox 296 4349 622 4419; x_wconf 80' lang='grc' dir='ltr'>ἀρχόμενος,</span> <span class='ocrx_word' id='word_1_566' title='bbox 663 4350 743 4402; x_wconf 83' lang='grc' dir='ltr'>ὅτι</span> <span class='ocrx_word' id='word_1_567' title='bbox 803 4350 941 4419; x_wconf 87' lang='grc' dir='ltr'>μετά</span> <span class='ocrx_word' id='word_1_568' title='bbox 992 4350 1092 4420; x_wconf 78' lang='grc' dir='ltr'>τὴν</span> <span class='ocrx_word' id='word_1_569' title='bbox 1134 4351 1200 4419; x_wconf 62' lang='lat' dir='ltr'><strong>ex</strong></span> <span class='ocrx_word' id='word_1_570' title='bbox 1235 4352 1558 4418; x_wconf 82' lang='grc' dir='ltr'>Βαϐυλῶνος</span> <span class='ocrx_word' id='word_1_571' title='bbox 1602 4355 1882 4419; x_wconf 71' lang='grc' dir='ltr'>ἐπάνοδον,</span> 
     </span>
    </p>
   </div>
   <div class='ocr_carea' id='block_1_74' title="bbox 297 4440 1884 4511">
    <p class='ocr_par' dir='ltr' id='par_1_74' title="bbox 297 4440 1884 4511">
     <span class='ocr_line' id='line_1_74' title="bbox 297 4440 1884 4511; baseline 0.004 -17"><span class='ocrx_word' id='word_1_572' title='bbox 297 4441 443 4511; x_wconf 74' lang='grc' dir='ltr'>ειπερ</span> <span class='ocrx_word' id='word_1_573' title='bbox 472 4441 530 4492; x_wconf 80' lang='grc' dir='ltr'>ὲν</span> <span class='ocrx_word' id='word_1_574' title='bbox 560 4440 636 4511; x_wconf 81' lang='grc' dir='ltr'>τῷ</span> <span class='ocrx_word' id='word_1_575' title='bbox 659 4440 836 4511; x_wconf 83' lang='grc' dir='ltr'>καιρῷ</span> <span class='ocrx_word' id='word_1_576' title='bbox 855 4440 956 4510; x_wconf 81' lang='grc' dir='ltr'>τῆς</span> <span class='ocrx_word' id='word_1_577' title='bbox 983 4441 1360 4510; x_wconf 70' lang='grc' dir='ltr'>αἰχμαλωσίας</span> <span class='ocrx_word' id='word_1_578' title='bbox 1385 4444 1675 4510; x_wconf 87' lang='grc' dir='ltr'>τέθεινται,</span> <span class='ocrx_word' id='word_1_579' title='bbox 1712 4448 1884 4500; x_wconf 86' lang='grc' dir='ltr'>ταῦτα</span> 
     </span>
    </p>
   </div>
   <div class='ocr_carea' id='block_1_75' title="bbox 298 4531 1884 4609">
    <p class='ocr_par' dir='ltr' id='par_1_75' title="bbox 298 4531 1884 4609">
     <span class='ocr_line' id='line_1_75' title="bbox 298 4531 1884 4609; baseline 0.003 -23"><span class='ocrx_word' id='word_1_580' title='bbox 298 4535 415 4596; x_wconf 87' lang='grc' dir='ltr'>τοῖς</span> <span class='ocrx_word' id='word_1_581' title='bbox 459 4531 889 4602; x_wconf 84' lang='grc' dir='ltr'>λελυτρωμένοις</span> <span class='ocrx_word' id='word_1_582' title='bbox 946 4534 1239 4602; x_wconf 83' lang='grc' dir='ltr'>ἀφηγεῖται</span> <span class='ocrx_word' id='word_1_583' title='bbox 1298 4537 1606 4606; x_wconf 86' lang='grc' dir='ltr'>χρησίμως.</span> <span class='ocrx_word' id='word_1_584' title='bbox 1666 4538 1884 4609; x_wconf 81' lang='grc' dir='ltr'>Ἐπειδὴ</span> 
     </span>
    </p>
   </div>
   <div class='ocr_carea' id='block_1_76' title="bbox 297 4624 1880 4700">
    <p class='ocr_par' dir='ltr' id='par_1_76' title="bbox 297 4624 1880 4700">
     <span class='ocr_line' id='line_1_76' title="bbox 297 4624 1880 4700; baseline 0.003 -24"><span class='ocrx_word' id='word_1_585' title='bbox 297 4625 410 4694; x_wconf 80' lang='grc' dir='ltr'><strong>γάρ</strong></span> <span class='ocrx_word' id='word_1_586' title='bbox 441 4625 638 4686; x_wconf 71' lang='grc' dir='ltr'>αὐτοὺς</span> <span class='ocrx_word' id='word_1_587' title='bbox 661 4624 850 4677; x_wconf 77' lang='grc' dir='ltr'>ἐθεᾶτο</span> <span class='ocrx_word' id='word_1_588' title='bbox 876 4625 1432 4698; x_wconf 68' lang='grc' dir='ltr'>καταρρᾳθυμοῦντας</span> <span class='ocrx_word' id='word_1_589' title='bbox 1459 4628 1599 4696; x_wconf 84' lang='grc' dir='ltr'>ἄγαν</span> <span class='ocrx_word' id='word_1_590' title='bbox 1623 4627 1715 4682; x_wconf 90' lang='grc' dir='ltr'><strong>τοῦ</strong></span> <span class='ocrx_word' id='word_1_591' title='bbox 1745 4629 1880 4700; x_wconf 81' lang='grc' dir='ltr'>χρῆ-</span> 
     </span>
    </p>
   </div>
   <div class='ocr_carea' id='block_1_77' title="bbox 296 4697 1958 4791">
    <p class='ocr_par' dir='ltr' id='par_1_77' title="bbox 296 4697 1958 4791">
     <span class='ocr_line' id='line_1_77' title="bbox 296 4697 1958 4791; baseline 0.005 -25"><span class='ocrx_word' id='word_1_592' title='bbox 296 4733 388 4769; x_wconf 90' lang='grc' dir='ltr'><strong>ναι</strong></span> <span class='ocrx_word' id='word_1_593' title='bbox 414 4716 656 4785; x_wconf 81' lang='grc' dir='ltr'>πληροῦν</span> <span class='ocrx_word' id='word_1_594' title='bbox 684 4715 752 4769; x_wconf 76' lang='grc' dir='ltr'><strong>τὰ</strong></span> <span class='ocrx_word' id='word_1_595' title='bbox 797 4697 1180 4788; x_wconf 84' lang='grc' dir='ltr'>νενομισμένα,</span> <span class='ocrx_word' id='word_1_596' title='bbox 1212 4720 1306 4774; x_wconf 74' lang='grc' dir='ltr'>καὶ</span> <span class='ocrx_word' id='word_1_597' title='bbox 1352 4697 1880 4791; x_wconf 32' lang='grc' dir='ltr'>ἀποκλίναντας-μέν</span> <span class='ocrx_word' id='word_1_598' title='bbox 1917 4697 1958 4750; x_wconf 70' lang='lat' dir='ltr'><strong>D</strong></span> 
     </span>
    </p>
   </div>
   <div class='ocr_carea' id='block_1_78' title="bbox 297 4807 1878 4882">
    <p class='ocr_par' dir='ltr' id='par_1_78' title="bbox 297 4807 1878 4882">
     <span class='ocr_line' id='line_1_78' title="bbox 297 4807 1878 4882; baseline 0.001 -20"><span class='ocrx_word' id='word_1_599' title='bbox 297 4807 618 4870; x_wconf 86' lang='grc' dir='ltr'>ἁκαθέκτως</span> <span class='ocrx_word' id='word_1_600' title='bbox 654 4809 731 4870; x_wconf 81' lang='grc' dir='ltr'><strong>είς</strong></span> <span class='ocrx_word' id='word_1_601' title='bbox 754 4825 817 4875; x_wconf 91' lang='grc' dir='ltr'><strong>γε</strong></span> <span class='ocrx_word' id='word_1_602' title='bbox 847 4808 906 4860; x_wconf 85' lang='grc' dir='ltr'><strong>τὸ</strong></span> <span class='ocrx_word' id='word_1_603' title='bbox 936 4810 1116 4877; x_wconf 76' lang='grc' dir='ltr'>σφίσιν</span> <span class='ocrx_word' id='word_1_604' title='bbox 1144 4811 1326 4874; x_wconf 83' lang='grc' dir='ltr'>αὐτοῖς</span> <span class='ocrx_word' id='word_1_605' title='bbox 1357 4811 1453 4882; x_wconf 78' lang='grc' dir='ltr'><strong>ήδύ</strong></span> <span class='ocrx_word' id='word_1_606' title='bbox 1488 4828 1547 4864; x_wconf 90' lang='grc' dir='ltr'><strong>τε</strong></span> <span class='ocrx_word' id='word_1_607' title='bbox 1581 4813 1674 4864; x_wconf 76' lang='grc' dir='ltr'>καὶ</span> <span class='ocrx_word' id='word_1_608' title='bbox 1706 4813 1878 4880; x_wconf 81' lang='grc' dir='ltr'>φίλον,</span> 
     </span>
    </p>
   </div>
   <div class='ocr_carea' id='block_1_79' title="bbox 295 4897 1881 4972">
    <p class='ocr_par' dir='ltr' id='par_1_79' title="bbox 295 4897 1881 4972">
     <span class='ocr_line' id='line_1_79' title="bbox 295 4897 1881 4972; baseline 0.003 -24"><span class='ocrx_word' id='word_1_609' title='bbox 295 4897 458 4964; x_wconf 81' lang='grc' dir='ltr'>ὀλίγα</span> <span class='ocrx_word' id='word_1_610' title='bbox 481 4897 537 4950; x_wconf 75' lang='grc' dir='ltr'>δὲ</span> <span class='ocrx_word' id='word_1_611' title='bbox 567 4897 848 4960; x_wconf 85' lang='grc' dir='ltr'>παντελῶς</span> <span class='ocrx_word' id='word_1_612' title='bbox 876 4898 983 4950; x_wconf 85' lang='grc' dir='ltr'><strong>τῶν</strong></span> <span class='ocrx_word' id='word_1_613' title='bbox 1029 4898 1116 4951; x_wconf 83' lang='grc' dir='ltr'><strong>διά</strong></span> <span class='ocrx_word' id='word_1_614' title='bbox 1156 4899 1400 4963; x_wconf 86' lang='grc' dir='ltr'>Μωσέως</span> <span class='ocrx_word' id='word_1_615' title='bbox 1453 4901 1881 4972; x_wconf 84' lang='grc' dir='ltr'>πεφροντικότας</span> 
     </span>
    </p>
   </div>
   <div class='ocr_carea' id='block_1_80' title="bbox 296 4987 1878 5061">
    <p class='ocr_par' dir='ltr' id='par_1_80' title="bbox 296 4987 1878 5061">
     <span class='ocr_line' id='line_1_80' title="bbox 296 4987 1878 5061; baseline 0.002 -19"><span class='ocrx_word' id='word_1_616' title='bbox 296 4987 482 5057; x_wconf 86' lang='grc' dir='ltr'>νόμων</span> <span class='ocrx_word' id='word_1_617' title='bbox 527 4988 939 5058; x_wconf 81' lang='grc' dir='ltr'>(συνεπλέκοντο</span> <span class='ocrx_word' id='word_1_618' title='bbox 977 4991 1086 5061; x_wconf 77' lang='grc' dir='ltr'><strong>γὰρ</strong></span> <span class='ocrx_word' id='word_1_619' title='bbox 1129 4991 1226 5044; x_wconf 77' lang='grc' dir='ltr'>καὶ</span> <span class='ocrx_word' id='word_1_620' title='bbox 1275 4991 1593 5060; x_wconf 78' lang='grc' dir='ltr'>ἀλλοφύλοις</span> <span class='ocrx_word' id='word_1_621' title='bbox 1644 4992 1878 5061; x_wconf 75' lang='grc' dir='ltr'>γυναιξὶ,</span> 
     </span>
    </p>
   </div>
   <div class='ocr_carea' id='block_1_81' title="bbox 300 5078 1879 5151">
    <p class='ocr_par' dir='ltr' id='par_1_81' title="bbox 300 5078 1879 5151">
     <span class='ocr_line' id='line_1_81' title="bbox 300 5078 1879 5151; baseline 0.001 -18"><span class='ocrx_word' id='word_1_622' title='bbox 300 5078 404 5134; x_wconf 76' lang='grc' dir='ltr'>καὶ</span> <span class='ocrx_word' id='word_1_623' title='bbox 427 5079 526 5150; x_wconf 80' lang='grc' dir='ltr'><strong>ήδη</strong></span> <span class='ocrx_word' id='word_1_624' title='bbox 555 5079 700 5142; x_wconf 82' lang='grc' dir='ltr'>τινὲς</span> <span class='ocrx_word' id='word_1_625' title='bbox 741 5080 1047 5151; x_wconf 83' lang='grc' dir='ltr'>όλοτρόπως</span> <span class='ocrx_word' id='word_1_626' title='bbox 1077 5079 1181 5146; x_wconf 77' lang='grc' dir='ltr'><strong>ἔξω</strong></span> <span class='ocrx_word' id='word_1_627' title='bbox 1223 5080 1494 5151; x_wconf 86' lang='grc' dir='ltr'>βαίνοντες</span> <span class='ocrx_word' id='word_1_628' title='bbox 1528 5081 1619 5134; x_wconf 89' lang='grc' dir='ltr'><strong>τοῦ</strong></span> <span class='ocrx_word' id='word_1_629' title='bbox 1652 5083 1879 5145; x_wconf 87' lang='grc' dir='ltr'>εἰκότος,</span> 
     </span>
    </p>
   </div>
   <div class='ocr_carea' id='block_1_82' title="bbox 298 5169 1882 5241">
    <p class='ocr_par' dir='ltr' id='par_1_82' title="bbox 298 5169 1882 5241">
     <span class='ocr_line' id='line_1_82' title="bbox 298 5169 1882 5241; baseline -0.001 -17"><span class='ocrx_word' id='word_1_630' title='bbox 298 5169 662 5240; x_wconf 72' lang='grc' dir='ltr'>έτελέσθησαν</span> <span class='ocrx_word' id='word_1_631' title='bbox 712 5170 968 5234; x_wconf 84' lang='grc' dir='ltr'>εἰδώλοις,</span> <span class='ocrx_word' id='word_1_632' title='bbox 1005 5169 1099 5223; x_wconf 91' lang='grc' dir='ltr'><strong>καί</strong></span> <span class='ocrx_word' id='word_1_633' title='bbox 1127 5187 1250 5223; x_wconf 88' lang='grc' dir='ltr'>τινα</span> <span class='ocrx_word' id='word_1_634' title='bbox 1295 5171 1432 5241; x_wconf 87' lang='grc' dir='ltr'>πρὸς</span> <span class='ocrx_word' id='word_1_635' title='bbox 1463 5170 1674 5234; x_wconf 87' lang='grc' dir='ltr'>τούτοις</span> <span class='ocrx_word' id='word_1_636' title='bbox 1712 5170 1882 5241; x_wconf 74' lang='grc' dir='ltr'>ἔδρων</span> 
     </span>
    </p>
   </div>
   <div class='ocr_carea' id='block_1_83' title="bbox 296 5260 1884 5333">
    <p class='ocr_par' dir='ltr' id='par_1_83' title="bbox 296 5260 1884 5333">
     <span class='ocr_line' id='line_1_83' title="bbox 296 5260 1884 5333; baseline 0 -17"><span class='ocrx_word' id='word_1_637' title='bbox 296 5262 334 5316; x_wconf 74' lang='grc' dir='ltr'><strong>ἃ</strong></span> <span class='ocrx_word' id='word_1_638' title='bbox 380 5260 513 5333; x_wconf 81' lang='grc' dir='ltr'>μηδὲ</span> <span class='ocrx_word' id='word_1_639' title='bbox 561 5260 720 5332; x_wconf 87' lang='grc' dir='ltr'>θέμις</span> <span class='ocrx_word' id='word_1_640' title='bbox 764 5262 981 5328; x_wconf 87' lang='grc' dir='ltr'>εἰπεῖν)·</span> <span class='ocrx_word' id='word_1_641' title='bbox 1028 5261 1335 5330; x_wconf 83' lang='grc' dir='ltr'>ἀναγκαίαν</span> <span class='ocrx_word' id='word_1_642' title='bbox 1380 5263 1409 5314; x_wconf 85' lang='grc' dir='ltr'>ὁ</span> <span class='ocrx_word' id='word_1_643' title='bbox 1457 5265 1744 5333; x_wconf 84' lang='grc' dir='ltr'>προφήτης</span> <span class='ocrx_word' id='word_1_644' title='bbox 1776 5264 1884 5316; x_wconf 88' lang='grc' dir='ltr'><strong>τῶν</strong></span> 
     </span>
    </p>
   </div>
   <div class='ocr_carea' id='block_1_84' title="bbox 296 5352 1887 5428">
    <p class='ocr_par' dir='ltr' id='par_1_84' title="bbox 296 5352 1887 5428">
     <span class='ocr_line' id='line_1_84' title="bbox 296 5352 1887 5428; baseline -0.003 -18"><span class='ocrx_word' id='word_1_645' title='bbox 296 5356 594 5428; x_wconf 85' lang='grc' dir='ltr'>δραμάτων</span> <span class='ocrx_word' id='word_1_646' title='bbox 623 5356 856 5408; x_wconf 86' lang='grc' dir='ltr'>ποιεῖται</span> <span class='ocrx_word' id='word_1_647' title='bbox 883 5352 983 5424; x_wconf 83' lang='grc' dir='ltr'>τὴν</span> <span class='ocrx_word' id='word_1_648' title='bbox 1016 5353 1313 5423; x_wconf 83' lang='grc' dir='ltr'>ἀφήγησιν,</span> <span class='ocrx_word' id='word_1_649' title='bbox 1350 5353 1415 5406; x_wconf 76' lang='grc' dir='ltr'><strong>ἵν’</strong></span> <span class='ocrx_word' id='word_1_650' title='bbox 1445 5353 1634 5405; x_wconf 87' lang='grc' dir='ltr'>εἰδεῖεν</span> <span class='ocrx_word' id='word_1_651' title='bbox 1663 5354 1712 5406; x_wconf 86' lang='grc' dir='ltr'>οἱ</span> <span class='ocrx_word' id='word_1_652' title='bbox 1738 5352 1887 5405; x_wconf 78' lang='grc' dir='ltr'>λελυ-</span> 
     </span>
    </p>
   </div>
   <div class='ocr_carea' id='block_1_85' title="bbox 295 5445 1885 5517">
    <p class='ocr_par' dir='ltr' id='par_1_85' title="bbox 295 5445 1885 5517">
     <span class='ocr_line' id='line_1_85' title="bbox 295 5445 1885 5517; baseline 0 -19"><span class='ocrx_word' id='word_1_653' title='bbox 295 5445 572 5517; x_wconf 88' lang='grc' dir='ltr'>τρωμένοι</span> <span class='ocrx_word' id='word_1_654' title='bbox 624 5445 796 5515; x_wconf 88' lang='grc' dir='ltr'>μόλις,</span> <span class='ocrx_word' id='word_1_655' title='bbox 829 5445 1042 5510; x_wconf 72' lang='grc' dir='ltr'>ὁποίαις</span> <span class='ocrx_word' id='word_1_656' title='bbox 1071 5445 1372 5517; x_wconf 84' lang='grc' dir='ltr'>ἀνθρώπων</span> <span class='ocrx_word' id='word_1_657' title='bbox 1398 5447 1488 5499; x_wconf 75' lang='grc' dir='ltr'>καὶ</span> <span class='ocrx_word' id='word_1_658' title='bbox 1511 5446 1683 5515; x_wconf 86' lang='grc' dir='ltr'>ἁγίων</span> <span class='ocrx_word' id='word_1_659' title='bbox 1717 5445 1885 5514; x_wconf 86' lang='grc' dir='ltr'>ἀγγέ-</span> 
     </span>
    </p>
   </div>
   <div class='ocr_carea' id='block_1_86' title="bbox 295 5537 1885 5612">
    <p class='ocr_par' dir='ltr' id='par_1_86' title="bbox 295 5537 1885 5612">
     <span class='ocr_line' id='line_1_86' title="bbox 295 5537 1885 5612; baseline 0.003 -22"><span class='ocrx_word' id='word_1_660' title='bbox 295 5538 413 5593; x_wconf 87' lang='grc' dir='ltr'><strong>λων</strong></span> <span class='ocrx_word' id='word_1_661' title='bbox 445 5539 621 5602; x_wconf 80' lang='grc' dir='ltr'>λιταῖς</span> <span class='ocrx_word' id='word_1_662' title='bbox 648 5537 709 5592; x_wconf 84' lang='grc' dir='ltr'><strong>τὸ</strong></span> <span class='ocrx_word' id='word_1_663' title='bbox 734 5541 922 5610; x_wconf 87' lang='grc' dir='ltr'>χρῆμα</span> <span class='ocrx_word' id='word_1_664' title='bbox 945 5541 1315 5612; x_wconf 84' lang='grc' dir='ltr'>κερδαίνοντες</span> <span class='ocrx_word' id='word_1_665' title='bbox 1340 5541 1513 5608; x_wconf 73' lang='grc' dir='ltr'>αὐτοὶ,</span> <span class='ocrx_word' id='word_1_666' title='bbox 1561 5541 1701 5595; x_wconf 86' lang='grc' dir='ltr'>κατά</span> <span class='ocrx_word' id='word_1_667' title='bbox 1734 5542 1885 5611; x_wconf 91' lang='grc' dir='ltr'>σφῶν</span> 
     </span>
    </p>
   </div>
   <div class='ocr_carea' id='block_1_87' title="bbox 301 5630 1888 5705">
    <p class='ocr_par' dir='ltr' id='par_1_87' title="bbox 301 5630 1888 5705">
     <span class='ocr_line' id='line_1_87' title="bbox 301 5630 1888 5705; baseline 0.004 -22"><span class='ocrx_word' id='word_1_668' title='bbox 301 5630 682 5700; x_wconf 68' lang='grc' dir='ltr'>παραθήγουσι</span> <span class='ocrx_word' id='word_1_669' title='bbox 709 5630 870 5684; x_wconf 88' lang='grc' dir='ltr'>πάλιν</span> <span class='ocrx_word' id='word_1_670' title='bbox 888 5631 979 5685; x_wconf 87' lang='grc' dir='ltr'><strong>τὸν</strong></span> <span class='ocrx_word' id='word_1_671' title='bbox 1004 5631 1112 5686; x_wconf 89' lang='grc' dir='ltr'><strong>τῶν</strong></span> <span class='ocrx_word' id='word_1_672' title='bbox 1134 5631 1272 5686; x_wconf 85' lang='grc' dir='ltr'>ὅλων</span> <span class='ocrx_word' id='word_1_673' title='bbox 1308 5632 1462 5698; x_wconf 85' lang='grc' dir='ltr'>Θεὸν,</span> <span class='ocrx_word' id='word_1_674' title='bbox 1497 5634 1616 5696; x_wconf 83' lang='grc' dir='ltr'>ταῖς</span> <span class='ocrx_word' id='word_1_675' title='bbox 1648 5632 1758 5686; x_wconf 90' lang='grc' dir='ltr'><strong>τῶν</strong></span> <span class='ocrx_word' id='word_1_676' title='bbox 1787 5635 1888 5705; x_wconf 81' lang='grc' dir='ltr'>ἀρ·</span> 
     </span>
    </p>
   </div>
   <div class='ocr_carea' id='block_1_88' title="bbox 374 5804 1699 5879">
    <p class='ocr_par' dir='ltr' id='par_1_88' title="bbox 374 5804 1699 5879">
     <span class='ocr_line' id='line_1_88' title="bbox 374 5804 1699 5879; baseline -0.001 -18"><span class='ocrx_word' id='word_1_677' title='bbox 374 5805 420 5838; x_wconf 86' lang='grc'><strong><em>⁸⁸</em></strong></span> <span class='ocrx_word' id='word_1_678' title='bbox 455 5804 474 5879; x_wconf 86' lang='lat' dir='ltr'><strong>l</strong></span> <span class='ocrx_word' id='word_1_679' title='bbox 513 5804 668 5863; x_wconf 85' lang='lat' dir='ltr'><strong>Esdr.</strong></span> <span class='ocrx_word' id='word_1_680' title='bbox 711 5822 763 5866; x_wconf 73' lang='grc' dir='ltr'><strong>ι.</strong></span> <span class='ocrx_word' id='word_1_681' title='bbox 811 5808 858 5866; x_wconf 88' lang='lat' dir='ltr'><strong>l.</strong></span> <span class='ocrx_word' id='word_1_682' title='bbox 898 5808 950 5862; x_wconf 87' lang='lat'><strong>9.</strong></span> <span class='ocrx_word' id='word_1_683' title='bbox 1030 5806 1073 5837; x_wconf 72' lang='lat'><strong>“</strong></span> <span class='ocrx_word' id='word_1_684' title='bbox 1111 5805 1128 5863; x_wconf 88' lang='grc' dir='ltr'><strong>Ι</strong></span> <span class='ocrx_word' id='word_1_685' title='bbox 1168 5804 1320 5864; x_wconf 73' lang='lat' dir='ltr'><strong>Esdr.</strong></span> <span class='ocrx_word' id='word_1_686' title='bbox 1363 5823 1434 5867; x_wconf 79' lang='lat' dir='ltr'><strong>vr.</strong></span> <span class='ocrx_word' id='word_1_687' title='bbox 1485 5809 1502 5864; x_wconf 90' lang='lat' dir='ltr'><strong>l</strong></span> <span class='ocrx_word' id='word_1_688' title='bbox 1551 5823 1699 5869; x_wconf 77' lang='lat' dir='ltr'><strong>scan.</strong></span> 
     </span>
    </p>
   </div>
   <div class='ocr_carea' id='block_1_89' title="bbox 1986 3437 3564 3506">
    <p class='ocr_par' dir='ltr' id='par_1_89' title="bbox 1986 3437 3564 3506">
     <span class='ocr_line' id='line_1_89' title="bbox 1986 3437 3564 3506; baseline 0.003 -14"><span class='ocrx_word' id='word_1_689' title='bbox 1986 3450 2074 3493; x_wconf 86' lang='lat' dir='ltr'><strong>tur</strong></span> <span class='ocrx_word' id='word_1_690' title='bbox 2095 3440 2149 3493; x_wconf 86' lang='lat' dir='ltr'><strong>in</strong></span> <span class='ocrx_word' id='word_1_691' title='bbox 2180 3455 2280 3505; x_wconf 85' lang='lat' dir='ltr'><strong>me,</strong></span> <span class='ocrx_word' id='word_1_692' title='bbox 2304 3449 2352 3492; x_wconf 83' lang='lat' dir='ltr'><strong>et</strong></span> <span class='ocrx_word' id='word_1_693' title='bbox 2377 3439 2516 3491; x_wconf 74' lang='lat' dir='ltr'><strong>dixit</strong></span> <span class='ocrx_word' id='word_1_694' title='bbox 2537 3439 2607 3491; x_wconf 87' lang='lat' dir='ltr'><strong>ad</strong></span> <span class='ocrx_word' id='word_1_695' title='bbox 2637 3454 2752 3491; x_wconf 80' lang='lat' dir='ltr'><strong>me:</strong></span> <span class='ocrx_word' id='word_1_696' title='bbox 2780 3437 3000 3506; x_wconf 82' lang='lat' dir='ltr'><strong>Suspice</strong></span> <span class='ocrx_word' id='word_1_697' title='bbox 3023 3438 3183 3492; x_wconf 81' lang='lat' dir='ltr'><strong>oculis</strong></span> <span class='ocrx_word' id='word_1_698' title='bbox 3213 3439 3343 3504; x_wconf 85' lang='lat' dir='ltr'><strong>tuis,</strong></span> <span class='ocrx_word' id='word_1_699' title='bbox 3377 3451 3424 3494; x_wconf 82' lang='lat' dir='ltr'><strong>et</strong></span> <span class='ocrx_word' id='word_1_700' title='bbox 3447 3443 3564 3496; x_wconf 76' lang='lat' dir='ltr'><strong>vida</strong></span> 
     </span>
    </p>
   </div>
   <div class='ocr_carea' id='block_1_90' title="bbox 1984 3527 3562 3601">
    <p class='ocr_par' dir='ltr' id='par_1_90' title="bbox 1984 3527 3562 3601">
     <span class='ocr_line' id='line_1_90' title="bbox 1984 3527 3562 3601; baseline 0.001 -19"><span class='ocrx_word' id='word_1_701' title='bbox 1984 3532 2111 3601; x_wconf 85' lang='lat' dir='ltr'><strong>quid</strong></span> <span class='ocrx_word' id='word_1_702' title='bbox 2141 3539 2215 3583; x_wconf 81' lang='lat' dir='ltr'><strong>est</strong></span> <span class='ocrx_word' id='word_1_703' title='bbox 2246 3532 2342 3582; x_wconf 83' lang='lat' dir='ltr'><strong>hoc</strong></span> <span class='ocrx_word' id='word_1_704' title='bbox 2377 3530 2517 3599; x_wconf 84' lang='lat' dir='ltr'><strong>quod</strong></span> <span class='ocrx_word' id='word_1_705' title='bbox 2543 3531 2829 3600; x_wconf 84' lang='lat' dir='ltr'><strong>egreditur.</strong></span> <span class='ocrx_word' id='word_1_706' title='bbox 2870 3527 2939 3582; x_wconf 84' lang='lat' dir='ltr'><strong>Et</strong></span> <span class='ocrx_word' id='word_1_707' title='bbox 2977 3529 3093 3582; x_wconf 78' lang='lat' dir='ltr'><strong>dixi</strong></span> <span class='ocrx_word' id='word_1_708' title='bbox 3111 3545 3134 3583; x_wconf 85' lang='lat'><strong>:.</strong></span> <span class='ocrx_word' id='word_1_709' title='bbox 3164 3529 3305 3594; x_wconf 83' lang='lat' dir='ltr'><strong>Quid</strong></span> <span class='ocrx_word' id='word_1_710' title='bbox 3337 3531 3458 3584; x_wconf 82' lang='lat' dir='ltr'><strong>est?</strong></span> <span class='ocrx_word' id='word_1_711' title='bbox 3494 3529 3562 3584; x_wconf 86' lang='lat' dir='ltr'><strong>Et</strong></span> 
     </span>
    </p>
   </div>
   <div class='ocr_carea' id='block_1_91' title="bbox 1985 3620 3576 3693">
    <p class='ocr_par' dir='ltr' id='par_1_91' title="bbox 1985 3620 3576 3693">
     <span class='ocr_line' id='line_1_91' title="bbox 1985 3620 3576 3693; baseline -0.001 -17"><span class='ocrx_word' id='word_1_712' title='bbox 1985 3624 2166 3676; x_wconf 71' lang='lat' dir='ltr'><strong>dixit:</strong></span> <span class='ocrx_word' id='word_1_713' title='bbox 2197 3621 2324 3675; x_wconf 77' lang='lat' dir='ltr'><strong>&quot;tre</strong></span> <span class='ocrx_word' id='word_1_714' title='bbox 2363 3631 2442 3676; x_wconf 82' lang='lat' dir='ltr'><strong>est</strong></span> <span class='ocrx_word' id='word_1_715' title='bbox 2491 3638 2736 3676; x_wconf 80' lang='lat' dir='ltr'><strong>mensura</strong></span> <span class='ocrx_word' id='word_1_716' title='bbox 2778 3638 2896 3692; x_wconf 70' lang='lat' dir='ltr'><strong>qua:</strong></span> <span class='ocrx_word' id='word_1_717' title='bbox 2948 3625 3236 3693; x_wconf 79' lang='lat' dir='ltr'><strong>egreditur.</strong></span> <span class='ocrx_word' id='word_1_718' title='bbox 3289 3620 3355 3675; x_wconf 80' lang='lat' dir='ltr'><strong>Et</strong></span> <span class='ocrx_word' id='word_1_719' title='bbox 3387 3621 3524 3675; x_wconf 74' lang='lat' dir='ltr'><strong>dixit</strong></span> <span class='ocrx_word' id='word_1_720' title='bbox 3541 3637 3576 3676; x_wconf 89' lang='lat'><strong>:.</strong></span> 
     </span>
    </p>
   </div>
   <div class='ocr_carea' id='block_1_92' title="bbox 1991 3711 3566 3782">
    <p class='ocr_par' dir='ltr' id='par_1_92' title="bbox 1991 3711 3566 3782">
     <span class='ocr_line' id='line_1_92' title="bbox 1991 3711 3566 3782; baseline 0 -16"><span class='ocrx_word' id='word_1_721' title='bbox 1991 3712 2119 3768; x_wconf 75' lang='lat' dir='ltr'><strong>licet:</strong></span> <span class='ocrx_word' id='word_1_722' title='bbox 2145 3722 2221 3767; x_wconf 83' lang='lat' dir='ltr'><strong>est</strong></span> <span class='ocrx_word' id='word_1_723' title='bbox 2252 3713 2503 3782; x_wconf 76' lang='lat' dir='ltr'><strong>iniquitas</strong></span> <span class='ocrx_word' id='word_1_724' title='bbox 2537 3729 2717 3767; x_wconf 85' lang='lat' dir='ltr'><strong>eorum</strong></span> <span class='ocrx_word' id='word_1_725' title='bbox 2763 3713 2817 3768; x_wconf 84' lang='lat' dir='ltr'><strong>in</strong></span> <span class='ocrx_word' id='word_1_726' title='bbox 2860 3713 3003 3766; x_wconf 87' lang='lat' dir='ltr'><strong>onmi</strong></span> <span class='ocrx_word' id='word_1_727' title='bbox 3029 3725 3190 3768; x_wconf 86' lang='lat' dir='ltr'><strong>terra.</strong></span> <span class='ocrx_word' id='word_1_728' title='bbox 3228 3711 3298 3765; x_wconf 86' lang='lat' dir='ltr'><strong>Et</strong></span> <span class='ocrx_word' id='word_1_729' title='bbox 3327 3728 3444 3766; x_wconf 82' lang='lat' dir='ltr'><strong>ecce</strong></span> <span class='ocrx_word' id='word_1_730' title='bbox 3481 3723 3566 3766; x_wconf 81' lang='lat' dir='ltr'><strong>ta-</strong></span> 
     </span>
    </p>
   </div>
   <div class='ocr_carea' id='block_1_93' title="bbox 1987 3805 3577 3874">
    <p class='ocr_par' dir='ltr' id='par_1_93' title="bbox 1987 3805 3577 3874">
     <span class='ocr_line' id='line_1_93' title="bbox 1987 3805 3577 3874; baseline -0.003 -14"><span class='ocrx_word' id='word_1_731' title='bbox 1987 3807 2182 3860; x_wconf 84' lang='lat' dir='ltr'><strong>lentum</strong></span> <span class='ocrx_word' id='word_1_732' title='bbox 2208 3805 2404 3874; x_wconf 84' lang='lat' dir='ltr'><strong>plumbi</strong></span> <span class='ocrx_word' id='word_1_733' title='bbox 2433 3806 2711 3870; x_wconf 83' lang='lat' dir='ltr'><strong>elevatum,</strong></span> <span class='ocrx_word' id='word_1_734' title='bbox 2737 3816 2783 3860; x_wconf 83' lang='lat' dir='ltr'><strong>et</strong></span> <span class='ocrx_word' id='word_1_735' title='bbox 2822 3822 2938 3860; x_wconf 77' lang='lat' dir='ltr'><strong>ecce</strong></span> <span class='ocrx_word' id='word_1_736' title='bbox 2978 3805 3168 3859; x_wconf 74' lang='lat' dir='ltr'><strong>mulier</strong></span> <span class='ocrx_word' id='word_1_737' title='bbox 3207 3822 3313 3859; x_wconf 84' lang='lat' dir='ltr'><strong>una</strong></span> <span class='ocrx_word' id='word_1_738' title='bbox 3351 3809 3577 3860; x_wconf 78' lang='lat' dir='ltr'><strong>sedebat.</strong></span> 
     </span>
    </p>
   </div>
   <div class='ocr_carea' id='block_1_94' title="bbox 1985 3895 3565 3966">
    <p class='ocr_par' dir='ltr' id='par_1_94' title="bbox 1985 3895 3565 3966">
     <span class='ocr_line' id='line_1_94' title="bbox 1985 3895 3565 3966; baseline -0.004 -12"><span class='ocrx_word' id='word_1_739' title='bbox 1985 3900 2042 3954; x_wconf 85' lang='lat' dir='ltr'><strong>in</strong></span> <span class='ocrx_word' id='word_1_740' title='bbox 2072 3900 2241 3954; x_wconf 87' lang='lat' dir='ltr'><strong>medio</strong></span> <span class='ocrx_word' id='word_1_741' title='bbox 2271 3915 2551 3954; x_wconf 72' lang='lat' dir='ltr'><strong>mensum.</strong></span> <span class='ocrx_word' id='word_1_742' title='bbox 2589 3897 2656 3952; x_wconf 87' lang='lat' dir='ltr'><strong>Et</strong></span> <span class='ocrx_word' id='word_1_743' title='bbox 2684 3899 2823 3952; x_wconf 73' lang='lat' dir='ltr'><strong>dixit</strong></span> <span class='ocrx_word' id='word_1_744' title='bbox 2850 3913 2869 3952; x_wconf 91' lang='lat'><strong><em>:</em></strong></span> <span class='ocrx_word' id='word_1_745' title='bbox 2896 3897 3024 3953; x_wconf 74' lang='grc' dir='ltr'>ιιωε</span> <span class='ocrx_word' id='word_1_746' title='bbox 3058 3906 3136 3952; x_wconf 78' lang='lat' dir='ltr'><strong>est</strong></span> <span class='ocrx_word' id='word_1_747' title='bbox 3178 3897 3452 3966; x_wconf 79' lang='lat' dir='ltr'><strong>iniquitas.</strong></span> <span class='ocrx_word' id='word_1_748' title='bbox 3494 3895 3565 3950; x_wconf 82' lang='grc' dir='ltr'>Ει</span> 
     </span>
    </p>
   </div>
   <div class='ocr_carea' id='block_1_95' title="bbox 1985 3986 3582 4061">
    <p class='ocr_par' dir='ltr' id='par_1_95' title="bbox 1985 3986 3582 4061">
     <span class='ocr_line' id='line_1_95' title="bbox 1985 3986 3582 4061; baseline -0.001 -19"><span class='ocrx_word' id='word_1_749' title='bbox 1985 3991 2209 4061; x_wconf 79' lang='lat' dir='ltr'><strong>projecit</strong></span> <span class='ocrx_word' id='word_1_750' title='bbox 2235 4007 2350 4044; x_wconf 84' lang='lat' dir='ltr'><strong>eam</strong></span> <span class='ocrx_word' id='word_1_751' title='bbox 2391 3991 2448 4043; x_wconf 86' lang='lat' dir='ltr'><strong>in</strong></span> <span class='ocrx_word' id='word_1_752' title='bbox 2492 3989 2722 4044; x_wconf 87' lang='lat' dir='ltr'><strong>medium</strong></span> <span class='ocrx_word' id='word_1_753' title='bbox 2764 4003 3050 4053; x_wconf 72' lang='lat' dir='ltr'><strong>mensura,</strong></span> <span class='ocrx_word' id='word_1_754' title='bbox 3088 3997 3136 4044; x_wconf 77' lang='lat' dir='ltr'><strong>et</strong></span> <span class='ocrx_word' id='word_1_755' title='bbox 3170 3987 3389 4058; x_wconf 80' lang='lat' dir='ltr'><strong>projecit</strong></span> <span class='ocrx_word' id='word_1_756' title='bbox 3423 3986 3582 4053; x_wconf 75' lang='lat' dir='ltr'><strong>lupi-</strong></span> 
     </span>
    </p>
   </div>
   <div class='ocr_carea' id='block_1_96' title="bbox 1985 4081 2662 4152">
    <p class='ocr_par' dir='ltr' id='par_1_96' title="bbox 1985 4081 2662 4152">
     <span class='ocr_line' id='line_1_96' title="bbox 1985 4081 2662 4152; baseline -0.004 -16"><span class='ocrx_word' id='word_1_757' title='bbox 1985 4083 2102 4136; x_wconf 84' lang='lat' dir='ltr'><strong>dem</strong></span> <span class='ocrx_word' id='word_1_758' title='bbox 2133 4081 2333 4152; x_wconf 83' lang='lat' dir='ltr'><strong>plumbi</strong></span> <span class='ocrx_word' id='word_1_759' title='bbox 2355 4081 2412 4133; x_wconf 87' lang='lat' dir='ltr'><strong>in</strong></span> <span class='ocrx_word' id='word_1_760' title='bbox 2442 4096 2498 4134; x_wconf 87' lang='lat' dir='ltr'><strong>as</strong></span> <span class='ocrx_word' id='word_1_761' title='bbox 2524 4081 2662 4149; x_wconf 80' lang='lat' dir='ltr'><strong>ejus.</strong></span> 
     </span>
    </p>
   </div>
   <div class='ocr_carea' id='block_1_97' title="bbox 2055 4255 3566 4334">
    <p class='ocr_par' dir='ltr' id='par_1_97' title="bbox 2055 4255 3566 4334">
     <span class='ocr_line' id='line_1_97' title="bbox 2055 4255 3566 4334; baseline -0.003 -18"><span class='ocrx_word' id='word_1_762' title='bbox 2055 4261 2224 4334; x_wconf 77' lang='lat'><strong>697</strong></span> <span class='ocrx_word' id='word_1_763' title='bbox 2282 4259 2454 4316; x_wconf 76' lang='lat' dir='ltr'><strong>XXX.</strong></span> <span class='ocrx_word' id='word_1_764' title='bbox 2513 4259 2675 4314; x_wconf 83' lang='lat' dir='ltr'><strong>Initio</strong></span> <span class='ocrx_word' id='word_1_765' title='bbox 2714 4258 3143 4314; x_wconf 84' lang='lat' dir='ltr'><strong>declarationum</strong></span> <span class='ocrx_word' id='word_1_766' title='bbox 3205 4272 3447 4314; x_wconf 88' lang='lat' dir='ltr'><strong>mearum</strong></span> <span class='ocrx_word' id='word_1_767' title='bbox 3507 4255 3566 4312; x_wconf 81' lang='lat' dir='ltr'><strong>in</strong></span> 
     </span>
    </p>
   </div>
   <div class='ocr_carea' id='block_1_98' title="bbox 1987 4347 3563 4422">
    <p class='ocr_par' dir='ltr' id='par_1_98' title="bbox 1987 4347 3563 4422">
     <span class='ocr_line' id='line_1_98' title="bbox 1987 4347 3563 4422; baseline -0.002 -15"><span class='ocrx_word' id='word_1_768' title='bbox 1987 4351 2131 4407; x_wconf 90' lang='lat' dir='ltr'><strong>hunc</strong></span> <span class='ocrx_word' id='word_1_769' title='bbox 2189 4352 2504 4422; x_wconf 84' lang='lat' dir='ltr'><strong>prophetam</strong></span> <span class='ocrx_word' id='word_1_770' title='bbox 2538 4350 2716 4414; x_wconf 87' lang='lat' dir='ltr'><strong>docui,</strong></span> <span class='ocrx_word' id='word_1_771' title='bbox 2749 4365 2870 4404; x_wconf 89' lang='lat' dir='ltr'><strong>eum</strong></span> <span class='ocrx_word' id='word_1_772' title='bbox 2903 4357 3023 4418; x_wconf 90' lang='lat' dir='ltr'><strong>post</strong></span> <span class='ocrx_word' id='word_1_773' title='bbox 3059 4348 3292 4405; x_wconf 89' lang='lat' dir='ltr'><strong>reditum</strong></span> <span class='ocrx_word' id='word_1_774' title='bbox 3321 4363 3352 4403; x_wconf 89' lang='lat' dir='ltr'><strong>e</strong></span> <span class='ocrx_word' id='word_1_775' title='bbox 3382 4347 3563 4419; x_wconf 83' lang='lat' dir='ltr'><strong>Baby-</strong></span> 
     </span>
    </p>
   </div>
   <div class='ocr_carea' id='block_1_99' title="bbox 1989 4439 3565 4511">
    <p class='ocr_par' dir='ltr' id='par_1_99' title="bbox 1989 4439 3565 4511">
     <span class='ocr_line' id='line_1_99' title="bbox 1989 4439 3565 4511; baseline -0.001 -15"><span class='ocrx_word' id='word_1_776' title='bbox 1989 4445 2130 4508; x_wconf 89' lang='lat' dir='ltr'><strong>lone,</strong></span> <span class='ocrx_word' id='word_1_777' title='bbox 2195 4458 2316 4511; x_wconf 69' lang='lat' dir='ltr'><strong>quae</strong></span> <span class='ocrx_word' id='word_1_778' title='bbox 2356 4451 2600 4511; x_wconf 89' lang='lat' dir='ltr'><strong>tempore</strong></span> <span class='ocrx_word' id='word_1_779' title='bbox 2632 4440 2966 4510; x_wconf 88' lang='lat' dir='ltr'><strong>captivitatis</strong></span> <span class='ocrx_word' id='word_1_780' title='bbox 3020 4441 3346 4506; x_wconf 89' lang='lat' dir='ltr'><strong>acciderint,</strong></span> <span class='ocrx_word' id='word_1_781' title='bbox 3405 4439 3565 4494; x_wconf 58' lang='lat' dir='ltr'><strong>libero</strong></span> 
     </span>
    </p>
   </div>
   <div class='ocr_carea' id='block_1_100' title="bbox 1989 4530 3564 4603">
    <p class='ocr_par' dir='ltr' id='par_1_100' title="bbox 1989 4530 3564 4603">
     <span class='ocr_line' id='line_1_100' title="bbox 1989 4530 3564 4603; baseline -0.001 -17"><span class='ocrx_word' id='word_1_782' title='bbox 1989 4543 2097 4588; x_wconf 89' lang='lat' dir='ltr'><strong>tate</strong></span> <span class='ocrx_word' id='word_1_783' title='bbox 2143 4532 2331 4603; x_wconf 88' lang='lat' dir='ltr'><strong>potitis</strong></span> <span class='ocrx_word' id='word_1_784' title='bbox 2396 4531 2675 4586; x_wconf 81' lang='lat' dir='ltr'><strong>lrnctuose</strong></span> <span class='ocrx_word' id='word_1_785' title='bbox 2725 4547 2968 4587; x_wconf 89' lang='lat' dir='ltr'><strong>narrare.</strong></span> <span class='ocrx_word' id='word_1_786' title='bbox 2999 4531 3266 4599; x_wconf 85' lang='lat' dir='ltr'><strong>Quoniam</strong></span> <span class='ocrx_word' id='word_1_787' title='bbox 3287 4530 3432 4587; x_wconf 91' lang='lat' dir='ltr'><strong>enim</strong></span> <span class='ocrx_word' id='word_1_788' title='bbox 3468 4545 3564 4585; x_wconf 89' lang='lat' dir='ltr'><strong>eos</strong></span> 
     </span>
    </p>
   </div>
   <div class='ocr_carea' id='block_1_101' title="bbox 1987 4623 3579 4694">
    <p class='ocr_par' dir='ltr' id='par_1_101' title="bbox 1987 4623 3579 4694">
     <span class='ocr_line' id='line_1_101' title="bbox 1987 4623 3579 4694; baseline -0.002 -17"><span class='ocrx_word' id='word_1_789' title='bbox 1987 4624 2052 4678; x_wconf 88' lang='lat' dir='ltr'><strong>ad</strong></span> <span class='ocrx_word' id='word_1_790' title='bbox 2103 4625 2313 4679; x_wconf 90' lang='lat' dir='ltr'><strong>sancita</strong></span> <span class='ocrx_word' id='word_1_791' title='bbox 2371 4623 2548 4694; x_wconf 86' lang='lat' dir='ltr'><strong>legum</strong></span> <span class='ocrx_word' id='word_1_792' title='bbox 2591 4626 2894 4693; x_wconf 72' lang='lat' dir='ltr'><strong>prazstanda</strong></span> <span class='ocrx_word' id='word_1_793' title='bbox 2951 4625 3306 4678; x_wconf 87' lang='lat' dir='ltr'><strong>vehementer</strong></span> <span class='ocrx_word' id='word_1_794' title='bbox 3367 4635 3579 4692; x_wconf 71' lang='lat' dir='ltr'><strong>segnes</strong></span> 
     </span>
    </p>
   </div>
   <div class='ocr_carea' id='block_1_102' title="bbox 1989 4713 3581 4786">
    <p class='ocr_par' dir='ltr' id='par_1_102' title="bbox 1989 4713 3581 4786">
     <span class='ocr_line' id='line_1_102' title="bbox 1989 4713 3581 4786; baseline -0.002 -17"><span class='ocrx_word' id='word_1_795' title='bbox 1989 4715 2368 4786; x_wconf 88' lang='lat' dir='ltr'><strong>perspiciebat,</strong></span> <span class='ocrx_word' id='word_1_796' title='bbox 2429 4727 2486 4770; x_wconf 90' lang='lat' dir='ltr'><strong>et</strong></span> <span class='ocrx_word' id='word_1_797' title='bbox 2529 4716 2594 4770; x_wconf 90' lang='lat' dir='ltr'><strong>ad</strong></span> <span class='ocrx_word' id='word_1_798' title='bbox 2629 4716 2939 4785; x_wconf 89' lang='lat' dir='ltr'><strong>voluptates</strong></span> <span class='ocrx_word' id='word_1_799' title='bbox 2974 4731 3101 4770; x_wconf 90' lang='lat' dir='ltr'><strong>snas</strong></span> <span class='ocrx_word' id='word_1_800' title='bbox 3135 4713 3429 4784; x_wconf 73' lang='lat' dir='ltr'><strong>explendas</strong></span> <span class='ocrx_word' id='word_1_801' title='bbox 3449 4721 3581 4768; x_wconf 73' lang='lat' dir='ltr'><strong>toto~</strong></span> 
     </span>
    </p>
   </div>
   <div class='ocr_carea' id='block_1_103' title="bbox 1990 4806 3571 4880">
    <p class='ocr_par' dir='ltr' id='par_1_103' title="bbox 1990 4806 3571 4880">
     <span class='ocr_line' id='line_1_103' title="bbox 1990 4806 3571 4880; baseline -0.004 -14"><span class='ocrx_word' id='word_1_802' title='bbox 1990 4815 2190 4880; x_wconf 87' lang='lat' dir='ltr'><strong>impetu</strong></span> <span class='ocrx_word' id='word_1_803' title='bbox 2247 4811 2569 4872; x_wconf 86' lang='lat' dir='ltr'><strong>declinasse,</strong></span> <span class='ocrx_word' id='word_1_804' title='bbox 2600 4819 2653 4863; x_wconf 90' lang='lat' dir='ltr'><strong>et</strong></span> <span class='ocrx_word' id='word_1_805' title='bbox 2713 4809 2856 4880; x_wconf 85' lang='lat' dir='ltr'><strong>leges</strong></span> <span class='ocrx_word' id='word_1_806' title='bbox 2882 4808 3013 4864; x_wconf 80' lang='lat' dir='ltr'><strong>Mosi</strong></span> <span class='ocrx_word' id='word_1_807' title='bbox 3052 4808 3105 4862; x_wconf 92' lang='lat' dir='ltr'><strong>in</strong></span> <span class='ocrx_word' id='word_1_808' title='bbox 3131 4808 3422 4877; x_wconf 83' lang='lat' dir='ltr'><strong>postremis</strong></span> <span class='ocrx_word' id='word_1_809' title='bbox 3454 4806 3571 4861; x_wconf 47' lang='lat' dir='ltr'><strong>du-s</strong></span> 
     </span>
    </p>
   </div>
   <div class='ocr_carea' id='block_1_104' title="bbox 1989 4895 3568 4974">
    <p class='ocr_par' dir='ltr' id='par_1_104' title="bbox 1989 4895 3568 4974">
     <span class='ocr_line' id='line_1_104' title="bbox 1989 4895 3568 4974; baseline -0.003 -18"><span class='ocrx_word' id='word_1_810' title='bbox 1989 4917 2114 4958; x_wconf 91' lang='lat' dir='ltr'><strong>cere</strong></span> <span class='ocrx_word' id='word_1_811' title='bbox 2180 4903 2412 4973; x_wconf 87' lang='lat' dir='ltr'><strong>coepisse</strong></span> <span class='ocrx_word' id='word_1_812' title='bbox 2457 4902 2862 4974; x_wconf 88' lang='lat' dir='ltr'><strong>(implicuerant</strong></span> <span class='ocrx_word' id='word_1_813' title='bbox 2915 4901 3058 4955; x_wconf 89' lang='lat' dir='ltr'><strong>enim</strong></span> <span class='ocrx_word' id='word_1_814' title='bbox 3096 4914 3220 4955; x_wconf 90' lang='lat' dir='ltr'><strong>sese</strong></span> <span class='ocrx_word' id='word_1_815' title='bbox 3249 4895 3568 4969; x_wconf 70' lang='lat' dir='ltr'><strong>peregrinis</strong></span> 
     </span>
    </p>
   </div>
   <div class='ocr_carea' id='block_1_105' title="bbox 1990 4988 3567 5060">
    <p class='ocr_par' dir='ltr' id='par_1_105' title="bbox 1990 4988 3567 5060">
     <span class='ocr_line' id='line_1_105' title="bbox 1990 4988 3567 5060; baseline -0.004 -14"><span class='ocrx_word' id='word_1_816' title='bbox 1990 4991 2329 5057; x_wconf 86' lang='lat' dir='ltr'><strong>mulieribus,</strong></span> <span class='ocrx_word' id='word_1_817' title='bbox 2388 5001 2439 5047; x_wconf 90' lang='lat' dir='ltr'><strong>et</strong></span> <span class='ocrx_word' id='word_1_818' title='bbox 2469 4992 2580 5060; x_wconf 87' lang='lat' dir='ltr'><strong>jam</strong></span> <span class='ocrx_word' id='word_1_819' title='bbox 2653 4991 2895 5046; x_wconf 91' lang='lat' dir='ltr'><strong>nonnulli</strong></span> <span class='ocrx_word' id='word_1_820' title='bbox 2960 4998 3134 5045; x_wconf 89' lang='lat' dir='ltr'><strong>metas</strong></span> <span class='ocrx_word' id='word_1_821' title='bbox 3178 4988 3450 5058; x_wconf 68' lang='lat' dir='ltr'><strong>arquitatis</strong></span> <span class='ocrx_word' id='word_1_822' title='bbox 3472 5001 3567 5056; x_wconf 82' lang='lat' dir='ltr'><strong>pe-</strong></span> 
     </span>
    </p>
   </div>
   <div class='ocr_carea' id='block_1_106' title="bbox 1991 5077 3565 5154">
    <p class='ocr_par' dir='ltr' id='par_1_106' title="bbox 1991 5077 3565 5154">
     <span class='ocr_line' id='line_1_106' title="bbox 1991 5077 3565 5154; baseline -0.004 -16"><span class='ocrx_word' id='word_1_823' title='bbox 1991 5083 2136 5138; x_wconf 89' lang='lat' dir='ltr'><strong>nitus</strong></span> <span class='ocrx_word' id='word_1_824' title='bbox 2191 5085 2419 5154; x_wconf 90' lang='lat' dir='ltr'><strong>egressi,</strong></span> <span class='ocrx_word' id='word_1_825' title='bbox 2485 5083 2641 5138; x_wconf 87' lang='lat' dir='ltr'><strong>idolis</strong></span> <span class='ocrx_word' id='word_1_826' title='bbox 2667 5082 2864 5136; x_wconf 88' lang='lat' dir='ltr'><strong>initiati</strong></span> <span class='ocrx_word' id='word_1_827' title='bbox 2924 5089 3100 5144; x_wconf 87' lang='lat' dir='ltr'><strong>erant,</strong></span> <span class='ocrx_word' id='word_1_828' title='bbox 3147 5089 3200 5135; x_wconf 89' lang='lat' dir='ltr'><strong>et</strong></span> <span class='ocrx_word' id='word_1_829' title='bbox 3234 5080 3458 5148; x_wconf 90' lang='lat' dir='ltr'><strong>insuper</strong></span> <span class='ocrx_word' id='word_1_830' title='bbox 3481 5077 3565 5131; x_wconf 80' lang='lat' dir='ltr'><strong>fa-</strong></span> 
     </span>
    </p>
   </div>
   <div class='ocr_carea' id='block_1_107' title="bbox 1989 5173 3562 5247">
    <p class='ocr_par' dir='ltr' id='par_1_107' title="bbox 1989 5173 3562 5247">
     <span class='ocr_line' id='line_1_107' title="bbox 1989 5173 3562 5247; baseline -0.004 -15"><span class='ocrx_word' id='word_1_831' title='bbox 1989 5179 2204 5232; x_wconf 90' lang='lat' dir='ltr'><strong>ciebant</strong></span> <span class='ocrx_word' id='word_1_832' title='bbox 2229 5192 2347 5247; x_wconf 71' lang='lat' dir='ltr'><strong>quite</strong></span> <span class='ocrx_word' id='word_1_833' title='bbox 2380 5176 2625 5247; x_wconf 78' lang='lat' dir='ltr'><strong>proferre</strong></span> <span class='ocrx_word' id='word_1_834' title='bbox 2653 5176 2827 5245; x_wconf 88' lang='lat' dir='ltr'><strong>pudor</strong></span> <span class='ocrx_word' id='word_1_835' title='bbox 2855 5176 3060 5243; x_wconf 75' lang='lat' dir='ltr'><strong>vetat),</strong></span> <span class='ocrx_word' id='word_1_836' title='bbox 3098 5173 3404 5228; x_wconf 86' lang='lat' dir='ltr'><strong>necessario</strong></span> <span class='ocrx_word' id='word_1_837' title='bbox 3435 5183 3562 5238; x_wconf 84' lang='lat' dir='ltr'><strong>pro-</strong></span> 
     </span>
    </p>
   </div>
   <div class='ocr_carea' id='block_1_108' title="bbox 1987 5257 3564 5336">
    <p class='ocr_par' dir='ltr' id='par_1_108' title="bbox 1987 5257 3564 5336">
     <span class='ocr_line' id='line_1_108' title="bbox 1987 5257 3564 5336; baseline -0.007 -15"><span class='ocrx_word' id='word_1_838' title='bbox 1987 5268 2144 5336; x_wconf 87' lang='lat' dir='ltr'><strong>pheta</strong></span> <span class='ocrx_word' id='word_1_839' title='bbox 2159 5282 2279 5336; x_wconf 72' lang='lat' dir='ltr'><strong>que:</strong></span> <span class='ocrx_word' id='word_1_840' title='bbox 2297 5277 2416 5320; x_wconf 90' lang='lat' dir='ltr'><strong>acta</strong></span> <span class='ocrx_word' id='word_1_841' title='bbox 2444 5273 2570 5320; x_wconf 91' lang='lat' dir='ltr'><strong>sunt</strong></span> <span class='ocrx_word' id='word_1_842' title='bbox 2596 5273 3008 5329; x_wconf 86' lang='lat' dir='ltr'><strong>commemorat,</strong></span> <span class='ocrx_word' id='word_1_843' title='bbox 3048 5271 3106 5317; x_wconf 90' lang='lat' dir='ltr'><strong>ut</strong></span> <span class='ocrx_word' id='word_1_844' title='bbox 3131 5269 3464 5330; x_wconf 83' lang='lat' dir='ltr'><strong>cognoscant</strong></span> <span class='ocrx_word' id='word_1_845' title='bbox 3496 5257 3564 5311; x_wconf 89' lang='lat' dir='ltr'><strong>li-</strong></span> 
     </span>
    </p>
   </div>
   <div class='ocr_carea' id='block_1_109' title="bbox 1987 5358 3566 5430">
    <p class='ocr_par' dir='ltr' id='par_1_109' title="bbox 1987 5358 3566 5430">
     <span class='ocr_line' id='line_1_109' title="bbox 1987 5358 3566 5430; baseline -0.008 -15"><span class='ocrx_word' id='word_1_846' title='bbox 1987 5361 2159 5415; x_wconf 77' lang='lat' dir='ltr'><strong>berati</strong></span> <span class='ocrx_word' id='word_1_847' title='bbox 2219 5360 2473 5424; x_wconf 72' lang='lat' dir='ltr'><strong>tandem,</strong></span> <span class='ocrx_word' id='word_1_848' title='bbox 2527 5358 2746 5430; x_wconf 18' lang='lat' dir='ltr'><strong>quibus,</strong></span> <span class='ocrx_word' id='word_1_849' title='bbox 2783 5358 3062 5414; x_wconf 90' lang='lat' dir='ltr'><strong>hominum</strong></span> <span class='ocrx_word' id='word_1_850' title='bbox 3140 5363 3566 5419; x_wconf 83' lang='lat' dir='ltr'><strong>sanctorumque</strong></span> 
     </span>
    </p>
   </div>
   <div class='ocr_carea' id='block_1_110' title="bbox 1989 5443 3564 5520">
    <p class='ocr_par' dir='ltr' id='par_1_110' title="bbox 1989 5443 3564 5520">
     <span class='ocr_line' id='line_1_110' title="bbox 1989 5443 3564 5520; baseline -0.005 -17"><span class='ocrx_word' id='word_1_851' title='bbox 1989 5449 2303 5517; x_wconf 82' lang='lat' dir='ltr'><strong>angelorum</strong></span> <span class='ocrx_word' id='word_1_852' title='bbox 2345 5449 2598 5520; x_wconf 90' lang='lat' dir='ltr'><strong>precibus</strong></span> <span class='ocrx_word' id='word_1_853' title='bbox 2658 5449 2962 5505; x_wconf 87' lang='lat' dir='ltr'><strong>libertatem</strong></span> <span class='ocrx_word' id='word_1_854' title='bbox 3023 5443 3222 5514; x_wconf 86' lang='lat' dir='ltr'><strong>adepti,</strong></span> <span class='ocrx_word' id='word_1_855' title='bbox 3249 5449 3438 5498; x_wconf 89' lang='lat' dir='ltr'><strong>contra</strong></span> <span class='ocrx_word' id='word_1_856' title='bbox 3475 5454 3564 5496; x_wconf 75' lang='lat' dir='ltr'><strong>so-</strong></span> 
     </span>
    </p>
   </div>
   <div class='ocr_carea' id='block_1_111' title="bbox 1989 5533 3555 5612">
    <p class='ocr_par' dir='ltr' id='par_1_111' title="bbox 1989 5533 3555 5612">
     <span class='ocr_line' id='line_1_111' title="bbox 1989 5533 3555 5612; baseline -0.007 -15"><span class='ocrx_word' id='word_1_857' title='bbox 1989 5542 2250 5612; x_wconf 89' lang='lat' dir='ltr'><strong>metipsos</strong></span> <span class='ocrx_word' id='word_1_858' title='bbox 2307 5541 2485 5596; x_wconf 88' lang='lat' dir='ltr'><strong>denuo</strong></span> <span class='ocrx_word' id='word_1_859' title='bbox 2534 5543 2909 5597; x_wconf 89' lang='lat' dir='ltr'><strong>universorum</strong></span> <span class='ocrx_word' id='word_1_860' title='bbox 2965 5537 3135 5592; x_wconf 87' lang='lat' dir='ltr'><strong>Deum</strong></span> <span class='ocrx_word' id='word_1_861' title='bbox 3188 5533 3488 5598; x_wconf 89' lang='lat' dir='ltr'><strong>concitent,</strong></span> <span class='ocrx_word' id='word_1_862' title='bbox 3525 5545 3555 5586; x_wconf 87' lang='lat' dir='ltr'><strong>a</strong></span> 
     </span>
    </p>
   </div>
   <div class='ocr_carea' id='block_1_112' title="bbox 1986 5626 3562 5706">
    <p class='ocr_par' dir='ltr' id='par_1_112' title="bbox 1986 5626 3562 5706">
     <span class='ocr_line' id='line_1_112' title="bbox 1986 5626 3562 5706; baseline -0.003 -19"><span class='ocrx_word' id='word_1_863' title='bbox 1986 5633 2235 5706; x_wconf 88' lang='lat' dir='ltr'><strong>pristinis</strong></span> <span class='ocrx_word' id='word_1_864' title='bbox 2261 5631 2475 5691; x_wconf 89' lang='lat' dir='ltr'><strong>delictis</strong></span> <span class='ocrx_word' id='word_1_865' title='bbox 2499 5641 2758 5690; x_wconf 84' lang='lat' dir='ltr'><strong>tanouatn</strong></span> <span class='ocrx_word' id='word_1_866' title='bbox 2779 5629 2981 5688; x_wconf 87' lang='lat' dir='ltr'><strong>morbis</strong></span> <span class='ocrx_word' id='word_1_867' title='bbox 3000 5627 3258 5701; x_wconf 86' lang='lat' dir='ltr'><strong>correpti.</strong></span> <span class='ocrx_word' id='word_1_868' title='bbox 3283 5626 3374 5686; x_wconf 83' lang='lat' dir='ltr'><strong>Ait</strong></span> <span class='ocrx_word' id='word_1_869' title='bbox 3397 5641 3562 5697; x_wconf 72' lang='lat' dir='ltr'><strong>ergo:</strong></span> 
     </span>
    </p>
   </div>
  </div>
