  <div class='ocr_page' id='page_1' title='image "/cluster/home/n/w/nwhite01/storage/ocr_20150623/72/hvd.32044019207893/049.png"; bbox 0 0 4120 6556; ppageno 0'>
   <div class='ocr_carea' id='block_1_1' title="bbox 606 378 3877 444">
    <p class='ocr_par' dir='ltr' id='par_1_1' title="bbox 606 378 3877 444">
     <span class='ocr_line' id='line_1_1' title="bbox 606 378 3877 444; baseline 0 -5"><span class='ocrx_word' id='word_1_1' title='bbox 606 378 698 439; x_wconf 76' lang='lat'><strong>&#39;83</strong></span> <span class='ocrx_word' id='word_1_2' title='bbox 1459 381 1465 387; x_wconf 80' lang='grc'><em>’</em></span> <span class='ocrx_word' id='word_1_3' title='bbox 1648 383 1705 440; x_wconf 83' lang='lat' dir='ltr'><strong>S.</strong></span> <span class='ocrx_word' id='word_1_4' title='bbox 1747 382 2020 443; x_wconf 80' lang='lat' dir='ltr'><strong>CYBILLI</strong></span> <span class='ocrx_word' id='word_1_5' title='bbox 2057 383 2524 441; x_wconf 72' lang='lat' dir='ltr'><strong>ALEXANDRINI</strong></span> <span class='ocrx_word' id='word_1_6' title='bbox 2565 386 2879 444; x_wconf 80' lang='lat' dir='ltr'><strong>ARCHIEP.</strong></span> <span class='ocrx_word' id='word_1_7' title='bbox 3798 382 3877 441; x_wconf 63' lang='lat'><strong>85</strong></span> 
     </span>
    </p>
   </div>
   <div class='ocr_carea' id='block_1_2' title="bbox 611 495 2187 569">
    <p class='ocr_par' dir='ltr' id='par_1_2' title="bbox 611 495 2187 569">
     <span class='ocr_line' id='line_1_2' title="bbox 611 495 2187 569; baseline -0.002 -16"><span class='ocrx_word' id='word_1_8' title='bbox 611 520 652 553; x_wconf 56' lang='lat' dir='ltr'><strong>‘e</strong></span> <span class='ocrx_word' id='word_1_9' title='bbox 690 498 952 569; x_wconf 69' lang='lat' dir='ltr'><strong>EgreSsns</strong></span> <span class='ocrx_word' id='word_1_10' title='bbox 1008 500 1116 551; x_wconf 68' lang='lat' dir='ltr'><strong>cst‘</strong></span> <span class='ocrx_word' id='word_1_11' title='bbox 1141 497 1368 567; x_wconf 82' lang='lat' dir='ltr'><strong>angelus</strong></span> <span class='ocrx_word' id='word_1_12' title='bbox 1402 495 1493 568; x_wconf 87' lang='lat' dir='ltr'><strong>qui</strong></span> <span class='ocrx_word' id='word_1_13' title='bbox 1534 497 1864 568; x_wconf 77' lang='lat' dir='ltr'><strong>loquebatur</strong></span> <span class='ocrx_word' id='word_1_14' title='bbox 1939 499 1993 553; x_wconf 91' lang='lat' dir='ltr'><strong>in</strong></span> <span class='ocrx_word' id='word_1_15' title='bbox 2020 513 2127 554; x_wconf 89' lang='lat' dir='ltr'><strong>me.</strong></span> <span class='ocrx_word' id='word_1_16' title='bbox 2167 516 2187 550; x_wconf 79' lang='grc' dir='ltr'><strong>ι</strong></span> 
     </span>
    </p>
   </div>
   <div class='ocr_carea' id='block_1_3' title="bbox 2289 495 3874 569">
    <p class='ocr_par' dir='ltr' id='par_1_3' title="bbox 2293 496 3874 569">
     <span class='ocr_line' id='line_1_3' title="bbox 2293 496 3874 569; baseline 0 -18"><span class='ocrx_word' id='word_1_17' title='bbox 2293 499 2462 569; x_wconf 81' lang='grc' dir='ltr'><strong>καίων</strong></span> <span class='ocrx_word' id='word_1_18' title='bbox 2483 499 2825 569; x_wconf 85' lang='grc' dir='ltr'><strong>αίτιαμάτων</strong></span> <span class='ocrx_word' id='word_1_19' title='bbox 2839 496 3239 569; x_wconf 73' lang='grc' dir='ltr'><strong>ἐμπλεκόμενοι</strong></span> <span class='ocrx_word' id='word_1_20' title='bbox 3260 497 3471 560; x_wconf 74' lang='grc' dir='ltr'><strong>λαϐαῖς.</strong></span> <span class='ocrx_word' id='word_1_21' title='bbox 3504 496 3647 567; x_wconf 80' lang='grc' dir='ltr'><strong>Ἔφη</strong></span> <span class='ocrx_word' id='word_1_22' title='bbox 3668 496 3874 562; x_wconf 85' lang='grc' dir='ltr'><strong>τοίνυν,</strong></span> 
     </span>
    </p>
   </div>
   <div class='ocr_carea' id='block_1_4' title="bbox 610 588 2194 657">
    <p class='ocr_par' dir='ltr' id='par_1_4' title="bbox 610 588 2194 657">
     <span class='ocr_line' id='line_1_4' title="bbox 610 588 2194 657; baseline 0.001 -14"><span class='ocrx_word' id='word_1_23' title='bbox 610 590 748 656; x_wconf 76' lang='lat' dir='ltr'><strong>Quo</strong></span> <span class='ocrx_word' id='word_1_24' title='bbox 775 604 1024 657; x_wconf 84' lang='lat' dir='ltr'><strong>egressus</strong></span> <span class='ocrx_word' id='word_1_25' title='bbox 1046 590 1071 642; x_wconf 73' lang='grc' dir='ltr'><strong><em>Ἰ</em></strong></span> <span class='ocrx_word' id='word_1_26' title='bbox 1099 597 1192 642; x_wconf 89' lang='lat' dir='ltr'><strong>aut</strong></span> <span class='ocrx_word' id='word_1_27' title='bbox 1216 588 1304 643; x_wconf 92' lang='lat' dir='ltr'><strong>ubi</strong></span> <span class='ocrx_word' id='word_1_28' title='bbox 1344 589 1559 645; x_wconf 85' lang='lat' dir='ltr'><strong>tandem</strong></span> <span class='ocrx_word' id='word_1_29' title='bbox 1587 590 1751 644; x_wconf 74' lang='lat' dir='ltr'><strong>erat?</strong></span> <span class='ocrx_word' id='word_1_30' title='bbox 1775 590 1858 643; x_wconf 78' lang='lat' dir='ltr'><strong>Ab</strong></span> <span class='ocrx_word' id='word_1_31' title='bbox 1883 589 2194 645; x_wconf 87' lang='lat' dir='ltr'><strong>ostensione</strong></span> 
     </span>
    </p>
   </div>
   <div class='ocr_carea' id='block_1_5' title="bbox 632 679 2189 751">
    <p class='ocr_par' dir='ltr' id='par_1_5' title="bbox 632 679 2189 751">
     <span class='ocr_line' id='line_1_5' title="bbox 632 679 2189 751; baseline 0.003 -21"><span class='ocrx_word' id='word_1_32' title='bbox 632 679 787 735; x_wconf 84' lang='lat' dir='ltr'><strong>taleis</strong></span> <span class='ocrx_word' id='word_1_33' title='bbox 813 679 880 734; x_wconf 89' lang='lat' dir='ltr'><strong>ad</strong></span> <span class='ocrx_word' id='word_1_34' title='bbox 914 680 1244 751; x_wconf 76' lang='lat' dir='ltr'><strong>propositam</strong></span> <span class='ocrx_word' id='word_1_35' title='bbox 1274 680 1559 748; x_wconf 83' lang='lat' dir='ltr'><strong>visionem,</strong></span> <span class='ocrx_word' id='word_1_36' title='bbox 1586 680 1657 738; x_wconf 89' lang='lat' dir='ltr'><strong>de</strong></span> <span class='ocrx_word' id='word_1_37' title='bbox 1692 696 1944 736; x_wconf 82' lang='lat' dir='ltr'><strong>mensura</strong></span> <span class='ocrx_word' id='word_1_38' title='bbox 1963 681 2189 745; x_wconf 81' lang='lat' dir='ltr'><strong>scilicet,</strong></span> 
     </span>
    </p>
   </div>
   <div class='ocr_carea' id='block_1_6' title="bbox 630 771 2192 843">
    <p class='ocr_par' dir='ltr' id='par_1_6' title="bbox 630 771 2192 843">
     <span class='ocr_line' id='line_1_6' title="bbox 630 771 2192 843; baseline -0.001 -17"><span class='ocrx_word' id='word_1_39' title='bbox 630 772 774 827; x_wconf 80' lang='lat' dir='ltr'><strong>facta</strong></span> <span class='ocrx_word' id='word_1_40' title='bbox 815 780 903 828; x_wconf 91' lang='lat' dir='ltr'><strong>est</strong></span> <span class='ocrx_word' id='word_1_41' title='bbox 950 772 1211 843; x_wconf 75' lang='lat' dir='ltr'><strong>egressio.</strong></span> <span class='ocrx_word' id='word_1_42' title='bbox 1260 771 1420 828; x_wconf 91' lang='lat' dir='ltr'><strong>Tollit</strong></span> <span class='ocrx_word' id='word_1_43' title='bbox 1465 788 1594 843; x_wconf 88' lang='lat' dir='ltr'><strong>ergo</strong></span> <span class='ocrx_word' id='word_1_44' title='bbox 1653 774 1914 842; x_wconf 78' lang='lat' dir='ltr'><strong>prapheta</strong></span> <span class='ocrx_word' id='word_1_45' title='bbox 1940 774 1993 827; x_wconf 91' lang='lat' dir='ltr'><strong>in</strong></span> <span class='ocrx_word' id='word_1_46' title='bbox 2026 773 2192 826; x_wconf 91' lang='lat' dir='ltr'><strong>altum</strong></span> 
     </span>
    </p>
   </div>
   <div class='ocr_carea' id='block_1_7' title="bbox 612 862 2194 931">
    <p class='ocr_par' dir='ltr' id='par_1_7' title="bbox 612 862 2194 931">
     <span class='ocr_line' id='line_1_7' title="bbox 612 862 2194 931; baseline -0.001 -13"><span class='ocrx_word' id='word_1_47' title='bbox 612 863 837 926; x_wconf 87' lang='lat' dir='ltr'><strong>oculos,</strong></span> <span class='ocrx_word' id='word_1_48' title='bbox 884 863 1082 931; x_wconf 88' lang='lat' dir='ltr'><strong>quibus</strong></span> <span class='ocrx_word' id='word_1_49' title='bbox 1110 863 1176 916; x_wconf 84' lang='lat' dir='ltr'><strong>a&#39;d</strong></span> <span class='ocrx_word' id='word_1_50' title='bbox 1209 862 1457 917; x_wconf 83' lang='lat' dir='ltr'><strong>sublimia</strong></span> <span class='ocrx_word' id='word_1_51' title='bbox 1480 863 1845 931; x_wconf 87' lang='lat' dir='ltr'><strong>percurrenda</strong></span> <span class='ocrx_word' id='word_1_52' title='bbox 1878 862 2194 917; x_wconf 80' lang='lat' dir='ltr'><strong>exercitatis</strong></span> 
     </span>
    </p>
   </div>
   <div class='ocr_carea' id='block_1_8' title="bbox 610 950 2188 1023">
    <p class='ocr_par' dir='ltr' id='par_1_8' title="bbox 610 950 2188 1023">
     <span class='ocr_line' id='line_1_8' title="bbox 610 950 2188 1023; baseline 0.003 -18"><span class='ocrx_word' id='word_1_53' title='bbox 610 950 714 1009; x_wconf 35' lang='lat' dir='ltr'><strong>*l&#39;as</strong></span> <span class='ocrx_word' id='word_1_54' title='bbox 737 954 809 1009; x_wconf 92' lang='lat' dir='ltr'><strong>sit</strong></span> <span class='ocrx_word' id='word_1_55' title='bbox 852 968 975 1008; x_wconf 89' lang='lat' dir='ltr'><strong>cum</strong></span> <span class='ocrx_word' id='word_1_56' title='bbox 1003 953 1186 1006; x_wconf 89' lang='lat' dir='ltr'><strong>divina</strong></span> <span class='ocrx_word' id='word_1_57' title='bbox 1218 953 1417 1008; x_wconf 87' lang='lat' dir='ltr'><strong>virtute</strong></span> <span class='ocrx_word' id='word_1_58' title='bbox 1451 953 1764 1023; x_wconf 84' lang='lat' dir='ltr'><strong>mysterium</strong></span> <span class='ocrx_word' id='word_1_59' title='bbox 1810 954 2188 1023; x_wconf 90' lang='lat' dir='ltr'><strong>contemplari.</strong></span> 
     </span>
    </p>
   </div>
   <div class='ocr_carea' id='block_1_9' title="bbox 629 1042 2193 1114">
    <p class='ocr_par' dir='ltr' id='par_1_9' title="bbox 629 1042 2193 1114">
     <span class='ocr_line' id='line_1_9' title="bbox 629 1042 2193 1114; baseline 0 -17"><span class='ocrx_word' id='word_1_60' title='bbox 629 1044 831 1109; x_wconf 66' lang='lat' dir='ltr'><strong>Quarit</strong></span> <span class='ocrx_word' id='word_1_61' title='bbox 873 1044 1036 1114; x_wconf 79' lang='lat' dir='ltr'><strong>igitur</strong></span> <span class='ocrx_word' id='word_1_62' title='bbox 1080 1042 1210 1112; x_wconf 91' lang='lat' dir='ltr'><strong>quid</strong></span> <span class='ocrx_word' id='word_1_63' title='bbox 1268 1044 1362 1109; x_wconf 85' lang='lat' dir='ltr'><strong>sit,</strong></span> <span class='ocrx_word' id='word_1_64' title='bbox 1394 1043 1537 1113; x_wconf 92' lang='lat' dir='ltr'><strong>quod</strong></span> <span class='ocrx_word' id='word_1_65' title='bbox 1564 1045 1887 1099; x_wconf 91' lang='lat' dir='ltr'><strong>ostenditur.</strong></span> <span class='ocrx_word' id='word_1_66' title='bbox 1930 1044 2066 1099; x_wconf 90' lang='lat' dir='ltr'><strong>Tum</strong></span> <span class='ocrx_word' id='word_1_67' title='bbox 2095 1060 2193 1098; x_wconf 88' lang='lat' dir='ltr'><strong>an-</strong></span> 
     </span>
    </p>
   </div>
   <div class='ocr_carea' id='block_1_10' title="bbox 606 1132 2188 1203">
    <p class='ocr_par' dir='ltr' id='par_1_10' title="bbox 606 1132 2188 1203">
     <span class='ocr_line' id='line_1_10' title="bbox 606 1132 2188 1203; baseline -0.001 -15"><span class='ocrx_word' id='word_1_68' title='bbox 606 1135 816 1202; x_wconf 84' lang='lat' dir='ltr'><strong>gelus:</strong></span> <span class='ocrx_word' id='word_1_69' title='bbox 854 1151 873 1186; x_wconf 83' lang='grc' dir='ltr'><strong>ι</strong></span> <span class='ocrx_word' id='word_1_70' title='bbox 915 1132 1041 1188; x_wconf 65' lang='lat' dir='ltr'><strong>Haec</strong></span> <span class='ocrx_word' id='word_1_71' title='bbox 1058 1142 1163 1198; x_wconf 88' lang='lat' dir='ltr'><strong>est,</strong></span> <span class='ocrx_word' id='word_1_72' title='bbox 1223 1133 1421 1202; x_wconf 83' lang='lat' dir='ltr'><strong>inquit,</strong></span> <span class='ocrx_word' id='word_1_73' title='bbox 1461 1148 1716 1188; x_wconf 85' lang='lat' dir='ltr'><strong>mensura</strong></span> <span class='ocrx_word' id='word_1_74' title='bbox 1749 1149 1872 1203; x_wconf 70' lang='lat' dir='ltr'><strong>quae</strong></span> <span class='ocrx_word' id='word_1_75' title='bbox 1896 1135 2188 1202; x_wconf 86' lang='lat' dir='ltr'><strong>egreditur.</strong></span> 
     </span>
    </p>
   </div>
   <div class='ocr_carea' id='block_1_11' title="bbox 606 1223 2190 1293">
    <p class='ocr_par' dir='ltr' id='par_1_11' title="bbox 606 1223 2190 1293">
     <span class='ocr_line' id='line_1_11' title="bbox 606 1223 2190 1293; baseline 0.003 -16"><span class='ocrx_word' id='word_1_76' title='bbox 606 1224 755 1279; x_wconf 66' lang='lat' dir='ltr'><strong>llaec</strong></span> <span class='ocrx_word' id='word_1_77' title='bbox 783 1233 863 1279; x_wconf 88' lang='lat' dir='ltr'><strong>est</strong></span> <span class='ocrx_word' id='word_1_78' title='bbox 901 1224 1159 1293; x_wconf 84' lang='lat' dir='ltr'><strong>iniquitas</strong></span> <span class='ocrx_word' id='word_1_79' title='bbox 1180 1238 1367 1280; x_wconf 88' lang='lat' dir='ltr'><strong>eorum</strong></span> <span class='ocrx_word' id='word_1_80' title='bbox 1386 1226 1603 1279; x_wconf 88' lang='lat' dir='ltr'><strong>inomni</strong></span> <span class='ocrx_word' id='word_1_81' title='bbox 1631 1234 1795 1280; x_wconf 87' lang='lat' dir='ltr'><strong>terra.</strong></span> <span class='ocrx_word' id='word_1_82' title='bbox 1840 1244 1859 1277; x_wconf 76' lang='grc' dir='ltr'><strong>ι</strong></span> <span class='ocrx_word' id='word_1_83' title='bbox 1896 1223 2016 1279; x_wconf 83' lang='lat' dir='ltr'><strong>.lam</strong></span> <span class='ocrx_word' id='word_1_84' title='bbox 2061 1226 2190 1292; x_wconf 89' lang='lat' dir='ltr'><strong>quid</strong></span> 
     </span>
    </p>
   </div>
   <div class='ocr_carea' id='block_1_12' title="bbox 630 1316 2191 1386">
    <p class='ocr_par' dir='ltr' id='par_1_12' title="bbox 630 1316 2191 1386">
     <span class='ocr_line' id='line_1_12' title="bbox 630 1316 2191 1386; baseline 0.003 -18"><span class='ocrx_word' id='word_1_85' title='bbox 630 1330 882 1370; x_wconf 81' lang='lat' dir='ltr'><strong>mensura</strong></span> <span class='ocrx_word' id='word_1_86' title='bbox 902 1316 995 1378; x_wconf 87' lang='lat' dir='ltr'><strong>sit,</strong></span> <span class='ocrx_word' id='word_1_87' title='bbox 1056 1316 1345 1371; x_wconf 90' lang='lat' dir='ltr'><strong>videndum</strong></span> <span class='ocrx_word' id='word_1_88' title='bbox 1367 1324 1468 1381; x_wconf 88' lang='lat' dir='ltr'><strong>est,</strong></span> <span class='ocrx_word' id='word_1_89' title='bbox 1498 1316 1739 1371; x_wconf 84' lang='lat' dir='ltr'><strong>Dicimus</strong></span> <span class='ocrx_word' id='word_1_90' title='bbox 1773 1319 1955 1386; x_wconf 85' lang='lat' dir='ltr'><strong>itaque</strong></span> <span class='ocrx_word' id='word_1_91' title='bbox 1994 1326 2191 1372; x_wconf 92' lang='lat' dir='ltr'><strong>natura</strong></span> 
     </span>
    </p>
   </div>
   <div class='ocr_carea' id='block_1_13' title="bbox 629 1404 2189 1462">
    <p class='ocr_par' dir='ltr' id='par_1_13' title="bbox 629 1404 2189 1462">
     <span class='ocr_line' id='line_1_13' title="bbox 629 1404 2189 1462; baseline 0.003 -5"><span class='ocrx_word' id='word_1_92' title='bbox 629 1404 827 1458; x_wconf 89' lang='lat' dir='ltr'><strong>bonum</strong></span> <span class='ocrx_word' id='word_1_93' title='bbox 880 1414 934 1460; x_wconf 90' lang='lat' dir='ltr'><strong>et</strong></span> <span class='ocrx_word' id='word_1_94' title='bbox 986 1405 1267 1460; x_wconf 84' lang='lat' dir='ltr'><strong>hominum</strong></span> <span class='ocrx_word' id='word_1_95' title='bbox 1317 1415 1587 1461; x_wconf 84' lang='lat' dir='ltr'><strong>amantem</strong></span> <span class='ocrx_word' id='word_1_96' title='bbox 1645 1421 1765 1461; x_wconf 90' lang='lat' dir='ltr'><strong>esse</strong></span> <span class='ocrx_word' id='word_1_97' title='bbox 1808 1408 2189 1462; x_wconf 85' lang='lat' dir='ltr'><strong>universorum</strong></span> 
     </span>
    </p>
   </div>
   <div class='ocr_carea' id='block_1_14' title="bbox 629 1491 2190 1565">
    <p class='ocr_par' dir='ltr' id='par_1_14' title="bbox 629 1491 2190 1565">
     <span class='ocr_line' id='line_1_14' title="bbox 629 1491 2190 1565; baseline 0.003 -20"><span class='ocrx_word' id='word_1_98' title='bbox 629 1492 933 1548; x_wconf 88' lang='lat' dir='ltr'><strong>Dominum.</strong></span> <span class='ocrx_word' id='word_1_99' title='bbox 957 1491 1251 1549; x_wconf 86' lang='lat' dir='ltr'><strong>Peccantes</strong></span> <span class='ocrx_word' id='word_1_100' title='bbox 1279 1494 1421 1550; x_wconf 90' lang='lat' dir='ltr'><strong>enim</strong></span> <span class='ocrx_word' id='word_1_101' title='bbox 1447 1495 1662 1558; x_wconf 85' lang='lat' dir='ltr'><strong>tolerat,</strong></span> <span class='ocrx_word' id='word_1_102' title='bbox 1690 1503 1744 1549; x_wconf 92' lang='lat' dir='ltr'><strong>et</strong></span> <span class='ocrx_word' id='word_1_103' title='bbox 1762 1495 1946 1564; x_wconf 89' lang='lat' dir='ltr'><strong>inique</strong></span> <span class='ocrx_word' id='word_1_104' title='bbox 1970 1506 2190 1565; x_wconf 83' lang='lat' dir='ltr'><strong>agentes</strong></span> 
     </span>
    </p>
   </div>
   <div class='ocr_carea' id='block_1_15' title="bbox 623 1582 2189 1655">
    <p class='ocr_par' dir='ltr' id='par_1_15' title="bbox 623 1582 2189 1655">
     <span class='ocr_line' id='line_1_15' title="bbox 623 1582 2189 1655; baseline 0.003 -19"><span class='ocrx_word' id='word_1_105' title='bbox 623 1582 877 1649; x_wconf 82' lang='lat' dir='ltr'><strong>sustinet,</strong></span> <span class='ocrx_word' id='word_1_106' title='bbox 924 1583 1347 1654; x_wconf 80' lang='lat' dir='ltr'><strong>uniuscujusque</strong></span> <span class='ocrx_word' id='word_1_107' title='bbox 1407 1585 1786 1655; x_wconf 76' lang='lat' dir='ltr'><strong>pmnitentiam</strong></span> <span class='ocrx_word' id='word_1_108' title='bbox 1842 1595 2189 1655; x_wconf 83' lang='lat' dir='ltr'><strong>exspectans.</strong></span> 
     </span>
    </p>
   </div>
   <div class='ocr_carea' id='block_1_16' title="bbox 622 1674 2191 1745">
    <p class='ocr_par' dir='ltr' id='par_1_16' title="bbox 622 1674 2191 1745">
     <span class='ocr_line' id='line_1_16' title="bbox 622 1674 2191 1745; baseline 0.002 -17"><span class='ocrx_word' id='word_1_109' title='bbox 622 1674 781 1743; x_wconf 86' lang='lat' dir='ltr'><strong>Quod</strong></span> <span class='ocrx_word' id='word_1_110' title='bbox 826 1675 873 1731; x_wconf 88' lang='lat' dir='ltr'><strong>si</strong></span> <span class='ocrx_word' id='word_1_111' title='bbox 926 1676 1047 1745; x_wconf 91' lang='lat' dir='ltr'><strong>quis</strong></span> <span class='ocrx_word' id='word_1_112' title='bbox 1077 1677 1239 1731; x_wconf 88' lang='lat' dir='ltr'><strong>etiam</strong></span> <span class='ocrx_word' id='word_1_113' title='bbox 1270 1675 1363 1734; x_wconf 87' lang='lat' dir='ltr'><strong>diu</strong></span> <span class='ocrx_word' id='word_1_114' title='bbox 1414 1674 1688 1745; x_wconf 80' lang='lat' dir='ltr'><strong>peccando</strong></span> <span class='ocrx_word' id='word_1_115' title='bbox 1718 1678 2066 1744; x_wconf 88' lang='lat' dir='ltr'><strong>processerit,</strong></span> <span class='ocrx_word' id='word_1_116' title='bbox 2100 1692 2191 1732; x_wconf 87' lang='lat' dir='ltr'><strong>su-</strong></span> 
     </span>
    </p>
   </div>
   <div class='ocr_carea' id='block_1_17' title="bbox 625 1766 2186 1837">
    <p class='ocr_par' dir='ltr' id='par_1_17' title="bbox 625 1766 2186 1837">
     <span class='ocr_line' id='line_1_17' title="bbox 625 1766 2186 1837; baseline 0.001 -16"><span class='ocrx_word' id='word_1_117' title='bbox 625 1781 977 1837; x_wconf 86' lang='lat' dir='ltr'><strong>premamque</strong></span> <span class='ocrx_word' id='word_1_118' title='bbox 1027 1766 1124 1823; x_wconf 88' lang='lat' dir='ltr'><strong>Dei</strong></span> <span class='ocrx_word' id='word_1_119' title='bbox 1177 1766 1495 1836; x_wconf 89' lang='lat' dir='ltr'><strong>patientiam</strong></span> <span class='ocrx_word' id='word_1_120' title='bbox 1539 1777 1794 1835; x_wconf 81' lang='lat' dir='ltr'><strong>expertus</strong></span> <span class='ocrx_word' id='word_1_121' title='bbox 1836 1766 2019 1834; x_wconf 82' lang='lat' dir='ltr'><strong>luerit,</strong></span> <span class='ocrx_word' id='word_1_122' title='bbox 2074 1776 2186 1822; x_wconf 93' lang='lat' dir='ltr'><strong>tum</strong></span> 
     </span>
    </p>
   </div>
   <div class='ocr_carea' id='block_1_18' title="bbox 2293 587 3875 661">
    <p class='ocr_par' dir='ltr' id='par_1_18' title="bbox 2293 587 3875 661">
     <span class='ocr_line' id='line_1_18' title="bbox 2293 587 3875 661; baseline -0.001 -18"><span class='ocrx_word' id='word_1_123' title='bbox 2293 591 2375 643; x_wconf 81' lang='grc' dir='ltr'><strong>ὅτι</strong></span> <span class='ocrx_word' id='word_1_124' title='bbox 2414 609 2431 641; x_wconf 82' lang='grc' dir='ltr'><strong>ι</strong></span> <span class='ocrx_word' id='word_1_125' title='bbox 2475 589 2724 661; x_wconf 81' lang='grc' dir='ltr'><strong>Ἐξῆλθεν</strong></span> <span class='ocrx_word' id='word_1_126' title='bbox 2751 592 2780 643; x_wconf 99' lang='lat'><strong>6</strong></span> <span class='ocrx_word' id='word_1_127' title='bbox 2800 590 3031 658; x_wconf 78' lang='grc' dir='ltr'><strong>ἄγγελος</strong></span> <span class='ocrx_word' id='word_1_128' title='bbox 3063 592 3092 643; x_wconf 88' lang='grc' dir='ltr'>ὁ</span> <span class='ocrx_word' id='word_1_129' title='bbox 3118 588 3298 643; x_wconf 83' lang='grc' dir='ltr'><strong>λαλῶν</strong></span> <span class='ocrx_word' id='word_1_130' title='bbox 3320 590 3380 642; x_wconf 76' lang='grc' dir='ltr'><strong>ἐν</strong></span> <span class='ocrx_word' id='word_1_131' title='bbox 3402 589 3546 655; x_wconf 83' lang='grc' dir='ltr'><strong>ἐμοί.</strong></span> <span class='ocrx_word' id='word_1_132' title='bbox 3590 607 3608 639; x_wconf 72' lang='grc' dir='ltr'><strong>ι</strong></span> <span class='ocrx_word' id='word_1_133' title='bbox 3649 587 3875 658; x_wconf 78' lang='grc' dir='ltr'><strong>Ἐξῆλθε</strong></span> 
     </span>
    </p>
   </div>
   <div class='ocr_carea' id='block_1_19' title="bbox 2293 678 3876 753">
    <p class='ocr_par' dir='ltr' id='par_1_19' title="bbox 2293 678 3876 753">
     <span class='ocr_line' id='line_1_19' title="bbox 2293 678 3876 753; baseline 0.001 -20"><span class='ocrx_word' id='word_1_134' title='bbox 2293 681 2349 735; x_wconf 85' lang='grc' dir='ltr'><strong>δέ</strong></span> <span class='ocrx_word' id='word_1_135' title='bbox 2380 683 2531 748; x_wconf 82' lang='grc' dir='ltr'><strong>δποι;</strong></span> <span class='ocrx_word' id='word_1_136' title='bbox 2562 681 2665 734; x_wconf 91' lang='grc' dir='ltr'><strong>ποῦ</strong></span> <span class='ocrx_word' id='word_1_137' title='bbox 2698 683 2807 753; x_wconf 82' lang='grc' dir='ltr'><strong>γὰρ</strong></span> <span class='ocrx_word' id='word_1_138' title='bbox 2845 678 2916 753; x_wconf 71' lang='grc' dir='ltr'><strong>ἦν</strong></span> <span class='ocrx_word' id='word_1_139' title='bbox 2961 682 3128 746; x_wconf 77' lang='grc' dir='ltr'><strong>ὅλωςς</strong></span> <span class='ocrx_word' id='word_1_140' title='bbox 3158 680 3367 735; x_wconf 80' lang='grc' dir='ltr'><strong>(ὶὺκοῦν</strong></span> <span class='ocrx_word' id='word_1_141' title='bbox 3397 683 3461 734; x_wconf 85' lang='grc' dir='ltr'><strong>ἐκ</strong></span> <span class='ocrx_word' id='word_1_142' title='bbox 3501 682 3601 751; x_wconf 78' lang='grc' dir='ltr'><strong>τῆς</strong></span> <span class='ocrx_word' id='word_1_143' title='bbox 3631 680 3726 735; x_wconf 90' lang='grc' dir='ltr'><strong>τοῦ</strong></span> <span class='ocrx_word' id='word_1_144' title='bbox 3750 682 3876 751; x_wconf 84' lang='grc' dir='ltr'><strong>δρε-</strong></span> 
     </span>
    </p>
   </div>
   <div class='ocr_carea' id='block_1_20' title="bbox 2295 772 3875 845">
    <p class='ocr_par' dir='ltr' id='par_1_20' title="bbox 2295 772 3875 845">
     <span class='ocr_line' id='line_1_20' title="bbox 2295 772 3875 845; baseline -0.001 -20"><span class='ocrx_word' id='word_1_145' title='bbox 2295 773 2466 826; x_wconf 86' lang='grc' dir='ltr'><strong>πάνου</strong></span> <span class='ocrx_word' id='word_1_146' title='bbox 2488 773 2706 839; x_wconf 79' lang='grc' dir='ltr'><strong>δείξεως</strong></span> <span class='ocrx_word' id='word_1_147' title='bbox 2740 774 2832 827; x_wconf 72' lang='grc' dir='ltr'><strong>ἐπὶ</strong></span> <span class='ocrx_word' id='word_1_148' title='bbox 2870 773 2974 845; x_wconf 81' lang='grc' dir='ltr'><strong>τὴν</strong></span> <span class='ocrx_word' id='word_1_149' title='bbox 3007 773 3374 844; x_wconf 83' lang='grc' dir='ltr'><strong>προκειμένην</strong></span> <span class='ocrx_word' id='word_1_150' title='bbox 3400 773 3611 842; x_wconf 83' lang='grc' dir='ltr'><strong>ὅρασιν,</strong></span> <span class='ocrx_word' id='word_1_151' title='bbox 3647 772 3745 842; x_wconf 77' lang='grc' dir='ltr'><strong>τὴν</strong></span> <span class='ocrx_word' id='word_1_152' title='bbox 3776 772 3875 824; x_wconf 81' lang='grc' dir='ltr'><strong>ἐπί</strong></span> 
     </span>
    </p>
   </div>
   <div class='ocr_carea' id='block_1_21' title="bbox 2293 864 3870 935">
    <p class='ocr_par' dir='ltr' id='par_1_21' title="bbox 2293 864 3870 935">
     <span class='ocr_line' id='line_1_21' title="bbox 2293 864 3870 935; baseline 0 -18"><span class='ocrx_word' id='word_1_153' title='bbox 2293 882 2377 933; x_wconf 88' lang='grc' dir='ltr'><strong>γε,</strong></span> <span class='ocrx_word' id='word_1_154' title='bbox 2406 864 2569 934; x_wconf 78' lang='grc' dir='ltr'><strong>φημὶ,</strong></span> <span class='ocrx_word' id='word_1_155' title='bbox 2621 864 2703 935; x_wconf 83' lang='grc' dir='ltr'><strong>τῷ</strong></span> <span class='ocrx_word' id='word_1_156' title='bbox 2751 865 2956 935; x_wconf 84' lang='grc' dir='ltr'><strong>μέτρῳ,</strong></span> <span class='ocrx_word' id='word_1_157' title='bbox 2988 866 3049 918; x_wconf 87' lang='grc' dir='ltr'><strong>τδ</strong></span> <span class='ocrx_word' id='word_1_158' title='bbox 3074 867 3173 935; x_wconf 75' lang='grc' dir='ltr'><strong>τῆς</strong></span> <span class='ocrx_word' id='word_1_159' title='bbox 3214 864 3394 930; x_wconf 84' lang='grc' dir='ltr'><strong>ἐξόδου</strong></span> <span class='ocrx_word' id='word_1_160' title='bbox 3441 864 3629 933; x_wconf 84' lang='grc' dir='ltr'><strong>γέγονε</strong></span> <span class='ocrx_word' id='word_1_161' title='bbox 3658 866 3870 935; x_wconf 81' lang='grc' dir='ltr'><strong>χρῆμα.</strong></span> 
     </span>
    </p>
   </div>
   <div class='ocr_carea' id='block_1_22' title="bbox 2293 953 3870 1026">
    <p class='ocr_par' dir='ltr' id='par_1_22' title="bbox 2293 953 3870 1026">
     <span class='ocr_line' id='line_1_22' title="bbox 2293 953 3870 1026; baseline 0.002 -19"><span class='ocrx_word' id='word_1_162' title='bbox 2293 955 2447 1024; x_wconf 82' lang='grc' dir='ltr'><strong>Αῐρει</strong></span> <span class='ocrx_word' id='word_1_163' title='bbox 2484 971 2548 1021; x_wconf 88' lang='grc' dir='ltr'><strong>γε</strong></span> <span class='ocrx_word' id='word_1_164' title='bbox 2580 955 2687 1023; x_wconf 80' lang='grc' dir='ltr'><strong>μὴν</strong></span> <span class='ocrx_word' id='word_1_165' title='bbox 2717 958 2747 1009; x_wconf 89' lang='lat'><strong>6</strong></span> <span class='ocrx_word' id='word_1_166' title='bbox 2782 955 3070 1026; x_wconf 76' lang='grc' dir='ltr'><strong>προφήτης</strong></span> <span class='ocrx_word' id='word_1_167' title='bbox 3093 956 3173 1018; x_wconf 78' lang='grc' dir='ltr'><strong>εἰς</strong></span> <span class='ocrx_word' id='word_1_168' title='bbox 3212 953 3346 1023; x_wconf 74' lang='grc' dir='ltr'><strong>ὕψος</strong></span> <span class='ocrx_word' id='word_1_169' title='bbox 3382 954 3507 1017; x_wconf 79' lang='grc' dir='ltr'><strong>τοὺς</strong></span> <span class='ocrx_word' id='word_1_170' title='bbox 3533 954 3870 1024; x_wconf 75' lang='grc' dir='ltr'><strong>ὀφθαλμοὺς.</strong></span> 
     </span>
    </p>
   </div>
   <div class='ocr_carea' id='block_1_23' title="bbox 2291 1038 3875 1116">
    <p class='ocr_par' dir='ltr' id='par_1_23' title="bbox 2291 1038 3875 1116">
     <span class='ocr_line' id='line_1_23' title="bbox 2291 1038 3875 1116; baseline 0.001 -20"><span class='ocrx_word' id='word_1_171' title='bbox 2291 1038 2372 1107; x_wconf 73' lang='grc' dir='ltr'><strong>οἷς</strong></span> <span class='ocrx_word' id='word_1_172' title='bbox 2397 1044 2629 1114; x_wconf 81' lang='grc' dir='ltr'><strong>διᾴττειν</strong></span> <span class='ocrx_word' id='word_1_173' title='bbox 2650 1044 2783 1114; x_wconf 71' lang='grc' dir='ltr'><strong>ὑψοῦ</strong></span> <span class='ocrx_word' id='word_1_174' title='bbox 2812 1062 2879 1115; x_wconf 88' lang='grc' dir='ltr'><strong>με</strong></span> <span class='ocrx_word' id='word_1_175' title='bbox 2887 1044 3228 1115; x_wconf 86' lang='grc' dir='ltr'><strong>μελετηκόσι,</strong></span> <span class='ocrx_word' id='word_1_176' title='bbox 3252 1045 3452 1116; x_wconf 82' lang='grc' dir='ltr'><strong>πρέποι</strong></span> <span class='ocrx_word' id='word_1_177' title='bbox 3476 1046 3540 1098; x_wconf 79' lang='grc' dir='ltr'><strong>ἂν</strong></span> <span class='ocrx_word' id='word_1_178' title='bbox 3562 1045 3784 1107; x_wconf 74' lang='grc' dir='ltr'><strong>εἰκότως</strong></span> <span class='ocrx_word' id='word_1_179' title='bbox 3807 1046 3875 1098; x_wconf 79' lang='grc' dir='ltr'><strong>τὸ</strong></span> 
     </span>
    </p>
   </div>
   <div class='ocr_carea' id='block_1_24' title="bbox 2293 1134 3875 1208">
    <p class='ocr_par' dir='ltr' id='par_1_24' title="bbox 2293 1134 3875 1208">
     <span class='ocr_line' id='line_1_24' title="bbox 2293 1134 3875 1208; baseline 0.002 -20"><span class='ocrx_word' id='word_1_180' title='bbox 2293 1136 2386 1188; x_wconf 78' lang='grc' dir='ltr'><strong>καὶ</strong></span> <span class='ocrx_word' id='word_1_181' title='bbox 2409 1136 2527 1207; x_wconf 81' lang='grc' dir='ltr'><strong>θείᾳ</strong></span> <span class='ocrx_word' id='word_1_182' title='bbox 2545 1136 2770 1208; x_wconf 83' lang='grc' dir='ltr'><strong>δυνάμει</strong></span> <span class='ocrx_word' id='word_1_183' title='bbox 2800 1137 3095 1207; x_wconf 88' lang='grc' dir='ltr'><strong>καταθρεῖν</strong></span> <span class='ocrx_word' id='word_1_184' title='bbox 3117 1139 3430 1208; x_wconf 79' lang='grc' dir='ltr'><strong>μυστήριον.</strong></span> <span class='ocrx_word' id='word_1_185' title='bbox 3470 1139 3539 1191; x_wconf 84' lang='grc' dir='ltr'>Ἤ</span> <span class='ocrx_word' id='word_1_186' title='bbox 3549 1154 3671 1208; x_wconf 89' lang='grc' dir='ltr'><strong>ρετο</strong></span> <span class='ocrx_word' id='word_1_187' title='bbox 3691 1138 3753 1207; x_wconf 82' lang='grc' dir='ltr'><strong>δὴ</strong></span> <span class='ocrx_word' id='word_1_188' title='bbox 3774 1134 3875 1191; x_wconf 70' lang='grc' dir='ltr'><strong>οὖν</strong></span> 
     </span>
    </p>
   </div>
   <div class='ocr_carea' id='block_1_25' title="bbox 2291 1223 3869 1296">
    <p class='ocr_par' dir='ltr' id='par_1_25' title="bbox 2291 1223 3869 1296">
     <span class='ocr_line' id='line_1_25' title="bbox 2291 1223 3869 1296; baseline 0.001 -20"><span class='ocrx_word' id='word_1_189' title='bbox 2291 1224 2345 1276; x_wconf 92' lang='grc' dir='ltr'><strong>τί</strong></span> <span class='ocrx_word' id='word_1_190' title='bbox 2395 1223 2501 1293; x_wconf 82' lang='grc' dir='ltr'><strong>ἄρα</strong></span> <span class='ocrx_word' id='word_1_191' title='bbox 2556 1224 2673 1277; x_wconf 80' lang='grc' dir='ltr'><strong>ἐστι</strong></span> <span class='ocrx_word' id='word_1_192' title='bbox 2728 1225 2789 1278; x_wconf 83' lang='grc' dir='ltr'><strong>τὸ</strong></span> <span class='ocrx_word' id='word_1_193' title='bbox 2839 1225 3206 1294; x_wconf 82' lang='grc' dir='ltr'><strong>δεικνύμενον.</strong></span> <span class='ocrx_word' id='word_1_194' title='bbox 3253 1226 3311 1278; x_wconf 88' lang='lat'><strong>&#39;0</strong></span> <span class='ocrx_word' id='word_1_195' title='bbox 3368 1225 3425 1278; x_wconf 87' lang='grc' dir='ltr'><strong>δὲ</strong></span> <span class='ocrx_word' id='word_1_196' title='bbox 3480 1225 3617 1296; x_wconf 85' lang='grc' dir='ltr'><strong>πρὸς</strong></span> <span class='ocrx_word' id='word_1_197' title='bbox 3672 1225 3869 1278; x_wconf 75' lang='grc' dir='ltr'><strong>αὐτόν’</strong></span> 
     </span>
    </p>
   </div>
   <div class='ocr_carea' id='block_1_26' title="bbox 2299 1314 3869 1386">
    <p class='ocr_par' dir='ltr' id='par_1_26' title="bbox 2299 1314 3869 1386">
     <span class='ocr_line' id='line_1_26' title="bbox 2299 1314 3869 1386; baseline 0.001 -20"><span class='ocrx_word' id='word_1_198' title='bbox 2299 1333 2317 1366; x_wconf 84' lang='grc' dir='ltr'><strong>ι</strong></span> <span class='ocrx_word' id='word_1_199' title='bbox 2361 1314 2551 1380; x_wconf 86' lang='grc' dir='ltr'><strong>Τοῦτο,</strong></span> <span class='ocrx_word' id='word_1_200' title='bbox 2587 1316 2743 1386; x_wconf 74' lang='grc' dir='ltr'><strong>φησὶ,</strong></span> <span class='ocrx_word' id='word_1_201' title='bbox 2789 1316 2850 1369; x_wconf 88' lang='grc' dir='ltr'><strong>τὸ</strong></span> <span class='ocrx_word' id='word_1_202' title='bbox 2901 1316 3099 1385; x_wconf 77' lang='grc' dir='ltr'><strong>μέτρον</strong></span> <span class='ocrx_word' id='word_1_203' title='bbox 3134 1316 3195 1368; x_wconf 86' lang='grc' dir='ltr'><strong>τὸ</strong></span> <span class='ocrx_word' id='word_1_204' title='bbox 3236 1316 3690 1385; x_wconf 90' lang='grc' dir='ltr'><strong>ἐκπορευόμενον.</strong></span> <span class='ocrx_word' id='word_1_205' title='bbox 3720 1316 3869 1385; x_wconf 81' lang='grc' dir='ltr'><strong>Δῦτη</strong></span> 
     </span>
    </p>
   </div>
   <div class='ocr_carea' id='block_1_27' title="bbox 2291 1404 3874 1477">
    <p class='ocr_par' dir='ltr' id='par_1_27' title="bbox 2291 1404 3874 1477">
     <span class='ocr_line' id='line_1_27' title="bbox 2291 1404 3874 1477; baseline -0.001 -18"><span class='ocrx_word' id='word_1_206' title='bbox 2291 1406 2438 1459; x_wconf 69' lang='grc' dir='ltr'><strong>ἐστὶν</strong></span> <span class='ocrx_word' id='word_1_207' title='bbox 2468 1408 2501 1477; x_wconf 75' lang='grc' dir='ltr'><strong>ἡ</strong></span> <span class='ocrx_word' id='word_1_208' title='bbox 2531 1405 2711 1459; x_wconf 82' lang='grc' dir='ltr'><strong>ἀδικία</strong></span> <span class='ocrx_word' id='word_1_209' title='bbox 2745 1405 2922 1459; x_wconf 86' lang='grc' dir='ltr'><strong>αὑτῶν</strong></span> <span class='ocrx_word' id='word_1_210' title='bbox 2951 1407 3009 1459; x_wconf 87' lang='grc' dir='ltr'><strong>έν</strong></span> <span class='ocrx_word' id='word_1_211' title='bbox 3040 1407 3188 1477; x_wconf 87' lang='grc' dir='ltr'><strong>πάσῃ</strong></span> <span class='ocrx_word' id='word_1_212' title='bbox 3224 1408 3289 1476; x_wconf 81' lang='grc' dir='ltr'><strong>τῇ</strong></span> <span class='ocrx_word' id='word_1_213' title='bbox 3321 1408 3413 1475; x_wconf 81' lang='grc' dir='ltr'><strong>γῇ.</strong></span> <span class='ocrx_word' id='word_1_214' title='bbox 3452 1423 3470 1455; x_wconf 72' lang='grc' dir='ltr'><strong>ι</strong></span> <span class='ocrx_word' id='word_1_215' title='bbox 3501 1405 3612 1457; x_wconf 81' lang='grc' dir='ltr'><strong>Καὶ</strong></span> <span class='ocrx_word' id='word_1_216' title='bbox 3635 1404 3688 1456; x_wconf 88' lang='grc' dir='ltr'><strong>τί</strong></span> <span class='ocrx_word' id='word_1_217' title='bbox 3712 1404 3776 1474; x_wconf 83' lang='grc' dir='ltr'><strong>δὴ</strong></span> <span class='ocrx_word' id='word_1_218' title='bbox 3806 1405 3874 1458; x_wconf 77' lang='grc' dir='ltr'><strong>τὸ</strong></span> 
     </span>
    </p>
   </div>
   <div class='ocr_carea' id='block_1_28' title="bbox 2296 1496 3872 1568">
    <p class='ocr_par' dir='ltr' id='par_1_28' title="bbox 2296 1496 3872 1568">
     <span class='ocr_line' id='line_1_28' title="bbox 2296 1496 3872 1568; baseline 0.001 -19"><span class='ocrx_word' id='word_1_219' title='bbox 2296 1497 2512 1568; x_wconf 79' lang='grc' dir='ltr'><strong>μέτρον,</strong></span> <span class='ocrx_word' id='word_1_220' title='bbox 2555 1496 2967 1567; x_wconf 75' lang='grc' dir='ltr'><strong>ἀναλογίζεσθαι</strong></span> <span class='ocrx_word' id='word_1_221' title='bbox 2997 1498 3125 1567; x_wconf 87' lang='grc' dir='ltr'><strong>χρή.</strong></span> <span class='ocrx_word' id='word_1_222' title='bbox 3157 1498 3266 1550; x_wconf 72' lang='grc' dir='ltr'><strong>Καὶ</strong></span> <span class='ocrx_word' id='word_1_223' title='bbox 3300 1496 3364 1568; x_wconf 83' lang='grc' dir='ltr'><strong>δὴ</strong></span> <span class='ocrx_word' id='word_1_224' title='bbox 3396 1496 3489 1549; x_wconf 90' lang='grc' dir='ltr'><strong>καί</strong></span> <span class='ocrx_word' id='word_1_225' title='bbox 3533 1512 3734 1565; x_wconf 88' lang='grc' dir='ltr'><strong>φαμεν,</strong></span> <span class='ocrx_word' id='word_1_226' title='bbox 3785 1496 3872 1550; x_wconf 85' lang='grc' dir='ltr'><strong>δτι</strong></span> 
     </span>
    </p>
   </div>
   <div class='ocr_carea' id='block_1_29' title="bbox 2294 1586 3873 1659">
    <p class='ocr_par' dir='ltr' id='par_1_29' title="bbox 2294 1586 3873 1659">
     <span class='ocr_line' id='line_1_29' title="bbox 2294 1586 3873 1659; baseline 0 -20"><span class='ocrx_word' id='word_1_227' title='bbox 2294 1586 2450 1655; x_wconf 81' lang='grc' dir='ltr'><strong>φύσει</strong></span> <span class='ocrx_word' id='word_1_228' title='bbox 2481 1587 2736 1659; x_wconf 81' lang='grc' dir='ltr'><strong>χρηστὸς,</strong></span> <span class='ocrx_word' id='word_1_229' title='bbox 2761 1589 2856 1642; x_wconf 71' lang='grc' dir='ltr'><strong>καὶ</strong></span> <span class='ocrx_word' id='word_1_230' title='bbox 2896 1586 3276 1657; x_wconf 87' lang='grc' dir='ltr'><strong>φιλάνθρωπος</strong></span> <span class='ocrx_word' id='word_1_231' title='bbox 3302 1589 3331 1640; x_wconf 91' lang='lat'><strong>6</strong></span> <span class='ocrx_word' id='word_1_232' title='bbox 3366 1587 3473 1639; x_wconf 87' lang='grc' dir='ltr'><strong>τῶν</strong></span> <span class='ocrx_word' id='word_1_233' title='bbox 3502 1586 3637 1640; x_wconf 74' lang='grc' dir='ltr'><strong>ὅλων</strong></span> <span class='ocrx_word' id='word_1_234' title='bbox 3666 1586 3873 1639; x_wconf 76' lang='grc' dir='ltr'><strong>Δεσπό-</strong></span> 
     </span>
    </p>
   </div>
   <div class='ocr_carea' id='block_1_30' title="bbox 2292 1675 3872 1748">
    <p class='ocr_par' dir='ltr' id='par_1_30' title="bbox 2292 1675 3872 1748">
     <span class='ocr_line' id='line_1_30' title="bbox 2292 1675 3872 1748; baseline -0.001 -19"><span class='ocrx_word' id='word_1_235' title='bbox 2292 1694 2410 1748; x_wconf 90' lang='grc' dir='ltr'><strong>της.</strong></span> <span class='ocrx_word' id='word_1_236' title='bbox 2434 1676 2820 1748; x_wconf 87' lang='grc' dir='ltr'><strong>Πλημμελοῦσι</strong></span> <span class='ocrx_word' id='word_1_237' title='bbox 2850 1676 2961 1748; x_wconf 84' lang='grc' dir='ltr'><strong>γάρ</strong></span> <span class='ocrx_word' id='word_1_238' title='bbox 2992 1675 3325 1741; x_wconf 78' lang='grc' dir='ltr'><strong>ἀνεξικακεί,</strong></span> <span class='ocrx_word' id='word_1_239' title='bbox 3354 1677 3451 1730; x_wconf 72' lang='grc' dir='ltr'><strong>καὶ</strong></span> <span class='ocrx_word' id='word_1_240' title='bbox 3484 1676 3872 1747; x_wconf 78' lang='grc' dir='ltr'><strong>παρανομούν-</strong></span> 
     </span>
    </p>
   </div>
   <div class='ocr_carea' id='block_1_31' title="bbox 2290 1768 3870 1840">
    <p class='ocr_par' dir='ltr' id='par_1_31' title="bbox 2290 1768 3870 1840">
     <span class='ocr_line' id='line_1_31' title="bbox 2290 1768 3870 1840; baseline -0.001 -19"><span class='ocrx_word' id='word_1_241' title='bbox 2290 1785 2400 1822; x_wconf 91' lang='grc' dir='ltr'><strong>των</strong></span> <span class='ocrx_word' id='word_1_242' title='bbox 2440 1770 2710 1840; x_wconf 86' lang='grc' dir='ltr'><strong>ἀνέχεται,</strong></span> <span class='ocrx_word' id='word_1_243' title='bbox 2742 1768 3052 1839; x_wconf 84' lang='grc' dir='ltr'><strong>περιμένων</strong></span> <span class='ocrx_word' id='word_1_244' title='bbox 3094 1768 3195 1839; x_wconf 85' lang='grc' dir='ltr'><strong>τὴν</strong></span> <span class='ocrx_word' id='word_1_245' title='bbox 3236 1769 3468 1822; x_wconf 80' lang='grc' dir='ltr'><strong>ἑκάστου</strong></span> <span class='ocrx_word' id='word_1_246' title='bbox 3506 1768 3870 1839; x_wconf 80' lang='grc' dir='ltr'><strong>μετάγνωσιν.</strong></span> 
     </span>
    </p>
   </div>
   <div class='ocr_carea' id='block_1_32' title="bbox 622 1840 2187 1933">
    <p class='ocr_par' dir='ltr' id='par_1_32' title="bbox 622 1853 2187 1925">
     <span class='ocr_line' id='line_1_32' title="bbox 622 1853 2187 1925; baseline 0.003 -18"><span class='ocrx_word' id='word_1_247' title='bbox 622 1853 857 1924; x_wconf 75' lang='lat' dir='ltr'><strong>denique</strong></span> <span class='ocrx_word' id='word_1_248' title='bbox 908 1855 1086 1925; x_wconf 86' lang='lat' dir='ltr'><strong>poenis</strong></span> <span class='ocrx_word' id='word_1_249' title='bbox 1140 1855 1478 1925; x_wconf 87' lang='lat' dir='ltr'><strong>subjicietur,</strong></span> <span class='ocrx_word' id='word_1_250' title='bbox 1500 1863 1555 1910; x_wconf 90' lang='lat' dir='ltr'><strong>et</strong></span> <span class='ocrx_word' id='word_1_251' title='bbox 1579 1865 1683 1909; x_wconf 92' lang='lat' dir='ltr'><strong>tam</strong></span> <span class='ocrx_word' id='word_1_252' title='bbox 1709 1856 1977 1912; x_wconf 82' lang='lat' dir='ltr'><strong>diuturnae</strong></span> <span class='ocrx_word' id='word_1_253' title='bbox 2003 1871 2187 1912; x_wconf 87' lang='lat' dir='ltr'><strong>socor-</strong></span> 
     </span>
    </p>
   </div>
   <div class='ocr_carea' id='block_1_33' title="bbox 2289 1840 3871 1933">
    <p class='ocr_par' dir='ltr' id='par_1_33' title="bbox 2293 1855 3871 1933">
     <span class='ocr_line' id='line_1_33' title="bbox 2293 1855 3871 1933; baseline -0.001 -22"><span class='ocrx_word' id='word_1_254' title='bbox 2293 1859 2353 1911; x_wconf 83' lang='grc' dir='ltr'><strong>Εί</strong></span> <span class='ocrx_word' id='word_1_255' title='bbox 2389 1859 2445 1912; x_wconf 85' lang='grc' dir='ltr'><strong>δὲ</strong></span> <span class='ocrx_word' id='word_1_256' title='bbox 2474 1859 2535 1930; x_wconf 86' lang='grc' dir='ltr'><strong>δή</strong></span> <span class='ocrx_word' id='word_1_257' title='bbox 2563 1876 2648 1923; x_wconf 85' lang='grc' dir='ltr'><strong>τις</strong></span> <span class='ocrx_word' id='word_1_258' title='bbox 2680 1859 2747 1933; x_wconf 79' lang='grc' dir='ltr'><strong>τοι</strong></span> <span class='ocrx_word' id='word_1_259' title='bbox 2789 1860 2884 1913; x_wconf 72' lang='grc' dir='ltr'><strong>καὶ</strong></span> <span class='ocrx_word' id='word_1_260' title='bbox 2925 1859 3086 1929; x_wconf 81' lang='grc' dir='ltr'><strong>μέχρι</strong></span> <span class='ocrx_word' id='word_1_261' title='bbox 3124 1858 3321 1912; x_wconf 89' lang='grc' dir='ltr'><strong>πολλοῦ</strong></span> <span class='ocrx_word' id='word_1_262' title='bbox 3354 1858 3489 1929; x_wconf 84' lang='grc' dir='ltr'><strong>πρὸς</strong></span> <span class='ocrx_word' id='word_1_263' title='bbox 3516 1857 3577 1910; x_wconf 83' lang='grc' dir='ltr'><strong>τὸ</strong></span> <span class='ocrx_word' id='word_1_264' title='bbox 3617 1855 3871 1925; x_wconf 78' lang='grc' dir='ltr'><strong>πλημμε-</strong></span> 
     </span>
    </p>
   </div>
   <div class='ocr_carea' id='block_1_34' title="bbox 620 1947 2187 2020">
    <p class='ocr_par' dir='ltr' id='par_1_34' title="bbox 620 1947 2187 2020">
     <span class='ocr_line' id='line_1_34' title="bbox 620 1947 2187 2020; baseline 0.002 -20"><span class='ocrx_word' id='word_1_265' title='bbox 620 1947 724 2002; x_wconf 67' lang='grc' dir='ltr'><strong>ιΙὶιε</strong></span> <span class='ocrx_word' id='word_1_266' title='bbox 755 1958 1055 2017; x_wconf 70' lang='lat' dir='ltr'><strong>praetexere</strong></span> <span class='ocrx_word' id='word_1_267' title='bbox 1082 1949 1216 2004; x_wconf 92' lang='lat' dir='ltr'><strong>nihil</strong></span> <span class='ocrx_word' id='word_1_268' title='bbox 1258 1950 1458 2018; x_wconf 86' lang='lat' dir='ltr'><strong>poterit</strong></span> <span class='ocrx_word' id='word_1_269' title='bbox 1491 1967 1505 2004; x_wconf 89' lang='lat'><strong>:</strong></span> <span class='ocrx_word' id='word_1_270' title='bbox 1539 1950 1803 2005; x_wconf 91' lang='lat' dir='ltr'><strong>necillum</strong></span> <span class='ocrx_word' id='word_1_271' title='bbox 1843 1951 2127 2020; x_wconf 86' lang='lat' dir='ltr'><strong>quisquam</strong></span> <span class='ocrx_word' id='word_1_272' title='bbox 2158 1964 2187 2003; x_wconf 94' lang='lat' dir='ltr'><strong>a</strong></span> 
     </span>
    </p>
   </div>
   <div class='ocr_carea' id='block_1_35' title="bbox 619 2029 2189 2108">
    <p class='ocr_par' dir='ltr' id='par_1_35' title="bbox 619 2029 2189 2108">
     <span class='ocr_line' id='line_1_35' title="bbox 619 2029 2189 2108; baseline 0.001 -18"><span class='ocrx_word' id='word_1_273' title='bbox 619 2029 817 2103; x_wconf 61' lang='lat' dir='ltr'><strong>pinnis,</strong></span> <span class='ocrx_word' id='word_1_274' title='bbox 884 2037 1192 2093; x_wconf 88' lang='lat' dir='ltr'><strong>commissis</strong></span> <span class='ocrx_word' id='word_1_275' title='bbox 1221 2036 1338 2105; x_wconf 85' lang='lat' dir='ltr'><strong>ejus</strong></span> <span class='ocrx_word' id='word_1_276' title='bbox 1403 2037 1627 2107; x_wconf 87' lang='lat' dir='ltr'><strong>paribus</strong></span> <span class='ocrx_word' id='word_1_277' title='bbox 1678 2038 1892 2108; x_wconf 85' lang='lat' dir='ltr'><strong>eripiet.</strong></span> <span class='ocrx_word' id='word_1_278' title='bbox 1942 2040 2189 2108; x_wconf 82' lang='lat' dir='ltr'><strong>Quapro-</strong></span> 
     </span>
    </p>
   </div>
   <div class='ocr_carea' id='block_1_36' title="bbox 621 2125 2185 2198">
    <p class='ocr_par' dir='ltr' id='par_1_36' title="bbox 621 2125 2185 2198">
     <span class='ocr_line' id='line_1_36' title="bbox 621 2125 2185 2198; baseline 0.003 -19"><span class='ocrx_word' id='word_1_279' title='bbox 621 2136 742 2194; x_wconf 86' lang='lat' dir='ltr'><strong>pter</strong></span> <span class='ocrx_word' id='word_1_280' title='bbox 772 2125 1023 2183; x_wconf 86' lang='lat' dir='ltr'><strong>Christus</strong></span> <span class='ocrx_word' id='word_1_281' title='bbox 1051 2127 1248 2198; x_wconf 90' lang='lat' dir='ltr'><strong>populo</strong></span> <span class='ocrx_word' id='word_1_282' title='bbox 1280 2125 1608 2198; x_wconf 71' lang='lat' dir='ltr'><strong>Judazorum,</strong></span> <span class='ocrx_word' id='word_1_283' title='bbox 1640 2129 1920 2198; x_wconf 86' lang='lat' dir='ltr'><strong>impotenti</strong></span> <span class='ocrx_word' id='word_1_284' title='bbox 1967 2130 2185 2185; x_wconf 81' lang='lat' dir='ltr'><strong>vesania</strong></span> 
     </span>
    </p>
   </div>
   <div class='ocr_carea' id='block_1_37' title="bbox 616 2217 2183 2292">
    <p class='ocr_par' dir='ltr' id='par_1_37' title="bbox 616 2217 2183 2292">
     <span class='ocr_line' id='line_1_37' title="bbox 616 2217 2183 2292; baseline 0.003 -22"><span class='ocrx_word' id='word_1_285' title='bbox 616 2218 687 2271; x_wconf 90' lang='lat' dir='ltr'><strong>ad</strong></span> <span class='ocrx_word' id='word_1_286' title='bbox 717 2217 934 2287; x_wconf 82' lang='lat' dir='ltr'><strong>quidvis</strong></span> <span class='ocrx_word' id='word_1_287' title='bbox 988 2218 1251 2275; x_wconf 77' lang='lat' dir='ltr'><strong>nefarium</strong></span> <span class='ocrx_word' id='word_1_288' title='bbox 1314 2222 1516 2286; x_wconf 83' lang='lat' dir='ltr'><strong>ruenti,</strong></span> <span class='ocrx_word' id='word_1_289' title='bbox 1559 2221 1777 2292; x_wconf 87' lang='lat' dir='ltr'><strong>inquit:</strong></span> <span class='ocrx_word' id='word_1_290' title='bbox 1819 2238 1838 2271; x_wconf 84' lang='grc' dir='ltr'><strong>ι</strong></span> <span class='ocrx_word' id='word_1_291' title='bbox 1866 2221 1930 2275; x_wconf 87' lang='lat' dir='ltr'><strong>Et</strong></span> <span class='ocrx_word' id='word_1_292' title='bbox 1957 2235 2056 2276; x_wconf 84' lang='lat' dir='ltr'><strong>vos</strong></span> <span class='ocrx_word' id='word_1_293' title='bbox 2084 2221 2183 2275; x_wconf 84' lang='lat' dir='ltr'><strong>im-</strong></span> 
     </span>
    </p>
   </div>
   <div class='ocr_carea' id='block_1_38' title="bbox 619 2306 2183 2380">
    <p class='ocr_par' dir='ltr' id='par_1_38' title="bbox 619 2306 2183 2380">
     <span class='ocr_line' id='line_1_38' title="bbox 619 2306 2183 2380; baseline 0 -16"><span class='ocrx_word' id='word_1_294' title='bbox 619 2306 807 2374; x_wconf 87' lang='lat' dir='ltr'><strong>plestis</strong></span> <span class='ocrx_word' id='word_1_295' title='bbox 836 2324 1143 2364; x_wconf 81' lang='lat' dir='ltr'><strong>mensuram</strong></span> <span class='ocrx_word' id='word_1_296' title='bbox 1176 2318 1389 2380; x_wconf 88' lang='lat' dir='ltr'><strong>patrum</strong></span> <span class='ocrx_word' id='word_1_297' title='bbox 1417 2322 1719 2367; x_wconf 90' lang='lat' dir='ltr'><strong>vestrorum</strong></span> <span class='ocrx_word' id='word_1_298' title='bbox 1760 2312 1828 2365; x_wconf 78' lang='grc'><strong>⁸⁸.</strong></span> <span class='ocrx_word' id='word_1_299' title='bbox 1872 2329 1891 2361; x_wconf 75' lang='grc' dir='ltr'><strong>ι</strong></span> <span class='ocrx_word' id='word_1_300' title='bbox 1921 2310 2183 2366; x_wconf 80' lang='lat' dir='ltr'><strong>Mensura</strong></span> 
     </span>
    </p>
   </div>
   <div class='ocr_carea' id='block_1_39' title="bbox 618 2400 2183 2472">
    <p class='ocr_par' dir='ltr' id='par_1_39' title="bbox 618 2400 2183 2472">
     <span class='ocr_line' id='line_1_39' title="bbox 618 2400 2183 2472; baseline 0.003 -20"><span class='ocrx_word' id='word_1_301' title='bbox 618 2400 783 2470; x_wconf 86' lang='lat' dir='ltr'><strong>igitur</strong></span> <span class='ocrx_word' id='word_1_302' title='bbox 828 2415 948 2470; x_wconf 66' lang='lat' dir='ltr'><strong>qua:</strong></span> <span class='ocrx_word' id='word_1_303' title='bbox 989 2403 1307 2471; x_wconf 89' lang='lat' dir='ltr'><strong>apparebat,</strong></span> <span class='ocrx_word' id='word_1_304' title='bbox 1338 2411 1682 2472; x_wconf 89' lang='lat' dir='ltr'><strong>peccatorum</strong></span> <span class='ocrx_word' id='word_1_305' title='bbox 1713 2402 1891 2472; x_wconf 91' lang='lat' dir='ltr'><strong>populi</strong></span> <span class='ocrx_word' id='word_1_306' title='bbox 1924 2402 1975 2457; x_wconf 93' lang='lat' dir='ltr'><strong>in</strong></span> <span class='ocrx_word' id='word_1_307' title='bbox 2002 2402 2183 2472; x_wconf 69' lang='lat' dir='ltr'><strong>ipsum</strong></span> 
     </span>
    </p>
   </div>
   <div class='ocr_carea' id='block_1_40' title="bbox 614 2491 2184 2549">
    <p class='ocr_par' dir='ltr' id='par_1_40' title="bbox 614 2491 2184 2549">
     <span class='ocr_line' id='line_1_40' title="bbox 614 2491 2184 2549; baseline 0.003 -5"><span class='ocrx_word' id='word_1_308' title='bbox 614 2491 949 2547; x_wconf 89' lang='lat' dir='ltr'><strong>cumulatam</strong></span> <span class='ocrx_word' id='word_1_309' title='bbox 1006 2492 1407 2548; x_wconf 89' lang='lat' dir='ltr'><strong>multitudinem</strong></span> <span class='ocrx_word' id='word_1_310' title='bbox 1445 2494 1789 2548; x_wconf 89' lang='lat' dir='ltr'><strong>ostendebat.</strong></span> <span class='ocrx_word' id='word_1_311' title='bbox 1837 2494 1896 2548; x_wconf 91' lang='lat' dir='ltr'><strong>ln</strong></span> <span class='ocrx_word' id='word_1_312' title='bbox 1932 2509 2184 2549; x_wconf 87' lang='lat' dir='ltr'><strong>mensura</strong></span> 
     </span>
    </p>
   </div>
   <div class='ocr_carea' id='block_1_41' title="bbox 616 2581 2186 2652">
    <p class='ocr_par' dir='ltr' id='par_1_41' title="bbox 616 2581 2186 2652">
     <span class='ocr_line' id='line_1_41' title="bbox 616 2581 2186 2652; baseline 0.001 -17"><span class='ocrx_word' id='word_1_313' title='bbox 616 2596 780 2649; x_wconf 89' lang='lat' dir='ltr'><strong>porro</strong></span> <span class='ocrx_word' id='word_1_314' title='bbox 799 2581 995 2638; x_wconf 87' lang='lat' dir='ltr'><strong>mulier</strong></span> <span class='ocrx_word' id='word_1_315' title='bbox 1016 2582 1266 2646; x_wconf 88' lang='lat' dir='ltr'><strong>sedebat,</strong></span> <span class='ocrx_word' id='word_1_316' title='bbox 1302 2582 1604 2652; x_wconf 90' lang='lat' dir='ltr'><strong>iniquitatis</strong></span> <span class='ocrx_word' id='word_1_317' title='bbox 1662 2583 1878 2637; x_wconf 89' lang='lat' dir='ltr'><strong>modum</strong></span> <span class='ocrx_word' id='word_1_318' title='bbox 1930 2597 2186 2637; x_wconf 63' lang='lat' dir='ltr'><strong>consum-</strong></span> 
     </span>
    </p>
   </div>
   <div class='ocr_carea' id='block_1_42' title="bbox 616 2672 2185 2742">
    <p class='ocr_par' dir='ltr' id='par_1_42' title="bbox 616 2672 2185 2742">
     <span class='ocr_line' id='line_1_42' title="bbox 616 2672 2185 2742; baseline 0.001 -17"><span class='ocrx_word' id='word_1_319' title='bbox 616 2687 791 2737; x_wconf 84' lang='lat' dir='ltr'><strong>maus,</strong></span> <span class='ocrx_word' id='word_1_320' title='bbox 826 2681 880 2727; x_wconf 89' lang='lat' dir='ltr'><strong>et</strong></span> <span class='ocrx_word' id='word_1_321' title='bbox 904 2672 1052 2727; x_wconf 86' lang='lat' dir='ltr'><strong>velut</strong></span> <span class='ocrx_word' id='word_1_322' title='bbox 1080 2687 1174 2742; x_wconf 88' lang='lat' dir='ltr'><strong>per</strong></span> <span class='ocrx_word' id='word_1_323' title='bbox 1196 2688 1255 2728; x_wconf 87' lang='lat' dir='ltr'><strong>se</strong></span> <span class='ocrx_word' id='word_1_324' title='bbox 1284 2674 1645 2742; x_wconf 87' lang='lat' dir='ltr'><strong>capacitatem</strong></span> <span class='ocrx_word' id='word_1_325' title='bbox 1679 2673 1906 2738; x_wconf 87' lang='lat' dir='ltr'><strong>implens</strong></span> <span class='ocrx_word' id='word_1_326' title='bbox 1934 2690 1947 2726; x_wconf 88' lang='lat'><strong>:</strong></span> <span class='ocrx_word' id='word_1_327' title='bbox 1987 2673 2185 2727; x_wconf 66' lang='grc' dir='ltr'><strong>[οι-ωδε</strong></span> 
     </span>
    </p>
   </div>
   <div class='ocr_carea' id='block_1_43' title="bbox 616 2760 2181 2831">
    <p class='ocr_par' dir='ltr' id='par_1_43' title="bbox 616 2760 2181 2831">
     <span class='ocr_line' id='line_1_43' title="bbox 616 2760 2181 2831; baseline 0.002 -17"><span class='ocrx_word' id='word_1_328' title='bbox 616 2761 694 2817; x_wconf 83' lang='lat' dir='ltr'><strong>sis</strong></span> <span class='ocrx_word' id='word_1_329' title='bbox 725 2761 887 2815; x_wconf 79' lang='lat' dir='ltr'><strong>etiam</strong></span> <span class='ocrx_word' id='word_1_330' title='bbox 924 2760 1279 2830; x_wconf 74' lang='lat' dir='ltr'><strong>supereﬂusa,</strong></span> <span class='ocrx_word' id='word_1_331' title='bbox 1310 2771 1365 2817; x_wconf 91' lang='lat' dir='ltr'><strong>et</strong></span> <span class='ocrx_word' id='word_1_332' title='bbox 1398 2776 1505 2831; x_wconf 90' lang='lat' dir='ltr'><strong>qua</strong></span> <span class='ocrx_word' id='word_1_333' title='bbox 1525 2762 1797 2825; x_wconf 79' lang='lat' dir='ltr'><strong>exstabat,</strong></span> <span class='ocrx_word' id='word_1_334' title='bbox 1825 2763 2181 2831; x_wconf 87' lang='lat' dir='ltr'><strong>prospiciens.</strong></span> 
     </span>
    </p>
   </div>
   <div class='ocr_carea' id='block_1_44' title="bbox 619 2851 2182 2923">
    <p class='ocr_par' dir='ltr' id='par_1_44' title="bbox 619 2851 2182 2923">
     <span class='ocr_line' id='line_1_44' title="bbox 619 2851 2182 2923; baseline 0.004 -22"><span class='ocrx_word' id='word_1_335' title='bbox 619 2870 639 2901; x_wconf 74' lang='grc' dir='ltr'><strong>ι</strong></span> <span class='ocrx_word' id='word_1_336' title='bbox 682 2851 748 2906; x_wconf 80' lang='lat' dir='ltr'><strong>Et</strong></span> <span class='ocrx_word' id='word_1_337' title='bbox 774 2865 924 2917; x_wconf 85' lang='lat' dir='ltr'><strong>ecce,</strong></span> <span class='ocrx_word' id='word_1_338' title='bbox 952 2852 1144 2921; x_wconf 87' lang='lat' dir='ltr'><strong>inquit,</strong></span> <span class='ocrx_word' id='word_1_339' title='bbox 1169 2852 1431 2907; x_wconf 85' lang='lat' dir='ltr'><strong>talentum</strong></span> <span class='ocrx_word' id='word_1_340' title='bbox 1463 2852 1661 2922; x_wconf 86' lang='lat' dir='ltr'><strong>plumbi</strong></span> <span class='ocrx_word' id='word_1_341' title='bbox 1685 2852 1854 2923; x_wconf 77' lang='lat'><strong>698</strong></span> <span class='ocrx_word' id='word_1_342' title='bbox 1885 2854 2182 2920; x_wconf 90' lang='lat' dir='ltr'><strong>elevatum,</strong></span> 
     </span>
    </p>
   </div>
   <div class='ocr_carea' id='block_1_45' title="bbox 614 2943 2184 3014">
    <p class='ocr_par' dir='ltr' id='par_1_45' title="bbox 614 2943 2184 3014">
     <span class='ocr_line' id='line_1_45' title="bbox 614 2943 2184 3014; baseline 0.001 -15"><span class='ocrx_word' id='word_1_343' title='bbox 614 2956 671 2999; x_wconf 89' lang='lat' dir='ltr'><strong>et</strong></span> <span class='ocrx_word' id='word_1_344' title='bbox 700 2943 929 3014; x_wconf 76' lang='lat' dir='ltr'><strong>proiecit</strong></span> <span class='ocrx_word' id='word_1_345' title='bbox 985 2943 1117 2998; x_wconf 90' lang='lat' dir='ltr'><strong>illud</strong></span> <span class='ocrx_word' id='word_1_346' title='bbox 1159 2944 1212 2999; x_wconf 91' lang='lat' dir='ltr'><strong>in</strong></span> <span class='ocrx_word' id='word_1_347' title='bbox 1271 2958 1333 3000; x_wconf 90' lang='lat' dir='ltr'><strong>os</strong></span> <span class='ocrx_word' id='word_1_348' title='bbox 1359 2944 1501 3012; x_wconf 86' lang='lat' dir='ltr'><strong>ejus.</strong></span> <span class='ocrx_word' id='word_1_349' title='bbox 1538 2964 1557 2996; x_wconf 74' lang='grc' dir='ltr'><strong>ι</strong></span> <span class='ocrx_word' id='word_1_350' title='bbox 1588 2946 1848 3000; x_wconf 79' lang='lat' dir='ltr'><strong>Describit</strong></span> <span class='ocrx_word' id='word_1_351' title='bbox 1872 2957 2054 3001; x_wconf 90' lang='lat' dir='ltr'><strong>autem</strong></span> <span class='ocrx_word' id='word_1_352' title='bbox 2090 2962 2184 3000; x_wconf 58' lang='lat' dir='ltr'><strong>uo.</strong></span> 
     </span>
    </p>
   </div>
   <div class='ocr_carea' id='block_1_46' title="bbox 615 3035 2184 3108">
    <p class='ocr_par' dir='ltr' id='par_1_46' title="bbox 615 3035 2184 3108">
     <span class='ocr_line' id='line_1_46' title="bbox 615 3035 2184 3108; baseline 0.001 -18"><span class='ocrx_word' id='word_1_353' title='bbox 615 3036 699 3090; x_wconf 87' lang='lat' dir='ltr'><strong>bis</strong></span> <span class='ocrx_word' id='word_1_354' title='bbox 746 3035 1086 3105; x_wconf 78' lang='lat' dir='ltr'><strong>iniquitatem</strong></span> <span class='ocrx_word' id='word_1_355' title='bbox 1135 3035 1270 3091; x_wconf 81' lang='lat' dir='ltr'><strong>visio</strong></span> <span class='ocrx_word' id='word_1_356' title='bbox 1314 3037 1366 3091; x_wconf 88' lang='lat' dir='ltr'><strong>in</strong></span> <span class='ocrx_word' id='word_1_357' title='bbox 1402 3035 1585 3090; x_wconf 86' lang='lat' dir='ltr'><strong>habitu</strong></span> <span class='ocrx_word' id='word_1_358' title='bbox 1614 3036 1944 3091; x_wconf 72' lang='lat' dir='ltr'><strong>muliercula:</strong></span> <span class='ocrx_word' id='word_1_359' title='bbox 1977 3054 1991 3090; x_wconf 91' lang='lat'><strong>:</strong></span> <span class='ocrx_word' id='word_1_360' title='bbox 2028 3048 2184 3108; x_wconf 81' lang='lat' dir='ltr'><strong>typus</strong></span> 
     </span>
    </p>
   </div>
   <div class='ocr_carea' id='block_1_47' title="bbox 2289 1948 3867 2020">
    <p class='ocr_par' dir='ltr' id='par_1_47' title="bbox 2289 1948 3867 2020">
     <span class='ocr_line' id='line_1_47' title="bbox 2289 1948 3867 2020; baseline -0.002 -17"><span class='ocrx_word' id='word_1_361' title='bbox 2289 1949 2398 2016; x_wconf 85' lang='grc' dir='ltr'><strong>λές,</strong></span> <span class='ocrx_word' id='word_1_362' title='bbox 2429 1950 2525 2003; x_wconf 79' lang='grc' dir='ltr'><strong>καὶ</strong></span> <span class='ocrx_word' id='word_1_363' title='bbox 2555 1952 2634 2014; x_wconf 85' lang='grc' dir='ltr'><strong>είς</strong></span> <span class='ocrx_word' id='word_1_364' title='bbox 2665 1949 2837 2019; x_wconf 83' lang='grc' dir='ltr'><strong>πέρας</strong></span> <span class='ocrx_word' id='word_1_365' title='bbox 2860 1950 2984 2019; x_wconf 81' lang='grc' dir='ltr'><strong>ἦκοι</strong></span> <span class='ocrx_word' id='word_1_366' title='bbox 3014 1950 3204 2002; x_wconf 82' lang='grc' dir='ltr'><strong>λοιπὸν</strong></span> <span class='ocrx_word' id='word_1_367' title='bbox 3236 1950 3337 2020; x_wconf 82' lang='grc' dir='ltr'><strong>τῆς</strong></span> <span class='ocrx_word' id='word_1_368' title='bbox 3360 1949 3509 2019; x_wconf 81' lang='grc' dir='ltr'><strong>αύτῷ</strong></span> <span class='ocrx_word' id='word_1_369' title='bbox 3536 1948 3867 2019; x_wconf 80' lang='grc' dir='ltr'><strong>νεμηθείσης</strong></span> 
     </span>
    </p>
   </div>
   <div class='ocr_carea' id='block_1_48' title="bbox 2287 2038 3865 2108">
    <p class='ocr_par' dir='ltr' id='par_1_48' title="bbox 2287 2038 3865 2108">
     <span class='ocr_line' id='line_1_48' title="bbox 2287 2038 3865 2108; baseline -0.003 -14"><span class='ocrx_word' id='word_1_370' title='bbox 2287 2038 2657 2104; x_wconf 81' lang='grc' dir='ltr'><strong>ἀνεξικακίας,</strong></span> <span class='ocrx_word' id='word_1_371' title='bbox 2680 2040 2741 2091; x_wconf 87' lang='grc' dir='ltr'><strong>τὸ</strong></span> <span class='ocrx_word' id='word_1_372' title='bbox 2765 2038 3018 2108; x_wconf 79' lang='grc' dir='ltr'><strong>τηνικάδε</strong></span> <span class='ocrx_word' id='word_1_373' title='bbox 3044 2038 3230 2091; x_wconf 82' lang='grc' dir='ltr'><strong>λοιπὸν</strong></span> <span class='ocrx_word' id='word_1_374' title='bbox 3258 2042 3465 2101; x_wconf 76' lang='grc' dir='ltr'><strong>ποιναῖς</strong></span> <span class='ocrx_word' id='word_1_375' title='bbox 3493 2038 3865 2101; x_wconf 79' lang='grc' dir='ltr'><strong>ὑποκείσεται,</strong></span> 
     </span>
    </p>
   </div>
   <div class='ocr_carea' id='block_1_49' title="bbox 2287 2129 3866 2201">
    <p class='ocr_par' dir='ltr' id='par_1_49' title="bbox 2287 2129 3866 2201">
     <span class='ocr_line' id='line_1_49' title="bbox 2287 2129 3866 2201; baseline -0.004 -16"><span class='ocrx_word' id='word_1_376' title='bbox 2287 2132 2384 2185; x_wconf 71' lang='grc' dir='ltr'><strong>καὶ</strong></span> <span class='ocrx_word' id='word_1_377' title='bbox 2413 2131 2569 2199; x_wconf 85' lang='grc' dir='ltr'><strong>λόγος</strong></span> <span class='ocrx_word' id='word_1_378' title='bbox 2604 2130 2753 2201; x_wconf 85' lang='grc' dir='ltr'><strong>αὑτῷ</strong></span> <span class='ocrx_word' id='word_1_379' title='bbox 2799 2134 2897 2201; x_wconf 82' lang='grc' dir='ltr'><strong>τῆς</strong></span> <span class='ocrx_word' id='word_1_380' title='bbox 2938 2129 3082 2184; x_wconf 82' lang='grc' dir='ltr'><strong>οὑτω</strong></span> <span class='ocrx_word' id='word_1_381' title='bbox 3114 2132 3333 2201; x_wconf 72' lang='grc' dir='ltr'><strong>μακρᾶς</strong></span> <span class='ocrx_word' id='word_1_382' title='bbox 3374 2129 3645 2199; x_wconf 78' lang='grc' dir='ltr'><strong>ῥᾳθυμίας</strong></span> <span class='ocrx_word' id='word_1_383' title='bbox 3666 2129 3866 2192; x_wconf 76' lang='grc' dir='ltr'><strong>οὐδεὶς,</strong></span> 
     </span>
    </p>
   </div>
   <div class='ocr_carea' id='block_1_50' title="bbox 2285 2220 3868 2291">
    <p class='ocr_par' dir='ltr' id='par_1_50' title="bbox 2285 2220 3868 2291">
     <span class='ocr_line' id='line_1_50' title="bbox 2285 2220 3868 2291; baseline -0.001 -17"><span class='ocrx_word' id='word_1_384' title='bbox 2285 2222 2394 2276; x_wconf 78' lang='grc' dir='ltr'><strong>οὐδ’</strong></span> <span class='ocrx_word' id='word_1_385' title='bbox 2427 2220 2494 2275; x_wconf 82' lang='grc' dir='ltr'><strong>ἂν</strong></span> <span class='ocrx_word' id='word_1_386' title='bbox 2523 2220 2756 2287; x_wconf 76' lang='grc' dir='ltr'><strong>ἐξέλοιτο</strong></span> <span class='ocrx_word' id='word_1_387' title='bbox 2795 2221 2889 2274; x_wconf 92' lang='grc' dir='ltr'><strong>τοῦ</strong></span> <span class='ocrx_word' id='word_1_388' title='bbox 2932 2222 3130 2291; x_wconf 82' lang='grc' dir='ltr'><strong>χρῆναι</strong></span> <span class='ocrx_word' id='word_1_389' title='bbox 3165 2220 3350 2274; x_wconf 78' lang='grc' dir='ltr'><strong>λαϐεῖν</strong></span> <span class='ocrx_word' id='word_1_390' title='bbox 3400 2220 3721 2290; x_wconf 77' lang='grc' dir='ltr'><strong>ίσομέτρους</strong></span> <span class='ocrx_word' id='word_1_391' title='bbox 3769 2220 3868 2272; x_wconf 85' lang='grc' dir='ltr'><strong>αὑ-</strong></span> 
     </span>
    </p>
   </div>
   <div class='ocr_carea' id='block_1_51' title="bbox 2285 2307 3868 2383">
    <p class='ocr_par' dir='ltr' id='par_1_51' title="bbox 2285 2307 3868 2383">
     <span class='ocr_line' id='line_1_51' title="bbox 2285 2307 3868 2383; baseline -0.002 -17"><span class='ocrx_word' id='word_1_392' title='bbox 2285 2314 2414 2379; x_wconf 84' lang='grc' dir='ltr'><strong>τῶν,</strong></span> <span class='ocrx_word' id='word_1_393' title='bbox 2446 2307 2521 2367; x_wconf 84' lang='grc' dir='ltr'><strong>ὧν</strong></span> <span class='ocrx_word' id='word_1_394' title='bbox 2559 2312 2625 2367; x_wconf 82' lang='grc' dir='ltr'><strong>ἂν</strong></span> <span class='ocrx_word' id='word_1_395' title='bbox 2652 2312 2893 2383; x_wconf 86' lang='grc' dir='ltr'><strong>φαίνοιτο</strong></span> <span class='ocrx_word' id='word_1_396' title='bbox 2921 2310 3197 2383; x_wconf 85' lang='grc' dir='ltr'><strong>δεδρακὼς</strong></span> <span class='ocrx_word' id='word_1_397' title='bbox 3232 2311 3332 2371; x_wconf 79' lang='grc' dir='ltr'><strong>τὰς</strong></span> <span class='ocrx_word' id='word_1_398' title='bbox 3364 2310 3541 2375; x_wconf 80' lang='grc' dir='ltr'><strong>δίκας.</strong></span> <span class='ocrx_word' id='word_1_399' title='bbox 3593 2312 3703 2365; x_wconf 81' lang='grc' dir='ltr'><strong>Καὶ</strong></span> <span class='ocrx_word' id='word_1_400' title='bbox 3735 2310 3868 2379; x_wconf 87' lang='grc' dir='ltr'><strong>γοῦν</strong></span> 
     </span>
    </p>
   </div>
   <div class='ocr_carea' id='block_1_52' title="bbox 2285 2402 3867 2477">
    <p class='ocr_par' dir='ltr' id='par_1_52' title="bbox 2285 2402 3867 2477">
     <span class='ocr_line' id='line_1_52' title="bbox 2285 2402 3867 2477; baseline -0.003 -17"><span class='ocrx_word' id='word_1_401' title='bbox 2285 2405 2389 2477; x_wconf 76' lang='grc' dir='ltr'><strong>ἔφη</strong></span> <span class='ocrx_word' id='word_1_402' title='bbox 2420 2423 2520 2459; x_wconf 86' lang='grc' dir='ltr'><strong>που</strong></span> <span class='ocrx_word' id='word_1_403' title='bbox 2570 2404 2805 2476; x_wconf 83' lang='grc' dir='ltr'><strong>Χριστὸς</strong></span> <span class='ocrx_word' id='word_1_404' title='bbox 2848 2405 2985 2475; x_wconf 80' lang='grc' dir='ltr'><strong>πρὸς</strong></span> <span class='ocrx_word' id='word_1_405' title='bbox 3035 2403 3163 2467; x_wconf 85' lang='grc' dir='ltr'><strong>τοὺς</strong></span> <span class='ocrx_word' id='word_1_406' title='bbox 3192 2403 3303 2456; x_wconf 84' lang='grc' dir='ltr'><strong>τῶν</strong></span> <span class='ocrx_word' id='word_1_407' title='bbox 3349 2402 3617 2457; x_wconf 82' lang='grc' dir='ltr'><strong>Ἰουδαίων</strong></span> <span class='ocrx_word' id='word_1_408' title='bbox 3661 2403 3867 2473; x_wconf 78' lang='grc' dir='ltr'><strong>δήμους</strong></span> 
     </span>
    </p>
   </div>
   <div class='ocr_carea' id='block_1_53' title="bbox 2284 2493 3865 2566">
    <p class='ocr_par' dir='ltr' id='par_1_53' title="bbox 2284 2493 3865 2566">
     <span class='ocr_line' id='line_1_53' title="bbox 2284 2493 3865 2566; baseline -0.001 -17"><span class='ocrx_word' id='word_1_409' title='bbox 2284 2496 2559 2566; x_wconf 87' lang='grc' dir='ltr'><strong>ἀχαλίνοις</strong></span> <span class='ocrx_word' id='word_1_410' title='bbox 2585 2496 2865 2557; x_wconf 89' lang='grc' dir='ltr'><strong>ἀπονοίαις</strong></span> <span class='ocrx_word' id='word_1_411' title='bbox 2894 2495 3029 2566; x_wconf 80' lang='grc' dir='ltr'><strong>πρὸς</strong></span> <span class='ocrx_word' id='word_1_412' title='bbox 3067 2496 3175 2548; x_wconf 82' lang='grc' dir='ltr'><strong>πᾶν</strong></span> <span class='ocrx_word' id='word_1_413' title='bbox 3198 2493 3309 2547; x_wconf 86' lang='grc' dir='ltr'><strong>τῶν</strong></span> <span class='ocrx_word' id='word_1_414' title='bbox 3343 2493 3592 2547; x_wconf 78' lang='grc' dir='ltr'><strong>ἐκτόπων</strong></span> <span class='ocrx_word' id='word_1_415' title='bbox 3621 2494 3865 2547; x_wconf 85' lang='grc' dir='ltr'><strong>διάττον-</strong></span> 
     </span>
    </p>
   </div>
   <div class='ocr_carea' id='block_1_54' title="bbox 2284 2584 3865 2657">
    <p class='ocr_par' dir='ltr' id='par_1_54' title="bbox 2284 2584 3865 2657">
     <span class='ocr_line' id='line_1_54' title="bbox 2284 2584 3865 2657; baseline -0.002 -17"><span class='ocrx_word' id='word_1_416' title='bbox 2284 2605 2383 2650; x_wconf 92' lang='grc' dir='ltr'><strong>τας</strong></span> <span class='ocrx_word' id='word_1_417' title='bbox 2402 2605 2416 2620; x_wconf 89' lang='grc'><strong>·</strong></span> <span class='ocrx_word' id='word_1_418' title='bbox 2455 2608 2473 2640; x_wconf 81' lang='grc' dir='ltr'><strong>ι</strong></span> <span class='ocrx_word' id='word_1_419' title='bbox 2512 2587 2625 2642; x_wconf 73' lang='grc' dir='ltr'><strong>Καὶ</strong></span> <span class='ocrx_word' id='word_1_420' title='bbox 2660 2589 2815 2657; x_wconf 84' lang='grc' dir='ltr'><strong>ὑμεῖς</strong></span> <span class='ocrx_word' id='word_1_421' title='bbox 2845 2584 3271 2657; x_wconf 85' lang='grc' dir='ltr'><strong>ἀνεπληρώσατε</strong></span> <span class='ocrx_word' id='word_1_422' title='bbox 3299 2584 3361 2638; x_wconf 86' lang='grc' dir='ltr'><strong>τδ</strong></span> <span class='ocrx_word' id='word_1_423' title='bbox 3399 2584 3595 2656; x_wconf 85' lang='grc' dir='ltr'><strong>μέτρον</strong></span> <span class='ocrx_word' id='word_1_424' title='bbox 3621 2584 3730 2637; x_wconf 84' lang='grc' dir='ltr'><strong>τῶν</strong></span> <span class='ocrx_word' id='word_1_425' title='bbox 3758 2602 3865 2637; x_wconf 88' lang='grc' dir='ltr'><strong>πα-</strong></span> 
     </span>
    </p>
   </div>
   <div class='ocr_carea' id='block_1_55' title="bbox 2283 2670 3867 2747">
    <p class='ocr_par' dir='ltr' id='par_1_55' title="bbox 2283 2670 3867 2747">
     <span class='ocr_line' id='line_1_55' title="bbox 2283 2670 3867 2747; baseline -0.001 -18"><span class='ocrx_word' id='word_1_426' title='bbox 2283 2676 2457 2747; x_wconf 83' lang='grc' dir='ltr'><strong>τέρων</strong></span> <span class='ocrx_word' id='word_1_427' title='bbox 2485 2675 2660 2745; x_wconf 83' lang='grc' dir='ltr'><strong>ὑμῶν.</strong></span> <span class='ocrx_word' id='word_1_428' title='bbox 2700 2694 2718 2726; x_wconf 73' lang='grc' dir='ltr'><strong>ι</strong></span> <span class='ocrx_word' id='word_1_429' title='bbox 2752 2673 2961 2729; x_wconf 84' lang='grc' dir='ltr'><strong>Οὐκοῦν</strong></span> <span class='ocrx_word' id='word_1_430' title='bbox 3009 2674 3208 2745; x_wconf 83' lang='grc' dir='ltr'><strong>μέτρον</strong></span> <span class='ocrx_word' id='word_1_431' title='bbox 3239 2670 3308 2744; x_wconf 79' lang='grc' dir='ltr'><strong>ἧν</strong></span> <span class='ocrx_word' id='word_1_432' title='bbox 3340 2673 3403 2726; x_wconf 83' lang='grc' dir='ltr'><strong>τὸ</strong></span> <span class='ocrx_word' id='word_1_433' title='bbox 3436 2672 3735 2744; x_wconf 84' lang='grc' dir='ltr'><strong>ὁρώμενον,</strong></span> <span class='ocrx_word' id='word_1_434' title='bbox 3768 2675 3867 2744; x_wconf 82' lang='grc' dir='ltr'><strong>τῆς</strong></span> 
     </span>
    </p>
   </div>
   <div class='ocr_carea' id='block_1_56' title="bbox 2283 2764 3866 2836">
    <p class='ocr_par' dir='ltr' id='par_1_56' title="bbox 2283 2764 3866 2836">
     <span class='ocr_line' id='line_1_56' title="bbox 2283 2764 3866 2836; baseline -0.001 -17"><span class='ocrx_word' id='word_1_435' title='bbox 2283 2766 2393 2819; x_wconf 85' lang='grc' dir='ltr'><strong>τῶν</strong></span> <span class='ocrx_word' id='word_1_436' title='bbox 2422 2764 2565 2819; x_wconf 84' lang='grc' dir='ltr'><strong>λαῶν</strong></span> <span class='ocrx_word' id='word_1_437' title='bbox 2594 2765 2971 2836; x_wconf 76' lang='grc' dir='ltr'><strong>πλημμελείας</strong></span> <span class='ocrx_word' id='word_1_438' title='bbox 3000 2765 3085 2833; x_wconf 81' lang='grc' dir='ltr'><strong>ἐφ’</strong></span> <span class='ocrx_word' id='word_1_439' title='bbox 3118 2764 3296 2835; x_wconf 81' lang='grc' dir='ltr'><strong>ἑαυτῷ</strong></span> <span class='ocrx_word' id='word_1_440' title='bbox 3322 2764 3565 2818; x_wconf 85' lang='grc' dir='ltr'><strong>δεικνύον</strong></span> <span class='ocrx_word' id='word_1_441' title='bbox 3597 2765 3707 2836; x_wconf 79' lang='grc' dir='ltr'><strong>τὴν</strong></span> <span class='ocrx_word' id='word_1_442' title='bbox 3732 2767 3866 2819; x_wconf 82' lang='grc' dir='ltr'><strong>ἀνα-</strong></span> 
     </span>
    </p>
   </div>
   <div class='ocr_carea' id='block_1_57' title="bbox 2285 2854 3866 2928">
    <p class='ocr_par' dir='ltr' id='par_1_57' title="bbox 2285 2854 3866 2928">
     <span class='ocr_line' id='line_1_57' title="bbox 2285 2854 3866 2928; baseline 0 -19"><span class='ocrx_word' id='word_1_443' title='bbox 2285 2857 2586 2928; x_wconf 84' lang='grc' dir='ltr'><strong>πλήρωσιν.</strong></span> <span class='ocrx_word' id='word_1_444' title='bbox 2640 2857 2917 2926; x_wconf 88' lang='grc' dir='ltr'><strong>Ἐνίδρυτο</strong></span> <span class='ocrx_word' id='word_1_445' title='bbox 2959 2855 3017 2908; x_wconf 83' lang='grc' dir='ltr'><strong>δέ</strong></span> <span class='ocrx_word' id='word_1_446' title='bbox 3051 2854 3131 2925; x_wconf 81' lang='grc' dir='ltr'><strong>τῷ</strong></span> <span class='ocrx_word' id='word_1_447' title='bbox 3184 2855 3366 2926; x_wconf 84' lang='grc' dir='ltr'><strong>μέτρῳ</strong></span> <span class='ocrx_word' id='word_1_448' title='bbox 3410 2856 3569 2926; x_wconf 81' lang='grc' dir='ltr'><strong>γυνὴ,</strong></span> <span class='ocrx_word' id='word_1_449' title='bbox 3603 2859 3705 2926; x_wconf 79' lang='grc' dir='ltr'><strong>τῆς</strong></span> <span class='ocrx_word' id='word_1_450' title='bbox 3743 2859 3866 2909; x_wconf 81' lang='grc' dir='ltr'><strong>ἀνο-</strong></span> 
     </span>
    </p>
   </div>
   <div class='ocr_carea' id='block_1_58' title="bbox 2287 2940 3864 3019">
    <p class='ocr_par' dir='ltr' id='par_1_58' title="bbox 2287 2940 3864 3019">
     <span class='ocr_line' id='line_1_58' title="bbox 2287 2940 3864 3019; baseline -0.003 -20"><span class='ocrx_word' id='word_1_451' title='bbox 2287 2948 2416 3019; x_wconf 88' lang='grc' dir='ltr'><strong>μίας</strong></span> <span class='ocrx_word' id='word_1_452' title='bbox 2444 2946 2724 3019; x_wconf 82' lang='grc' dir='ltr'><strong>πληροῦσα</strong></span> <span class='ocrx_word' id='word_1_453' title='bbox 2746 2947 2837 3000; x_wconf 88' lang='grc' dir='ltr'><strong>τὸν</strong></span> <span class='ocrx_word' id='word_1_454' title='bbox 2867 2947 3052 3010; x_wconf 88' lang='grc' dir='ltr'><strong>τόπον,</strong></span> <span class='ocrx_word' id='word_1_455' title='bbox 3087 2946 3185 2998; x_wconf 76' lang='grc' dir='ltr'><strong>καὶ</strong></span> <span class='ocrx_word' id='word_1_456' title='bbox 3221 2940 3333 2999; x_wconf 75' lang='grc' dir='ltr'><strong>οἷον</strong></span> <span class='ocrx_word' id='word_1_457' title='bbox 3371 2945 3771 3015; x_wconf 78' lang='grc' dir='ltr'><strong>ἀναπιμπλᾶσα</strong></span> <span class='ocrx_word' id='word_1_458' title='bbox 3794 2946 3864 2996; x_wconf 83' lang='grc' dir='ltr'><strong>δι’</strong></span> 
     </span>
    </p>
   </div>
   <div class='ocr_carea' id='block_1_59' title="bbox 2285 3035 3869 3108">
    <p class='ocr_par' dir='ltr' id='par_1_59' title="bbox 2285 3035 3869 3108">
     <span class='ocr_line' id='line_1_59' title="bbox 2285 3035 3869 3108; baseline -0.001 -18"><span class='ocrx_word' id='word_1_459' title='bbox 2285 3038 2485 3108; x_wconf 76' lang='grc' dir='ltr'><strong>ἑαυτῆς</strong></span> <span class='ocrx_word' id='word_1_460' title='bbox 2515 3038 2578 3091; x_wconf 84' lang='grc' dir='ltr'><strong>τὸ</strong></span> <span class='ocrx_word' id='word_1_461' title='bbox 2628 3036 2969 3108; x_wconf 81' lang='grc' dir='ltr'><strong>κεχωρηκδς,</strong></span> <span class='ocrx_word' id='word_1_462' title='bbox 2994 3037 3137 3106; x_wconf 85' lang='grc' dir='ltr'><strong>τάχα</strong></span> <span class='ocrx_word' id='word_1_463' title='bbox 3168 3053 3272 3090; x_wconf 88' lang='grc' dir='ltr'><strong>που</strong></span> <span class='ocrx_word' id='word_1_464' title='bbox 3324 3035 3419 3089; x_wconf 80' lang='grc' dir='ltr'><strong>καὶ</strong></span> <span class='ocrx_word' id='word_1_465' title='bbox 3459 3036 3869 3106; x_wconf 83' lang='grc' dir='ltr'><strong>ὑπερχεομένη,</strong></span> 
     </span>
    </p>
   </div>
   <div class='ocr_carea' id='block_1_60' title="bbox 612 3125 2187 3223">
    <p class='ocr_par' dir='ltr' id='par_1_60' title="bbox 612 3125 2182 3199">
     <span class='ocr_line' id='line_1_60' title="bbox 612 3125 2182 3199; baseline 0.001 -18"><span class='ocrx_word' id='word_1_466' title='bbox 612 3127 759 3181; x_wconf 86' lang='lat' dir='ltr'><strong>enim</strong></span> <span class='ocrx_word' id='word_1_467' title='bbox 780 3125 1069 3196; x_wconf 86' lang='lat' dir='ltr'><strong>voluptatis</strong></span> <span class='ocrx_word' id='word_1_468' title='bbox 1095 3137 1255 3199; x_wconf 89' lang='lat' dir='ltr'><strong>atque</strong></span> <span class='ocrx_word' id='word_1_469' title='bbox 1295 3128 1459 3181; x_wconf 90' lang='lat' dir='ltr'><strong>etiam</strong></span> <span class='ocrx_word' id='word_1_470' title='bbox 1489 3127 1820 3181; x_wconf 82' lang='lat' dir='ltr'><strong>inﬁrmitatis</strong></span> <span class='ocrx_word' id='word_1_471' title='bbox 1842 3136 1928 3183; x_wconf 88' lang='lat' dir='ltr'><strong>est</strong></span> <span class='ocrx_word' id='word_1_472' title='bbox 1954 3128 2182 3183; x_wconf 88' lang='lat' dir='ltr'><strong>mulier:</strong></span> 
     </span>
    </p>
   </div>
   <div class='ocr_carea' id='block_1_61' title="bbox 2289 3125 3866 3223">
    <p class='ocr_par' dir='ltr' id='par_1_61' title="bbox 2290 3125 3866 3199">
     <span class='ocr_line' id='line_1_61' title="bbox 2290 3125 3866 3199; baseline -0.003 -17"><span class='ocrx_word' id='word_1_473' title='bbox 2290 3130 2385 3183; x_wconf 76' lang='grc' dir='ltr'><strong>καὶ</strong></span> <span class='ocrx_word' id='word_1_474' title='bbox 2423 3128 2499 3199; x_wconf 83' lang='grc' dir='ltr'><strong>τῷ</strong></span> <span class='ocrx_word' id='word_1_475' title='bbox 2539 3127 2778 3199; x_wconf 81' lang='grc' dir='ltr'><strong>περιττῷ</strong></span> <span class='ocrx_word' id='word_1_476' title='bbox 2818 3127 3209 3182; x_wconf 85' lang='grc' dir='ltr'><strong>διακύπτουσα.</strong></span> <span class='ocrx_word' id='word_1_477' title='bbox 3259 3146 3276 3179; x_wconf 84' lang='grc' dir='ltr'><strong>ι</strong></span> <span class='ocrx_word' id='word_1_478' title='bbox 3336 3125 3475 3179; x_wconf 84' lang='grc' dir='ltr'><strong>Ἀλλ’</strong></span> <span class='ocrx_word' id='word_1_479' title='bbox 3524 3126 3658 3190; x_wconf 83' lang='grc' dir='ltr'><strong>ίδοὺ,</strong></span> <span class='ocrx_word' id='word_1_480' title='bbox 3706 3128 3866 3196; x_wconf 70' lang='grc' dir='ltr'><strong>φησὶ,</strong></span> 
     </span>
    </p>
   </div>
   <div class='ocr_carea' id='block_1_62' title="bbox 613 3217 2185 3289">
    <p class='ocr_par' dir='ltr' id='par_1_62' title="bbox 613 3217 2185 3289">
     <span class='ocr_line' id='line_1_62' title="bbox 613 3217 2185 3289; baseline 0.001 -17"><span class='ocrx_word' id='word_1_481' title='bbox 613 3228 670 3272; x_wconf 87' lang='lat' dir='ltr'><strong>et</strong></span> <span class='ocrx_word' id='word_1_482' title='bbox 688 3218 867 3273; x_wconf 89' lang='lat' dir='ltr'><strong>omnis</strong></span> <span class='ocrx_word' id='word_1_483' title='bbox 891 3217 1148 3289; x_wconf 86' lang='lat' dir='ltr'><strong>iniquitas</strong></span> <span class='ocrx_word' id='word_1_484' title='bbox 1192 3218 1479 3273; x_wconf 86' lang='lat' dir='ltr'><strong>nonaliter</strong></span> <span class='ocrx_word' id='word_1_485' title='bbox 1533 3219 1913 3282; x_wconf 88' lang='lat' dir='ltr'><strong>committitur,</strong></span> <span class='ocrx_word' id='word_1_486' title='bbox 1948 3219 2051 3273; x_wconf 88' lang='lat' dir='ltr'><strong>nisi</strong></span> <span class='ocrx_word' id='word_1_487' title='bbox 2086 3234 2185 3274; x_wconf 83' lang='lat' dir='ltr'><strong>vo-</strong></span> 
     </span>
    </p>
   </div>
   <div class='ocr_carea' id='block_1_63' title="bbox 615 3306 2188 3377">
    <p class='ocr_par' dir='ltr' id='par_1_63' title="bbox 615 3306 2188 3377">
     <span class='ocr_line' id='line_1_63' title="bbox 615 3306 2188 3377; baseline -0.001 -16"><span class='ocrx_word' id='word_1_488' title='bbox 615 3308 816 3377; x_wconf 88' lang='lat' dir='ltr'><strong>luptate</strong></span> <span class='ocrx_word' id='word_1_489' title='bbox 844 3306 1025 3376; x_wconf 92' lang='lat' dir='ltr'><strong>aliqua</strong></span> <span class='ocrx_word' id='word_1_490' title='bbox 1062 3307 1128 3361; x_wconf 90' lang='lat' dir='ltr'><strong>ad</strong></span> <span class='ocrx_word' id='word_1_491' title='bbox 1155 3307 1355 3362; x_wconf 84' lang='lat' dir='ltr'><strong>malum</strong></span> <span class='ocrx_word' id='word_1_492' title='bbox 1413 3309 1713 3372; x_wconf 90' lang='lat' dir='ltr'><strong>inescante,</strong></span> <span class='ocrx_word' id='word_1_493' title='bbox 1772 3315 1828 3362; x_wconf 92' lang='lat' dir='ltr'><strong>et</strong></span> <span class='ocrx_word' id='word_1_494' title='bbox 1870 3306 2188 3363; x_wconf 79' lang='lat' dir='ltr'><strong>inﬁrmitate</strong></span> 
     </span>
    </p>
   </div>
   <div class='ocr_carea' id='block_1_64' title="bbox 614 3397 2188 3456">
    <p class='ocr_par' dir='ltr' id='par_1_64' title="bbox 614 3397 2188 3456">
     <span class='ocr_line' id='line_1_64' title="bbox 614 3397 2188 3456; baseline -0.001 -2"><span class='ocrx_word' id='word_1_495' title='bbox 614 3401 814 3456; x_wconf 90' lang='lat' dir='ltr'><strong>mentis</strong></span> <span class='ocrx_word' id='word_1_496' title='bbox 864 3400 928 3455; x_wconf 87' lang='lat' dir='ltr'><strong>ad</strong></span> <span class='ocrx_word' id='word_1_497' title='bbox 982 3400 1084 3455; x_wconf 92' lang='lat' dir='ltr'><strong>hoc</strong></span> <span class='ocrx_word' id='word_1_498' title='bbox 1138 3399 1533 3455; x_wconf 84' lang='lat' dir='ltr'><strong>consentiente.</strong></span> <span class='ocrx_word' id='word_1_499' title='bbox 1596 3398 1731 3453; x_wconf 86' lang='lat' dir='ltr'><strong>Nam</strong></span> <span class='ocrx_word' id='word_1_500' title='bbox 1757 3397 1802 3453; x_wconf 88' lang='lat' dir='ltr'><strong>si</strong></span> <span class='ocrx_word' id='word_1_501' title='bbox 1871 3413 2024 3454; x_wconf 89' lang='lat' dir='ltr'><strong>mens</strong></span> <span class='ocrx_word' id='word_1_502' title='bbox 2045 3398 2097 3452; x_wconf 96' lang='lat' dir='ltr'><strong>in</strong></span> <span class='ocrx_word' id='word_1_503' title='bbox 2130 3413 2188 3452; x_wconf 89' lang='lat' dir='ltr'><strong>se</strong></span> 
     </span>
    </p>
   </div>
   <div class='ocr_carea' id='block_1_65' title="bbox 618 3488 2189 3559">
    <p class='ocr_par' dir='ltr' id='par_1_65' title="bbox 618 3488 2189 3559">
     <span class='ocr_line' id='line_1_65' title="bbox 618 3488 2189 3559; baseline -0.002 -14"><span class='ocrx_word' id='word_1_504' title='bbox 618 3493 770 3546; x_wconf 75' lang='lat' dir='ltr'><strong>firma</strong></span> <span class='ocrx_word' id='word_1_505' title='bbox 811 3502 869 3547; x_wconf 91' lang='lat' dir='ltr'><strong>et</strong></span> <span class='ocrx_word' id='word_1_506' title='bbox 899 3491 1072 3546; x_wconf 86' lang='lat' dir='ltr'><strong>virilis</strong></span> <span class='ocrx_word' id='word_1_507' title='bbox 1122 3491 1305 3555; x_wconf 78' lang='lat' dir='ltr'><strong>fuerit,</strong></span> <span class='ocrx_word' id='word_1_508' title='bbox 1350 3505 1623 3559; x_wconf 91' lang='lat' dir='ltr'><strong>nunquam</strong></span> <span class='ocrx_word' id='word_1_509' title='bbox 1675 3503 1734 3545; x_wconf 89' lang='lat' dir='ltr'><strong>se</strong></span> <span class='ocrx_word' id='word_1_510' title='bbox 1768 3488 1834 3544; x_wconf 91' lang='lat' dir='ltr'><strong>ad</strong></span> <span class='ocrx_word' id='word_1_511' title='bbox 1872 3489 2064 3544; x_wconf 88' lang='lat' dir='ltr'><strong>vitium</strong></span> <span class='ocrx_word' id='word_1_512' title='bbox 2093 3489 2189 3543; x_wconf 85' lang='lat' dir='ltr'><strong>de-</strong></span> 
     </span>
    </p>
   </div>
   <div class='ocr_carea' id='block_1_66' title="bbox 613 3580 2186 3651">
    <p class='ocr_par' dir='ltr' id='par_1_66' title="bbox 613 3580 2186 3651">
     <span class='ocr_line' id='line_1_66' title="bbox 613 3580 2186 3651; baseline -0.004 -12"><span class='ocrx_word' id='word_1_513' title='bbox 613 3583 758 3639; x_wconf 72' lang='lat' dir='ltr'><strong>flecti</strong></span> <span class='ocrx_word' id='word_1_514' title='bbox 804 3583 1060 3651; x_wconf 89' lang='lat' dir='ltr'><strong>patietur.</strong></span> <span class='ocrx_word' id='word_1_515' title='bbox 1099 3582 1157 3636; x_wconf 87' lang='lat' dir='ltr'><strong>Si</strong></span> <span class='ocrx_word' id='word_1_516' title='bbox 1210 3590 1391 3637; x_wconf 87' lang='lat' dir='ltr'><strong>autem</strong></span> <span class='ocrx_word' id='word_1_517' title='bbox 1441 3580 1682 3636; x_wconf 89' lang='lat' dir='ltr'><strong>emollita</strong></span> <span class='ocrx_word' id='word_1_518' title='bbox 1719 3590 1774 3635; x_wconf 90' lang='lat' dir='ltr'><strong>et</strong></span> <span class='ocrx_word' id='word_1_519' title='bbox 1803 3581 2079 3635; x_wconf 88' lang='lat' dir='ltr'><strong>incantata</strong></span> <span class='ocrx_word' id='word_1_520' title='bbox 2117 3580 2186 3633; x_wconf 87' lang='lat' dir='ltr'><strong>ad</strong></span> 
     </span>
    </p>
   </div>
   <div class='ocr_carea' id='block_1_67' title="bbox 616 3670 2190 3747">
    <p class='ocr_par' dir='ltr' id='par_1_67' title="bbox 616 3670 2190 3747">
     <span class='ocr_line' id='line_1_67' title="bbox 616 3670 2190 3747; baseline -0.003 -20"><span class='ocrx_word' id='word_1_521' title='bbox 616 3674 973 3743; x_wconf 75' lang='lat' dir='ltr'><strong>voluptatem,</strong></span> <span class='ocrx_word' id='word_1_522' title='bbox 1019 3673 1322 3729; x_wconf 87' lang='lat' dir='ltr'><strong>molestiam</strong></span> <span class='ocrx_word' id='word_1_523' title='bbox 1381 3673 1601 3727; x_wconf 85' lang='lat' dir='ltr'><strong>sentiet.</strong></span> <span class='ocrx_word' id='word_1_524' title='bbox 1654 3670 1905 3747; x_wconf 84' lang='lat' dir='ltr'><strong>Pingitur</strong></span> <span class='ocrx_word' id='word_1_525' title='bbox 1950 3684 2103 3738; x_wconf 86' lang='lat' dir='ltr'><strong>ergo,</strong></span> <span class='ocrx_word' id='word_1_526' title='bbox 2134 3678 2190 3725; x_wconf 90' lang='lat' dir='ltr'><strong>et</strong></span> 
     </span>
    </p>
   </div>
   <div class='ocr_carea' id='block_1_68' title="bbox 616 3761 2186 3836">
    <p class='ocr_par' dir='ltr' id='par_1_68' title="bbox 616 3761 2186 3836">
     <span class='ocr_line' id='line_1_68' title="bbox 616 3761 2186 3836; baseline -0.005 -15"><span class='ocrx_word' id='word_1_527' title='bbox 616 3774 980 3836; x_wconf 82' lang='lat' dir='ltr'><strong>congruenter</strong></span> <span class='ocrx_word' id='word_1_528' title='bbox 1008 3763 1184 3832; x_wconf 85' lang='lat' dir='ltr'><strong>valde,</strong></span> <span class='ocrx_word' id='word_1_529' title='bbox 1214 3763 1391 3833; x_wconf 87' lang='lat' dir='ltr'><strong>specie</strong></span> <span class='ocrx_word' id='word_1_530' title='bbox 1413 3763 1658 3818; x_wconf 90' lang='lat' dir='ltr'><strong>mulieris</strong></span> <span class='ocrx_word' id='word_1_531' title='bbox 1684 3762 1965 3831; x_wconf 91' lang='lat' dir='ltr'><strong>iniquitas.</strong></span> <span class='ocrx_word' id='word_1_532' title='bbox 1999 3761 2186 3815; x_wconf 89' lang='lat' dir='ltr'><strong>Plum-</strong></span> 
     </span>
    </p>
   </div>
   <div class='ocr_carea' id='block_1_69' title="bbox 616 3855 2185 3931">
    <p class='ocr_par' dir='ltr' id='par_1_69' title="bbox 616 3855 2185 3931">
     <span class='ocr_line' id='line_1_69' title="bbox 616 3855 2185 3931; baseline -0.005 -17"><span class='ocrx_word' id='word_1_533' title='bbox 616 3858 669 3914; x_wconf 84' lang='lat' dir='ltr'><strong>bi</strong></span> <span class='ocrx_word' id='word_1_534' title='bbox 702 3868 881 3914; x_wconf 90' lang='lat' dir='ltr'><strong>autem</strong></span> <span class='ocrx_word' id='word_1_535' title='bbox 937 3858 1198 3913; x_wconf 90' lang='lat' dir='ltr'><strong>talentum</strong></span> <span class='ocrx_word' id='word_1_536' title='bbox 1244 3857 1511 3931; x_wconf 78' lang='lat' dir='ltr'><strong>elevatqu</strong></span> <span class='ocrx_word' id='word_1_537' title='bbox 1569 3867 1621 3910; x_wconf 91' lang='lat' dir='ltr'><strong>et</strong></span> <span class='ocrx_word' id='word_1_538' title='bbox 1653 3855 1911 3910; x_wconf 91' lang='lat' dir='ltr'><strong>obturans</strong></span> <span class='ocrx_word' id='word_1_539' title='bbox 1947 3870 2010 3909; x_wconf 93' lang='lat' dir='ltr'><strong>os</strong></span> <span class='ocrx_word' id='word_1_540' title='bbox 2049 3855 2185 3923; x_wconf 86' lang='lat' dir='ltr'><strong>ejus,</strong></span> 
     </span>
    </p>
   </div>
   <div class='ocr_carea' id='block_1_70' title="bbox 617 3944 2189 4016">
    <p class='ocr_par' dir='ltr' id='par_1_70' title="bbox 617 3944 2189 4016">
     <span class='ocr_line' id='line_1_70' title="bbox 617 3944 2189 4016; baseline -0.002 -14"><span class='ocrx_word' id='word_1_541' title='bbox 617 3948 752 4002; x_wconf 85' lang='lat' dir='ltr'><strong>nihil</strong></span> <span class='ocrx_word' id='word_1_542' title='bbox 782 3947 951 4013; x_wconf 88' lang='lat' dir='ltr'><strong>aliud,</strong></span> <span class='ocrx_word' id='word_1_543' title='bbox 1000 3947 1215 4016; x_wconf 90' lang='lat' dir='ltr'><strong>opinor,</strong></span> <span class='ocrx_word' id='word_1_544' title='bbox 1267 3954 1449 4016; x_wconf 88' lang='lat' dir='ltr'><strong>potest</strong></span> <span class='ocrx_word' id='word_1_545' title='bbox 1472 3946 1720 4016; x_wconf 78' lang='lat' dir='ltr'><strong>intelligi,</strong></span> <span class='ocrx_word' id='word_1_546' title='bbox 1776 3955 1972 4014; x_wconf 82' lang='lat' dir='ltr'><strong>praeter</strong></span> <span class='ocrx_word' id='word_1_547' title='bbox 2006 3944 2189 4000; x_wconf 93' lang='lat' dir='ltr'><strong>Domi-</strong></span> 
     </span>
    </p>
   </div>
   <div class='ocr_carea' id='block_1_71' title="bbox 618 4034 2188 4104">
    <p class='ocr_par' dir='ltr' id='par_1_71' title="bbox 618 4034 2188 4104">
     <span class='ocr_line' id='line_1_71' title="bbox 618 4034 2188 4104; baseline -0.004 -11"><span class='ocrx_word' id='word_1_548' title='bbox 618 4055 744 4094; x_wconf 90' lang='lat' dir='ltr'><strong>num</strong></span> <span class='ocrx_word' id='word_1_549' title='bbox 774 4047 1018 4094; x_wconf 86' lang='lat' dir='ltr'><strong>nostrum</strong></span> <span class='ocrx_word' id='word_1_550' title='bbox 1041 4036 1223 4092; x_wconf 77' lang='lat' dir='ltr'><strong>Jesum</strong></span> <span class='ocrx_word' id='word_1_551' title='bbox 1251 4034 1548 4100; x_wconf 86' lang='lat' dir='ltr'><strong>Christum,</strong></span> <span class='ocrx_word' id='word_1_552' title='bbox 1574 4035 1666 4104; x_wconf 91' lang='lat' dir='ltr'><strong>qui</strong></span> <span class='ocrx_word' id='word_1_553' title='bbox 1698 4049 1795 4104; x_wconf 90' lang='lat' dir='ltr'><strong>per</strong></span> <span class='ocrx_word' id='word_1_554' title='bbox 1829 4048 2046 4089; x_wconf 90' lang='lat' dir='ltr'><strong>crucem</strong></span> <span class='ocrx_word' id='word_1_555' title='bbox 2064 4047 2188 4101; x_wconf 87' lang='lat' dir='ltr'><strong>pre-</strong></span> 
     </span>
    </p>
   </div>
   <div class='ocr_carea' id='block_1_72' title="bbox 621 4123 2186 4194">
    <p class='ocr_par' dir='ltr' id='par_1_72' title="bbox 621 4123 2186 4194">
     <span class='ocr_line' id='line_1_72' title="bbox 621 4123 2186 4194; baseline -0.003 -11"><span class='ocrx_word' id='word_1_556' title='bbox 621 4130 822 4185; x_wconf 89' lang='lat' dir='ltr'><strong>tiosam</strong></span> <span class='ocrx_word' id='word_1_557' title='bbox 878 4129 1173 4192; x_wconf 76' lang='lat' dir='ltr'><strong>exaltatus,</strong></span> <span class='ocrx_word' id='word_1_558' title='bbox 1207 4134 1264 4183; x_wconf 91' lang='lat' dir='ltr'><strong>et</strong></span> <span class='ocrx_word' id='word_1_559' title='bbox 1297 4126 1611 4194; x_wconf 89' lang='lat' dir='ltr'><strong>iniquitates</strong></span> <span class='ocrx_word' id='word_1_560' title='bbox 1643 4136 1859 4181; x_wconf 88' lang='lat' dir='ltr'><strong>nostras</strong></span> <span class='ocrx_word' id='word_1_561' title='bbox 1892 4123 2110 4179; x_wconf 86' lang='lat' dir='ltr'><strong>sustulit</strong></span> <span class='ocrx_word' id='word_1_562' title='bbox 2134 4124 2186 4178; x_wconf 92' lang='lat' dir='ltr'><strong>in</strong></span> 
     </span>
    </p>
   </div>
   <div class='ocr_carea' id='block_1_73' title="bbox 615 4216 2191 4292">
    <p class='ocr_par' dir='ltr' id='par_1_73' title="bbox 615 4216 2191 4292">
     <span class='ocr_line' id='line_1_73' title="bbox 615 4216 2191 4292; baseline -0.004 -16"><span class='ocrx_word' id='word_1_563' title='bbox 615 4237 815 4292; x_wconf 74' lang='lat' dir='ltr'><strong>corpus</strong></span> <span class='ocrx_word' id='word_1_564' title='bbox 837 4237 993 4276; x_wconf 90' lang='lat' dir='ltr'><strong>suum</strong></span> <span class='ocrx_word' id='word_1_565' title='bbox 1006 4234 1168 4289; x_wconf 84' lang='lat' dir='ltr'><strong>super</strong></span> <span class='ocrx_word' id='word_1_566' title='bbox 1196 4218 1400 4286; x_wconf 76' lang='lat' dir='ltr'><strong>lignum</strong></span> <span class='ocrx_word' id='word_1_567' title='bbox 1432 4218 1501 4285; x_wconf 81' lang='grc'><strong>⁸⁸,</strong></span> <span class='ocrx_word' id='word_1_568' title='bbox 1526 4227 1581 4273; x_wconf 91' lang='lat' dir='ltr'><strong>et</strong></span> <span class='ocrx_word' id='word_1_569' title='bbox 1604 4216 2029 4288; x_wconf 87' lang='lat' dir='ltr'><strong>chirographum</strong></span> <span class='ocrx_word' id='word_1_570' title='bbox 2056 4230 2191 4271; x_wconf 80' lang='lat' dir='ltr'><strong>cen-</strong></span> 
     </span>
    </p>
   </div>
   <div class='ocr_carea' id='block_1_74' title="bbox 615 4309 2187 4382">
    <p class='ocr_par' dir='ltr' id='par_1_74' title="bbox 615 4309 2187 4382">
     <span class='ocr_line' id='line_1_74' title="bbox 615 4309 2187 4382; baseline -0.004 -16"><span class='ocrx_word' id='word_1_571' title='bbox 615 4324 701 4368; x_wconf 90' lang='lat' dir='ltr'><strong>tra</strong></span> <span class='ocrx_word' id='word_1_572' title='bbox 731 4328 830 4369; x_wconf 86' lang='lat' dir='ltr'><strong>nos</strong></span> <span class='ocrx_word' id='word_1_573' title='bbox 866 4311 1214 4382; x_wconf 84' lang='lat' dir='ltr'><strong>triumphavit</strong></span> <span class='ocrx_word' id='word_1_574' title='bbox 1240 4312 1308 4378; x_wconf 80' lang='grc'><strong>⁸⁷,</strong></span> <span class='ocrx_word' id='word_1_575' title='bbox 1335 4321 1415 4377; x_wconf 83' lang='grc' dir='ltr'><strong>ιιι,</strong></span> <span class='ocrx_word' id='word_1_576' title='bbox 1444 4311 1583 4365; x_wconf 90' lang='lat' dir='ltr'><strong>sicut</strong></span> <span class='ocrx_word' id='word_1_577' title='bbox 1618 4310 1693 4364; x_wconf 89' lang='lat' dir='ltr'><strong>ait</strong></span> <span class='ocrx_word' id='word_1_578' title='bbox 1720 4309 1933 4365; x_wconf 84' lang='lat' dir='ltr'><strong>divinus</strong></span> <span class='ocrx_word' id='word_1_579' title='bbox 1960 4317 2187 4361; x_wconf 88' lang='lat' dir='ltr'><strong>cantor:</strong></span> 
     </span>
    </p>
   </div>
   <div class='ocr_carea' id='block_1_75' title="bbox 621 4396 2189 4472">
    <p class='ocr_par' dir='ltr' id='par_1_75' title="bbox 621 4396 2189 4472">
     <span class='ocr_line' id='line_1_75' title="bbox 621 4396 2189 4472; baseline -0.003 -17"><span class='ocrx_word' id='word_1_580' title='bbox 621 4423 640 4455; x_wconf 73' lang='grc' dir='ltr'><strong>ι</strong></span> <span class='ocrx_word' id='word_1_581' title='bbox 674 4402 864 4460; x_wconf 91' lang='lat' dir='ltr'><strong>Omnis</strong></span> <span class='ocrx_word' id='word_1_582' title='bbox 918 4402 1176 4471; x_wconf 90' lang='lat' dir='ltr'><strong>iniquitas</strong></span> <span class='ocrx_word' id='word_1_583' title='bbox 1225 4402 1425 4472; x_wconf 87' lang='lat' dir='ltr'><strong>oppilet</strong></span> <span class='ocrx_word' id='word_1_584' title='bbox 1472 4416 1534 4456; x_wconf 91' lang='lat' dir='ltr'><strong>os</strong></span> <span class='ocrx_word' id='word_1_585' title='bbox 1577 4415 1730 4455; x_wconf 86' lang='lat' dir='ltr'><strong>suum</strong></span> <span class='ocrx_word' id='word_1_586' title='bbox 1783 4397 1849 4452; x_wconf 81' lang='lat'><strong>“.</strong></span> <span class='ocrx_word' id='word_1_587' title='bbox 1897 4416 1916 4451; x_wconf 75' lang='grc' dir='ltr'><strong>ι</strong></span> <span class='ocrx_word' id='word_1_588' title='bbox 1963 4396 2189 4451; x_wconf 88' lang='lat' dir='ltr'><strong>Plumbo</strong></span> 
     </span>
    </p>
   </div>
   <div class='ocr_carea' id='block_1_76' title="bbox 2287 3216 3871 3290">
    <p class='ocr_par' dir='ltr' id='par_1_76' title="bbox 2287 3216 3871 3290">
     <span class='ocr_line' id='line_1_76' title="bbox 2287 3216 3871 3290; baseline -0.004 -18"><span class='ocrx_word' id='word_1_589' title='bbox 2287 3222 2547 3275; x_wconf 85' lang='grc' dir='ltr'><strong>τάλαντον</strong></span> <span class='ocrx_word' id='word_1_590' title='bbox 2580 3219 2827 3290; x_wconf 77' lang='grc' dir='ltr'><strong>μολίϐδου</strong></span> <span class='ocrx_word' id='word_1_591' title='bbox 2852 3218 3220 3290; x_wconf 81' lang='grc' dir='ltr'><strong>ἐξαιρόμενον,</strong></span> <span class='ocrx_word' id='word_1_592' title='bbox 3254 3218 3349 3270; x_wconf 75' lang='grc' dir='ltr'><strong>καὶ</strong></span> <span class='ocrx_word' id='word_1_593' title='bbox 3379 3216 3604 3288; x_wconf 76' lang='grc' dir='ltr'><strong>ἔρριψεν</strong></span> <span class='ocrx_word' id='word_1_594' title='bbox 3629 3216 3762 3269; x_wconf 84' lang='grc' dir='ltr'><strong>αὑτὸ</strong></span> <span class='ocrx_word' id='word_1_595' title='bbox 3788 3218 3871 3278; x_wconf 78' lang='grc' dir='ltr'><strong>είς</strong></span> 
     </span>
    </p>
   </div>
   <div class='ocr_carea' id='block_1_77' title="bbox 2287 3309 3869 3382">
    <p class='ocr_par' dir='ltr' id='par_1_77' title="bbox 2287 3309 3869 3382">
     <span class='ocr_line' id='line_1_77' title="bbox 2287 3309 3869 3382; baseline -0.003 -16"><span class='ocrx_word' id='word_1_596' title='bbox 2287 3313 2346 3366; x_wconf 85' lang='grc' dir='ltr'><strong>τὸ</strong></span> <span class='ocrx_word' id='word_1_597' title='bbox 2369 3311 2544 3382; x_wconf 88' lang='grc' dir='ltr'><strong>στόμα</strong></span> <span class='ocrx_word' id='word_1_598' title='bbox 2569 3311 2759 3380; x_wconf 83' lang='grc' dir='ltr'><strong>αὑτῆς.</strong></span> <span class='ocrx_word' id='word_1_599' title='bbox 2792 3329 2811 3363; x_wconf 76' lang='grc' dir='ltr'><strong>ι</strong></span> <span class='ocrx_word' id='word_1_600' title='bbox 2836 3310 3043 3381; x_wconf 83' lang='grc' dir='ltr'><strong>Γράφει</strong></span> <span class='ocrx_word' id='word_1_601' title='bbox 3068 3310 3125 3363; x_wconf 79' lang='grc' dir='ltr'><strong>δὲ</strong></span> <span class='ocrx_word' id='word_1_602' title='bbox 3147 3313 3278 3381; x_wconf 76' lang='grc' dir='ltr'><strong>ἡμῖν</strong></span> <span class='ocrx_word' id='word_1_603' title='bbox 3305 3311 3403 3381; x_wconf 80' lang='grc' dir='ltr'><strong>τὴν</strong></span> <span class='ocrx_word' id='word_1_604' title='bbox 3420 3310 3651 3380; x_wconf 81' lang='grc' dir='ltr'><strong>ἀνομίαν</strong></span> <span class='ocrx_word' id='word_1_605' title='bbox 3672 3312 3705 3374; x_wconf 82' lang='grc' dir='ltr'>ἠ</span> <span class='ocrx_word' id='word_1_606' title='bbox 3731 3309 3869 3381; x_wconf 83' lang='grc' dir='ltr'><strong>ὅρα-</strong></span> 
     </span>
    </p>
   </div>
   <div class='ocr_carea' id='block_1_78' title="bbox 2290 3401 3865 3473">
    <p class='ocr_par' dir='ltr' id='par_1_78' title="bbox 2290 3401 3865 3473">
     <span class='ocr_line' id='line_1_78' title="bbox 2290 3401 3865 3473; baseline -0.002 -16"><span class='ocrx_word' id='word_1_607' title='bbox 2290 3422 2373 3468; x_wconf 89' lang='grc' dir='ltr'><strong>σις</strong></span> <span class='ocrx_word' id='word_1_608' title='bbox 2401 3406 2479 3467; x_wconf 87' lang='grc' dir='ltr'><strong>εἰς</strong></span> <span class='ocrx_word' id='word_1_609' title='bbox 2509 3403 2572 3457; x_wconf 84' lang='grc' dir='ltr'><strong>τὸ</strong></span> <span class='ocrx_word' id='word_1_610' title='bbox 2599 3404 2693 3457; x_wconf 91' lang='grc' dir='ltr'><strong>τοῦ</strong></span> <span class='ocrx_word' id='word_1_611' title='bbox 2719 3403 2942 3472; x_wconf 83' lang='grc' dir='ltr'><strong>γυναίου</strong></span> <span class='ocrx_word' id='word_1_612' title='bbox 2983 3403 3165 3473; x_wconf 83' lang='grc' dir='ltr'><strong>σχῆμα</strong></span> <span class='ocrx_word' id='word_1_613' title='bbox 3188 3420 3203 3434; x_wconf 77' lang='grc' dir='ltr'><strong>ο</strong></span> <span class='ocrx_word' id='word_1_614' title='bbox 3251 3405 3419 3467; x_wconf 82' lang='grc' dir='ltr'><strong>τύπος</strong></span> <span class='ocrx_word' id='word_1_615' title='bbox 3452 3402 3562 3473; x_wconf 77' lang='grc' dir='ltr'><strong>γὰρ</strong></span> <span class='ocrx_word' id='word_1_616' title='bbox 3599 3401 3797 3471; x_wconf 81' lang='grc' dir='ltr'><strong>ἡδονῆς</strong></span> <span class='ocrx_word' id='word_1_617' title='bbox 3829 3402 3865 3469; x_wconf 79' lang='grc' dir='ltr'><strong>ἡ</strong></span> 
     </span>
    </p>
   </div>
   <div class='ocr_carea' id='block_1_79' title="bbox 2288 3492 3868 3570">
    <p class='ocr_par' dir='ltr' id='par_1_79' title="bbox 2288 3492 3868 3570">
     <span class='ocr_line' id='line_1_79' title="bbox 2288 3492 3868 3570; baseline -0.006 -19"><span class='ocrx_word' id='word_1_618' title='bbox 2288 3497 2446 3570; x_wconf 80' lang='grc' dir='ltr'><strong>γυνὴ,</strong></span> <span class='ocrx_word' id='word_1_619' title='bbox 2496 3496 2591 3551; x_wconf 70' lang='grc' dir='ltr'><strong>καὶ</strong></span> <span class='ocrx_word' id='word_1_620' title='bbox 2644 3497 2826 3568; x_wconf 88' lang='grc' dir='ltr'><strong>μέντοι</strong></span> <span class='ocrx_word' id='word_1_621' title='bbox 2870 3496 2965 3549; x_wconf 68' lang='grc' dir='ltr'><strong>καὶ</strong></span> <span class='ocrx_word' id='word_1_622' title='bbox 3020 3494 3339 3556; x_wconf 84' lang='grc' dir='ltr'><strong>ἀσθενείας·</strong></span> <span class='ocrx_word' id='word_1_623' title='bbox 3388 3494 3587 3563; x_wconf 86' lang='grc' dir='ltr'><strong>ἀνομία</strong></span> <span class='ocrx_word' id='word_1_624' title='bbox 3616 3492 3673 3545; x_wconf 83' lang='grc' dir='ltr'><strong>δὲ</strong></span> <span class='ocrx_word' id='word_1_625' title='bbox 3715 3492 3868 3544; x_wconf 86' lang='grc' dir='ltr'><strong>πᾶσα</strong></span> 
     </span>
    </p>
   </div>
   <div class='ocr_carea' id='block_1_80' title="bbox 2287 3580 3868 3657">
    <p class='ocr_par' dir='ltr' id='par_1_80' title="bbox 2287 3580 3868 3657">
     <span class='ocr_line' id='line_1_80' title="bbox 2287 3580 3868 3657; baseline -0.005 -18"><span class='ocrx_word' id='word_1_626' title='bbox 2287 3585 2461 3657; x_wconf 84' lang='grc' dir='ltr'><strong>δρῷτο</strong></span> <span class='ocrx_word' id='word_1_627' title='bbox 2484 3586 2550 3639; x_wconf 82' lang='grc' dir='ltr'><strong>ἂν</strong></span> <span class='ocrx_word' id='word_1_628' title='bbox 2575 3586 2673 3655; x_wconf 84' lang='grc' dir='ltr'><strong>οὑχ</strong></span> <span class='ocrx_word' id='word_1_629' title='bbox 2714 3585 2939 3656; x_wconf 85' lang='grc' dir='ltr'><strong>ἐτέρως,</strong></span> <span class='ocrx_word' id='word_1_630' title='bbox 2975 3584 3115 3653; x_wconf 77' lang='grc' dir='ltr'><strong>πλὴν</strong></span> <span class='ocrx_word' id='word_1_631' title='bbox 3146 3583 3229 3636; x_wconf 85' lang='grc' dir='ltr'><strong>ὅτι</strong></span> <span class='ocrx_word' id='word_1_632' title='bbox 3267 3582 3356 3635; x_wconf 89' lang='grc' dir='ltr'><strong>διά</strong></span> <span class='ocrx_word' id='word_1_633' title='bbox 3383 3598 3527 3644; x_wconf 85' lang='grc' dir='ltr'><strong>τινος</strong></span> <span class='ocrx_word' id='word_1_634' title='bbox 3559 3580 3751 3649; x_wconf 78' lang='grc' dir='ltr'><strong>ἡδονῆς</strong></span> <span class='ocrx_word' id='word_1_635' title='bbox 3777 3581 3868 3632; x_wconf 75' lang='lat' dir='ltr'><strong>6e-</strong></span> 
     </span>
    </p>
   </div>
   <div class='ocr_carea' id='block_1_81' title="bbox 2288 3672 3869 3749">
    <p class='ocr_par' dir='ltr' id='par_1_81' title="bbox 2288 3672 3869 3749">
     <span class='ocr_line' id='line_1_81' title="bbox 2288 3672 3869 3749; baseline -0.006 -18"><span class='ocrx_word' id='word_1_636' title='bbox 2288 3677 2589 3749; x_wconf 80' lang='grc' dir='ltr'><strong>λεαζούσης</strong></span> <span class='ocrx_word' id='word_1_637' title='bbox 2621 3679 2712 3730; x_wconf 76' lang='grc' dir='ltr'><strong>ἐπὶ</strong></span> <span class='ocrx_word' id='word_1_638' title='bbox 2744 3677 2804 3729; x_wconf 89' lang='grc' dir='ltr'><strong>τὸ</strong></span> <span class='ocrx_word' id='word_1_639' title='bbox 2834 3674 3058 3744; x_wconf 84' lang='grc' dir='ltr'><strong>φαῦλον,</strong></span> <span class='ocrx_word' id='word_1_640' title='bbox 3101 3672 3505 3743; x_wconf 71' lang='grc' dir='ltr'><strong>συμϐαινούσης</strong></span> <span class='ocrx_word' id='word_1_641' title='bbox 3531 3672 3671 3742; x_wconf 78' lang='grc' dir='ltr'><strong>πρὸς</strong></span> <span class='ocrx_word' id='word_1_642' title='bbox 3690 3672 3869 3740; x_wconf 81' lang='grc' dir='ltr'><strong>τούτῳ</strong></span> 
     </span>
    </p>
   </div>
   <div class='ocr_carea' id='block_1_82' title="bbox 2288 3760 3867 3839">
    <p class='ocr_par' dir='ltr' id='par_1_82' title="bbox 2288 3760 3867 3839">
     <span class='ocr_line' id='line_1_82' title="bbox 2288 3760 3867 3839; baseline -0.008 -16"><span class='ocrx_word' id='word_1_643' title='bbox 2288 3772 2385 3823; x_wconf 71' lang='grc' dir='ltr'><strong>καὶ</strong></span> <span class='ocrx_word' id='word_1_644' title='bbox 2404 3770 2501 3839; x_wconf 82' lang='grc' dir='ltr'><strong>τῆς</strong></span> <span class='ocrx_word' id='word_1_645' title='bbox 2525 3770 2604 3832; x_wconf 87' lang='grc' dir='ltr'><strong>είς</strong></span> <span class='ocrx_word' id='word_1_646' title='bbox 2647 3768 2768 3821; x_wconf 90' lang='grc' dir='ltr'><strong>νοῦν</strong></span> <span class='ocrx_word' id='word_1_647' title='bbox 2798 3765 3101 3827; x_wconf 83' lang='grc' dir='ltr'><strong>ἀσθενείας.</strong></span> <span class='ocrx_word' id='word_1_648' title='bbox 3144 3766 3207 3817; x_wconf 85' lang='lat' dir='ltr'><strong>El</strong></span> <span class='ocrx_word' id='word_1_649' title='bbox 3243 3764 3341 3833; x_wconf 81' lang='grc' dir='ltr'><strong>μὲν</strong></span> <span class='ocrx_word' id='word_1_650' title='bbox 3366 3762 3474 3833; x_wconf 83' lang='grc' dir='ltr'><strong>γάρ</strong></span> <span class='ocrx_word' id='word_1_651' title='bbox 3498 3762 3583 3830; x_wconf 85' lang='grc' dir='ltr'><strong>εῐη</strong></span> <span class='ocrx_word' id='word_1_652' title='bbox 3617 3760 3867 3831; x_wconf 73' lang='grc' dir='ltr'><strong>βεϐηκὼς</strong></span> 
     </span>
    </p>
   </div>
   <div class='ocr_carea' id='block_1_83' title="bbox 2287 3850 3865 3928">
    <p class='ocr_par' dir='ltr' id='par_1_83' title="bbox 2287 3850 3865 3928">
     <span class='ocr_line' id='line_1_83' title="bbox 2287 3850 3865 3928; baseline -0.007 -16"><span class='ocrx_word' id='word_1_653' title='bbox 2287 3859 2371 3928; x_wconf 78' lang='grc' dir='ltr'><strong>ἐφ’</strong></span> <span class='ocrx_word' id='word_1_654' title='bbox 2400 3857 2598 3928; x_wconf 75' lang='grc' dir='ltr'><strong>ἐαυτῷ,</strong></span> <span class='ocrx_word' id='word_1_655' title='bbox 2624 3856 2721 3910; x_wconf 69' lang='grc' dir='ltr'><strong>καὶ</strong></span> <span class='ocrx_word' id='word_1_656' title='bbox 2746 3855 2988 3924; x_wconf 83' lang='grc' dir='ltr'><strong>ἀνδρεῖος</strong></span> <span class='ocrx_word' id='word_1_657' title='bbox 3014 3857 3042 3907; x_wconf 94' lang='lat'><strong>6</strong></span> <span class='ocrx_word' id='word_1_658' title='bbox 3073 3852 3220 3916; x_wconf 90' lang='grc' dir='ltr'><strong>νοῦς,</strong></span> <span class='ocrx_word' id='word_1_659' title='bbox 3242 3853 3341 3904; x_wconf 89' lang='grc' dir='ltr'><strong>οὑκ</strong></span> <span class='ocrx_word' id='word_1_660' title='bbox 3372 3852 3437 3905; x_wconf 79' lang='grc' dir='ltr'><strong>ἂν</strong></span> <span class='ocrx_word' id='word_1_661' title='bbox 3468 3852 3641 3905; x_wconf 72' lang='grc' dir='ltr'><strong>ἕλοιτο</strong></span> <span class='ocrx_word' id='word_1_662' title='bbox 3670 3850 3865 3903; x_wconf 76' lang='grc' dir='ltr'><strong>παθειν</strong></span> 
     </span>
    </p>
   </div>
   <div class='ocr_carea' id='block_1_84' title="bbox 2285 3938 3867 4020">
    <p class='ocr_par' dir='ltr' id='par_1_84' title="bbox 2285 3938 3867 4020">
     <span class='ocr_line' id='line_1_84' title="bbox 2285 3938 3867 4020; baseline -0.007 -18"><span class='ocrx_word' id='word_1_663' title='bbox 2285 3950 2384 4020; x_wconf 81' lang='grc' dir='ltr'><strong>τὴν</strong></span> <span class='ocrx_word' id='word_1_664' title='bbox 2422 3950 2502 4011; x_wconf 86' lang='grc' dir='ltr'><strong>είς</strong></span> <span class='ocrx_word' id='word_1_665' title='bbox 2533 3947 2595 3999; x_wconf 81' lang='grc' dir='ltr'><strong>τὸ</strong></span> <span class='ocrx_word' id='word_1_666' title='bbox 2636 3944 2839 4015; x_wconf 88' lang='grc' dir='ltr'><strong>φαῦλον</strong></span> <span class='ocrx_word' id='word_1_667' title='bbox 2881 3946 3071 4015; x_wconf 76' lang='grc' dir='ltr'><strong>ῥοπήν.</strong></span> <span class='ocrx_word' id='word_1_668' title='bbox 3109 3944 3171 3995; x_wconf 80' lang='lat' dir='ltr'><strong>El</strong></span> <span class='ocrx_word' id='word_1_669' title='bbox 3212 3942 3268 3995; x_wconf 83' lang='grc' dir='ltr'><strong>δὲ</strong></span> <span class='ocrx_word' id='word_1_670' title='bbox 3297 3941 3362 4012; x_wconf 85' lang='grc' dir='ltr'><strong>δὴ</strong></span> <span class='ocrx_word' id='word_1_671' title='bbox 3408 3938 3774 4011; x_wconf 84' lang='grc' dir='ltr'><strong>μαλακισθείη</strong></span> <span class='ocrx_word' id='word_1_672' title='bbox 3806 3956 3867 3991; x_wconf 85' lang='grc' dir='ltr'><strong>τε</strong></span> 
     </span>
    </p>
   </div>
   <div class='ocr_carea' id='block_1_85' title="bbox 2288 4027 3864 4109">
    <p class='ocr_par' dir='ltr' id='par_1_85' title="bbox 2288 4027 3864 4109">
     <span class='ocr_line' id='line_1_85' title="bbox 2288 4027 3864 4109; baseline -0.01 -15"><span class='ocrx_word' id='word_1_673' title='bbox 2288 4041 2382 4094; x_wconf 76' lang='grc' dir='ltr'><strong>καὶ</strong></span> <span class='ocrx_word' id='word_1_674' title='bbox 2434 4036 2758 4109; x_wconf 83' lang='grc' dir='ltr'><strong>γοητευθείη</strong></span> <span class='ocrx_word' id='word_1_675' title='bbox 2794 4033 2930 4107; x_wconf 78' lang='grc' dir='ltr'><strong>πρὸς</strong></span> <span class='ocrx_word' id='word_1_676' title='bbox 2966 4031 3177 4103; x_wconf 80' lang='grc' dir='ltr'><strong>ἡδονὴν,</strong></span> <span class='ocrx_word' id='word_1_677' title='bbox 3232 4029 3480 4083; x_wconf 83' lang='grc' dir='ltr'><strong>πείσεται</strong></span> <span class='ocrx_word' id='word_1_678' title='bbox 3526 4029 3589 4081; x_wconf 81' lang='grc' dir='ltr'><strong>τὸ</strong></span> <span class='ocrx_word' id='word_1_679' title='bbox 3638 4027 3864 4080; x_wconf 83' lang='grc' dir='ltr'><strong>λυποῦν.</strong></span> 
     </span>
    </p>
   </div>
   <div class='ocr_carea' id='block_1_86' title="bbox 2288 4118 3870 4199">
    <p class='ocr_par' dir='ltr' id='par_1_86' title="bbox 2288 4118 3870 4199">
     <span class='ocr_line' id='line_1_86' title="bbox 2288 4118 3870 4199; baseline -0.009 -16"><span class='ocrx_word' id='word_1_680' title='bbox 2288 4130 2563 4199; x_wconf 75' lang='grc' dir='ltr'><strong>Γράφεται</strong></span> <span class='ocrx_word' id='word_1_681' title='bbox 2590 4128 2654 4198; x_wconf 85' lang='grc' dir='ltr'><strong>δὴ</strong></span> <span class='ocrx_word' id='word_1_682' title='bbox 2683 4123 2797 4190; x_wconf 81' lang='grc' dir='ltr'><strong>οὖν,</strong></span> <span class='ocrx_word' id='word_1_683' title='bbox 2828 4125 2923 4178; x_wconf 75' lang='grc' dir='ltr'><strong>καὶ</strong></span> <span class='ocrx_word' id='word_1_684' title='bbox 2949 4123 3093 4194; x_wconf 87' lang='grc' dir='ltr'><strong>μάλα</strong></span> <span class='ocrx_word' id='word_1_685' title='bbox 3114 4121 3311 4193; x_wconf 84' lang='grc' dir='ltr'><strong>ὀρθῶς,</strong></span> <span class='ocrx_word' id='word_1_686' title='bbox 3341 4122 3421 4183; x_wconf 85' lang='grc' dir='ltr'><strong>είς</strong></span> <span class='ocrx_word' id='word_1_687' title='bbox 3443 4118 3675 4189; x_wconf 86' lang='grc' dir='ltr'><strong>ἀνομίαν</strong></span> <span class='ocrx_word' id='word_1_688' title='bbox 3701 4119 3735 4188; x_wconf 78' lang='grc' dir='ltr'><strong>η</strong></span> <span class='ocrx_word' id='word_1_689' title='bbox 3768 4134 3870 4185; x_wconf 79' lang='grc' dir='ltr'><strong>γυ-</strong></span> 
     </span>
    </p>
   </div>
   <div class='ocr_carea' id='block_1_87' title="bbox 2288 4207 3868 4287">
    <p class='ocr_par' dir='ltr' id='par_1_87' title="bbox 2288 4207 3868 4287">
     <span class='ocr_line' id='line_1_87' title="bbox 2288 4207 3868 4287; baseline -0.008 -16"><span class='ocrx_word' id='word_1_690' title='bbox 2288 4218 2377 4287; x_wconf 82' lang='grc' dir='ltr'><strong>νή.</strong></span> <span class='ocrx_word' id='word_1_691' title='bbox 2409 4216 2675 4271; x_wconf 80' lang='grc' dir='ltr'><strong>Μολίὸδου</strong></span> <span class='ocrx_word' id='word_1_692' title='bbox 2731 4214 2788 4268; x_wconf 82' lang='grc' dir='ltr'><strong>δὲ</strong></span> <span class='ocrx_word' id='word_1_693' title='bbox 2813 4214 3077 4267; x_wconf 83' lang='grc' dir='ltr'><strong>τάλαντον</strong></span> <span class='ocrx_word' id='word_1_694' title='bbox 3118 4210 3179 4263; x_wconf 87' lang='grc' dir='ltr'><strong>τὸ</strong></span> <span class='ocrx_word' id='word_1_695' title='bbox 3202 4208 3574 4282; x_wconf 81' lang='grc' dir='ltr'><strong>ἐξαιρόμενον,</strong></span> <span class='ocrx_word' id='word_1_696' title='bbox 3613 4208 3708 4261; x_wconf 75' lang='grc' dir='ltr'><strong>καὶ</strong></span> <span class='ocrx_word' id='word_1_697' title='bbox 3759 4207 3868 4277; x_wconf 76' lang='grc' dir='ltr'><strong>μὴν</strong></span> 
     </span>
    </p>
   </div>
   <div class='ocr_carea' id='block_1_88' title="bbox 2290 4300 3868 4379">
    <p class='ocr_par' dir='ltr' id='par_1_88' title="bbox 2290 4300 3868 4379">
     <span class='ocr_line' id='line_1_88' title="bbox 2290 4300 3868 4379; baseline -0.007 -17"><span class='ocrx_word' id='word_1_698' title='bbox 2290 4310 2382 4363; x_wconf 78' lang='grc' dir='ltr'><strong>καὶ</strong></span> <span class='ocrx_word' id='word_1_699' title='bbox 2409 4308 2719 4379; x_wconf 84' lang='grc' dir='ltr'><strong>ἐμφράττον</strong></span> <span class='ocrx_word' id='word_1_700' title='bbox 2745 4306 2804 4359; x_wconf 82' lang='grc' dir='ltr'><strong>τὺ</strong></span> <span class='ocrx_word' id='word_1_701' title='bbox 2832 4304 3005 4374; x_wconf 89' lang='grc' dir='ltr'><strong>στόμα</strong></span> <span class='ocrx_word' id='word_1_702' title='bbox 3028 4303 3216 4371; x_wconf 82' lang='grc' dir='ltr'><strong>αὐτῆς,</strong></span> <span class='ocrx_word' id='word_1_703' title='bbox 3252 4301 3469 4373; x_wconf 85' lang='grc' dir='ltr'><strong>νοηθείη</strong></span> <span class='ocrx_word' id='word_1_704' title='bbox 3509 4300 3575 4353; x_wconf 80' lang='grc' dir='ltr'><strong>ἂν</strong></span> <span class='ocrx_word' id='word_1_705' title='bbox 3612 4300 3711 4369; x_wconf 85' lang='grc' dir='ltr'><strong>οὑχ</strong></span> <span class='ocrx_word' id='word_1_706' title='bbox 3749 4300 3868 4352; x_wconf 74' lang='grc' dir='ltr'><strong>ἓτε-</strong></span> 
     </span>
    </p>
   </div>
   <div class='ocr_carea' id='block_1_89' title="bbox 2293 4390 3864 4470">
    <p class='ocr_par' dir='ltr' id='par_1_89' title="bbox 2293 4390 3864 4470">
     <span class='ocr_line' id='line_1_89' title="bbox 2293 4390 3864 4470; baseline -0.008 -18"><span class='ocrx_word' id='word_1_707' title='bbox 2293 4416 2406 4470; x_wconf 88' lang='grc' dir='ltr'><strong>ρον,</strong></span> <span class='ocrx_word' id='word_1_708' title='bbox 2435 4394 2609 4469; x_wconf 73' lang='grc' dir='ltr'><strong>οἶμαι,</strong></span> <span class='ocrx_word' id='word_1_709' title='bbox 2645 4395 2797 4467; x_wconf 90' lang='grc' dir='ltr'><strong>παρά</strong></span> <span class='ocrx_word' id='word_1_710' title='bbox 2819 4397 2911 4448; x_wconf 84' lang='grc' dir='ltr'><strong>τὸν</strong></span> <span class='ocrx_word' id='word_1_711' title='bbox 2941 4394 3143 4463; x_wconf 82' lang='grc' dir='ltr'><strong>Κύριον</strong></span> <span class='ocrx_word' id='word_1_712' title='bbox 3170 4394 3202 4461; x_wconf 80' lang='grc' dir='ltr'>ἠ</span> <span class='ocrx_word' id='word_1_713' title='bbox 3213 4390 3328 4462; x_wconf 83' lang='grc' dir='ltr'><strong>μῶν</strong></span> <span class='ocrx_word' id='word_1_714' title='bbox 3371 4390 3576 4463; x_wconf 85' lang='grc' dir='ltr'><strong>Ἰησοῦν</strong></span> <span class='ocrx_word' id='word_1_715' title='bbox 3606 4390 3864 4461; x_wconf 82' lang='grc' dir='ltr'><strong>Χριστὸν,</strong></span> 
     </span>
    </p>
   </div>
   <div class='ocr_carea' id='block_1_90' title="bbox 616 4480 2187 4565">
    <p class='ocr_par' dir='ltr' id='par_1_90' title="bbox 616 4489 2186 4565">
     <span class='ocr_line' id='line_1_90' title="bbox 616 4489 2186 4565; baseline -0.007 -14"><span class='ocrx_word' id='word_1_716' title='bbox 616 4506 793 4553; x_wconf 86' lang='lat' dir='ltr'><strong>autem</strong></span> <span class='ocrx_word' id='word_1_717' title='bbox 848 4503 902 4551; x_wconf 91' lang='lat' dir='ltr'><strong>et</strong></span> <span class='ocrx_word' id='word_1_718' title='bbox 955 4495 1071 4565; x_wconf 84' lang='lat' dir='ltr'><strong>ipse</strong></span> <span class='ocrx_word' id='word_1_719' title='bbox 1124 4502 1472 4562; x_wconf 86' lang='lat' dir='ltr'><strong>comparatur</strong></span> <span class='ocrx_word' id='word_1_720' title='bbox 1516 4512 1527 4546; x_wconf 94' lang='lat'>:</span> <span class='ocrx_word' id='word_1_721' title='bbox 1568 4490 1864 4545; x_wconf 87' lang='lat' dir='ltr'><strong>assumitur</strong></span> <span class='ocrx_word' id='word_1_722' title='bbox 1915 4489 2080 4547; x_wconf 88' lang='lat' dir='ltr'><strong>enim.</strong></span> <span class='ocrx_word' id='word_1_723' title='bbox 2126 4497 2186 4541; x_wconf 93' lang='lat' dir='ltr'><strong>ut</strong></span> 
     </span>
    </p>
   </div>
   <div class='ocr_carea' id='block_1_91' title="bbox 2289 4480 3868 4565">
    <p class='ocr_par' dir='ltr' id='par_1_91' title="bbox 2289 4480 3868 4557">
     <span class='ocr_line' id='line_1_91' title="bbox 2289 4480 3868 4557; baseline -0.006 -16"><span class='ocrx_word' id='word_1_724' title='bbox 2289 4490 2347 4551; x_wconf 82' lang='grc' dir='ltr'><strong>ὃς</strong></span> <span class='ocrx_word' id='word_1_725' title='bbox 2376 4488 2563 4557; x_wconf 70' lang='grc' dir='ltr'><strong>ὑψώθη</strong></span> <span class='ocrx_word' id='word_1_726' title='bbox 2593 4488 2682 4541; x_wconf 85' lang='grc' dir='ltr'><strong>διά</strong></span> <span class='ocrx_word' id='word_1_727' title='bbox 2725 4486 2817 4539; x_wconf 90' lang='grc' dir='ltr'><strong>τοῦ</strong></span> <span class='ocrx_word' id='word_1_728' title='bbox 2846 4486 3030 4554; x_wconf 87' lang='grc' dir='ltr'><strong>τιμίου</strong></span> <span class='ocrx_word' id='word_1_729' title='bbox 3066 4481 3321 4553; x_wconf 86' lang='grc' dir='ltr'><strong>σταυροῦ,</strong></span> <span class='ocrx_word' id='word_1_730' title='bbox 3358 4481 3449 4535; x_wconf 73' lang='grc' dir='ltr'><strong>καὶ</strong></span> <span class='ocrx_word' id='word_1_731' title='bbox 3491 4480 3590 4544; x_wconf 88' lang='grc' dir='ltr'><strong>τάς</strong></span> <span class='ocrx_word' id='word_1_732' title='bbox 3635 4480 3868 4550; x_wconf 83' lang='grc' dir='ltr'><strong>ἀνομίας</strong></span> 
     </span>
    </p>
   </div>
   <div class='ocr_carea' id='block_1_92' title="bbox 613 4582 2184 4659">
    <p class='ocr_par' dir='ltr' id='par_1_92' title="bbox 613 4582 2184 4659">
     <span class='ocr_line' id='line_1_92' title="bbox 613 4582 2184 4659; baseline -0.009 -16"><span class='ocrx_word' id='word_1_733' title='bbox 613 4588 749 4653; x_wconf 85' lang='lat' dir='ltr'><strong>dixi,</strong></span> <span class='ocrx_word' id='word_1_734' title='bbox 788 4586 1061 4659; x_wconf 88' lang='lat' dir='ltr'><strong>plumbqu</strong></span> <span class='ocrx_word' id='word_1_735' title='bbox 1088 4587 1155 4641; x_wconf 90' lang='lat' dir='ltr'><strong>ab</strong></span> <span class='ocrx_word' id='word_1_736' title='bbox 1194 4584 1519 4653; x_wconf 86' lang='lat' dir='ltr'><strong>argentariis</strong></span> <span class='ocrx_word' id='word_1_737' title='bbox 1548 4582 1847 4636; x_wconf 79' lang='lat' dir='ltr'><strong>artiﬁcibus</strong></span> <span class='ocrx_word' id='word_1_738' title='bbox 1881 4582 1949 4632; x_wconf 88' lang='lat' dir='ltr'><strong>ad</strong></span> <span class='ocrx_word' id='word_1_739' title='bbox 1994 4593 2184 4648; x_wconf 85' lang='lat' dir='ltr'><strong>purga-</strong></span> 
     </span>
    </p>
   </div>
   <div class='ocr_carea' id='block_1_93' title="bbox 616 4668 2190 4745">
    <p class='ocr_par' dir='ltr' id='par_1_93' title="bbox 616 4668 2190 4745">
     <span class='ocr_line' id='line_1_93' title="bbox 616 4668 2190 4745; baseline -0.007 -12"><span class='ocrx_word' id='word_1_740' title='bbox 616 4678 821 4734; x_wconf 89' lang='lat' dir='ltr'><strong>tionem</strong></span> <span class='ocrx_word' id='word_1_741' title='bbox 849 4690 1037 4731; x_wconf 91' lang='lat' dir='ltr'><strong>eorum</strong></span> <span class='ocrx_word' id='word_1_742' title='bbox 1072 4690 1192 4745; x_wconf 64' lang='lat' dir='ltr'><strong>quae</strong></span> <span class='ocrx_word' id='word_1_743' title='bbox 1248 4673 1578 4730; x_wconf 84' lang='lat' dir='ltr'><strong>conﬂantur.</strong></span> <span class='ocrx_word' id='word_1_744' title='bbox 1622 4670 1770 4725; x_wconf 82' lang='lat' dir='ltr'><strong>Talis</strong></span> <span class='ocrx_word' id='word_1_745' title='bbox 1791 4668 2190 4738; x_wconf 89' lang='lat' dir='ltr'><strong>quodammodo</strong></span> 
     </span>
    </p>
   </div>
   <div class='ocr_carea' id='block_1_94' title="bbox 612 4762 2191 4825">
    <p class='ocr_par' dir='ltr' id='par_1_94' title="bbox 612 4762 2191 4825">
     <span class='ocr_line' id='line_1_94' title="bbox 612 4762 2191 4825; baseline -0.007 -1"><span class='ocrx_word' id='word_1_746' title='bbox 612 4770 791 4825; x_wconf 82' lang='lat' dir='ltr'><strong>virtus</strong></span> <span class='ocrx_word' id='word_1_747' title='bbox 839 4768 1042 4825; x_wconf 76' lang='lat' dir='ltr'><strong>ChriSti</strong></span> <span class='ocrx_word' id='word_1_748' title='bbox 1094 4768 1149 4823; x_wconf 91' lang='lat' dir='ltr'><strong>in</strong></span> <span class='ocrx_word' id='word_1_749' title='bbox 1179 4766 1355 4822; x_wconf 91' lang='lat' dir='ltr'><strong>nobis.</strong></span> <span class='ocrx_word' id='word_1_750' title='bbox 1388 4765 1445 4822; x_wconf 91' lang='lat' dir='ltr'><strong>Si</strong></span> <span class='ocrx_word' id='word_1_751' title='bbox 1487 4765 1632 4818; x_wconf 90' lang='lat' dir='ltr'><strong>enim</strong></span> <span class='ocrx_word' id='word_1_752' title='bbox 1680 4762 1732 4815; x_wconf 92' lang='lat' dir='ltr'><strong>in</strong></span> <span class='ocrx_word' id='word_1_753' title='bbox 1757 4770 1989 4815; x_wconf 87' lang='lat' dir='ltr'><strong>mentem</strong></span> <span class='ocrx_word' id='word_1_754' title='bbox 2022 4770 2078 4816; x_wconf 91' lang='lat' dir='ltr'><strong>et</strong></span> <span class='ocrx_word' id='word_1_755' title='bbox 2095 4775 2191 4817; x_wconf 93' lang='lat' dir='ltr'><strong>cor</strong></span> 
     </span>
    </p>
   </div>
   <div class='ocr_carea' id='block_1_95' title="bbox 614 4850 2191 4927">
    <p class='ocr_par' dir='ltr' id='par_1_95' title="bbox 614 4850 2191 4927">
     <span class='ocr_line' id='line_1_95' title="bbox 614 4850 2191 4927; baseline -0.01 -9"><span class='ocrx_word' id='word_1_756' title='bbox 614 4863 844 4925; x_wconf 84' lang='lat' dir='ltr'><strong>venerit.</strong></span> <span class='ocrx_word' id='word_1_757' title='bbox 900 4874 1092 4917; x_wconf 89' lang='lat' dir='ltr'><strong>omnes</strong></span> <span class='ocrx_word' id='word_1_758' title='bbox 1127 4859 1317 4915; x_wconf 86' lang='lat' dir='ltr'><strong>sordes</strong></span> <span class='ocrx_word' id='word_1_759' title='bbox 1361 4870 1586 4927; x_wconf 87' lang='lat' dir='ltr'><strong>prorsus</strong></span> <span class='ocrx_word' id='word_1_760' title='bbox 1643 4851 1924 4921; x_wconf 87' lang='lat' dir='ltr'><strong>abstergit.</strong></span> <span class='ocrx_word' id='word_1_761' title='bbox 1951 4850 2191 4905; x_wconf 86' lang='lat' dir='ltr'><strong>Censeut</strong></span> 
     </span>
    </p>
   </div>
   <div class='ocr_carea' id='block_1_96' title="bbox 614 4942 2188 5024">
    <p class='ocr_par' dir='ltr' id='par_1_96' title="bbox 614 4942 2188 5024">
     <span class='ocr_line' id='line_1_96' title="bbox 614 4942 2188 5024; baseline -0.008 -16"><span class='ocrx_word' id='word_1_762' title='bbox 614 4954 858 5023; x_wconf 87' lang='lat' dir='ltr'><strong>quidam,</strong></span> <span class='ocrx_word' id='word_1_763' title='bbox 894 4953 1199 5024; x_wconf 81' lang='lat' dir='ltr'><strong>projectum</strong></span> <span class='ocrx_word' id='word_1_764' title='bbox 1254 4964 1375 5005; x_wconf 86' lang='lat' dir='ltr'><strong>esse</strong></span> <span class='ocrx_word' id='word_1_765' title='bbox 1415 4946 1689 5017; x_wconf 88' lang='lat' dir='ltr'><strong>plumbum</strong></span> <span class='ocrx_word' id='word_1_766' title='bbox 1717 4945 1768 4997; x_wconf 92' lang='lat' dir='ltr'><strong>in</strong></span> <span class='ocrx_word' id='word_1_767' title='bbox 1813 4958 1876 4998; x_wconf 83' lang='lat' dir='ltr'><strong>os</strong></span> <span class='ocrx_word' id='word_1_768' title='bbox 1926 4942 2188 5012; x_wconf 86' lang='lat' dir='ltr'><strong>iniquita-</strong></span> 
     </span>
    </p>
   </div>
   <div class='ocr_carea' id='block_1_97' title="bbox 616 5033 2183 5113">
    <p class='ocr_par' dir='ltr' id='par_1_97' title="bbox 616 5033 2183 5113">
     <span class='ocr_line' id='line_1_97' title="bbox 616 5033 2183 5113; baseline -0.01 -11"><span class='ocrx_word' id='word_1_769' title='bbox 616 5046 708 5113; x_wconf 88' lang='lat' dir='ltr'><strong>tis,</strong></span> <span class='ocrx_word' id='word_1_770' title='bbox 732 5045 881 5100; x_wconf 86' lang='lat' dir='ltr'><strong>velut</strong></span> <span class='ocrx_word' id='word_1_771' title='bbox 900 5045 1011 5101; x_wconf 88' lang='lat' dir='ltr'><strong>Deo</strong></span> <span class='ocrx_word' id='word_1_772' title='bbox 1050 5044 1182 5100; x_wconf 88' lang='lat' dir='ltr'><strong>illud</strong></span> <span class='ocrx_word' id='word_1_773' title='bbox 1225 5043 1537 5103; x_wconf 88' lang='lat' dir='ltr'><strong>obturante,</strong></span> <span class='ocrx_word' id='word_1_774' title='bbox 1597 5047 1651 5091; x_wconf 92' lang='lat' dir='ltr'><strong>ct</strong></span> <span class='ocrx_word' id='word_1_775' title='bbox 1706 5035 1993 5091; x_wconf 80' lang='lat' dir='ltr'><strong>immodice</strong></span> <span class='ocrx_word' id='word_1_776' title='bbox 2045 5033 2183 5087; x_wconf 87' lang='lat' dir='ltr'><strong>ultra</strong></span> 
     </span>
    </p>
   </div>
   <div class='ocr_carea' id='block_1_98' title="bbox 612 5123 2188 5207">
    <p class='ocr_par' dir='ltr' id='par_1_98' title="bbox 612 5123 2188 5207">
     <span class='ocr_line' id='line_1_98' title="bbox 612 5123 2188 5207; baseline -0.01 -15"><span class='ocrx_word' id='word_1_777' title='bbox 612 5145 928 5207; x_wconf 87' lang='lat' dir='ltr'><strong>peccatores</strong></span> <span class='ocrx_word' id='word_1_778' title='bbox 981 5148 1241 5190; x_wconf 87' lang='lat' dir='ltr'><strong>accusare</strong></span> <span class='ocrx_word' id='word_1_779' title='bbox 1282 5146 1386 5187; x_wconf 90' lang='lat' dir='ltr'><strong>non</strong></span> <span class='ocrx_word' id='word_1_780' title='bbox 1448 5130 1819 5198; x_wconf 86' lang='lat' dir='ltr'><strong>permittente.</strong></span> <span class='ocrx_word' id='word_1_781' title='bbox 1889 5123 2093 5180; x_wconf 84' lang='lat' dir='ltr'><strong>Idcirco</strong></span> <span class='ocrx_word' id='word_1_782' title='bbox 2133 5132 2188 5178; x_wconf 90' lang='lat' dir='ltr'><strong>et</strong></span> 
     </span>
    </p>
   </div>
   <div class='ocr_carea' id='block_1_99' title="bbox 614 5214 2188 5296">
    <p class='ocr_par' dir='ltr' id='par_1_99' title="bbox 614 5214 2188 5296">
     <span class='ocr_line' id='line_1_99' title="bbox 614 5214 2188 5296; baseline -0.01 -15"><span class='ocrx_word' id='word_1_783' title='bbox 614 5227 768 5296; x_wconf 90' lang='lat' dir='ltr'><strong>quasi</strong></span> <span class='ocrx_word' id='word_1_784' title='bbox 791 5226 917 5281; x_wconf 77' lang='lat' dir='ltr'><strong>fune</strong></span> <span class='ocrx_word' id='word_1_785' title='bbox 947 5222 1433 5289; x_wconf 87' lang='lat' dir='ltr'><strong>circumscribitur,</strong></span> <span class='ocrx_word' id='word_1_786' title='bbox 1456 5220 1696 5274; x_wconf 90' lang='lat' dir='ltr'><strong>omnium</strong></span> <span class='ocrx_word' id='word_1_787' title='bbox 1734 5215 2053 5270; x_wconf 86' lang='lat' dir='ltr'><strong>miscratore</strong></span> <span class='ocrx_word' id='word_1_788' title='bbox 2082 5214 2188 5269; x_wconf 90' lang='lat' dir='ltr'><strong>Deo</strong></span> 
     </span>
    </p>
   </div>
   <div class='ocr_carea' id='block_1_100' title="bbox 616 5305 2186 5388">
    <p class='ocr_par' dir='ltr' id='par_1_100' title="bbox 616 5305 2186 5388">
     <span class='ocr_line' id='line_1_100' title="bbox 616 5305 2186 5388; baseline -0.008 -14"><span class='ocrx_word' id='word_1_789' title='bbox 616 5318 1043 5388; x_wconf 84' lang='lat' dir='ltr'><strong>uniuscujusque</strong></span> <span class='ocrx_word' id='word_1_790' title='bbox 1078 5330 1292 5386; x_wconf 57' lang='lat' dir='ltr'><strong>pinnam</strong></span> <span class='ocrx_word' id='word_1_791' title='bbox 1341 5311 1639 5368; x_wconf 85' lang='lat' dir='ltr'><strong>sceleribus</strong></span> <span class='ocrx_word' id='word_1_792' title='bbox 1689 5305 2038 5377; x_wconf 81' lang='lat' dir='ltr'><strong>pr0p0itione</strong></span> <span class='ocrx_word' id='word_1_793' title='bbox 2099 5322 2186 5361; x_wconf 83' lang='lat' dir='ltr'><strong>re-</strong></span> 
     </span>
    </p>
   </div>
   <div class='ocr_carea' id='block_1_101' title="bbox 615 5404 1317 5475">
    <p class='ocr_par' dir='ltr' id='par_1_101' title="bbox 615 5404 1317 5475">
     <span class='ocr_line' id='line_1_101' title="bbox 615 5404 1317 5475; baseline -0.009 -11"><span class='ocrx_word' id='word_1_794' title='bbox 615 5410 969 5475; x_wconf 77' lang='lat' dir='ltr'><strong>spondentem</strong></span> <span class='ocrx_word' id='word_1_795' title='bbox 1003 5404 1317 5461; x_wconf 79' lang='lat' dir='ltr'><strong>deﬁuienle.</strong></span> 
     </span>
    </p>
   </div>
   <div class='ocr_carea' id='block_1_102' title="bbox 2290 4572 3867 4650">
    <p class='ocr_par' dir='ltr' id='par_1_102' title="bbox 2290 4572 3867 4650">
     <span class='ocr_line' id='line_1_102' title="bbox 2290 4572 3867 4650; baseline -0.007 -18"><span class='ocrx_word' id='word_1_796' title='bbox 2290 4580 2446 4650; x_wconf 80' lang='grc' dir='ltr'><strong>ἡμῶν</strong></span> <span class='ocrx_word' id='word_1_797' title='bbox 2468 4581 2765 4649; x_wconf 79' lang='grc' dir='ltr'><strong>ἀνήνεγκεν</strong></span> <span class='ocrx_word' id='word_1_798' title='bbox 2805 4580 2861 4630; x_wconf 86' lang='grc' dir='ltr'><strong>ἐν</strong></span> <span class='ocrx_word' id='word_1_799' title='bbox 2901 4576 2977 4647; x_wconf 80' lang='grc' dir='ltr'><strong>τῷ</strong></span> <span class='ocrx_word' id='word_1_800' title='bbox 3010 4575 3219 4645; x_wconf 82' lang='grc' dir='ltr'><strong>σώματι</strong></span> <span class='ocrx_word' id='word_1_801' title='bbox 3260 4572 3423 4627; x_wconf 82' lang='grc' dir='ltr'><strong>αὑτοῦ</strong></span> <span class='ocrx_word' id='word_1_802' title='bbox 3466 4574 3559 4627; x_wconf 79' lang='grc' dir='ltr'><strong>ἐπὶ</strong></span> <span class='ocrx_word' id='word_1_803' title='bbox 3588 4573 3649 4625; x_wconf 86' lang='grc' dir='ltr'><strong>τὸ</strong></span> <span class='ocrx_word' id='word_1_804' title='bbox 3686 4572 3867 4638; x_wconf 76' lang='grc' dir='ltr'><strong>ξύλον,</strong></span> 
     </span>
    </p>
   </div>
   <div class='ocr_carea' id='block_1_103' title="bbox 2290 4664 3864 4740">
    <p class='ocr_par' dir='ltr' id='par_1_103' title="bbox 2290 4664 3864 4740">
     <span class='ocr_line' id='line_1_103' title="bbox 2290 4664 3864 4740; baseline -0.004 -17"><span class='ocrx_word' id='word_1_805' title='bbox 2290 4664 2687 4740; x_wconf 78' lang='grc' dir='ltr'><strong>τεθριάμϐευκέ</strong></span> <span class='ocrx_word' id='word_1_806' title='bbox 2731 4686 2792 4722; x_wconf 90' lang='grc' dir='ltr'><strong>τε</strong></span> <span class='ocrx_word' id='word_1_807' title='bbox 2835 4669 2896 4721; x_wconf 85' lang='grc' dir='ltr'><strong>τὸ</strong></span> <span class='ocrx_word' id='word_1_808' title='bbox 2937 4667 3057 4721; x_wconf 83' lang='grc' dir='ltr'><strong>καθ’</strong></span> <span class='ocrx_word' id='word_1_809' title='bbox 3107 4665 3262 4737; x_wconf 81' lang='grc' dir='ltr'><strong>ἡμῶν</strong></span> <span class='ocrx_word' id='word_1_810' title='bbox 3308 4666 3691 4736; x_wconf 82' lang='grc' dir='ltr'><strong>χειρόγραφον.</strong></span> <span class='ocrx_word' id='word_1_811' title='bbox 3724 4665 3864 4725; x_wconf 80' lang='grc' dir='ltr'><strong>Ἵνα,</strong></span> 
     </span>
    </p>
   </div>
   <div class='ocr_carea' id='block_1_104' title="bbox 2289 4753 3869 4830">
    <p class='ocr_par' dir='ltr' id='par_1_104' title="bbox 2289 4753 3869 4830">
     <span class='ocr_line' id='line_1_104' title="bbox 2289 4753 3869 4830; baseline -0.004 -17"><span class='ocrx_word' id='word_1_812' title='bbox 2289 4759 2433 4813; x_wconf 88' lang='grc' dir='ltr'><strong>καθά</strong></span> <span class='ocrx_word' id='word_1_813' title='bbox 2471 4776 2636 4830; x_wconf 89' lang='grc' dir='ltr'><strong>φησιν</strong></span> <span class='ocrx_word' id='word_1_814' title='bbox 2682 4761 2710 4813; x_wconf 90' lang='lat'><strong>6</strong></span> <span class='ocrx_word' id='word_1_815' title='bbox 2751 4758 3039 4821; x_wconf 87' lang='grc' dir='ltr'><strong>θεσπέσιος</strong></span> <span class='ocrx_word' id='word_1_816' title='bbox 3087 4755 3371 4826; x_wconf 79' lang='grc' dir='ltr'><strong>Μελῳδὸς,</strong></span> <span class='ocrx_word' id='word_1_817' title='bbox 3404 4775 3423 4807; x_wconf 79' lang='grc' dir='ltr'><strong>ι</strong></span> <span class='ocrx_word' id='word_1_818' title='bbox 3467 4756 3624 4809; x_wconf 80' lang='grc' dir='ltr'><strong>Πᾶσα</strong></span> <span class='ocrx_word' id='word_1_819' title='bbox 3667 4753 3869 4823; x_wconf 87' lang='grc' dir='ltr'><strong>ἀνομία</strong></span> 
     </span>
    </p>
   </div>
   <div class='ocr_carea' id='block_1_105' title="bbox 2289 4847 3870 4929">
    <p class='ocr_par' dir='ltr' id='par_1_105' title="bbox 2289 4847 3870 4929">
     <span class='ocr_line' id='line_1_105' title="bbox 2289 4847 3870 4929; baseline -0.006 -20"><span class='ocrx_word' id='word_1_820' title='bbox 2289 4857 2543 4929; x_wconf 80' lang='grc' dir='ltr'><strong>ἐμφράξῃ</strong></span> <span class='ocrx_word' id='word_1_821' title='bbox 2576 4855 2638 4908; x_wconf 84' lang='grc' dir='ltr'><strong>τδ</strong></span> <span class='ocrx_word' id='word_1_822' title='bbox 2666 4853 2842 4925; x_wconf 82' lang='grc' dir='ltr'><strong>στόμα</strong></span> <span class='ocrx_word' id='word_1_823' title='bbox 2891 4853 3078 4922; x_wconf 83' lang='grc' dir='ltr'><strong>αὑτῆς.</strong></span> <span class='ocrx_word' id='word_1_824' title='bbox 3123 4869 3142 4904; x_wconf 76' lang='grc' dir='ltr'><strong>ι</strong></span> <span class='ocrx_word' id='word_1_825' title='bbox 3179 4849 3431 4919; x_wconf 82' lang='grc' dir='ltr'><strong>Μολίδδῳ</strong></span> <span class='ocrx_word' id='word_1_826' title='bbox 3470 4849 3528 4902; x_wconf 88' lang='grc' dir='ltr'><strong>δέ</strong></span> <span class='ocrx_word' id='word_1_827' title='bbox 3570 4847 3664 4902; x_wconf 80' lang='grc' dir='ltr'><strong>καὶ</strong></span> <span class='ocrx_word' id='word_1_828' title='bbox 3705 4847 3870 4910; x_wconf 78' lang='grc' dir='ltr'><strong>αὑτὸς</strong></span> 
     </span>
    </p>
   </div>
   <div class='ocr_carea' id='block_1_106' title="bbox 2290 4938 3869 5018">
    <p class='ocr_par' dir='ltr' id='par_1_106' title="bbox 2290 4938 3869 5018">
     <span class='ocr_line' id='line_1_106' title="bbox 2290 4938 3869 5018; baseline -0.008 -16"><span class='ocrx_word' id='word_1_829' title='bbox 2290 4946 2685 5018; x_wconf 80' lang='grc' dir='ltr'><strong>παρεικάζεται</strong></span> <span class='ocrx_word' id='word_1_830' title='bbox 2702 4962 2715 4976; x_wconf 90' lang='grc'><strong>·</strong></span> <span class='ocrx_word' id='word_1_831' title='bbox 2757 4943 3246 5017; x_wconf 81' lang='grc' dir='ltr'><strong>παραλαμὸἀνεται</strong></span> <span class='ocrx_word' id='word_1_832' title='bbox 3277 4941 3357 5007; x_wconf 83' lang='grc' dir='ltr'><strong>δὲ,</strong></span> <span class='ocrx_word' id='word_1_833' title='bbox 3384 4941 3462 5003; x_wconf 84' lang='grc' dir='ltr'><strong>ὡς</strong></span> <span class='ocrx_word' id='word_1_834' title='bbox 3482 4939 3639 5009; x_wconf 71' lang='grc' dir='ltr'><strong>ἔφην,</strong></span> <span class='ocrx_word' id='word_1_835' title='bbox 3664 4939 3693 4991; x_wconf 93' lang='lat'><strong>6</strong></span> <span class='ocrx_word' id='word_1_836' title='bbox 3717 4938 3869 5009; x_wconf 83' lang='grc' dir='ltr'><strong>μόλι-</strong></span> 
     </span>
    </p>
   </div>
   <div class='ocr_carea' id='block_1_107' title="bbox 2292 5030 3870 5109">
    <p class='ocr_par' dir='ltr' id='par_1_107' title="bbox 2292 5030 3870 5109">
     <span class='ocr_line' id='line_1_107' title="bbox 2292 5030 3870 5109; baseline -0.004 -18"><span class='ocrx_word' id='word_1_837' title='bbox 2292 5040 2414 5103; x_wconf 80' lang='grc' dir='ltr'><strong>ϐδος</strong></span> <span class='ocrx_word' id='word_1_838' title='bbox 2446 5039 2597 5109; x_wconf 82' lang='grc' dir='ltr'><strong>παρά</strong></span> <span class='ocrx_word' id='word_1_839' title='bbox 2614 5038 2722 5091; x_wconf 84' lang='grc' dir='ltr'><strong>τῶν</strong></span> <span class='ocrx_word' id='word_1_840' title='bbox 2743 5038 3100 5109; x_wconf 82' lang='grc' dir='ltr'><strong>ἀργυροχοεῖν</strong></span> <span class='ocrx_word' id='word_1_841' title='bbox 3122 5034 3411 5100; x_wconf 80' lang='grc' dir='ltr'><strong>εἰωθότων,</strong></span> <span class='ocrx_word' id='word_1_842' title='bbox 3440 5035 3521 5099; x_wconf 88' lang='grc' dir='ltr'><strong>είς</strong></span> <span class='ocrx_word' id='word_1_843' title='bbox 3549 5030 3870 5103; x_wconf 86' lang='grc' dir='ltr'><strong>ἀποκάθαρ-</strong></span> 
     </span>
    </p>
   </div>
   <div class='ocr_carea' id='block_1_108' title="bbox 2296 5124 3868 5200">
    <p class='ocr_par' dir='ltr' id='par_1_108' title="bbox 2296 5124 3868 5200">
     <span class='ocr_line' id='line_1_108' title="bbox 2296 5124 3868 5200; baseline -0.005 -16"><span class='ocrx_word' id='word_1_844' title='bbox 2296 5148 2380 5184; x_wconf 92' lang='grc' dir='ltr'><strong>σιν</strong></span> <span class='ocrx_word' id='word_1_845' title='bbox 2406 5129 2514 5184; x_wconf 87' lang='grc' dir='ltr'><strong>τῶν</strong></span> <span class='ocrx_word' id='word_1_846' title='bbox 2551 5129 2957 5200; x_wconf 74' lang='grc' dir='ltr'><strong>χωνευομένων.</strong></span> <span class='ocrx_word' id='word_1_847' title='bbox 2990 5126 3224 5197; x_wconf 88' lang='grc' dir='ltr'><strong>Τοιαύτη</strong></span> <span class='ocrx_word' id='word_1_848' title='bbox 3260 5125 3318 5179; x_wconf 88' lang='grc' dir='ltr'><strong>δέ</strong></span> <span class='ocrx_word' id='word_1_849' title='bbox 3356 5144 3472 5190; x_wconf 87' lang='grc' dir='ltr'><strong>πως</strong></span> <span class='ocrx_word' id='word_1_850' title='bbox 3503 5124 3596 5179; x_wconf 90' lang='grc' dir='ltr'><strong>τοῦ</strong></span> <span class='ocrx_word' id='word_1_851' title='bbox 3630 5124 3868 5196; x_wconf 82' lang='grc' dir='ltr'><strong>Χριστοῦ</strong></span> 
     </span>
    </p>
   </div>
   <div class='ocr_carea' id='block_1_109' title="bbox 2294 5213 3875 5290">
    <p class='ocr_par' dir='ltr' id='par_1_109' title="bbox 2294 5213 3875 5290">
     <span class='ocr_line' id='line_1_109' title="bbox 2294 5213 3875 5290; baseline -0.003 -19"><span class='ocrx_word' id='word_1_852' title='bbox 2294 5220 2327 5289; x_wconf 78' lang='grc' dir='ltr'>ἡ</span> <span class='ocrx_word' id='word_1_853' title='bbox 2354 5218 2590 5290; x_wconf 60' lang='grc' dir='ltr'><strong>δύναμις⁸</strong></span> <span class='ocrx_word' id='word_1_854' title='bbox 2610 5219 2667 5270; x_wconf 80' lang='grc' dir='ltr'><strong>ἐν</strong></span> <span class='ocrx_word' id='word_1_855' title='bbox 2699 5219 2848 5288; x_wconf 83' lang='grc' dir='ltr'><strong>ἡμῖν.</strong></span> <span class='ocrx_word' id='word_1_856' title='bbox 2886 5218 2947 5269; x_wconf 84' lang='lat' dir='ltr'><strong>Ei</strong></span> <span class='ocrx_word' id='word_1_857' title='bbox 2974 5214 3083 5285; x_wconf 83' lang='grc' dir='ltr'><strong>γὰρ</strong></span> <span class='ocrx_word' id='word_1_858' title='bbox 3109 5216 3190 5279; x_wconf 87' lang='grc' dir='ltr'><strong>είς</strong></span> <span class='ocrx_word' id='word_1_859' title='bbox 3218 5214 3343 5268; x_wconf 87' lang='grc' dir='ltr'><strong>νοῦν</strong></span> <span class='ocrx_word' id='word_1_860' title='bbox 3371 5214 3578 5279; x_wconf 86' lang='grc' dir='ltr'><strong>γένοιτο</strong></span> <span class='ocrx_word' id='word_1_861' title='bbox 3610 5213 3705 5266; x_wconf 62' lang='grc' dir='ltr'><strong>καὶ⁹</strong></span> <span class='ocrx_word' id='word_1_862' title='bbox 3734 5229 3875 5282; x_wconf 86' lang='grc' dir='ltr'><strong>καρ-</strong></span> 
     </span>
    </p>
   </div>
   <div class='ocr_carea' id='block_1_110' title="bbox 2292 5304 3871 5378">
    <p class='ocr_par' dir='ltr' id='par_1_110' title="bbox 2292 5304 3871 5378">
     <span class='ocr_line' id='line_1_110' title="bbox 2292 5304 3871 5378; baseline -0.004 -16"><span class='ocrx_word' id='word_1_863' title='bbox 2292 5309 2429 5372; x_wconf 84' lang='grc' dir='ltr'><strong>δίαν,</strong></span> <span class='ocrx_word' id='word_1_864' title='bbox 2454 5310 2629 5363; x_wconf 87' lang='grc' dir='ltr'><strong>πάντα</strong></span> <span class='ocrx_word' id='word_1_865' title='bbox 2650 5308 2713 5378; x_wconf 85' lang='grc' dir='ltr'><strong>δὴ</strong></span> <span class='ocrx_word' id='word_1_866' title='bbox 2748 5308 2963 5368; x_wconf 87' lang='grc' dir='ltr'><strong>πάντως</strong></span> <span class='ocrx_word' id='word_1_867' title='bbox 2996 5308 3215 5377; x_wconf 80' lang='grc' dir='ltr'><strong>ἐκτήκει</strong></span> <span class='ocrx_word' id='word_1_868' title='bbox 3241 5307 3428 5377; x_wconf 80' lang='grc' dir='ltr'><strong>ῥύπον.</strong></span> <span class='ocrx_word' id='word_1_869' title='bbox 3459 5307 3616 5358; x_wconf 86' lang='grc' dir='ltr'><strong>Δοκεῖ</strong></span> <span class='ocrx_word' id='word_1_870' title='bbox 3642 5304 3700 5357; x_wconf 86' lang='grc' dir='ltr'><strong>δέ</strong></span> <span class='ocrx_word' id='word_1_871' title='bbox 3728 5321 3871 5358; x_wconf 91' lang='grc' dir='ltr'><strong>τισιν</strong></span> 
     </span>
    </p>
   </div>
   <div class='ocr_carea' id='block_1_111' title="bbox 2291 5397 3871 5472">
    <p class='ocr_par' dir='ltr' id='par_1_111' title="bbox 2291 5397 3871 5472">
     <span class='ocr_line' id='line_1_111' title="bbox 2291 5397 3871 5472; baseline -0.004 -18"><span class='ocrx_word' id='word_1_872' title='bbox 2291 5400 2548 5472; x_wconf 77' lang='grc' dir='ltr'><strong>ἐρρίφθαι</strong></span> <span class='ocrx_word' id='word_1_873' title='bbox 2593 5402 2684 5454; x_wconf 85' lang='grc' dir='ltr'><strong>τὸν</strong></span> <span class='ocrx_word' id='word_1_874' title='bbox 2735 5398 2980 5470; x_wconf 79' lang='grc' dir='ltr'><strong>μόλιῦδον</strong></span> <span class='ocrx_word' id='word_1_875' title='bbox 3027 5400 3104 5461; x_wconf 88' lang='grc' dir='ltr'><strong>εἰς</strong></span> <span class='ocrx_word' id='word_1_876' title='bbox 3136 5398 3194 5451; x_wconf 85' lang='grc' dir='ltr'><strong>τὸ</strong></span> <span class='ocrx_word' id='word_1_877' title='bbox 3238 5398 3337 5468; x_wconf 87' lang='grc' dir='ltr'><strong>τῆς</strong></span> <span class='ocrx_word' id='word_1_878' title='bbox 3386 5397 3616 5467; x_wconf 88' lang='grc' dir='ltr'><strong>ἀνομίας</strong></span> <span class='ocrx_word' id='word_1_879' title='bbox 3670 5397 3871 5465; x_wconf 83' lang='grc' dir='ltr'><strong>στόμα,</strong></span> 
     </span>
    </p>
   </div>
   <div class='ocr_carea' id='block_1_112' title="bbox 612 5488 3873 5569">
    <p class='ocr_par' dir='ltr' id='par_1_112' title="bbox 612 5488 3873 5569">
     <span class='ocr_line' id='line_1_112' title="bbox 612 5488 3873 5569; baseline -0.005 -15"><span class='ocrx_word' id='word_1_880' title='bbox 612 5493 725 5554; x_wconf 70' lang='grc' dir='ltr'><strong>οἷον</strong></span> <span class='ocrx_word' id='word_1_881' title='bbox 754 5497 1159 5569; x_wconf 67' lang='grc' dir='ltr'><strong>ἐμφράττοντος</strong></span> <span class='ocrx_word' id='word_1_882' title='bbox 1193 5494 1323 5551; x_wconf 81' lang='grc' dir='ltr'><strong>αὑτὸ</strong></span> <span class='ocrx_word' id='word_1_883' title='bbox 1354 5493 1449 5548; x_wconf 88' lang='grc' dir='ltr'><strong>τοῦ</strong></span> <span class='ocrx_word' id='word_1_884' title='bbox 1481 5491 1638 5557; x_wconf 88' lang='grc' dir='ltr'><strong>Θεοῦ,</strong></span> <span class='ocrx_word' id='word_1_885' title='bbox 1674 5492 1769 5546; x_wconf 72' lang='grc' dir='ltr'><strong>καὶ</strong></span> <span class='ocrx_word' id='word_1_886' title='bbox 1814 5490 1958 5561; x_wconf 87' lang='grc' dir='ltr'><strong>πέρα</strong></span> <span class='ocrx_word' id='word_1_887' title='bbox 2024 5490 2225 5561; x_wconf 81' lang='grc' dir='ltr'><strong>μέτρου</strong></span> <span class='ocrx_word' id='word_1_888' title='bbox 2263 5493 2533 5562; x_wconf 76' lang='grc' dir='ltr'><strong>καταὸοᾷν</strong></span> <span class='ocrx_word' id='word_1_889' title='bbox 2596 5493 2705 5546; x_wconf 83' lang='grc' dir='ltr'><strong>τῶν</strong></span> <span class='ocrx_word' id='word_1_890' title='bbox 2735 5490 3132 5561; x_wconf 81' lang='grc' dir='ltr'><strong>ἡμαρτηκότων</strong></span> <span class='ocrx_word' id='word_1_891' title='bbox 3168 5490 3267 5543; x_wconf 87' lang='grc' dir='ltr'><strong>οὑκ</strong></span> <span class='ocrx_word' id='word_1_892' title='bbox 3292 5489 3533 5557; x_wconf 82' lang='grc' dir='ltr'><strong>ἐφιέντος</strong></span> <span class='ocrx_word' id='word_1_893' title='bbox 3558 5488 3655 5542; x_wconf 79' lang='grc' dir='ltr'><strong>ἔτι.</strong></span> <span class='ocrx_word' id='word_1_894' title='bbox 3685 5488 3873 5557; x_wconf 84' lang='grc' dir='ltr'><strong>Ταύτῃ</strong></span> 
     </span>
    </p>
   </div>
   <div class='ocr_carea' id='block_1_113' title="bbox 616 5577 3871 5664">
    <p class='ocr_par' dir='ltr' id='par_1_113' title="bbox 616 5577 3871 5664">
     <span class='ocr_line' id='line_1_113' title="bbox 616 5577 3871 5664; baseline -0.004 -19"><span class='ocrx_word' id='word_1_895' title='bbox 616 5591 725 5664; x_wconf 80' lang='grc' dir='ltr'><strong>γάρ</strong></span> <span class='ocrx_word' id='word_1_896' title='bbox 753 5590 817 5660; x_wconf 79' lang='grc' dir='ltr'><strong>δή</strong></span> <span class='ocrx_word' id='word_1_897' title='bbox 877 5605 959 5643; x_wconf 86' lang='grc' dir='ltr'><strong>τοι</strong></span> <span class='ocrx_word' id='word_1_898' title='bbox 1001 5588 1094 5642; x_wconf 73' lang='grc' dir='ltr'><strong>καὶ</strong></span> <span class='ocrx_word' id='word_1_899' title='bbox 1154 5587 1335 5659; x_wconf 87' lang='grc' dir='ltr'><strong>μέτρῳ</strong></span> <span class='ocrx_word' id='word_1_900' title='bbox 1395 5582 1876 5655; x_wconf 78' lang='grc' dir='ltr'><strong>περισχοινίζεται,</strong></span> <span class='ocrx_word' id='word_1_901' title='bbox 1933 5582 2481 5652; x_wconf 80' lang='grc' dir='ltr'><strong>συναναμετροῦντος,</strong></span> <span class='ocrx_word' id='word_1_902' title='bbox 2526 5577 2677 5650; x_wconf 68' lang='grc' dir='ltr'><strong>οἶμαί</strong></span> <span class='ocrx_word' id='word_1_903' title='bbox 2754 5598 2881 5643; x_wconf 84' lang='grc' dir='ltr'><strong>που,</strong></span> <span class='ocrx_word' id='word_1_904' title='bbox 2936 5579 3028 5632; x_wconf 79' lang='grc' dir='ltr'><strong>τοῦ</strong></span> <span class='ocrx_word' id='word_1_905' title='bbox 3073 5580 3278 5643; x_wconf 83' lang='grc' dir='ltr'><strong>πάντας</strong></span> <span class='ocrx_word' id='word_1_906' title='bbox 3326 5577 3682 5649; x_wconf 77' lang='grc' dir='ltr'><strong>οἰκτείροντος</strong></span> <span class='ocrx_word' id='word_1_907' title='bbox 3731 5577 3871 5631; x_wconf 76' lang='grc' dir='ltr'><strong>Θεοῦ</strong></span> 
     </span>
    </p>
   </div>
   <div class='ocr_carea' id='block_1_114' title="bbox 615 5672 2396 5747">
    <p class='ocr_par' dir='ltr' id='par_1_114' title="bbox 615 5672 2396 5747">
     <span class='ocr_line' id='line_1_114' title="bbox 615 5672 2396 5747; baseline -0.006 -11"><span class='ocrx_word' id='word_1_908' title='bbox 615 5686 729 5742; x_wconf 77' lang='grc' dir='ltr'><strong>τοῖς</strong></span> <span class='ocrx_word' id='word_1_909' title='bbox 782 5680 887 5733; x_wconf 83' lang='grc' dir='ltr'><strong>τῶν</strong></span> <span class='ocrx_word' id='word_1_910' title='bbox 940 5678 1295 5746; x_wconf 84' lang='grc' dir='ltr'><strong>πταισμάτων</strong></span> <span class='ocrx_word' id='word_1_911' title='bbox 1353 5677 1661 5747; x_wconf 77' lang='grc' dir='ltr'><strong>ἐγκλήμασι</strong></span> <span class='ocrx_word' id='word_1_912' title='bbox 1702 5673 1798 5737; x_wconf 70' lang='grc' dir='ltr'><strong>τὰς</strong></span> <span class='ocrx_word' id='word_1_913' title='bbox 1841 5674 1926 5742; x_wconf 72' lang='grc' dir='ltr'><strong>ἐφ’</strong></span> <span class='ocrx_word' id='word_1_914' title='bbox 1975 5672 2188 5741; x_wconf 78' lang='grc' dir='ltr'><strong>ἑκάστῳ</strong></span> <span class='ocrx_word' id='word_1_915' title='bbox 2225 5673 2396 5735; x_wconf 69' lang='grc' dir='ltr'><strong>δίκας.</strong></span> 
     </span>
    </p>
   </div>
   <div class='ocr_carea' id='block_1_115' title="bbox 689 5791 1289 5857">
    <p class='ocr_par' dir='ltr' id='par_1_115' title="bbox 689 5791 1289 5857">
     <span class='ocr_line' id='line_1_115' title="bbox 689 5791 1289 5857; baseline -0.007 -6"><span class='ocrx_word' id='word_1_916' title='bbox 689 5795 734 5829; x_wconf 78' lang='grc'><strong>⁸⁸</strong></span> <span class='ocrx_word' id='word_1_917' title='bbox 780 5792 967 5850; x_wconf 77' lang='lat' dir='ltr'><strong>Matth.</strong></span> <span class='ocrx_word' id='word_1_918' title='bbox 1010 5806 1162 5857; x_wconf 59' lang='grc' dir='ltr'><strong>χλιιι,</strong></span> <span class='ocrx_word' id='word_1_919' title='bbox 1205 5791 1289 5847; x_wconf 69' lang='grc'><strong>52.</strong></span> 
     </span>
    </p>
   </div>
   <div class='ocr_carea' id='block_1_116' title="bbox 1409 5787 2517 5857">
    <p class='ocr_par' dir='ltr' id='par_1_116' title="bbox 1409 5787 2517 5857">
     <span class='ocr_line' id='line_1_116' title="bbox 1409 5787 2517 5857; baseline -0.005 -12"><span class='ocrx_word' id='word_1_920' title='bbox 1409 5794 1501 5850; x_wconf 79' lang='lat'><strong>“1</strong></span> <span class='ocrx_word' id='word_1_921' title='bbox 1543 5792 1683 5848; x_wconf 85' lang='lat' dir='ltr'><strong>I‘etr.</strong></span> <span class='ocrx_word' id='word_1_922' title='bbox 1729 5806 1785 5857; x_wconf 83' lang='lat' dir='ltr'><strong>li,</strong></span> <span class='ocrx_word' id='word_1_923' title='bbox 1827 5789 1914 5844; x_wconf 68' lang='lat' dir='ltr'><strong>‘ll.</strong></span> <span class='ocrx_word' id='word_1_924' title='bbox 1993 5790 2033 5819; x_wconf 68' lang='grc'><strong>⁸⁷</strong></span> <span class='ocrx_word' id='word_1_925' title='bbox 2076 5787 2282 5842; x_wconf 54' lang='grc' dir='ltr'><strong>(ἶυιυδδ.</strong></span> <span class='ocrx_word' id='word_1_926' title='bbox 2330 5804 2387 5850; x_wconf 85' lang='lat' dir='ltr'><strong>ll,</strong></span> <span class='ocrx_word' id='word_1_927' title='bbox 2437 5789 2517 5843; x_wconf 75' lang='lat' dir='ltr'><strong>ll.</strong></span> 
     </span>
    </p>
   </div>
   <div class='ocr_carea' id='block_1_117' title="bbox 2600 5784 3095 5849">
    <p class='ocr_par' dir='ltr' id='par_1_117' title="bbox 2600 5784 3095 5849">
     <span class='ocr_line' id='line_1_117' title="bbox 2600 5784 3095 5849; baseline -0.01 -7"><span class='ocrx_word' id='word_1_928' title='bbox 2600 5788 2642 5817; x_wconf 74' lang='lat'><strong>“</strong></span> <span class='ocrx_word' id='word_1_929' title='bbox 2684 5786 2821 5841; x_wconf 77' lang='lat' dir='ltr'><strong>l‘sal.</strong></span> <span class='ocrx_word' id='word_1_930' title='bbox 2864 5801 2970 5849; x_wconf 68' lang='lat' dir='ltr'><strong>crs,</strong></span> <span class='ocrx_word' id='word_1_931' title='bbox 3012 5784 3095 5838; x_wconf 69' lang='lat' dir='ltr'><strong>i2.</strong></span> 
     </span>
    </p>
   </div>
  </div>
