4120 6566
304 425 382 484 ω
1134 425 1690 493 COMlllENTARlUS
1732 428 1797 481 IN
1839 429 2238 489 zacusrusu
2280 399 2722 492 pnopnsnu.
3475 437 3571 500 "se

379 539 492 595 Kal
533 532 651 610 ἦρα
691 554 834 605 τους
870 538 1215 609 ὀφθαλμούς
1246 558 1391 610 μου,
1431 542 1532 596 καὶ
1586 541 1737 606 ἴδον,
1791 540 1890 596 καὶ

2067 547 2233 613 Vens,
2259 550 2315 614 9,
2355 549 2441 603 10.
2468 548 2537 604 Et
2570 550 2733 604 levavi
2761 548 2939 603 oculos
2970 566 3131 615 meos,
3158 560 3207 606 et
3231 554 3357 619 ridi,
3390 565 3436 610 et
3459 574 3572 613 ecce

310 630 443 687 ἰδοὺ
486 630 595 685 δύο
641 629 920 701 γυναῖκες
967 630 1450 701 ἐκπορευόμεναι,
1506 632 1604 687 καί
1653 632 1891 700 πνεῦμα

307 719 383 773 ἐν
410 719 539 784 ταῖς
566 718 851 787 πτέρυξιν
879 719 1096 787 αὐτῶν,
1138 721 1239 775 καί
1276 716 1453 777 αὗται
1484 718 1653 792 εἶχον
1685 721 1891 789 πτέρυ-

310 825 419 878 γας
445 808 692 874 ἔποπος,
741 809 842 864 καὶ
883 808 1181 865 ἀνέλαϐον
1223 811 1290 865 τό
1316 811 1540 879 μέτρον
1584 811 1891 881 ἀναμέσων

310 898 420 967 τῆς
448 899 583 969 γῆς,
632 901 731 955 καὶ
768 901 1079 971 ἀναμέσον
1109 901 1217 957 τοῦ
1259 904 1540 971 οὐρανοῦ.
1593 903 1704 958 Kal
1752 901 1891 960 εἶπα

309 989 462 1055 πρὸς
499 988 609 1042 τὸν
642 989 921 1059 ἄγγελον,
960 991 1069 1045 τὸν
1114 992 1424 1046 λαλοῦντα
1462 992 1533 1045 ἐν
1559 992 1691 1061 ἐμοί
1712 1011 1727 1026 ο
1764 994 1890 1049 Ποῦ

306 1073 879 1148 αὗταιάποςοέρουσι
910 1081 974 1134 τὸ
1006 1079 1229 1150 μέτρον
1248 1080 1403 1146 ;Κιιὶ
1433 1077 1564 1136 εἷπε
1596 1083 1745 1150 πρός
1777 1100 1853 1153 με
1873 1100 1886 1112 ·

312 1168 711 1241 Οἰκοδομῆσαι
748 1170 909 1237 αὐτῷ
942 1175 1145 1227 οὶκίαν
1182 1173 1252 1226 ἐν
1280 1172 1356 1243 γῇ
1383 1174 1759 1241 Βαϐυλῶνος,
1792 1176 1894 1229 καὶ

308 1259 637 1330 ἑτοιμάσω,
666 1260 765 1316 καὶ
791 1260 1093 1329 θήσουσιν
1128 1262 1274 1317 αὐτὸ
1311 1263 1441 1318 ἐκεῖ
1472 1263 1568 1317 ἐπὶ
1595 1262 1709 1332 τὴν
1741 1263 1919 1318 ἐτοι-να

301 1352 537 1421 μασιάν
568 1352 776 1407 αὐτοῦ.
1080 1390 1081 1393 η

378 1441 504 1497 AA'.
546 1441 590 1493 Τ
598 1442 710 1495 ί-ἂν
740 1442 981 1513 βούλοιτο
1025 1442 1217 1514 δηλοῦν
1247 1444 1356 1497 τῶν
1393 1443 1665 1512 γυναικῶν
1695 1447 1728 1517 ἡ
1768 1444 1891 1511 ξυν-

307 1531 465 1603 ωρὶς,
510 1531 722 1603 ἢτίνος
765 1532 831 1587 ἂν
874 1529 983 1586 εἶεν
1019 1536 1100 1597 είς
1151 1534 1342 1601 τύπον,
1396 1536 1694 1605 ἀναγκαῖον
1736 1532 1890 1606 οἶμαί

305 1638 413 1675 που
444 1624 537 1676 καὶ
565 1623 671 1695 πρό
697 1639 761 1692 γε
782 1622 891 1678 τῶν
912 1622 1088 1678 ἄλλων
1111 1626 1305 1680 εἰπεῖν.
1334 1626 1477 1695 Ἔφη
1503 1627 1681 1680 τοίνυν
1710 1629 1738 1679 ὁ
1759 1626 1890 1688 Θεὸς

302 1712 386 1783 τῷ
419 1716 675 1785 προφήτῃ
715 1713 974 1786 Ἱεζεχιήλ
997 1731 1010 1745 ·
1044 1733 1062 1767 ι
1095 1715 1189 1769 Υἱὲ
1232 1714 1543 1787 ἀνθρώπου,
1587 1717 1679 1770 δύο
1706 1721 1891 1784 γυναῖ-

303 1821 406 1868 κες
441 1800 604 1877 ἦσαν,
654 1805 954 1879 θυγατέρες
987 1808 1193 1880 μητρὸς
1244 1810 1393 1879 μιᾶς,
1437 1808 1531 1861 καὶ
1582 1808 1891 1878 ὲξεπόρνευ·

2002 639 2121 693 dua:
2150 640 2396 695 mulieres
2429 642 2838 710 egredientes,et
2873 641 3091 709 spiritus
3123 642 3175 695 in
3203 642 3301 697 alis
3316 644 3571 711 ipsarum,

2000 739 2048 782 et
2078 730 2207 797 ipsa:
2244 731 2503 783 habebam
2537 730 2653 783 alas
2683 744 2891 798 upupa,
2919 736 2969 783 et
2997 728 3323 784 elevauerunt
3365 748 3559 785 mensu-

2002 822 2280 876 raminter
2325 831 2519 875 terram
2555 830 2602 875 et
2664 821 2869 876 caelum.
2919 820 2988 876 Et
3033 821 3148 875 dixi
3187 822 3255 875 ad
3301 822 3570 891 angelum,

1998 911 2479 982 quiloquebaturiu
2513 928 2594 967 me
2620 928 2640 966 :
2666 912 2783 978 Quo
2813 914 2929 967 ista:
2958 912 3198 980 deferunt
3227 928 3522 968 mensuram
3550 915 3574 966 ?

2005 1002 2071 1057 Et
2096 1004 2235 1057 dixit
2263 1004 2332 1057 ad
2373 1020 2494 1058 me:
2532 1002 2601 1057 Ut
2636 1003 2895 1072 (edi/irent
2917 1005 2964 1059 ei
2984 1004 3194 1057 domum
3216 1004 3267 1056 in
3294 1013 3434 1057 terra
3465 1004 3569 1057 Ba-

2000 1090 2225 1164 bylonis,
2256 1102 2305 1148 et
2323 1103 2639 1164 prazparent,
2668 1103 2717 1150 et
2751 1103 2946 1163 ponant
2974 1093 3127 1149 illam
3163 1093 3233 1147 ibi
3251 1100 3409 1162 super
3435 1109 3570 1159 prte-

1997 1186 2511 1254 parationemsuam.
2536 1232 2545 1237 _

2072 1448 2261 1504 XXXI.
2292 1449 2429 1517 Quid
2479 1463 2578 1519 par
2626 1450 2915 1505 mulierum
2968 1448 3187 1518 indicet,
3225 1457 3281 1504 et
3301 1448 3458 1518 cujus
3490 1463 3565 1505 re.

1998 1549 2182 1613 typum
2234 1550 2405 1611 gerat,
2461 1549 2585 1597 ante
2616 1542 2796 1599 omnia
2818 1542 3194 1610 exponendum
3230 1555 3444 1597 censeo.
3481 1541 3571 1595 Ait

1998 1631 2181 1701 itaque
2246 1631 2386 1686 Deus
2435 1632 2708 1701 propheta:
2755 1630 3023 1687 Ezechieli
3062 1648 3074 1684 :
3107 1649 3125 1683 ι
3164 1630 3265 1687 Fili
3312 1632 3566 1695 hominis,

2002 1722 2120 1778 duae
2151 1721 2405 1776 mulieres
2432 1733 2617 1789 erant,
2641 1721 2764 1777 ﬁliae
2789 1722 2980 1776 matris
3010 1721 3191 1787 unius,
3213 1730 3269 1777 et
3292 1722 3569 1794 fornicata:

1998 1822 2125 1866 sunt
2146 1813 2199 1866 in
2231 1811 2492 1883 Egypto,
2516 1814 2568 1867 in
2592 1812 2955 1868 adolescentia
2987 1828 3084 1867 sua
3108 1812 3388 1868 fornicata
3419 1824 3565 1876 sunt,

304 1912 410 1950 σαν
433 1897 493 1949 ὲν
512 1900 583 1969 τῇ
608 1899 889 1970 Αἰγύπτῳ,
920 1900 980 1953 ἐν
1004 1901 1068 1970 τῇ
1095 1899 1307 1970 νεότητι
1331 1897 1511 1953 αὐτῶν
1532 1899 1891 1969 ἐπόρνευσαν,

1998 1904 2106 1957 illic
2156 1904 2469 1959 ceciderunt
2523 1907 2689 1959 ubera
2736 1919 2924 1959 earum
2974 1905 3043 1959 ⁸⁸.
3089 1921 3107 1955 ι
3140 1904 3306 1958 Addit
3352 1904 3460 1967 his,
3500 1906 3567 1957 il~

301 1990 426 2042 ἐκεῖ
453 1988 650 2043 ἔπεσον
684 1992 732 2043 οί
784 1990 983 2061 μαστοὶ
1019 1989 1219 2045 αὐτῶν.
1258 2009 1276 2042 ι
1315 1990 1632 2062 Προσετίθει
1663 1990 1721 2044 δὲ
1766 1990 1892 2044 τού-

297 2097 439 2145 τοις,
495 2082 829 2154 σαφέστερον
883 2082 1144 2146 καθιστὰς
1192 2082 1254 2136 τὸ
1297 2082 1707 2155 διηγγελμένον,
1744 2084 1895 2138 ικαὶ

298 2172 373 2225 τὰ
403 2170 646 2243 ὀνόματα
684 2174 886 2240 αὐτῶν,
917 2174 1205 2245 Σαμάρεια
1237 2174 1269 2245 ἢ
1299 2174 1462 2239 Οθλὰ,
1490 2175 1585 2228 καὶ⁵
1621 2173 1892 2247 Ἰερουσα-

297 2260 418 2331 λὴμ
433 2262 466 2333 ἢ
484 2263 703 2318 Οολιδά.
717 2283 737 2316 ι
762 2264 876 2318 Μία
906 2266 1004 2334 μὲν
1022 2265 1129 2335 γὰρ
1149 2261 1343 2336 ἧν.[ὲν]
1362 2266 1555 2336 ἀρχαῖς
1571 2266 1609 2336 ἡ
1629 2266 1738 2319 τῶν
1767 2267 1895 2318 ’Ῑουρ

298 2351 474 2405 δαίων
516 2356 824 2425 συναγωγή.
884 2354 1042 2408 Κατά
1082 2356 1138 2408 δέ
1190 2372 1255 2423 γε
1286 2348 1377 2408 τὸν
1422 2356 1613 2425 καιρὸν
1654 2356 1752 2426 τῆς
1800 2356 1893 2409 τοῦ

313 2442 559 2514 Ῥοϐοάμ
586 2444 882 2514 βασιλείας,
910 2446 1310 2518 ἀπορραγεῖσαι
1341 2447 1449 2500 τῶν
1482 2447 1658 2502 ἄλλων
1686 2450 1742 2502 αί
1763 2448 1896 2502 δέκα

297 2534 495 2602 φυλαὶ,
534 2538 895 2606 κατῳκήκασι
942 2537 1279 2609 Σαμάρειαν,
1322 2540 1415 2593 καὶ
1460 2538 1897 2609 πεπορνεύκασιν

293 2624 397 2679 ἐπὶ
428 2628 551 2689 ταῖς
603 2626 867 2697 δαμάλεσι
912 2631 1033 2691 ταῖς
1083 2629 1446 2700 χρυσαῖς,ἃ.ς
1496 2628 1896 2684 κατεσκεύασεν

308 2713 605 2786 Ἰεροὸιάμ
638 2716 750 2781 υίὸς
804 2717 1015 2771 Ναὸἀτ.
1068 2718 1215 2788 Πλὴν
1268 2720 1367 2771 οὐκ
1418 2718 1523 2783 ἔξω
1569 2719 1668 2789 τῆς
1716 2719 1896 2781 αἰτίας

294 2805 493 2875 γέγονε
568 2846 584 2862 .
662 2846 693 2860 ,ς
754 2847 771 2864 .
847 2846 865 2863 .
943 2847 958 2863 .
1039 2847 1055 2862 .
1133 2850 1148 2865 .
1227 2848 1242 2863 .
1340 2808 1638 2873 τουτέστιν,
1696 2808 1896 2879 Ἰερου-

294 2896 510 2969 σαλήμ·
546 2897 958 2970 ὲκπεπόρνευκε
1011 2898 1122 2970 γὰρ
1169 2898 1265 2951 καὶ
1307 2897 1449 2969 αῦτη
1494 2897 1638 2952 κατά
1666 2898 1895 2964 πολλοὺς

292 2989 560 3062 τρόπους,
589 2989 745 3043 τοῦτο
771 2990 871 3060 μὲν
894 2988 1134 3054 εἰδώλοις
1158 2989 1687 3060 προσκεκυνηκότων
1708 2989 1891 3057 τινῶν,

294 3082 409 3136 καὶε
439 3080 677 3135 θυόντων
720 3083 786 3153 τῇ
822 3080 988 3147 Βαὰλ,
1041 3083 1108 3152 τῇ
1156 3082 1450 3153 Ἀστάρτη,
1500 3084 1615 3145 τοῖς
1658 3080 1891 3150 βουνοῖς,

295 3170 463 3241 ἡλίῳ,
505 3171 705 3243 σελήνῃ
764 3171 860 3225 καὶ
896 3172 1118 3243 ἄστροις
1150 3170 1398 3242 ἑτέροις·
1439 3170 1604 3225 τοῦτο
1651 3170 1709 3224 δὲ
1757 3170 1893 3242 πρὸς

297 3264 486 3317 πᾶσαν
532 3262 767 3333 ἑτοίμως
803 3263 1003 3317 ἰόντων
1032 3262 1397 3335 ἀκαθαρσίαν,
1435 3263 1530 3317 καὶ
1579 3265 1715 3336 παρῖ
1738 3263 1891 3318 οὐδὲν

293 3353 369 3407 ad:
407 3353 507 3407 διὰ,
527 3352 622 3406 τοῦ
662 3354 938 3424 πανσόφου
969 3353 1213 3419 Μωσέως
1246 3354 1689 3425 τεθεσπισμένων
1718 3355 1901 3409 τιθέν-

294 3464 432 3503 των.
465 3445 577 3510 Τὰς
603 3445 781 3517 δύονδὴ
813 3440 906 3502 οὖν
935 3445 1043 3499 τῶν
1070 3445 1129 3513 ἐξ
1171 3444 1387 3516 Ἰσραὴλ
1414 3444 1740 3514 συναγωγὰς
1768 3446 1892 3499 δυσὶ

296 3536 563 3606 γυναιξὶν
584 3536 841 3605 ἀφομοιοῖ.
872 3534 1051 3590 πάλιν.
1070 3534 1104 3604 ἡ
1141 3535 1354 3605 ὅρασις,
1396 3531 1462 3595 ἃς
1491 3533 1586 3585 καὶ
1617 3531 1892 3601 πτέρυγας

298 3626 509 3689 ἔποπος
534 3624 826 3696 ἐσχηκέναι
853 3625 1040 3694 φησὶν,
1072 3624 1160 3677 ἵνα
1183 3624 1282 3694 τὴν
1310 3622 1535 3676 ἐνοῦσαν
1555 3623 1738 3685 αὐτοῖς
1766 3622 1897 3675 ἀκά-

300 3718 507 3789 θαρτον
542 3716 770 3787 γνώμην
821 3715 917 3770 καὶ
959 3715 1022 3768 τὸ
1049 3715 1187 3786 πρὸς
1234 3716 1342 3768 πᾶν
1373 3712 1553 3768 ὁτιοῦν
1598 3713 1706 3767 τῶν
1746 3714 1897 3767 ἐκτό-

302 3826 429 3863 πων
475 3807 701 3871 εὐπετὲς
750 3800 809 3860 εὖ
849 3805 994 3877 μάλα
1043 3804 1504 3874 κατασημήνειεν.
1539 3803 1598 3857 '0
1645 3803 1745 3874 μὲν
1787 3803 1896 3874 γάρ

304 3898 454 3968 ἔποψ
502 3897 783 3969 στρουθίον
817 3897 967 3950 ἐστὶν
997 3896 1097 3950 οὐκ
1144 3896 1380 3965 ἄσημον,
1415 3895 1802 3968 φιλοόόρϐορον
1836 3896 1892 3949 δὲ

301 3992 401 4048 καὶ
425 3990 784 4063 κοπροϐόρον,
816 3990 912 4043 καὶ
938 3991 1059 4053 ταῖς
1096 3987 1396 4059 σκωλήκων
1429 3988 1657 4056 ἀγέλαις
1686 3989 1893 4059 ἀγρίως

302 4081 753 4154 ἔπιμαινόμενον,
782 4080 879 4134 καὶ
904 4078 1109 4151 τροφὴν
1138 4079 1227 4132 ἀεὶ
1253 4078 1523 4131 ποιεῖσθαι
1548 4078 1894 4148 κατειθισμέ-

302 4189 397 4227 νον
423 4172 526 4243 τὴν
569 4170 806 4240 ἐσχάτην
851 4167 1216 4239 ἀκαθαρσίαν.
1246 4166 1499 4231 Τοιοῦτος
1550 4167 1607 4221 δέ
1637 4185 1754 4231 πως
1802 4170 1896 4223 καὶ

302 4266 419 4329 τοῖς
450 4258 932 4333 είδωλολατροῦσιν
957 4259 1148 4313 ὕπεστι
1191 4258 1334 4323 νοῦς.
1369 4258 1486 4314 Οὐκ
1511 4257 1730 4330 ἔρχεται
1761 4276 1895 4313 κατ’

304 4356 439 4411 ιυθὺ
469 4354 568 4408 τοῦ
615 4353 920 4425 πρέποντος
939 4368 954 4384 ⁸
1004 4351 1119 4406 ἀλλ’
1149 4350 1254 4416 ἔξω
1286 4350 1513 4423 φέρεται
1542 4350 1637 4404 τοῦ
1665 4336 1892 4419 εἰκότος,

306 4450 399 4504 τὸν
427 4448 574 4503 θετον
615 4446 717 4500 οὐκ
756 4439 865 4498 οἶδε
898 4443 1081 4514 νόμον.
1116 4443 1271 4497 Ἔστι
1310 4442 1366 4495 δὲ
1407 4443 1624 4513 ἀπάσης
1652 4442 1895 4515 ἀκαθαρ-

1996 1994 2233 2051 lustrans
2259 1995 2426 2067 699
2456 1996 2597 2065 quod
2628 1995 2930 2061 nuntiabat,
2969 2013 2989 2047 ι
3029 2006 3085 2050 et
3118 1997 3333 2050 nomina
3358 2010 3567 2061 earum,

1996 2084 2267 2152 Samaria,
2300 2089 2413 2142 sive
2452 2085 2604 2154 Oola,
2648 2094 2703 2142 et
2722 2084 3042 2148 Jerusalem,
3071 2084 3185 2139 sive
3208 2082 3401 2139 Ooliba
3434 2086 3507 2138 ⁷ο.
3541 2105 3559 2136 ι

1994 2176 2266 2248 Principio
2316 2178 2458 2233 enim
2490 2191 2597 2231 una
2623 2176 2756 2247 :fuit
2807 2176 3430 2245 Judmorumsynagoga.
3468 2176 3570 2229 Re-

1995 2277 2196 2336 gnante
2216 2276 2395 2322 autem
2422 2266 2683 2335 Ruboam,
2714 2266 2957 2335 abrupta:
2986 2268 3053 2321 ab
3099 2266 3221 2322 aliis
3240 2267 3431 2321 decem
3472 2267 3571 2319 tri-

1997 2359 2119 2419 bus,
2155 2357 2465 2411 habitarunt
2499 2355 2827 2421 Samariam,
2859 2364 2913 2409 et
2947 2354 3224 2411 fornicata:
3242 2367 3369 2411 sunt
3408 2358 3460 2410 in
3489 2357 3570 2410 vi-

2000 2448 2125 2502 tulis
2142 2447 2341 2513 aureis,
2371 2461 2507 2517 quos
2529 2447 2657 2501 fecit
2682 2445 2969 2502 Jeroboam
2996 2447 3141 2501 illius
3158 2447 3330 2502 Nabal
3355 2447 3422 2501 ⁷¹.
3455 2446 3573 2501 Cat—

2001 2551 2189 2595 terumr
2237 2555 2342 2594 non
2404 2540 2522 2595 sine
2550 2553 2711 2593 causa
2742 2537 2940 2592 factum
2956 2546 3058 2592 est.
3095 2577 3108 2590 .
3142 2577 3158 2595 .
3191 2577 3204 2592 .
3245 2576 3259 2590 .
3302 2575 3317 2591 .
3356 2575 3371 2591 .
3410 2572 3427 2589 .
3454 2572 3471 2589 .
3503 2575 3518 2590 .
3554 2577 3566 2589 .

1998 2630 2101 2684 hoc
2153 2640 2257 2693 est,
2298 2628 2599 2684 Jerusalem
2633 2649 2648 2683 :
2681 2628 2796 2698 ipsa
2825 2628 2970 2683 enim
3000 2642 3214 2697 quoque
3242 2627 3425 2680 multis
3458 2641 3573 2681 mo-

1997 2720 2081 2773 dis
2110 2719 2373 2774 fornicata
2402 2726 2521 2783 est,
2542 2718 2863 2788 quibusdam
2889 2727 2999 2771 tum
3022 2718 3160 2771 idola
3195 2716 3568 2781 adorantibus,

1996 2820 2051 2866 et
2069 2809 2503 2865 sacriﬁcantibus
2527 2807 2679 2876 Baal,
2718 2808 2971 2874 Astartae,
2998 2807 3248 2872 collibus,
3288 2806 3421 2869 Soli.
3458 2806 3568 2860 Lu-

1997 2918 2101 2966 na).
2153 2901 2423 2957 sideribus
2470 2900 2693 2969 reliquis
2726 2909 2883 2957 :r,tum
2934 2899 3001 2954 ad
3036 2911 3252 2955 omnem
3284 2897 3570 2952 immundi—

1998 2992 2124 3045 tiam
2158 2991 2353 3061 cupide
2401 2991 2748 3056 abeuntibus,
2783 2999 2837 3044 et
2865 2988 3045 3044 divina
3071 2989 3323 3043 mandata
3352 2990 3571 3057 sapien-

1996 3084 2189 3138 tissimi
2223 3082 2387 3137 Mosis
2427 3097 2526 3137 nec
2553 3081 2647 3136 1ιὶΙί
2676 3080 3019 3136 facientibus.
3051 3080 3192 3135 Duas
3220 3079 3402 3148 itaque
3434 3078 3574 3150 Syn-

1994 3187 2195 3242 agogas
2248 3169 2464 3226 Israelis
2510 3169 3081 3238 duabusmulieribus
3120 3169 3316 3224 iterum
3348 3168 3452 3222 hac
3488 3169 3571 3222 vi-

1995 3263 2146 3319 sione
2195 3271 2477 3333 comparat
2506 3277 2520 3314 :
2557 3275 2691 3331 quas
2719 3268 2773 3316 et
2800 3260 2914 3315 alas
2932 3275 3124 3330 upupa}
3146 3261 3401 3316 habuisse
3423 3259 3570 3315 allii--

1994 3362 2128 3417 mat,
2160 3361 2219 3407 ut
2251 3353 2518 3420 impuram
2549 3365 2758 3416 earum,
2790 3362 3025 3406 mentem
3066 3360 3120 3406 et
3140 3351 3204 3405 ad
3238 3366 3573 3421 quaecunque

1995 3443 2212 3498 nefaria.
2268 3441 2579 3496 facilitatem
2604 3442 3004 3510 appositissime
3062 3440 3321 3495 declaret.
3381 3442 3570 3513 Upupa

1995 3535 2140 3589 enim
2203 3543 2387 3589 notum
2437 3541 2523 3588 est
2564 3547 2735 3603 genus
2787 3533 3045 3603 passeris,
3110 3547 3300 3587 amans
3326 3535 3490 3600 caeni,
3518 3545 3572 3589 et

2001 3627 2467 3693 stercorivorumr
2507 3634 2562 3679 et
2593 3625 2657 3679 in
2681 3638 2870 3694 greges
2887 3625 3212 3679 crabronum
3244 3625 3571 3681 ferociusin-

1997 3720 2238 3781 saniens,
2296 3726 2352 3773 et
2397 3716 3102 3785 immundissima-quaaque
3160 3731 3257 3785 pro
3312 3716 3575 3772 alimento

1999 3824 2262 3880 usurpare
2307 3809 2549 3864 solitum.
2587 3806 2735 3862 Talis
2788 3806 3187 3876 quodammodo
3225 3821 3376 3861 mens
3406 3806 3571 3861 etiam

1998 3900 2299 3955 idololatria
2348 3900 2511 3954 inest.
2568 3897 2687 3954 Non
2744 3905 2895 3952 recto
2939 3897 3148 3950 itinere.
3188 3897 3255 3950 ad
3286 3897 3573 3950 honestum

1997 3992 2296 4058 contendit,
2324 3992 2418 4047 sed
2442 4000 2595 4046 extra
2618 3990 2693 4054 id,
2725 3988 2868 4058 quod
2899 3998 3321 4042 consentaneum
3350 3997 3441 4043 est
3464 3987 3573 4042 fer-

1997 4090 2107 4138 tur.
2154 4083 2247 4138 Dei
2283 4082 2455 4152 legem
2500 4096 2605 4137 non
2641 4083 2812 4147 novit,
2842 4081 2994 4151 plena
3024 4080 3169 4134 omni
3208 4080 3570 4145 immunditia,

1997 4183 2054 4227 et
2077 4187 2240 4229 omne
2266 4187 2436 4244 genus
2482 4172 2850 4241 improbitatis
2914 4172 3095 4225 cibum
3134 4185 3289 4225 suum
3342 4170 3569 4225 ducens.

1997 4263 2206 4320 Idcirco
2240 4272 2296 4318 et
2333 4263 2667 4332 alasupupae
2694 4261 3025 4316 mulierculis
3055 4269 3264 4330 aptatas
3292 4276 3471 4316 sermo
3499 4261 3574 4315 vi-

1996 4354 2165 4410 sionis
2198 4364 2402 4419 narrat,
2435 4354 2667 4409 similem
2706 4366 2920 4422 quoque
2960 4361 3194 4407 mentem
3226 4362 3281 4407 et
3308 4352 3571 4423 judicium

1997 4447 2103 4503 illis
2151 4447 2330 4502 inesse
2377 4446 2594 4501 docens.
2663 4445 2967 4513 Capessunt
3027 4454 3205 4499 autem
3266 4458 3573 4500 mensuram

309 4540 433 4605 σίας
483 4538 761 4610 ἔμπλεως,
811 4536 906 4590 καὶ
955 4537 1063 4590 πᾶν
1113 4529 1252 4598 εἶδος
1300 4532 1633 4603 φαυλότητος
1680 4533 1891 4603 ἡγεῖται

1998 4538 2289 4608 iniquitate
2347 4537 2631 4606 repletam.
2669 4534 2897 4606 Oportet
2946 4535 3091 4591 enim
3142 4536 3439 4606 quamlibet
3464 4538 3573 4590 ani-

307 4633 539 4705 τροφήν.
575 4630 846 4704 Ταῦτῃτοι
879 4630 972 4683 καὶ
1008 4627 1283 4698 πτέρυγας
1324 4624 1527 4689 ἔποπος
1557 4622 1901 4695 ἔνηρμόσθαιν

305 4726 423 4787 τοῖς
476 4722 724 4792 γυναίοις
765 4723 794 4775 ὁ
823 4723 923 4792 τῆς
967 4720 1209 4791 ὁράσεως
1254 4717 1359 4788 ἔφη
1406 4716 1584 4785 λόγος,
1634 4716 1734 4788 τὴν
1772 4715 1892 4786 ίσην

310 4816 531 4871 ἐκείνων
565 4812 790 4885 γνώμην
825 4812 920 4866 καὶ
948 4813 1132 4875 αὐτοῖς
1171 4812 1367 4864 ἐνεῖναι
1398 4808 1683 4863 διδάσκων.
1734 4810 1891 4862 Ἀνα-

312 4907 654 4979 λαμόἀνουσι
686 4906 743 4960 δὲ
781 4904 841 4960 τὸ
884 4904 1080 4976 μέτρον
1112 4906 1177 4973 τῇ
1210 4902 1409 4974 ἀνομίᾳ
1448 4901 1888 4973 μεμεστωμένον.

317 5000 405 5051 Δεῖ
450 4999 562 5071 γὰρ
610 4982 851 5062 ἑκάστην
902 4995 1088 5065 ψυχὴν
1112 4996 1190 5064 τῷ
1238 4994 1351 5064 ἰδίῳ
1398 4992 1893 5063 καταφορτίζεσϐαι

322 5088 495 5159 βάρει,
523 5087 603 5160 τῷ
637 5088 740 5157 τῆς
790 5086 1092 5157 ἁμαρτίας,
1128 5085 1296 5155 φημί.
1352 5084 1571 5155 Ἐπειδὴ
1604 5084 1661 5137 δὲ
1706 5084 1795 5137 ἴσα
1834 5102 1894 5137 τε

318 5182 518 5250 ἀμφοῖν
548 5180 644 5234 καὶ
668 5179 872 5249 ἀδελφά
897 5179 965 5233 τὰ
984 5178 1325 5249 ἐγκλήματα,
1346 5178 1445 5247 τῆς
1471 5194 1529 5229 τε
1561 5176 1894 5248 Σαμαρείας,

320 5270 485 5340 φημὶ,
524 5270 619 5324 καὶ
658 5270 756 5338 τῆς
797 5267 1176 5339 Ἰερουσαλὴμ,
1226 5265 1485 5339 ταύτῃτοι
1543 5268 1635 5320 καὶ
1678 5267 1737 5319 ὲν
1797 5265 1896 5337 ῐσῳ

320 5363 504 5433 τρόπῳ
548 5359 992 5430 κατηχθεσμέναι
1040 5358 1119 5429 τῷ
1173 5358 1358 5429 μέτρῳ
1405 5356 1501 5412 καὶ
1548 5360 1616 5429 τῇ
1680 5357 1899 5429 ἀνομίᾳ,

326 5454 635 5524 πνεύματος
676 5451 1038 5521 ἐμπίπτοντος
1076 5452 1197 5514 ταῖς
1252 5449 1509 5520 πτέρυξιν
1556 5449 1754 5516 αὐτῶν,
1793 5448 1906 5513 ὀξεῖ

326 5547 419 5598 καὶ
441 5544 868 5618 ἀπαραποδίστῳ
901 5544 1156 5614 φέρονται
1183 5543 1368 5615 δρόμῳ
1402 5542 1537 5614 πρὸς
1564 5542 1661 5613 τὴν
1688 5541 1795 5596 τῶν
1820 5541 1906 5595 ἀλ-

326 5633 568 5702 λοφύλων
608 5633 816 5707 χώραν,
854 5632 1013 5703 δῆλον
1057 5633 1113 5687 δὲ
1144 5633 1226 5687 δτι
1251 5633 1351 5703 τὴν
1381 5630 1489 5686 τῶν
1527 5631 1900 5686 Βαϐυλωνίων.

438 5813 479 5843 ⁸⁸
513 5813 709 5870 Etcelt.
746 5831 899 5879 χχιιι,
944 5812 991 5877 Ι,
1016 5812 1071 5866 5.
1146 5811 1195 5843 7°
1233 5810 1358 5867 ibid.
1400 5810 1452 5864 ι.

2004 4644 2147 4684 mam
2182 4643 2280 4683 suo
2306 4642 2471 4685 onere
2502 4628 2741 4695 onerari,
2768 4627 2973 4697 peccati
3002 4627 3243 4697 inquam.
3271 4627 3407 4694 Quia
3444 4642 3573 4683 vero

2000 4720 2156 4790 paria
2196 4728 2321 4775 sunt
2371 4718 2653 4773 ambarum
2710 4728 2766 4774 et
2821 4728 3050 4788 cognata
3092 4726 3336 4787 peccata,
3379 4718 3573 4773 Sama-

1998 4812 2096 4867 ria:
2166 4811 2427 4867 nimirum
2478 4821 2531 4865 et
2576 4808 2897 4875 Jerusalem,
2951 4810 3070 4863 ideo
3121 4809 3309 4863 eodem
3359 4814 3609 4878 quoque

2000 4901 2158 4957 modo
2209 4911 2449 4955 oneratae
2494 4914 2747 4955 mensura
2792 4908 2847 4952 et
2886 4895 3196 4966 iniquitate,
3243 4896 3433 4965 spiritu
3474 4896 3575 4950 alis

2001 5008 2188 5049 earum
2238 4992 2533 5056 incidente,
2594 4989 2755 5045 celeri
2797 5004 2860 5044 ac
2904 5003 3006 5041 non
3035 4986 3294 5057 impedito
3321 5002 3483 5042 cursu
3508 4987 3576 5041 ad

2002 5082 2428 5154 alienigenarum
2485 5080 2761 5150 regionem
2812 5076 3225 5148 Babyloniorum
3276 5078 3460 5146 utique
3490 5076 3593 5131 fe-r

2003 5184 2218 5229 runtur.
2274 5172 2557 5227 lmmundo
2610 5172 2753 5226 enim
2804 5172 2993 5239 spiritu
3023 5172 3089 5224 ad
3118 5169 3445 5239 peccandum
3479 5183 3603 5223 eas.

2004 5264 2337 5335 impellente,
2384 5272 2440 5318 et
2486 5263 2772 5332 iniquitate
2833 5271 3228 5332 praegravante,
3258 5260 3309 5314 in
3356 5260 3576 5328 captivi-

2003 5362 2166 5409 tatem
2230 5352 2749 5418 abstractae,.et.sub
2773 5353 2939 5422 pedes
2966 5351 3303 5405 inimicorum
3347 5350 3576 5403 redacta:

2002 5456 2146 5501 sunt.
2177 5445 2471 5517 Postquam
2523 5454 2704 5500 autem
2757 5444 2892 5497 dixit
2944 5442 3136 5497 beatus
3205 5438 3445 5508 angelus,
3480 5453 3591 5495 eos.

2002 5538 2214 5594 deferre
2241 5553 2551 5593 mensuram
2613 5537 2679 5591 ad
2724 5534 3096 5590 aediﬁcandam
3131 5531 3229 5599 ipsi
3264 5532 3484 5585 domum
3520 5531 3573 5583 in

2003 5639 2147 5687 terra
2201 5630 2512 5703 Babylonis,
2573 5628 2904 5699 accipiamus
2951 5626 3051 5681 hoc
3109 5624 3233 5687 licet
3270 5637 3367 5694 pro
3398 5622 3576 5693 signo,

1567 5811 1606 5842 “
1654 5809 1721 5865 Ill
1764 5808 1897 5880 Reg.
1929 5825 2021 5875 an,
2066 5811 2133 5864 28
2169 5826 2319 5879 seqq.
