4120 6592
588 391 659 449 l‘l
1578 390 1637 449 8.
1678 388 1951 450 CYRILLI
1990 390 2167 450 ALEX

2271 392 2465 452 nam!
2502 392 2822 454 Αιιοιιιερ.
3777 384 3859 445 88

586 507 727 564 Ilios
780 503 943 561 isrsel
973 501 1085 562 ’δία
1123 502 1263 574 apud
1290 502 1472 560 hostes
1492 504 1754 572 victuros,
1804 509 1949 577 quod
1971 518 2027 563 et
2060 506 2158 565 do-

2271 508 2366 563 Γοῦ
2398 510 2506 581 γὰρ
2552 509 2863 581 ἀκαθάρτου
2910 507 3219 579 πνεύματος
3274 502 3855 598 συνωθοῦντοςῌαύτας

587 612 711 653 mus
762 595 1040 665 iniquitati
1079 593 1401 664 aediﬁcatur,
1433 595 1596 667 700
1621 606 1677 652 et
1708 598 1874 654 veluti
1906 599 2063 656 sedes
2091 615 2157 655 ac

2271 598 2343 662 ιῑς
2372 600 2435 653 τὸ
2470 600 2813 672 πλημμελές,
2857 599 2953 654 καὶ
2978 601 3045 670 τῇ
3084 597 3288 668 ἀνομία
3333 591 3854 663 καταφορτίζοντοςν

586 690 753 743 statio
783 687 881 758 ipsi
920 686 1061 757 apud
1103 686 1287 741 hostes
1332 694 1575 755 paratur.
1622 686 1679 742 id
1727 690 1871 758 quod
1931 700 2158 746 eventus

2271 690 2714 761 ξιπεκομεσθησαν
2738 694 2819 755 εις
2846 689 3248 761 αἰχμαλωσίαν,
3289 685 3385 739 καὶ
3418 684 3523 738 ὑπὸ
3549 680 3855 746 πόδαςπε-

591 778 933 832 monstravit.
1008 773 1102 829 Vix
1150 775 1295 830 enim
1340 776 1741 846 septuagesimo
1783 790 1927 833 anno
1978 777 2153 844 linito,

2271 779 2511 835 πτώκασι
2538 782 2649 836 τῶν
2685 780 2918 852 ἔχθρῶν.
2957 778 3179 849 Ἐπειδὴ
3221 777 3281 831 δέ
3324 776 3538 847 φησινδ
3573 772 3854 843 μακάριος

588 867 818 924 vinculis
844 865 1123 921 servitutis
1151 865 1309 921 levati
1344 874 1489 921 sunt.

2271 871 2510 939 Ξγγελος,
2533 871 2611 935 ὡς
2644 870 2979 942 ἀποφέρουσι
3007 869 3069 923 τὸ
3097 868 3294 939 μέτρον
3322 864 3673 934 οἰκοδομῆσαι
3692 858 3850 929 αὐτῷ

587 957 763 1013 οὶκίαν
798 958 857 1012 ὲν
886 959 957 1027 γῇ
989 954 1320 1019 Βαϐυλῶνος.
1364 958 1660 1026 αναγκαῖον
1683 958 1833 1029 ἡμᾶς
1861 958 2042 1012 ἐκεῖνο
2079 960 2239 1025 νοεῖν,
2262 959 2340 1024 ὡς
2365 961 2478 1015 ἔστι
2508 964 2734 1033 σημεῖον
2768 960 2865 1016 τοῦ
2900 960 3107 1033 μακρὸν
3130 959 3260 1029 παρ’
3294 956 3507 1028 ἐχθροῖς
3534 952 3847 1008 διατελέσαι

588 1051 777 1126 χρόνον
800 1049 924 1110 τοὺς
957 1047 1015 1114 ἐξ
1043 1046 1279 1119 Ἰσραὴλ,
1316 1047 1379 1101 τὸ
1407 1048 1502 1102 καὶ
1523 1044 1670 1102 οἷκον
1693 1049 2087 1118 οἰκοδομεῖσθαι
2117 1053 2185 1121 τῇ
2213 1052 2431 1123 ἀνομίᾳ,
2456 1052 2550 1107 καὶ
2578 1048 2689 1106 οἷον
2708 1052 2915 1125 ἵδρυσεν
2934 1068 3059 1106 τινα
3086 1050 3181 1103 καὶ
3211 1049 3399 1103 στάσιν
3434 1047 3571 1115 αὐτῇ
3594 1042 3850 1113 γίνεσθαι

596 1146 727 1214 παρ’
765 1142 998 1214 ἐχθροῖς.
1034 1142 1098 1195 Ὃ
1127 1141 1191 1212 δὴ
1237 1141 1330 1195 καὶ
1352 1140 1681 1196 τετέλεσται.
1722 1143 1890 1208 Μόλις
1919 1144 2029 1215 γὰρ
2062 1145 2246 1210 αὐτοῖς
2274 1145 2675 1218 ἑϐδομηκοποῦ
2714 1145 3093 1220 πληρωθέντος
3134 1144 3309 1208 ἔτους,
3345 1141 3454 1196 τῶν
3472 1137 3576 1207 τῆς
3597 1136 3849 1197 δουλείας

588 1234 875 1308 ἁνεῆνῇαι
900 1232 1115 1293 δεσμῶν

1237 1327 1388 1382 CAP.
1436 1327 1518 1381 Vl.

667 1419 827 1475 Vens.
849 1418 965 1474 ιοε.
995 1416 1062 1470 Et
1079 1434 1349 1471 conversus
1378 1435 1513 1479 sum,
1541 1428 1588 1472 et
1607 1417 1768 1472 levavi
1793 1418 1972 1473 oculos
1991 1435 2156 1487 meos,

588 1521 639 1565 et
665 1513 793 1577 uidi,
828 1521 876 1566 et
906 1522 1019 1565 ecce
1059 1522 1287 1579 quatuor
1314 1527 1500 1563 currus
1539 1510 1857 1578 egredientes
1889 1513 1954 1564 de
1986 1512 2157 1564 medio

588 1607 811 1658 duorum
859 1602 1138 1664 montium,
1193 1610 1240 1654 et
1268 1612 1463 1655 montes
1486 1612 1637 1657 erant
1671 1612 1874 1656 montes
1911 1604 2058 1656 απεὶ.
2092 1600 2159 1657 In

588 1711 747 1747 curru
792 1694 963 1760 primo
983 1694 1100 1762 equi
1131 1692 1266 1760 rufi,
1320 1694 1444 1747 etin
1475 1710 1633 1747 curru
1659 1696 1885 1749 secundo
1920 1695 2040 1764 equi
2074 1694 2160 1747 ni-

588 1783 689 1850 gri,
729 1782 855 1836 etin
884 1797 1042 1835 curru
1089 1782 1243 1835 tertio
1286 1784 1405 1851 equi
1437 1782 1587 1845 albi,
1626 1792 1673 1837 et
1696 1783 1749 1835 in
1773 1799 1934 1836 curru
1971 1793 2160 1851 quarto

590 1890 707 1942 equt
761 1873 893 1926 uarii
937 1886 982 1925 et
1040 1871 1419 1926 ntultieolores.
1471 1871 1541 1926 Et
1586 1874 1852 1941 respondi,
1879 1882 1928 1927 et
1949 1874 2066 1927 dixi
2093 1873 2160 1925 ad

2844 1330 3099 1385 usus.
3149 1332 3220 1397 σο
3246 1368 3261 1382 .

2334 1421 2446 1475 Kal
2472 1420 2836 1490 ἐπέστρεψα,
2871 1421 2971 1475 καὶ
2998 1417 3115 1491 ἦρα
3141 1419 3283 1485 τοὺς
3321 1415 3668 1486 ὀφθαλμούς
3692 1430 3847 1482 μου.

2261 1513 2359 1565 καὶ
2391 1512 2540 1578 ἴδον,
2567 1510 2664 1565 καὶ
2692 1510 2820 1565 ἰδοὺ
2849 1511 3117 1578 τέσσαρα
3136 1509 3369 1579 ἅρματα
3398 1504 3849 1573 ἐκπορευόμενα

2262 1604 2331 1658 ἐκ
2359 1604 2554 1674 μέσον
2595 1603 2705 1659 δύο
2738 1603 2944 1672 ὀρέων,
2975 1602 3075 1657 καὶ
3107 1601 3180 1655 τὰ
3213 1601 3320 1669 ὄρη
3368 1593 3447 1669 ἦν
3475 1596 3581 1664 ὄρη
3615 1590 3843 1663 χαλκᾶ.

2279 1696 2375 1749 Ἐν
2408 1694 2486 1760 τῷ
2534 1694 2745 1765 ἅρματι
2776 1692 2857 1759 τῷ
2889 1692 3098 1763 πρώτῳ
3141 1692 3313 1745 ἵπποι
3360 1686 3594 1756 πυρῤοὶ,
3638 1683 3738 1738 καὶ
3768 1683 3849 1735 ἐν

2264 1783 2345 1849 τῷ
2375 1783 2586 1853 ἅρματι
2622 1781 2703 1849 τῷ
2739 1782 2996 1851 δευτέρῳ
3025 1783 3197 1835 ἵπποι
3223 1780 3507 1849 μέλανες,
3538 1775 3636 1827 καὶ
3658 1771 3730 1826 ἐν
3755 1769 3848 1832 τῷ

2265 1874 2477 1943 ἅρματι
2502 1872 2583 1939 τῷ
2617 1874 2793 1941 τρίτῳ
2816 1873 2985 1927 ἵπποι
3014 1871 3246 1933 λευκοὶ,
3274 1869 3371 1923 καὶ
3406 1868 3477 1919 ἐν
3516 1864 3597 1930 τῷ
3624 1864 3847 1932 ἅρματι

593 1963 834 2035 angelum
866 1965 956 2032 qui
978 1963 1287 2032 loquebatur
1320 1964 1373 2016 in
1404 1979 1486 2018 me
1514 1979 1532 2017 :
1573 1964 1711 2029 Quid
1749 1975 1869 2019 sunt
1892 1965 2026 2029 haec,
2059 1965 2160 2019 do-

2271 1963 2341 2028 τῷ
2373 1962 2624 2031 τετάρτῳ
2645 1962 2817 2016 ἵπποι
2864 1961 3148 2024 ποικίλοι,
3179 1959 3275 2012 καὶ
3324 1956 3529 2027 ψαροί.
3576 1953 3683 2008 Kal
3721 1953 3845 2005 ἀπ-

589 2056 772 2109 rm‘ne.’
802 2053 868 2107 Et
909 2054 1172 2122 respondit
1233 2055 1451 2124 angelus
1485 2057 1572 2125 qui
1602 2054 1911 2125 loquebatur
1935 2057 1991 2110 in
2026 2071 2107 2109 tne
2139 2095 2156 2119 ,

591 2157 641 2202 et
675 2148 809 2202 dixit
845 2163 864 2200 :
896 2149 1024 2200 Herc
1080 2154 1201 2201 sunt
1253 2157 1482 2216 quatuor
1533 2150 1670 2201 venti
1729 2148 1862 2213 cesti,
1895 2149 1985 2217 qui
2007 2164 2154 2217 egre-

2259 2054 2522 2123 εκρίθην,
2570 2052 2670 2109 καὶ
2703 2050 2842 2106 εἶπα
2889 2049 3042 2120 πρὸς
3090 2052 3198 2104 τὸν
3246 2048 3526 2119 ἄγγελον,
3566 2046 3673 2098 τὸν
3724 2046 3841 2097 λιιι

2257 2145 2485 2200 λοῦνται
2510 2144 2580 2197 ἐν
2620 2144 2784 2213 ἐμοι·
2826 2144 2889 2198 Τί
2918 2144 3049 2197 ἐστι
3080 2143 3298 2207 ταῦτα,
3339 2141 3545 2209 stupes;
3585 2136 3693 2191 Kal
3725 2136 3845 2189 dx-

590 2240 812 2293 diuntur
830 2249 884 2291 ut
904 2240 1152 2292 assistant
1172 2236 1400 2293 Domino
1417 2241 1585 2294 omnis
1604 2250 1778 2293 terra.
1806 2239 1869 2293 lu
1883 2257 1985 2308 quo
2003 2252 2151 2294 erant

2271 2239 2458 2305 ικρίθη
2512 2236 2543 2290 ὁ
2588 2236 2844 2306 ἄγγελος
2899 2238 2933 2289 ὁ
2978 2234 3187 2290 λαλῶν
3233 2235 3304 2288 ἐν
3348 2231 3498 2302 ἐμοὶ,
3547 2229 3645 2285 real
3674 2222 3801 2283 εἷπε
3823 2241 3843 2256 ’

589 2332 709 2397 equi
746 2329 901 2398 nigri.
936 2328 1340 2397 egrediebantur
1371 2345 1530 2397 super
1565 2339 1759 2383 terram
1794 2330 2076 2399 aquilonis,
2110 2340 2160 2385 et

2267 2327 2457 2384 Ταῦτά
2488 2328 2658 2382 ἐστιν
2684 2331 2739 2382 ol
2767 2328 3070 2397 τέσσαρες
3095 2327 3304 2396 ἄνεμοι
3333 2324 3441 2379 τοῦ
3478 2320 3761 2390 οὐρανοῦ,
3783 2319 3846 2373 οι

589 2418 698 2472 albi
744 2418 1145 2488 egrediebantur
1189 2428 1303 2488 post
1337 2435 1445 2474 eos.
1493 2417 1560 2472 Et
1595 2421 1730 2474 varii
1759 2422 1967 2475 exibant
2005 2438 2163 2491 super

2271 2420 2689 2488 ἐκπορεύονται
2726 2416 3106 2489 παραστῆναι
3129 2417 3211 2483 τῷ
3254 2417 3448 2484 Κυρίῳ
3485 2414 3690 2481 πάσης
3732 2410 3842 2478 τῆς

592 2521 786 2563 terram
840 2509 1030 2571 austri,
1059 2519 1106 2563 et
1158 2509 1514 2564 multicolores
1564 2510 1983 2578 egrediebantur,
2008 2520 2054 2564 et
2078 2513 2161 2564 in-

589 2600 872 2663 spiciebant
896 2599 1160 2653 utirentet
1184 2599 1521 2653 circumirent
1544 2598 1835 2653 terram.Et
1857 2601 2031 2654 dixit:
2057 2598 2159 2663 Ite,

590 2699 637 2742 et
669 2690 886 2743 circuite
914 2701 1127 2742 terram.
1165 2686 1229 2741 Et
1269 2687 1586 2740 circuierunt
1611 2696 1828 2744 terram.
1860 2687 1929 2742 Et
1964 2688 2162 2743 elauta-

593 2782 684 2843 uit,
721 2789 772 2835 et
804 2780 1012 2834 locutus
1033 2788 1110 2832 est
1133 2779 1201 2832 ad
1226 2793 1326 2837 me.
1342 2778 1558 2831 dicens:
1602 2778 1735 2833 Ecce
1760 2780 1849 2849 qui
1878 2781 2160 2849 egrediun-

592 2881 679 2923 tur
720 2885 878 2939 super
920 2877 1112 2922 terram
1165 2867 1457 2935 aquilonis,
1487 2876 1537 2921 et
1573 2869 1891 2937 requiescere
1927 2869 2160 2937 fecerunt

593 2959 823 3028 furorem
850 2975 1015 3014 meum
1030 2973 1190 3027 super
1209 2969 1397 3012 terram
1416 2959 1697 3028 aquilonis.

2262 2511 2394 2579 γῆς.
2446 2512 2549 2565 Ἑν
2571 2504 2621 2577 ᾧ
2645 2508 2807 2581 ἦσαν
2826 2512 2999 2592 ἵπποι
3022 2512 3075 2564 ol
3101 2508 3383 2580 μέλανες,
3413 2505 3842 2573 ἐξεπορεύοντο

2260 2602 2359 2655 ἐπὶ
2388 2600 2502 2672 γῆν
2526 2602 2741 2671 βορρᾶ,
2765 2603 2865 2658 καὶ
2890 2605 2945 2657 ol
2985 2602 3195 2658 λευκοὶ
3236 2598 3664 2669 ἐξεπορεύοντο
3702 2611 3838 2649 κατ-

2265 2692 2514 2745 όπισθεν
2541 2692 2759 2747 αὐτῶν.
2786 2693 2894 2747 Kal
2922 2696 2976 2747 οἱ
3000 2692 3263 2746 ποικίλοι
3286 2688 3714 2757 ἐξεπορεύοντο
3742 2686 3836 2738 ἐπὶ

2267 2784 2383 2852 τῆν
2408 2785 2611 2848 νότου,
2658 2784 2757 2838 καὶ
2794 2786 2847 2838 ol
2884 2782 3066 2852 ψαροὶ
3110 2782 3563 2850 ἐξεπορεύοντο,
3599 2778 3696 2832 καὶ
3733 2776 3839 2830 ἐπ·

2265 2871 2523 2925 έὸλεπον
2566 2873 2671 2927 τοῦ
2706 2874 3085 2942 πορεύεσθαι,
3136 2871 3243 2926 τοῦ
3296 2867 3679 2939 περιοδεῦσαι
3728 2865 3842 2933 τὴν

2266 2962 2402 3032 γῆν·
2449 2963 2557 3017 Καὶ
2611 2961 2743 3018 εἷπε
2764 2981 2777 2995 ⁸
2852 2964 3208 3032 Πορεύεσθε,
3265 2963 3363 3017 καὶ
3419 2958 3841 3029 περιοδεύσατε

592 3047 708 3115 τὴν
761 3046 900 3117 γῆν.
965 3047 1071 3101 Kal
1132 3046 1543 3116 περιώδευσαν
1594 3048 1709 3116 τὴν
1754 3047 1887 3119 γῆν.
1941 3049 2048 3105 Kal
2099 3050 2413 3120 ἀνεϐόησε,
2466 3054 2566 3107 καὶ
2625 3054 2899 3123 ἐλάλησε
2957 3056 3106 3124 πρός
3184 3069 3280 3124 με,
3323 3053 3548 3122 λέγων·
3592 3048 3745 3107 Ἰδοὺ
3787 3050 3841 3101 ol

592 3138 1050 3206 ικπορευόμενοι
1094 3137 1191 3192 ἐπὶ
1230 3137 1349 3208 τῆν
1388 3136 1607 3207 βορρᾶ,
1661 3138 1760 3193 καὶ
1818 3140 2176 3195 ἀνέπαυσαν
2210 3142 2315 3196 τὸν
2346 3144 2537 3212 θυμόν
2562 3160 2682 3212 μου
2719 3144 2788 3197 ἐν
2818 3142 2897 3213 τῇ
2925 3142 3137 3212 βορρᾶ.

667 3229 876 3285 XXXII.
912 3229 1103 3285 Docuit
1129 3240 1277 3297 ante,
1307 3231 1420 3287 suis
1448 3231 1683 3301 ipsorum
1720 3231 1927 3301 laqueis
1956 3242 2161 3301 captos.

2336 3237 2458 3291 AB'.
2491 3236 2886 3307 Προῦπέδειξεν
2923 3237 3004 3290 ὅτι
3035 3238 3148 3299 τοῖς
3177 3234 3328 3305 σφῶν
3359 3233 3536 3288 αὐτῶν
3566 3231 3844 3294 ἑναλόντες

591 3336 647 3381 et
704 3324 910 3379 catenis
946 3332 1287 3393 peccatorum
1340 3339 1560 3381 suorum
1615 3326 1962 3393 constrictos,
2024 3328 2164 3382 sicut

592 3415 851 3484 scriptum
902 3422 987 3468 est
1005 3413 1075 3477 ",
1112 3412 1162 3467 in
1194 3413 1447 3481 ignotam
1502 3415 1777 3484 regionem
1827 3416 2161 3483 discessisse,

594 3508 971 3576 habitasseque
1016 3509 1157 3575 apud
1187 3505 1371 3561 hostes
1408 3547 1423 3572 ,
1464 3506 1733 3562 insuetum
1784 3506 2166 3576 servitutisju-

595 3615 721 3671 gum
766 3597 1149 3668 perpetientes.
1178 3599 1447 3652 Caeterum
1470 3607 1526 3653 et
1552 3608 1797 3670 tempora
1824 3600 2164 3654 liberationis

598 3688 843 3755 redigere
906 3687 961 3740 in
1018 3687 1334 3741 memoriam
1388 3688 1889 3755 oportebat;quare
1948 3688 2165 3743 insertis

597 3777 719 3832 aliis
776 3791 962 3830 eorum
1021 3776 1289 3831 meminit.
1336 3776 1535 3832 Doctus
1589 3789 1676 3833 est
1721 3779 1865 3834 enim
1905 3780 2162 3850 propheta

599 3865 920 3937 compendio
945 3865 1127 3921 omnia
1145 3867 1287 3937 genti
1313 3866 1439 3921 olim
1468 3879 1748 3923 eventura.
1773 3868 1914 3940 Ergo
1936 3878 2166 3941 quatuor

599 3974 793 4014 currus
819 3960 873 4013 in
904 3958 1081 4013 medio
1106 3958 1364 4014 montium
1385 3974 1647 4015 tereorum
1678 3960 1909 4018 dicimus
1930 3978 2054 4021 esse
2084 3981 2165 4022 re-

598 4067 703 4123 gna
766 4051 1156 4118 illustrissima,
1179 4069 1297 4123 quae
1327 4054 1379 4107 in
1422 4052 1643 4106 totidem
1673 4055 1857 4109 mundi
1894 4054 2159 4121 climatis,

599 4144 716 4198 sive
747 4144 813 4197 ad
863 4151 1097 4212 quatuor
1136 4154 1326 4198 ventos
1369 4144 1487 4199 suis
1527 4144 1775 4198 attatibus
1833 4144 2163 4201 claruerunt.

600 4234 811 4289 Montes
852 4249 1025 4289 cereos
1048 4234 1151 4290 dici
1172 4234 1401 4304 coniicio
1420 4234 1557 4289 duas
1573 4234 1755 4289 mundi
1787 4242 1988 4304 partes.
2006 4237 2163 4307 70],

600 4323 829 4388 Quidam
889 4325 1033 4379 enim
1067 4325 1253 4379 orbem
1303 4333 1473 4379 totum
1500 4325 1553 4379 in
1586 4323 1858 4395 Europam
1903 4335 1957 4381 et
1980 4327 2164 4381 Asiam

598 4413 869 4479 dividunt,
899 4412 1050 4481 cujus
1081 4424 1259 4483 partes
1288 4430 1441 4470 metu
1464 4424 1684 4485 propter
1719 4417 2028 4472 ﬁrmitatem
2058 4434 2163 4473 un-

600 4504 905 4574 dequaque,
937 4512 991 4559 et
1018 4505 1469 4572 immobilitatem,
1500 4517 1554 4561 et
1597 4508 1723 4576 quia
1759 4509 1872 4563 laedi
1902 4524 2006 4563 non
2038 4524 2165 4579 pos-

2272 3327 2505 3399 βρόχοις,
2534 3329 2628 3383 καὶ
2654 3330 2864 3397 σειραῖς
2900 3328 3011 3380 τῶν
3051 3327 3197 3381 ἰδίων
3254 3326 3668 3397 ἁμαρτημάτων
3711 3341 3846 3377 κατ-

2270 3418 2608 3488 εσφιγμένοι,
2650 3417 2794 3471 κατὰ
2859 3418 2921 3472 τὸ
2960 3418 3368 3488 γεγραμμένον,
3415 3418 3494 3479 εἰς
3538 3414 3850 3484 ἀλλοδαπὴν

2269 3508 2570 3580 ἀπῴχοντο.
2604 3510 2695 3563 καὶ
2728 3509 3086 3579 κατῳκήκασι
3127 3508 3256 3579 παρ’
3289 3507 3522 3577 ἐχθροῖς,
3556 3506 3649 3558 τὸν
3700 3505 3848 3576 ἀήθη

2270 3599 2368 3669 τῆς
2396 3599 2639 3663 δουλείας
2684 3599 3009 3654 ἀνατλαντες
3042 3598 3225 3666 ζυγόν.
3277 3597 3416 3652 Ἀλλ’
3445 3593 3513 3668 ἦν
3548 3597 3851 3664 ἀναγκαῖον

2271 3691 2500 3745 καὶτῶν
2534 3691 2635 3761 τῆς
2679 3688 3000 3761 λυτρὼσεως
3042 3686 3444 3759 διαμεμνῆσθαι
3492 3685 3721 3756 καιρῶν,
3754 3686 3852 3738 καὶ

2268 3782 2334 3853 δὴ
2359 3784 2593 3835 ποιεῖται
2616 3780 2717 3850 τὴν
2742 3780 2995 3850 δήλωσιν,
3024 3778 3599 3850 προεμπεπλεγμένων
3620 3777 3847 3848 ἑτέρων.

2284 3876 2623 3930 Ἐδιδάσκετο
2647 3873 2753 3943 γὰρ
2782 3874 2810 3925 ὀ
2852 3875 3138 3943 προφήτης
3179 3871 3480 3942 συλλήϐδην
3514 3870 3751 3936 ἅπαντα,
3780 3869 3852 3923 τὰ

2269 3968 2347 4038 τῷ
2377 3967 2517 4020 ἔθνει
2561 3964 2952 4036 συμὸησόμενα
2999 3964 3141 4019 κατὰ
3186 3964 3433 4034 καιρούς.
3478 3962 3560 4016 Τὰ
3603 3962 3851 4032 τέσσαρα

2269 4058 2448 4111 τοίνυν
2474 4056 2715 4127 ἅρματα,
2745 4055 2814 4109 τὰ
2846 4056 2904 4109 ἐν
2938 4055 3088 4127 μέσῳ
3114 4056 3224 4109 τῶν
3258 4054 3430 4126 ὀρέων
3468 4053 3578 4107 τῶν
3607 4052 3846 4124 χαλκῶν,

2272 4148 2452 4219 φαμὲν
2481 4141 2623 4200 εἶναι
2657 4146 2821 4201 πάλιν
2858 4146 2957 4211 τὰς
2997 4147 3106 4199 τῶν
3135 4144 3310 4201 ἄλλων
3338 4144 3629 4216 βασιλειῶν
3654 4145 3851 4213 ἐπιση-

2275 4235 2529 4309 μοτέρας,
2567 4235 2666 4298 τὰς
2700 4236 2760 4288 έν
2792 4236 2904 4298 τοῖς
2931 4234 3188 4305 τέσσαρσι
3218 4233 3497 4304 κλίμασιν,
3530 4235 3697 4305 ἤγουν
3725 4234 3851 4288 ἀνία

2277 4341 2422 4398 μοις,
2448 4328 2565 4390 τοῖς
2585 4326 2677 4378 ὑπ’
2708 4325 2937 4397 οὐρανὸν
2957 4325 3100 4379 κατὰ
3125 4327 3349 4395 καιροὺς
3374 4325 3846 4395 ἁναδεδειγμένας.

2277 4420 2418 4489 Ὀρη
2454 4418 2511 4472 δὲ
2533 4412 2685 4488 οἶμαι
2713 4416 2968 4483 λέγεσθαι
2997 4416 3067 4470 τὰ
3105 4417 3284 4487 χαλκᾶ
3311 4416 3381 4471 τὰ
3409 4417 3504 4470 δύο
3545 4417 3641 4486 τῆς
3664 4419 3848 4470 οἰκουιι

2278 4510 2445 4581 μένης
2470 4509 2750 4580 τμήματα.
2784 4506 3054 4577 Τέμνουσι
3084 4508 3192 4579 γάρ
3223 4525 3367 4570 τινες
3393 4509 3472 4571 εις
3494 4506 3765 4578 Εὐρώπην
3789 4524 3849 4559 τε

600 4606 746 4653 sunt.
790 4597 975 4653 Psallit
1023 4599 1171 4653 enim
1214 4599 1409 4654 alicubi
1441 4599 1656 4655 divinus
1710 4599 1874 4654 David
1900 4601 2166 4655 universi-

2271 4600 2363 4652 καὶ
2401 4598 2584 4653 Ἀσίαν
2613 4598 2712 4669 τὴν
2744 4596 3038 4668 σύμπασαν
3075 4599 3179 4669 γῆν
3204 4615 3220 4630 ο
3261 4599 3438 4669 χαλκᾶ
3472 4599 3529 4652 δὲ
3565 4598 3748 4661 αὐτοῖς
3779 4596 3852 4650 τὰ

602 4690 732 4744 tatis
760 4688 950 4760 Opilici
986 4709 1000 4745 :
1034 4709 1053 4743 ι
1090 4690 1347 4746 Fundasti
1380 4702 1601 4757 terram,
1632 4700 1683 4746 et
1712 4702 1993 4759 permanet
2030 4691 2170 4747 orti-

603 4784 819 4840 natione
875 4794 965 4839 tua
987 4785 1055 4841 ".
1097 4803 1117 4839 ι
1146 4783 1270 4841 Haec
1314 4784 1475 4855 igitur
1500 4794 1559 4840 ut
1584 4802 1613 4840 a
1639 4794 1872 4855 quatuor
1894 4787 2067 4841 ventis
2092 4798 2171 4839 re-

602 4888 705 4945 gna
760 4876 990 4941 caeteris,
1036 4886 1097 4931 ut
1153 4877 1410 4941 diximus,
1469 4878 1772 4946 potentiora
1835 4875 2171 4947 multamque

601 4961 793 5018 sortita
850 4964 1071 5033 gloriam
1120 4981 1338 5036 egressa
1401 4974 1526 5021 sunt
1558 4966 1812 5020 assistere
1836 4963 2168 5020 Dominatori

602 5053 779 5107 omnis
807 5063 987 5110 terra.
1015 5056 1338 5112 Assistentia
1367 5057 1691 5112 iuservieudi
1732 5057 1949 5110 modum
1989 5064 2172 5110 osten-

602 5144 680 5200 dit
710 5163 722 5198 :
755 5147 1225 5202 servieruntenim
1280 5150 1497 5204 nutibus
1532 5149 1671 5216 ejus,
1721 5148 2045 5219 fueruntque
2076 5163 2173 5203 ro-

602 5240 759 5294 busta
799 5249 854 5292 et
908 5238 1107 5311 inclyta
1142 5256 1237 5309 per
1264 5242 1463 5309 ipsum,
1508 5240 1775 5310 quodillis
1806 5239 2172 5296 emolumento

604 5325 882 5384 fuit.Nam
928 5329 1123 5399 siquid
1174 5332 1429 5401 praeclare
1482 5341 1785 5402 gesserunt,
1819 5332 2176 5402 regionesque

606 5426 661 5471 et
684 5418 844 5474 urbes
869 5430 1359 5489 expugnarunt,eo
1415 5432 1687 5478 annuente
1732 5430 1945 5478 tantum
1993 5424 2175 5480 value-

609 5519 754 5563 runt.
805 5509 1019 5567 Etenim
1062 5512 1107 5567 si
1136 5526 1323 5567 verum
1372 5513 1505 5568 dicit
1554 5514 1811 5584 propheta
1854 5530 1911 5569 ει
1945 5512 2060 5569 Non
2094 5520 2178 5568 est

2280 4692 2442 4762 μέρη,
2475 4690 2566 4745 διά
2587 4708 2647 4744 τε
2678 4691 2742 4744 τὸ
2784 4690 3101 4762 έρηρεϊσθαι
3131 4690 3441 4756 διαπαντὸς,
3482 4692 3575 4744 καὶ
3618 4690 3852 4760 ὰκλονήο

2275 4797 2384 4844 τως
2412 4780 2579 4850 ἔχειν,
2604 4779 2700 4834 καὶ
2748 4779 3022 4851 μηδεμιᾶς
3050 4778 3340 4849 ἀνέχεσθαι
3381 4778 3603 4849 βλάϐης.
3642 4779 3851 4833 manu

2276 4873 2388 4944 γάρ
2417 4888 2518 4925 που
2547 4870 2642 4925 καὶ
2686 4870 2715 4923 ὁ
2747 4869 3031 4933 θεσπέσιος
3069 4869 3237 4923 Δαδὶδ
3270 4870 3403 4941 πρὸς
3437 4870 3528 4925 τὸν
3560 4871 3670 4924 τῶν
3710 4871 3853 4924 ὅλων

2276 4959 2620 5034 Δημιουργόν
2644 4975 2658 4992 σ
2694 4978 2715 5013 ι
2757 4959 3158 5031 Ἐθεμελιωσας
3202 4960 3301 5030 τὴν
3325 4962 3451 5033 γῆν,
3481 4960 3577 5016 καὶ
3605 4962 3852 5031 διαμένει

2277 5056 2344 5126 τῇ
2388 5052 2630 5118 διατάξει
2667 5068 2782 5106 σου.
2814 5069 2832 5104 s
2868 5046 3036 5107 Δῦται
3069 5051 3134 5123 δὴ
3168 5047 3262 5106 οὖν
3290 5052 3347 5106 αἱ
3376 5052 3451 5116 ὡς
3491 5054 3557 5107 ὲκ
3582 5052 3692 5108 τῶν
3722 5067 3853 5105 τεσο

2282 5145 2465 5217 σάρων
2510 5144 2727 5214 ἀνέμων
2773 5141 3060 5213 βασιλεῖαι,
3105 5143 3213 5196 τῶν
3264 5142 3459 5208 ἄλλων,
3496 5142 3574 5207 ὡς
3619 5142 3852 5213 ἔφημεν,

2277 5235 2671 5308 ἁλκιμὼτεραι,
2704 5235 2802 5291 καὶ
2832 5235 2969 5289 πολὺ
3016 5232 3278 5306 λαχοῦσαι
3316 5234 3378 5287 τὸ
3413 5234 3653 5300 εὐκλεὲς,
3694 5234 3858 5305 ἐξῆλ-

2277 5329 2369 5383 θον
2399 5330 2746 5400 παραστῆναι
2770 5327 2851 5399 τῷ
2877 5328 3069 5401 Κυρίῳ
3102 5328 3283 5399 πάσης
3314 5326 3415 5397 τῆς
3444 5328 3564 5397 γῆς.
3610 5327 3674 5381 Ἥ
3702 5327 3762 5381 δέ
3791 5344 3857 5395 γε

2280 5422 2645 5491 παράστασις,
2663 5420 2755 5474 τὸν
2770 5420 2874 5491 τῆς
2890 5418 3137 5483 δουλείας
3161 5421 3294 5490 ἡμῖν
3316 5417 3605 5488 ὑποφαίνει
3626 5417 3853 5489 τρόπον’

2278 5507 2653 5564 δεδουλεύκασι
2683 5508 2792 5581 γὰρ
2823 5509 2936 5572 τοῖς
2964 5507 3130 5563 αὐτοῦ
3160 5508 3413 5578 νεύμασι,
3446 5508 3540 5562 καὶ
3566 5508 3858 5577 γεγόνασιν

610 5600 808 5657 malum
836 5602 1147 5668 incivitate,
1180 5605 1321 5674 quod
1352 5619 1457 5660 non
1477 5603 1603 5660 fecit
1633 5604 1893 5661 Dominus
1914 5606 1983 5669 ",
2021 5622 2039 5655 ι
2061 5604 2167 5673 (no-

2282 5599 2502 5672 ισχυρα(
2541 5617 2600 5657 τε
2631 5601 2726 5654 καὶ
2771 5600 3045 5672 διαδόητοι
3091 5601 3161 5656 δι’
3206 5599 3390 5668 αὐτοῦ,
3438 5600 3531 5654 καὶ
3575 5600 3732 5654 τοῦτο
3761 5615 3855 5653 κιο

681 5774 725 5808 τ’
765 5773 996 5845 Prom,
1024 5776 1116 5835 22.
1193 5779 1237 5814 "
1271 5777 1413 5839 Psal.
1448 5791 1641 5843 CXVIII.
1681 5776 1770 5835 90.
1844 5779 1890 5815 ’δ
1916 5781 2079 5838 Aos
2112 5794 2194 5845 tu,
2225 5778 2279 5833 ϐ.
