4120 6562
239 428 309 485 89
1087 390 1639 459 COMMENTARIUS
1675 386 1741 442 IN
1784 378 2187 441 ZACHARIAM
2223 343 2670 432 PROPHETAM.
3415 356 3485 415 90

238 542 587 614 κερδάκασιν.
627 532 688 586 El
715 526 824 597 γάρ
857 540 910 576 τι
937 520 1032 575 καὶ
1058 514 1372 587 δεδράκασι.
1401 508 1492 563 καὶ⁸
1521 520 1661 574 κατη

238 592 402 688 cuine
443 624 634 698 χωρῶν
673 618 706 688 ἢ
762 614 1001 674 πόλεων,
1054 604 1219 662 αὑτοῦ
1270 597 1678 659 κατανεύοντος,
1732 592 1813 654 εἰς

240 682 397 779 τούτο
423 682 487 787 δή
517 682 984 776 πάλινπροῆλθον
1015 696 1221 767 ἰσχύος.
1247 693 1310 747 Ei
1342 690 1452 760 γάρ
1493 689 1638 740 ἐστιν
1678 682 1812 787 άλη-

132 818 137 827 ’
418 772 703 874 προφήτης
724 772 900 862 λέγων
921 806 936 822 ο
972 807 991 841 t
1029 787 1146 842 Οὐκ
1176 783 1291 837 ἐστι
1337 778 1506 835 κακία
1541 777 1600 830 ὲν
1638 772 1812 835 πόλει,

238 860 952 973 ήννιέύριοςιοὺκγὲποίησεο
995 898 1015 932 ι
1051 876 1250 932 κακίαν
1290 872 1349 928 δέ
1385 884 1567 941 φαμεν
1604 867 1661 919 ὲν
1692 860 1816 963 τού-

495 951 737 1040 κάκωσιν
762 996 776 1011 ο
802 951 923 1037 πῶς
956 970 1022 1026 ἂν
1042 970 1247 1023 ἐκεῖναι
1286 963 1616 1031 κατίσχυσαν
1645 951 1815 1008 ὲθνῶν

240 1046 348 1138 καὶ.
373 1046 587 1152 χωρῶν,
620 1074 693 1146 μὴ
723 1070 847 1142 ούχὶ
883 1068 949 1140 δὴ
982 1065 1164 1124 πάλιν,
1202 1056 1371 1114 αὑτοῦ
1400 1053 1461 1107 τὸ
1489 1046 1815 1152 ωτισὲίύσαι

242 1138 499 1245 νέμοντος
526 1138 885 1234 οἰκονομικῶς
904 1176 919 1225 ;
938 1138 1113 1218 VTivs;
1140 1152 1196 1206 δὲ
1228 1149 1291 1220 δὴ
1327 1147 1418 1201 καὶ
1445 1144 1503 1198 αἱ
1531 1138 1816 1239 βασιλείαὲ

246 1225 434 1336 καιρὸς
480 1225 582 1331 ήδη
614 1225 816 1324 λέγειν.
868 1247 1077 1305 Οὐκοῦν
1104 1249 1160 1300 ὲν
1200 1244 1297 1313 μὲν
1345 1238 1424 1309 τῷ
1482 1234 1691 1336 ἅρματι
1738 1225 1817 1336 τῷ

244 1319 465 1427 πρώτω,
490 1319 863 1423 (main-imre:
878 1340 1098 1413 πυρροί,
1119 1336 1219 1407 τῆς
1240 1327 1517 1386 Χαλδαίων
1542 1319 1821 1396 βασιλείας

244 1413 654 1505 ἀνατυπούντες
687 1438 772 1509 ἐφ’
814 1436 1025 1495 ἑαυτοῖς
1065 1428 1163 1500 τὴν
1209 1425 1489 1496 ὠμότητα.
1538 1413 1823 1488 Πυρρότης

245 1541 354 1612 7&9
384 1540 512 1610 ήμῖν
561 1503 660 1606 τὴν
706 1503 938 1602 αἵματος
966 1523 1122 1596 χύσιν
1155 1516 1522 1575 ύπαινίττοιτο
1552 1503 1824 1612 ἂν,’κατά

248 1595 631 1704 ἐνεδτὸῃείκὸςἱ
664 1595 979 1694 φιλαίματοι
1025 1612 1135 1685 7&9
1182 1609 1303 1663 λίαν
1353 1606 1403 1657 oi
1452 1595 1820 1655 Βαϐυλώνιοιο

246 1740 389 1798 εἷλον
421 1741 527 1811 7&9
581 1735 732 1792 αὐτοὶ
775 1732 875 1802 τὴν
916 1722 1201 1787 Ἰουδαίαν,
1255 1718 1349 1773 καὶ
1385 1712 1487 1776 τὰς
1531 1711 1590 1764 ὲν
1622 1705 1824 1811 τῇ.Σαῖ

1667 499 1809 572 νδρί-
1840 503 1885 558 Α
1914 496 2058 550 mine
2090 490 2215 547 mali
2244 490 2344 544 hoc
2376 485 2494 541 loco
2511 478 2855 536 atilictionem
2885 468 3198 541 accipimus)
3217 468 3487 539 quomodo

1916 601 2076 656 regna
2107 584 2197 638 illa
2238 589 2426 649 gentes
2455 584 2509 630 et
2532 570 2781 640 regiones
2831 564 3187 623 domuissent,
3219 559 3263 614 si
3290 558 3406 627 ipse
3434 569 3490 611 ut

1915 676 2141 730 domare
2203 676 2424 742 possent
2471 655 2938 720 administratorie
2967 653 3073 708 illis
3101 667 3205 705 non
3237 649 3488 703 donavis-

1917 765 2038 823 set?
2064 737 2221 831 Quie'
2251 768 2432 813 autem
2460 767 2624 824 regna
2652 751 2753 805 iata
2789 745 3012 805 fuerint,
3056 741 3299 811 sequitur
3321 746 3380 792 ut
3400 737 3488 790 di-

1918 827 2124 910 camus.
2160 851 2215 905 ln
2263 861 2425 904 curru
2472 844 2638 914 igitur
2693 838 2890 908 primo,
2950 832 3147 902 inquit,
3186 829 3312 898 equi
3370 827 3491 891 rutl,

1918 941 2287 1000 Chaldzeorum
2374 927 2701 989 monarcbia‘
2765 918 3148 989 crudelitatcml
3200 929 3495 988 represen-

1922 1041 2121 1087 tantes.
2186 1026 2356 1083 Rufus
2405 1023 2548 1077 enim
2572 1019 2723 1074 color
2790 1011 3068 1084 sanguinis
3127 1006 3495 1079 profusionem

1922 1123 2077 1179 nobis
2130 1129 2250 1189 apte
2278 1104 2915 1179 insinuat;sanguinarii
2976 1102 3119 1158 enim
3146 1099 3493 1153 vehementer

1921 1211 2200 1284 Babylonii
2235 1207 2374 1279 :ipsi
2438 1204 2581 1260 enim
2635 1198 2882 1255 Iudaeam
2936 1203 2990 1249 et
3028 1192 3190 1247 urbes
3239 1190 3499 1244 Samaria:

1922 1302 2057 1356 citra
2104 1311 2317 1355 omnem
2354 1288 2781 1349 misericordiam
2824 1289 3188 1338 vastaverunt.
3224 1278 3283 1334 in
3336 1292 3498 1331 curru

1923 1387 2161 1445 secundo
2184 1384 2307 1456 equi
2331 1381 2488 1453 nigri.
2531 1379 2647 1446 Quo
2680 1376 2967 1430 Persarum
2997 1379 3054 1426 et
3092 1368 3364 1423 Medorum
3402 1366 3500 1419 sub

1923 1480 2068 1552 Cyro
2144 1474 2538 1537 monarcbiam,
2608 1469 2851 1539 inquam,
2910 1464 3123 1518 Videtur
3177 1459 3499 1530 signiﬁcare.

1927 1550 2097 1640 Niger
2148 1567 2299 1623 color
2332 1565 2417 1620 bis
2450 1561 2724 1625 tribuitur,
2752 1557 2894 1630 quod
2932 1554 3087 1622 longe
3143 1550 3401 1622 plurimas
3451 1556 3506 1602 et

1928 1664 2228 1719 immensas
2266 1656 2319 1711 in
2353 1653 2603 1710 Cbaldaea
2622 1659 2780 1720 gente
2827 1658 3037 1716 strages
3075 1642 3381 1703 ediderunt,
3425 1645 3505 1691 to-

1936 1762 2159 1821 tumque
2214 1759 2438 1817 regnum
2479 1745 2529 1798 in
2558 1742 2758 1796 luctum
2797 1738 3160 1806 coniecerunt.
3191 1729 3390 1784 Luctus
3412 1742 3510 1780 au-

484 1793 678 1891 πόλεις,
723 1793 937 1896 φειδοῦς
980 1816 1196 1887 ἀπάσης
1242 1804 1606 1881 ἐξῃρημένης.
1646 1798 1737 1912 33v
1761 1793 1824 1912 δὲ

1944 1793 2159 1821 .......,....
2215 1793 2438 1817 .-νη-η
2809 1793 2818 1795 ψ
2896 1793 2914 1806 ,

1944 1854 2043 1900 tem
2100 1850 2155 1898 et
2188 1837 2379 1895 mortis
2410 1832 2713 1903 symbolum
2750 1829 2903 1899 niger
2928 1825 3078 1881 color
3124 1831 3228 1878 est.
3263 1819 3317 1873 In
3347 1817 3509 1891 tertio

250 1886 561 1997 ;tit.&9part
590 1886 677 1989 'er
701 1886 939 1985 δευτέρῳ
967 1911 1122 1963 ἵπποι
1147 1904 1395 1977 μέλανες.
1426 1897 1610 1950 Ἔοικε
1643 1888 1709 1997 δῖ
1726 1886 1828 1957 τὴν

254 1980 479 2085 Περσῶν
509 2027 567 2063 τε
602 1980 697 2061 καί
718 1980 921 2074 Μήδων
943 2000 1043 2070 τὴν
1061 1994 1166 2049 ύπό
1186 2010 1250 2062 γε
1271 1990 1461 2061 Κύρῳ,
1483 1984 1648 2056 φημὶ,
1683 1980 1831 2052 βασι-

252 2072 402 2160 λείαν
437 2097 755 2170 ὑποδηλοῦν.
798 2072 994 2149 ήΜέλαν
1021 2089 1077 2142 δὲ
1107 2087 1202 2141 καὶ
1238 2081 1451 2143 τούτοις
1489 2072 1831 2147 περιτέθεικε

254 2198 471 2269 Χρῶμα,
501 2164 696 2252 διὰτὸ,
726 2182 901 2257 οἶμαι,
941 2179 1189 2234 πλεῖστόν
1222 2192 1284 2230 τε
1312 2175 1434 2227 ὅσον
1461 2168 1557 2224 καὶ
1586 2164 1833 2238 ἀμέτρη-

254 2252 347 2342 τον
376 2252 493 2347 ἶιιὲἰς
536 2252 815 2335 Χαλδαίων
865 2275 1071 2327 ἔθνεσιν
1119 2264 1407 2338 ὲπιῤῥίψαι
1455 2260 1710 2320 θάνατον,
1741 2252 1835 2306 καὶ¹

256 2382 385 2449 ὃλην
430 2377 611 2436 αὐτοῖς
662 2370 755 2441 τὴν
782 2367 967 2438 χώραν
1010 2363 1069 2415 ὲν
1124 2357 1309 2412 πένθει
1356 2350 1610 2421 γενέσθαι
1651 2360 1835 2414 παρα-

259 2433 543 2525 σκευάσαι.
596 2433 830 2523 ὴένθούς
867 2433 924 2510 δὲ
960 2453 1057 2507 καὶ
1091 2450 1325 2505 θανάτου
1355 2444 1416 2498 τὸ
1462 2440 1622 2510 φαιὸν
1656 2436 1722 2490 ἂν
1749 2433 1834 2525 εῐή

259 2522 549 2633 σύμύολον.
578 2552 824 2613 Λευκοὺς
855 2548 911 2601 δὲ
949 2542 1087 2599 εἷναί
1122 2556 1255 2611 φησι
1284 2537 1408 2598 τοὺς
1446 2534 1504 2585 ὲν
1529 2530 1735 2633 ἅρματι
1759 2522 1838 2594 τῷ

258 2616 448 2726 τρίτῳ,
477 2649 577 2720 τὴν
608 2644 877 2712 Ἐλλήνων
910 2653 1014 2690 που
1050 2634 1194 2702 τάχα
1231 2629 1324 2682 καὶ
1351 2621 1680 2680 Μακεδόνων
1707 2616 1839 2668 ὑπο-

260 2707 468 2816 «ῥάινὶυλο
496 2707 692 2810 ἀρχὴν,
727 2707 825 2787 είτ’
858 2724 951 2783 οὖν
1001 2725 1102 2796 τὴν
1146 2717 1498 2786 Ἀλεξάνδρου
1536 2707 1834 2782 βασιλείαν.

260 2798 463 2892 [λευκοὶ⁸
491 2798 691 2895 afer;
731 2824 826 2879 καὶ
866 2818 1218 2891 ἁϐροδίαιτοι,
1253 2812 1346 2865 καὶ
1385 2811 1443 2862 ὲν
1491 2802 1717 2895 λευκαῖς
1746 2798 1838 2895 φώς

262 2888 464 2981 ἐπίπαν
494 2888 707 2983 στολαῖς
730 2914 798 2969 τά
835 2888 1103 2982 Ἐλλήνων
1127 2907 1254 2976 ἔθνη
1272 2921 1286 2934 ·
1321 2902 1415 2955 καὶ
1440 2899 1523 2952 ὅτι
1546 2894 1644 2965 τὴν
1670 2888 1841 2983 γλῶτ-

260 2980 363 3071 ταν
388 3015 597 3083 σαφεῖς,
628 2980 728 3079 τῆς
768 2980 1042 3077 βαρϐάρου
1084 2999 1267 3070 φωνῆς
1289 2993 1348 3047 τὸ
1378 2989 1539 3046 οἱονεὶ
1566 2980 1841 3039 σκοτεινὸν

263 3109 365 3161 οὐκ
386 3075 618 3174 ἔχοντες.
647 3075 738 3153 Ἰιξν
764 3075 821 3151 δὲ
842 3075 930 3163 .τῷ
950 3090 1216 3160 τετάρτῳ,
1246 3083 1428 3154 φησὶν,
1455 3080 1662 3149 ἅρματι
1685 3075 1843 3128 ἵπποι

267 3165 583 3267 τινέςηῆσαν
620 3189 855 3245 ποικίλοι
899 3184 994 3239 καὶ
1021 3178 1205 3252 ψαροί·
1244 3175 1423 3231 ἰστέον
1448 3171 1526 3236 δὲ,
1555 3171 1638 3224 ὅτι
1669 3170 1702 3238 ή
1735 3165 1844 3218 τῶν

1931 1937 2006 1995 ait
2035 1948 2157 1990 esse
2207 1931 2377 1994 albos,
2437 1926 2749 1982 Graecorum
2784 1920 3021 1975 fortasse
3072 1921 3129 1969 et
3156 1909 3506 1967 Macedonum

1930 2024 2237 2093 imperium,
2264 2022 2377 2076 sive
2413 2015 2702 2072 Alexandri
2744 2024 2964 2082 regnum
2993 2004 3361 2062 subindieans.
3388 1998 3508 2054 Albl

1931 2123 2134 2178 autem,
2160 2111 2286 2181 quia
2312 2107 2536 2163 delicate
2564 2104 2827 2166 viventes,
2852 2108 2907 2153 et
2932 2097 3068 2152 albis
3092 2094 3332 2149 vestibus
3372 2101 3511 2159 pene

1931 2219 2119 2260 omnes
2181 2179 2474 2271 gaudentes
2522 2192 2745 2250 Gracia:
2801 2187 2980 2261 populi
3018 2204 3032 2242 :
3068 2194 3123 2241 et
3153 2183 3278 2253 quia
3344 2180 3397 2234 in
3426 2179 3509 2233 lo-

1934 2294 2151 2364 quendo
2192 2289 2462 2362 perspicui
2516 2287 2655 2343 citra
2686 2285 2882 2353 lingua:
2912 2282 3155 2336 barbara:
3188 2276 3331 2331 velut
3359 2284 3510 2328 tene-
3612 2292 3615 2293 ν

1937 2386 2084 2442 bras.
2110 2384 2167 2437 In
2222 2388 2419 2451 quarto
2466 2392 2651 2440 curru,
2684 2376 2876 2443 inquit,
2916 2370 3040 2440 equi
3074 2376 3229 2423 erant
3260 2364 3397 2419 varii
3460 2373 3515 2417 et

1941 2471 2310 2529 naulticolores
2344 2487 2358 2535 ;
2398 2469 2543 2523 scias
2589 2465 2735 2533 licet,
2785 2462 3060 2516 Hebraeam
3116 2458 3432 2515 editionem.
3462 2462 3516 2508 et

1936 2565 2197 2633 quosdam
2255 2562 2580 2627 interpretes
2617 2570 2714 2624 pro
2740 2551 2909 2624 ψαροί
2938 2592 2953 2617 ,
2995 2548 3374 2610 multicolores.
3420 2560 3518 2616 p0-

1936 2655 2111 2711 Suisse
2142 2650 2372 2722 ξσχυροί,
2393 2649 2575 2712 validi,
2602 2661 2695 2701 seu
2726 2644 2955 2700 robusti.
2973 2640 3356 2696 Verumtamen
3381 2638 3517 2692 hanc

1942 2747 2308 2800 Romanorum
2367 2737 2743 2794 monarchiam
2778 2750 2898 2792 esse
2937 2733 3191 2796 dicimus,
3224 2745 3345 2800 qua:
3373 2743 3519 2784 sem-

1942 2852 2036 2907 pcr
2069 2836 2207 2888 inter
2259 2830 2493 2887 diversis
2536 2826 2871 2897 temporibus
2917 2833 3205 2893 regnantes
3256 2821 3519 2875 varietate

1942 2926 2233 2985 docilitatis
2265 2923 2426 2994 702
2462 2930 2516 2976 et
2566 2919 2674 2973 alta
2700 2916 3044 2987 intelligentia
3068 2913 3254 2968 valuit.
3276 2912 3520 2967 Prudeno

1947 3018 2141 3075 tissimi
2183 3016 2327 3072 enim
2354 3024 2409 3069 et
2457 3015 2680 3082 insuper
2715 3008 2999 3065 fortissimi
3027 3007 3266 3071 fuerunt,
3299 3014 3520 3072 etsunt,

1948 3107 2178 3165 Romani
2267 3103 2605 3173 principatus
2691 3098 2977 3169 imperium
3056 3096 3521 3152 administrantes.

1946 3201 2228 3257 Ponuntur
2246 3208 2427 3254 autem
2459 3195 2577 3249 loco
2608 3202 2881 3264 postremo
2904 3206 2936 3246 a
2973 3189 3189 3258 primis,
3224 3188 3521 3244 secundum

281 3255 545 3357 Ἐϐραίων
587 3281 817 3345 ἕκδοσις,
870 3276 965 3329 καὶ
1012 3272 1189 3341 ἕτεροι
1233 3267 1289 3320 δέ
1319 3280 1462 3326 τινες
1516 3260 1624 3313 τῶν
1672 3255 1841 3312 ἄλλων

1952 3303 2212 3361 tempora.
2233 3287 2652 3345 Consideremus
2685 3282 2798 3353 jam
2861 3280 3283 3348 uniuscuiusque
3307 3291 3520 3343 currus,

270 3347 638 3450 ὲρμήνευτῶν,
667 3371 786 3426 ἀντὶ
809 3366 925 3432 τοῦ,
951 3363 1155 3436 ψυροί,
1178 3357 1453 3413 τεθείκασι
1480 3353 1562 3418 τὸ,
1584 3347 1843 3418 ίσχυροί.

448 3468 542 3523 καὶ
596 3464 798 3533 ταύτην
827 3456 967 3515 εἶναί
1014 3471 1193 3526 φαμεν
1232 3450 1330 3521 τὴν
1369 3444 1660 3518 Ῥωμαίων
1694 3441 1848 3513 βασι·-

271 3532 443 3623 λείαν,
481 3558 568 3611 άεί
598 3572 710 3618 πως
736 3532 968 3623 ἔχουσαν
999 3549 1055 3601 ὲν
1087 3547 1197 3608 τοῖς
1221 3539 1362 3595 κατὰ
1385 3537 1610 3608 καιροὺς
1634 3532 1853 3605 βεϐασι-

274 3653 494 3706 λευκόσι
525 3649 585 3701 τδ
619 3645 859 3701 ποικίλον
899 3642 977 3703 είς
1021 3638 1082 3691 τὸ
1132 3632 1388 3703 εὐμαθὲς,
1428 3629 1525 3682 καὶ
1573 3623 1707 3697 βαθύ
1736 3637 1852 3683 πως

275 3746 356 3808 el;
409 3742 631 3815 φρένας.
674 3731 1036 3790 Συνετώτατοι
1081 3725 1189 3797 7&9
1249 3721 1343 3777 καὶ
1392 3719 1528 3792 πρός
1574 3733 1637 3784 γε
1679 3712 1853 3783 τούτῳ

275 3805 375 3891 καὶ
421 3805 790 3901 άλκιμώτατοι
833 3820 1089 3894 γεγόνασί
1117 3834 1176 3870 τε
1219 3815 1313 3869 καὶ
1356 3812 1513 3875 εἰσὶν,
1561 3810 1610 3862 οί
1650 3806 1719 3860 τά
1756 3805 1855 3874 τῆς

287 3897 577 3997 Ῥωμαίων
605 3921 780 3993 ἀρχῆς
809 3915 1087 3976 διέποντες
1127 3908 1324 3980 κράτη.
1360 3903 1638 3957 Τέθεινται
1664 3897 1722 3951 δὲ
1762 3897 1855 3950 καὶ

274 3988 575 4074 τελευταῖοι
804 4008 930 4070 τοὺς
977 4002 1227 4076 πρώτους
1268 3996 1412 4053 κατά
1456 4012 1520 4064 γε
1558 3992 1687 4056 τοὺς
1730 3988 1856 4061 χρό-

276 4126 423 4173 νους.
442 4083 670 4177 Ἴδωμεν
691 4102 745 4157 δὲ
766 4100 861 4155 καὶ
880 4099 979 4168 τὴν
1004 4096 1235 4149 ἑκάστου
1262 4091 1369 4145 τῶν
1389 4086 1673 4160 ἁρμάτων,
1688 4083 1856 4153 ήγουν

281 4174 584 4275 βασιλείας,
614 4194 810 4260 ἔξοδον.
848 4192 983 4246 ὅπου
1019 4205 1079 4242 τε
1102 4183 1435 4244 διανένευκε,
1467 4179 1561 4232 καὶ
1583 4177 1677 4229 ἐπὶ
1714 4174 1855 4228 τίσιν

278 4265 522 4367 ἔρχεται.
554 4285 870 4359 Σαφεστάτη
911 4281 1019 4353 7&9
1055 4277 1198 4333 οὕτω
1225 4273 1420 4347 γένοιτ’
1446 4270 1511 4326 ἂν
1538 4271 1669 4342 ήμῖν
1694 4268 1728 4340 ή
1757 4265 1857 4337 τῆς

279 4355 516 4456 θεωρίας
537 4355 808 4440 ἀπόδοσις.
825 4374 1079 4443 Τέσσαρα
1104 4369 1202 4440 μὲν
1222 4367 1328 4437 7&9
1348 4367 1376 4419 ὁ
1409 4363 1695 4435 προφήτης
1720 4355 1857 4413 εἷναί

279 4450 439 4549 φησι,
469 4471 832 4542 διαμέμνηται
856 4463 914 4518 δὲ
946 4462 1135 4535 τριῶν,
1158 4459 1255 4514 καὶ
1285 4457 1541 4527 σεσίγηκε
1572 4453 1667 4507 τοῦ
1703 4450 1854 4524 πρώ-

1949 3398 2043 3439 seu
2106 3376 2435 3434 monarcbia:
2492 3387 2798 3444 egressum,
2849 3385 2959 3441 quo
3010 3370 3249 3435 inclinet,
3307 3378 3363 3421 et
3418 3381 3526 3436 quo

1955 3472 2162 3528 tendat.
2219 3467 2309 3523 Sic
2341 3466 2486 3522 enim
2532 3479 2693 3536 quam
2718 3462 3031 3533 planissime
3053 3459 3195 3531 quod
3218 3460 3528 3515 considera-

1951 3576 2072 3616 mus
2124 3556 2553 3628 explanabimus.
2603 3552 2843 3621 Quatuor
2895 3551 3111 3625 quidem
3177 3551 3350 3620 inquit
3403 3563 3528 3604 esse

1954 3651 2241 3721 propheta,
2266 3647 2359 3703 sed
2392 3648 2555 3700 trium
2582 3642 3114 3715 egressusmeminit,
3166 3641 3324 3713 primi
3367 3645 3527 3696 tacet.

1953 3741 2208 3813 Repetam
2244 3738 2429 3807 paucis
2455 3737 2600 3809 quod
2652 3736 2787 3791 dixi.
2820 3733 2875 3789 In
2912 3735 3085 3804 primo
3107 3734 3182 3788 ait
3236 3732 3383 3787 rufos
3410 3744 3531 3786 esse

1956 3846 2147 3902 equos.
2206 3828 2399 3898 incipit
2457 3837 2639 3883 autem
2691 3840 2721 3881 a
2751 3824 3012 3888 secundo,
3037 3822 3236 3877 etait:
3273 3839 3291 3873 ι
3339 3820 3394 3875 in
3420 3833 3530 3889 quo

1956 3934 2113 3981 erant
2143 3923 2267 3992 equi
2294 3919 2453 3991 nigri,
2479 3917 2902 3986 egrediebantur
2929 3913 2997 3968 ad
3015 3924 3215 3968 terram
3241 3910 3529 3981 aquilonis,

1957 4026 2009 4072 et
2051 4015 2158 4071 albi
2183 4015 2552 4083 sequebantur
2607 4022 2722 4063 eos.
2754 4008 2819 4063 Et
2847 4005 2984 4060 varii
3015 4003 3433 4075 egrediebantur
3462 4002 3530 4055 ad

1960 4118 2160 4164 terram
2206 4102 2523 4160 australem.
2556 4119 2575 4152 ι
2605 4099 2711 4156 Sed
2754 4097 3004 4167 quamvis
3026 4095 3191 4149 addat
3233 4091 3530 4147 multicolo-

1961 4214 2061 4263 res.
2094 4210 2200 4250 non
2232 4194 2350 4250 ideo
2368 4200 2601 4262 quatuor
2633 4201 2827 4243 currus
2878 4181 3200 4237 memorabit
3228 4196 3241 4234 :
3269 4195 3390 4234 nam
3420 4194 3533 4234 eus-

1960 4290 2081 4345 dem
2120 4299 2243 4342 esse
2298 4297 2423 4339 cum
2488 4280 2657 4334 variis
2713 4275 2985 4346 ponimus.
3043 4274 3135 4329 Ait
3187 4272 3375 4327 enim:
3413 4287 3432 4322 ι
3477 4270 3531 4324 In

1960 4393 2123 4434 curru
2173 4384 2366 4447 quarto
2413 4378 2571 4428 erant
2616 4368 2743 4439 equi
2800 4367 2934 4420 varii
2984 4374 3041 4421 et
3083 4362 3471 4419 multicolores.
3509 4380 3527 4413 ι

1961 4474 2146 4529 Trium
2212 4466 2479 4531 meminit,
2506 4465 2680 4534 primo
2719 4461 3019 4533 praeterito.
3047 4460 3177 4526 Quae
3209 4460 3279 4513 sit
3300 4474 3429 4527 ergo
3454 4467 3530 4513 to-

400 4568 497 4640 τὴν
524 4564 721 4627 ἔξοδον.
764 4557 1085 4628 Ἀναμνήσω
1110 4551 1165 4606 δὲ
1195 4550 1282 4605 διὰ
1314 4547 1580 4621 βραχέων,
1602 4545 1677 4609 ῶς
1696 4544 1841 4614 ἔφην

1965 4567 2070 4621 tius
2098 4559 2418 4619 oeconomia:
2447 4556 2609 4622 ratio,
2640 4569 2740 4624 age
2772 4550 3123 4609 docilioribus
3147 4564 3243 4619 pro
3275 4548 3413 4603 virili
3440 4565 3535 4602 no-

292 4661 385 4716 'Ev
420 4635 519 4729 μὲν
564 4654 672 4726 7&9
701 4650 779 4723 τῷ
814 4647 1016 4720 πρώτῳ
1066 4644 1201 4715 φησὶ
1248 4639 1490 4711 πυρροὺς
1537 4635 1678 4691 εἶναι
1729 4637 1858 4699 τοὺς

279 4728 504 4812 ἵππους.
538 4747 797 4816 Ἀρχεται
829 4740 885 4794 δὲ
928 4738 1037 4792 ἀπὸ
1077 4735 1170 4789 τοῦ
1209 4731 1483 4804 δευτέρου,
1514 4728 1607 4784 καί
1660 4743 1853 4800 φησιν·

286 4863 305 4896 ι
352 4842 441 4896 Ἐν
462 4833 506 4907 ᾧ
533 4834 670 4910 ἦσαν
701 4836 751 4889 οἱ
796 4833 953 4887 ἵπποι
978 4831 1027 4883 οί
1062 4826 1311 4899 μέλανες,
1342 4820 1725 4894 ἐξεπορεύοντο
1767 4821 1859 4873 ἐπὶ

281 4935 386 5006 γῆν
423 4931 614 5003 βορρᾶ,
643 4928 736 4982 καὶ
777 4927 827 4981 οί
870 4923 1056 4978 λευκοὶ
1100 4916 1483 4990 ἐξεπορεύοντο
1531 4913 1859 4968 κατόπισθεν

284 5024 485 5079 αὐτῶν.
514 5022 623 5077 Καὶ
646 5021 694 5075 oi
723 5018 954 5073 ποικίλοι
982 5011 1367 5083 ἐξεπορεύοντο
1394 5010 1487 5062 ἐπὶ
1508 5008 1611 5080 γῆν
1629 5006 1801 5061 νότου.
1833 5024 1850 5055 ι

284 5119 349 5172 El
376 5117 433 5171 δὲ
464 5115 527 5186 δὴ
569 5111 907 5185 προσεπάγει
942 5108 1069 5170 τοὺς
1093 5103 1345 5175 φιτροὺς.
1379 5101 1439 5156 ού
1458 5100 1740 5172 τεσσάρων
1770 5099 1859 5169 άρσ

287 5211 475 5283 μάτων
507 5206 953 5279 διαμεμνήσεταιο
988 5202 1113 5264 τοὺς
1150 5196 1260 5270 7&9
1294 5194 1491 5260 αὐτοὺς
1523 5188 1661 5247 εἶναι
1700 5189 1859 5246 δεδώο

286 5319 461 5376 καμεν
494 5305 605 5364 τοῖς
651 5298 932 5362 ποικίλοις.
964 5316 982 5347 ι
1029 5295 1115 5349 Ἐν
1148 5292 1258 5363 7&9
1299 5289 1378 5362 τῷ
1420 5289 1625 5360 ἅρματι
1654 5285 1732 5357 τῷ
1772 5302 1858 5339 τε-

285 5396 490 5466 τάρτῳ,
522 5392 708 5463 φησὶν,
738 5385 877 5461 ἦσαν
898 5389 1056 5442 ἵπποι
1073 5385 1311 5440 ποικίλοι
1336 5384 1430 5437 καὶ
1449 5378 1636 5453 ψαροί.
1663 5398 1680 5430 ι
1712 5378 1857 5434 Οὐκ-

283 5483 380 5538 οὖν
414 5482 584 5554 τριῶν
612 5480 1000 5551 διαμέμνηται,
1032 5478 1318 5549 σιωπήσας
1374 5472 1435 5528 τὸ
1492 5471 1727 5543 πρῶτον.
1764 5468 1862 5531 Τίς

286 5571 379 5628 οὖν
415 5574 523 5643 ἄρα
554 5570 670 5627 ἐστὶ
692 5572 789 5642 τῆς
814 5570 941 5641 ὅλης
975 5569 1288 5639 οἰκονομίας
1316 5569 1344 5621 ὁ
1374 5566 1551 5635 λόγος,
1584 5564 1716 5634 φέρε
1750 5565 1865 5628 τοῖς

289 5665 732 5736 εύμαθεστέροις,
766 5663 841 5728 ώς
870 5662 970 5727 ἔνι,
1011 5660 1280 5732 λέγωμεν.
1310 5658 1447 5719 Τοὺς
1470 5656 1713 5728 πυρροὺς
1728 5650 1865 5708 εἶναι

290 5756 737 5828 διεϐεϐαιούμεθα
769 5755 866 5827 τὴν
888 5753 1216 5825 φιλαίματον
1243 5751 1350 5807 τῶν
1372 5748 1653 5805 Χαλδαίων
1670 5748 1861 5820 ἀρχὴν,

1963 4668 2073 4713 stra
2096 4653 2421 4724 aperiamus.
2442 4648 2621 4717 Equos
2653 4645 2804 4701 rulos
2832 4642 3173 4700 asseruimus
3200 4656 3320 4696 esse
3341 4656 3536 4694 cruen-

1968 4760 2078 4804 tum
2142 4742 2524 4801 Chaldaeorum
2573 4738 2886 4808 imperium,
2933 4735 3078 4805 quod
3108 4732 3533 4787 lunditustotam

1964 4841 2203 4897 iudicatu
2248 4835 2468 4898 evertit,
2500 4842 2556 4889 et
2611 4829 2853 4887 incensis
2877 4826 2995 4895 ejus
3028 4824 3253 4881 urbibus
3278 4822 3532 4878 lsratelem

1965 4932 2238 5001 captivum
2262 4926 2481 4983 abduxit
2510 4921 2762 4991 ;nomine
2788 4921 3091 4991 nigrorum,
3116 4915 3402 4970 Persarum
3424 4912 3536 4967 Me-

1974 5025 2278 5089 dorumque
2324 5012 2692 5071 tn0narcbiam
2749 5008 3076 5077 accepimus.
3131 5002 3188 5059 In
3221 5003 3354 5057 albis
3378 5014 3538 5070 porro

1966 5113 2255 5170 Alexandri
2316 5118 2371 5164 et
2405 5105 2756 5163 Macedonum
2788 5100 3076 5171 imperium
3103 5094 3534 5155 describebatur,

1962 5220 2084 5275 quze
2116 5201 2277 5255 ambo
2328 5195 2594 5253 Cbaldaeae
2622 5206 2770 5247 arma
2796 5187 3114 5250 intulerunt,
3141 5197 3368 5252 eamque
3399 5179 3537 5234 bello

1966 5293 2228 5349 acerrimo
2247 5292 2601 5358 occuparunt,
2639 5283 2875 5355 primum
2904 5279 3121 5352 quidem
3154 5275 3351 5347 Cyrus,
3386 5278 3539 5340 post-

1964 5401 2026 5440 ea
2081 5382 2403 5446 Alexander,
2455 5378 2545 5444 qui
2591 5384 2647 5432 et
2723 5373 2895 5443 ipsum
2949 5369 3167 5427 Darium
3225 5362 3364 5432 cepit
3387 5362 3538 5431 Juxta

1963 5475 2157 5539 Issum,
2177 5483 2492 5535 utvocatur,
2519 5469 2704 5524 urbem
2737 5465 2960 5527 Ciliciae,
3005 5456 3230 5516 inﬁnitis
3251 5455 3536 5511 Persarum

1968 5567 2201 5624 millibus
2249 5563 2607 5634 interemptis.
2658 5560 2822 5616 Fama
2877 5562 3260 5623 est,magnum
3322 5546 3538 5601 ossium

1970 5670 2225 5714 acervum
2253 5654 2546 5710 excitatum
2565 5653 2631 5707 de
2651 5651 2738 5717 iis,
2761 5646 2852 5717 qui
2894 5643 3090 5700 ibidem
3120 5640 3487 5696 occubuerunt
3520 5652 3534 5701 ;

1971 5747 2200 5805 incisum
2218 5753 2304 5801 est
2329 5756 2545 5815 quoque
2576 5740 2905 5811 epitaphium
2928 5735 2981 5791 in
3009 5733 3125 5790 bare
3145 5728 3305 5787 verba
3338 5752 3349 5785 ;

293 5849 327 5919 ἠ
368 5849 461 5902 καὶ
495 5852 672 5904 πᾶσαν
709 5820 949 5904 ἐκποδῶν
980 5820 1154 5918 ᾖρήκε
1195 5844 1293 5917 τὴν
1329 5843 1616 5909 Ἰουδαίων,
1650 5843 1742 5899 καί
1768 5843 1863 5909 τὰς
1903 5843 1960 5897 ἑν
2028 5841 2163 5909 αὐτῇ
2212 5832 2654 5908 κατεμπιπρῶσα
2694 5829 2894 5893 πόλεις.
2954 5823 3287 5891 ἀπεκόμισεν
3320 5822 3395 5885 είς
3446 5820 3532 5872 αε-
