4120 6602
590 383 656 442 9|
1054 439 1058 443 .
1578 387 1637 442 S.
1676 385 1946 443 CYRILLI
1988 384 2455 440 ALEXANDRINI
2494 385 2810 450 ARCHIEP.
3780 383 3871 439 92

592 500 912 571 χμαλωσίαν
936 516 1025 554 τον
1081 504 1308 573 1σραὴλ·
1339 502 1465 565 τοὺς
1491 502 1547 556 δέ
1610 520 1671 571 γε
1697 504 1932 574 μέλανας
1990 504 2089 573 τὴν
2155 504 2381 575 Περσῶν
2413 520 2470 555 τε
2520 504 2616 555 καὶ
2667 503 2851 574 Κύρου
2900 500 3176 577 βασιλείαν
3222 493 3362 556 εἶναι
3408 499 3859 571 παρεδεξάμεθα.

606 592 905 663 Ἐγράφετο
938 595 994 648 δὲ
1027 598 1118 648 καὶ
1157 598 1215 647 ἐν
1257 599 1368 659 τοῖς
1424 596 1641 659 λευκοῖς
1682 599 1715 668 ἡ
1757 596 2112 668 Ἀλεξάνδρου
2162 614 2220 649 τε
2261 598 2353 649 καὶ
2408 596 2754 650 Μακεδόνων.
2803 598 3003 667 Ἀμφω
3051 596 3107 648 δὲ
3165 587 3325 649 αὗται
3374 595 3860 663 κατεστρατευσαν

592 688 691 755 τῆς
733 686 1014 740 Χαλδαίων
1056 688 1179 757 γῆς,
1227 682 1370 740 εἷλὸν
1410 706 1471 741 τε
1520 688 1687 758 αὐτὴν
1736 688 1879 740 κατὰ
1934 688 2168 757 κράτος·
2211 689 2427 758 πρῶτον
2457 688 2558 758 μὲν
2610 687 2719 757 γὰρ
2779 687 2983 756 Κῦρος,
3029 681 3148 740 εἶτα
3179 686 3293 756 μετ’
3343 688 3549 739 ἐκεῖνον
3596 683 3861 748 Ἀλέξαν-

591 779 736 849 δρος,
762 778 821 842 ὃς
860 779 953 831 καὶ
981 778 1144 832 αὐτὸν
1177 778 1353 848 ᾕρηκε
1389 780 1481 833 τὸν
1518 781 1743 850 Δαρεῖον
1807 778 1938 849 περὶ
1968 778 2067 849 τὴν
2130 777 2472 848 καλουμένην
2505 776 2678 830 Ἰσσδν
2748 776 3011 847 (Κιλίκων
3040 776 3098 829 δὲ
3137 776 3277 847 αὕτη
3310 776 3505 845 πόλις),
3537 776 3857 848 ἀναριθμή-

590 887 717 935 τους
759 872 983 943 Περσῶν
1031 872 1293 944 μυριάδας
1339 873 1673 935 ἀπεκτονώς.
1724 874 1861 925 Φασὶ
1905 872 2057 940 γοῦν,
2110 873 2191 925 ὅτι
2252 873 2424 943 σωρὸς
2495 872 2591 942 μὲν
2630 869 2799 924 ὀστῶν
2854 871 3251 941 συνεγήγερται
3298 869 3473 939 μέγας
3514 868 3620 921 τῶν
3666 871 3857 922 ἐκεῖσε

593 966 986 1016 πεπτωκότων*
1035 964 1433 1031 ἐγκεκόλαπται
1458 963 1516 1016 δὲ
1560 962 1656 1015 καὶ
1683 963 1891 1034 γραφὴ,
1923 950 2160 1016 τοιοῦτον
2199 963 2427 1032 ἔχουσα⁸

660 1094 866 1167 Adfui
890 1098 1080 1167 nia’nia
1100 1097 1261 1167 juncta
1283 1099 1501 1167 fluctum
1531 1098 1694 1151 maris
1726 1095 1904 1151 Cilicis

734 1164 1132 1236 Turbulenluni,
1161 1164 1446 1236 Bersarum
1468 1167 1710 1236 jacemus
1730 1169 2017 1235 myriades,

664 1232 809 1307 Opus
836 1235 1130 1307 Alexandri
1154 1232 1485 1307 Macedonis,
1508 1238 1598 1304 qui
1620 1237 1745 1290 olim
1773 1232 1944 1307 regem

731 1304 954 1358 Darium
983 1305 1168 1359 ultima
1196 1306 1281 1358 via
1314 1306 1675 1376 sequebamur.

664 1462 931 1529 Quoniam
978 1464 1125 1519 enim
1171 1463 1464 1518 verisimile
1505 1474 1645 1530 erat,
1680 1480 1785 1519 non
1815 1465 2163 1521 mediocriter

589 1554 881 1608 doliturum
936 1552 1105 1609 Israel
1149 1553 1454 1609 audientem
1504 1556 1570 1609 de
1630 1558 1946 1612 monarcbia
2000 1556 2163 1611 Chal-

588 1645 849 1709 daeorum,
901 1659 933 1699 a
960 1646 1156 1716 quibus
1197 1657 1314 1703 erat
1351 1658 1615 1713 vastatus,
1660 1650 1799 1716 ideo,
1842 1664 1910 1704 ne
1951 1652 2017 1705 ad
2067 1651 2161 1705 tri-

585 1737 790 1791 etitiam
812 1750 1109 1805 provocare
1134 1738 1425 1803 videretur,
1447 1740 1606 1808 idque
1622 1740 2015 1811 intempestive,
2032 1759 2160 1813 pro-

587 1829 749 1897 pheta
763 1843 949 1882 eorum
970 1831 1239 1885 mentione
1258 1831 1458 1886 utiliter
1472 1835 1810 1902 supersedet.
1829 1836 1988 1907 703
2006 1834 2157 1903 Quod

587 1927 768 1975 autem
791 1934 884 1974 eos
918 1935 1129 1975 summe
1181 1922 1467 1989 exbilarat,
1495 1923 1546 1977 id
1588 1934 1805 1979 enarrat
1838 1926 2151 1994 luculenter,

587 2011 655 2064 de
679 2011 990 2065 monarchia
1034 2012 1182 2082 Cyri,
1216 2014 1457 2083 inquam,
1491 2024 1546 2069 et
1578 2016 1889 2081 Alexandri,
1924 2018 2014 2088 qui
2035 2030 2157 2075 tan-

587 2111 701 2154 tum
735 2116 838 2156 non
873 2103 940 2157 ad
978 2104 1356 2159 vindicandam
1385 2108 1763 2163 crudelitatem
1807 2110 1861 2164 in
1890 2109 2149 2167 lsraelem

586 2208 617 2247 a
640 2193 890 2263 superbis
941 2195 1208 2251 Chaldaeis
1259 2210 1632 2269 expromptam
1662 2201 1811 2255 missi
1843 2211 1989 2258 sunt.
2018 2202 2157 2258 Hinc

472 2294 477 2295 ’
586 2286 856 2354 apposuit,
886 2296 943 2340 ut
972 2302 1037 2341 ex
1086 2301 1317 2356 persona
1380 2289 1515 2344 Dei:
1562 2308 1582 2342 ι
1617 2290 1757 2344 Ecce
1812 2293 2157 2358 egredientes

583 2388 747 2443 super
796 2384 995 2429 terram
1052 2377 1323 2446 aquilonis
1355 2379 1703 2447 requiescere
1740 2380 1985 2435 fecerunt
2010 2381 2158 2436 furo-

583 2480 696 2519 rem
726 2481 901 2521 menm
933 2467 982 2521 in
1015 2477 1158 2523 terra
1196 2470 1463 2538 aquilonis
1498 2489 1511 2525 :
1545 2487 1564 2523 ν
1604 2470 1708 2525 fuit
1736 2472 1881 2526 enim
1918 2473 2157 2544 aquiloni

583 2558 803 2626 propior
857 2557 1233 2613 Chaldaeorum
1302 2561 1472 2631 regio,
1505 2570 1559 2615 et
1603 2562 1776 2617 iratus
1804 2568 1901 2631 est,
1929 2563 2159 2635 Babylo-

584 2649 692 2702 niis
728 2649 1106 2704 nniversornm
1159 2650 1321 2706 Deus.
1369 2652 1523 2719 Quod
1555 2661 1705 2722 patet
1732 2669 1798 2707 ex
1827 2657 2008 2710 verbis
2042 2657 2159 2726 ejus

584 2739 908 2794 manifesto:
940 2761 959 2793 ι
1001 2740 1182 2796 Zelavi
1200 2742 1497 2799 Jerusalem
1543 2754 1598 2800 et
1637 2745 1767 2801 Sion
1791 2748 1907 2804 zelo
1943 2765 2155 2821 magno,

583 2837 637 2882 et
677 2828 755 2882 ira
798 2844 989 2900 magna
1034 2846 1132 2901 ego
1156 2832 1363 2887 irascor
1424 2850 1584 2904 super
1602 2846 1789 2905 gentes
1817 2854 1936 2909 qua:
1967 2856 2157 2911 super-

582 2919 853 2989 imposita:
884 2932 1027 2977 sunt.
1063 2921 1199 2989 Quia
1229 2939 1330 2995 ego
1354 2926 1571 2994 quidem
1596 2927 1766 2982 iratus
1781 2944 1897 2985 sum
1924 2934 2155 3001 modice,

584 3012 685 3081 ipsi
715 3028 841 3067 vero
898 3015 1220 3083 superpositi
1252 3018 1449 3071 suntin
1484 3018 1645 3073 mala.
1682 3040 1701 3073 ι
1736 3021 2025 3091 Postquam
2060 3040 2157 3078 au-

584 3110 693 3157 tem
744 3100 938 3175 plenas
984 3104 1229 3160 Chaldaea
1279 3109 1579 3178 perpendit,
1646 3109 1788 3182 Cyro
1842 3121 2009 3168 totam
2033 3130 2155 3169 cum

585 3193 767 3249 Persis
814 3206 867 3251 et
901 3196 1070 3252 Medis
1117 3206 1389 3263 vastante,
1425 3208 1477 3253 et
1506 3210 1628 3270 post
1667 3216 1788 3256 eum
1823 3204 2155 3273 Alexandro,

585 3283 794 3341 idcirco
828 3286 1002 3356 inquit
1032 3300 1048 3340 :
1082 3306 1101 3339 (
1141 3286 1497 3357 Egredientes
1528 3306 1694 3360 super
1720 3303 1917 3346 terram
1950 3295 2159 3365 aquilo-

584 3378 669 3433 nis
721 3379 1065 3447 requiescere
1117 3380 1364 3437 fecerunt
1394 3380 1633 3438 furorem
1685 3400 1861 3440 meum
1925 3387 2157 3443 interra

582 3468 857 3538 aquilonis
890 3471 959 3526 ".
1002 3489 1021 3523 ι
1065 3470 1333 3529 Cmterum
1386 3475 1547 3529 tacita
1572 3478 1865 3544 prudenter
1882 3478 2160 3536 Chaldaeo-

586 3575 704 3613 rnm
757 3560 1114 3630 impressione
1164 3559 1489 3631 (prazterivit
1522 3565 1689 3629 enim,
1718 3574 1777 3618 ut
1827 3566 1961 3632 dixi,
1990 3583 2158 3636 equos

585 3648 781 3719 rufos).
814 3651 978 3704 etiam
1005 3648 1372 3706 Romanorum
1412 3653 1696 3722 imperium
1719 3670 1823 3709 non
1855 3657 2039 3711 tacuit.
2061 3654 2152 3712 Ait

2193 1065 2240 1119 Α
2280 1076 2485 1130 Ἰσσοῦ
2531 1075 2628 1129 ἐπὶ
2682 1073 3090 1144 προϐολῇσιν,
3148 1073 3294 1141 ἁλὸς
3340 1074 3499 1143 παρὰ
3526 1073 3701 1144 -κῦμα
3760 1076 3875 1127 Kr.

3546 1143 3700 1195 ,ἒισσ

2724 1142 2733 1144 ⁷
2936 1142 2941 1144 ⁷
3424 1142 3427 1143 ⁷
3566 1146 3583 1179 2

2346 1216 2601 1284 Ἄγριον,
2631 1218 2690 1267 αἱ
2720 1213 2969 1283 Περσῶν
2996 1214 3237 1283 κείμεθα
3257 1142 3784 1284 μυριάδεςζζλσσης

2272 1283 2493 1354 Ἔργον
2536 1284 2950 1354 Ἀλεξάνδροιο
2971 1283 3348 1350 Μακηδόνος,
3371 1285 3434 1337 uZ
3462 1285 3590 1338 ποτ’
3632 1283 3859 1337 ἄνακτι

2337 1351 2557 1424 Δαρείῳ
2587 1353 2870 1423 πυμάτην
2895 1351 3067 1423 οἶμον
3090 1355 3470 1424 ἐφειπόμεθα.
3561 1404 3572 1415 ,

2314 1467 2531 1538 Ἐπειδὴ
2543 1466 2653 1538 γὰρ
2671 1462 2739 1536 ἦν
2761 1466 2925 1531 εἰκὸς,
2944 1467 3005 1519 οὐ
3024 1466 3260 1536 μετρίως
3274 1466 3509 1538 ἀλγῆσαι
3526 1466 3616 1519 τὸν
3629 1463 3857 1536 Ἰσραὴλ

2266 1557 2336 1610 τὰ
2365 1558 2491 1628 περὶ
2518 1557 2620 1627 τῆς
2644 1557 2751 1609 τῶν
2796 1555 3081 1609 Χαλδαίων
3124 1556 3392 1610 ἀκούοντα
3436 1555 3732 1627 βασιλείας,
3758 1554 3854 1619 ὑφ’

2267 1644 2334 1721 ἧς
2359 1650 2453 1702 καὶ
2495 1648 2858 1719 πεπόρθηται,
2886 1646 3146 1718 ταύτῃτοι
3192 1647 3502 1719 χρησίμως,
3545 1647 3621 1709 ὡς
3668 1645 3735 1699 ἂν
3777 1646 3857 1714 μὴ

2266 1740 2449 1809 δοκοίη
2474 1736 2844 1809 κατερεθίξειν
2878 1737 2959 1800 είς
2987 1734 3182 1802 λύπας,
3209 1736 3301 1789 καὶ
3331 1735 3489 1788 τοῦτο
3511 1735 3612 1787 οὐκ
3633 1736 3690 1787 ἐν
3730 1751 3865 1786 και.

2268 1832 2369 1903 ρῷ,
2400 1830 2738 1902 παρατρέχει
2782 1830 2880 1900 μὲν
2908 1832 2937 1883 ὁ
2986 1830 3275 1900 προφήτης
3314 1826 3407 1879 τὸν
3444 1826 3530 1878 ἐπ’
3558 1826 3740 1887 αὐτοῖς
3764 1825 3867 1877 λό-

2264 1939 2379 1992 γον.
2417 1924 2490 1976 Τὸ
2521 1922 2579 1975 δὲ
2608 1921 2671 1993 δὴ
2708 1921 2944 1992 μάλιστα
2980 1921 3375 1990 κατευφραίνον
3413 1916 3611 1979 αὐτοὺς
3638 1912 3858 1983 ἐξηγεῖ-

2263 2031 2350 2067 ται
2385 2014 2676 2086 λαμπρῶς,
2704 2014 2772 2067 τὰ
2816 2014 2945 2083 περὶ
2980 2012 3081 2081 τῆς
3111 2010 3319 2079 Κύρου,
3357 2009 3518 2077 φημὶ,
3553 2005 3854 2077 βασιλείας,

2264 2108 2357 2159 καλ⁵
2391 2107 2575 2176 μέντοι
2607 2107 2708 2176 τῆς
2759 2102 3137 2173 Ἀλεξάνδρου,
3174 2102 3222 2155 οἳ
3253 2100 3534 2170 μονονουχὶ
3568 2098 3661 2150 καὶ
3690 2098 3856 2149 ἐστά-

2263 2196 2455 2266 λησαν,
2509 2198 2608 2266 τῆς
2660 2198 2740 2259 είς
2770 2196 2861 2248 τὸν
2908 2193 3127 2265 Ἰσραὴλ
3172 2192 3459 2262 ὠμότητος
3512 2187 3856 2252 ἐξαιτοῦντες

2262 2290 2420 2357 λόγον
2462 2288 2562 2358 τὴν
2603 2287 2887 2340 Χαλδαίων
2929 2283 3267 2347 ἀλαζονείαν.
3326 2282 3423 2333 Διά
3477 2279 3636 2331 τοῦτο
3681 2295 3857 2348 προσο

2264 2382 2457 2452 έθηκεν
2487 2379 2563 2443 ὡς
2605 2381 2669 2432 ἐκ
2696 2376 2989 2449 προσώπου
3019 2374 3114 2428 τοῦ
3146 2373 3279 2427 Θεοῦ
3302 2390 3313 2401 ·
3357 2392 3385 2424 ιη
3421 2372 3552 2425 Ἰδοὺ
3591 2371 3642 2423 oi
3689 2373 3858 2423 ἐκπο-

2270 2472 2550 2543 ρευόμενοι
2582 2474 2674 2523 ἐπὶ
2712 2471 2815 2539 γῆν
2850 2469 3043 2540 βορρᾶ,
3075 2468 3390 2520 ἀνέπαυσαν
3427 2464 3515 2517 τὸν
3548 2462 3718 2533 θυμόν
3748 2480 3852 2534 μου

2266 2564 2325 2614 ἐν
2351 2566 2421 2633 γῇ
2449 2561 2640 2633 βορρᾷ·
2683 2580 2701 2613 ι
2732 2560 3048 2631 βορειοτέρα
3079 2558 3186 2628 γάρ
3217 2573 3332 2617 πως
3367 2554 3476 2607 τῶν
3507 2552 3787 2607 Χαλδαίων
3812 2556 3850 2622 ὴ

2266 2653 2447 2724 χώρα⁸
2489 2654 2787 2724 ἐπεμήνισε
2834 2650 2891 2704 δὲ
2947 2652 3059 2713 τοῖς
3105 2647 3467 2709 Βαϐυλωνίοις
3511 2647 3539 2698 6
3576 2643 3686 2697 τῶν
3713 2642 3854 2697 ὅλων

2266 2745 2417 2808 Θεός.
2455 2744 2633 2813 Σαφές
2666 2744 2711 2797 δ’
2761 2743 2828 2797 ἂν
2857 2741 3070 2811 γένοιτο
3117 2740 3211 2793 καὶ
3262 2737 3421 2793 τοῦτο
3457 2735 3639 2801 πάλιν,
3685 2730 3852 2788 αὐτοῦ

2265 2837 2515 2907 λέγοντος
2573 2838 2852 2907 ἐναργῶς·
2911 2854 2929 2887 ι
2985 2833 3269 2904 Ἐξήλωκα
3336 2831 3436 2902 τὴν
3498 2828 3854 2900 Ἰερουσαλὴμ

2267 2934 2360 2986 καὶ
2390 2933 2486 3003 τὴν
2530 2930 2666 2985 Σιὼν
2695 2929 2855 2998 ζῆλον
2895 2929 3088 2998 μέγαν,
3134 2925 3227 2978 καὶ
3252 2921 3419 2993 ὀργὴν
3462 2920 3704 2992 μεγάλην
3742 2917 3853 3003 ἐγὼ

2266 3002 2553 3095 ὀργίζομαι
2580 3022 2674 3076 ἐπὶ
2692 3021 2763 3074 τὰ
2799 3019 2924 3088 ἔθνη
2972 3018 3039 3069 τὰ
3075 3012 3550 3083 συνεπιτιοέμενα.
3604 3009 3740 3062 Ἀνθ⁹
3774 3002 3848 3061 ὧν

2266 3116 2377 3186 ἐγὼ
2419 3117 2516 3186 μὲν
2567 3112 2843 3185 ὠργίσθην
2890 3109 3068 3177 ὀλίγα,
3096 3106 3250 3161 αὐτοὶ
3288 3104 3342 3157 δὲ
3388 3101 3745 3155 συνεπέθεντο
3775 3102 3854 3160 είς

2266 3208 2432 3260 κακά.
2474 3228 2491 3257 ι
2544 3204 2762 3274 Ἐπειδὴ
2808 3202 2865 3254 δὲ
2902 3200 3092 3261 ποινὰς
3122 3197 3331 3264 ἐξέτισε
3368 3194 3476 3248 τῶν
3506 3192 3790 3247 Χαλδαίων
3821 3193 3854 3257 ἡ

2265 3302 2359 3370 γῆ,
2402 3297 2589 3368 Κύρου
2640 3297 2738 3366 μὲν
2772 3295 2951 3346 πᾶσαν
2988 3289 3228 3360 Πέρσαις
3267 3303 3334 3340 τε
3354 3285 3497 3356 ὁμοῦ
3532 3286 3625 3338 καὶ
3646 3282 3856 3353 Μήδοις

2266 3389 2676 3462 καταδῃοῦντος,
2710 3385 2803 3439 τοῦ
2837 3384 2893 3437 δέ
2932 3380 3285 3450 Ἀλεξάνδρου
3309 3379 3426 3449 μετ’
3460 3378 3690 3437 ἐκεῖνον,
3721 3373 3857 3427 ταύ-

2266 3474 2643 3556 τητοί⁷⁷⁴φησιν,
2681 3478 2763 3530 ὅτι
2815 3494 2833 3525 ι
2865 3476 2927 3527 0i
2954 3472 3378 3542 ἐκπορευόμενοι
3400 3469 3491 3521 ἐπὶ
3527 3468 3630 3537 γῆν
3660 3465 3856 3537 βορρᾶ,

2266 3574 2579 3628 ἀνέπαυσαν
2617 3569 2707 3623 τὸν
2737 3567 2908 3638 θυμόν
2944 3582 3066 3637 μου,
3098 3566 3153 3618 ἐν
3178 3566 3247 3634 γῇ
3280 3560 3470 3633 βορρᾶ.
3507 3557 3858 3629 νΗλὴν-σιωι-

2266 3668 2449 3737 πήσας
2487 3658 2849 3730 οἰκονομικῶς
2897 3658 2925 3710 ὁ
2953 3657 3240 3729 προφήτης
3280 3653 3399 3707 τῶν
3433 3652 3717 3706 Χαλδαίων
3754 3651 3859 3720 τὴν

583 3741 729 3794 enim
760 3758 773 3794 :
806 3761 823 3793 ι
868 3740 1013 3796 Varii
1043 3743 1463 3810 egrediebantur
1485 3760 1647 3815 super
1674 3756 1871 3801 terram
1908 3752 2099 3805 austri.
2132 3770 2150 3803 ι

2264 3758 2451 3827 ἔφοδον
2482 3751 2966 3826 (παραδεδράμηκε
3011 3750 3141 3819 γὰρ,
3172 3747 3247 3809 ὼς
3290 3746 3445 3815 ἔφην,
3482 3744 3609 3807 τοὺς
3653 3743 3859 3805 ἵππους

585 3831 864 3903 Perpende
906 3848 1057 3900 vero,
1102 3851 1264 3904 quam
1322 3837 1459 3891 scite
1489 3847 1543 3893 et
1575 3840 1725 3907 quasi
1768 3855 1863 3908 per
1911 3851 2159 3897 transen-

584 3938 709 3977 nam
738 3926 904 3979 verba
933 3941 1031 3981 sua
1052 3926 1305 3996 explicet.
1337 3928 1463 3984 Post
1495 3945 1713 3985 crucem
1735 3932 1876 3986 enim
1912 3932 2158 3989 Salvato-

582 4015 699 4080 ris,
777 4014 1138 4087 Vespasianus
1185 4029 1240 4075 et
1289 4020 1454 4091 hujus
1513 4022 1658 4077 illius
1712 4022 1869 4078 Titus
1915 4023 2155 4080 Judaeam

587 4111 1033 4180 populationibus
1099 4115 1467 4181 ineursarunt,
1519 4125 1573 4171 et
1606 4118 1775 4187 ipsam
1807 4124 2050 4171 sanctam
2075 4117 2156 4171 ci-

582 4202 806 4257 vitatem
874 4203 1251 4260 incenderunt.
1331 4207 1525 4261 Verum
1603 4208 1790 4261 dextre
1864 4208 2157 4276 propheta,

589 4311 608 4343 ι
645 4293 1069 4363 Egrediebantur
1093 4335 1109 4361 ,
1146 4296 1339 4365 inquit,
1387 4312 1551 4366 super
1606 4306 1804 4350 terram
1885 4296 2054 4350 austri
2087 4315 2100 4349 :
2139 4315 2157 4346 ι

587 4388 825 4442 innzime
878 4389 1020 4442 enim
1056 4389 1122 4442 ad
1162 4398 1408 4444 austrum
1446 4390 1622 4458 vergit
1648 4388 1957 4445 Judmorum
1992 4388 2163 4460 regio.

584 4480 788 4533 Adhaac
817 4479 916 4550 ipsi
968 4478 1104 4532 varii
1128 4488 1181 4533 et
1208 4478 1577 4534 multicolores
1610 4478 1747 4546 jussi
1768 4486 1893 4534 sunt
1924 4480 2158 4534 circum-

585 4572 668 4628 ire
699 4580 922 4635 terram,
954 4581 1008 4627 et
1040 4574 1373 4628 circuierunt
1427 4575 1614 4629 etiam.
1650 4573 1987 4628 Doniuerunt
2012 4571 2157 4626 enim

588 4672 759 4716 totum
812 4665 911 4718 sub
954 4663 1069 4719 sole
1118 4665 1401 4730 mundum,
1481 4665 1992 4733 imperaveruntque
2040 4662 2159 4716 orbi

588 4762 857 4807 terrarum
905 4752 1179 4819 universo,
1236 4754 1345 4809 Deo
1402 4754 1539 4809 bene
1602 4752 1897 4821 adiuvante
1930 4751 2163 4821 indeque

587 4841 780 4897 illustri
808 4842 979 4911 gloria
1012 4844 1301 4900 decorante
1329 4846 1598 4916 principes
1619 4844 2010 4909 Romanorum,
2041 4860 2161 4899 cum

587 4935 1015 5005 tanqnatnDeus
1068 4937 1349 5006 prazsciret
1410 4937 1604 4993 futura:
1658 4938 1877 5007 pictatis
1916 4937 2160 5007 ipsorum

587 5030 1035 5100 magnitudinem.

2265 3850 2390 3913 τοὺς
2422 3843 2906 3918 πυρῤοὺς),οὺκέτι
2939 3840 3197 3908 σεσίγηκε
3227 3835 3296 3889 τὰ
3321 3837 3418 3906 τῆς
3452 3833 3736 3904 Ῥωμαίων
3755 3834 3858 3902 ἁρ-

2266 3943 2386 4014 χῆς.
2417 3960 2435 3992 ι
2479 3940 2542 3992 Oi
2572 3939 2681 4006 γὰρ
2716 3935 2969 3997 ποικίλοι,
2994 3932 3180 4001 φησὶν,
3212 3926 3597 4014 ἐξεπορεύοντο
3624 3925 3718 3978 ἐπὶ
3745 3926 3855 3993 γῆν

2267 4012 2439 4086 νότου.
2473 4048 2490 4079 ι
2531 4028 2719 4098 Ἀθρει
2747 4026 2803 4078 δέ
2834 4025 2981 4086 ὅπως
3025 4022 3295 4090 εὐτέχνως
3324 4019 3417 4072 καὶ
3441 4012 3551 4070 οἷον
3582 4017 3640 4068 ἐν
3670 4031 3855 4085 παρα-

2254 4126 2428 4197 δρομῇ
2459 4123 2690 4173 ποιεῖται
2716 4117 2808 4170 τοῦ
2834 4116 2992 4183 λόγου
3014 4113 3111 4183 τὴν
3140 4112 3415 4165 ἀπόδοσιν.
3450 4109 3605 4164 Μετὰ
3636 4108 3744 4177 γάρ
3768 4122 3855 4197 τοι

2258 4195 2349 4268 τδν
2378 4211 2473 4265 τοῦ
2506 4211 2759 4279 Σωτῆρος
2803 4205 3056 4275 σταυρὸν,
3095 4200 3502 4263 Οὐεσπασιανὸς
3547 4199 3640 4251 καὶ
3675 4200 3703 4251 ό
3737 4195 3857 4249 τοῦ·

2258 4321 2356 4358 του
2388 4304 2515 4363 παῖς
2544 4300 2701 4361 Τῖτος
2727 4296 3073 4365 κατέδραμον
3094 4293 3192 4363 τὴν
3234 4292 3501 4345 Ἰουδαίων
3531 4289 3656 4359 γῆν,
3677 4304 3854 4341 κατα-

2261 4392 2546 4465 ψιλοῦντες
2592 4391 2832 4451 ἃπασαν,
2864 4388 2959 4440 καὶ
3001 4387 3101 4457 τὴν
3151 4382 3312 4452 ἁγίαν
3358 4382 3527 4450 αὐτὴν
3582 4395 3856 4447 κατεμπιο

2268 4484 2512 4557 πρῶντες
2546 4482 2719 4535 πόλιν.
2761 4479 2900 4533 Ἀλλ’
2937 4476 3155 4546 εὕφυῶς
3179 4478 3206 4529 ὁ
3233 4475 3521 4547 προφήτης
3558 4472 3638 4539 τὸ,
3672 4490 3689 4522 ι
3732 4470 3855 4537 Ἐξ-

2268 4577 2611 4649 επορεύοντο,
2641 4576 2826 4646 φησὶν,
2878 4572 2971 4626 ἐπὶ
2994 4572 3095 4642 γῆν
3131 4570 3306 4623 νότου·
3345 4587 3365 4621 ι
3405 4565 3703 4635 νοτιωτάτη
3743 4564 3853 4633 γὰρ

2266 4666 2375 4721 τῶν
2424 4666 2687 4720 Ἰουδαίων
2731 4667 2764 4734 ή
2809 4662 2980 4735 χώρα.
3020 4662 3186 4716 Αὐτοὶ
3227 4660 3292 4730 δὴ
3329 4658 3490 4712 πάλιν
3524 4657 3574 4711 οί
3619 4655 3853 4710 ποικίλοι

2271 4761 2363 4815 καὶ
2390 4760 2556 4831 φαροὶ
2604 4758 3033 4830 προσετάττοντο
3075 4751 3421 4825 περιοδεῦσαι
3463 4751 3561 4822 τὴν
3600 4748 3724 4819 γῆν,
3756 4747 3854 4800 καὶ

2268 4852 2331 4923 δὴ
2372 4850 2466 4905 καὶ
2509 4846 2929 4919 περιωδεύκασι’
2964 4844 3340 4916 κεκρατήκασι
3374 4840 3481 4912 γὰρ
3512 4840 3610 4909 τῆς
3641 4837 3732 4890 ὑπ’
3761 4837 3854 4889 οὐ·

2274 4941 2451 5013 ρανὸν,
2480 4940 2574 4993 καὶ
2608 4935 3025 5008 κεκυριεύκασιν
3052 4935 3269 5004 ἀπάσης
3290 4934 3387 5003 τῆς
3417 4931 3539 5002 γῆς,
3559 4927 3693 4982 Θεοῦ
3724 4943 3851 4979 συν-

2270 5034 2538 5098 νεύοντος,
2570 5032 2664 5084 καὶ
2687 5031 2787 5099 τὴν
2838 5029 2929 5082 ἐπὶ
2954 5027 3086 5097 τῷδε
3126 5024 3386 5097 λαμπρὰν
3414 5023 3743 5083 ἀνάπτοντος
3764 5018 3853 5072 δύο

588 5119 705 5186 ξαν,
732 5124 842 5186 τοῖς
866 5122 935 5175 τὰ
971 5124 1257 5195 Ῥωμαίων
1313 5124 1558 5179 διέπουσι
1588 5124 1800 5198 κράτη·
1861 5126 2237 5199 προηπίστατο
2274 5128 2399 5199 γὰρ,
2437 5127 2513 5190 ὼς
2572 5125 2723 5189 Θεὸς,
2773 5123 2874 5192 τῆς
2918 5120 3183 5192 ἐσομένης
3229 5118 3407 5170 αὐτῶν
3456 5113 3738 5176 εὐσεϐείας
3791 5110 3853 5163 τδ

590 5213 841 5283 μέγεθος.

664 5303 825 5359 Vens.
851 5303 1008 5359 9-15.
1051 5302 1117 5359 Et
1142 5306 1316 5374 factus
1375 5316 1450 5361 est
1498 5324 1667 5363 sermo
1703 5308 1914 5364 Domini
1967 5311 2036 5364 ad
2060 5327 2158 5373 me,

2343 5307 2449 5361 Kal
2494 5305 2730 5374 ἐγένετο
2780 5304 2964 5372 λόγος
3008 5300 3231 5368 Κυρίου
3279 5298 3427 5364 πρός
3468 5313 3565 5365 με,
3617 5297 3848 5366 λέγων*

586 5397 764 5450 dicens
790 5412 809 5451 :
839 5397 1029 5467 Accipe
1060 5398 1123 5451 de
1153 5400 1446 5465 captivitate
1475 5416 1507 5453 a
1533 5401 1874 5466 principibus,
1905 5412 1954 5456 et
1991 5403 2053 5456 ab
2072 5403 2170 5455 uti-

588 5489 725 5542 libus
752 5489 953 5559 ejus,et
983 5491 1047 5544 ab
1065 5492 1144 5545 his
1169 5492 1256 5560 qui
1282 5502 1627 5559 cognoverunt
1662 5510 1800 5557 eam,
1827 5502 1873 5546 et
1901 5493 2164 5563 ingredie~

592 5582 661 5634 ris
692 5590 748 5634 tu
778 5582 832 5634 in
865 5582 948 5634 die
982 5581 1077 5636 illa
1107 5584 1160 5635 in
1178 5584 1389 5636 domum
1422 5581 1583 5639 Josiu'
1603 5582 1882 5654 Sep/tonius
1940 5584 2058 5653 lilii,
2088 5600 2167 5639 t'e-

668 5755 711 5786 "
752 5753 982 5811 Zattltar.
1025 5773 1061 5823 t,
1111 5760 1191 5825 Η,
1226 5759 1302 5814 15.

2273 5400 2429 5454 Λίιίθὲ
2464 5399 2534 5451 τὰ
2566 5398 2634 5450 ἐκ
2678 5394 2785 5462 τῆς
2823 5392 3235 5463 αίχμαλωσίας
3286 5390 3444 5455 παρὰ
3490 5387 3608 5441 τῶν
3633 5388 3855 5456 ἀρχόν-

2274 5509 2408 5555 των,
2438 5492 2535 5543 καὶ
2580 5488 2737 5555 παρὰ
2794 5486 2911 5539 τῶν
2966 5483 3275 5553 χρησίμων
3322 5479 3530 5546 αὐτῆς,
3564 5479 3663 5532 καὶ
3692 5481 3855 5555 nam

2277 5582 2392 5637 τῶν
2440 5578 2860 5651 ἀπεγνωκότων
2891 5573 3104 5643 αὐτὴν,
3149 5572 3245 5626 καὶ
3276 5571 3598 5639 εἰσετιεύσῃ
3649 5569 3731 5624 σὺ
3784 5570 3854 5621 ἐν
