4120 6568
274 437 347 494 93

1127 422 1675 484 COMMENTARIUS
1714 421 1779 476 IN
1823 421 2231 478 zacnsmsu
2269 390 2717 481 momenta.
3462 432 3532 490 94

274 550 352 619 τῇ
380 548 569 621 ἡμέρᾳ
594 548 797 615 ἐκείνῃ
826 547 914 613 είς
940 546 1047 600 τὸν
1070 546 1239 600 οἷκον
1275 543 1499 599 Ἰωσίου
1526 541 1634 595 τοῦ
1663 544 1848 609 Σοφο-

1959 541 2147 594 nientis
2168 557 2232 594 ex
2257 540 2540 612 Babylone.
2577 541 2645 596 Et
2663 543 2888 613 accipies
2927 554 3199 615 argentum
3223 556 3272 601 et
3294 586 3297 589 »
3317 564 3531 621 aurum,

272 656 432 704 νιου.
460 639 565 695 τοῦ
604 639 857 705 ἥκοντος
885 636 954 689 ἐκ
989 634 1366 700 Βαϐυλῶνος.
1404 633 1510 688 Kal
1539 630 1713 700 λήψῃ
1747 632 1850 699 ἀρ-

272 735 483 804 γύριον
521 729 619 783 καὶ
660 729 958 799 χρυσίον,
1011 728 1110 782 καὶ
1160 725 1436 794 ποιήσεις
1487 722 1849 792 στεφάνους,

274 824 368 875 καὶ
413 819 720 885 ἐπιθήσεις
753 820 851 873 ἐπὶ
890 818 1006 886 τὴν
1032 816 1312 886 κεφαλὴν
1349 814 1545 882 Ἰησοῦ
1590 814 1697 868 τοῦ
1740 813 1852 866 Ἰω-

273 914 473 978 σεδὲκ,
501 913 608 967 τοῦ
656 914 856 980 ἱερέως
884 912 990 965 τοῦ
1038 908 1327 979 μεγάλου.
1360 906 1469 961 Kal
1506 904 1661 974 ἐρεῖς
1705 901 1855 970 πρὸς

271 1004 489 1057 αὐτόν’
544 1001 690 1059 Τάδε
733 1003 895 1072 λέγει
929 1004 1148 1069 Κύριος
1188 997 1613 1065 παντοκράτωρ
1638 1011 1650 1023 ·
1698 991 1854 1048 Ἰδοὺ

272 1095 448 1163 ἀνὴρ,
466 1094 747 1163 Ἀνατολὴ
788 1094 976 1163 ὄνομα
1006 1091 1187 1155 αὐτῷ,
1221 1089 1323 1144 καὶ
1344 1087 1730 1144 ὑποκάτωθεν
1752 1085 1856 1137 αὐ-

272 1189 380 1243 τοῦ
401 1187 700 1251 ἀνατελεῖ,
734 1187 831 1241 καὶ
876 1182 1261 1253 οἰκοδομήσει
1290 1181 1398 1235 τὸν
1422 1175 1590 1233 οἷκον
1609 1175 1853 1243 Κυρίου,

272 1280 371 1333 καὶ
421 1280 603 1345 αὐτὸς
658 1278 919 1347 λήψεται
967 1275 1209 1344 ἀρετὴν,
1255 1272 1353 1325 καὶ
1402 1269 1705 1330 καθιεῐται,
1756 1264 1858 1319 καί

271 1371 551 1440 κατάρξει
588 1371 687 1425 ἐπὶ
721 1370 828 1425 τοῦ
872 1370 1087 1437 θρόνου
1130 1362 1336 1428 αὐτοῦ,
1370 1361 1469 1415 καὶ
1515 1363 1687 1416 ἔσται
1712 1360 1744 1412 ὁ
1779 1360 1856 1411 ts-

261 1462 413 1530 ρεὺς
443 1462 513 1515 ἐκ
546 1459 761 1526 δεξιῶν
785 1459 992 1522 αὐτοῦ,
1015 1457 1111 1511 καὶ
1146 1453 1351 1520 ,ϐουλὴ
1386 1449 1656 1520 εἰρηνικὴ
1683 1451 1855 1503 ἐσται

270 1551 582 1621 άναμέσον
608 1549 973 1621 ἀμφοτέρων.
992 1550 1053 1601 '0
1078 1545 1147 1600 δὲ
1171 1544 1475 1614 στέφανος
1500 1542 1669 1595 ἔσται
1702 1544 1853 1594 ὑπο-

263 1642 544 1711 μένουσι,
576 1641 674 1695 καὶ
710 1640 836 1706 τοῖς
867 1639 1184 1709 χρησίμοις
1213 1634 1425 1704 αὐτῆς,
1467 1634 1565 1687 καὶ
1591 1632 1716 1698 τοῖς
1744 1634 1852 1685 ἐπ-

268 1734 600 1803 εγνωκόσιν
642 1732 856 1799 αὐτὴν,
887 1731 987 1785 καὶ
1031 1732 1119 1795 εις
1162 1728 1373 1797 χάριτα
1399 1725 1524 1791 τοῖς
1555 1723 1708 1789 υἱοῖς
1746 1726 1853 1777 Σο·

1958 640 2007 685 et
2032 630 2193 699 facies
2213 648 2456 697 coronas,
2476 643 2524 686 et
2558 649 2715 698 pones
2741 650 2897 702 super
2910 646 3065 703 caput
3129 635 3261 690 Jesu
3312 638 3413 706 [itii
3442 641 3533 693 ,Ιο-

1957 724 2107 777 sedec
2129 724 2416 778 sacerdotis
2441 728 2635 793 magni.
2660 726 2727 780 Et
2754 727 2893 781 dices
2914 728 2985 782 ad
3020 727 3183 799 704
3206 746 3323 783 eum
3348 748 3367 785 :
3405 730 3532 784 Ηιεο

1957 814 2085 868 dicit
2120 810 2373 870 Dominus
2406 819 2766 883 omnipotens:
2797 818 2931 873 Ecce
2973 822 3072 883 vir,
3101 820 3292 875 Oriens
3346 837 3533 876 nomen

1959 907 2080 973 ipsi,
2105 916 2155 959 et
2180 908 2355 961 subter
2383 926 2499 962 eum
2517 913 2731 972 orietur,
2756 921 2806 965 et
2841 913 3123 979 redi/icabit
3187 914 3397 966 domum
3427 914 3535 967 Do-

1962 988 2112 1053 msﬁi.
2142 999 2208 1053 Et
2242 1006 2352 1069 ipse
2382 1003 2599 1069 accipiet
2626 1005 2887 1070 virtutem,
2916 1016 2960 1057 et
2987 1005 3201 1070 sedebit,
3223 1015 3272 1058 et
3302 1006 3532 1065 impera-

1963 1091 2054 1155 bit,
2078 1106 2233 1155 super
2254 1093 2439 1145 throno
2474 1109 2590 1155 suo,
2619 1103 2665 1146 et
2698 1094 2799 1147 erit
2815 1094 3060 1147 sacerdos
3098 1111 3130 1147 a
3174 1096 3371 1149 dextris
3396 1096 3532 1164 ejus,

1960 1191 2006 1235 et
2030 1182 2304 1235 consilium
2329 1184 2609 1252 paciﬁcum
2640 1186 2737 1238 erit
2756 1186 2892 1239 inter
2918 1195 3214 1255 utrumque.
3243 1186 3308 1239 At
3342 1201 3535 1240 corona

1961 1271 2058 1324 erit
2085 1274 2523 1338 exspectantibus,
2549 1275 2841 1328 et'utilibus
2870 1275 3005 1343 ejus,
3038 1286 3087 1328 et
3122 1276 3201 1329 his
3222 1278 3307 1347 qui
3338 1292 3532 1346 cogno-

1962 1370 2145 1416 uerunt
2167 1380 2305 1428 eam,
2335 1374 2385 1416 et
2418 1367 2472 1418 in
2490 1367 2715 1435 gratiam
2740 1367 2872 1430 ﬁliis
2908 1366 3209 1433 Sophoniw,
3233 1378 3279 1421 et
3308 1368 3361 1421 in
3387 1367 3533 1434 psal-

1962 1468 2104 1505 mum
2126 1452 2179 1506 in
2195 1454 2348 1507 domo
2367 1454 2598 1510 Domini.
2636 1455 2705 1509 Et
2732 1457 2822 1527 qui
2850 1455 3001 1525 longe
3031 1457 3095 1510 ab
3123 1458 3198 1510 eis
3236 1457 3460 1522 venient,
3486 1463 3535 1509 et

1963 1541 2300 1609 aediﬁcabant
2322 1545 2376 1597 in
2404 1546 2563 1599 domo
2596 1544 2832 1611 Domini,
2854 1556 2899 1600 et
2924 1546 3099 1600 scietis
3127 1548 3252 1615 quia
3278 1545 3534 1599 Dominus

1961 1635 2282 1700 omnipotens
2346 1637 2489 1691 misit
2539 1654 2618 1691 me
2657 1640 2726 1692 ad
2789 1655 2902 1693 vos.
2961 1638 3028 1693 Et
3046 1639 3166 1705 erit,
3197 1639 3242 1693 si
3265 1640 3535 1695 audientes

1960 1724 2234 1780 audieritis
2255 1743 2425 1781 vocem
2456 1729 2672 1783 Domini
2706 1730 2800 1784 Dei
2826 1731 2998 1784 vestri.

267 1825 509 1894 φονίου,
545 1822 641 1876 καὶ
677 1824 763 1886 εὶς
791 1820 1040 1890 ψαλμὸν
1068 1820 1137 1873 ὲν
1169 1820 1314 1882 οῑκῳ
1342 1817 1589 1884 Κυρίου.
1630 1814 1741 1869 Καὶ
1776 1815 1832 1867 οι
1894 1814 2136 1882 μακρὰν
2173 1818 2275 1871 ἀπ’
2299 1817 2498 1874 αὐτῶν
2526 1819 2770 1886 ἥξουσι,
2806 1821 2908 1875 καὶ
2939 1820 3536 1890 οἱκοδομήσουσινέν

266 1915 350 1982 τῷ
398 1915 541 1980 οἴκῳ
588 1915 832 1981 Κυρίου,
886 1912 986 1966 καὶ
1049 1910 1356 1981 γνώσεσθε
1382 1949 1398 1974 ,
1448 1908 1598 1961 διότι
1643 1906 1858 1972 Κύριος
1897 1908 2320 1979 παντοκράτωρ
2340 1910 2691 1965 ἀπέσταλκε
2708 1927 2786 1980 με
2841 1912 2990 1980 πρὸς
3014 1912 3187 1982 ὑμᾶς.
3214 1912 3320 1967 Καὶ
3363 1912 3537 1975 ἔσται

263 2011 377 2066 ἐὰν
393 2012 813 2075 είσακούοντες
835 2009 1239 2075 εὶσακούσητε
1267 2006 1377 2074 τῆς
1401 2002 1603 2074 φωνῆς
1627 2002 1846 2069 Κυρίου
1880 2002 1988 2057 τοῦ
2031 2004 2181 2058 Θεοῦ
2214 2006 2401 2073 ὑμῶν.

262 2142 265 2149 ι
338 2102 459 2158 AI".
511 2103 570 2157 Ὀ
607 2104 762 2171 λόγος
795 2099 861 2174 ἦν
891 2101 969 2173 τῷ
994 2100 1113 2171 Θεῷ
1138 2100 1275 2170 πρὸς
1293 2100 1384 2152 τὸν
1419 2098 1687 2170 μακάριον
1710 2112 1845 2166 προ-

2020 2096 2258 2151 ΧΧΧΙΙΙ.
2299 2098 2690 2167 Alloqnebatur
2746 2097 2890 2154 Deus
2940 2098 3158 2153 beatum
3212 2098 3533 2168 prophetam

263 2195 445 2265 φήτην
491 2194 789 2264 Ζαχαρίαν,
820 2194 939 2264 ἦτοι
988 2193 1054 2246 δι’
1081 2191 1249 2247 αὑτοῦ
1300 2190 1436 2262 πρὸς
1484 2190 1691 2251 πάντας
1723 2186 1853 2259 περὶ

262 2282 362 2336 τοῦ
392 2282 717 2353 Ζοροϐάϐελ,
744 2283 803 2345 ὃς
830 2278 898 2353 ἦν
936 2282 1034 2353 μὲν
1062 2284 1127 2335 ὲκ
1153 2282 1324 2353 φυλῆς
1352 2281 1446 2333 τοῦ
1476 2280 1670 2343 Ἰούδα,
1716 2278 1853 2357 καθ-

260 2375 456 2442 ηγείτο
482 2373 540 2426 δὲ
568 2372 678 2425 τῶν
725 2372 784 2440 ἐξ
816 2372 1052 2444 Ἰσραὴλ,
1082 2372 1353 2442 καλούσης
1391 2371 1553 2424 αὐτὸν
1590 2373 1669 2433 είς
1697 2369 1855 2423 τοῦτο

260 2465 368 2534 τῆς
409 2462 797 2534 βασιλευούσης
842 2463 1034 2533 φυλῆς.
1071 2463 1205 2516 Τίνα
1234 2462 1291 2515 δὲ
1322 2458 1390 2533 ἦν
1420 2462 1487 2515 τά
1520 2460 1648 2532 περὶ
1690 2459 1854 2514 αὑτοῦ

259 2553 535 2624 λεγόμενα
586 2553 738 2623 παρὰ
787 2554 945 2616 Θεοῦ,
986 2554 1478 2625 προαναμνήσομεν
1519 2553 1851 2620 ἀναγκαίως.

264 2645 418 2713 Ἔφη
466 2643 681 2697 τοίνυν·
732 2660 751 2695 ι
780 2644 846 2696 Ai
902 2645 1085 2714 χεῖρες
1131 2643 1438 2713 Ζοροϐάϐελ
1487 2643 1853 2714 ὲθεμελίωσαν

254 2734 357 2788 τὸν
383 2730 531 2788 οἷκον
554 2733 763 2800 τοῦτον,
790 2734 885 2788 καὶ
929 2734 986 2787 αἱ
1026 2736 1205 2805 χεῖρες
1243 2735 1409 2788 αὐτοῦ
1449 2734 1853 2788 ἐπιτελέσουσιν

256 2825 450 2882 αὐτόν.
483 2844 503 2877 ι
525 2825 664 2879 Ἀλλ’
692 2820 761 2897 ἦν
796 2826 893 2878 σὺν
920 2823 1070 2897 αὐτῷ
1097 2825 1177 2897 τῷ
1205 2824 1541 2897 θεμελιοῦντι
1566 2825 1658 2879 τὸν
1681 2822 1848 2891 οἷκον,

258 2915 363 2970 καὶ
393 2914 498 2987 μὴν
537 2915 634 2969 καὶ
664 2915 1086 2986 ἀποπεραίνοντι
1120 2916 1215 2969 καὶ
1239 2915 1449 2988 Ἰησοῦς
1478 2916 1507 2968 ὁ
1543 2914 1638 2969 τοῦ
1672 2915 1851 2969 Ἰωσε-

254 3009 361 3062 δὲκ
389 3010 417 3061 ὁ
454 3008 631 3078 ἱερεὺς
662 3008 691 3060 ὁ
718 3007 906 3077 μέγας.
938 3006 1207 3079 Ταύτῃτοι
1257 3007 1622 3079 προστέταχεν
1667 3009 1695 3061 ὁ
1740 3007 1849 3061 τῶν

254 3094 402 3147 ὅλων
430 3093 561 3156 Θεὸς
596 3093 675 3163 τῷ
721 3093 994 3166 θεσπεσίῳ
1034 3097 1289 3168 προφήτῃ
1313 3096 1382 3150 τά
1428 3099 1493 3151 ὲκ
1541 3098 1641 3169 τῆς
1681 3100 1848 3167 αἰχμ-

254 3184 499 3248 αλωσίας
523 3183 706 3238 λαϐεῖν
734 3185 887 3256 παρὰ
923 3185 1034 3239 τῶν
1063 3187 1359 3257 ἀρχόντων,
1392 3188 1488 3242 καὶ
1537 3188 1690 3259 παρά
1738 3187 1848 3241 τῶν

255 3274 550 3345 χρησίμων
574 3276 766 3345 αὐτῆς,
805 3275 899 3328 καὶ
925 3277 1078 3347 παρά
1104 3277 1211 3332 τῶν
1240 3279 1630 3347 ὲπεγνωκὸτων
1654 3279 1843 3349 αὑτήν.

254 3370 421 3433 Τίνες
447 3369 493 3423 δ’
520 3369 587 3422 ἂν
618 3366 728 3423 εῐεν
759 3361 924 3436 οὗτοι,
962 3372 1089 3423 ποῖα
1116 3370 1173 3424 δὲ
1216 3372 1311 3425 καὶ
1339 3371 1409 3425 τά
1456 3373 1519 3424 ὲκ
1550 3372 1650 3441 τῆς
1682 3372 1847 3442 αἰχμ-

253 3462 521 3527 αλωσίας,
557 3463 917 3533 ἀφηγήσομαι
949 3462 1243 3532 χρειωδῶς.
1280 3460 1740 3532 Ἀνεκομίσθησαν
1782 3461 1847 3513 ἐκ

252 3555 361 3625 τῆς
390 3554 709 3617 Βαϐυλῶνος
747 3556 797 3607 οἱ
841 3553 901 3617 ἐξ
928 3553 1167 3624 Ἰσραὴλ,
1197 3553 1256 3606 ού
1284 3553 1472 3624 χύδην,
1504 3554 1536 3624 ἢ
1564 3552 1849 3622 πεφυρμέ-

253 3662 388 3707 νως.
422 3644 536 3698 ἀλλ’
558 3645 614 3696 ὲν
638 3645 828 3713 κόσμῳ
852 3661 911 3696 τε
934 3646 1029 3697 καὶ
1056 3643 1227 3710 τάξει,
1257 3643 1399 3697 κατά
1431 3644 1563 3711 γένη
1594 3642 1686 3696 καὶ
1708 3642 1849 3695 κατά

253 3733 460 3803 φυλὰς,
501 3734 964 3804 προεκκειμένους
1009 3732 1224 3803 ἔχοντες
1270 3733 1365 3786 καὶ
1402 3732 1737 3803 καθηγητὰς,
1773 3732 1850 3795 ὡς

254 3824 321 3876 ὲν
352 3821 433 3892 τῷ
464 3821 668 3893 Ἔσδρᾳ
693 3820 1022 3891 γέγραπται.
1042 3821 1256 3893 Ἐπειδὴ
1285 3821 1341 3875 δὲ
1366 3821 1625 3889 ἀφίκοντο
1661 3821 1847 3874 λοιπὸν

255 3914 345 3975 είς
392 3909 762 3980 Ἰεροσόλυμα,
788 3908 924 3961 Θεοῦ
950 3909 1041 3961 τὸν
1082 3908 1209 3963 ναδν
1258 3909 1492 3981 ἐγείρειν
1526 3910 1845 3980 ἐπαναγκά-

234 3999 471 4065 νζοντος,
520 3998 753 4067 ἔστησαν
790 3999 851 4052 τὸ
895 3998 1316 4069 γαζοφυλάκιον,
1348 4000 1435 4053 ἴνα
1469 4001 1561 4053 καὶ
1598 4000 1845 4072 άθροισις

234 4094 473 4160 γένοιτο
516 4091 813 4162 χρημάτων
856 4093 937 4154 εἰς
984 4091 1082 4162 τὴν
1126 4090 1236 4144 τῶν
1277 4090 1451 4161 ἔργων
1478 4093 1842 4165 κατασκευὴν,

257 4183 357 4236 καὶ
390 4182 472 4244 εἰς
497 4180 596 4244 τάς
617 4181 725 4233 τῶν
752 4181 940 4252 ἱερέων
975 4180 1186 4246 στολὰς,
1222 4183 1314 4235 καὶ
1342 4184 1422 4246 είς
1451 4184 1551 4247 τάς
1578 4186 1844 4256 τεταγμέ-

255 4288 357 4335 νας
394 4270 579 4334 αὐτοῖς
608 4270 749 4323 κατὰ
784 4271 946 4340 νόμον
969 4270 1180 4335 θυσίας’
1209 4272 1467 4327 τέτακται
1486 4274 1545 4327 δὲ
1571 4275 1681 4328 τῶν
1709 4293 1848 4348 χρη-

257 4366 450 4433 μάτων
487 4362 710 4433 ταμίας,
730 4362 937 4426 Ἰωσίας
971 4364 1084 4427 υῐὸς
1113 4366 1390 4434 Σοφονίου.
1421 4367 1757 4438 Προστάττει
1781 4370 1845 4441 δὴ

253 4450 349 4507 οὖν
394 4457 424 4507 ὁ
467 4454 577 4507 τῶν
627 4454 763 4508 ὅλων
810 4454 961 4519 Θεὸς,
1004 4457 1111 4510 ἀπὸ
1148 4456 1256 4510 τῶν
1288 4462 1844 4532 προσκεκομισμένων

254 4546 413 4617 παρὰ
440 4545 550 4597 τῶν
572 4545 846 4616 ἀρχόντων
875 4547 975 4617 τῆς
1003 4548 1399 4619 αίχμαλωσίας,
1422 4550 1458 4606 ἀ
1490 4553 1585 4605 καὶ
1613 4549 1681 4625 ἦν
1705 4556 1843 4609 ἁπό-

256 4633 388 4688 θετα
426 4635 579 4706 παρά
612 4635 690 4705 τῷ
720 4636 924 4707 Ἰωσίᾳ,
953 4639 1176 4709 χρυσίον
1210 4642 1305 4695 καὶ
1349 4643 1609 4713 ἀργύριον
1634 4646 1839 4713 λαϐεῖν,

1958 2186 2300 2254 Zachariam,
2328 2188 2442 2242 sive
2472 2202 2568 2258 per
2596 2188 2771 2258 ipsum
2806 2202 2997 2243 onmes
3030 2188 3234 2243 amicos
3293 2187 3534 2247 Zoroba-

1956 2278 2063 2343 bel,
2091 2280 2349 2348 principis
2401 2279 2587 2343 Israel,
2650 2281 2790 2335 tribu
2845 2280 3015 2351 regia,
3051 2279 3194 2334 unde
3233 2279 3532 2349 prodierat,

1958 2370 2107 2423 illum
2151 2371 2216 2424 ad
2273 2386 2498 2437 regnum
2552 2380 2802 2425 vocante.
2856 2371 2993 2436 Quid
3071 2382 3252 2427 autem
3307 2372 3372 2426 de
3420 2372 3536 2440 ipso

1957 2457 2158 2513 dictum
2191 2458 2263 2512 sit
2295 2473 2324 2512 a
2351 2457 2483 2523 Deo,
2510 2458 2659 2526 prius
2682 2473 2710 2511 a
2741 2472 2827 2512 me
2857 2459 3275 2512 commemorari
3306 2473 3535 2513 necesse

1955 2557 2060 2602 est.
2090 2547 2181 2600 Ait
2214 2564 2343 2614 ergo
2371 2565 2386 2603 :
2424 2565 2442 2599 ι
2475 2547 2665 2605 Manus
2685 2548 3534 2604 Zorobabelfundaruntdomnm

1954 2636 2113 2703 hanc,
2139 2644 2194 2691 et
2213 2652 2402 2692 manus
2430 2636 2545 2706 ejus
2570 2639 2853 2707 perﬁcient
2906 2652 3027 2691 eam
3063 2638 3131 2691 ".
3180 2655 3200 2690 ›
3257 2637 3362 2693 Sed
3417 2636 3537 2692 fun-
3650 2664 3653 2665 ν

1953 2728 2102 2784 danti
2139 2730 2382 2794 domum,
2430 2738 2596 2798 atque
2620 2730 2787 2784 etiam
2863 2729 3188 2799 perﬁcienti,
3231 2729 3414 2784 socius
3479 2738 3538 2784 et

1953 2820 2166 2887 adjutor
2194 2818 2488 2876 eratJesus
2524 2820 2667 2876 lilius
2694 2818 2923 2876 .losedec
2973 2820 3230 2875 sacerdos
3279 2834 3532 2892 magnus.

1952 2910 2215 2978 Quocirca
2241 2914 2491 2982 praecepit
2519 2913 2892 2968 universorum
2959 2911 3099 2967 Deus
3157 2921 3346 2968 sancto
3404 2927 3535 2983 pro-

1951 3003 2146 3073 phetas,
2176 3004 2334 3058 allata
2358 3005 2424 3059 de
2473 3005 2789 3075 captivitate
2833 3004 3082 3075 accipere
3115 3020 3143 3057 a
3172 3003 3531 3074 principibus.

1951 3104 2005 3148 et
2031 3095 2096 3148 ab
2118 3096 2340 3151 utilibus
2371 3096 2508 3167 ejus,
2546 3106 2601 3152 et
2640 3098 2711 3152 ab
2743 3097 2827 3152 his
2857 3098 2948 3167 qui
2982 3108 3351 3166 cognoverunt
3386 3110 3530 3152 eam.

1951 3186 2180 3253 Quinam
2204 3189 2290 3243 isti
2332 3188 2559 3255 fuerint,
2588 3198 2644 3243 et
2679 3204 2798 3258 qua:
2831 3190 2941 3244 sint
2974 3189 3062 3244 illa
3103 3191 3170 3242 de
3195 3188 3531 3257 captivitate,

1949 3280 2232 3334 commode
2262 3294 2546 3348 exponam.
2573 3278 2828 3335 Israelita:
2867 3295 2898 3335 e
2947 3279 3223 3350 Babylone
3256 3280 3534 3335 redierunt

1957 3386 2060 3424 non
2111 3371 2345 3435 confusi,
2370 3387 2470 3426 nec
2498 3372 2765 3441 permisti,
2800 3371 2893 3427 sed
2922 3373 3230 3441 agminibus
3264 3373 3534 3442 composi-

1958 3463 2047 3527 tis,
2083 3472 2132 3516 et
2156 3463 2365 3527 ordine,
2414 3464 2708 3517 secundum
2740 3478 2937 3530 genera
2988 3446 3282 3528 etdribus,
3327 3464 3533 3517 antesi-

1952 3568 2158 3621 gnanos
2196 3564 2251 3607 et
2279 3555 2443 3608 duces
2484 3555 2770 3618 habentes,
2808 3564 2867 3608 ut
2916 3555 2968 3608 in
3014 3554 3428 3623 Esdralegimus
3456 3554 3530 3611 "'.

1950 3642 2239 3712 Postquam
2277 3645 2442 3713 igitur
2464 3645 2576 3714 jam
2629 3645 3057 3718 Hierosolymam
3106 3656 3391 3713 venerunt,
3423 3648 3532 3704 Deo

1948 3735 2362 3791 aediﬁcationem
2398 3736 2579 3805 templi
2619 3746 2867 3806 urgente,
2898 3737 3346 3809 gazophylacium
3401 3754 3527 3795 cum

1948 3826 2015 3880 ad
2051 3826 2329 3895 pecuniam
2362 3841 2460 3896 pro
2490 3843 2655 3897 opere
2684 3828 3042 3891 conﬁciendo,
3103 3840 3213 3884 tum
3258 3831 3324 3885 ad
3350 3842 3530 3889 vestes

1948 3918 2313 3974 sacerdotales
2342 3929 2396 3972 et
2426 3908 2495 3974 ad
2541 3920 2810 3975 sacrilicia
2850 3919 2965 3987 lege
3025 3923 3337 3991 praescripta
3378 3924 3530 3979 colli-

1948 4011 2175 4080 gentiam
2215 4009 2361 4066 Josia
2389 4010 2678 4081 Saphonia:
2705 4011 2815 4066 lilio
2853 4021 3123 4082 quaestore
3157 4029 3221 4069 ac
3245 4016 3529 4085 dispensa-

1951 4114 2065 4159 tore
2094 4104 2349 4173 przelecto
2409 4104 2779 4159 instituerunt.
2820 4103 3041 4161 Mandat
3090 4106 3272 4177 itaque
3310 4109 3529 4165 univer-

1948 4211 2129 4251 sorum
2164 4196 2305 4251 Deus
2345 4195 2411 4251 de
2446 4197 2530 4251 his
2580 4212 2702 4265 quae
2754 4212 2784 4251 e
2813 4197 3124 4265 captivitate
3157 4212 3341 4253 secum
3378 4208 3523 4253 attu-

1948 4288 2120 4342 lerant
2154 4288 2445 4356 principes,
2475 4302 2701 4357 quaeque
2724 4290 2866 4357 apud
2893 4287 3101 4342 Josiam
3128 4289 3371 4357 deposita
3406 4306 3525 4347 ma-

1947 4380 2166 4447 nebant,
2206 4396 2399 4436 aurum
2431 4390 2822 4450 argentumque
2852 4379 3023 4448 accipi
3069 4394 3085 4433 ε
3127 4380 3318 4436 deinde
3343 4383 3525 4451 parari

1946 4488 2199 4538 coronas,
2225 4488 2427 4542 easque
2457 4473 2507 4526 in
2536 4469 2844 4541 caputJesu
2877 4471 2970 4526 lilii
2998 4470 3227 4527 Josedec
3270 4476 3527 4529 sacerdo-

1947 4566 2015 4620 tis
2054 4565 2232 4632 magni
2272 4563 2495 4633 imponi,
2533 4563 2839 4633 diciqueilli
2874 4564 2940 4619 de
2994 4563 3289 4622 Zorobabel
3319 4585 3333 4620 ι

1950 4677 1969 4710 ι
2006 4657 2144 4712 Ecce
2170 4656 2283 4721 vir,
2318 4654 2511 4711 Oriens
2549 4670 2741 4710 nomen
2776 4654 2912 4724 ejus.
2950 4654 3147 4711 Vocem
3184 4659 3379 4723 oriens,
3418 4658 3524 4714 He-

255 4724 375 4780 εἷτα
409 4728 820 4782 κατασκευάσαι
872 4730 1190 4799 στεφάνους,
1220 4734 1489 4790 ἐπιθεῖναί
1537 4755 1596 4790 τε
1643 4740 1841 4805 αὐτοὺς

1952 4751 2086 4807 brzea
2114 4747 2277 4802 editio
2331 4761 2461 4803 voce
2508 4746 2767 4818 germinis
2823 4747 3110 4815 expressit.
3151 4766 3170 4801 ι
3226 4730 3290 4803 Et
3337 4752 3526 4806 subter

256 4817 350 4869 ἐπὶ
373 4817 476 4889 τὴν
511 4818 756 4890 κεφαλὴν
786 4822 963 4891 Ἰησοῦ
992 4823 1086 4876 τοῦ
1108 4825 1375 4888 Ἰωσεδὲκ,
1403 4825 1495 4881 τοῦ
1532 4828 1723 4900 ἱερέως
1744 4831 1837 4885 τοῦ
1861 4849 1869 4852 ν

259 4908 523 4976 μεγάλου,
561 4910 727 4978 φάναι
755 4928 814 4963 τε
843 4912 991 4984 αὐτῷ
1033 4916 1160 4985 περὶ
1186 4916 1283 4970 τοῦ
1314 4918 1636 4988 Ζοροϐάϐελο
1666 4940 1685 4973 ι
1710 4923 1838 4977 Ἰδοὺ

257 4999 697 5075 ἀνὴρ.Ἃνατολὴ
747 5004 917 5075 ὄνομα
958 5006 1125 5077 αὐτῷ.
1157 5027 1176 5058 ι
1218 5009 1291 5062 Τὸ
1321 5010 1378 5063 δὲ
1415 5012 1682 5081 ἀνατολὴ
1732 5014 1840 5068 τῶν

270 5090 538 5163 Ἐϐραίων
589 5096 622 5165 ἡ
669 5094 879 5160 ἔκδοσις
927 5096 1007 5168 τῷ
1056 5099 1152 5152 τοῦ
1202 5100 1583 5175 βλαστήματος
1614 5105 1839 5175 ὀνόματι

260 5185 631 5255 κατεσήμηνε.
686 5206 705 5239 ι
737 5190 845 5241 Καὶ
892 5190 1242 5246 ὑποκάτωθεν
1293 5195 1457 5249 αὑτοῦ
1501 5197 1779 5264 ἀνατελεί,
1812 5219 1831 5251 ι

257 5276 567 5341 τουτέστιν,
603 5278 668 5332 ὲκ
703 5282 799 5351 τῆς
831 5282 995 5336 αὑτοῦ
1030 5283 1187 5356 ῥίζης
1223 5287 1510 5358 ἀναφύσει.
1546 5309 1564 5341 ι
1596 5290 1839 5360 Λήψεται

260 5366 314 5420 δὲ
363 5371 457 5423 καὶ
488 5370 713 5441 ἀρετὴν,
750 5393 767 5425 ›
798 5376 1096 5443 τουτέστιν,
1132 5379 1491 5451 εὐπρέπειαν,
1516 5384 1633 5453 ἦτοι
1658 5382 1836 5448 δόξαν·

259 5458 590 5516 ἐκδεδώκασι
642 5463 749 5534 γάρ
792 5463 963 5531 οὕτως
1011 5470 1058 5521 οἱ
1104 5470 1281 5542 ἕτεροι
1326 5473 1432 5526 τῶν
1466 5476 1838 5547 ἐρμηνευτῶν.

262 5551 577 5620 Προσετίθει
624 5555 680 5608 δὲ
725 5556 961 5624 τούτοις,
999 5560 1075 5624 ὡς
1118 5561 1284 5633 ἄμφω
1334 5565 1451 5635 μὲν,
1498 5568 1702 5636 Ἰησοῦς
1750 5571 1843 5623 καὶ

261 5644 585 5715 Ζοροϐάϐελ,
637 5650 729 5701 ἐπὶ
782 5650 872 5703 τὸν
921 5652 1084 5707 αὐτὸν
1131 5656 1478 5714 καθεδοῦνται
1529 5661 1737 5732 Θρόνον,
1769 5664 1844 5729 ὡς

256 5836 261 5843 ·
333 5820 377 5851 ⁷⁸
416 5821 642 5881 Zachar.
675 5842 744 5893 ιν,
787 5831 839 5884 9.
916 5830 960 5861 ⁷⁷
1003 5829 1196 5887 ίΕδίῘΓ·
1242 5851 1315 5901 λιν
1364 5835 1443 5890 ιθ·

1945 4856 2065 4898 ευιη
2097 4839 2394 4906 exorietur,
2422 4856 2441 4890 ι
2486 4838 2587 4894 hoc
2618 4846 2724 4905 est,
2751 4847 2809 4893 ut
2862 4854 2927 4893 ex
2968 4837 3084 4908 ejus
3116 4839 3296 4896 radice
3321 4844 3525 4911 germi-

1947 4934 2117 4990 nabit.
2164 4931 2445 5001 «Accipiet
2478 4941 2658 4985 autem
2687 4930 2969 4995 virtutem,
2999 4949 3019 4982 ι
3080 4931 3182 4986 hoc
3229 4941 3332 4996 est,
3366 4933 3526 4989 deco.

1947 5040 2085 5092 rem,
2117 5023 2229 5080 sive
2252 5023 2499 5093 gloriam,
2526 5020 2796 5091 quomodo
2823 5021 2911 5074 alii
2964 5021 3290 5091 interpretes
3337 5022 3523 5078 edide-

1946 5128 2090 5172 runt.
2120 5116 2329 5187 Adiecit
2354 5116 2457 5181 his,
2482 5116 2691 5181 ambos,
2719 5113 2901 5170 Jesum
2926 5124 2981 5169 et
3007 5114 3329 5181 Zorohabel,
3357 5131 3522 5186 super

1945 5210 2132 5265 eodem
2166 5209 2301 5265 solio
2328 5223 2594 5285 sessuros,
2616 5216 2671 5261 ut
2695 5222 2979 5262 commune
3001 5208 3070 5262 sit
3111 5223 3333 5278 regnum
3356 5209 3518 5261 etiam

1942 5300 2300 5358 sacerdotium
2337 5299 2668 5369 procuranti,
2698 5308 2751 5351 et
2782 5299 3014 5369 dignitas
3030 5298 3319 5353 sacerdotii
3355 5297 3519 5351 etiam

1942 5410 2064 5449 cum
2095 5402 2353 5461 regnante
2374 5391 2836 5457 communicetur;
2870 5391 3214 5460 futuramque
3236 5389 3518 5443 amborum
3584 5392 3585 5395 “

1945 5500 2102 5538 unam
2136 5482 2417 5552 pacificam
2453 5490 2508 5536 et
2546 5481 2975 5537 consentientem
3029 5479 3377 5543 voluntatem,
3461 5489 3519 5533 nt

1945 5576 1996 5629 in
2041 5574 2182 5630 nullo
2214 5590 2434 5644 prorsus
2464 5573 2774 5645 discrepare
2799 5571 3101 5628 videantur.
3132 5569 3331 5625 Deinde
3364 5569 3518 5641 jubet

1945 5684 2173 5726 coronas
2207 5667 2343 5734 ﬁeri,
2373 5666 2715 5740 splendidum
2743 5664 3051 5732 donarium,
3074 5664 3217 5736 quod
3261 5663 3520 5720 oneratur
