4120 6548
611 314 686 372 95
1604 316 1664 372 8.
1705 316 1982 373 ετιιιιιι
2026 319 2496 377 ΑιΕχΑΝοιιιΝι
2536 321 2859 379 ΑΒΟΗΙΕΡ.
2918 356 2924 363 ο
3860 329 3961 385 96

613 434 722 490 lleo
756 430 808 488 in
828 432 989 489 domo
1017 432 1156 502 ejus,
1210 434 1441 505 gratiam
1502 439 1822 506 concilians,
1856 451 1911 497 et
1963 442 2191 511 gloriam

2301 438 2434 495 εἶναι
2467 443 2642 496 κοινὸν
2689 444 2750 497 τὸ
2794 444 2896 515 τῆς
2947 442 3222 513 βασιλείας
3266 446 3361 499 καὶ
3402 444 3481 517 τῷ
3516 447 3658 517 μετά
3702 451 3950 519 χεῖρας

615 522 831 591 pariens
848 520 1218 590 olferentibus,
1248 523 1429 590 Josiae,
1454 528 1711 598 jinquam,
1760 539 1816 586 et
1857 532 2192 601 captivitatis

2301 533 2467 604 ίχοντι
2515 534 2614 603 τὴν
2658 534 3081 603 ἱερουργίαν,τό
3124 551 3189 603 γε
3237 535 3346 606 μὴν
3397 535 3492 590 τοῦ
3545 536 3759 606 ἱερέως
3824 540 3947 590 καὶ

616 615 860 681 utilibus,
892 623 948 670 ει
976 616 1307 684 principibus
1358 619 1495 689 ejus.
1550 622 1795 677 Dedicarl
1841 632 2021 678 autem
2076 640 2185 679 non

2301 625 2440 697 αὐτῷ
2483 625 2841 694 προσκεῖσθαι
2871 625 2950 696 τῷ
2991 625 3361 695 βασιλεύοντι·
3392 627 3544 681 ἔσται
3578 628 3640 681 δὲ
3682 631 3945 697 ags-.05

618 703 816 759 frustra
847 723 861 759 :
890 707 984 763 sed
1017 716 1074 761 ut
1113 711 1425 765 cantoribus
1452 713 1662 782 templi,
1696 724 1753 769 et
1800 717 1973 771 sacris
2003 718 2191 787 psaltis

2301 716 2387 769 καὶ
2433 715 2680 786 βούλημα
2723 717 3023 787 εἰρηνικὸν,
3050 717 3126 781 ὡς
3157 716 3302 770 κατά
3345 734 3402 770 τι
3451 717 3583 785 γοῦν
3628 718 3794 780 ὅλως
3843 719 3937 787 μὴ

616 796 867 850 cantandi
897 807 1271 865 argumentum
1298 800 1388 855 sit.
1441 801 1612 867 Tunc,
1646 803 1885 872 inquam,
1914 824 1934 858 ‹
2000 817 2056 860 et
2099 809 2189 877 qui

2301 805 2867 876 ἑτερογνωμονοῦντας
2924 807 3177 877 ὁρᾶσθαι.
3229 803 3361 861 Εἶτα
3406 808 3533 871 τοὺς
3585 810 3939 875 στεφάνους

618 879 776 951 longe
822 884 888 941 ab
916 885 1039 951 illis,
1081 886 1226 943 ihoe
1273 899 1377 954 est,
1424 892 1515 959 qui
1554 894 1621 947 de
1670 895 1789 949 aliis
1820 894 2066 963 gentibus
2084 888 2190 953 $0-

2301 898 2542 968 λαμπρὸν
2594 898 2840 967 γίνεσθαι
2892 900 3261 970 προστέταχεν
3311 900 3592 969 ἀνάθημα,
3642 900 3726 971 τῷ
3786 899 3935 970 Θεῷ

617 974 789 1038 nienl,
821 985 875 1030 et
900 978 1201 1034 adorabunt
1238 981 1544 1037 Dominum.
1568 983 1842 1042 Eventura
1870 996 2052 1043 autem
2088 990 2189 1043 ista

2301 989 2775 1060 ιίσκεκομισμένον
2824 992 2906 1054 είς
2953 990 3045 1045 τὸν
3084 986 3235 1045 οἷκον
3277 989 3467 1053 αὑτοῦ,
3499 990 3643 1044 ὥστε
3683 992 3797 1044 καὶ
3834 992 3932 1054 είς

615 1064 865 1129 aﬂirmat,
887 1070 929 1122 si
968 1070 1135 1124 velint
1162 1073 1481 1129 obedientiae
1501 1088 1819 1133 ornamento
1867 1093 1928 1133 se
1960 1094 2190 1134 venera-

2301 1077 2470 1150 χάριν,
2510 1080 2629 1151 ἦτοι
2661 1081 2949 1153 καύχημα,
2984 1081 3241 1150 γενέσθαι
3271 1083 3381 1135 τῶν
3401 1083 3927 1153 προσαγηοχὸτων,

616 1156 751 1214 biles
784 1160 1029 1225 reddere,
1060 1171 1115 1217 et
1153 1164 1343 1218 audire
1369 1179 1553 1221 vocem
1582 1168 1788 1222 Domini
1828 1168 1945 1224 Dei.
1979 1171 2189 1224 Actum

2304 1172 2505 1225 Ἰωσίου
2525 1189 2604 1237 τε,
2626 1191 2697 1242 φη
2708 1174 2789 1242 μἰ,
2813 1176 2905 1226 καὶ
2929 1174 3037 1228 τῶν
3055 1171 3551 1242 τῆςιαῖχμαλωσίας
3572 1174 3927 1243 χρησίμων,

616 1248 853 1311 demum.
914 1251 999 1305 ubi
1083 1256 1443 1323 praenuntiata
1506 1258 1688 1314 exitus
1731 1263 2188 1329 comprobaverit,

2301 1264 2384 1316 καὶ
2416 1264 2525 1317 τῶν
2558 1265 2835 1335 ἀρχόντων
2866 1264 3448 1333 αὑτῆς.Ἀνατεθεῖναι
3476 1264 3553 1326 δὲ,
3585 1266 3646 1317 οὐ
3686 1266 3922 1333 μάτην,

2290 1356 2403 1409 ἀλλ’
2426 1355 2567 1409 ὥστε
2593 1357 2687 1411 καὶ
2711 1356 2853 1426 ᾠδῆς
2883 1354 3135 1424 γενέσθαι
3165 1356 3437 1426 πρόφασιν
3465 1359 3579 1418 τοῖς
3604 1354 3773 1425 ᾠδοῖς
3807 1354 3921 1407 τοῦ

2290 1446 2419 1500 ναοῦ
2445 1450 2538 1502 καὶ
2572 1447 2939 1519 ἱεροψάλταις.
2973 1449 3109 1501 Τότε
3154 1464 3219 1516 γε
3245 1447 3309 1519 δή
3341 1464 3484 1517 φημι
3519 1465 3539 1501 t
3562 1447 3657 1501 καὶ
3691 1447 3747 1500 oi.
3788 1462 3916 1516 μα-

612 1538 766 1580 more
825 1528 1179 1595 quorumdam
1241 1533 1613 1588 mentientium
1655 1537 1834 1591 cordis
1890 1538 1972 1591 sui
2030 1551 2187 1591 senss

2301 1539 2430 1610 ηραν
2490 1540 2589 1591 ἀπ’
2632 1538 2834 1602 αὐτῶν,
2874 1556 2895 1590 ι
2952 1538 3255 1603 τουτέστιν,
3309 1538 3358 1591 οἳ
3413 1539 3478 1591 ὲκ
3521 1537 3630 1590 τῶν
3679 1535 3917 1607 ἑτέρων

614 1612 941 1681 loqueretur,
978 1632 1140 1673 verax
1166 1622 1364 1689 potius,
1392 1639 1491 1679 nec
1522 1623 1776 1679 falsitatis
1803 1626 2043 1682 nuntius.
2064 1625 2190 1683 Hm

2301 1630 2459 1684 ὶθνῶν
2488 1630 2699 1701 ἥξουσι,
2726 1632 2821 1684 καὶ
2851 1631 3296 1701 προσκυνήσουσι
3322 1630 3399 1700 τῷ
3424 1629 3637 1701 Κυρίῳ.
3662 1628 3913 1699 Συμῦἠο

614 1703 869 1759 facillima
907 1717 961 1762 et
1012 1711 1169 1765 obvia
1226 1723 1310 1769 est
1357 1714 1600 1772 historia:
1626 1718 1939 1785 explicatio.

2301 1724 2482 1774 τεσθαι
2532 1721 2588 1774 δὲ
2644 1722 2710 1776 τὰ
2758 1721 2936 1775 τοιάδε
2985 1722 3170 1791 φησιν,
3203 1722 3360 1793 εἰπερ
3410 1721 3615 1774 ἒλοιντο
3658 1718 3747 1790 τῷ
3788 1719 3911 1787 τῆς

613 1799 923 1865 εὐπειθείας
950 1807 1450 1876 κατασεμνύνεσθαι
1475 1809 1687 1881 κόσμῳ,
1719 1813 1813 1867 καὶ
1844 1812 2061 1867 ἀκούειν
2087 1814 2187 1885 τῆς
2226 1815 2412 1884 φωνῆς
2444 1815 2649 1887 Κυρίου
2718 1814 2813 1868 τοῦ
2843 1814 3000 1869 Θεοῦ.
3036 1816 3148 1871 Καὶ
3210 1815 3332 1869 τότε
3375 1814 3561 1868 λοιπὸν
3595 1815 3673 1878 είς
3712 1813 3909 1884 πέρας

617 1893 993 1965 ἑκϐεϐηκότων
1046 1897 1154 1951 τῶν
1219 1902 1681 1973 προηγγελμένων
1709 1943 1724 1969 ,
1785 1902 2186 1975 ἑπιγνώσεσθαι
2230 1906 2434 1976 σαφῶς,
2475 1906 2555 1960 ὅτι
2582 1907 2654 1961 τά
2716 1906 2871 1978 παρά
2932 1906 3069 1961 Θεοῦ
3110 1908 3256 1975 σαφῆ
3294 1907 3654 1976 καταστήσων
3683 1906 3718 1959 δ
3754 1921 3907 1974 προσ

616 1990 793 2059 φήτης
814 1989 1118 2060 ἀπεστάλη,
1146 1992 1242 2045 καὶ
1268 1993 1387 2063 οὐχὶ
1412 1994 1477 2065 δὴ
1511 1995 1709 2067 μᾶλλον
1739 1998 1883 2051 κατά
1899 2015 2053 2062 τινας
2077 1998 2186 2053 τῶν
2222 2000 2540 2069 ψευδοεπεῖν
2603 1998 2895 2061 εἰωθότων,
2914 1998 2983 2053 τὰ
3007 2000 3116 2053 ἀπὸ
3173 1999 3401 2068 καρδίας
3421 2000 3608 2061 αὐτοῖς
3638 1997 3902 2067 λαλήσει,

615 2080 708 2134 καὶ
736 2080 940 2153 ἀληθὴς
960 2081 1015 2134 δὲ
1046 2082 1265 2152 μᾶλλον,
1294 2085 1389 2137 καὶ
1413 2084 1475 2138 οὐ
1500 2084 1883 2156 ψευδάγγελος.
1916 2088 2062 2160 Αὕτη
2089 2089 2186 2159 μὲν
2220 2090 2252 2161 ή
2318 2089 2644 2160 ἑτοιμοτάτη
2696 2088 2791 2142 καὶ
2823 2089 3117 2160 πρόχειρος
3161 2088 3270 2143 τῶν
3314 2089 3372 2143 ὲν
3409 2086 3673 2159 ἱστορίαις
3749 2088 3905 2142 ἀπό.

612 2172 778 2238 δοσις.

683 2267 900 2322 Certum
952 2277 1037 2325 est
1095 2264 1278 2338 porro,
1335 2271 1708 2329 dubitaturum
1765 2277 2061 2340 nominent,
2118 2276 2187 2332 ad

2362 2276 2531 2347 Δῆλον
2562 2276 2620 2329 δὲ
2652 2277 2733 2330 δτι
2767 2274 2829 2329 τὸ
2856 2275 3047 2347 χρῆμα
3086 2274 3147 2329 τὸ
3194 2272 3435 2343 Χριστοῦ
3474 2274 3807 2344 μυστήριον,
3840 2276 3901 2328 εί

616 1337 758 1395 haud
793 1341 951 1396 dubie
967 1344 1278 1413 cognituros
1312 1348 1629 1417 prOphetam
1669 1349 1893 1404 missum
1949 1366 2074 1407 esse
2132 1358 2191 1405 ut

614 1429 710 1485 Dei
737 1432 1233 1505 Voluntatem'ipsis
1280 1442 1538 1508 aperiret,
1580 1457 1684 1497 non
1746 1452 1923 1498 autem
1979 1453 2037 1498 ut
2093 1460 2192 1514 pro

610 2359 810 2413 Christi
841 2360 1156 2430 mysterium
1189 2378 1302 2416 rem
1331 2374 1599 2433 spectare,
1636 2367 1681 2422 si
1717 2367 1854 2423 bene
1880 2368 2187 2439 indagetur.

609 2447 1057 2503 Conflrmavimus
1103 2451 1245 2505 enim
1326 2452 1396 2506 ab
1463 2455 1637 2520 initio,
1684 2456 1738 2510 iu
1790 2456 2083 2511 Zorobabel
2137 2464 2194 2511 et

609 2537 733 2594 Jesu
759 2539 1107 2595 informatum
1136 2558 1257 2597 esse
1282 2542 1583 2611 Christum,
1607 2547 1948 2617 etsigillatim
1973 2550 2023 2600 in
2045 2558 2193 2601 utro-

610 2631 713 2693 vis,
740 2639 797 2685 et
822 2631 876 2685 in
904 2631 1167 2687 ambobus
1192 2636 1544 2705 conjttuctim,
1606 2644 1665 2691 ut
1694 2652 1881 2690 unum.
1913 2637 2008 2693 Est
2045 2638 2190 2693 enim

611 2721 751 2774 idem
776 2731 832 2776 et
900 2737 996 2778 rex
1030 2721 1219 2788 Israel,
1243 2733 1299 2779 et
1360 2742 1588 2795 magnus
1647 2728 1921 2794 sacerdos,
1980 2744 2001 2780 ι
2056 2728 2193 2783 San-

609 2823 750 2880 ctus,
777 2814 1058 2877 innocens,
1107 2815 1422 2887 impollutus
1468 2819 1531 2874 ’⁸.
1575 2837 1594 2871 ι
1651 2820 1917 2886 thuiam
1946 2834 2073 2875 vero
2126 2820 2193 2875 de

611 2905 753 2963 tribu
788 2905 923 2962 Juda
952 2908 1291 2978 progenerati
1319 2925 1542 2980 regnum
1604 2912 2092 2976 administrabant,
2137 2921 2192 2968 et

608 2998 717 3054 orti
746 2997 815 3053 de
856 2999 996 3053 tribu
1029 2997 1155 3055 Levi
1209 3003 1495 3057 sacerdotii
1547 3019 1742 3057 munus
1797 3004 2039 3064 obibant.
2072 3004 2191 3061 ideo

610 3104 709 3159 per
732 3090 868 3145 duos
893 3090 943 3145 iu
972 3106 1136 3145 unum
1163 3090 1447 3146 Dominum
1480 3095 1921 3159 transforntatur,
1948 3104 2187 3164 utpatet.

608 3182 788 3249 Quare
840 3183 885 3238 si
942 3185 1087 3238 dicat
1134 3184 1274 3239 Deus
1334 3185 1404 3240 de
1460 3186 1783 3252 Zorobabel,
1820 3206 1841 3239 ι
1876 3188 2065 3242 Manus
2090 3189 2191 3244 Zo-

608 3275 834 3331 rohahel
860 3275 1155 3330 fundarunt
1178 3278 1398 3331 domum
1424 3278 1603 3345 istam,
1634 3288 1689 3333 et
1721 3294 1911 3334 manus
1939 3281 2057 3348 ejus
2080 3296 2194 3349 per-

607 3368 788 3423 ficient
849 3383 967 3423 eam
988 3369 1057 3433 ",
1091 3385 1109 3421 ι
1150 3370 1407 3424 historice
1442 3370 1657 3439 quidem
1686 3370 1752 3424 de
1777 3385 1845 3425 eo
1873 3372 2073 3425 dictum
2098 3386 2190 3426 ac-

608 3458 814 3528 cipies;
850 3459 1147 3513 secundum
1205 3460 1349 3515 aliud
1391 3476 1520 3516 vero
1574 3462 1717 3530 quod
1743 3461 2081 3531 intelligitur,
2126 3464 2191 3517 ad

607 3550 886 3606 Christum
923 3550 1145 3605 referes.
1176 3550 1291 3617 Ipse
1316 3551 1459 3605 enim
1514 3551 1689 3607 factus
1723 3560 1809 3607 est
1860 3552 2016 3605 nobis
2067 3552 2193 3605 fun—

2296 2367 2566 2438 ὲρευνῷτο
2613 2367 2815 2431 καλῶς,
2846 2367 2949 2420 οὐκ
2981 2366 3048 2420 ἀν
3081 2364 3372 2419 ὲνδοιάσειέ
3416 2380 3523 2427 τις.
3561 2363 3899 2418 Διεὸεὖαιώ·

2300 2456 2440 2526 μεθα
2466 2456 2575 2527 γὰρ
2599 2455 2660 2521 ἐξ
2687 2456 2882 2527 ἀρχῆς,
2927 2455 3004 2517 ὡς
3038 2454 3094 2508 ἔν
3125 2472 3191 2524 γε
3224 2453 3301 2525 τῷ
3341 2452 3647 2524 Ζοροϐάϐελ
3667 2455 3765 2506 καὶ
3793 2454 3897 2523 μέν

2294 2565 2399 2613 τοι,
2429 2546 2706 2617 καὶἸησοῦ
2731 2545 3223 2619 διαμεμορφῶσθαι
3247 2544 3500 2617 Χριστὸν,
3535 2544 3629 2598 καὶ
3652 2544 3758 2597 ἀνά
3789 2546 3890 2614 μὲ-

2301 2657 2391 2712 ρος
2424 2642 2482 2693 ὲν
2509 2640 2777 2711 ἐκατέρῳ,
2806 2638 2903 2692 καὶ
2945 2641 3004 2692 ὲν
3051 2638 3256 2708 ἀμφοῖν
3298 2635 3620 2705 συλλήϐδην,
3649 2634 3728 2698 ὡς
3772 2637 3894 2690 ἕνα.

2302 2731 2459 2784 Ἐστι
2487 2731 2597 2803 γάρ
2621 2732 2680 2784 ὲν
2712 2730 2894 2802 ταυτῷ
2939 2730 3034 2785 καὶ
3084 2729 3338 2800 βασιλεὺς
3381 2728 3474 2782 τοῦ
3508 2727 3747 2800 Ἰσραὴλ,
3800 2728 3897 2781 καὶ

2300 2824 2476 2894 μέγας
2537 2823 2850 2893 ἀρχιερεὺς,
2912 2842 2931 2875 ι
2962 2824 3184 2887 Ὅσιος,
3237 2821 3480 2882 ἄκακος,
3537 2819 3829 2889 ἀμίαντος.
3870 2837 3890 2870 ι

2310 2912 2530 2983 Ἐπειδὴ
2556 2912 2614 2966 δὲ
2636 2913 2686 2965 ol
2720 2913 2817 2983 μὲν
2838 2912 2903 2965 ὲκ
2933 2911 3105 2981 φυλῆς
3127 2908 3303 2963 Ἰούδα
3328 2910 3454 2972 τοὺς
3474 2908 3575 2978 τῆς
3609 2907 3896 2977 βασιλείας

2295 3003 2501 3057 διεῖπον
2542 3001 2772 3066 θώκους,
2811 3002 2861 3056 οἱ
2902 3000 2960 3054 δὲ
2993 3001 3092 3071 τῆς
3122 2998 3258 3054 Λευῒ
3290 2998 3530 3053 τέθειντο
3562 2996 3697 3067 πρὸς
3730 2997 3895 3067 ἱερωο

2298 3095 2490 3168 σύνην,
2537 3095 2796 3166 ταύτῃτοι
2841 3092 3030 3163 σαφῶς
3060 3092 3149 3145 διὰ
3194 3090 3302 3145 τῶν
3330 3090 3475 3145 δυοῖν
3511 3090 3591 3152 εἰς
3634 3088 3733 3143 ἕνα
3756 3104 3895 3159 μορ-

2298 3186 2494 3256 φοῦται
2518 3185 2741 3258 Κύριον.
2775 3183 2986 3239 Οὐκοῦν
3014 3185 3062 3237 εί
3090 3182 3238 3251 λέγοι
3266 3181 3398 3245 Θεὸς
3431 3179 3561 3250 περὶ
3597 3178 3689 3232 τοῦ
3723 3180 3894 3250 Ζορο-

2300 3276 2493 3343 ϐασελ,
2533 3277 2611 3339 ὡς
2660 3293 2681 3327 ι
2712 3277 2777 3329 Al
2826 3277 3007 3346 χεῖρες
3041 3271 3347 3345 Ζοροὸάόελ
3393 3269 3762 3340 ἐθεμελίωσαν
3796 3268 3895 3322 τὸν

2300 3366 2448 3423 οἷκον
2478 3367 2687 3433 τοῦτον,
2719 3366 2815 3420 καὶ
2854 3367 2910 3419 αἱ
2941 3366 3123 3435 χεῖρες
3153 3362 3319 3417 αὐτοῦ
3349 3360 3758 3417 ὲπιτελέσουσιν
3788 3359 3893 3414 αὒ-

2300 3460 2411 3523 τὸν,
2446 3479 2465 3512 ι
2503 3457 2916 3529 ῖστορικώτερον
2954 3457 3052 3526 μὲν
3086 3456 3172 3508 ἐπ’
3201 3455 3435 3515 ἐκείνου,
3461 3454 3680 3523 νοήσεις
3710 3452 3768 3505 δὲ
3796 3451 3893 3505 ἐπὶ

2301 3544 2538 3616 Χριστὸν
2575 3544 2801 3615 νοητώς.
2831 3544 3002 3606 Αὐτὸς
3046 3543 3153 3614 γὰρ
3203 3542 3360 3612 ἡμῶν
3400 3541 3592 3610 γέγονε
3620 3540 3889 3611 θεμέλιος,

613 3645 951 3706 damentum,
978 3653 1033 3697 et
1086 3658 1252 3713 super
1288 3644 1460 3710 ipsum
1492 3658 1685 3699 omnes
1741 3644 2099 3712 spiritualiter
2144 3643 2194 3697 in

2302 3634 2397 3688 καὶ
2430 3632 2579 3703 αύτῷ
2605 3632 2807 3695 πάντες
2837 3629 3344 3700 ἐποικοδομούμεθα
3372 3628 3781 3699 πνευματικῶς,
3808 3630 3890 3693 εἰς

612 3735 875 3803 templum
942 3743 1189 3789 sanctum
1243 3736 1494 3790 aedificati
1571 3750 1792 3802 sumus;
1864 3736 1977 3805 ipse
2038 3736 2191 3792 nobis

614 3828 782 3900 706
806 3828 1126 3898 principium
1157 3835 1213 3881 et
1254 3826 1377 3882 linis
1415 3836 1520 3882 est.
1586 3827 1695 3882 Nos
1754 3828 1897 3883 enim
1948 3829 2193 3883 sanctill-

616 3929 765 3974 catos
790 3921 840 3973 in
866 3917 1105 3989 Spiritu,
1134 3918 1563 3988 prmclarumque
1593 3929 1647 3973 et
1678 3929 1923 3973 sanctum
1979 3919 2192 3973 habita—

615 4009 793 4064 culum
848 4009 949 4067 sibl
1007 4020 1065 4065 et
1129 4009 1298 4072 Patri,
1342 4009 1516 4064 deleto
1571 4020 1793 4078 peccato
1850 4010 2092 4064 funditus
2142 4018 2196 4064 ct

614 4104 959 4173 corruptione
991 4101 1230 4167 abolitam
1258 4100 1521 4157 exhibuit.
1556 4100 1674 4170 Ipse
1716 4101 1859 4157 enim
1913 4112 1995 4156 est
2038 4098 2197 4155 Jesus

612 4197 870 4249 sacerdos
902 4210 1145 4265 magnus,
1184 4203 1239 4248 et
1261 4203 1416 4248 sonat
1443 4194 1659 4263 quidem
1692 4192 1854 4251 Jesus
1883 4195 2028 4249 salus
2095 4210 2195 4263 po-

615 4284 748 4354 puli.
775 4286 864 4340 Sic
889 4302 1121 4357 namque
1174 4286 1391 4343 divinus
1451 4287 1671 4344 Gabriel
1733 4288 1801 4344 ad
1860 4285 2195 4359 Virginem:

626 4396 645 4429 ι
686 4378 749 4431 Et
797 4392 945 4445 ecce,
999 4379 1273 4449 concipies
1313 4380 1366 4435 in
1411 4390 1586 4445 utero,
1610 4390 1664 4437 et
1693 4381 1873 4452 paries
1904 4380 2094 4444 lilium,
2145 4389 2200 4435 et

619 4470 840 4524 vocabis
862 4484 1061 4523 nomen
1093 4468 1209 4537 ejus
1228 4468 1413 4525 Jesum
1450 4469 1535 4538 '°;
1567 4473 1682 4541 ipse
1711 4472 1854 4526 enim
1881 4471 2088 4526 salvum
2123 4468 2201 4523 fa-

622 4562 726 4616 ciet
757 4561 1009 4629 pOpnlum
1044 4578 1198 4617 suum
1236 4578 1262 4616 a
1314 4564 1552 4632 peccatis
1600 4578 1788 4619 eorum
1826 4562 1891 4617 ⁸¹.
1926 4582 1945 4615 ι
1978 4559 2203 4616 Josedec

623 4665 801 4707 autem
850 4655 1091 4708 redditur
1134 4655 1347 4725 justitia
1402 4656 1514 4711 Dei.
1569 4653 1864 4711 Justiflcati
1928 4654 2073 4708 enim
2150 4654 2202 4707 in

624 4746 739 4815 ipso
782 4760 875 4813 per
900 4745 1055 4799 fidem
1077 4746 1145 4813 ι’,
1166 4756 1218 4802 et
1237 4763 1266 4801 a
1299 4748 1549 4802 sordibus
1573 4758 1815 4801 veterum
1854 4754 2203 4815 peccatorum

625 4837 787 4892 abluti
834 4852 1039 4892 sumus.
1081 4839 1203 4907 Ipse
1257 4854 1355 4893 nos
1385 4840 1625 4908 captivos
1673 4838 1921 4893 liberavit
1972 4834 2043 4901 ⁸³,
2070 4847 2124 4891 et
2174 4851 2205 4889 a

623 4929 899 4996 servltute,
967 4945 1126 5003 quam
1190 4940 1370 4987 mente
1418 4932 1662 5001 capimus
1711 4946 1810 4985 nos
1870 4929 2089 4995 exemit,
2151 4938 2205 4983 et

625 5033 883 5091 tauquam
929 5040 992 5079 ex
1040 5026 1324 5095 peregrina
1392 5034 1450 5079 et
1505 5022 1927 5093 alienigenarum
1962 5021 2200 5090 regione,

624 5131 692 5171 ex
750 5116 1011 5172 diabolica
1074 5120 1385 5174 sedurtione
1436 5119 1502 5172 ad
1558 5116 1652 5171 Dei
1708 5114 2089 5186 cognitionem,
2152 5121 2205 5167 ct

628 5215 938 5263 sanctorum
976 5209 1246 5264 civitatem
1281 5210 1558 5275 eximiam,
1600 5222 1726 5263 vere
1807 5214 2046 5261 sanctam
2110 5202 2203 5259 ιε.

631 5299 890 5365 rusnlem,
957 5315 1076 5370 quae
1127 5312 1207 5355 est
1271 5301 1532 5364 Ecclesia,
1598 5298 1832 5354 reduxit.
1869 5297 2207 5365 Quapropter

2293 3725 2420 3780 ναὸν
2454 3724 2630 3793 ἅγιον·
2681 3722 2846 3785 αὐτὸς
2869 3721 3029 3792 ἡμῶν
3066 3722 3101 3789 ἡ
3131 3720 3274 3791 ἀρχὴ
3304 3720 3399 3774 καὶ
3429 3719 3493 3774 τὸ
3525 3719 3719 3789 πέρας.
3741 3722 3889 3791 Παρ-

2296 3815 2476 3887 ίστησι
2507 3815 2614 3885 γὰρ
2647 3814 2796 3884 ἡμᾶς
2823 3810 3191 3882 ἡγιασμένους
3220 3812 3279 3864 ὲν
3313 3809 3608 3882 πνεύματι,
3641 3809 3890 3883 λαμπρόν

2294 3923 2354 3960 τε
2404 3905 2499 3960 καὶ
2551 3903 2695 3975 ἱερὸν
2746 3902 3071 3973 ἐνδιαίτημα
3118 3902 3298 3972 ἑαυτῷ
3344 3919 3406 3956 τε
3453 3902 3551 3956 καὶ
3583 3900 3661 3969 τῷ
3695 3902 3889 3973 Πατρὶ,

2299 3996 2715 4070 περιῃρημένης
2747 3998 2827 4061 εἰς
2859 3995 3008 4051 ἆπαν
3034 3994 3134 4066 τῆς
3157 3995 3454 4067 ἁμαρτίας,
3483 3994 3578 4049 καὶ
3606 4011 3887 4067 κατηργηο

2299 4090 2467 4162 μένης
2509 4090 2609 4161 τῆς
2638 4089 2865 4160 φθορᾶς.
2892 4087 3064 4151 Αὐτὸς
3097 4087 3207 4157 γάρ
3236 4088 3385 4140 ἔστιν
3423 4085 3629 4156 Ἰησοῦς
3657 4086 3833 4157 ἱερεὺς
3856 4086 3888 4139 ὁ

2303 4185 2494 4256 μέγας,
2530 4183 2625 4237 καὶ
2657 4178 3025 4253 ἑρμηνεύεται
3061 4178 3159 4250 μὲν
3183 4175 3392 4248 Ἰησοῦς
3420 4176 3684 4245 σωτηρία
3710 4174 3881 4230 λαοῦ.

2299 4274 2455 4330 Οὕτω
2481 4274 2592 4346 γὰρ
2621 4274 2718 4327 καὶ
2744 4274 2773 4325 ὁ
2803 4270 3092 4333 θεσπέσιος
3116 4266 3359 4339 Γαϐριὴλ
3398 4265 3534 4337 πρὸς
3561 4265 3662 4337 τὴν
3681 4263 3885 4335 Παρθέ·

2300 4385 2390 4423 νον
2425 4366 2623 4439 φησιν’
2660 4383 2679 4417 ι
2713 4364 2826 4419 Καὶ
2860 4363 2969 4417 ἰδοὺ
3000 4360 3244 4431 sumen
3274 4360 3334 4412 ὲν
3363 4357 3583 4427 γαστρὶ,
3606 4356 3699 4409 καὶ
3718 4355 3883 4421 τέξεις

2301 4461 2436 4524 υἱὸν,
2468 4463 2563 4515 καὶ
2590 4458 2842 4520 καλέσεις
2869 4456 2931 4509 τὸ
2957 4453 3129 4524 ὄνομα
3157 4449 3321 4506 αὑτοῦ
3346 4447 3575 4518 Ἰησοῦν*
3606 4445 3763 4509 αύτδς
3779 4446 3882 4514 γὰρ

2305 4553 2468 4607 σώσει
2515 4551 2606 4605 τὸν
2643 4549 2770 4602 λαδν
2801 4546 2964 4601 αὐτοῦ
2987 4545 3098 4600 ἀπὸ
3144 4542 3256 4598 τῶν
3301 4538 3585 4612 ἁμαρτιῶν
3634 4536 3819 4593 αὐτοῦ.
3858 4556 3875 4588 ι

2316 4644 2563 4699 Ἰωσεδὲκ
2591 4642 2647 4696 δὲ
2677 4642 2879 4694 νοεῖται
2904 4637 3260 4701 δικαιοσύνη
3293 4632 3462 4688 Θεοῦ.
3485 4628 3883 4699 Δεδικαιὼμεθα

2305 4735 2414 4807 γάρ
2440 4736 2498 4787 ὲν
2524 4732 2674 4803 αὐτῷ
2706 4730 2796 4785 διὰ
2827 4731 3086 4792 πίστεως,
3110 4726 3205 4779 καὶ
3228 4724 3336 4778 τῶν
3366 4721 3613 4794 ἀρχαίων
3639 4718 3884 4789 αίτιαμά-

2304 4846 2414 4883 των
2450 4827 2544 4881 τὸν
2589 4826 2760 4898 ῥύπον
2790 4817 3199 4891 ἀπενιψάμεθα.
3232 4815 3404 4879 Αὐτὸς
3440 4814 3587 4885 ἡμᾶς
3613 4809 3878 4881 αἱχμαλὼο

2307 4937 2435 4983 τους
2468 4918 2628 4980 ὂντας
2672 4913 2959 4987 ἐρρύσατο,
2991 4911 3084 4965 καὶ
3117 4909 3217 4979 τῆς
3248 4905 3447 4976 νοητῆς
3479 4902 3723 4966 δουλείας
3750 4900 3883 4966 ἐξεί-

2313 5011 2455 5073 λετο,
2491 5009 2586 5063 καὶ
2612 5001 2812 5077 οἷάπερ
2864 5004 2925 5069 ἐξ
2972 4998 3278 5069 ἀλλοδαπῆς
3305 4996 3401 5050 καὶ
3439 4993 3541 5064 τῆς
3581 4988 3882 5058 ἀλλοφύλων

2309 5104 2410 5171 τῆς
2437 5097 2821 5169 δαιμονιώδους
2865 5096 3081 5163 ἀπάτης
3131 5088 3531 5158 ἀνακεκόμικεν
3560 5084 3640 5146 εἰς
3664 5081 3882 5171 θεογνω-

2311 5169 2454 5253 σίαν,
2491 5191 2587 5245 καὶ
2629 5191 2709 5251 είς
2741 5190 2839 5259 τὴν
2872 5186 2981 5240 τῶν
3019 5183 3189 5253 ἁγίων
3223 5176 3559 5238 καλλίπολιν,
3593 5174 3693 5243 τὴν
3731 5169 3883 5237 ἁγίαν

2314 5283 2529 5356 ἀληθῶς
2564 5279 2951 5353 Ἰερουσαλὴμ,
2994 5279 3116 5349 ἥτις
3159 5274 3305 5328 ἐστὶν
3356 5272 3391 5341 ἡ
3427 5263 3760 5356 Ἐκκλησία.
3791 5260 3881 5314 Διά

632 5402 779 5447 recta
832 5402 885 5447 et
944 5392 1214 5461 inculpata
1269 5392 1391 5455 fide,
1436 5401 1492 5447 et
1556 5391 1816 5445 virtutqu
1871 5386 2195 5443 ornamentis

2314 5355 2473 5434 τοῦτο
2497 5373 2852 5445 στεφανοῦται
2879 5371 3017 5443 πρὸς
3045 5367 3201 5439 ἡμῶν
3226 5363 3361 5437 ὀρθῇ
3385 5362 3481 5417 καὶ
3506 5355 3880 5461 ἀνεπιπλήκτῳ

638 5480 962 5550 hymnisque
981 5452 1180 5551 gratius
1216 5482 1500 5552 agentibus
1532 5496 1562 5536 a
1586 5480 1747 5537 nobis
1770 5487 2086 5535 coronatur.
2144 5474 2195 5528 El

2317 5472 2521 5536 πίστει,
2555 5470 2649 5524 καὶ
2693 5470 2806 5529 τοῖς
2854 5467 2937 5529 εἰς
2975 5463 3177 5537 ἀρετὴν
3225 5461 3565 5552 αὐχήμασιν,
3597 5452 3780 5552 ὕμνοις
3807 5461 3879 5499 τε

638 5583 855 5627 cortinae
881 5573 1095 5641 quidem
1124 5573 1227 5627 illa:
1286 5588 1465 5628 aureae
1508 5581 1564 5629 et
1618 5580 1884 5645 argentea
1929 5576 2106 5631 erant,
2156 5575 2195 5622 ει

2313 5569 2427 5631 τοῖς
2454 5562 2849 5637 χαριστηρίοις.
2895 5559 3005 5615 Καὶ
3043 5557 3094 5611 οἱ
3129 5555 3227 5628 μὲν
3255 5554 3318 5609 τὸ
3344 5547 3601 5639 τηνικάδε
3644 5542 3875 5612 στέφανο·

708 5749 757 5783 ’⁸³
797 5749 957 5807 iiebr.
1007 5767 1099 5819 vn,
1140 5752 1226 5807 36.
1306 5754 1346 5785 "
1391 5751 1615 5810 Zachar.
1654 5768 1725 5821 ιν,
1759 5753 1810 5808 9.
1886 5752 1933 5783 ’θ
1966 5749 2096 5807 Luc.
2141 5767 2177 5818 ι,

2364 5747 2405 5780 ⁶¹
2441 5742 2629 5801 Mttth.
2670 5756 2709 5810 ι,
2742 5740 2833 5797 2|.
2911 5737 2955 5772 ⁸⁹
2993 5735 3153 5795 Rom.
3186 5730 3314 5798 v.1.
3394 5726 3439 5759 ’³
3479 5720 3657 5781 Galat.
3699 5732 3765 5785 ιν,
3800 5713 3853 5771 δι
