4120 6542
200 399 265 452 υ
691 342 694 345 ’
1044 376 1601 439 COMMENTARIUS
1641 377 1710 432 IN
1751 374 2154 432 ZACIIARIAM
2197 341 2639 431 rnorumu.
3384 381 3453 436 οε

201 512 393 583 χρυσοῖ
424 525 479 562 τε
513 501 676 577 ἦσαν,
699 504 791 558 καὶ
813 500 1066 572 ἀργυροῖ,
1093 497 1189 551 καὶ
1215 496 1276 561 ἐξ
1299 495 1435 565 ὕλης
1460 495 1790 548 κατεσκευά-

1895 510 1957 547 ex
1991 495 2212 548 materia
2239 495 2473 562 peritura
2501 494 2719 548 ﬁebant.
2747 495 2946 563 Atquz
2967 509 2994 546 a
3035 495 3186 549 nobis
3216 499 3451 564 plectun-

202 606 354 670 ζοντο
381 601 478 672 τῆς
513 597 776 668 φθαρτῆς.
803 594 866 647 υἱ
897 592 952 646 δέ
985 608 1050 660 γε
1081 591 1217 662 πρὸς
1240 587 1401 660 ήμῶν
1427 585 1790 656 πεπλεγμένοι

203 710 258 748 τε
295 691 389 745 καὶ
414 684 792 757 ἀνημ[μ]ένοι,
826 685 1012 752 γήϊνον
1039 681 1139 749 μὲν
1159 679 1373 750 ἔχουσιν
1388 676 1564 730 οὐδέν·
1605 676 1790 730 συντέ-

205 782 404 835 θεινται
434 778 490 831 δὲ
523 774 724 846 μᾶλλον
755 776 819 825 ἐκ
851 772 950 842 τῆς
983 771 1061 842 τῷ
1092 770 1212 840 Θεῷ
1255 768 1577 840 πρεπούσης
1611 767 1788 838 δόξης.

215 869 559 937 Ἀνατίθεμεν
579 866 686 934 γὰρ
708 863 856 933 αὑτῴ
873 861 1168 934 ὼςχρυσὺν
1192 861 1308 931 μὲν,
1337 861 1446 914 τῶν
1475 876 1543 912 πε
1555 861 1606 928 ρὶ
1627 859 1790 912 αὑτοῦ

200 961 482 1030 δογμάτων
514 957 616 1027 τὴν
645 954 864 1023 ἀπλανῆ
897 953 1163 1023 θεωρίαν·
1201 951 1276 1014 ὼς
1313 952 1556 1022 ἄργυρον
1582 950 1659 1015 δὲ,
1693 949 1792 1019 τὴν

201 1053 260 1117 ἐξ
288 1053 464 1122 ἔργων
511 1049 736 1117 ἀγαθῶν
763 1046 1098 1116 φαιδρότητα
1143 1044 1363 1113 νοητήν.
1389 1044 1543 1095 Ἔστι
1600 1040 1658 1095 δὲ
1697 1039 1790 1092 καὶ

200 1144 399 1213 ἑτέρως
428 1140 691 1208 στέφανός
703 1157 767 1205 ,τε
791 1139 886 1192 καὶ
907 1137 1034 1203 δόξα
1063 1134 1323 1206 Χριστοῦ,
1343 1134 1450 1186 τῶν
1475 1135 1603 1205 παρ’
1623 1131 1788 1186 αὑτοῦ

201 1229 557 1299 σεσωσμένων
591 1230 623 1297 ή
657 1225 920 1297 σωτηρία.
950 1226 1225 1278 Σέσωσται
1253 1224 1362 1294 γὰρ
1395 1224 1495 1276 οὐκ
1519 1223 1669 1286 ἔθνος
1706 1221 1786 1286 ἓν,

199 1318 450 1388 καθάπερ
497 1317 692 1388 ἀμέλει
748 1317 843 1369 καὶ
894 1316 1064 1370 πάλαι
1111 1315 1200 1369 διά
1224 1315 1467 1378 Μωσέως
1494 1317 1521 1367 ό
1549 1313 1787 1386 Ἰσραὴλ,

197 1407 311 1459 ἀλλ’
355 1406 454 1476 ὂλη
489 1405 678 1458 λοιπὸν
713 1406 804 1459 ὑπ’
831 1405 1059 1476 οὐρανόν
1079 1421 1093 1437 ο
1126 1405 1334 1476 ἔπρεπε
1366 1408 1475 1476 γὰρ
1504 1406 1597 1457 καὶ
1629 1405 1788 1458 τοῦτο

198 1499 277 1569 τῷ
299 1499 744 1570 Χριστῷ.¹Ἀθρει
771 1498 850 1565 δὲ,
883 1500 1032 1562 ὅπως
1064 1498 1214 1570 παρά
1242 1498 1349 1552 τῶν
1378 1498 1665 1568 χρησίμων
1688 1499 1786 1552 αὺ-

196 1588 296 1657 τῆς
336 1589 431 1641 καὶ
474 1588 581 1640 τῶν
635 1587 1027 1655 ἐπεγνωκότων
1077 1588 1256 1659 ⁵αὐτὴν
1301 1588 1368 1641 τὰ
1425 1590 1506 1651 είς
1549 1587 1648 1657 τὴν
1677 1587 1785 1640 τῶν

200 1681 480 1748 στεφάνων
508 1681 853 1750 κατασκευήν
885 1681 1369 1750 προσκομίζονται.
1403 1681 1466 1732 Οἱ
1505 1679 1612 1750 γὰρ
1641 1679 1784 1732 λαῶν

197 1771 512 1840 ἡγούμενοι,
536 1773 630 1824 καὶ
649 1773 729 1834 εἰς
750 1772 920 1843 ἀρχὰς
943 1771 1248 1841 τεθειμένοι
1270 1771 1368 1834 τὰς
1392 1770 1604 1824 τοιάσδε
1634 1770 1785 1841 παρά

1897 586 2486 653 turintpounuturque,
2535 594 2806 640 terrenum
2861 584 2994 640 nihil
3037 587 3270 641 habent:
3326 589 3455 657 quin

1893 676 2072 746 potius
2104 691 2171 730 ex
2204 676 2370 744 gloria
2405 677 2514 733 Deo
2541 677 2696 748 digna
2725 679 3033 748 compositas
3075 687 3219 734 sunt.
3248 679 3456 733 Etenim

1892 765 2010 822 loco
2044 768 2160 821 auri
2211 768 2518 838 dogmatum
2549 770 2616 822 de
2653 769 2771 838 ipso
2793 785 2978 823 veram
3010 777 3323 840 certamque
3369 768 3455 823 in.

1893 858 2272 927 telligentiam,
2320 859 2529 928 argenti
2563 868 2740 913 autent
2762 875 2827 913 ex
2854 860 3009 914 bouis
3045 860 3298 929 operibus
3320 859 3459 914 nito-

1891 963 2004 1003 rem
2029 949 2211 1002 animo
2230 948 2604 1018 aspectabiletn
2633 949 2929 1004 oll‘erimus.
2960 949 3054 1004 Est
3081 951 3238 1004 aliter
3262 965 3457 1005 corona

1891 1049 1944 1094 et
1973 1039 2142 1108 gloria
2169 1039 2370 1094 Christi
2407 1039 2734 1094 salvatorutn
2763 1043 2832 1094 ab
2872 1043 2989 1109 ipso
3049 1042 3217 1095 salus.
3246 1040 3457 1094 Salvete

1890 1139 1974 1184 est
1992 1134 2134 1184 enim
2161 1147 2265 1185 non
2300 1146 2404 1184 una
2429 1147 2583 1201 gens,
2617 1132 3066 1202 quemadmodum
3101 1131 3306 1186 scilicet
3331 1131 3458 1185 olim

1890 1233 1989 1287 per
2018 1219 2200 1274 Mosen
2231 1220 2416 1285 Israel,
2475 1221 2568 1275 sed
2601 1223 2863 1291 quidquid
2903 1224 3062 1276 etiam
3089 1225 3327 1291 gentium
3360 1223 3461 1277 sub

1896 1308 2035 1364 cmlo
2069 1321 2188 1364 est:
2217 1310 2318 1366 hoc
2336 1312 2534 1381 quippe
2555 1311 2829 1366 Christum
2865 1312 3112 1367 decebat.
3155 1311 3272 1367 Jam
3319 1329 3462 1369 nunc

1891 1400 2034 1464 vide,
2073 1406 2344 1471 quomodo
2365 1404 2431 1457 ab
2460 1403 2676 1457 utilibus
2735 1403 2872 1472 ejus,
2923 1414 2978 1457 et
3031 1404 3115 1458 Itis
3150 1405 3241 1473 qui
3269 1419 3462 1473 cogno-

1889 1504 2081 1546 verunt
2105 1511 2222 1548 eam
2246 1497 2312 1548 ad
2348 1511 2598 1550 coronam
2623 1495 2954 1550 emciendam
3007 1498 3306 1551 necessaria
3336 1514 3464 1552 con-

1887 1586 2154 1639 ferantur.
2184 1585 2462 1654 Principes
2487 1587 2632 1640 enim
2662 1587 2874 1656 populi,
2901 1598 2954 1641 et
2985 1588 3036 1641 in
3061 1587 3461 1656 inagistratibus

1886 1674 2194 1744 bujtmmodi
2241 1691 2270 1728 a
2304 1674 2613 1740 Deolocati,
2671 1686 2726 1730 et
2781 1677 2975 1745 quibus
3026 1677 3262 1746 antiqua:
3293 1678 3463 1745 capti-

1885 1768 2069 1822 vitatis
2105 1775 2300 1822 nostrzn
2328 1769 2465 1821 ratio
2493 1778 2617 1822 nota
2648 1778 2751 1831 εει,
2784 1769 2986 1837 quique
3047 1769 3205 1822 utiles
3237 1779 3360 1822 sunt
3395 1769 3458 1822 li-

198 1860 356 1925 Θεοῦ,
388 1862 478 1913 καί
511 1862 563 1912 οἱ
590 1861 680 1914 τὸν
707 1862 804 1932 τῆς
844 1863 1081 1931 ἀρχαίας
1111 1861 1270 1932 ἡμῶν
1300 1862 1676 1932 αἰχμαλωσίας
1713 1864 1784 1913 el-

1894 1861 2088 1914 beratis
2117 1869 2173 1913 ut
2205 1861 2390 1921 duces,
2415 1869 2482 1926 ,ει
2510 1859 2751 1928 magistri
2781 1861 2846 1913 ad
2863 1862 3255 1913 admonendum
3285 1870 3340 1914 et
3368 1862 3463 1914 de-

197 1950 349 2014 δότες
397 1952 617 2021 τρόπον,
653 1953 914 2022 χρήσιμοί
961 1968 1020 2004 τε
1068 1955 1180 2016 τοῖς
1229 1953 1675 2023 λιλυτρωμένοις,
1707 1953 1781 2016 ὡς

201 2039 528 2111 καθηγηταὶ,
557 2041 651 2094 καὶ
675 2041 984 2094 διδάσκαλοι
1030 2043 1123 2094 καὶ
1155 2043 1423 2096 νουθετεῖν
1453 2043 1546 2096 καὶ
1571 2044 1780 2095 ἀποκο-

203 2133 380 2203 μίζειν
419 2129 477 2186 εὖ
515 2133 660 2203 μάλα
705 2133 841 2202 πρὸς
892 2134 1273 2203 ὲννομωτάτην
1323 2134 1489 2204 ζωὴν,
1520 2136 1671 2188 αὐτοὶ
1714 2133 1782 2187 τὰ

201 2225 342 2295 ὑπὲρ
377 2224 630 2277 ἁπάντων
677 2224 1011 2294 προσάγουσι
1057 2223 1225 2293 δῶρα,
1259 2226 1328 2276 τά
1367 2225 1476 2277 τῶν
1507 2225 1784 2276 ἀδυνάτων

201 2315 558 2386 ἀσθενήματα
610 2315 945 2383 πληροῦντες
988 2315 1053 2367 δι’
1086 2315 1784 2384 ὲαυτῶν.Ἐπιτεθειμένων

202 2406 260 2458 δὲ
293 2405 402 2458 τῶν
438 2406 718 2474 στεφάνων
772 2407 864 2458 ἐπὶ
915 2405 1013 2474 τὴν
1058 2405 1300 2476 κεφαλὴν
1333 2406 1534 2476 Ἰησοῦ,
1567 2407 1784 2475 λέγεται

203 2499 343 2569 πρὸς
388 2498 550 2551 αὐτὸν
595 2499 722 2569 περὶ
755 2498 848 2551 τοῦ
885 2498 1208 2568 Ζοροϐάϐελ⁹
1245 2519 1263 2552 ι
1287 2499 1417 2553 Ἰδοὺ
1454 2501 1789 2571 ἀνὴρ,Ἀνα-

199 2589 330 2658 τολὴ
364 2588 534 2657 ὄνομα
563 2587 732 2656 αὐτῷ,
765 2588 858 2640 καὶ
889 2589 1238 2642 ὑποκάτωθεν
1270 2588 1436 2642 αὐτοῦ
1463 2590 1728 2644 ἀνα-τελεῖ.
1761 2607 1781 2642 ι

202 2680 469 2734 Τεθέαται
515 2679 606 2732 τὸν
631 2677 840 2749 Ἰησοῦν
877 2679 1310 2749 στεφανούμενον
1361 2680 1438 2743 ὠς
1487 2682 1654 2752 ἱερέα,
1692 2683 1786 2736 καὶ

202 2771 511 2844 προῦχοντα
527 2771 580 2823 δὲ
598 2773 699 2842 ὁρᾷ
717 2771 876 2852 πάλιν
901 2772 1060 2824 αὑτὸν
1083 2771 1158 2834 ὡς
1188 2771 1244 2824 έν
1272 2789 1334 2840 γε
1360 2771 1436 2842 τῷ
1457 2773 1783 2843 Ζοροϐάϐελ,

203 2866 297 2918 καὶ
323 2867 380 2916 έν
402 2862 529 2935 δόξῃ
545 2865 609 2933 τῇ
641 2863 912 2932 βασιλικῇ.
949 2861 1114 2926 Σῦνες
1143 2863 1230 2933 δὴ,
1260 2865 1341 2915 ὅτι
1367 2863 1532 2926 αὑτός
1567 2866 1717 2916 ἐστιν
1749 2866 1784 2934 ὴ

217 2955 499 3025 Ἀνατολὴ,
535 2955 802 3023 τουτέστι,
836 2956 896 3008 τὸ
943 2954 1249 3025 βλάστημα,
1287 2956 1414 3026 περὶ
1459 2949 1518 3009 οὗ
1564 2973 1731 3027 φησιν
1760 2958 1789 3010 6

205 3047 493 3112 θεσπέσιος
539 3048 799 3110 Ἠσαῒαςο
837 3066 855 3098 ι
878 3047 1152 3100 Ἀνατελεῖ
1179 3048 1372 3118 ῥάϐδος
1397 3049 1462 3101 ἐκ
1491 3049 1590 3117 τῆς
1633 3048 1787 3118 ρίζης

217 3139 438 3204 Ἰεσσαὶ,
458 3139 552 3193 καὶ
573 3139 730 3202 ἀνθος
757 3140 821 3191 ὲκ
845 3139 944 3208 τῆς
970 3139 1124 3209 ῥίζης
1153 3139 1506 3209 ἀναϐήσεται.
1535 3158 1554 3191 ι
1576 3140 1791 3195 Ἀνεθά-

205 3226 370 3295 λομεν
401 3227 458 3280 δὲ
494 3229 658 3297 ἡμεῖς
696 3227 956 3280 ὑποκάτω
982 3227 1168 3281 αὐτοῦ.
1188 3229 1338 3292 Ῥίζα
1377 3229 1486 3299 γάρ
1515 3230 1738 3298 γέγονεν
1766 3232 1794 3282 ὁ

206 3315 444 3385 Χριστὸς
491 3315 593 3383 τῆς
647 3315 1086 3386 ἀνθρωπότητος,
1118 3318 1237 3388 ἦτοι
1269 3319 1378 3374 τῶν
1425 3319 1513 3373 διά
1561 3321 1795 3384 πίστεως

206 3404 564 3475 κεκλημένων
601 3405 853 3476 δευτέρα,
881 3407 977 3459 καὶ
1027 3406 1088 3458 οὺ
1144 3407 1286 3459 κατά
1329 3423 1392 3475 γε
1423 3407 1522 3478 τὴν
1550 3408 1794 3479 πρώτην,

205 3497 351 3567 φημὶ
397 3496 462 3568 δὴ
491 3498 582 3550 τὸν
609 3497 801 3567 Ἀδὰμ,
832 3497 948 3550 ἀλλ’
983 3499 1041 3550 ὲν
1081 3498 1360 3567 ἀμείνοσιν
1408 3501 1757 3569 ἀσυγκρίτως
1777 3513 1794 3530 ·

205 3587 542 3657 ἀνεθάλομεν
590 3588 700 3658 γάρ
745 3591 822 3650 είς
859 3587 1065 3658 φθορὰν
1106 3589 1290 3640 οὐκέτι
1336 3592 1431 3643 καὶ
1459 3593 1539 3652 είς
1569 3590 1798 3644 θάνατον

203 3677 294 3731 διὰ
317 3678 418 3748 τὴν
449 3679 609 3747 ἀρὰν,
647 3677 763 3730 ἀλλ’
794 3680 871 3740 είς
897 3678 1041 3746 ζωήν
1069 3694 1126 3730 τε
1156 3678 1247 3730 καὶ
1280 3677 1608 3751 ἀφθαρσίαν,
1643 3680 1798 3750 ῥίζαν

204 3767 427 3838 έχοντες
478 3767 577 3836 τὴν
626 3767 791 3836 ζωήν,
841 3766 1108 3829 τουτέστι,
1157 3768 1408 3836 Χριστόν.
1458 3768 1566 3820 Καὶ
1612 3767 1798 3839 ὥσπερ

203 3858 358 3911 ἐστὶν
393 3855 559 3920 αὐτὸς
605 3854 706 3925 μὲν
754 3858 786 3925 ὴ
832 3855 1095 3926 ἄμπελος,
1131 3859 1292 3926 ἡμεῖς
1331 3857 1386 3908 δὲ
1423 3857 1490 3910 τά
1523 3857 1794 3927 κλήματα,

207 3947 662 4018 προσπεφυκότες
685 3946 832 4016 αὐτῷ
859 3947 945 4000 διὰ
972 3947 1071 4016 τῆς
1101 3949 1157 4000 ὲν
1184 3948 1460 4017 Πνεῦματι
1486 3949 1792 4012 κοινωνίας·

204 4037 349 4093 οῦτω
401 4038 496 4092 καὶ
536 4038 732 4107 ῥάϐδος
777 4039 871 4092 καὶ
925 4039 1209 4110 βλάστημα
1264 4040 1362 4108 μὲν
1411 4040 1595 4106 αὐτὸς,
1632 4041 1797 4111 ήγουν

205 4131 337 4201 φυὴ,
359 4130 456 4183 καὶ
477 4130 732 4200 ἀνατολὴ,
761 4131 922 4200 ἡμεῖς
950 4130 1004 4184 δὲ
1029 4132 1116 4184 ἐπ’
1143 4131 1292 4201 αὑτῴ
1325 4131 1794 4203 βεϐλαστήκαμεν,

206 4221 300 4273 καὶ
334 4219 675 4290 ἀνεθάλομεν
723 4223 802 4284 είς
830 4221 1163 4292 ἀφθαρσίαν,
1195 4223 1268 4285 ὡς
1307 4223 1463 4291 ἔφην,
1499 4225 1592 4278 καὶ
1626 4222 1794 4296 ζωήν.

204 4310 379 4372 Αὐτὸς
428 4310 752 4381 ᾠκοδόμησε
807 4312 899 4364 τὸν
944 4308 1092 4365 οἷκον
1133 4314 1360 4385 Κυρίου.
1396 4316 1554 4367 Ἔστι
1599 4316 1656 4368 δὲ
1703 4316 1798 4370 καὶ

207 4400 424 4471 ἁπάσης
477 4400 732 4470 ἔμπλεως
784 4402 1007 4473 ἀρετῆς,
1053 4404 1352 4466 τουτέστιν,
1406 4405 1653 4468 εὐκλείας
1697 4406 1798 4476 τῆς

1885 1953 2189 2006 ducendum
2233 1951 2540 2006 rectissimo
2566 1952 2762 2006 itinere
2795 1952 2860 2004 ad
2893 1951 3061 2005 vitam
3094 1952 3300 2020 legibus
3329 1967 3462 2006 con-

1885 2042 2346 2111 grueutissimam,
2403 2040 2501 2109 ipsi
2559 2039 2703 2092 dona
2767 2040 3146 2109 pruomnibus
3202 2037 3458 2102 offerunt,

1886 2131 2227 2187 infirmitates
2250 2131 2596 2186 imbecillium
2630 2147 2726 2201 per
2757 2146 2817 2187 se
2844 2131 3149 2202 explentes.
3184 2133 3462 2202 Impositis

1887 2233 2064 2275 autem
2103 2222 2320 2276 coronis
2379 2238 2545 2291 super
2597 2233 2763 2292 caput
2820 2222 2968 2288 Jesu,
3019 2224 3085 2278 de
3135 2223 3464 2279 Zorobabele

1889 2311 1960 2364 illi
1993 2311 2192 2364 dicitttr
2219 2327 2232 2362 :
2264 2329 2283 2362 ι
2318 2311 2457 2365 Ecce
2490 2313 2592 2377 vir,
2621 2311 2814 2368 Oriens
2842 2329 3034 2368 nomen
3068 2314 3167 2378 illi,
3195 2323 3249 2367 et
3277 2314 3464 2367 subter

1887 2415 2008 2454 eum
2041 2402 2333 2455 exorietur.
2367 2421 2386 2454 ›
2418 2399 2563 2456 Vidit
2593 2401 2778 2457 Jesum
2802 2415 3113 2460 coronatum
3141 2415 3198 2458 ut
3220 2406 3465 2459 sacerdo-

1892 2499 2018 2552 tem,
2051 2497 2106 2543 et
2139 2505 2328 2545 rursus
2356 2490 2618 2545 eumdem
2651 2493 3066 2559 praecellentem,
3117 2504 3172 2549 et
3211 2495 3264 2548 in
3292 2494 3464 2563 gloria

1890 2582 2050 2650 regali
2078 2584 2242 2646 videt,
2276 2592 2333 2635 ut
2364 2583 2416 2635 in
2446 2581 2762 2637 Zorobabel.
2797 2583 2957 2654 707
3015 2585 3261 2654 lntellige
3305 2589 3465 2656 igitur

1891 2674 2061 2742 ipsum
2094 2689 2217 2728 esse
2239 2674 2542 2738 Orientem,
2617 2675 2720 2730 hoc
2751 2686 2854 2739 est,
2877 2691 3123 2744 germen,
3158 2677 3226 2731 de
3245 2693 3354 2749 quo
3383 2681 3463 2733 di-

1891 2766 2046 2819 vinus
2073 2763 2238 2818 lsaias
2272 2783 2284 2819 :
2323 2784 2341 2816 ι
2369 2764 2658 2821 Exorietur
2682 2766 2830 2834 virga
2862 2769 2930 2822 de
2955 2769 3137 2823 radice
3179 2769 3351 2835 Jesse,
3409 2781 3464 2826 et

1889 2855 1984 2910 llos
2010 2857 2076 2911 de
2102 2858 2282 2911 radice
2311 2858 2425 2928 ejus
2455 2859 2712 2912 ascendet
2746 2859 2814 2912 ⁸⁵.
2875 2877 2894 2910 ι
2951 2857 3462 2929 Regerminavimus

1888 2945 2033 3000 enim
2073 2961 2171 3000 nos
2203 2947 2388 3000 subter
2413 2962 2559 3002 eum.
2617 2946 2788 3001 Radix
2837 2947 3037 3016 quippe
3073 2948 3174 3001 fuit
3218 2948 3467 3004 Christus

1891 3037 2140 3091 humanae
2165 3049 2386 3102 natura),
2417 3040 2529 3092 sive
2568 3054 2666 3109 per
2722 3040 2882 3093 lldem
2935 3051 3244 3094 vocatorum
3273 3041 3464 3104 altera,

1898 3144 2002 3183 non
2029 3130 2320 3182 secundum
2360 3129 2588 3198 primam
2627 3130 3042 3193 humanitatem,
3095 3131 3358 3186 Adantum
3392 3132 3469 3184 vi-

1897 3220 2110 3284 delicet,
2136 3222 2230 3274 sed
2259 3220 2394 3273 citra
2425 3222 2882 3287 comparationem
2943 3221 3286 3288 praestantior
3320 3239 3335 3276 :
3383 3237 3469 3275 re-

1897 3311 2321 3379 germinavimus
2374 3311 2639 3378 siquidem
2662 3327 2767 3366 non
2802 3310 3033 3378 amplius
3061 3312 3113 3365 in
3156 3312 3464 3380 corruptio-

1899 3411 2022 3451 nem
2050 3407 2104 3452 et
2152 3409 2381 3452 mortem
2419 3409 2636 3467 prapter
2683 3400 3140 3463 maledictionem,
3178 3401 3272 3456 sed
3309 3404 3360 3456 in
3394 3405 3470 3454 vi-

1902 3497 2009 3544 tam
2042 3498 2097 3543 et
2128 3489 2622 3557 incorruptionem,
2661 3491 2898 3544 radicem
2965 3492 3227 3547 habentes
3273 3493 3462 3558 vitam,

1899 3579 2002 3634 hoc
2029 3589 2133 3646 est,
2163 3579 2458 3633 Christum.
2496 3579 2565 3633 Et
2591 3582 2730 3634 sicut
2778 3582 2892 3651 ipse
2915 3591 2998 3634 est
3023 3582 3171 3643 vitis.
3213 3599 3312 3638 nos
3371 3600 3469 3638 au-

1901 3681 2008 3725 tem
2042 3670 2380 3740 palmites”,
2438 3671 2623 3742 agnati
2687 3670 2765 3727 illi
2817 3676 3360 3742 percommuttionem
3416 3680 3468 3733 itt

1901 3761 2143 3830 Spiritu:
2178 3762 2252 3815 ita
2277 3769 2333 3814 et
2353 3775 2522 3834 urga,
2550 3773 2605 3818 et
2625 3778 2849 3833 germen
2881 3767 3016 3833 ipse,
3042 3768 3156 3820 sive
3185 3768 3471 3836 produCtio

1897 3859 1953 3906 et
1979 3852 2185 3915 oriens,
2209 3863 2511 3908 nos-autem
2534 3869 2698 3924 super
2750 3855 2867 3925 ipso
2913 3858 3362 3926 germinavimus,
3417 3871 3473 3916 et

1899 3941 2240 3999 reﬂoruimus
2292 3945 2344 3998 in
2398 3945 2858 4014 incorruptionem
2903 3957 2958 4002 et
2987 3950 3189 4017 vitam,
3231 3960 3290 4006 ut
3337 3952 3470 4009 dixi.

1899 4033 2561 4104 lpseatdilicavitdomum
2612 4036 2844 4092 Domini.
2912 4037 3007 4094 Est
3056 4055 3216 4108 porro
3241 4051 3294 4094 et
3323 4043 3470 4097 omni

1898 4127 2100 4184 virtute
2124 4130 2334 4199 plenus,
2363 4131 2464 4186 hoc
2497 4140 2600 4196 est,
2653 4132 2824 4201 gloria
2876 4132 2984 4187 Deo
3013 4133 3245 4188 maxime
3271 4149 3472 4190 conve-

1899 4217 2102 4272 niente.
2145 4237 2165 4270 ι
2205 4217 2429 4289 Operuit
2449 4221 2593 4274 enim
2655 4221 2820 4275 ccelos
2864 4221 3037 4275 virtus
3066 4223 3201 4292 ejus,
3227 4225 3470 4280 etlaudis

1899 4308 2016 4377 ejus
2037 4309 2190 4380 plena
2223 4321 2307 4366 est
2332 4322 2499 4377 terra,
2525 4329 2542 4362 ι
2563 4320 2620 4364 ιιι
2646 4311 2807 4366 habet
2836 4315 3097 4382 propheta
3127 4313 3383 4372 Habacnc
3399 4318 3468 4372 ³⁸.

1901 4398 2102 4454 Scribit
2140 4401 2266 4452 item
2301 4399 2496 4452 alicubi
2534 4399 2752 4466 sapiens
2813 4398 3092 4456 Joannes:
3157 4420 3177 4454 ι
3230 4401 3471 4457 Vidimus

206 4490 325 4560 Θεῷ
372 4491 861 4562 πρεπωδεστάτης.
904 4510 922 4542 ι
968 4493 1236 4564 Ἐκάλυψε
1271 4494 1382 4562 γὰρ
1411 4495 1671 4565 οὐρανοὺς
1703 4498 1790 4550 καὶ

1901 4489 2130 4559 gloriam
2178 4488 2314 4556 ejus,
2339 4489 2563 4558 gloriam
2596 4490 2750 4558 quasi
2792 4489 3065 4558 Uuigeniti
3090 4506 3119 4546 a
3144 4491 3323 4561 Patre,
3357 4494 3470 4563 ple-

208 4581 374 4652 ἀρετὴ
405 4580 596 4645 αὑτοῦ,
631 4582 847 4651 καὶτῆς
879 4584 1139 4647 αἰνέσεως
1170 4583 1336 4638 αὑτοῦ
1363 4585 1576 4655 πλήρης
1601 4587 1633 4655 ἡ
1663 4585 1790 4656 ﬁ,»

212 4670 350 4725 καθά
381 4688 549 4742 φησιν
579 4674 607 4724 ό
635 4674 920 4743 προφήτης
949 4673 1284 4745 Ἀϐϐακούμ.
1326 4676 1575 4746 Γέγραφε
1603 4677 1660 4731 δέ
1693 4695 1797 4732 που

211 4762 302 4814 καὶ
351 4764 380 4815 ό
427 4764 595 4832 σοφὸς
626 4763 902 4834 Ἰωάννης,
937 4765 1019 4818 ὅτι
1077 4784 1095 4816 ι
1125 4766 1443 4836 Τεθεάμεθα
1495 4767 1594 4840 τήν
1641 4768 1800 4834 δόξαν

211 4850 396 4917 αὐτοῦ,
446 4852 610 4920 δόξαν
642 4851 717 4916 ὼς
752 4854 1090 4922 Μονογενοῦς
1122 4856 1274 4927 παρὰ
1308 4858 1543 4928 Πατρὸς,
1585 4859 1798 4932 πλήρης

209 4941 428 5012 χάριτος
457 4945 552 4996 καὶ
587 4943 869 5014 ἀληθείας.
901 4963 920 4995 ι
977 4946 1281 5000 Κεκάθικεν
1313 4949 1408 5001 ἐπὶ
1450 4949 1664 5019 θρόνου,
1705 4949 1794 5019 βε-

213 5029 528 5088 ϐασίλευκεν
560 5034 636 5098 ὡς
663 5035 814 5100 Θεὸς,
845 5037 938 5089 καὶ
965 5035 1080 5089 ἔστι
1106 5037 1359 5110 σύνεδρος
1402 5039 1481 5110 τῷ
1528 5040 1642 5110 ἰδίῳ
1682 5041 1793 5094 Πα-

210 5125 322 5196 τρὶ,
351 5126 450 5180 καὶ
476 5127 850 5199 συγκατάρχει
875 5127 984 5181 τῶν
1009 5128 1295 5184 ὄλων.’¹οτι
1324 5130 1378 5183 δὲ
1405 5131 1710 5203 Ζοροϐάϐελ
1733 5149 1791 5184 τε

214 5216 307 5269 καὶ
339 5217 548 5286 Ἰησοῦς
581 5218 833 5290 ἀλλήλοις
857 5218 1049 5290 ὥσπερ
1092 5221 1173 5284 είς
1206 5221 1435 5294 ἑνότητα
1461 5223 1796 5294 συνημμένοι

214 5311 663 5381 κατασημήνειαν
691 5307 749 5364 εῦ
784 5311 928 5381 μάλα
968 5311 1223 5381 Χριστὸν,
1253 5312 1420 5379 ἔδειξε
1463 5315 1794 5385 προστιθεὶς,

212 5399 284 5464 ὡς
327 5402 452 5474 περί
481 5420 547 5472 γε
576 5402 673 5456 τοῦ
703 5403 1035 5472 Ζοροϐάϐελ·
1093 5425 1111 5457 ι
1140 5405 1248 5459 Καὶ
1283 5406 1433 5460 ἔσται
1463 5409 1493 5461 ό
1523 5409 1699 5479 ἱερεὺς
1733 5411 1798 5463 ὲκ

213 5488 398 5554 δεξιῶν
427 5492 616 5556 αὑτοῦ,
653 5511 671 5544 ι
707 5493 1003 5562 τουτέστιν,
1023 5496 1081 5548 ὲν
1109 5499 1242 5568 τιμῇ
1269 5514 1328 5551 τε
1356 5498 1450 5552 καὶ
1477 5499 1620 5571 δόξῃ.
1647 5517 1665 5550 ι
1687 5501 1798 5553 Καὶ

218 5579 376 5652 βουλὴ
403 5583 656 5656 εἰρηνική
685 5583 838 5640 ἔσται
879 5585 982 5640 ἀνά
1015 5587 1178 5656 μέσον
1211 5589 1558 5662 ἀμφοτέρων.
1589 5608 1609 5644 ι
1640 5591 1797 5645 Ἔστι

284 5757 328 5788 ⁸⁵
365 5755 465 5816 lsa.
509 5775 584 5825 xt,
633 5761 680 5816 l.
755 5763 800 5794 "
835 5761 992 5818 Joan.
1035 5780 1124 5830 xv,
1155 5766 1208 5821 5.
1282 5767 1328 5801 ⁸⁸
1363 5767 1560 5823 Hahae.
1612 5785 1688 5835 tn,
1733 5770 1784 5824 3.

1899 4598 2024 4636 num
2053 4581 2239 4650 gratia:
2281 4590 2334 4634 et
2376 4581 2618 4636 veritatis
2665 4583 2731 4634 '".
2797 4602 2816 4636 ι
2863 4582 3008 4638 Sedit
3061 4600 3221 4654 super
3257 4586 3470 4650 throno,

1900 4673 2145 4742 regnavit
2179 4671 2417 4735 utDeus.
2454 4680 2510 4726 et
2542 4673 2743 4727 assidet
2773 4673 2884 4728 Deo
2914 4674 3078 4736 Patri,
3098 4686 3152 4730 et
3183 4676 3340 4730 simul
3369 4679 3469 4732 im-

1900 4771 2052 4834 perat
2079 4761 2351 4816 omnibus.
2389 4760 2686 4816 Zorobabel
2708 4769 2886 4816 autem
2939 4771 2992 4815 et
3023 4760 3206 4816 Jesum
3238 4763 3378 4817 inter
3411 4778 3471 4818 se

1901 4863 1958 4908 ut
2013 4852 2078 4906 ad
2122 4852 2380 4907 unitatem
2437 4852 2750 4923 conjunctos
2820 4854 3102 4921 aptissime
3169 4855 3471 4924 signiticare

1899 4943 2173 4999 Christum
2201 4958 2382 5015 posse,
2437 4947 2672 5002 ostendit
2727 4947 2868 5015 quod
2927 4945 3077 5000 addit
3107 4954 3364 5016 tanquam
3400 4949 3467 5001 de

1899 5036 2196 5095 Zorobabel
2223 5054 2237 5091 :
2273 5058 2292 5092 ι
2337 5037 2403 5092 Et
2429 5039 2531 5092 erit
2563 5039 2820 5094 sacerdos
2846 5054 2874 5092 a
2907 5039 3112 5094 dextris
3141 5037 3279 5108 ejus,
3319 5058 3338 5092 ι
3370 5041 3470 5095 hoc

1899 5139 2004 5194 est,
2053 5130 2105 5185 in
2140 5131 2344 5186 honore
2363 5140 2414 5184 et
2441 5130 2634 5199 gloria.
2686 5149 2704 5184 ι
2745 5133 2812 5188 Et
2859 5134 3144 5190 consilium
3189 5135 3468 5206 paciﬁcum

1901 5220 2006 5274 erit
2026 5221 2166 5274 inter
2215 5229 2523 5289 utrumque.
2557 5239 2576 5274 ι
2610 5221 2708 5278 Est
2743 5223 2884 5278 enim
2916 5224 3126 5292 ipse,ut
3157 5224 3271 5292 jam
3291 5225 3468 5288 docui,

1907 5328 1999 5366 rex
2033 5311 2191 5367 simul
2223 5320 2276 5366 et.
2304 5328 2548 5370 summus
2581 5316 2855 5381 sacerdos,
2882 5326 2939 5370 ut
2964 5331 3060 5386 per
3087 5317 3220 5370 duos
3239 5330 3335 5386 pro
3364 5330 3472 5368 uno

1904 5402 2252 5458 Etnmanuele
2280 5415 2618 5460 numeratus.
2666 5405 3047 5462 Verumtamen
3086 5421 3194 5462 non
3266 5405 3474 5460 carebit

1905 5497 2152 5552 mercede
2182 5495 2334 5552 labor
2364 5497 2640 5553 Christum
2676 5498 3087 5554 coronantium:
3139 5496 3232 5553 sed
3261 5494 3472 5552 [ructus

1903 5587 2025 5643 inde
2060 5599 2350 5660 perceptus
2375 5589 2580 5648 creabit
2607 5590 2688 5648 eis
2706 5588 3020 5647 memoriam
3054 5588 3465 5660 sempiternam.

1894 5770 1935 5800 "
1976 5768 2130 5824 Idan.
2176 5787 2210 5835 ι,
2261 5771 2344 5823 ιι.
