4120 6546
652 381 718 436 99
1674 368 1734 424 S.
1773 365 2046 422 CYRILLI
2088 366 2553 425 ALEXANDRINI
2596 366 2913 425 ARCHIEP.

655 496 791 549 Vera
825 504 988 562 porro
1044 504 1105 545 se
1153 488 1336 544 dicere
1383 483 1690 551 confirmat,
1750 500 1871 539 cum
1918 484 2161 554 adjungit
2204 503 2215 537 :

2330 487 2432 555 γὰρ
2470 487 2745 551 αὐτὸς,ὡς
2779 488 2879 559 ήδη
2925 487 3208 559 προεῖπον,
3258 487 3511 557 βασιλεύς
3531 508 3590 545 τε
3637 493 3752 565 άμα
3818 501 3923 553 καὶ

659 605 678 638 ι
712 584 924 640 Corona
958 590 1137 637 autem
1161 580 1266 636 erit
1289 576 1748 649 exspectantibus,
1768 584 1821 630 et
1844 576 2066 630 utilibus
2085 575 2220 644 ejus,

652 684 709 730 et
736 674 829 743 qui
852 678 1218 743 cognoverunt
1249 686 1391 735 eam,
1425 680 1480 724 et
1511 669 1564 722 in
1601 668 1827 736 gratiam
1862 667 1985 721 ﬁliis
2013 666 2224 735 Sopho-

629 763 778 829 πίω,
803 770 858 817 et
884 761 936 815 in
993 759 1259 831 psalmum
1306 758 1358 811 in
1419 758 1576 810 domo
1603 755 1839 810 Domini.
1875 773 1895 807 ι
1930 754 2044 808 Erit
2079 756 2221 809 enim

655 853 710 908 in
737 851 965 922 gratiam
1020 851 1088 904 iis
1130 849 1222 919 qui
1258 846 1917 912 consecraverintoblata,
1971 852 2026 899 et
2064 852 2225 898 erunt

654 945 747 1002 illa
776 943 992 999 occasio
1013 941 1230 995 laudum
1252 936 1904 1006 divinarum.Principum
1935 935 2080 991 enim
2112 935 2224 1006 pie-

657 1043 743 1089 tas
770 1032 981 1087 caeteris
1011 1031 1096 1085 via
1130 1030 1413 1085 charitatis
1461 1044 1590 1099 erga
1616 1029 1781 1084 Deum
1844 1026 2088 1081 eilicitur.
2120 1025 2223 1082 Co-

654 1133 850 1181 ronato
880 1132 1059 1175 autem
1092 1136 1122 1175 a
1149 1122 1303 1177 nobis
1330 1120 1570 1186 Christo,
1607 1128 1733 1175 tunc
1770 1120 1933 1174 etiam
1985 1120 2222 1188 gentium

654 1213 945 1270 multitudo
972 1212 1041 1267 ad
1073 1212 1404 1281 agnitionem
1423 1210 1542 1280 eius
1568 1211 1897 1281 properabit,
1916 1219 1972 1264 et
1991 1210 2082 1280 qui
2101 1225 2224 1280 pro-

654 1302 743 1357 cul
763 1310 891 1357 sunt
916 1309 1137 1371 propter
1158 1313 1420 1364 errorem,
1450 1313 1545 1369 per
1569 1297 1728 1354 ﬁdem
1760 1299 2149 1362 vocabuntum
2171 1307 2225 1353 et

654 1393 999 1447 asdilicabunt
1038 1391 1090 1444 in
1135 1391 1295 1445 domo
1351 1390 1586 1444 Domini.
1622 1407 1642 1441 ι
1679 1387 1933 1455 Quaenam
1979 1388 2226 1443 .aadilica-

653 1482 829 1538 bunt?
855 1483 1073 1551 Seipsos
1100 1482 1370 1546 videlicet,
1394 1487 1713 1550 coaptantes
1746 1480 1974 1543 sanctis,
1998 1489 2050 1534 et
2085 1494 2225 1535 com-

652 1584 915 1645 ponentes
939 1575 1102 1645 708
1136 1573 1192 1628 in
1229 1574 1329 1628 [ide
1353 1574 1419 1627 ad
1452 1573 1715 1627 unitatem
1752 1587 1874 1627 cum
1897 1572 1963 1627 iis
1981 1573 2071 1642 qui
2099 1582 2225 1627 sunt

651 1661 925 1731 exlsrael,
958 1665 1176 1718 Christo
1204 1677 1415 1717 summo
1449 1661 1693 1730 angulari
1725 1661 1902 1730 lapide
1917 1660 1984 1725 ⁸⁸,
2017 1670 2073 1715 et
2097 1676 2227 1717 con-

655 1762 904 1809 nectente
935 1753 988 1807 in
1020 1752 1365 1808 concordiam
1384 1765 1479 1821 per
1495 1765 1574 1817 se,
1608 1765 1727 1820 quae
1771 1750 1901 1804 olim
1958 1748 2222 1817 disiuncta

2325 577 2634 647 ἀρχιερεὺς,
2664 578 2741 641 ὡς
2772 579 2858 632 διὰ
2881 579 3025 632 δυοῖν
3050 580 3131 642 είς
3156 579 3252 632 ἕνα
3281 582 3627 652 γραφόμενος
3652 585 3744 640 τὸν
3780 589 3923 658 Ἐμ-

2328 669 2591 739 μανουήλ.
2624 670 2772 741 Πλὴν
2799 672 2898 723 οὐκ
2928 671 3159 741 ἄμισθος
3187 672 3216 723 ὁ
3244 672 3403 736 πόνος
3442 678 3554 739 τοῖς
3581 680 3922 746 στεφανοῦσι

2324 760 2577 831 Χριστὸν,
2610 760 2727 815 ἀλλ’
2756 763 2837 825 είς
2866 762 3221 834 ἀτελεύτητον
3254 762 3435 827 αὐτοῖς
3456 764 3743 836 δραμεῖται
3774 774 3922 840 μνή-

2329 866 2436 919 μην
2468 851 2501 918 ἡ
2536 850 3037 921 καρποφορία.”οτι
3061 850 3119 904 δὲ
3140 850 3378 922 ἀτρεκὴς
3417 853 3447 904 ὁ
3474 854 3651 925 λόγος,
3682 858 3923 928 ὲμπεδοῖ

2325 940 2663 1012 προστιθείς
2714 959 2732 993 ι
2757 941 2813 995 '0
2839 940 2897 996 δὲ
2927 942 3191 1012 στέφανος
3228 943 3383 1002 ἔσται
3412 951 3526 1013 τοῖς
3550 947 3913 1019 ὑπομένουσι,

2324 1036 2418 1086 καὶ
2448 1034 2560 1096 τοῖς
2587 1032 2877 1105 χρησίμοις
2910 1032 3100 1105 αὐτῆς,
3130 1035 3227 1091 καὶ
3263 1040 3378 1103 τοῖς
3405 1040 3775 1110 ὲπεγνωκόσιν
3810 1041 3909 1094 aii-

2322 1121 2447 1191 τὴν,
2476 1121 2571 1174 καὶ
2595 1123 2676 1184 είς
2696 1121 2896 1193 χάριτα
2924 1124 3038 1187 τοῖς
3070 1125 3209 1189 υίοῖς
3232 1126 3509 1197 Σοφονίου,
3540 1130 3632 1184 καὶ
3664 1133 3745 1195 εἰς
3770 1130 3917 1200 ψαλ-

2328 1212 2427 1282 μὸν
2480 1213 2539 1265 ὲν
2589 1213 2722 1284 οῐκῳ
2768 1214 2996 1287 Κυρίου.
3027 1234 3046 1267 s
3080 1215 3271 1271 Ἔσται
3315 1221 3424 1291 γὰρ
3462 1222 3544 1285 είς
3589 1222 3749 1293 χάριν
3797 1226 3918 1285 τοῖς

2324 1302 2695 1358 ἀνατεθεικόσι
2723 1305 2789 1359 τὰ
2822 1311 3361 1379 προσκεκομισμένα,
3389 1314 3713 1381 γενήσονται
3734 1312 3795 1366 δὲ
3820 1315 3916 1366 καὶ

2323 1393 2630 1463 δοξολογίας
2676 1397 2969 1468 πρόφασις.
2987 1399 3054 1453 Ἦ
3100 1399 3211 1472 γὰρ
3256 1401 3366 1456 τῶν
3401 1403 3719 1474 ἡγουμένων
3754 1406 3917 1458 εὐσέ-

2325 1484 2472 1549 ϐεια,
2500 1488 2601 1557 τῆς
2626 1489 2708 1551 είς
2733 1489 2866 1543 Θεὸν
2887 1490 3109 1564 ἀγάπης
3140 1494 3256 1558 ὁδὸς
3288 1498 3400 1559 τοῖς
3432 1497 3643 1567 ἑτέροις
3671 1497 3911 1566 γίνεται.

2325 1576 2770 1650 Στεφανουμένου
2799 1580 2856 1634 δὲ
2890 1584 3029 1653 πρὸς
3057 1583 3217 1654 ήμῶν
3252 1586 3345 1640 τοῦ
3375 1588 3638 1659 Χριστοῦ,
3668 1589 3791 1643 τότε
3819 1591 3914 1642 καὶ

2325 1666 2360 1736 ή
2391 1667 2501 1722 τῶν
2527 1669 2695 1723 ἐθνῶν
2723 1672 2892 1745 ἀγέλη
2921 1673 3209 1746 δραμεῖται
3244 1679 3381 1749 πρὸς
3402 1679 3697 1747 ἐπίγνωσιν
3718 1679 3911 1743 αὑτοῦ,

2326 1758 2421 1811 καὶ
2450 1760 2499 1812 oi
2537 1763 2756 1833 μακρὰν
2789 1763 2941 1828 ὄντες
2968 1766 3060 1820 διὰ
3090 1767 3190 1840 τὴν
3233 1769 3522 1840 πλάνησιν,
3550 1769 3915 1841 κεκλήσονται
4024 1806 4027 1807 ν

3804 381 3929 438 100

656 1844 895 1901 fuerant.
934 1862 953 1895 ι
980 1843 1231 1900 Condidit
1261 1843 1404 1898 enim
1436 1843 1570 1897 duos
1622 1841 1846 1912 populos
1866 1842 1921 1895 in
1951 1856 2114 1895 unum
2134 1855 2225 1896 no-

2328 1846 2414 1901 διὰ
2456 1849 2716 1916 πίστεως,
2765 1873 2782 1905 ι
2815 1854 2923 1909 Καὶ
2944 1858 3388 1932 οἱκοδομήσουσιν
3437 1863 3495 1915 ὲν
3536 1860 3613 1931 τῷ
3653 1862 3788 1931 οῐκῳ
3814 1860 3913 1913 τοῦ

653 1949 778 1989 vum
805 1936 1095 1999 hominem,
1149 1933 1356 1988 faciens
1410 1945 1621 2001 pacem,
1667 1939 1723 1985 et
1765 1929 2125 1985 reconcilians
2166 1929 2219 1983 in

2329 1940 2483 1995 Θεοῦ.
2539 1960 2557 1993 ι
2595 1943 2732 1998 Τίνα
2782 1946 2841 1999 δὲ
2881 1929 3355 2022 οἰκοδομήσουσινς
3401 1929 3629 2016 ἑαυτοῦς
3668 1929 3916 2025 δηλονότι

655 2044 887 2100 corpore
926 2044 1026 2085 suo
1059 2027 1209 2083 Patri
1243 2028 1425 2084 omnia
1450 2028 1519 2083 ⁸⁸.
1564 2046 1584 2081 ι
1617 2024 1746 2091 Quae
1772 2039 1895 2078 cum
1944 2024 2224 2078 evenerint

2333 2033 2863 2104 συναρμολογοῦντες
2895 2043 3007 2105 τοῖς
3034 2043 3229 2111 ἁγίοις,
3255 2048 3349 2099 καὶ
3375 2044 3711 2108 συντιθέντες
3726 2024 3796 2098 γὲν
3822 2045 3919 2097 πί-

649 2119 785 2189 jam,
811 2120 1013 2174 sanctis
1041 2118 1316 2188 prophetis
1340 2117 1653 2202 suffragium
1677 2113 1919 2170 veritatis
1955 2113 2223 2180 dabimus,

2334 2138 2449 2175 στει
2471 2125 2607 2195 πρὸς
2633 2126 2824 2180 ἕνωσιν
2848 2132 2963 2193 τοῖς
2991 2131 3051 2198 ἐξ
3073 2135 3314 2207 Ἰσραὴλ,
3339 2137 3492 2200 ὄντος
3514 2137 3915 2208 ἀκρογωνιαίου

654 2210 945 2268 manifeste
996 2220 1412 2278 cognoscentes,
1467 2209 1634 2263 Deum
1686 2207 1923 2262 locutum
1980 2219 2102 2260 esse
2169 2204 2221 2259 in

2330 2214 2588 2284 Χριστοῦ,
2628 2220 2723 2272 καὶ
2757 2223 3091 2295 συνείροντος
3142 2204 3223 2290 είς
3249 2204 3604 2298 νόμοψυχίανν
3624 2204 3691 2282 δι’
3715 2228 3916 2283 ἑαυτοῦ

635 2302 808 2373 ipsis,
855 2311 910 2358 et
966 2302 1278 2373 mysterium
1321 2299 1521 2356 Christi
1549 2298 1702 2355 nobis
1740 2296 2149 2367 prasnuntiasse.

2328 2304 2398 2358 τὰ
2434 2307 2601 2362 πάλαι
2628 2310 2955 2384 διῃρημένα.
2988 2316 3244 2372 «Ἕκτισε
3290 2296 3405 2391 γὰρ
3440 2296 3568 2384 τοὺς
3610 2320 3705 2374 δύο
3752 2321 3918 2383 λαοὺς

2329 2391 2411 2454 είς
2436 2392 2534 2447 ἕνα
2548 2397 2735 2481 καινὸν
2750 2401 3057 2471 ἄνθρωπον,
3083 2406 3254 2460 ποιῶν
3280 2409 3527 2481 εἰρήνην,
3556 2410 3651 2463 καὶ
3679 2410 3919 2464 ἀποκατ-

655 2480 940 2573 αλλάσσων
968 2480 1027 2536 ὲν
1054 2482 1134 2552 τῷ
1156 2482 1380 2573 σώματι
1410 2479 1594 2573 αὐτοῦ-
1623 2478 1706 2573 τά-
1733 2478 1914 2573 πάντα
1979 2476 2115 2549 πρὸς
2152 2476 2244 2573 τὸν
2283 2481 2524 2573 Ιίατέρα.
2556 2480 2684 2542 »Ὧν
2705 2492 2785 2554 είς
2842 2495 3015 2564 πέρας
3039 2476 3441 2568 ὲκϐεδηκότήων,
3460 2476 3916 2573 ἐπιψηφιούμεθα

653 2573 766 2634 τοῖς
794 2571 968 2639 ἁγίοις
992 2572 1299 2642 προφήταις
1322 2569 1383 2622 τὸ
1412 2569 1663 2641 ἀτρεκὲς,
1692 2568 1990 2637 ἐγνωκότες
2053 2566 2261 2637 σαφῶς,
2302 2571 2379 2635 ὡς
2424 2571 2493 2644 ἦν
2538 2576 2670 2642 Θεὸς
2714 2581 2772 2635 ὲν
2820 2584 3002 2650 αὐτοῖς
3046 2588 3076 2640 ό
3143 2566 3322 2645 λαλῶν
3364 2591 3461 2645 καὶ

658 2668 791 2737 ἡμῖν
820 2667 880 2720 τὸ
916 2665 1151 2736 Χριστοῦ
1183 2665 1498 2736 μυστήριον.

1277 2757 1433 2816 CAP.
1467 2756 1578 2812 VII.

2941 2765 3195 2824 ΚΕΦΑΛ.
3237 2771 3310 2836 z'.

704 2847 889 2905 'Vstts.
915 2848 1029 2903 1-5.
1057 2846 1124 2901 Et
1156 2847 1351 2918 factum
1372 2858 1444 2902 est
1469 2848 1523 2902 in
1559 2856 1745 2916 quarto
1762 2846 2031 2914 σπασμοί»
2062 2846 2226 2901 Dario

2403 2850 2515 2906 Καὶ
2548 2851 2784 2925 ἐγένετο
2816 2870 2887 2910 εν
2929 2858 3010 2925 τῷ
3055 2859 3309 2930 τετάρτῳ
3356 2862 3496 2929 ἔτει,
3530 2866 3629 2920 ἐπί
3667 2870 3915 2939 Δαρείου

656 2955 797 3008 rege,
818 2939 992 3007 [actus
1017 2946 1093 2993 est
1122 2953 1292 2991 sermo
1319 2937 1529 2991 Domini
1564 2938 1634 2991 ad
1659 2934 1979 2991 Zachariam
2028 2944 2226 3005 quarta

2329 2940 2437 2995 τοῦ
2462 2944 2790 3013 βασιλέως,
2821 2948 3059 3017 ἐγένετο
3085 2951 3269 3021 λόγος
3296 2952 3522 3022 Κυρίου
3551 2959 3703 3027 πρὸς
3724 2934 3917 3031 ἐσχα-

657 3033 848 3088 mensis
870 3032 1015 3099 noui,
1042 3032 1221 3101 quiest
1246 3028 1492 3086 Cltasieu.
1518 3027 1585 3083 Et
1607 3031 1751 3083 misit
1779 3030 1832 3083 in
1862 3028 2042 3084 Bethel
2061 3027 2226 3084 Sara-

658 3139 769 3191 sar,
790 3132 840 3179 et
866 3122 1086 3178 Arseber
1106 3137 1203 3176 rex
1222 3131 1271 3175 et
1292 3120 1390 3175 viri
1413 3120 1551 3190 ejus,
1580 3128 1638 3173 ut
1675 3120 2020 3189 propitiarent
2047 3118 2227 3173 Domi-

658 3232 806 3281 num,
840 3215 1053 3287 loquens
1085 3215 1156 3268 ad
1184 3214 1485 3268 sacerdotes
1504 3214 1667 3283 quiin
1699 3215 1855 3265 domo
1880 3212 2091 3265 Domini
2120 3227 2227 3264 om-

658 3307 959 3374 nipotentis,
978 3313 1027 3357 et
1058 3305 1127 3357 ad
1149 3303 1451 3370 prophetas,
1473 3302 1689 3358 dicens:
1725 3299 1974 3370 Ingresso
2020 3310 2093 3353 est
2127 3300 2227 3351 huc

657 3399 712 3451 in
741 3398 926 3467 quinto
958 3411 1131 3449 mense
1184 3394 1554 3463 sanctiﬁcatio,
1588 3392 1746 3462 juxta
1790 3394 1927 3463 quod
1994 3392 2227 3461 fecerunt

649 3489 765 3559 jam
787 3488 1025 3557 pluribus
1051 3487 1225 3541 annis.

730 3770 973 3828 XXXIV.
996 3770 1125 3827 Post
1154 3769 1518 3827 ostensionem
1586 3767 1851 3824 visionum
1903 3767 2065 3824 verba
2125 3767 2230 3822 alia

2322 3032 2467 3099 ρίαν
2516 3034 2748 3103 τετράδι
2800 3039 2906 3093 τοῦ
2948 3042 3144 3109 μηνὸς
3197 3044 3305 3099 τοῦ
3362 3041 3638 3117 ἐννάτοὺ,
3680 3053 3748 3120 ὅς
3784 3056 3915 3110 ἐστι

2330 3122 2594 3178 Χασλεῦ.
2630 3127 2740 3179 Καὶ
2769 3128 3203 3193 ἐξαπέστειλεν
3233 3137 3321 3200 εὶς
3350 3138 3576 3205 Βαιθὴλ
3610 3145 3912 3213 Σαρασὰρ,

2333 3214 2431 3268 καὶ
2476 3217 2745 3287 Ἆρσεϐὲρ
2792 3224 2826 3274 ό
2865 3224 3189 3293 βασιλεὺς,
3217 3228 3318 3281 καί
3363 3232 3417 3283 οι
3456 3230 3673 3300 ἄνδρες
3724 3238 3915 3291 αὐτοῦ

2328 3305 2725 3369 ἐξιλάσασθαι
2755 3311 2862 3364 τὸν
2898 3317 3135 3382 Κύριον,
3167 3318 3362 3389 λέγων
3391 3322 3538 3389 πρὸς
3569 3325 3713 3391 τοὺς
3741 3329 3917 3395 ἱερεῖς

2330 3396 2471 3461 τοὺς
2498 3398 2567 3450 ἐν
2594 3398 2675 3464 τῷ
2699 3400 2843 3467 οἴκῳ
2874 3406 3094 3471 Κυρίου
3122 3407 3734 3477 παντοκράτορος,καί
3764 3416 3919 3483 πρὸς

2330 3485 2473 3551 τοὺς
2509 3489 2840 3556 προφήτας,
2880 3493 3109 3561 λέγων·
3146 3499 3563 3565 Εἱσελήλυθεν
3586 3496 3702 3556 ὦδε
3733 3503 3803 3556 ἐν
3836 3505 3917 3571 τῷ

2331 3576 2475 3664 amri
2522 3577 2603 3641 τῷ
2640 3580 2887 3647 πέμπτῳ
2931 3584 2995 3636 τὸ
3046 3586 3327 3658 ἀγίασμα,
3374 3592 3578 3645 καθότι
3616 3594 3921 3664 ἐποίησαν

2332 3663 2451 3733 ἤδη
2483 3667 2661 3721 ἱκανὰ
2692 3669 2822 3739 ἔτη.

2402 3757 2519 3848 ΛΫΔ¹.
2562 3761 2715 3814 Μετὰ
2744 3761 2842 3832 τὴν
2866 3764 2974 3817 τῶν
2996 3766 3239 3837 όράσεων
3265 3771 3541 3838 ἀπόδειξιν
3563 3775 3741 3848 ἕτεροι
3764 3780 3917 3848 παρὰ

657 3879 691 3920 a
724 3863 833 3921 Deo
872 3864 1009 3920 facta
1028 3874 1174 3929 sunt,
1230 3861 1379 3917 brevi
1431 3870 1672 3931 tempore
1732 3860 2046 3931 interlapso.
2091 3864 2226 3917 Ante

2332 3846 2466 3901 Θεοῦ
2500 3851 2755 3917 γεγόνασι
2804 3854 2971 3923 λόγοι,
3007 3859 3207 3929 μικροῦ
3245 3863 3448 3931 μεταξὺ
3490 3846 3917 3932 διιππεύσαντος

658 3957 895 4012 visiones
929 3957 1074 4011 enim
1106 3955 1364 4025 scriptum
1390 3963 1474 4009 est
1503 3968 1518 4007 :
1572 3971 1590 4005 ι
1625 3950 1682 4007 ln
1711 3962 1903 4023 quarta
1955 3964 2009 4009 et
2034 3953 2232 4009 vicesi-

658 4062 747 4103 ma
776 4047 1046 4102 undecimi
1077 4046 1297 4110 mensis,
1324 4045 1416 4115 qui
1444 4053 1528 4100 est
1590 4044 1795 4099 mensis
1826 4044 2032 4111 ‘Sabat,
2088 4058 2231 4099 anno

658 4139 894 4195 secundo
927 4139 1093 4203 Darii,
1134 4138 1335 4192 factum
1368 4146 1451 4191 est
1488 4138 1710 4191 verbum
1744 4135 1956 4191 Domini
2011 4135 2077 4189 ad
2128 4135 2233 4189 Za-

657 4231 897 4287 chariam
920 4230 1089 4283 tilium
1122 4227 1418 4292 Barachiaz,
1448 4226 1611 4282 lilium
1639 4226 1791 4281 Addo
1818 4227 2111 4297 prophetae,
2145 4225 2230 4279 di-

658 4336 791 4378 cens
815 4321 886 4374 π.
927 4338 948 4372 ι
980 4319 1039 4373 ln
1072 4319 1318 4374 adductis
1344 4328 1523 4374 autem
1556 4318 1902 4372 theorematis
1927 4317 2071 4371 aliud
2094 4326 2232 4371 tem-

662 4424 762 4479 pus
790 4415 909 4478 post
955 4407 1087 4461 illud
1134 4407 1477 4475 exprimitur.
1532 4406 1591 4458 In
1642 4415 1837 4474 quarto
1892 4406 2033 4459 enim
2064 4420 2231 4470 anno,

662 4510 855 4570 quarta
878 4498 1080 4553 mensis
1106 4498 1256 4562 noni,
1284 4498 1375 4564 qui
1403 4504 1485 4551 est
1506 4496 1760 4560 Chasleu,
1785 4510 1917 4551 voce
1969 4495 2230 4557 Hebraica

2327 3938 2547 4008 χρόνου.
2579 3943 2693 4013 Πρὸ
2741 3945 2840 4015 μὲν
2887 3948 2996 4018 γὰρ
3044 3951 3152 4003 τῶν
3182 3953 3426 4022 ὀράσεων
3456 3957 3795 4027 γέγραπται,
3830 3960 3917 4012 ὅτι

2338 4030 2469 4084 «Ἑν
2501 4036 2567 4104 τῇ
2617 4036 2833 4107 τετράδι
2868 4040 2963 4091 καὶ
3012 4041 3188 4095 εἰκάδι
3233 4043 3327 4096 τοῦ
3382 4045 3671 4099 ἑνδεκάτου
3723 4049 3917 4117 μηνὸς,

2332 4120 2487 4189 οὗτός
2522 4129 2672 4182 ἐστιν
2699 4129 2727 4180 ό
2761 4129 2868 4199 μὴν
2903 4132 2931 4183 ό
2968 4131 3168 4197 Σαὸὰτ,
3197 4133 3256 4184 ὲν
3287 4134 3365 4204 τῷ
3396 4135 3631 4207 δευτέρῳ
3666 4136 3776 4190 ἔτει
3811 4142 3920 4191 Aa-

2336 4217 2502 4287 ρείου,
2538 4219 2752 4287 ἐγένετο
2790 4221 2948 4288 λόγος
2976 4224 3181 4294 Κυρίου
3221 4225 3359 4295 πρὸς
3390 4227 3668 4297 Ζαχαρίαν
3696 4231 3787 4281 τὸν
3818 4230 3917 4283 τοῦ

2336 4308 2632 4378 Βαραχίου,
2674 4312 2788 4363 υίὸν
2818 4311 2985 4365 Ἀδδὼ
3013 4314 3108 4366 τοῦ
3136 4317 3435 4386 προφήτου,
3464 4317 3653 4385 λέγων.
3688 4338 3706 4370 ι
3741 4320 3828 4372 Ἐν
3858 4321 3919 4372 δέ

2334 4412 2398 4463 γε
2430 4401 2542 4461 τοῖς
2576 4402 2955 4472 προκειμένοις
2985 4405 3115 4474 ἡμῖν
3163 4404 3514 4477 Θεωρήμασιν
3564 4409 3750 4478 ἕτερος
3786 4412 3920 4479 μετ’

2334 4489 2541 4541 ἐκεῖνον
2573 4492 2814 4561 ὁρίζεται
2844 4494 3050 4564 χρόνος.
3071 4496 3159 4547 Ἐν
3188 4496 3296 4566 γὰρ
3326 4495 3404 4567 τῷ
3435 4500 3680 4571 τετάρτῳ
3705 4500 3817 4552 ἔτει
3845 4504 3917 4571 τῇ

661 4589 934 4653 videlicet,
971 4588 1507 4658 pr0phetmqu.edam
1534 4587 1714 4642 divina
1744 4586 1882 4641 visio
1902 4586 2082 4641 oblata
2122 4594 2226 4643 est.

2334 4580 2555 4649 τετράδι
2583 4582 2676 4635 τοῦ
2717 4585 2883 4653 μηνὸς
2909 4584 3002 4639 τοῦ
3034 4588 3278 4655 ὲννάτου,
3295 4589 3351 4651 ὃς
3374 4590 3491 4641 ἐστι
3511 4589 3745 4653 Χασλεῦ,
3773 4594 3920 4643 κατὰ

659 4679 1013 4735 Occasionem
1039 4679 1276 4733 narratio
1307 4677 1548 4731 historia:
1572 4678 1734 4731 etiam
1760 4685 1921 4746 atque
1939 4676 2101 4729 etiam
2131 4675 2224 4729 de-

657 4770 906 4825 clarabit.
938 4768 1054 4822 Nou
1086 4768 1230 4823 enim
1277 4767 1434 4823 aliter
1477 4767 1722 4837 quidam,
1778 4766 1880 4820 nisi
1926 4766 2027 4821 hoc
2068 4766 2226 4821 modo

660 4860 1061 4931 propositorum
1084 4859 1370 4913 verborum
1404 4858 1729 4913 sententiam
1758 4854 2226 4924 concipieut.0m-

659 4953 787 5007 nino
802 4952 948 5006 enim
980 4951 1198 5021 quinam
1230 4947 1702 5016 fuerintSarasar,
1736 4958 1794 5004 et
1822 4948 2059 5004 Arseber
2105 4963 2225 5013 rex,

654 5051 711 5097 et
738 5042 967 5097 comites
999 5041 1136 5110 ejus,
1173 5046 1298 5094 ante
1327 5038 1430 5092 alia
1461 5038 1748 5093 dicendum
1803 5043 1906 5090 est.
1958 5034 2223 5089 Praeterea

654 5133 784 5203 quid
822 5133 1178 5188 sanctiﬁcatio
1213 5132 1267 5186 in
1298 5132 1487 5200 quinto
1508 5144 1699 5185 mense
1735 5145 1747 5180 :
1802 5129 1928 5183 item
1996 5128 2230 5182 interru-

653 5224 887 5293 gationis
924 5224 1115 5280 modus
1137 5238 1373 5295 quonam
1411 5222 1683 5293 respiciat,
1707 5220 1916 5290 etquod
1953 5219 2025 5275 sit
2057 5220 2227 5275 inter-

654 5319 953 5390 rogantium
993 5317 1303 5372 consilium.

2327 4670 2425 4741 τὴν
2470 4673 2736 4743 Ἐϐραίων
2782 4677 2965 4746 φωνὴν
3012 4677 3288 4746 δηλονότι,
3344 4680 3780 4751 μεταπεφοίτηκε
3836 4683 3920 4751 τῷ

2331 4765 2582 4836 προφήτῃ
2617 4766 2717 4836 τῆς
2753 4767 3007 4831 θεοπτίας
3035 4770 3063 4820 ό
3091 4769 3307 4840 τρόπος.
3342 4772 3437 4833 Τίς
3462 4772 3520 4824 δὲ
3555 4774 3587 4843 ή
3614 4773 3916 4842 πρόφασις,

2331 4856 2365 4925 ἡ
2397 4856 2497 4927 τῆς
2533 4858 2771 4929 ἱστορίας
2799 4859 3077 4932 ἀφήγησις
3110 4858 3170 4915 εὖ
3203 4862 3348 4932 μάλα
3389 4866 3662 4933 σαφηνιεῖ.
3697 4864 3917 4915 Συνεῖεν

2332 4947 2440 5017 γὰρ
2477 4949 2575 5018 οὐχ
2604 4949 2807 5019 ἑτέρως
2832 4952 2973 5015 τινὲς
3003 4952 3142 5022 πλὴν
3169 4953 3250 5006 ὅτι
3279 4952 3421 5006 κατὰ
3440 4955 3652 5006 τουτονί⁸
3673 4954 3765 5008 τὸν
3785 4957 3918 5024 τρό-

2334 5053 2435 5088 πον
2460 5036 2567 5089 τῶν
2598 5040 2974 5109 προκειμένων
3002 5041 3092 5092 τὸν
3125 5040 3271 5095 νοῦν.
3296 5040 3453 5104 Τίνες
3478 5041 3587 5112 γὰρ
3617 5041 3774 5104 ὅλως,
3806 5044 3833 5094 ὅ
3857 5060 3917 5093 τε

2329 5128 2587 5199 Σαρασὰρ
2622 5130 2715 5183 καὶ
2744 5131 3005 5202 Ἀρσεὸὲρ
3040 5133 3069 5184 ὁ
3101 5132 3375 5201 βασιλεὺς,
3408 5133 3501 5185 καὶ
3548 5133 3599 5184 οἱ
3639 5132 3834 5203 ἄνδρες
3866 5135 3917 5183 oi

2331 5224 2447 5291 μετ’
2463 5222 2649 5291 αὐτοῦ,
2669 5224 2788 5288 πῶς
2807 5225 2907 5278 οὐκ
2934 5226 3230 5294 ἀναγκαῖον
3256 5226 3354 5281 καὶ
3386 5226 3494 5297 πρό
3516 5242 3580 5294 γε
3607 5225 3716 5278 τῶν
3739 5224 3919 5278 ἄλλων

2329 5314 2627 5385 ἁναμαθεῖν
2646 5333 2658 5346 ·
2696 5316 2747 5369 τί
2775 5334 2834 5370 τε
2855 5318 2917 5371 τὸ
2944 5317 3192 5387 ἁγίασμα
3220 5317 3281 5370 τὸ
3300 5320 3357 5371 ὲν
3385 5319 3463 5388 τῷ
3484 5319 3721 5389 πέμπτῳ
3746 5316 3877 5387 μηνί
3901 5358 3917 5370 .

653 5410 746 5465 καὶ
794 5410 900 5481 μὴν
946 5409 1037 5463 καὶ
1090 5406 1253 5472 αὐτὸς
1280 5408 1309 5461 ὁ
1343 5407 1444 5478 τῆς
1492 5405 1811 5477 ἐρωτήσεως
1842 5405 2076 5478 τρόπος,
2141 5405 2263 5459 ὅποι
2303 5408 2431 5461 ποτὲ
2480 5408 2687 5476 βλέπει,
2756 5411 2849 5464 καὶ
2895 5410 2979 5475 τίς
3029 5410 3097 5464 ἂν
3146 5412 3357 5480 γένοιτο
3402 5411 3512 5464 τῶν
3559 5411 3839 5481 ἐρομένων
3885 5414 3919 5463 ὀ

655 5507 876 5571 σκοπόςς

722 5522 876 5571 οποςῖ

722 5598 1002 5669 [tegnante
1031 5595 1360 5683 igitur.Osee
1387 5593 1495 5650 [ilio
1518 5592 1608 5648 Ela
1631 5608 1788 5663 super
1813 5592 1996 5648 decem
2050 5593 2220 5649 tribus

720 5772 767 5804 ⁸⁸
806 5770 1000 5841 Ephcs.
1044 5788 1105 5836 ll,
1144 5773 1233 5825 20.

2401 5592 2783 5657 Βασιλεύοντος
2808 5594 2986 5648 τοίνυν
3015 5594 3175 5665 Ὠσηὲ
3213 5594 3308 5649 τοῦ
3335 5593 3453 5647 υἱοῦ
3484 5592 3623 5647 Ἢλᾶ
3648 5592 3757 5646 τῶν
3778 5592 3916 5649 δέκα

1344 5772 1536 5827 ⁸⁹ἰί)ἱι1.
1586 5771 1667 5836 15,
1719 5769 1799 5825 16.
1883 5772 1929 5801 ⁹⁰
1973 5770 2135 5826 Ζι(·Ιι.
2185 5787 2221 5838 t,
2273 5773 2319 5828 ί.
2412 5824 2423 5831 .
