4120 6534
219 381 313 437 tot
356 348 357 351 γ

1062 371 1613 433 COMMENTARIUS
1651 370 1717 427 lN
1758 368 2159 427 zacmman
2202 339 2644 427 pnoensnn.

3384 368 3488 427 ιοει

219 496 401 566 φυλῶν
418 464 539 549 ⁴’τῶν
576 496 633 548 ἐν
663 496 729 564 τῇ
763 493 1069 564 Σαμαρείᾳ,
1099 492 1195 545 καλ⁹
1234 491 1369 546 πολὺ
1399 487 1804 551 διανενευκότος

1917 487 1963 541 ἱιι
1992 485 2261 552 Samaria,
2292 487 2487 557 insigni
2540 487 2840 550 desertore,
2868 502 2886 537 ι
2926 483 3305 540 servivitenim
3369 485 3488 539 ido-

223 588 605 651 είςάπόστασιν
627 585 974 655 (λελάτρευκε
1000 583 1110 653 γὰρ
1140 581 1421 652 εἰδώλοις),
1443 580 1806 652 παροξύνεται

223 678 355 739 Θεὸς
375 677 469 729 ἐπὶ
489 675 579 728 τὸν
604 675 844 745 Ἰσραήλ.
871 670 1007 726 Εἶτα
1032 672 1470 743 κατεστράτευσε
1503 671 1602 739 τῆς
1623 670 1809 741 χώρας

214 771 253 822 δ
280 766 645 838 Σαλμανασὰρ
693 765 945 835 βασιλεὺς
976 765 1300 834 Ἀσσυρίων,
1337 757 1449 816 εἷλε
1484 763 1584 833 τὴν
1624 763 1809 832 Σαμά-

228 875 397 929 ρειαν,
428 857 522 910 καὶ
573 857 839 926 άπῴκησε
884 857 983 926 μέν
1024 856 1117 909 τὸν
1155 854 1393 926 Ἰσραὴλ,
1429 852 1808 925 παρεσκεύασε

221 947 280 999 δέ
306 964 457 1010 τινας
482 947 591 1000 τῶν
619 948 684 1000 ἐκ
713 950 811 1017 τῆς
840 946 1124 999 Χαλδαίων
1149 946 1332 1017 χώρας
1362 944 1689 1014 κατοικῆσαι
1712 944 1810 1013 τὴν

220 1040 349 1110 γῆν,
388 1038 472 1092 ῐνα
503 1038 567 1110 δὴ
600 1039 807 1106 γένοιτο
838 1038 1085 1109 Περσῶν,
1118 1039 1195 1101 ὼς
1227 1037 1435 1091 ἐκεῖθεν
1472 1036 1668 1107 ἔχουσα
1702 1035 1810 1088 λοι-

227 1130 327 1184 πδν
345 1132 470 1194 τοὺς
495 1132 999 1202 οἱκήτορας.Ἐχεις
1017 1131 1119 1203 τὴν
1147 1130 1387 1202 ἱστορίαν
1406 1131 1463 1183 ἐν
1488 1132 1553 1201 τῇ
1575 1129 1810 1201 τετάρτῃ

226 1220 337 1276 τῶν
388 1222 705 1278 Βασιλειῶν.
740 1224 1057 1295 Γέγραπται
1104 1223 1222 1296 γὰρ,
1259 1220 1465 1287 οὕτως’
1521 1222 1651 1276 «Ἐν
1701 1221 1811 1275 ἔτει

227 1312 513 1384 δωδεκάτῳ
532 1312 704 1383 Ἀχὰζ
738 1313 1003 1384 βασιλέως
1031 1314 1222 1379 Ἰούδα,
1267 1313 1618 1369 ἐϐασίλευσεν
1646 1314 1813 1384 Ὠσηὲ

228 1401 343 1464 υἱὸς
377 1400 517 1455 Ἦλᾶ
547 1403 605 1455 ὲν
640 1403 926 1474 Σαμαρείᾳ
967 1404 1059 1456 ἐπὶ
1088 1402 1308 1475 Ἰσραὴλ
1358 1403 1518 1457 ἐννέα
1561 1403 1676 1475 ἐτη.
1705 1404 1815 1457 Kai.

228 1492 455 1563 ἐποίησε
485 1492 546 1545 τὸ
576 1494 810 1565 πονηρὸν
850 1496 908 1548 ἐν
941 1494 1240 1564 ὀφθαλμοῖς
1277 1495 1511 1567 Κυρίου,
1543 1496 1684 1567 πλὴν
1714 1496 1813 1567 οὐχ

213 1582 303 1645 κὼς
348 1584 397 1635 οἱ
452 1582 689 1652 βασιλεῖς
727 1583 962 1655 Ἰσραὴλ,
991 1585 1040 1637 οἳ
1074 1581 1215 1655 ἦσαν
1264 1585 1579 1656 ἔμπροσθεν
1624 1586 1810 1642 αὑτοῦ.

238 1675 354 1727 Ἐπ’
374 1674 523 1745 αὐτῷ
545 1674 712 1746 ἀνέϐη
735 1676 1100 1748 Σαλμανάσαρ
1113 1676 1364 1747 βασιλεὺς
1377 1677 1696 1749 Ἀσσυρίων,
1722 1679 1816 1733 καὶ

223 1768 461 1840 ἐγενήθη
490 1768 644 1839 αύτῷ
666 1770 828 1840 Ὠσηέ
855 1770 1060 1833 δοῦλος.
1090 1789 1109 1822 ι
1144 1771 1253 1824 Καὶ
1290 1770 1408 1841 μεθ’
1430 1770 1593 1841 ἕτερα
1618 1772 1779 1826 πάλιν
1797 1789 1810 1802 ·

1900 579 1996 641 Ἰίς,
2036 598 2055 631 ι
2097 578 2262 649 709
2290 579 2542 635 irascitur
2567 576 2937 633 Deuslsraeli.
2970 576 3173 632 Deinde
3203 574 3487 630 Salmans-

1910 686 1998 725 sar
2028 670 2371 740 Assyriorum
2405 684 2495 723 rex
2522 668 2854 737 provinciam
2889 667 3057 721 armis
3111 664 3336 726 invadit,
3389 660 3491 718 Sa-

1912 766 2138 817 mariam
2183 771 2437 830 occupat,
2478 760 2729 816 lsraelem
2766 759 3001 829 migrare
3036 758 3199 828 cogit,
3241 765 3291 810 et
3330 771 3489 825 quos-

1874 876 1880 881 η
1911 854 2034 909 dam
2067 855 2132 909 de
2164 855 2383 922 regione
2411 852 2784 907 Chaldaeorum
2832 850 3071 904 vicissim
3123 848 3328 903 incolas
3389 847 3491 901 int-

1914 944 2102 1007 mittit,
2142 952 2199 997 ut
2231 941 2519 997 Persarum
2580 941 2794 1011 propria
2827 940 3000 1005 ﬁeret,
3053 938 3318 1008 siquidem
3371 935 3493 989 inde

1914 1035 2119 1091 incolas
2148 1035 2401 1103 deinceps
2442 1035 2690 1089 haberet.
2745 1031 3038 1087 llistoriatn
3106 1030 3275 1085 habes
3354 1027 3493 1082 libro

1913 1136 2108 1198 quarto
2141 1127 2346 1197 Regum
2382 1126 2434 1181 in
2468 1128 2580 1181 haec
2599 1124 2759 1180 verba
2791 1141 2807 1183 :
2860 1142 2879 1175 ι
2915 1123 2970 1177 In
3002 1137 3144 1178 anno
3174 1120 3494 1176 duodecimo

1912 1217 2097 1274 Achaz
2160 1220 2314 1288 regis
2346 1218 2482 1273 Juda
2514 1217 2764 1286 regnavit
2793 1214 2933 1271 Osee
2958 1215 3097 1270 lilins
3134 1215 3225 1269 Ela
3287 1216 3340 1269 in
3393 1216 3495 1269 Sa-

1916 1310 2089 1364 maria
2117 1324 2280 1377 super
2330 1307 2494 1364 lsrael
2534 1323 2726 1364 novem
2751 1307 2929 1363 annis.
2954 1307 3018 1362 Et
3052 1306 3179 1362 fecit
3216 1305 3414 1362 malunt
3439 1306 3493 1360 in

1916 1412 2207 1473 conspectu
2240 1402 2490 1469 Domini,
2526 1412 2899 1457 verumtamen
2932 1416 3038 1456 non
3071 1401 3211 1455 sicut
3242 1414 3399 1469 reges
3424 1393 3497 1450 ls-

1918 1496 2055 1561 rael,
2078 1497 2171 1566 qui
2204 1495 2421 1550 fuerunt
2443 1506 2567 1552 ante
2601 1511 2742 1552 eum.
2784 1495 2897 1550 Sub
2931 1508 2996 1550 eo
3017 1492 3261 1548 ascendit
3286 1490 3498 1545 Salma-

1919 1603 2078 1642 nasar
2126 1603 2218 1641 rex
2269 1589 2635 1657 Assyriorum.
2694 1595 2749 1643 et
2804 1587 2976 1641 factus
3026 1592 3111 1640 est
3135 1583 3183 1638 ei
3213 1581 3351 1638 Osee
3378 1597 3495 1636 ser-

1917 1694 2016 1734 vus
2050 1680 2118 1732 “.
2158 1699 2177 1732 ι
2212 1680 2277 1734 Ει
2300 1680 2438 1734 infra
2474 1699 2487 1735 :
2524 1698 2542 1731 ι
2582 1680 2647 1735 Ει
2685 1680 2980 1735 translatus
3009 1689 3093 1735 est
3113 1678 3280 1734 Israel
3309 1678 3361 1732 in
3398 1678 3499 1730 As-

1918 1771 2094 1842 syrios
2118 1787 2286 1840 usque
2318 1772 2371 1825 in
2404 1772 2545 1826 diem
2580 1772 2739 1825 hanc.
2772 1771 2841 1825 Et
2866 1771 3093 1825 adduxit
3125 1785 3218 1824 rex
3250 1768 3501 1840 Assyrio-

217 1878 251 1910 πο
286 1861 394 1913 Καὶ
438 1861 728 1933 ἀπῳκίσθη
774 1862 995 1933 Ἰσραὴλ
1062 1864 1142 1926 είς
1188 1862 1505 1932 Ἀσσυρίους
1557 1863 1663 1926 ἕως
1717 1862 1819 1932 τῆς

1922 1878 2039 1917 rum
2064 1864 2131 1918 de
2162 1864 2431 1934 Babylone
2452 1863 2659 1917 Echuta
2693 1864 2761 1917 ab
2792 1862 2917 1925 Aia,
2955 1872 3006 1916 et
3034 1863 3102 1915 ab
3154 1859 3400 1924 Etnath,
3446 1866 3501 1913 et

226 1952 444 2023 ἡμέρας
491 1952 716 2023 ταύτης.
756 1956 868 2008 Καὶ
916 1955 1091 2023 ἦγαγε
1139 1952 1392 2023 βασιλεὺς
1422 1954 1721 2025 Ἀσσυρίων
1752 1956 1816 2007 ἐκ

214 2044 547 2108 Βαϐυλῶνος
574 2046 666 2099 τὸν
700 2048 763 2099 ἐκ
797 2046 979 2099 Χουθὰ
1006 2047 1113 2099 ἀπὸ
1144 2047 1287 2111 Ἀῖὰ,
1317 2047 1412 2100 καὶ
1456 2048 1564 2101 ἀπὸ
1608 2046 1814 2118 Αίμὰθ,

218 2134 323 2188 ,καὶ
349 2133 766 2206 Σεπφαρουαῒμ,
798 2137 893 2189 καὶ
926 2135 1354 2206 κατῳκίσθησαν
1381 2137 1436 2189 ἐν
1464 2139 1583 2201 ταῖς
1628 2138 1816 2191 πόλεσι

218 2227 565 2298 Σαμαρείας,
596 2228 718 2280 άντὶ⁵
746 2228 854 2280 τῶν
885 2228 1017 2280 υἱῶν
1045 2227 1280 2299 Ἰσραὴλ,
1311 2230 1407 2281 καὶ
1444 2229 1816 2299 ἐκληρονόμη-

225 2333 331 2370 σαν
360 2318 820 2389 τὴνΣαμάρειαν.
852 2338 876 2369 s
917 2312 1075 2372 Οὗτοι
1111 2320 1175 2391 δὴ
1203 2316 1317 2385 οὖν,
1344 2321 1391 2371 οἱ
1422 2319 1623 2388 κλῆρον
1668 2320 1816 2371 ἐλόνο

224 2426 323 2472 τες
354 2409 448 2462 τὸν
480 2410 863 2481 Σαμαρειτῶν,
888 2413 984 2467 καὶ
1027 2413 1416 2483 κατῳκηκότες
1440 2411 1538 2483 τὴν
1565 2411 1688 2480 γῆν,
1721 2412 1817 2464 καὶ

224 2499 436 2553 τέκνων
484 2502 626 2571 τάχα
673 2519 777 2555 που
826 2503 1083 2572 γεγόνασι
1116 2503 1372 2573 πατέρες,
1413 2502 1507 2555 καὶ
1546 2504 1655 2565 τοῖς
1682 2502 1818 2554 Ἰου-

215 2589 394 2644 δαίων
427 2589 605 2644 ἐθνεσι
656 2593 1110 2663 προσνενεύκασι,
1143 2593 1243 2656 τὰς
1288 2592 1396 2645 τῶν
1449 2592 1680 2645 λεόντων
1720 2593 1820 2660 ἐφ-

224 2681 383 2746 όδους
414 2683 950 2754 κατορρωδήσαντες,
978 2685 1073 2737 καὶ
1125 2684 1309 2737 αὐτῶν
1355 2684 1612 2752 γεγόνασι
1645 2684 1821 2754 Σαρα-

226 2772 356 2843 cap,
412 2774 507 2826 καὶ
566 2774 850 2847 Ἀρϐεσέρ,
896 2775 956 2838 ὃς
1011 2775 1107 2828 καὶ
1164 2774 1478 2845 ὠνόμασται
1540 2774 1815 2845 βασιλεὺς,

214 2862 317 2917 -διά
338 2881 423 2917 τοι
452 2865 514 2919 τὸ
543 2864 901 2936 καθηγεῖσθαι
939 2865 1001 2919 τὸ
1028 2865 1286 2937 τηνικάδε
1322 2865 1429 2919 τῶν
1462 2867 1519 2919 ἐν
1537 2864 1821 2937 Σαμαρείᾳ

1916 1954 2297 2025 Sepharvaim,
2325 1965 2381 2010 et
2428 1955 2679 2010 collocati
2712 1964 2839 2009 sunt
2872 1954 2925 2008 in
2964 1954 3191 2009 urbibus
3237 1952 3500 2007 Samaria:

1916 2063 2013 2118 pro
2044 2047 2169 2102 ﬁliis
2201 2045 2389 2111 Israel,
2425 2058 2480 2102 et
2508 2048 2865 2118 possederunt
2924 2045 3228 2100 Samariam
3255 2044 3323 2098 θ’.
3361 2061 3380 2096 ι
3434 2040 3499 2096 Hi

1915 2139 2239 2208 suntigitur,
2272 2140 2365 2207 qui
2423 2138 2818 2193 Samaritarum
2892 2146 3093 2192 sortem
3154 2135 3500 2205 regionemve

1918 2231 2256 2294 insederunt,
2286 2240 2340 2285 et
2370 2232 2736 2293 incoluerunt,
2768 2244 2833 2285 ac
2893 2229 3095 2283 liberos
3132 2228 3271 2281 forte
3306 2240 3502 2295 genue-

1924 2329 2147 2387 runt,et
2176 2322 2242 2374 ad
2276 2319 2586 2375 Iudaeorum
2631 2334 2811 2375 mores
2842 2334 2935 2374 seu
2971 2319 3107 2373 ritus
3146 2317 3501 2378 inclinarunt.

1924 2413 2137 2469 leonum
2165 2414 2416 2469 incursus
2451 2413 2822 2477 formidantes,
2907 2426 2938 2465 e
2993 2425 3224 2481 quorum
3276 2424 3502 2463 numero

1922 2502 2143 2556 fuerunt
2166 2501 2418 2566 Sarasar,
2448 2510 2502 2555 et
2531 2501 2789 2566 Arbeser,
2813 2502 2907 2571 qui
2949 2507 3005 2555 et
3051 2515 3141 2554 rex
3196 2500 3505 2555 nominatus

1920 2603 2022 2661 est,
2059 2594 2202 2663 quod
2234 2595 2340 2648 dux
2378 2609 2587 2658 eorum,
2617 2608 2681 2648 ac
2732 2593 2983 2663 princeps
3008 2600 3174 2656 esset,
3204 2592 3294 2661 qui
3322 2593 3374 2645 in
3404 2590 3505 2643 Stt-

1922 2686 2150 2739 mariant
2201 2699 2267 2739 ex
2309 2684 2489 2740 Persis
2545 2684 2845 2739 habitatum
2935 2684 3381 2754 commigrarunt.
3437 2681 3505 2735 Et

1923 2776 2039 2831 haec
2077 2777 2291 2845 quidem
2324 2777 2390 2830 de
2440 2776 2590 2830 viris.
2656 2776 2729 2830 De
2750 2773 3181 2830 sanctiﬁcatione
3232 2787 3361 2829 vero
3406 2787 3506 2845 age

1921 2880 2068 2920 nunc
2090 2864 2403 2920 verisimilia
2435 2866 2702 2919 dicamus.

225 2957 683 3011 κατοικισθέντων
711 2958 777 3011 ἐκ
806 2958 909 3029 τῆς
946 2958 1196 3031 Περσῶν.
1223 2956 1335 3012 Καὶ
1392 2958 1567 3011 ταῦτα
1633 2958 1731 3030 μὲν
1758 2958 1888 3029 περὶ
1924 2956 2037 3012 τῶν
2083 2957 2312 3031 ἀνδρῶν.
2350 2957 2487 3028 Περὶ
2523 2957 2581 3010 δέ
2626 2973 2690 3026 γε
2732 2956 2827 3010 τοῦ
2873 2958 3233 3029 άγιάσματος,
3264 2955 3395 3030 φέρε
3439 2955 3507 3030 δὴ

224 3049 393 3104 πάλιν
416 3050 487 3103 τὰ
516 3050 701 3104 είκότα
732 3050 1004 3123 λέγωμεν.

297 3144 511 3199 Οὐκοῦν
538 3145 675 3217 πρὶν
706 3146 908 3200 ἁλῶναι
935 3149 1035 3219 τὴν
1072 3149 1336 3206 Ἰουδαίαν
1374 3148 1525 3222 παρὰ
1563 3145 1656 3200 τοῦ
1701 3145 1821 3200 Να-

1996 3139 2182 3210 Itaque
2204 3149 2493 3210 antequam
2526 3138 2707 3196 Judaea
2741 3157 2772 3196 a
2800 3140 3326 3198 Nabuchodonosore
3372 3145 3505 3201 sub-
3597 3148 3603 3155 ‘

220 3235 635 3307 ὄουχοδονόσορ,
688 3238 717 3290 ό
761 3238 1030 3309 μακάριος
1077 3241 1367 3312 προφήτης
1424 3239 1579 3308 Ἰωὴλ
1616 3238 1817 3293 ἀνακέ-

147 3376 151 3379 τ
223 3343 406 3397 κραγε
434 3326 497 3379 τὸ
545 3327 979 3398 συμϐησόμενον.
1032 3330 1141 3383 Καὶ
1184 3329 1248 3400 δὴ
1290 3330 1386 3382 καὶ
1439 3328 1657 3382 πενθεῖν
1706 3329 1818 3388 τοῖς

224 3415 437 3489 ἱερεῦσι
468 3418 884 3488 παρεκελεύετο,
910 3420 1006 3473 καὶ
1031 3420 1257 3490 προσέτι
1278 3420 1375 3474 καὶ
1403 3423 1516 3482 τοῖς
1537 3418 1643 3472 ὑπὸ
1662 3420 1820 3489 χεῖρα

220 3508 399 3572 λαοῖς,
435 3509 532 3561 καὶ
576 3510 699 3563 ὅσον
749 3509 961 3564 οὐδέπω
1015 3511 1114 3579 τῆς
1167 3510 1266 3579 μὲν
1324 3509 1681 3582 Ἰερουσαλὴμ
1715 3508 1821 3561 ύπὸ

221 3598 397 3661 πόδας
456 3600 723 3669 ἐσομένης
780 3600 1012 3674 ἐχθρῶν,
1070 3600 1708 3671 κατεμπρησθησομένου
1762 3598 1820 3652 δέ

218 3689 321 3741 καὶ
369 3688 535 3741 αὐτοῦ
569 3689 664 3740 τοῦ
705 3689 851 3741 θείου
885 3690 1035 3745 ναοῦ.
1074 3692 1217 3761 Ἔφη
1253 3692 1310 3744 δὲ
1338 3690 1546 3752 οὕτως·
1589 3707 1607 3741 ι
1653 3690 1819 3761 Περι-

220 3776 505 3842 ζώσασθε,
547 3778 641 3831 καὶ
683 3778 972 3845 κόπτεσθε,
1003 3783 1051 3833 οί
1085 3782 1267 3850 ἱερεῖς·
1305 3781 1576 3851 θρηνεῖτε,
1611 3781 1660 3832 οἱ
1703 3780 1817 3831 λει-

218 3866 591 3937 τουργοῦντες
642 3867 1034 3941 θυσιαστηρίῳ,
1087 3871 1376 3935 είσέλθετε,
1429 3870 1713 3923 ύπνώσατε
1758 3872 1817 3922 ἐν

220 3959 477 4022 σάκκοις,
509 3957 947 4029 λειτουργοῦντες
972 3961 1108 4032 Θεῷ,
1134 3964 1216 4015 ὅτι
1244 3964 1554 4032 ἅπέσχηκεν
1582 3962 1641 4028 ἐξ
1667 3962 1814 4014 οῐκου

219 4046 359 4099 Θεοῦ
401 4046 569 4117 ὑμῶν.
597 4047 758 4101 θυσία
796 4049 890 4102 καὶ
923 4050 1143 4121 σπονδή.
1198 4050 1487 4117 Ἀγιάσατε
1523 4049 1813 4120 νηστείαν,

220 4137 506 4209 κηρύξατε
535 4138 852 4209 θεραπείαν,
883 4142 1218 4210 συναγάγετε
1246 4141 1578 4212 πρεσϐύτας,
1606 4141 1815 4204 πάντας

220 4230 621 4295 κατοικοῦντας
653 4232 788 4302 γῆν,
814 4234 894 4296 είς
912 4227 1063 4286 οἶκον
1093 4233 1228 4286 Θεοῦ
1263 4234 1438 4304 ὑμῶν,
1463 4235 1558 4287 καὶ
1578 4233 1816 4302 κράξατε

218 4318 361 4389 πρὸς
412 4320 620 4392 Κύριον
673 4322 937 4386 ἐκτενῶς·
970 4325 1129 4394 Οίμοι
1177 4326 1256 4387 είς
1305 4324 1553 4395 ήμέρανί
1620 4342 1639 4376 ι
1701 4323 1815 4377 Καὶ

215 4411 397 4465 ταῦτα
431 4412 531 4483 μὲν
560 4415 589 4466 ό
624 4416 931 4484 προφήτης.
962 4416 1095 4469 Τίνα
1118 4416 1175 4469 δὲ
1199 4416 1262 4487 δὴ
1288 4416 1491 4485 τρόπον
1531 4414 1812 4485 διεπεραί-

1925 3230 2182 3299 igeretur,
2230 3231 2421 3286 beatus
2467 3232 2728 3302 propheta
2756 3231 2872 3288 Joel
2923 3234 3063 3302 quod
3097 3234 3338 3290 futurum
3388 3244 3507 3291 erat

1922 3323 2296 3391 proclamavit.
2326 3322 2466 3389 Quin
2498 3326 2662 3380 etiam
2690 3326 3022 3389 sacerdotes,
3053 3334 3107 3381 et
3137 3327 3356 3396 insuper
3381 3330 3508 3383 sub-

1917 3413 2122 3482 jectum
2174 3414 2308 3483 ipsis
2358 3416 2636 3485 populum,
2678 3416 2833 3486 quasi
2888 3431 3010 3471 mox
3056 3415 3354 3475 Jerusalem
3405 3420 3505 3474 sub

1924 3502 2149 3570 pedibus
2177 3503 2410 3558 hostium
2446 3504 2649 3571 futura,
2686 3507 2807 3576 ipso
2836 3522 3051 3577 quoque
3084 3509 3267 3565 divino
3308 3512 3506 3578 templo

1925 3594 2279 3659 inﬂammato,
2337 3596 2403 3649 ad
2448 3595 2652 3651 luctum
2710 3598 2959 3655 hortatus
3006 3609 3111 3654 est.
3172 3601 3262 3656 Sic
3321 3614 3501 3658 autem

1924 3686 2000 3739 ait
2030 3703 2043 3739 :
2074 3704 2093 3737 ‹
2116 3686 2493 3756 Accingimini,
2525 3697 2577 3741 et
2604 3688 2858 3757 plangite,
2879 3691 3209 3757 sacerdotes,
3241 3692 3505 3748 lamenta-

1924 3776 2080 3839 ntini,
2101 3776 2193 3839 qui
2228 3777 2553 3831 mittistratis
2583 3778 2767 3842 altari,
2790 3778 3159 3846 ingredimini,
3182 3781 3416 3836 dormite
3448 3783 3500 3836 in

1921 3867 2115 3931 saccis,
2160 3868 2533 3923 ministrantes
2563 3868 2696 3935 Deo,
2728 3869 2851 3937 quia
2884 3868 3080 3924 defecit
3109 3871 3175 3926 de
3203 3870 3367 3927 domo
3408 3874 3500 3928 Dei

1923 3957 2086 4010 vestri
2119 3956 2449 4011 sacrificium
2495 3966 2553 4011 et
2596 3956 2804 4012 libatio.
2846 3958 3195 4015 Sanctiﬁcate
3216 3960 3498 4029 jejunium,

1920 4048 2211 4118 praedicate
2250 4048 2613 4115 curatibuem,
2651 4062 2980 4121 congregate
3006 4052 3270 4119 seniores,
3309 4069 3500 4111 omnes

1921 4140 2230 4194 habitantes
2264 4149 2465 4196 terram
2499 4141 2551 4195 in
2577 4142 2795 4196 domum
2825 4142 2916 4196 Dei
2960 4145 3151 4210 vestri,
3188 4154 3245 4200 et
3270 4144 3501 4203 clamate

1919 4231 1987 4285 ad
2020 4230 2303 4285 Dominum
2352 4232 2703 4287 vehementer
2734 4248 2747 4286 :
2778 4231 2891 4287 Heu
2936 4234 3068 4289 mihi
3110 4234 3162 4289 in
3203 4236 3342 4291 diem
3365 4238 3438 4293 "l
3472 4256 3491 4291 ι

1920 4321 1989 4376 Ει
2036 4322 2149 4377 haec
2195 4323 2413 4391 quidem
2477 4324 2763 4393 propheta.
2813 4323 3054 4390 Quonam
3107 4337 3287 4383 autem
3340 4333 3500 4387 modo

1919 4414 2176 4483 praedicta
2236 4415 2594 4485 contigerint,
2640 4414 2752 4485 jam
2805 4416 3044 4483 docebo,
3096 4422 3279 4475 verbis
3329 4436 3499 4478 sacra:

216 4520 342 4555 νετο
374 4506 445 4557 τὰ
481 4507 922 4576 τεροηγγελμένα,
962 4507 1210 4577 σαφηνιῶ
1244 4508 1429 4571 πάλιν,
1468 4507 1601 4560 αὐτὸ
1633 4524 1813 4577 παρα-

1922 4505 2217 4575 Scripturae
2245 4506 2509 4561 recitatis.
2544 4505 2635 4563 Sic
2676 4508 2819 4563 enim
2852 4518 3029 4564 exstat
3070 4511 3121 4565 in
3161 4522 3354 4581 quarto
3393 4513 3499 4568 Rv-

217 4593 334 4658 θεὶς
377 4598 442 4647 τὸ
477 4596 717 4666 Γράμμα
749 4597 812 4650 τὸ
865 4598 1027 4669 ἱερόν.
1088 4599 1400 4670 Γέγραπται
1440 4598 1497 4651 δὲ
1540 4596 1713 4661 οὕτως
1756 4600 1813 4649 ὲν

215 4685 283 4752 τῇ
338 4685 584 4756 τετάρτῃ
637 4685 745 4740 τῶν
805 4686 1133 4740 Βασιλειῶνο
1194 4706 1212 4738 ι
1280 4688 1369 4740 Ἐν
1422 4688 1500 4758 τῷ
1557 4689 1686 4758 μηνὶ
1737 4686 1813 4756 τῷ

216 4774 487 4844 πέμπτῳ,
536 4778 603 4846 τῇ
650 4776 854 4850 ἐϐδόμῃ
893 4777 986 4831 τοῦ
1034 4779 1223 4849 μηνὸς,
1266 4775 1419 4844 οὗτος
1452 4780 1697 4842 ἐνιαυτὸς
1725 4780 1812 4831 ἐν·

217 4866 653 4929 νεακαιδέκατος
693 4866 770 4937 τῷ
809 4869 1276 4941 Ναϐουχοδονόσορ
1320 4870 1527 4940 βασιλεῖ
1559 4869 1813 4922 Βαϐυλῶ-

218 4968 331 5018 νος,
376 4949 512 5025 ἧλθε
550 4956 945 5028 Ναϐουζαρδὰν
981 4962 1009 5011 ό
1048 4960 1465 5031 άρχιμάγειρος,
1509 4959 1682 5024 ἑστὼς
1724 4962 1814 5013 ὲν-

218 5040 395 5095 ώπιον
462 5044 726 5114 βασιλέως
768 5048 1085 5111 Βαϐυλῶνος
1144 5052 1223 5112 εἱς
1260 5050 1649 5119 Ἰερουσαλὴμ,
1715 5052 1811 5103 καὶ

217 5131 497 5205 ἐνέπρησε
524 5136 615 5189 τὸν
658 5132 807 5190 οἷκον
849 5139 1080 5207 Κυρίου,
1108 5141 1212 5192 καὶ
1248 5139 1337 5192 τὸν
1362 5137 1507 5193 οἷκον
1527 5139 1619 5192 τοῦ
1660 5140 1812 5209 βασι-

214 5221 380 5288 λέως,
429 5227 527 5278 καὶ
558 5228 767 5290 πάντας
812 5230 937 5292 τοὺς
980 5230 1164 5292 οἴκους
1205 5230 1584 5302 Ἰερουσαλήμ.
1625 5252 1642 5283 ι
1680 5226 1813 5283 Εἶτα

216 5318 674 5388 κεχειροτόνηκεν
704 5320 796 5373 ἐπὶ
828 5320 919 5375 τὸν
966 5322 1382 5392 περιλειφθέντα
1410 5324 1581 5395 δῆμον
1612 5326 1669 5389 ἐξ
1715 5325 1813 5376 Ἰσ-

215 5408 356 5477 ραὴλ
386 5410 481 5464 τὸν
513 5411 788 5476 Γοδολίαν,
826 5414 884 5465 ἐν
916 5415 1049 5486 μην)⁸
1081 5415 1159 5487 τῷ
1199 5416 1435 5487 ἑϐδόμῳ,
1473 5417 1532 5469 ὃν
1564 5416 1812 5470 ὑπελθὼν

212 5497 558 5569 ἐχειρώσατο
603 5502 697 5555 καὶ
728 5504 1046 5559 ἀπέκτεινεν
1090 5507 1316 5578 Ἰσμαὴλ
1357 5509 1471 5571 υίὸς
1520 5508 1808 5574 Ναθανίου,

214 5588 333 5643 υἱοῦ
388 5591 673 5660 Ἐλισάϐα,
727 5596 792 5649 ἐκ
838 5596 931 5649 τοῦ
990 5598 1303 5669 σπέρματος
1350 5600 1458 5653 τῶν
1503 5599 1806 5670 βασιλέων·

288 5764 442 5839 ".IV
479 5765 629 5839 ch._
657 5770 789 5837 xv'tt,
838 5770 956 5857 1-5..
1070 5772 1114 5804 ’³
1157 5771 1286 5828 ibid.
1326 5774 1417 5841 25,
1458 5776 1548 5828 2i.

1665 5776 1710 5839 θῗ
1747 5775 1861 5830 Jttt'l
1904 5792 1940 5843 l,
1972 5777 2057 5844 13,
2106 5779 2186 5833 Ιό.

1921 4612 2047 4666 gum
2095 4614 2109 4650 :
2145 4613 2162 4647 t
2202 4594 2259 4649 ln
2313 4611 2499 4651 mense
2549 4598 2739 4667 quinto
2770 4600 2933 4669 710
2973 4602 3198 4670 septima
3257 4607 3496 4669 mensis,

1921 4699 2065 4739 anno
2095 4686 2305 4740 decimo
2344 4702 2489 4743 nono
2532 4690 2672 4758 regis
2697 4687 3195 4748 Nabuchodonosor
3221 4695 3365 4748 venit
3394 4695 3499 4748 Na-

1922 4777 2198 4831 buzardan
2243 4779 2495 4848 princeps
2541 4796 2872 4851 coquorunt,
2929 4792 3082 4838 stans
3136 4799 3316 4839 coram
3376 4802 3499 4856 rege

1921 4865 2235 4939 Babylonis,
2270 4868 2719 4941 Hierosolymam,
2753 4880 2807 4928 et
2834 4875 3113 4929 succendit
3146 4874 3363 4930 domum
3397 4877 3499 4931 Do-

1922 4959 2076 5026 mini,
2120 4970 2175 5014 et
2223 4961 2439 5017 domum
2490 4966 2652 5034 regis,
2714 4974 2770 5019 et
2817 4980 3005 5020 omnes
3050 4966 3243 5022 domus
3288 4966 3499 5022 Jerusa-

1919 5050 2022 5106 lem
2048 5051 2116 5107 ’⁸.
2149 5071 2168 5106 ι
2204 5053 2403 5109 Deinde
2447 5058 2688 5126 reliquiis
2731 5059 2910 5128 populi
2961 5057 3175 5115 Israelis
3215 5059 3494 5115 Godoliant

1919 5145 2217 5215 praeposuit
2263 5161 2448 5202 mense
2491 5149 2743 5218 septimo,
2779 5166 2938 5219 quem
2968 5152 3177 5207 insidiis
3208 5166 3497 5221 aggressus

1916 5239 2084 5308 cepit,
2137 5248 2192 5294 et
2232 5239 2811 5307 obtruncavitlsmael,
2867 5243 3009 5299 ﬁlius
3051 5242 3352 5308 Nathanite,
3400 5244 3494 5300 filii

1918 5328 2157 5393 Elisaba,
2185 5332 2393 5386 semine
2432 5332 2579 5401 regio
2617 5334 2879 5391 oriundus
2906 5354 2920 5390 :
2949 5335 3002 5389 in
3033 5336 3169 5389 hanc
3192 5333 3338 5387 enim
3373 5349 3499 5389 sen-

1918 5423 2146 5476 tentiam
2182 5423 2446 5493 scriptum
2488 5424 2741 5495 legimus.
2787 5426 2974 5495 Itaque
3006 5434 3288 5494 postquam
3319 5427 3497 5480 conti-

1915 5513 1994 5584 git
2052 5513 2104 5568 in
2166 5528 2348 5571 mense
2404 5516 2592 5587 quinto
2647 5517 2734 5572 die
2795 5518 3019 5588 septima
3065 5515 3494 5589 Hierosolymam

1916 5604 2055 5675 capi,
2083 5607 2340 5675 templum
2366 5608 2646 5673 succendi,
2671 5616 2725 5663 et
2758 5608 2981 5677 insuper
3007 5606 3179 5663 occidi
3208 5595 3493 5666 Godoliam

2270 5780 2312 5812 "
2354 5780 2420 5836 IV
2464 5780 2596 5852 Reg.
2642 5797 2829 5849 xxvttt,
2871 5780 2925 5836 8.
