4120 6552
646 350 757 406 103

1636 342 1694 400 S.
1736 344 2008 403 ργιυιω
2048 348 2519 409 ΑιΕιΑΝυιιιΝι
2555 353 2877 411 ARCHIEP.

3814 350 3929 405 Ιοι

643 478 829 522 mense
871 460 1124 532 septimo,
1175 459 1266 530 qui
1322 473 1698 516 remanserant
1738 463 1930 531 Judaei,
1977 465 2219 524 fortassis

2325 472 2633 544 γέγραπται
2666 472 2775 542 γὰρ
2813 472 2931 529 ὡδί.
2987 468 3197 527 οὐκοῦν
3227 468 3525 541 ἐπειδήπερ
3562 467 3929 540 συμϐέϐηκεν

642 557 697 613 in
752 554 1071 611 memoriam
1130 551 1397 609 dictorum
1462 566 1494 606 a
1541 554 1805 624 propheta
1856 554 2090 612 Jeretnia
2143 572 2219 614 re-

2326 564 2387 616 έν
2415 562 2494 632 τῷ
2523 562 2761 634 πέμπτῳ
2809 564 2962 637 μηνὶ,
3011 566 3106 618 καὶ
3133 564 3193 616 ὲν
3216 562 3403 634 ἡμέρα
3430 563 3496 632 τῇ
3537 559 3744 631 ἑϐδόμη
3772 558 3929 614 bis?»

639 646 837 717 gressi,
890 652 1223 711 statuerunt,
1273 651 1333 698 ut
1377 656 1447 698 es
1495 645 1748 700 omnibus
1800 645 1938 703 locis
1980 647 2225 705 ﬁnitimis

638 737 816 808 quinti
869 734 1076 791 mensis
1129 734 1219 788 die
1271 733 1506 804 septimo
1545 748 1737 791 omnes
1786 735 2222 808 Hierosolymam

636 827 1015 893 ascenderem,
1042 837 1096 881 et
1118 825 1381 896 jejunium
1411 826 1834 893 sanctiﬁcarent,
1864 839 1920 885 et
1947 830 2222 899 planctum

638 920 998 990 susciperent,
1048 918 1203 987 quasi
1238 930 1403 986 super
1440 928 1676 985 mortuo,
1723 928 1779 974 et
1823 922 2223 992 quodammodo

639 1026 805 1081 super
829 1012 1095 1064 cadavere
1126 1009 1317 1080 templi
1347 1009 1640 1080 ejularent,
1662 1020 1716 1066 et
1742 1025 1904 1081 super
1927 1015 2064 1069 urbe
2099 1027 2221 1068 cre-

637 1114 783 1158 mata
821 1117 884 1156 ex
925 1101 1319 1171 posterioribus
1364 1102 1609 1157 consiliis
1638 1102 1910 1173 profectas
1942 1103 2222 1177 lacrymas

634 1194 993 1250 eiiunderent.
1046 1193 1451 1249 Existimabaut
1492 1203 1675 1250 autem
1724 1210 1785 1250 se
1826 1197 2047 1251 modum
2077 1197 2223 1254 hunc

634 1286 732 1343 Dei
780 1286 991 1344 colendi
1052 1286 1156 1355 ipsi
1212 1293 1424 1356 gratum
1471 1287 1874 1357 sapientissime
1924 1290 2216 1345 invenisse.

634 1378 807 1435 Porro
832 1378 1060 1449 degebat
1084 1379 1262 1434 adhuc
1294 1379 1461 1435 Israel
1497 1380 1753 1451 subjqu
1790 1380 2058 1451 impositae
2100 1396 2219 1437 ser-

636 1468 846 1533 vitutis,
877 1483 977 1523 nec
1009 1468 1079 1522 de
1106 1467 1293 1523 divino
1323 1470 1524 1539 templo
1556 1470 1844 1540 quisquam
1866 1482 1984 1525 erat
2014 1471 2218 1527 sollici-

635 1570 740 1616 tus.
786 1562 888 1616 Ast
937 1562 1024 1616 ubi
1084 1576 1153 1616 ex
1195 1559 1377 1617 Persis
1418 1571 1475 1617 et
1536 1561 1707 1617 Medis
1756 1573 2122 1629 reverterunt,
2169 1572 2221 1618 et

636 1665 882 1708 sanctam
918 1655 1193 1709 civitatem
1243 1657 1309 1711 de
1357 1656 1571 1725 integro
1606 1656 1943 1721 habitarunt,
1993 1664 2049 1712 et
2086 1656 2224 1711 divi-

634 1756 764 1797 num
802 1746 1056 1811 templum
1091 1753 1440 1814 repararunt,
1470 1746 1647 1799 visum
1671 1754 1780 1810 est,
1811 1747 1954 1815 quod
1988 1746 2218 1813 solebat,

2324 671 2413 710 ναι
2460 655 2560 726 μὲν
2597 654 2669 709 τά
2724 655 3105 727 Ἱεροσόλυμα,
3165 653 3661 725 κατεμπρησθῆναι
3711 653 3771 705 δὲ
3820 650 3926 704 τὸν

2322 746 2484 810 ναὸν,
2539 746 2974 818 προσαποθανεῖν
3022 746 3081 801 δὲ
3135 746 3232 801 καὶ
3286 744 3379 799 τὸν
3426 744 3677 798 Γοδολίαν
3722 745 3785 797 έν
3834 740 3925 811 τῷ

2322 840 2538 911 ἑϐδόμῳ
2593 839 2747 910 μηνὶ,
2798 840 2938 909 τάχα
2968 856 3082 907 ⁸που
3132 836 3268 908 πρὸς
3306 835 3610 907 ἀνάμνησιν
3658 835 3764 905 τῆς
3816 833 3922 887 τοῦ

2322 936 2608 1007 προφήτου
2640 934 2848 1004 φωνῆς,
2874 933 2923 985 oi
2957 931 3276 986 κατάλοιποι
3302 927 3413 982 τῶν
3452 926 3717 981 Ἰουδαίων
3759 927 3922 994 ἐνηνε-

2321 1027 2543 1099 εγμένοι
2569 1025 2951 1081 τετυπώκασιν
2984 1023 3083 1095 (1),
3116 1023 3174 1088 ὲξ
3207 1021 3423 1091 ἁπάσης
3448 1020 3544 1091 τῆς
3582 1016 3921 1089 περιοικίδας

2323 1120 2382 1173 έν
2417 1120 2547 1190 μηνὶ
2580 1118 2658 1189 τῷ
2691 1118 2928 1188 πέμπτῳ
2964 1116 3022 1168 ὲν
3068 1117 3134 1186 τῇ
3186 1112 3391 1185 ἑϐδόμῃ
3419 1110 3515 1165 τοῦ
3565 1110 3737 1181 μηνὸς
3779 1110 3919 1163 ἀνα-

2321 1207 2527 1264 ϐαίνειν
2553 1207 2797 1271 ἅπαντας
2841 1207 2924 1270 είς
2981 1204 3354 1277 Ἱεροσόλυμα,
3403 1201 3499 1254 καὶ
3533 1200 3758 1268 ἁγιάσαι
3812 1198 3918 1268 μὲν

2320 1303 2598 1372 νηστείαν,
2652 1298 2865 1370 κομμὸν
2908 1297 2966 1351 δὲ
3010 1295 3254 1350 τίθεσθαι
3305 1293 3557 1362 καθάπερ
3606 1291 3701 1345 ἐπὶ
3728 1287 3920 1359 νεκρῷ

2322 1391 2417 1444 καὶ
2446 1386 2777 1459 ὲποιμώζειν
2814 1385 3054 1456 κειμένῳ
3085 1384 3288 1456 τρόπον
3318 1380 3439 1437 τινά
3470 1380 3549 1450 τῷ
3585 1378 3719 1450 ναῷ,
3745 1381 3820 1449 τῇ
3852 1394 3916 1432 τε

2323 1482 2475 1537 πόλει
2510 1481 3004 1555 κατεμπρησθείσῃ
3032 1480 3092 1533 τὸ
3125 1480 3189 1533 ὲκ
3223 1477 3323 1549 τῆς
3362 1473 3783 1548 ὑπεροὸουλίας
3814 1470 3916 1525 δά-

2324 1592 2488 1647 κρυον
2531 1576 2764 1645 ἐπιχεῖν.
2815 1575 3005 1645 ’ῼοντο
3038 1573 3095 1626 δὲ
3147 1572 3229 1626 ὅτι
3278 1568 3534 1643 λατρείας
3580 1567 3770 1630 αὐτοῖς
3816 1566 3917 1637 τῆς

2322 1666 2661 1741 ἀρεσκούσης
2690 1664 2811 1737 Θεῷ
2856 1665 3057 1736 τρόπος
3086 1658 3242 1727 οὗτος
3279 1661 3556 1731 πάνσοφος
3586 1656 3911 1728 δξηύρηται.

2337 1756 2479 1811 Ἀλλ’
2517 1757 2821 1829 ἐπράττετο
2865 1757 2985 1826 μὲν,
3012 1754 3093 1807 ἔτι
3126 1751 3267 1827 [τοῦ]
3311 1750 3532 1825 Ἰσραὴλ
3563 1750 3668 1804 ὑπὸ
3691 1750 3785 1801 τὸν
3811 1745 3916 1814 τῆς

633 1849 741 1890 nou
769 1833 882 1904 jam
927 1834 982 1890 iu
1027 1843 1272 1907 tempore
1294 1877 1310 1903 ,
1348 1851 1450 1892 nec
1487 1853 1607 1892 cum
1637 1839 1849 1895 ratione
1883 1839 2019 1897 ﬁeri.
2053 1839 2219 1909 Magis

2324 1847 2702 1918 αἰχμαλωσίας
2739 1844 2997 1916 κειμένου
3032 1844 3216 1913 ζυγὸν,
3248 1842 3505 1913 οὐδεμιᾶς
3539 1841 3595 1895 δὲ
3629 1837 3916 1910 φροντίδος

631 1928 779 1984 enim
821 1937 1079 1998 tanquam
1118 1945 1146 1982 a
1176 1929 1466 1998 prmteritis
1496 1930 1563 1984 ad
1600 1930 1928 1985 hilaritatem
1967 1931 2218 1998 transire,

632 2026 688 2074 et
721 2018 996 2073 celebrare
1023 2019 1139 2073 dies
1171 2016 1365 2086 festos,
1397 2028 1453 2075 et
1480 2019 1698 2090 hymnis
1723 2018 1987 2075 libertatis
2014 2020 2218 2075 auctori

632 2112 838 2182 gratius
888 2126 1050 2182 agere
1120 2114 1497 2168 conveniebat.
1556 2113 1875 2170 Dubitautes
1934 2113 2099 2176 igitur
2153 2112 2221 2168 de

632 2204 829 2273 quibus
876 2219 1057 2259 sermo
1111 2214 1217 2269 est,
1262 2206 1517 2269 Sarazar,
1573 2214 1631 2259 et
1684 2204 1944 2269 Arseber,
1999 2205 2221 2259 mittunt

632 2294 894 2365 quosdam
973 2296 1367 2364 interregatum
1419 2294 1731 2351 sacerdotes
1787 2305 1844 2351 et
1884 2294 2215 2365 prophetas:

637 2404 656 2438 ε
686 2384 935 2457 ingressa
981 2395 1064 2441 est
1114 2387 1221 2442 huc
1267 2384 1629 2442 sanctificatio
1661 2387 1715 2441 in
1768 2401 1955 2442 mense
2000 2387 2214 2457 quinto,

629 2478 773 2533 sicut
819 2477 1066 2534 iecerunt
1104 2478 1214 2548 jam
1268 2477 1426 2535 anuis
1474 2476 1680 2541 multis,
1716 2495 1735 2529 ι
1780 2477 1881 2533 hoc
1921 2486 2024 2543 est,
2064 2491 2216 2542 num,

628 2572 721 2641 qui
752 2570 1143 2644 Hierosolymis
1175 2571 1443 2638 habitant,
1484 2586 1608 2626 cum
1648 2570 1781 2640 ipsis
1813 2571 2053 2641 lugeant,
2088 2584 2219 2628 con-

630 2663 1086 2733 suetudinemque
1135 2663 1189 2719 in
1238 2663 1409 2718 forma
1452 2663 1909 2718 sanctiﬁcationis
1959 2662 2216 2718 usitatam

629 2754 920 2826 recipiant,
952 2755 1118 2809 etiam
1156 2754 1394 2810 excitato
1422 2754 1646 2824 templo,
1685 2765 1740 2809 et
1779 2755 1956 2809 soluta
1990 2754 2218 2825 captivi-

633 2855 762 2903 tate.
810 2846 1233 2902 Sauctiﬁcabant
1278 2847 1423 2901 enim
1454 2845 1745 2915 jejunium,
1793 2855 1851 2901 ut
1895 2847 2031 2913 dixi,
2075 2846 2218 2901 sicut

630 2936 882 2994 iecerant
908 2938 1035 2995 inde
1073 2938 1143 2994 ab
1170 2938 1329 2994 annis
1366 2939 1569 2994 multis.
1602 2939 1826 3010 Captivo
1851 2940 1997 2993 enim
2021 2938 2218 2993 lsraele

634 3039 851 3101 tempus
900 3031 1080 3086 luctus
1125 3039 1181 3085 et
1224 3030 1325 3101 ipsi
1374 3039 1689 3086 constanter
1738 3030 2051 3096 servabant,
2074 3028 2215 3098 jeju-

633 3122 785 3179 nium
820 3122 1252 3188 sanctiﬁcantes,
1280 3131 1338 3177 ut
1360 3121 1473 3192 jam
1504 3122 1654 3191 prius
1684 3122 1940 3177 diximus.
1969 3121 2065 3178 Est
2085 3137 2217 3193 ergo

2321 1940 2417 1993 τοῦ
2448 1938 2593 1993 θείου
2624 1938 2987 2008 τετυχηκότος
3029 1937 3181 1992 ναοῦ.
3219 1935 3439 2007 Ἐπειδὴ
3479 1933 3537 1988 δὲ
3578 1930 3914 2002 ἐπανῆλθον,

2321 2030 2422 2101 τὴν
2444 2028 2671 2103 Περσῶν
2694 2030 2926 2099 ἀφέντες
2948 2028 3045 2082 καὶ⁸
3068 2028 3289 2099 Μήδων,
3312 2026 3409 2081 καὶ
3433 2026 3790 2096 κατῳκήκασι
3812 2022 3917 2091 τὴν

2322 2122 2485 2191 ἁγίαν
2518 2121 2694 2188 πόλιν,
2737 2121 2835 2175 καὶ
2878 2116 2997 2173 εἶτα
3038 2121 3129 2173 τὸν
3163 2119 3308 2174 θεῖον
3353 2116 3707 2187 ἀνεδείμαντο
3749 2111 3913 2177 νεὼν,

2323 2215 2499 2270 ἐδόκει
2535 2231 2652 2277 πως
2685 2213 2746 2266 τὸ
2781 2212 2905 2276 έθος
2940 2214 3122 2277 αὐτοῖς
3170 2212 3270 2266 οὐκ
3316 2211 3376 2265 έν
3409 2207 3587 2280 καιρῷ
3634 2208 3729 2263 καὶ
3766 2204 3917 2272 λόγῳ

2323 2299 2661 2373 πράττεσθαι
2682 2298 2887 2354 λοιπόν.
2914 2300 3062 2353 Ἔδει
3088 2298 3198 2371 γὰρ
3224 2298 3422 2369 μᾶλλον
3450 2296 3527 2361 ὡς
3549 2295 3658 2350 ἀπό
3694 2311 3760 2363 γε
3799 2293 3915 2346 τῶν

2321 2390 2706 2461 γεγενημένων
2739 2389 3131 2463 μεταχωρῆσαι
3164 2388 3299 2461 πρὸς
3323 2386 3608 2459 εὐθυμίαν,
3646 2384 3742 2439 καὶ
3768 2384 3914 2455 πλη-

2324 2482 2452 2553 ροῦν
2499 2483 2713 2554 ἑορτάς,
2758 2485 2855 2537 καὶ
2900 2483 3291 2554 χαριστηρίους
3337 2479 3599 2535 ἀνάπτειν
3640 2476 3782 2549 ᾠδάς
3829 2476 3916 2545 τῷ

2320 2572 2614 2643 κεκληκότι
2643 2574 2780 2645 πρὸς
2808 2572 3124 2644 ἐλευθερίαν
3157 2570 3375 2634 αὐτούς.
3421 2566 3814 2631 Ἐνδοιάζοντες
3844 2566 3914 2636 δὴ

2319 2660 2414 2719 οὖν
2449 2666 2498 2719 oi
2530 2665 2658 2736 περὶ
2691 2658 2767 2719 ὧν
2795 2666 2824 2718 ό
2852 2664 3032 2733 λόγος,
3074 2662 3339 2735 Σαρασάρ
3375 2679 3435 2716 τε
3480 2660 3575 2715 καὶ
3621 2658 3912 2729 ’Δρσεὸὲρ,

2321 2756 2600 2827 πέμπουσί
2649 2774 2801 2820 τινας
2844 2754 3209 2828 ἐρησομένους
3256 2754 3385 2819 τοὺς
3438 2754 3622 2825 ίερεῖς,
3656 2750 3914 2812 καὶτοὺς

2322 2848 2641 2919 προφήτας·
2682 2865 2701 2899 ι
2744 2846 3109 2914 Είσελήλυθεν
3162 2840 3265 2900 ὦδε
3319 2845 3382 2899 τὸ
3432 2844 3680 2913 ἁγίασμα
3721 2843 3782 2895 εν
3829 2840 3913 2909 τῷ

2324 2940 2454 3011 μηνὶ
2480 2939 2559 3011 τῷ
2590 2939 2848 3011 πέμπτῳ,
2880 2937 3073 2992 καθότι
3106 2937 3369 3009 ἐποίησαν
3397 2936 3498 3007 ήδη
3536 2932 3696 2987 ίκανά
3725 2932 3840 3001 ἐτηο
3885 2949 3905 2983 s

2319 3032 2618 3096 τουτέστιν,
2661 3032 2711 3085 εί
2759 3030 3266 3102 συνδεδραμήκασιν
3308 3029 3356 3081 oi
3395 3025 3610 3082 πενθεῖν
3656 3023 3911 3086 εἰωθότες

2320 3125 2379 3178 ὲν
2404 3127 2517 3188 τοῖς
2561 3124 2975 3197 Ἰεροσολύμοις,
3023 3124 3118 3177 καὶ
3158 3123 3206 3175 εί
3247 3118 3613 3192 παρεδέξαντο
3652 3118 3751 3188 τὴν
3783 3132 3906 3168 συνο

632 3213 1000 3271 duhituntium
1046 3189 1423 3283 interrogatio,
1470 3189 1651 3268 utrum
1694 3214 1870 3268 adhuc
1914 3189 2215 3284 praestanda

2324 3216 2510 3288 ήθειαν
2528 3189 2701 3281 αὐτοὶ,
2720 3216 2819 3288 τὴν
2834 3189 2916 3279 ’ὡς
2948 3219 3005 3268 έν
3033 3214 3221 3285 τρόπῳ
3240 3189 3613 3282 γεγενημένην
3637 3207 3913 3275 ἁγιάσμα-

632 3308 706 3363 sit
738 3307 1099 3362 sanctiﬁcatio
1128 3315 1182 3362 et
1220 3306 1430 3371 luctus,
1460 3307 1710 3374 quamvis
1747 3305 1945 3372 templo
1985 3306 2216 3360 reatdiﬁ-

632 3409 802 3455 cato:
854 3398 1015 3470 711
1057 3406 1151 3452 aut
1201 3405 1349 3452 certe
1390 3396 1771 3452 abstinendum
1826 3395 1879 3449 in
1913 3406 2213 3465 posterum,

632 3505 796 3546 causa
832 3489 1008 3543 luctus
1045 3497 1252 3542 remota
1284 3488 1517 3545 scilicet.

2323 3324 2434 3371 τος,
2472 3306 2651 3360 καίτοι
2676 3308 2771 3360 καὶ
2802 3307 3176 3378 ἐγηγερμένον
3203 3304 3296 3359 τοῦ
3327 3304 3473 3358 θείου
3505 3300 3656 3366 ναοῦ,
3692 3298 3789 3353 καὶ
3824 3298 3914 3350 λεν

2324 3396 2563 3467 λυμένης
2601 3397 2702 3467 τῆς
2733 3397 3129 3467 αίχμαλωσίας.
3182 3394 3447 3463 Ἡγίασαν
3473 3392 3603 3464 γὰρ,
3634 3390 3712 3454 ὡς
3750 3391 3914 3458 ἔφην.

2324 3490 2583 3559 νηστείαν
2627 3489 2768 3543 καθά
2818 3489 3141 3561 δεδράκασιν
3189 3490 3253 3541 ὲκ
3299 3487 3509 3541 πολλῶν
3542 3483 3699 3538 ἑτῶν.
3734 3483 3913 3551 Αίχμ-

631 3581 840 3639 αλῶτου
875 3578 983 3651 γὰρ
1037 3579 1190 3642 δντος
1242 3579 1337 3633 τοῦ
1378 3579 1617 3651 Ἰσραὴλ,
1666 3579 2072 3634 διατετελέκασι
2128 3582 2223 3635 καὶ
2262 3582 2416 3636 αὐτοὶ
2445 3583 2537 3636 τὸν
2610 3582 2706 3636 τοῦ
2750 3583 2979 3646 πένθους
3009 3582 3301 3655 τηροῦντες
3350 3582 3563 3653 καιρὸν,
3632 3577 3727 3633 καὶ
3755 3577 3919 3643 ἁγια-

633 3673 818 3739 ζοντες
848 3670 948 3743 τὴν
973 3670 1245 3740 νηστείαν,
1276 3670 1532 3743 καθάπερ
1567 3672 1665 3742 ήδη
1702 3675 1984 3745 προεῖπον.
2019 3672 2228 3725 Οὐκοῦν
2268 3674 2648 3738 ὲνδοιαζόντων
2678 3676 2711 3746 ή
2779 3672 3067 3745 ἐρώτησις,
3112 3674 3339 3743 πότερον
3378 3673 3483 3744 χρὴ
3546 3669 3789 3744 πληροῦν
3835 3669 3917 3723 ἔτι

632 3769 696 3823 τὸ
720 3769 991 3837 άγίασμα,
1021 3766 1116 3819 καὶ
1150 3765 1366 3831 πένθος,
1387 3765 1483 3820 καὶ
1509 3766 1649 3836 μετά
1703 3784 1766 3836 γε
1790 3768 1890 3838 τὴν
1920 3766 2139 3840 ἔγερσιν
2158 3768 2251 3822 τοῦ
2287 3771 2417 3823 ναοῦ
2440 3787 2453 3801 ο
2490 3771 2658 3841 ήγουν
2689 3770 3022 3841 ἀποσχέσθαι
3048 3769 3255 3833 λοιπὸν,
3296 3768 3393 3840 τῆς
3425 3765 3520 3821 τοῦ
3569 3765 3799 3828 πένθους
3833 3764 3918 3816 ai-

634 3861 754 3925 τίας
782 3858 1026 3913 ἐκποδὼν
1050 3856 1360 3929 οἰχομένης.

708 3954 879 4011 Vsus.
915 3953 1031 4008 4-7.
1073 3950 1141 4005 Et
1182 3952 1354 4022 {actus
1398 3964 1471 4007 est
1511 3969 1680 4008 sermo
1726 3952 1935 4009 Domini
1975 3956 2224 4009 virtutum

634 4050 704 4105 ad
736 4066 840 4112 me,
870 4048 1047 4099 dicens
1079 4057 1097 4096 :
1144 4042 1243 4097 Dic
1273 4046 1415 4098 omni
1455 4047 1645 4114 populo
1672 4057 1847 4109 terra',
1870 4057 1917 4098 et
1948 4047 2015 4098 ad
2049 4061 2227 4099 sacer-

633 4144 813 4207 dotes,
857 4142 1081 4195 dicens:
1118 4138 1182 4196 Si
1218 4137 1632 4209 jejunaveritis,
1682 4147 1771 4189 aut
1805 4137 2118 4202 planxeritis
2167 4136 2224 4190 in

636 4234 871 4305 quintis,
902 4242 995 4286 aut
1040 4234 1094 4286 in
1144 4230 1398 4296 septimis,
1435 4238 1483 4283 et
1535 4243 1651 4283 ecce
1695 4229 2027 4297 septuaginta
2074 4229 2222 4291 anni,

640 4325 877 4394 nunquid
909 4324 1176 4394 jejunium
1197 4321 1487 4392 jejunastis
1518 4316 1770 4389 mihiﬁEt
1796 4320 1841 4372 si
1870 4319 2221 4384 comederitis,

635 4427 729 4473 aut
771 4416 1031 4476 biberitis,
1079 4429 1252 4469 nonne
1302 4428 1389 4468 vos
1438 4413 1731 4481 comeditis,
1781 4422 1828 4465 et
1866 4427 1957 4465 vos
2004 4410 2221 4465 bibitis?

2399 3953 2509 4007 Καὶ
2535 3953 2774 4022 ἐγένετο
2792 3954 2974 4024 λόγος
3017 3955 3239 4022 Κυρίου
3268 3955 3387 4009 τῶν
3411 3954 3724 4024 δυνάμεων
3761 3956 3918 4023 πρὸς

2326 4043 2455 4114 ἐμὲ,
2479 4042 2674 4113 λέγων
2694 4059 2707 4074 ο
2752 4040 2945 4098 Εἶπον
2979 4045 3128 4112 πρὸς
3168 4044 3403 4098 ἅπαντα
3438 4045 3592 4098 λαὸν
3620 4044 3732 4111 τῆς
3776 4044 3916 4112 γῆς,

2327 4133 2426 4186 καὶ
2462 4134 2612 4200 πρὸς
2640 4132 2778 4198 τοὺς
2825 4132 3021 4201 ἱερεῖς,
3062 4133 3290 4202 λέγων·
3338 4133 3479 4188 Ἐὰν
3506 4136 3914 4201 νηστεύσητε,

2328 4224 2425 4278 καί
2472 4226 2747 4293 κόψησθε
2791 4224 2860 4276 ὲν
2888 4224 3020 4291 ταῖς
3049 4225 3363 4293 πέμπταις,
3408 4223 3446 4292 ἢ
3484 4224 3555 4277 ἐν
3583 4224 3714 4291 ταῖς
3744 4226 3919 4278 ἐϐδό-

2323 4331 2486 4385 μαις,
2524 4316 2623 4368 καὶ
2675 4314 2825 4379 ἰδοὺ,
2878 4314 3291 4382 ἐϐδομήκοντα
3326 4317 3452 4381 ἔτη.
3492 4317 3580 4386 μὴ
3617 4318 3917 4384 νηστείαν

2327 4406 2767 4474 νενηστεύκατέ
2816 4423 2954 4476 μοι;
3010 4407 3119 4462 Καί
3171 4408 3280 4461 ἐὰν
3332 4406 3577 4477 φάγητε,
3625 4408 3663 4476 ἢ
3713 4410 3914 4474 πίητε.

637 4525 808 4563 nonne
832 4509 935 4562 ista
982 4508 1131 4561 verba
1164 4515 1308 4570 sunt,
1357 4519 1475 4575 qua:
1502 4503 1711 4558 locutus
1761 4513 1836 4557 est
1875 4501 2130 4556 Dominus
2162 4502 2217 4555 in

2324 4498 2437 4567 οὐχ
2476 4497 2645 4564 ὑμεῖς
2675 4497 2924 4563 ἐσθίετε,
2977 4498 3074 4551 καί
3110 4497 3275 4568 ὑμεῖς
3306 4499 3546 4562 nia-ets;
3581 4500 3703 4567 οὐχ
3743 4494 3916 4555 οὗτοι

639 4602 879 4656 matribus
908 4599 1305 4669 prophetarum,
1326 4596 1417 4666 qui
1448 4607 1568 4652 ante
1593 4596 1807 4666 fuerunt
1828 4595 1852 4648 ?
1871 4595 2087 4665 quando
2108 4602 2221 4647 erat

638 4691 939 4746 Jerusalem
970 4690 1232 4755 habitata,
1277 4698 1327 4744 et
1356 4688 1655 4752 abundans,
1691 4698 1739 4741 et
1770 4687 2005 4739 ciuitates
2028 4686 2140 4755 ejus
2166 4687 2220 4738 in

641 4783 889 4847 circuitu,
911 4792 959 4838 et
994 4792 1265 4850 montana,
1295 4791 1344 4838 et
1384 4781 1694 4851 campestris
1722 4778 1960 4833 habitata
1983 4790 2080 4836 est.

714 5034 934 5092 XXXV.
971 5036 1561 5108 Quaerebantquicam,
1596 5044 1653 5091 ut
1688 5039 1799 5103 jam
1843 5033 2025 5098 docui,
2058 5033 2126 5088 tle
2156 5046 2219 5088 ea

644 5144 764 5199 qum
801 5141 1025 5184 vocatur
1064 5128 1466 5193 sanctiﬁcatio,
1514 5143 1544 5181 a
1590 5126 1965 5182 sacerdotibus
1996 5136 2048 5180 et
2092 5140 2221 5197 prn-

646 5222 844 5291 phetis,
872 5221 987 5290 qui,
1015 5228 1077 5275 ut
1108 5220 1364 5276 credibile
1402 5220 1479 5281 ﬁt,
1509 5234 1631 5273 cum
1666 5232 1855 5286 preces
1877 5217 2218 5280 obtulissent,

646 5323 701 5370 et
733 5314 861 5383 quid
896 5312 1023 5368 talia
1065 5313 1265 5382 cupide
1304 5310 1710 5367 sciscitantibus
1744 5309 1948 5380 liquido
1995 5324 2220 5377 respon-

646 5405 857 5469 tierent,
899 5404 1040 5473 apud
1069 5418 1128 5460 se
1156 5403 1446 5474 diligenter
1469 5402 1825 5472 cogitassent,
1855 5414 2101 5458 secutum
2138 5411 2224 5457 est

647 5496 872 5553 verbum
899 5512 929 5550 a
959 5493 1092 5560 Deo,
1120 5495 1306 5558 breve,
1344 5508 1411 5549 ac
1439 5493 1661 5549 minime
1697 5493 1939 5565 longum,
1982 5493 2224 5561 nihilque

646 5588 934 5644 continens
975 5587 1272 5642 involutum
1303 5603 1318 5641 :
1351 5585 1444 5641 sed
1478 5594 1535 5641 ut
1568 5585 1642 5641 ita
1677 5584 1946 5649 dicamus,
1996 5585 2221 5647 nudum,

2328 4592 2383 4643 οὶ
2432 4590 2635 4658 λόγοι,
2696 4588 2804 4654 οὓς
2860 4588 3130 4655 ἐλάλησε
3184 4590 3395 4658 Κύριος
3449 4589 3521 4643 ἐν
3570 4589 3741 4658 χερσί
3792 4589 3919 4643 τῶν

2330 4680 2651 4750 προφητῶν
2703 4679 2823 4734 τῶν
2874 4680 3251 4750 ἕμπροσθεν;
3304 4680 3435 4734 Ὅτε
3488 4676 3567 4748 ἦν
3611 4680 3917 4748 Ἰερουσσο

2327 4770 2454 4841 λὴμ
2480 4771 2936 4837 κατοικουμένη,
2965 4770 3060 4823 καὶ
3090 4769 3457 4837 εὐθηνοῦσα,
3486 4770 3584 4823 καὶ
3612 4772 3672 4821 ιιι
3704 4772 3917 4836 πόλεις

2329 4864 2633 4918 κυκλόθεν
2682 4860 2893 4929 αὐτῆς,
2943 4863 3039 4915 καὶ
3088 4863 3126 4930 ἡ
3179 4860 3401 4929 ὀρεινὴ,
3455 4860 3551 4913 καί
3601 4862 3641 4928 ἠ
3690 4862 3913 4929 πεδινὴ

2328 4953 2667 5021 κατῳκεῖτο.

2400 5042 2528 5094 ΛΕ’.
2576 5040 2807 5111 Ἤροντό
2845 5058 3011 5105 τινες,
3058 5040 3133 5105 ὡς
3169 5040 3269 5113 ήδη
3319 5042 3599 5111 προεῖπον,
3643 5040 3774 5112 περὶ
3815 5042 3915 5095 τοῦ

2330 5132 2560 5202 ἐπίκλην
2603 5134 2961 5202 ἀγιάσματος,
3010 5132 3135 5195 τούς
3164 5149 3221 5185 τε
3270 5132 3449 5204 ἱερέας
3493 5134 3587 5185 καὶ
3622 5132 3749 5195 τοῦς
3780 5149 3920 5205 προ-

2330 5225 2527 5295 φήτας,
2569 5225 2710 5276 κατά
2734 5223 2790 5277 δὲ
2826 5225 2888 5276 τὸ
2916 5223 3082 5288 εἰκὸς,
3125 5224 3583 5294 προσαγηοχότων
3608 5226 3708 5287 τὰς
3735 5225 3914 5289 λιτὰς,

2330 5317 2426 5368 καὶ
2458 5314 2540 5367 ὅτι
2573 5316 2839 5385 προσήκοι
2881 5316 2993 5379 τοῖς
3026 5315 3092 5368 τά
3140 5314 3312 5369 τοιάδε
3360 5315 3743 5383 φιλοπευστεῖν
3774 5317 3918 5388 ᾑρη-

2335 5403 2515 5472 μένοις
2541 5402 2931 5473 ἀποκρίνεσθαι
2959 5404 3145 5472 σαφῶς
3170 5404 3657 5467 διεσπουδακότων,
3684 5402 3804 5460 εἶτά
3831 5423 3918 5467 τις

2330 5496 2358 5548 ὁ
2392 5494 2544 5562 λόγος
2574 5496 2602 5548 ό
2636 5494 2784 5565 παρὰ
2811 5493 2969 5557 Θεοῦ,
3004 5494 3209 5567 βραχύς
3238 5511 3297 5549 τε
3332 5497 3426 5549 καὶ
3462 5496 3523 5548 οὐ
3555 5494 3917 5567 μακρδς.›καὶ

2330 5585 2484 5639 οὐδὲν
2516 5587 2655 5656 ἔχων
2694 5587 2755 5638 τὸ
2790 5587 3156 5656 περισκεπές·
3194 5586 3307 5641 ἀλλ’
3332 5587 3397 5640 ῖν*
3430 5588 3604 5653 οὕτως
3644 5588 3915 5658 εἴπωμεν,

722 5770 804 5843 (Ι)
834 5769 952 5827 Vox
1009 5777 1287 5837 corrupta,
1328 5776 1386 5823 ut
1419 5774 1641 5837 apparet
1672 5784 1683 5820 :
1737 5774 1828 5819 aut
1859 5777 2067 5833 expone
2109 5762 2373 5817 decretum
2410 5766 2665 5833 {ccci-mn,
2696 5775 2741 5817 et
2771 5765 3129 5833 obsignat'tmt,
3157 5784 3183 5818 ιι
3213 5765 3418 5823 cundia.
