4120 6564
154 450 279 560 έιοε

777 765 1047 828 ΚΕΦᾹΛ.,
1070 765 1155 820 Η⁰.

242 902 348 956 Καὶ
381 901 616 973 ἐγένετο
640 903 822 970 λόγος
851 901 1071 970 Κυρίου
1095 899 1580 969 παντοκράτορος
1600 899 1753 969 πρὸς

166 993 260 1066 μὲ,
309 993 537 1064 λέγων·
606 992 752 1046 Τάδε
802 992 963 1063 λέγει
1023 992 1239 1061 Κύριος
1293 990 1715 1059 παντοκράτωρ
1736 1006 1748 1019 ·

184 1085 493 1154 Ἐζήλωσα
519 1085 633 1151 τὴν
665 1082 1068 1154 Ἰερουσαλὴμ
1115 1083 1214 1137 καί
1248 1082 1366 1151 τὴν
1392 1081 1544 1136 Σιὼν
1570 1079 1755 1151 ζῆλον

166 1177 377 1248 μέγαν,
410 1177 508 1231 καί
551 1175 716 1246 θυμῷ
746 1174 990 1246 μεγάλῳ
1020 1173 1294 1245 ἐζήλωσα
1328 1173 1540 1242 αὐτήν.

241 1291 373 1345 AH'.
415 1288 490 1342 re
533 1287 758 1352 ἀπειθὲς
784 1289 878 1342 καὶ
919 1287 1130 1359 ὲξήνιον
1184 1286 1292 1340 τῶν
1337 1285 1752 1358 ἀρχαιοτέρων,

170 1383 264 1436 καὶ
307 1383 367 1450 ἐξ
392 1381 572 1436 αὐτῶν
599 1395 752 1452 σφισι
783 1379 1210 1452 συμϐεϐηκότων
1249 1378 1615 1450 ἀποχρώντως
1643 1378 1758 1432 δια-

168 1473 476 1546 δεὸληκὼς,
506 1474 601 1529 καὶ
629 1476 712 1528 ὅτι
739 1473 950 1543 γένοιτο
975 1471 1195 1527 πάντων
1223 1471 1406 1533 αὐτοῖς
1439 1470 1547 1525 τῶν
1571 1469 1758 1524 κακῶν

169 1564 432 1636 πρόξενον
469 1564 778 1635 ἀποφήνας,
827 1560 1182 1634 μεταδιὸἀζει
1228 1560 1321 1614 τὸν
1359 1559 1516 1629 λόγον
1557 1558 1652 1613 ἐπὶ
1691 1558 1759 1617 τὰ

170 1657 228 1724 ἐξ
255 1656 592 1729 ἡμερότητος
617 1655 822 1726 ἀγαθὰ,
857 1655 954 1708 καὶ
983 1655 1239 1725 πειρᾶται
1276 1651 1462 1706 λοιπὸν
1493 1651 1621 1715 τοὺς
1656 1647 1760 1720 τῆς

170 1749 476 1821 εὐημερίας
517 1747 704 1812 αὐτοῖς
746 1745 1180 1816 ἐπαγγέλλεσθαι
1219 1741 1464 1816 καιροὺς,
1510 1741 1604 1796 καλ⁵
1645 1745 1761 1806 τοῖς

171 1841 296 1896 κατ’
343 1838 507 1911 εὐχὴν
552 1839 779 1908 ἀγαθοῖς
804 1837 1184 1892 καταπιαίνειν
1223 1835 1514 1899 πλουσίως,
1544 1833 1622 1897 ὡς
1657 1833 1760 1905 ἤδη

979 478 1532 537 COMMENTARIUS
1561 478 1624 534 IN
1668 477 2074 540 ZACHARIAM
2119 476 2561 536 PROPHETAM.

527 610 909 725 mth
980 612 1397 698 ΤΡΙΤΟΣ.
1780 609 1824 664 Α
1922 645 1925 647 -

3317 443 3443 549 Ηου

2121 589 2526 713 TOMUS
2602 617 3160 714 TERTIUS.

2380 766 2543 840 714
2571 767 2726 825 cae.
2770 766 2904 824 vm.

1931 901 2092 959 \‘eas.
2128 904 2178 968 Ι,
2221 904 2276 962 2.
2335 902 2402 958 Et
2431 904 2631 974 factum
2662 917 2737 961 est
2776 907 2988 962 verbum
3019 907 3234 966 Domini
3265 913 3439 971 omnin
3485 952 3489 954 -

1855 996 2076 1064 potentis
2119 997 2189 1049 ad
2239 1013 2342 1062 me,
2375 995 2594 1051 dicens:
2624 995 2756 1052 Hac
2797 998 2926 1052 dicit
2969 998 3226 1056 Dominus
3263 1001 3438 1057 omni-

1856 1099 2037 1158 potens
2069 1104 2087 1142 :
2116 1086 2299 1143 Ζειαυί
2335 1088 2696 1145 Jerusalemet
2729 1090 2861 1146 Sion
2893 1089 3004 1146 zelo
3033 1107 3246 1163 magno,
3277 1103 3325 1148 et
3358 1095 3440 1149 ira

1857 1198 2050 1250 magna
2078 1180 2240 1236 celaui
2266 1198 2404 1237 eam.

1930 1268 2217 1349 XXXVIII.
2273 1292 2566 1365 Postquam
2597 1297 3021 1355 inobedientiam
3063 1310 3118 1355 et
3152 1313 3441 1357 contuma-

1859 1385 2008 1440 ciam
2053 1387 2423 1456 antiquorum,
2459 1398 2516 1442 et
2558 1391 2696 1442 mala
2747 1389 2873 1444 inde
2916 1390 3158 1461 profecta
3200 1395 3330 1446 satis
3359 1404 3444 1448 est

1863 1479 2181 1544 insectatus,
2235 1467 2589 1549 omniumque
2641 1479 2984 1536 miseriarum
3035 1482 3166 1551 ipsis
3222 1497 3445 1537 causam

1861 1584 1983 1624 esse
2040 1570 2320 1632 ostendit.
2376 1571 2680 1627 oralionem
2732 1572 2798 1626 ad
2859 1573 2998 1626 bona
3063 1573 3447 1642 placabilitatis

1868 1659 2148 1725 transfert,
2205 1671 2258 1715 et
2310 1660 2495 1716 studet
2536 1662 2793 1732 deinceps
2839 1662 3017 1719 felicia
3053 1674 3294 1730 tempora
3341 1665 3447 1720 illis

1864 1752 2207 1821 promittere,
2251 1761 2674 1822 optatoruntque
2714 1755 2982 1810 bonorum
3019 1758 3174 1827 copia
3209 1773 3305 1813 eos
3341 1759 3448 1812 im-

1866 1845 2150 1914 pinguare,
2193 1853 2252 1900 ut
2297 1846 2388 1913 qui
2420 1845 2530 1914 jam
2581 1859 2774 1915 poenas
2816 1848 3101 1917 impiorum
3146 1849 3449 1904 facinorum

175 1934 278 2006 μὲν
301 1932 457 1996 δίκας
497 1931 865 1999 ὲκτετικότας,
903 1923 980 1984 ὧν
1011 1929 1245 1994 ἀνοσίως
1273 1929 1760 1999 πεπαρῳνήκασιν,
1797 1953 1805 2007 ι

1887 1939 2136 2004 Iederittl,
2173 1953 2378 2008 perque
2420 1939 2644 1995 hostiles
2680 1940 2867 1994 clades
2913 1950 2969 1994 et
3006 1941 3291 1996 toleratum
3331 1956 3452 1998 ser-

172 2024 603 2097 ὲκνενιμμένους
627 2023 686 2078 δὲ
720 2022 912 2095 ὥσπερ
941 2022 1041 2094 τῆς
1073 2019 1310 2094 ἀρχαίας
1335 2018 1672 2090 φαυλότητος
1696 2018 1766 2072 τὰ.

174 2118 502 2190 ὲγκλήματα
527 2115 618 2171 διά
641 2133 725 2170 τοι
753 2115 846 2170 τοῦ
871 2113 1197 2192 κεκολάσθαι
1231 2112 1365 2183 παρ’
1407 2109 1644 2183 ἐχθροῖς,
1669 2110 1768 2164 καὶ⁸

172 2213 270 2267 τὸν
291 2211 390 2284 τῆς
415 2209 659 2273 δουλείας
697 2207 995 2280 ἀνατλῆναι
1039 2205 1225 2276 ζυγόν.
1269 2203 1674 2272 Κατακέκραγε
1711 2201 1768 2254 δὲ

173 2303 370 2371 ὥσπερ
398 2301 496 2370 τῆς
516 2299 626 2353 τῶν
665 2297 1023 2353 Βαϐυλωνίων
1047 2295 1352 2366 ὠμότητος,
1379 2294 1429 2346 οἳ
1454 2291 1599 2364 πέρα
1632 2307 1770 2346 παν-

175 2393 273 2457 τὸς
317 2391 485 2455 ἰόντες
523 2389 779 2462 θράσους,
817 2387 1146 2460 δεδράκασιν
1181 2385 1262 2449 εἰς
1300 2384 1521 2448 αὐτοὺς,
1557 2382 1594 2437 ἃ
1635 2381 1770 2453 μηδὲ

175 2483 349 2548 αὐτὸς
391 2483 420 2535 ὁ
458 2482 600 2547 θεῖος
640 2481 799 2552 ἧθελε
831 2479 1024 2550 θυμός.
1060 2479 1206 2548 Ἔφη
1239 2477 1349 2548 γὰρ
1395 2474 1664 2547 ἐναργῶς,
1690 2473 1774 2527 ὅτι

179 2595 199 2628 ι
260 2574 404 2643 Ἐγὼ
447 2573 550 2643 μὲν
591 2571 871 2644 ὠργίσθην
913 2570 1089 2639 ὀλίγα,
1123 2569 1278 2624 αὐτοὶ
1320 2567 1377 2621 δὲ
1419 2565 1773 2626 συνεπέθεντο

181 2667 269 2730 είς
293 2662 461 2719 κακά.
487 2683 508 2717 ι
541 2693 610 2702 -
643 2680 662 2714 ι
695 2661 982 2733 Ἐζήλωκα
1004 2660 1069 2730 δὴ
1091 2655 1185 2714 οὖν
1213 2659 1308 2730 τὴν
1336 2655 1712 2730 Ἰερουσαλὴμ,
1748 2675 1767 2707 ι

173 2757 463 2821 τουτέστι,
525 2755 617 2809 τὸν
657 2753 796 2826 ὑπὲρ
838 2753 1012 2824 αὐτῆς
1053 2750 1396 2822 είσδέδεγμαι
1436 2749 1632 2822 ζῆλον,
1678 2747 1772 2804 καὶ

1869 2032 2054 2088 vitulis
2083 2031 2271 2102 jugum
2304 2031 2502 2088 veteris
2553 2032 2805 2102 nequitia:
2850 2031 3054 2086 scelera
3105 2033 3261 2103 quasi
3304 2033 3452 2089 elue-

1871 2125 1998 2179 rint.
2034 2123 2318 2179 Exclamat
2360 2133 2538 2180 autem
2587 2124 2767 2195 aliquo
2801 2125 2959 2178 modo
2987 2133 3175 2179 contra
3222 2125 3455 2182 crudeli-

1871 2226 2038 2270 tatem
2092 2213 2560 2286 Babyhniorum,
2615 2217 2711 2286 qui
2774 2217 2953 2270 onmis
3011 2217 3252 2272 audaciae
3318 2219 3456 2274 lines

1871 2304 2102 2374 egressi,
2134 2297 2538 2376 designaverint
2574 2307 2627 2359 in
2650 2319 2747 2360 eos
2800 2322 2921 2376 qua:
2960 2322 3133 2376 neque
3173 2309 3288 2378 ipse
3314 2308 3456 2365 Deus

1877 2395 2050 2450 iratus
2096 2395 2344 2450 voluerit.
2406 2395 2553 2450 Dixit
2599 2395 2744 2451 enim
2802 2411 2962 2466 supra
3014 2408 3246 2467 aperte:
3292 2418 3310 2452 ι
3345 2399 3457 2473 Ego

1874 2482 2094 2554 quidem
2118 2483 2288 2539 iratus
2312 2499 2434 2540 sum
2459 2498 2671 2554 parum,
2708 2487 2806 2556 ipsi
2838 2496 3018 2541 autem
3046 2489 3456 2562 superimpositl

1877 2585 2003 2630 sunt
2029 2575 2082 2629 in
2105 2576 2272 2635 mala.
2303 2595 2322 2628 ι
2348 2605 2416 2619 --
2441 2595 2459 2629 ι
2491 2575 2671 2632 Zelavi
2694 2579 2860 2648 igitur
2884 2577 3187 2637 Jerusalem
3207 2583 3278 2650 ",
3307 2601 3326 2636 ›
3357 2583 3458 2641 hoc
3515 2574 3519 2579 ’

1877 2679 1982 2731 est,
2011 2682 2175 2737 super
2197 2669 2309 2738 ipsa
2333 2669 2544 2739 suscepi
2568 2670 2767 2737 zelum,
2793 2683 2847 2724 et
2872 2671 3240 2742 indignatione
3261 2690 3459 2746 magna

1877 2754 2058 2815 zelavi
2109 2760 2322 2832 ipsam;
2373 2775 2438 2816 ac
2487 2761 2534 2816 si
2579 2762 2727 2817 dicat
2759 2780 2771 2815 :
2801 2761 3092 2833 Continget
3145 2763 3460 2837 Babyloniis

175 2847 343 2922 θυμῷ
377 2847 598 2920 μεγάλῳ
640 2845 890 2916 ἐζήλωσα
937 2842 1130 2915 αὐτὴν·
1176 2843 1364 2913 ὅμοιον
1390 2839 1470 2904 ὡς
1499 2839 1548 2892 εί
1586 2837 1770 2928 λέγοι·

1886 2852 2120 2907 ricissim
2171 2852 2302 2923 pati,
2341 2862 2396 2906 et
2444 2851 2664 2922 quidem
2714 2854 3036 2909 immaniora
3071 2870 3230 2925 quam
3263 2871 3459 2928 perpe-

174 2939 539 3012 Συμϐήσεται
562 2939 675 3002 τοῖς
704 2933 1066 2999 Βαϐυλωνίοις
1098 2933 1156 3000 ἐξ
1187 2930 1550 3002 ἀντιστρόφου
1586 2926 1776 2982 παθῶν

1886 2951 2117 3010 lrarunt,
2150 2952 2206 2998 et
2239 2943 2606 2998 vastatoribus
2641 2944 2811 2999 tantis
2852 2944 3028 3002 iratus
3060 2945 3260 3001 malum
3297 2926 3458 3004 dabo.

173 3029 254 3090 ὧν
294 3033 622 3105 δεδράκασιν
655 3029 1025 3100 ἀπηνέστερα,
1061 3027 1154 3080 καὶ
1181 3027 1294 3088 τοῖς
1321 3022 1467 3078 οὓτω
1498 3019 1778 3094 πεπορθη-

174 3126 340 3181 κόσιν
370 3124 575 3178 ὲποίσω
601 3123 668 3176 τὰ
704 3120 763 3186 ἐξ
787 3119 979 3190 ὀργῆς.

247 3215 432 3270 Τοῦτο
474 3213 834 3285 πεπλήρωκεν
872 3212 901 3264 ὁ
946 3208 1199 3283 Χριστός.
1253 3207 1640 3282 Λελυπημένος
1667 3207 1779 3280 γὰρ

1958 3211 2075 3266 Hoc
2110 3209 2354 3281 implevit
2395 3209 2664 3266 Christus.
2699 3207 2898 3265 Dolens
2933 3209 3078 3266 enim
3114 3225 3278 3284 super
3306 3211 3466 3268 nobis

173 3310 265 3380 ἐφ’
303 3310 444 3380 ἡμῖν
484 3308 597 3369 τοῖς
632 3303 833 3367 ἀθλίως
877 3302 1206 3369 ἀπολωλόσι,
1249 3301 1344 3356 καὶ⁵
1386 3295 1496 3356 οἷον
1529 3299 1781 3372 ζηλώσας

1889 3299 2085 3354 misere
2114 3299 2362 3369 perditis,
2407 3310 2462 3355 et
2510 3299 2660 3355 velut
2705 3299 2917 3355 uelatus
2954 3298 3281 3370 Ecclesiam,
3315 3300 3466 3372 Ipso-

173 3402 278 3474 τὴν
323 3398 682 3471 Ἐκκλησίαν,
712 3395 823 3449 τῶν
865 3395 1046 3448 αὐτῶν
1085 3394 1184 3466 μὲν
1219 3393 1332 3449 τῶν
1377 3392 1674 3464 δαιμονίων
1710 3391 1784 3447 τά

1888 3406 2007 3445 rum
2040 3392 2347 3447 daemonum
2387 3401 2592 3448 turmas
2636 3407 2933 3462 eormnque
2959 3393 3246 3449 dementiae
3270 3394 3464 3464 presi-

175 3493 376 3563 στίφη,
424 3491 518 3544 τὸν
564 3489 620 3543 δέ
671 3505 732 3558 γε
768 3490 869 3560 τῆς
915 3479 1141 3543 ἐκείνων
1183 3485 1442 3550 ἀπονοίας
1485 3483 1785 3554 ἐπιστάτην

1887 3485 2010 3537 dem
2056 3484 2124 3537 ab
2159 3483 2389 3554 imperio
2446 3485 2500 3538 in
2549 3499 2650 3539 nos
2703 3483 2928 3554 depulit,
2980 3499 3103 3539 cum
3155 3483 3328 3555 ipsum
3372 3485 3468 3541 ad-

174 3587 280 3657 τῆς
305 3583 436 3638 καθ’
464 3584 609 3656 ἡμᾶς
651 3581 952 3653 ἐκϐέϐληκε
977 3580 1316 3652 τυραννίδος,
1358 3576 1651 3650 ἐλευθέραν
1686 3577 1786 3645 τῆς

1888 3573 2162 3628 orantium
2211 3574 2608 3629 multitudinem
2643 3576 2710 3631 de
2734 3583 2934 3630 ctetero
2964 3575 3031 3630 ab
3062 3575 3179 3646 ejus
3221 3573 3471 3632 immani-

173 3677 404 3732 ἐκείνου
454 3674 772 3745 σκαιότητος
820 3673 1107 3744 ἀποφήνας
1157 3671 1346 3724 λοιπὸν
1394 3669 1504 3723 τῶν
1549 3685 1788 3738 προσκυ-

1893 3673 2001 3719 tate
2030 3665 2280 3720 asseruit.
2826 3685 2828 3688 ν

174 3769 434 3822 νούντων
467 3765 617 3835 αὐτῷ
646 3765 748 3835 τὴν
783 3764 1077 3835 ὁμήγυριν.

264 3857 428 3914 Τάδε
461 3856 622 3927 λέγει
651 3855 866 3924 Κύριος
885 3871 899 3886 ο
944 3853 1314 3923 Ἐπιστρέψω
1343 3852 1440 3906 ἐπὶ
1473 3851 1646 3915 Σιὼν,
1690 3847 1792 3903 καὶ

174 3946 652 4018 κατασκηνώσει
681 3946 749 3999 ἐν
772 3945 941 4014 μέσῳ
976 3943 1400 4013 Ἰερουσαλὴμ,
1436 3942 1534 3996 καί
1575 3939 1793 4007 κληθή-

175 4058 360 4098 σεται
418 4037 821 4108 Ἰερουσαλὴμ
859 4038 1038 4103 πόλις
1069 4037 1349 4106 ἀληθινὴ,
1399 4035 1501 4091 καί
1531 4022 1614 4088 ’τὸ
1654 4033 1790 4101 ὄρος

177 4135 420 4204 Κιςρίου
454 4130 930 4198 παντοκράτορος
967 4130 1104 4198 ὅρος
1135 4129 1327 4200 ἅγιον.

1965 3844 2123 3900 Vsus.
2151 3845 2204 3900 3.
2257 3844 2387 3900 Ha'c
2424 3846 2554 3900 dicit
2597 3845 2856 3902 Dominus
2876 3863 2896 3902 :
2927 3847 3172 3903 Revertar
3215 3849 3286 3902 ad
3317 3848 3469 3915 Sion,

1889 3950 1938 3993 et
1987 3938 2234 3992 habitabo
2281 3939 2336 3992 in
2365 3939 2536 3993 medio
2574 3938 2896 4006 Jerusalem,
2930 3947 2980 3994 et
3011 3939 3284 3994 vocabitur
3308 3938 3473 3994 Jeru-

1891 4029 2056 4083 salem
2107 4029 2298 4083 civitas
2348 4045 2490 4096 vera,
2540 4039 2590 4084 ct
2649 4045 2798 4085 mons
2841 4029 3056 4085 Domini
3103 4015 3474 4102 omnipotentis

1895 4137 2042 4175 mons
2079 4131 2313 4176 sanctus.

1967 4210 2210 4268 XXXIX.
2252 4211 2446 4282 Implet
2497 4212 2681 4267 omnia
2745 4213 2931 4276 Deus,
3006 4219 3064 4266 et
3115 4220 3308 4266 natura
3357 4211 3476 4281 ejus

1896 4303 2157 4361 inelIabiIi
2185 4304 2388 4360 referta
2411 4314 2540 4359 sunt
2567 4303 2772 4359 omnia.
2811 4303 3196 4358 Verumtamen
3230 4317 3478 4358 nonnun-

1896 4412 2057 4468 quam
2107 4397 2390 4451 discedere
2443 4396 2644 4452 dicitur
2697 4409 2726 4448 a
2765 4394 3165 4464 peccatoribus,
3214 4409 3322 4450 non
3372 4393 3476 4450 loci

1897 4487 2198 4544 intervallis
2239 4489 2308 4542 ab
2353 4487 2419 4541 iis
2469 4494 2792 4555 separatus,
2841 4485 2984 4555 quod
3025 4493 3213 4556 putare
3254 4483 3477 4540 stultum

254 4226 390 4281 AB'.
437 4223 648 4295 Πληροῖ
677 4221 776 4293 μὲν
811 4221 880 4276 τὰ
911 4223 1086 4276 πάντα
1119 4221 1273 4285 Θεὸς,
1302 4222 1397 4275 καὶ
1421 4221 1523 4292 τῆς
1549 4222 1794 4294 ἀπορρή-

181 4339 279 4374 του
315 4319 548 4389 φύσεως
569 4313 734 4370 αὑτοῦ
764 4315 831 4369 τά
859 4315 1035 4370 πάντα
1073 4314 1268 4385 μεστά.
1299 4314 1448 4385 Πλὴν
1482 4313 1794 4383 ἀποφοιτῶν

181 4411 304 4466 ἔσθ’
351 4411 449 4464 ὅτε
491 4403 715 4476 λέγεται
765 4407 872 4460 τῶν
915 4405 1338 4478 ἡμαρτηκότων,
1371 4406 1432 4459 οὐ
1485 4408 1605 4470 ταῖς
1653 4405 1797 4460 κατά

180 4506 357 4560 τόπον
404 4500 732 4555 διαστάσεσι
770 4499 1136 4571 χωριζόμενος
1187 4497 1402 4571 (εὔηθες
1432 4498 1540 4571 γὰρ
1587 4497 1649 4553 τὸ
1694 4492 1798 4554 ὧδε

181 4596 378 4667 νοεῖν),
415 4592 565 4648 ἀλλά
594 4591 669 4663 τῷ
706 4592 905 4664 μηκέτι
945 4590 1124 4644 θέλειν
1147 4589 1525 4663 προσκεῖσθαι,
1555 4591 1649 4644 καὶ
1678 4608 1797 4660 φει-

1901 4587 2068 4642 esset.
2107 4578 2199 4634 sed
2249 4577 2302 4632 in
2336 4592 2402 4632 co
2441 4576 2584 4646 quod
2633 4590 2756 4632 esse
2789 4591 2914 4632 cum
2944 4575 3072 4641 illis,
3127 4575 3392 4646 veniaque
3425 4586 3482 4630 et

769 4644 988 4747 ἀξιοῦν.
1043 4644 1296 4736 Τοιοέτον
1339 4682 1395 4737 δὲ
1437 4644 1577 4736 εἶναί
1613 4644 1796 4753 φαμεν

1906 4684 2095 4724 amore
2129 4669 2339 4738 dignari
2388 4683 2482 4722 eos
2537 4676 2770 4722 recusat.
2819 4666 3004 4720 Talem
3052 4680 3268 4738 quoque
3309 4669 3482 4737 ipsam

182 4752 496 4835 καιαύτὸν
528 4752 634 4846 τῆς
682 4752 854 4847 ἀργῆς
891 4775 1113 4846 τρόπον.
1151 4773 1361 4829 Οὐκοῦν
1391 4775 1661 4847 ἐτράπετο
1697 4752 1798 4846 μὲν

1903 4763 1999 4817 ira:
2044 4761 2311 4815 rationem
2369 4773 2490 4815 esse
2540 4759 2790 4814 dicimus.
2826 4757 2988 4830 715
3033 4758 3345 4814 Conversus
3399 4769 3488 4815 est

183 4876 267 4940 είς
297 4868 742 4943 ψευδολατρείας
783 4870 812 4921 ὁ
853 4865 1088 4939 Ἰσραὴλ,
1137 4866 1232 4920 καλ⁹
1279 4865 1720 4938 ὲκπεπόρνευκεν
1765 4867 1798 4937 ὴ

1909 4853 2074 4920 igitur
2120 4852 2186 4904 ad
2238 4851 2404 4906 falsos
2439 4851 2568 4906 deos
2597 4851 2854 4904 colendos
2891 4847 3082 4912 Israel,
3113 4858 3166 4903 et
3217 4848 3485 4904 fornicata

194 4941 598 5037 Ἰερουσαλήμ.
669 4957 1030 5028 Ἀπεφοίτησε
1086 4957 1144 5011 δὲ
1199 4956 1388 5030 ὥσπερ
1437 4959 1466 5013 ὁ
1517 4957 1626 5012 τῶν
1664 4957 1802 5012 ὅλων

1909 4953 1993 4998 est
2039 4942 2363 4999 Jerusalem.
2411 4941 2660 4998 Recessit
2706 4951 2888 4996 autem
2932 4943 3333 5013 quodammodo
3367 4943 3489 4997 uni-

1909 5053 2188 5116 versorum
2217 5036 2382 5100 Deus,
2409 5045 2464 5090 et
2493 5050 2612 5105 qua:
2647 5035 2984 5089 aversionem
3021 5034 3138 5104 ejus
3164 5041 3490 5105 sequuntur.

1909 5131 2139 5199 subjecit.
2163 5145 2281 5185 eam
2314 5128 2489 5186 malis.
2527 5127 2796 5194 Quoniam
2827 5140 2957 5181 vero
2985 5126 3038 5180 in
3075 5135 3351 5195 posterum
3391 5125 3482 5178 mi-

1911 5232 2142 5284 seretur,
2168 5219 2452 5286 Revertar,
2483 5219 2677 5289 inquit,
2714 5218 2817 5273 hoc
2838 5223 2942 5282 est,
2976 5221 3254 5287 quiescam
3281 5215 3348 5269 ab
3382 5213 3488 5277 ira,

1912 5313 2248 5381 inspectione
2279 5326 2400 5367 eam
2431 5311 2719 5382 dignabor,
2749 5321 2803 5366 et
2827 5311 3042 5364 (Ionium
3093 5322 3268 5362 meam
3303 5319 3493 5360 rursus

183 5053 350 5117 Θεὸς,
370 5051 472 5104 καὶ
490 5050 612 5111 τοῖς
627 5047 686 5113 ἐξ
703 5046 1057 5120 ἀποστροφῆς
1083 5045 1324 5118 ὑπέθηκε
1346 5048 1552 5111 κακοῖς.
1583 5045 1801 5119 Ἐπειδὴ

182 5143 239 5196 δὲ
263 5127 872 5209 κατοικτείρειλοιπὸν,
887 5136 948 5190 τὸ
972 5135 1319 5208 Ἐπιστρέψω
1337 5135 1802 5208 φησὶ,τουτέστιν,

186 5206 684 5300 ἀποπεπαύσομαι
735 5228 836 5299 τῆς
885 5229 1076 5300 ὀργῆς,
1116 5206 1424 5300 ἐπισκοπῆς
1463 5227 1620 5293 ἀξίαν
1664 5206 1822 5291 dirae:

189 5321 372 5395 φανῶ,
421 5321 524 5375 καὶ
567 5315 721 5372 οἷκον
763 5319 894 5390 ἐμὸν
928 5322 1225 5390 ποιήσομαι
1270 5319 1452 5373 πάλιν.
1505 5319 1716 5392 Ὥσπερ
1754 5319 1811 5373 δὲ

188 5411 665 5483 ἀποστραφέντος
693 5406 880 5472 αὑτοῦ,
909 5409 968 5461 τὸ
995 5407 1121 5480 ὅρος
1151 5406 1213 5461 τὸ
1244 5408 1418 5476 ἅγιον,
1447 5406 1749 5472 τουτέστιν,
1785 5407 1814 5459 ὁ

192 5505 254 5554 ὲν
277 5506 396 5565 τοῖς
433 5496 850 5570 Ἱεροσολύμοις
895 5496 1030 5562 νεὼς
1068 5498 1252 5552 οὐκέτι
1312 5497 1528 5574 σεπτὸς,
1550 5515 1637 5562 τις
1674 5493 1811 5552 εἶναι

192 5594 375 5647 ἐδόκει
419 5593 584 5663 παρά
613 5605 674 5658 γε
722 5591 835 5651 τοῖς
875 5589 1076 5658 ὁρῶσιν
1121 5576 1624 5662 ἐμπεπρησμένον
1672 5589 1814 5646 οὕτω

192 5685 260 5756 δὴ
293 5686 463 5739 πάλιν
497 5681 908 5753 ὲγηγερμένου,
947 5682 1042 5735 καί⁸
1085 5682 1143 5735 ὲν
1179 5683 1327 5753 αὐτῷ
1373 5684 1650 5737 κατοικεῖν
1697 5682 1812 5736 ἐλο-

199 5779 370 5846 μὰνου
418 5772 567 5827 Θεοῦ
640 5771 701 5824 τὸ
751 5771 837 5824 ἐπ’
867 5771 1016 5844 αὑτῷ
1055 5771 1216 5827 πάλιν
1251 5771 1690 5845 ἀνανεωθήσεται
1726 5772 1808 5829 σέ-

1915 5404 2131 5460 faciam.
2199 5401 2666 5472 Quemadmodum
2725 5410 2904 5454 autem
2957 5413 3024 5454 eo
3079 5411 3272 5452 averso
3338 5409 3494 5452 mons

1915 5505 2158 5562 sanctus,
2191 5495 2297 5553 hoc
2328 5502 2436 5562 est,
2484 5493 2741 5564 templum
2794 5489 3186 5561 Hierosolymis
3224 5503 3330 5542 non
3373 5502 3494 5542 am-

1914 5588 2056 5658 plius
2081 5587 2447 5644 venerandum
2481 5584 2767 5652 videbatur
2811 5584 2878 5637 iis
2928 5582 3016 5650 qui
3053 5581 3180 5636 illud
3212 5581 3494 5638 incensum

1915 5680 2298 5744 intuebantur;
2338 5681 2409 5731 ita
2447 5679 2623 5732 denuo
2653 5677 2840 5752 eodem
2881 5675 3138 5737 excitato,
3189 5681 3244 5731 et
3278 5674 3331 5729 in
3378 5674 3498 5748 ipso

1918 5773 2166 5831 habitare
2209 5772 2522 5830 institueute
2569 5767 2680 5825 Deo
2738 5765 3014 5826 veneratio
3057 5766 3299 5840 ejusdem
3338 5781 3498 5824 reno-

269 5933 320 5968 ⁹⁸
354 5930 607 6002 zachar.
653 5943 694 5999 ι,
738 5930 824 5991 II.
