4120 6546
681 334 773 390 Ilii
1710 327 1767 383 S.
1809 327 2085 383 CYRILLI
2127 324 2591 383 ALEXANDRINI
2634 319 2943 377 ARCHIEP.

677 451 829 515 Quod
858 448 1003 503 enim
1024 449 1179 504 'vobis
1204 458 1286 504 est
1312 446 1662 516 impossibile,
1690 447 1800 502 Deo
1827 456 1883 500 ut
1908 442 2256 516 omnipotenti

2368 444 2466 507 δοῖ,
2500 440 2728 510 λέγων’(
2764 438 2825 493 El
2855 435 3176 506 ἀδυνατήσει
3202 430 3429 486 ἐνώπιον
3456 429 3565 484 τῶν
3592 426 3962 481 καταλοίπων

677 551 759 595 est
800 542 942 595 factu
983 540 1160 595 facile.
1201 541 1317 609 Ipse
1359 543 1499 597 enim
1543 549 1625 595 est
1668 538 1924 593 Dominus
1962 538 2253 601 virtutum,

679 631 953 685 voluntate
991 630 1227 687 αἰπεῖα-ηε
1285 647 1404 701 qua:
1441 643 1647 687 natura:
1690 643 1858 685 metas
1903 630 2057 701 longe
2098 645 2257 685 exce-

681 720 841 782 dunt,
874 730 929 774 et
963 723 1095 776 citra
1132 738 1339 777 moram
1378 723 1573 792 placita
1608 739 1701 777 sua
1736 724 1799 774 ad
1833 722 2034 776 exitum
2071 735 2257 790 perve-

682 810 778 864 hil.
824 812 912 866 Ait
961 827 1120 879 porro
1166 812 1361 868 alicubi
1407 813 1608 869 Judaais
1656 815 1794 868 Deus
1842 824 1895 867 et
1944 812 2121 876 Pater,
2170 826 2256 867 res

681 901 971 970 prmelaras
992 914 1055 956 ex
1078 902 1309 957 adventu
1339 901 1634 957 Salvatoris
1661 902 1831 956 nostri
1858 901 2096 955 orituras
2122 914 2255 966 prte-

682 989 938 1045 nuntians
971 1009 985 1044 :
1024 1009 1042 1043 t
1076 990 1287 1058 Videte,
1315 1002 1739 1062 contemptores,
1766 1000 1821 1047 et
1854 992 2173 1059 resipiscite,
2203 998 2257 1043 et

682 1081 1046 1146 admiramini,
1092 1084 1216 1153 quia
1241 1100 1377 1154 opus
1401 1100 1502 1155 ego
1524 1100 1718 1153 operor
1742 1085 1794 1138 in
1820 1084 2016 1138 diebus
2041 1083 2253 1147 vestris.

684 1173 824 1240 quod
850 1189 953 1227 non
976 1176 1238 1241 credetis,
1264 1176 1306 1229 si
1331 1175 1452 1245 quis
1476 1175 1774 1230 narraverit
1797 1174 1948 1229 vobis
1966 1175 2028 1228 ".
2053 1192 2073 1226 ι
2104 1174 2257 1241 Quod

683 1263 828 1318 enim
862 1266 930 1318 ad
966 1281 1271 1344 sermonem
1311 1276 1555 1322 nostrum
1590 1267 1803 1329 attinet,
1833 1281 2050 1321 omnem
2088 1264 2255 1319 admi-

684 1358 951 1413 rationem
1018 1374 1431 1427 sermonemque
1491 1357 1881 1413 incarnationis
1942 1356 2255 1428 mysterium

685 1460 908 1517 superat
948 1468 965 1503 :
1009 1450 1263 1506 similiter
1293 1453 1417 1505 inde
1451 1452 1516 1505 ad
1554 1467 1651 1506 nos
1695 1449 1935 1519 profecta
1972 1449 2253 1505 beneﬁcia.

683 1542 962 1608 Quomodo
982 1544 1128 1597 enim
1155 1559 1260 1598 non
1287 1544 1389 1599 ﬁde
1413 1543 1796 1613 prepemodnm
1822 1548 2002 1605 caret,
2022 1539 2255 1593 Verbum

680 1644 746 1683 ex
794 1629 904 1685 Deo
946 1641 1130 1687 uatum
1172 1634 1378 1685 unitum
1422 1647 1542 1687 esse
1584 1631 1822 1701 corpori,
1860 1642 1913 1687 et
1956 1630 2258 1699 suscepisse

680 1721 913 1776 fortnam
938 1724 1077 1778 servi
1104 1725 1169 1791 ",
1197 1732 1251 1778 et
1277 1723 1604 1779 sustinuisse
1630 1737 1849 1778 crucem
1874 1723 1941 1786 “,
1975 1731 2256 1775 contume-

2357 534 2452 588 τοῦ
2480 533 2609 587 λαοῦ
2665 531 2855 585 τούτου
2912 528 2971 581 ἐν
3026 528 3144 590 ταῖς
3173 527 3404 598 ἡμέραις
3436 521 3693 583 ἐκείναις,
3739 517 3821 588 μὴ
3853 516 3961 570 καὶ

2356 624 2594 681 ἐνώπιόν
2655 639 2763 694 μου
2824 619 3187 689 ἀδυνατήσεις
3245 637 3262 667 ι
3322 617 3386 669 '0
3446 614 3554 684 γάρ
3603 614 3758 666 ἐστιν
3809 611 3962 679 ἡμῖν

2358 714 2660 785 ἀμήχανον,
2691 709 3098 785 εὐκατόρθωτον
3136 705 3337 777 δηλαδὴ
3364 704 3444 774 τῷ
3490 703 3669 756 πάντα
3702 699 3957 770 ἰσχύοντι

2357 784 2498 877 Θεῷ.
2530 807 2686 859 Ἐστι
2726 804 2833 874 γὰρ
2859 784 3071 863 αὑτὸςό
3094 798 3206 851 τῶν
3226 796 3505 866 δυνάμεων
3530 792 3757 862 Κύριος,
3795 790 3960 859 θελή-

2358 913 2442 949 σει
2473 894 2695 966 πληρῶν
2741 893 2835 946 καὶ
2891 890 2961 944 τά
3004 889 3124 941 λίαν
3188 885 3465 956 ὑπερφυῆ,
3516 883 3610 936 καὶ
3637 884 3719 946 είς
3766 882 3956 953 πέρας

2358 985 2506 1054 ἄγων
2528 981 2793 1055 ἀμελλητὶ
2831 980 2893 1033 τὸ
2935 978 3147 1033 δοκοῦν.
3195 977 3340 1046 Ἔφη
3395 974 3452 1027 δέ
3504 988 3605 1026 που
3635 971 3776 1041 πρὸς
3816 972 3957 1025 Ἰους

2357 1075 2537 1139 δαίους
2567 1076 2596 1127 ό
2628 1073 2759 1136 Θεὸς
2807 1071 2902 1125 καὶ
2949 1068 3162 1139 Πατὴρ,
3196 1068 3264 1121 τά
3293 1069 3357 1120 ἐκ
3413 1065 3510 1134 τῆς
3536 1063 3630 1117 τοῦ
3686 1064 3955 1133 Σωτῆρος

2358 1168 2513 1240 ἡμῶν
2547 1164 2842 1236 ἐπιδημίας
2862 1160 3268 1234 προαναφωνῶν
3310 1155 3741 1228 κατορθώματα·
3806 1173 3827 1206 σ
3860 1154 3954 1208 Ef-

2357 1260 2498 1324 δετε,
2522 1259 2572 1312 oi.
2597 1254 3028 1327 καταφρονηταὶ,
3061 1253 3155 1305 καὶ⁴
3184 1250 3512 1319 ἐπιϐλέψατε
3536 1288 3550 1311 ,
3606 1250 3702 1301 καὶ
3728 1247 3952 1318 θιςιυμιί⁴

2360 1350 2609 1413 σατε,ὅτι
2634 1348 2796 1419 ἔργον
2824 1345 2935 1414 ἐγὼ
2958 1345 3257 1421 ἐργάζομαι
3283 1344 3339 1395 ὲν
3365 1344 3484 1404 ταῖς
3506 1340 3738 1413 ἡμέραις
3760 1340 3791 1392 ὑ
3801 1338 3948 1407 μῶν,

2357 1441 2385 1494 ὃ
2416 1440 2477 1495 οῦ
2529 1440 2605 1511 μὴ
2663 1438 3027 1509 πιστεύσητε,
3092 1437 3189 1489 ἐάν
3248 1451 3332 1498 τις
3364 1433 3681 1502 ἐκδιηγῆται
3733 1432 3895 1500 ὑμῖν.
3926 1449 3946 1481 ι

2362 1530 2524 1583 Ὅσον
2552 1529 2650 1600 μὲν
2677 1528 2786 1599 γάρ
2815 1529 2941 1598 ἥκει
2995 1528 3073 1591 είς
3120 1525 3315 1593 λόγους
3344 1523 3469 1586 τοὺς
3519 1523 3576 1575 ὲν
3616 1522 3772 1591 ἡμῖν,
3802 1521 3950 1590 ὑπὲρ

2360 1620 2544 1691 θαῦμα
2590 1619 2687 1673 καὶ
2726 1619 2882 1686 λόγον
2919 1618 3014 1671 καὶ
3051 1616 3181 1670 αὐτὸ
3220 1616 3280 1669 τὸ
3326 1615 3426 1682 τῆς
3478 1610 3952 1682 ἐνανθρωπήσεως

2364 1712 2700 1782 μυστήριον·
2761 1709 2912 1763 οὐδέν
2944 1708 3001 1762 δὲ
3034 1703 3197 1778 ἦττον
3245 1705 3339 1760 καὶ
3384 1703 3456 1757 τά
3509 1701 3761 1757 ἐντεῦθεν
3811 1704 3953 1771 ἡμῖν

683 1813 892 1883 liasque
926 1825 979 1870 et
1006 1815 1231 1871 verbera
1251 1854 1267 1881 ,
1294 1825 1349 1869 et
1392 1828 1589 1869 vesana
1630 1813 1938 1868 Judzcorum
1968 1810 2255 1883 opprobria

2361 1800 2705 1872 ἐκϐεϐηκότα
2750 1798 3173 1871 κατορθώματα.
3225 1794 3350 1858 Πῶς
3378 1794 3496 1864 Δγὰρ
3540 1793 3641 1846 οὐκ
3685 1792 3952 1854 ἀπιστίας

680 1907 1006 1973 pertulisse?
1039 1906 1143 1960 Aut
1177 1906 1450 1975 quomodo
1480 1905 1603 1974 quis
1639 1920 1747 1959 non
1781 1917 2124 1973 summopere
2159 1903 2257 1956 ad-

683 1994 913 2048 miretur
950 1996 1115 2065 718
1151 1995 1469 2050 meouomiae
1505 1994 1708 2049 exitum
1732 2033 1747 2058 ,
1787 1993 2002 2062 quando
2042 1994 2254 2047 destru-

680 2094 826 2138 ctum
854 2094 937 2140 est
962 2095 1240 2155 peccatum
1259 2125 1274 2149 ,
1303 2087 1575 2140 destructa
1606 2099 1783 2146 mors,
1817 2084 2099 2153 proﬂigata
2131 2097 2253 2137 cor-

681 2178 892 2248 ruptio,
931 2188 985 2233 et
1026 2178 1188 2232 homo
1240 2178 1368 2233 olim
1427 2177 1685 2245 fugitivus
1738 2177 1909 2245 grnlia
1953 2174 2256 2244 adoptionis

681 2269 915 2325 ﬁliorum
953 2270 1207 2340 deinceps
1247 2270 1547 2325 illustratus
1582 2267 1860 2322 cernitur?
1896 2268 2079 2335 Itaque
2113 2266 2255 2320 dicat

676 2354 928 2416 Christus
970 2370 1191 2430 propter
1232 2360 1347 2415 haec
1388 2360 1497 2429 ipso
1540 2376 1553 2413 :
1608 2376 1626 2409 ι
1675 2358 1731 2411 Si
1775 2356 2109 2424 impossibile
2152 2358 2258 2412 erit

676 2465 861 2505 coram
891 2452 1131 2521 reliquiis
1158 2452 1336 2521 populi
1366 2449 1524 2519 hujus
1552 2449 1606 2504 in
1631 2450 1821 2503 diebus
1848 2450 1975 2514 illis,
2000 2449 2259 2517 numun

617 2540 620 2543 “
678 2548 733 2595 et
774 2556 959 2596 coram
1001 2558 1085 2597 me
1133 2540 1463 2608 impossibile
1509 2539 1649 2594 erit?
1696 2558 1713 2590 ι
1762 2538 1952 2594 Omnia
1996 2538 2141 2592 enim
2187 2539 2258 2591 illi

680 2631 815 2686 levia
851 2644 905 2687 et
941 2633 1097 2703 plana
1133 2640 1259 2686 sunt
1295 2650 1307 2686 :
1344 2640 1398 2686 et
1430 2628 1627 2684 volenti
1686 2628 1962 2699 quidpiam
1997 2628 2258 2681 eximium

682 2722 880 2787 facere,
916 2723 1067 2785 nihil,
1099 2724 1306 2792 opinor,
1340 2723 1638 2775 obnitatur.

2362 1892 2530 1961 ἐγγὺς
2569 1891 2661 1945 τόν
2707 1892 2773 1945 ἐκ
2800 1890 2939 1944 Θεοῦ
2999 1889 3175 1959 φύντα
3215 1889 3389 1957 Λόγον
3444 1886 3711 1956 ἐνωθῆναι
3755 1883 3948 1954 σαρκὶ,

2364 1986 2458 2039 καὶ
2488 1986 2546 2038 ἐν
2565 1987 2632 2055 τῇ
2662 1983 2757 2037 τοῦ
2779 1982 2965 2037 δούλου
2991 1980 3245 2050 γενέσθαι
3293 1981 3497 2051 μορφῇ,
3532 1977 3627 2032 καὶ
3645 1978 3949 2048 ὑπομεῖναι

2364 2076 2616 2148 σταυρὸν,
2650 2075 2837 2146 ὕϐρεις
2861 2091 2919 2128 τε
2944 2074 3041 2127 καὶ
3067 2073 3251 2135 αίκίας
3280 2071 3625 2139 ὑπενεγκεῖν.
3688 2068 3786 2120 καὶ
3848 2066 3951 2135 τῆς

2375 2168 2643 2223 Ἰουδαίων
2699 2165 3026 2238 ἀϐελτηρίας
3061 2165 3163 2227 τάς
3209 2163 3534 2236 παροινίας;
3577 2163 3648 2215 Ἣ
3699 2159 3815 2222 πῶς
3848 2159 3951 2211 οὐκ

2361 2262 2428 2316 ἄν
2452 2278 2541 2325 τις
2565 2261 2977 2332 ὑπεραγάσαιτο
3014 2258 3114 2329 τῆς
3166 2255 3479 2325 οἰκονομίας
3532 2254 3632 2325 τὴν
3683 2251 3947 2313 ἔκϐασιν,

2362 2356 2496 2408 ὅπου
2527 2352 2839 2424 καθῄρηται
2891 2351 2989 2421 μὲν
3022 2352 3055 2421 ἡ
3087 2348 3329 2419 ἁμαρτία
3349 2387 3363 2409 ,
3393 2346 3739 2414 κατήργηται
3767 2341 3827 2394 δὲ
3853 2340 3949 2392 καὶ

2361 2447 2390 2499 ό
2414 2446 2665 2512 θάνατος,
2699 2446 2794 2499 καὶ
2834 2442 3172 2514 ἀπελήλαται
3204 2438 3400 2510 φθορὰ,
3434 2439 3529 2490 καὶ
3553 2438 3581 2489 ὀ
3613 2435 3784 2490 πάλαι
3808 2434 3945 2502 δρα-

2364 2539 2534 2610 πέτης
2568 2538 2855 2609 ἅνθρωπος
2886 2538 2953 2606 τῇ
2986 2534 3086 2604 τῆς
3109 2532 3382 2594 υίοθεσίας
3418 2530 3602 2601 χάριτι
3649 2527 3949 2597 κατηγλαῖ-

2364 2631 2561 2703 σμένος
2600 2630 2794 2700 ὁρᾶται
2842 2628 3066 2693 λοιπόν;
3102 2624 3312 2680 Οὐκοῦν
3338 2624 3545 2691 λεγέτω
3579 2621 3815 2694 Χριστὸς
3853 2619 3951 2671 ἐπί

2375 2739 2427 2791 (ε
2457 2723 2661 2785 τούτοις
2694 2722 2898 2784 αὐτοῖς·
2934 2740 2952 2771 ι
2988 2719 3049 2771 Ei
3071 2718 3395 2788 ἀδυνατήσει
3431 2715 3662 2770 ἐνώπιον
3696 2712 3808 2765 τῶν
3850 2728 3951 2763 κα-

679 2813 948 2867 ταλοίπων
982 2813 1073 2866 τοῦ
1120 2812 1251 2866 λαοῦ
1282 2812 1468 2866 τούτου
1499 2813 1558 2865 ἐν
1588 2814 1707 2876 ταῖς
1737 2811 1970 2883 ἡμέραις
2039 2813 2297 2878 ἐκείναις,
2337 2814 2410 2886 μὴ
2441 2814 2535 2869 καὶ
2565 2812 2793 2867 ἐνώπιόν
2860 2829 2963 2883 μου
3017 2810 3381 2880 ἁδυνατήσει;
3418 2829 3435 2862 ι
3466 2810 3601 2862 Λεία
3625 2808 3733 2878 γὰρ
3767 2806 3951 2860 πάντα

679 2903 829 2972 αὐτῷ
856 2903 949 2956 καὶ
981 2902 1281 2972 ἱππήλατα,
1312 2902 1405 2955 καί
1430 2919 1482 2956 τι
1515 2901 1626 2955 τῶν
1683 2902 1997 2971 ἀναγκαίων
2026 2902 2259 2957 ἐθέλοντι
2292 2905 2611 2976 κατορθοῦν,
2646 2905 2732 2976 εἴη
2769 2904 2856 2970 ἂν,
2893 2900 3070 2973 οἶμαι,
3098 2902 3157 2955 τὸ
3181 2900 3536 2955 ἀντιστατοῦν
3573 2899 3747 2953 οὐδέν.

754 2989 911 3046 Vsus.
946 2990 1001 3057 7,
1034 2990 1087 3046 8.
1123 2989 1253 3045 llwc
1281 2990 1411 3043 dicit
1441 2988 1698 3043 Dominus
1729 2992 2050 3059 omnipotens
2080 3008 2097 3047 :
2131 2990 2256 3047 Ecce

2440 2994 2585 3050 Τάδε
2638 2994 2799 3063 λέγει
2847 2995 3060 3062 Κύριος
3103 2991 3559 3060 παντοκράτωρ’
3618 2990 3773 3046 Ἰδοὺ
3834 2991 3953 3060 ἐγὼ

680 3100 770 3153 ego
804 3084 974 3135 demto
1006 3081 1153 3136 solvo
1182 3082 1429 3151 populum
1466 3098 1635 3136 meum
1670 3083 1735 3136 d‘e
1767 3092 1906 3136 terra
1939 3085 2179 3152 orientis,
2212 3095 2259 3139 et

680 3177 746 3229 de
782 3184 923 3227 terra
961 3173 1264 3237 occidentis,
1302 3184 1350 3227 et
1390 3172 1652 3228 adducam
1690 3189 1798 3240 eos,
1837 3184 1884 3227 et
1926 3173 2170 3229 habitabo
2208 3177 2260 3228 in

678 3269 852 3322 medio
874 3264 1189 3330 Jerusalem,
1215 3271 1265 3319 et
1290 3275 1437 3319 erum
1461 3265 1589 3318 milii
1612 3266 1668 3318 in
1692 3264 1964 3335 populum,
1989 3277 2036 3321 et
2059 3283 2150 3337 ego
2173 3284 2260 3321 ero

680 3360 754 3413 eis
783 3359 837 3412 in
866 3358 1031 3412 Deum
1061 3357 1115 3410 in
1144 3356 1360 3411 ueritate
1383 3365 1429 3410 et
1449 3354 1690 3426 iustitia.

750 3532 907 3589 XLII.
953 3532 1199 3589 Salvavit
1237 3531 1452 3603 quidem
1493 3541 1550 3587 et
1585 3531 1716 3587 olim
1765 3530 1906 3590 Deus
1946 3536 2257 3605 progeniem

678 3624 872 3690 Israel,
906 3623 1047 3679 bello
1080 3624 1353 3695 dispersos
1385 3623 1816 3694 ﬂierosolymam
1835 3640 2189 3695 congregans,
2208 3638 2261 3681 et

679 3716 929 3772 habitans
961 3715 1102 3771 inter
1133 3714 1286 3782 illos,
1320 3715 1446 3770 dum
1482 3715 1744 3787 templum
1775 3717 2013 3772 divinum
2050 3718 2256 3774 instau-

679 3808 824 3873 rari,
871 3823 1086 3864 rursum
1130 3807 1414 3865 sacriﬁciis
1458 3822 1579 3864 sese
1625 3809 1863 3879 placari,
1907 3820 1962 3867 et
2009 3814 2261 3882 precibus

678 3901 813 3967 coli,
835 3910 888 3956 et
913 3900 1069 3956 l'estis
1089 3900 1280 3956 diebus
1304 3899 1527 3970 agendis
1552 3899 1807 3956 honorari
1833 3904 2116 3972 permittit.
2140 3904 2259 3958 Cu:-

680 4005 850 4049 terum
884 3995 1029 4064 quod
1062 3992 1196 4048 dicit
1228 4007 1289 4048 se
1320 4007 1534 4048 rursum
1569 3993 1783 4050 salvare
1814 3994 2068 4066 populum
2102 4010 2258 4051 suum

674 4100 739 4139 ex
770 4083 979 4139 oriente
1005 4093 1061 4141 et
1085 4083 1394 4152 occidente,
1423 4083 1711 4154 quadrabit
1740 4085 1793 4140 in
1824 4085 2256 4152 Emmanuelem,

673 4178 763 4245 qui
794 4186 963 4232 totum
990 4175 1091 4232 sub
1117 4175 1257 4234 caelo
1282 4177 1541 4232 mundum
1567 4178 1802 4243 vocavit,
1827 4194 1949 4234 cum
1976 4194 2075 4249 per
2099 4178 2257 4233 ﬁdem

674 4286 771 4324 ceu
808 4269 1075 4325 verriculo
1110 4285 1141 4324 a
1177 4268 1363 4324 mundi
1405 4268 1604 4325 ﬁnibus
1640 4283 1813 4339 usque
1847 4270 2093 4325 homines
2127 4285 2258 4325 cou-

2361 3083 2641 3144 ἀνασὼζω
2667 3082 2773 3137 τὸν
2804 3083 2957 3137 λαόν
3010 3100 3128 3151 μου
3162 3080 3282 3136 ἀπὸ
3332 3079 3446 3150 γῆς
3478 3079 3815 3144 ἀνατολῶν,
3851 3081 3949 3135 καὶ

2360 3176 2480 3231 ἀπὸ
2518 3176 2631 3245 γῆς
2656 3174 2923 3243 δυσμῶν,
2974 3175 3072 3228 καί
3111 3172 3335 3235 είσὰξω
3360 3170 3603 3236 αὐτοὺς,
3630 3170 3730 3223 καὶ
3773 3188 3951 3224 κατα·

2362 3266 2659 3335 σκηνώσω
2683 3265 2937 3335 ἐνμέσῳ
2980 3263 3401 3333 Ἰερουσαλὴμ,
3448 3260 3548 3314 καὶ
3574 3259 3827 3313 ἔσονταί
3848 3278 3953 3330 μοι

2362 3364 2448 3426 εἰς
2474 3360 2649 3425 λαὸν,
2687 3357 2849 3428 κάγὼ
2880 3358 3093 3429 ἔσομαι
3133 3356 3338 3423 αὐτοῖς
3380 3356 3474 3419 εἰς
3504 3355 3672 3421 Θεὸν,
3698 3353 3769 3406 ἐν
3798 3353 3951 3420 ἀνίης

2363 3454 2491 3519 θείᾳ
2518 3453 2613 3505 καὶ
2642 3451 3021 3519 δικαιοσύνῃ.

2431 3541 2568 3596 MB’.
2600 3541 2819 3593 Σέσωκε
2840 3542 2937 3609 μὲν
2973 3540 3067 3593 καὶ
3103 3539 3272 3593 πάλαι
3295 3538 3428 3603 Θεὸς
3461 3538 3586 3601 τοὺς
3614 3535 3675 3601 ἐξ
3715 3535 3950 3607 αἵματος

2376 3632 2613 3705 Ἰσραὴλ,
2648 3632 3187 3703 κατεσκεδασμένους
3222 3632 3300 3702 τῷ
3342 3630 3566 3702 πολέμῳ
3608 3630 3953 3699 συναγείρων

2361 3727 2444 3789 είς
2492 3725 2865 3796 Ἰεροσόλυμα,
2919 3726 3014 3778 καὶ
3049 3726 3379 3794 κατοικήσας
3429 3724 3486 3775 ἐν
3534 3723 3737 3786 αὐτοῖς,
3770 3721 3953 3799 διάγε

2361 3818 2457 3872 τοῦ
2481 3818 2576 3872 καὶ
2599 3818 2691 3871 τὸν
2710 3818 2853 3873 θεῖον
2882 3819 3094 3890 ἐγεῖραι
3125 3817 3274 3883 ναδν,
3292 3817 3387 3872 καὶ
3415 3818 3628 3887 ἐφεῖναι
3655 3815 3821 3870 πάλιν
3850 3816 3952 3870 αὺο

2362 3911 2475 3972 τοῖς
2508 3910 2628 3973 ταῖς
2657 3909 2799 3963 κατά
2827 3909 2992 3980 νόμον
3046 3908 3263 3971 θυσίαις
3316 3906 3836 3978 καταμειλίσσεσθαί
3893 3923 3954 3959 τε

2365 3998 2461 4053 καὶ
2487 4000 2880 4071 ἀποπεραίνειν
2923 3999 3111 4071 εὐχάς.
3170 4000 3265 4054 καὶ
3318 3999 3676 4069 ἀποπληροῦν
3730 3998 3949 4070 έορτάς.

2365 4088 2512 4159 Πλὴν
2542 4087 2603 4142 τὸ
2635 4088 2940 4153 ἀνασώζειν
2968 4090 3060 4143 τὸν
3111 4088 3242 4142 ίδιον
3290 4089 3455 4159 φάναι
3508 4088 3635 4141 λαὸν
3667 4086 3725 4153 ἐξ
3756 4088 3953 4141 ἀνατο-

2362 4180 2470 4234 λῶν
2502 4182 2598 4234 καὶ
2649 4181 2892 4253 δυσμῶν,
2947 4180 3150 4252 πρέποι
3187 4180 3253 4235 ἂν
3310 4180 3535 4243 εἰκότως
3585 4178 3665 4250 τῷ
3731 4177 3949 4250 Ἐμμαο

2363 4271 2545 4343 νουὴλ,
2577 4272 2636 4336 ὃς
2673 4274 2854 4326 πᾶσαν
2883 4272 3109 4325 ἐκάλεσε
3135 4271 3234 4343 τὴν
3283 4271 3374 4325 ὑπ’
3403 4271 3655 4342 οὐρανὸν,
3688 4270 3954 4341 σαγηνεό·

675 4362 866 4428 clusit,
899 4370 956 4417 et
989 4362 1298 4416 universam
1333 4359 1574 4431 gentium
1609 4360 2007 4416 multitudinem
2045 4362 2098 4415 in
2134 4376 2256 4417 vero

2368 4379 2467 4426 σας
2487 4362 2574 4416 διὰ
2597 4362 2698 4432 τῆς
2724 4364 2961 4426 πίστεως
2992 4363 3117 4425 τοὺς
3147 4361 3212 4415 ἐκ
3252 4361 3507 4433 περάτων
3543 4360 3645 4430 τῆς
3680 4359 3805 4429 γῆς,
3858 4359 3955 4412 καὶ

680 4462 923 4508 sanctam
952 4461 1008 4509 et
1038 4453 1181 4506 fama
1225 4450 1482 4522 inclytam
1511 4452 1809 4517 civitatem,
1839 4467 1961 4521 qua:
1986 4460 2069 4507 cst
2100 4470 2120 4504 r
2159 4453 2256 4508 Ec.

2362 4455 2545 4507 πᾶσαν
2566 4454 2737 4508 ἐθνῶν
2787 4453 2989 4523 ἀγέλην
3048 4450 3477 4522 συναγηγερκὼς
3522 4451 3601 4513 είς
3643 4449 3742 4519 τὴν
3783 4447 3953 4515 ἁγίαν

686 4545 839 4599 »Ιεείο
876 4542 972 4598 Dei
1000 4542 1232 4597 viventis
1254 4543 1318 4608 ",
1358 4561 1376 4595 ο
1411 4552 1466 4598 et
1498 4544 1737 4600 coelestis
1765 4543 2100 4608 Jerusalem,
2131 4559 2256 4598 con-

2361 4544 2579 4616 ἀληθῶς
2605 4546 2698 4599 καὶ
2722 4546 3007 4617 διαϐόητον
3057 4545 3234 4606 πόλιν,
3259 4544 3380 4615 ἥτις
3410 4544 3558 4596 ἐστὶν
3593 4562 3611 4592 «
3647 4539 3953 4609 Ἐκκλησία

676 4636 936 4706 gregavit.
972 4634 1259 4692 Habitasse
1294 4642 1475 4690 autem
1512 4635 1661 4689 illum
1696 4635 1749 4689 in
1784 4635 1962 4690 medio
1992 4634 2108 4704 ejus
2136 4635 2256 4705 quis

2368 4636 2506 4690 Θεοῦ
2542 4637 2764 4701 ζῶντος,
2805 4656 2822 4688 ι
2875 4639 2908 4708 ἡ
2958 4637 3281 4707 ἐπουράνιος
3317 4632 3695 4704 Ἰερουσαλήμ.
3723 4633 3846 4684 ’Ὁτι
3895 4630 3956 4684 δὲ

678 4727 925 4782 dubitet?
948 4726 1147 4783 Factus
1170 4735 1252 4783 est
1274 4726 1541 4797 siquidem
1567 4726 1761 4783 similis
1786 4727 1979 4793 nostri,
2009 4744 2028 4777 ι
2056 4737 2256 4781 etcum

2369 4728 2463 4799 καὶ
2487 4728 2798 4792 ἐσκήνωσεν
2834 4731 2891 4782 ἐν
2953 4729 3103 4799 μέσῳ
3134 4727 3327 4797 αὐτῆς,
3368 4724 3486 4787 πῶς
3523 4724 3672 4776 ἔστιν
3700 4722 3955 4791 ἀμφιϐα-

676 4820 985 4876 hominibus
1009 4828 1361 4877 conversatus
1383 4829 1468 4877 est
1490 4821 1532 4857 ιδ
1566 4839 1585 4873 ι
1618 4820 1670 4876 in
1700 4835 1885 4876 carne.
1912 4820 1968 4874 Id
1995 4820 2136 4888 quod
2163 4833 2256 4889 per

2366 4820 2479 4873 λεῖν
2505 4837 2517 4884 ;
2548 4820 2741 4887 Γέγονε
2772 4821 2879 4891 γὰρ
2917 4821 3037 4873 καθ’
3085 4822 3251 4890 ἡμᾶς,
3309 4836 3327 4869 ι
3356 4819 3450 4872 καὶ
3482 4819 3593 4879 τοῖς
3639 4813 3955 4886 ἀνθρώποις

677 4912 841 4964 alium
873 4910 1190 4981 prophetam
1223 4912 1364 4969 Deus
1394 4911 1797 4982 praenuntiavit,
1830 4927 1849 4962 ι
1879 4908 2122 4974 Conﬁde,
2151 4924 2255 4963 non

2370 4912 2788 4982 συνανεστράφη
2821 4932 2837 4963 ι
2885 4911 3025 4981 μετὰ
3079 4911 3297 4980 σαρκός.
3352 4907 3464 4962 Καὶ
3494 4906 3652 4960 τοῦτο
3703 4906 3837 4975 ἡμῖν
3884 4905 3956 4956 δι’

678 5000 1043 5056 dissolvantur
1067 5015 1261 5057 manus
1292 5009 1414 5056 tum.
1445 5001 1710 5056 Dominus
1744 5000 1884 5054 Deus
1915 5009 2039 5054 tuus
2067 5007 2256 5069 potens

2367 5004 2554 5074 ἑτέρου
2580 5004 2859 5074 προφήτου
2910 5003 3038 5065 Θεὸς
3082 4999 3479 5076 προανεφώνει,
3512 4999 3711 5065 λέγων·
3751 5015 3771 5048 t
3806 4995 3957 5066 Θάρ-

676 5090 728 5145 in
764 5102 816 5144 te
854 5091 1084 5147 salvabit
1114 5100 1198 5159 te,
1231 5092 1465 5147 adducet
1491 5106 1655 5160 super
1698 5100 1751 5146 to
1782 5090 2059 5154 laetitiam,
2090 5098 2146 5144 et
2174 5089 2256 5144 in—

2364 5112 2467 5158 σει,
2504 5095 2661 5160 Σιὼν,
2696 5098 2771 5165 μὴ
2812 5094 3192 5165 παρείσθωσαν
3238 5096 3291 5147 αί
3326 5093 3509 5165 χεῖρές
3540 5110 3655 5146 σου.
3685 5090 3893 5161 Κύριος
3924 5090 3955 5141 ὁ

676 5182 901 5237 novabit
936 5190 987 5238 te
1021 5182 1073 5237 in
1110 5183 1380 5239 cbaritate
1416 5197 1513 5238 sua
1536 5183 1602 5237 ι’.
1648 5200 1667 5233 ι
1708 5182 1849 5249 Quin
1886 5191 1942 5240 et
1977 5183 2256 5240 nobiscum

2363 5187 2495 5250 Θεὸς
2518 5186 2742 5249 δυνατὸς
2789 5188 2846 5239 ἐν
2901 5187 2983 5239 σοὶ
3019 5185 3183 5239 σώσει
3220 5203 3302 5248 σε,
3337 5183 3528 5248 ἐπάξει
3558 5182 3648 5236 ἐπὶ
3673 5181 3733 5235 σὲ
3756 5181 3956 5248 εὖφροσ

672 5284 755 5331 est
788 5291 801 5328 :
838 5289 940 5328 non
977 5276 1118 5330 enim
1155 5274 1373 5345 reliquit
1408 5290 1506 5329 nos
1539 5274 1906 5343 orphanos'“;
1942 5289 2041 5345 pro
2072 5290 2130 5331 se
2162 5290 2256 5330 au-

2366 5278 2555 5349 σύνην,
2589 5279 2682 5333 καὶ
2716 5281 2913 5333 καινιεῖ
2940 5296 2997 5331 σε
3028 5280 3085 5330 ἐν
3112 5280 3178 5349 τῇ
3204 5278 3481 5347 ἀγαπήσει
3519 5272 3743 5328 αὑτοῦ.»
3785 5271 3954 5324 Ἀλλά

673 5376 782 5421 tem
816 5367 961 5421 misit
991 5365 1357 5429 Paracletum,
1390 5374 1443 5420 et
1477 5379 1571 5437 per
1596 5365 1770 5435 ipsum
1801 5366 1953 5423 adest
1983 5366 2254 5439 diligenti-

2367 5367 2460 5423 καὶ
2490 5367 2739 5422 σύνεστιν
2773 5370 2924 5439 ἡμῖν·
2958 5368 3018 5421 οὐ
3048 5369 3155 5437 γὰρ
3185 5368 3399 5435 ἀφῆκεν
3445 5366 3591 5436 ἡμᾶς
3639 5362 3947 5435 ὀρφανοὺς,

674 5454 773 5511 bus
801 5470 888 5520 se,
915 5458 1056 5525 quod
1092 5465 1323 5513 testatur
1348 5455 1452 5511 illis
1477 5455 1661 5514 verbis
1689 5475 1700 5511 :
1736 5476 1753 5511 ι
1787 5457 1924 5515 Ecce
1954 5473 2053 5528 ego
2076 5459 2253 5514 vobis-

2368 5460 2620 5531 πέπομφε
2653 5461 2707 5513 δὲ
2736 5463 2866 5531 ἡμῖν
2900 5460 3015 5514 ἀνθ’
3066 5458 3254 5513 ἑαυτοῦ
3302 5460 3391 5512 τὸν
3447 5455 3823 5528 Παράκλητον,
3854 5453 3966 5506 καὶ·

748 5653 791 5727 ’,ξ
818 5654 1017 5727 Ilabac.
1053 5673 1089 5719 I,
1118 5656 1173 5722 Pi;
1204 5658 1322 5713 Act.
1349 5674 1470 5721 xm,
1493 5658 1580 5712 il.
1663 5658 1706 5689 "
1730 5656 1963 5727 Philipp.
1992 5672 2051 5722 ll,
2087 5655 2138 5721 6,
2170 5658 2219 5711 7.

2371 5657 2531 5715 Hebr.
2571 5674 2666 5727 xtl,
2695 5659 2746 5712 ε.

3413 5657 3453 5686 ¹¹¹
3485 5655 3695 5709 Barucn
3731 5667 3815 5719 Ill,
3845 5653 3941 5708 38.

656 5720 727 5768 ιη
758 5723 995 5796 Sophon.
1031 5743 1111 5795 Ill,
1152 5720 1236 5798 I6,
1281 5727 1364 5782 I7.
1443 5730 1486 5761 ³ο
1527 5727 1682 5783 Joau.
1724 5741 1837 5815 ειν,
1874 5720 1956 5782 i8.

2827 5658 2864 5688 ¹⁷
2902 5658 3313 5719 thItt.t-tt,13.
