4120 6596
585 331 695 390 H9

1586 324 1642 387 ε.
1681 322 1952 389 CYRILLI
1992 330 2467 388 ALEXANDRINI
2505 328 2829 392 ARCHIEP.

3752 325 3865 379 £20

583 450 937 518 iumentorum
975 466 1080 508 non
1112 461 1247 508 erat.
1290 470 1307 503 ι
1352 452 1416 507 Ει
1447 496 1461 517 ,
1498 470 1513 503 σ
1548 452 1878 523 lngredienti
1909 462 1965 509 et
1992 467 2151 525 egre-

2267 454 2453 525 φησὶν,
2483 454 2511 507 6
2538 451 2733 525 μισθὸς
2789 449 2897 504 τῶν
2948 448 3251 517 ἀνθρώπων
3300 443 3399 497 οὐκ
3426 441 3495 515 ἦν
3535 442 3615 505 εἰς
3637 440 3858 512 ὄνησιν,

585 543 748 611 dit-iui
846 558 953 598 non
1032 552 1149 599 erat
1196 559 1318 614 pax.
1362 563 1380 596 ι
1416 545 1507 599 Est
1564 554 1744 599 autem
1807 545 1963 601 valde
2033 560 2162 600 con-

580 646 836 687 tentanea
949 636 1160 699 oratio,
1226 635 1377 703 cujus
1456 636 1740 691 veritatem
1824 636 2161 693 narrationis

580 716 876 778 mirtoritas
910 727 1214 784 confirmat.
1236 714 1365 781 Tale
1386 728 1530 782 enim
1551 727 1803 796 quiddam
1837 728 2152 797 signiﬁcare

578 818 711 869 ‘ltii.
777 816 1055 871 Venerunt
1113 818 1383 888 Babylone
1434 820 1485 873 in
1543 827 1786 874 sanctam
1876 820 2157 873 civitatem

577 907 844 969 Mucium,
864 910 955 962 sed
986 909 1036 961 in
1058 908 1173 964 loco
1200 919 1439 964 nouerat
1461 911 1540 964 eis
1565 910 1945 975 sanctiﬁcatio,
1965 909 2161 978 templo

575 1001 781 1059 pridem
809 1001 988 1054 diruto
1018 1020 1030 1054 :
1064 1008 1167 1053 non
1202 1012 1316 1054 crat
1340 1002 1665 1056 sacriﬁcium
1692 1014 1747 1056 et
1767 1001 1971 1066 libatio,
2004 1001 2161 1057 altari

573 1110 580 1130 ι
612 1102 782 1141 verso.
816 1087 1015 1141 Deinde
1064 1089 1308 1143 hortatus
1339 1100 1420 1144 est
1452 1105 1545 1143 eos
1599 1092 1975 1145 universorum
2021 1090 2163 1145 Deus

573 1189 629 1227 ut
664 1188 787 1231 ante
816 1180 993 1232 omnia
1026 1181 1152 1248 ipsis
1178 1191 1283 1233 tam
1311 1181 1736 1236 necessariorum
1764 1196 1951 1235 curam
1974 1180 2164 1250 preci-‘-

575 1282 733 1334 puam
767 1280 1036 1338 gererent,
1057 1272 1420 1342 templumque
1438 1273 1502 1326 de
1520 1273 1731 1339 integro
1758 1279 2160 1338 construerent,

506 1391 515 1400 ι
572 1360 922 1428 divinumque
984 1363 1043 1416 inf
1105 1376 1171 1416 eo
1242 1364 1414 1417 altare
1470 1378 1658 1417 rursus
1734 1362 2030 1433 erigerent,
2090 1372 2150 1417 ut

571 1452 775 1519 legibus
791 1453 1029 1507 instituta
1046 1456 1422 1511 decentissime
1435 1466 1776 1525 peragere,et
1789 1456 2161 1512 universorum

575 1542 744 1596 Deum
803 1546 1094 1600 conciliare
1124 1560 1365 1618 possent.
1418 1543 1517 1602 Ast
1540 1548 1615 1602 illi
1658 1550 1826 1605 variis
1869 1550 1935 1605 de
1982 1551 2165 1605 causis

572 1631 896 1689 (lilii-rebant
922 1676 937 1702 ,
962 1653 1105 1692 nunc
1146 1641 1387 1708 pecuniae
1421 1641 1685 1708 ﬁngentes
1710 1640 1973 1709 inOpiam,
2018 1656 2165 1697 nunc

570 1725 837 1811 azditlcare
893 1730 1294 1796 prohibentium
1337 1731 1752 1800 perversitatem
1783 1740 2162 1800 praztexentes.

2268 546 2363 600 καὶ
2404 547 2432 600 6
2464 545 2653 616 μισθὸς
2676 543 2786 596 τῶν
2820 540 3035 613 κτηνῶν
3063 539 3161 609 οὐχ
3194 538 3429 608 ὑπῆρχε.
3465 554 3483 586 ι
3515 534 3625 589 Καὶ
3666 533 3857 599 πάλιν,

2270 654 2289 687 ι
2316 634 2405 705 Τῷ
2442 631 2863 704 ἐκπορευομένῳ
2894 630 2991 683 καὶ⁸
3033 628 3113 699 τῷ
3159 626 3598 698 εἰσπορευομένῳ
3643 625 3750 678 οὐκ
3783 620 3860 695 ἦν

2264 728 2477 799 εἰρήνη.
2518 746 2538 778 ι
2578 726 2730 796 Ἔχει
2752 724 2808 778 δὲ
2860 723 2964 777 καίξ
2983 720 3187 792 σφόδρα
3219 716 3281 771 τὸ
3306 714 3452 781 εἰκὸς
3477 717 3506 769 6
3537 715 3720 785 λόγος,
3753 715 3860 768 καὶ

2264 820 2325 873 τὸ
2357 818 2554 890 ἀληθὲς
2581 819 2639 871 ὲν
2694 809 2902 879 τούτοις
2934 813 3231 886 παρίστησι
3269 810 3380 864 τῶν
3427 804 3786 879 διηγημάτων
3820 807 3856 876 η

2263 900 2511 982 δύναμις.
2553 904 2810 961 Βούλεται
2844 906 2951 977 γάρ
2978 922 3030 958 τι
3051 902 3290 961 τοιοῦτον
3328 898 3646 971 ὑποδηλοῦν.
3670 892 3857 952 Ἧκον

2268 1004 2365 1073 μὲν
2409 1001 2519 1073 γὰρ
2569 1002 2633 1054 ἐκ
2680 996 3001 1060 Βαόυλῶνος
3032 997 3112 1057 εἰς
3148 994 3247 1066 τὴν
3302 993 3464 1063 ἀγίαν
3522 991 3676 1045 πόλιν
3709 993 3761 1044 οἰ
3790 988 3855 1053 ἐξ

2278 1090 2516 1163 Ἰσραήλ·
2544 1088 2658 1143 ἀλλ’
2690 1089 2791 1141 οὐκ
2820 1082 2888 1158 ἦν
2920 1086 3103 1148 αὐτοῖς
3150 1083 3399 1153 ἀγίασμα
3428 1079 3505 1151 τῷ
3528 1080 3701 1149 τόπῳ,
3748 1094 3854 1131 κα-

2263 1181 2694 1253 τασεσεισμένον
2739 1177 2834 1233 τοῦ
2882 1176 3049 1232 πάλαι
3079 1174 3209 1230 ναοῦ
3236 1192 3250 1207 ·
3282 1174 3382 1227 οὐκ
3422 1167 3491 1244 ἦν
3538 1170 3699 1225 θυσία
3755 1168 3855 1222 καί¹

2267 1266 2490 1343 σπονδὴ,
2522 1272 2597 1342 μὴ
2638 1268 2872 1333 ἑστῶτος
2900 1265 3311 1338 θυσιαστηρίου.
3336 1261 3470 1318 Εἶτα
3503 1261 3853 1333 προῦτρεπεν

2263 1366 2292 1418 6
2353 1364 2463 1418 τῶν
2515 1364 2653 1419 ὅλων
2714 1362 2871 1426 Θεὸς,
2903 1361 3010 1415 τῶν
3053 1359 3230 1423 οὕτως
3279 1358 3462 1422 αὐτοῖς
3529 1353 3851 1423 ἀναγκαῐων

2265 1453 2735 1525 προύργιαιτάτην
2793 1449 2982 1503 θέσθαι
3015 1447 3295 1520 φροντίδα,
3324 1446 3419 1500 καὶ
3449 1442 3851 1514 ἀναδείμασθαι

2268 1544 2370 1617 μὲν
2395 1544 2487 1598 τὸν
2519 1544 2667 1608 ναὸν,
2711 1541 3018 1613 ἀνορθῶσαι
3065 1538 3122 1592 δὲ
3160 1537 3255 1592 καὶ
3294 1537 3355 1590 τὸ
3416 1535 3557 1589 θεῖον
3590 1536 3648 1587 ὲν
3696 1533 3852 1601 αὐτῷ

2267 1636 2672 1706 θυσιαστήριον,
2702 1634 2777 1697 ὡς
2801 1634 2867 1687 ἂν
2890 1632 3066 1702 ἔχοιεν
3095 1628 3485 1701 ἀποπεραίνειν
3513 1622 3572 1680 εὖ
3604 1626 3753 1695 μάλα
3782 1626 3853 1677 τὰ

2268 1726 2648 1799 νενομισμένα,
2704 1726 2797 1779 καὶ
2832 1720 3349 1795 καταμειλίσσεσθαι
3411 1718 3504 1772 τὸν
3555 1717 3665 1770 τῶν
3708 1716 3856 1770 ὅλων

571 1807 787 1869 Etcum
824 1818 1043 1887 inSuper
1074 1820 1238 1875 Deum
1291 1818 1642 1887 offenderent,
1695 1822 1900 1878 crebris
1945 1833 2002 1878 et
2059 1824 2160 1878 alia

2263 1818 2417 1872 Θεόν.
2439 1818 2503 1871 0i
2526 1816 2581 1870 δὲ
2607 1815 2865 1879 ποικίλως
2889 1809 3372 1882 διανεῦάλ[λ]οντο,
3401 1808 3535 1861 ποτὲ
3567 1807 3666 1879 μὲν
3704 1823 3855 1876 χρηο

572 1914 693 1973 post
730 1905 888 1959 aliam
910 1908 1079 1976 plagis
1105 1909 1460 1978 feriebantur,
1480 1908 1887 1979 sterilitatibus,
1914 1913 2163 1983 inquam,

570 1994 697 2049 caeli
792 1999 1257 2067 corruptiouibus,
1346 2015 1400 2057 et
1475 2007 1772 2063 vicinorum
1841 2006 2160 2076 populorum

576 2083 1031 2152 impressionibus
1108 2099 1160 2144 et
1237 2091 1660 2150 incursionibus.
1723 2096 1978 2151 Criminis
2067 2110 2164 2147 θυι

573 2183 680 2228 tem
710 2175 1224 2235 loconniversorum
1265 2182 1405 2238 Deus
1434 2184 1540 2239 illis
1586 2186 1834 2241 inertiam
1859 2187 2066 2255 objicit,
2090 2188 2163 2239 ita

571 2276 667 2332 per
715 2268 1031 2336 prophetam
1091 2271 1346 2340 Aggzeum
1410 2272 1673 2342 loquens:
1721 2295 1741 2328 ι
1779 2277 2017 2347 Populus
2076 2280 2164 2334 hic

572 2352 702 2407 dicit
735 2370 748 2406 :
780 2353 894 2409 Non
932 2360 1078 2412 venit
1112 2369 1324 2429 tempus
1348 2363 1649 2418 aediﬁcandi
1680 2366 1897 2420 domum
1930 2367 2160 2423 Domini.

571 2439 626 2493 Si
683 2451 891 2511 tempus
944 2447 1159 2512 quidem
1214 2448 1365 2504 vobis
1409 2461 1492 2505 est
1534 2452 1783 2509 habitare
1808 2455 1860 2507 in
1915 2455 2164 2510 domibus

569 2534 842 2596 cuneavis,
877 2534 1071 2588 domus
1102 2547 1284 2591 autem
1315 2539 1531 2592 Domini
1579 2540 1681 2594 ista
1734 2554 1842 2595 non
1897 2544 2161 2598 ardilicata

568 2626 652 2673 est
678 2623 775 2675 ⁸⁸.»
805 2624 936 2677 Cum
970 2627 1134 2689 enim,
1166 2638 1223 2681 ut
1250 2629 1381 2695 dixi,
1405 2633 1455 2683 ln
1487 2631 1790 2685 socordiam
1814 2641 1867 2684 et
1891 2633 2166 2702 negligen-

575 2710 705 2764 tiam
753 2715 984 2769 maxime
1024 2719 1441 2774 couducibilium
1486 2722 1935 2791 praecipitassent,
1960 2724 2164 2779 Crebris

570 2802 903 2869 cgestatibus
927 2818 977 2859 et
996 2806 1147 2861 bellis
1184 2822 1213 2860 a
1247 2809 1438 2864 vicinis
1463 2810 1846 2866 multahantur.
1876 2812 2163 2883 Postquam

570 2901 747 2944 autem
781 2896 1033 2963 templum
1090 2898 1503 2966 reuedil'icaruul,
1567 2902 1826 2972 supplicia
1873 2904 2163 2967 desierunt,

571 2994 626 3038 et
678 2989 1035 3057 suppetebant
1090 2989 1191 3044 illis
1251 2990 1455 3056 omnia,
1511 2992 1904 3063 utebanturque
2008 2997 2165 3049 rebus

2268 1908 2454 1978 μάτων
2490 1906 2851 1976 πλαττόμενοι
2875 1904 3091 1968 σπάνιν,
3130 1901 3259 1955 ποτὲ
3295 1900 3354 1954 δὲ
3384 1900 3494 1953 τῶν
3526 1897 3854 1952 κωλυόντων

2262 1997 2567 2067 οἰκοδομεῖν
2608 1994 2938 2066 δυστροπίας
2985 1988 3472 2064 προφασιζόμενοι.
3513 1984 3646 2042 Εἶτα
3674 2003 3853 2057 προσ·

2264 2088 2552 2161 κρούοντες
2582 2086 2717 2160 πρὸς
2760 2088 2917 2141 τοῦτο
2953 2084 3091 2157 Θεῷ,
3148 2086 3369 2155 συχναῖς
3420 2081 3515 2135 καὶ⁸
3577 2079 3854 2133 ἀλλεπαλ-

2264 2181 2443 2252 λήλοις
2474 2178 2722 2233 ἐπαίοντο
2772 2178 3027 2247 πληγαῖς,
3075 2176 3376 2247 ἀκαρπίαις
3432 2174 3496 2243 δὴ
3534 2171 3700 2240 λέγω,
3748 2170 3851 2223 καὶ

2265 2268 2707 2340 ἀνεμοφθορίαις,
2748 2268 2842 2321 καὶ
2885 2266 2994 2320 τῶν
3032 2266 3250 2337 ὁμόρων
3278 2263 3445 2317 ὲθνῶν
3478 2262 3686 2331 ἐφόδοις
3748 2259 3851 2313 καὶ

2265 2360 2653 2431 καταδρομαῖς.
2710 2352 3019 2427 Ἑπίκλημα
3054 2355 3110 2408 δὲ
3155 2354 3335 2415 αὐτοῖς
3398 2351 3635 2404 ἐποιεῖτο
3666 2349 3697 2400 6
3734 2345 3849 2398 τῶν

2263 2450 2398 2503 ὅλων
2426 2448 2559 2511 Θεὸς
2586 2448 2647 2500 τὸ
2672 2446 2930 2517 ῥᾴθυμον,
2979 2443 3123 2496 οὕτω
3152 2441 3327 2511 λέγων
3375 2432 3462 2492 διά
3491 2435 3675 2506 φωνῆς
3718 2434 3840 2500 ’Δγο

2265 2541 2419 2607 γαίου
2442 2539 2532 2591 τοῦ
2556 2540 2853 2608 προφήτου·
2898 2554 2915 2586 ι
2957 2536 3014 2588 ὐ
3052 2533 3182 2595 λαὸς
3231 2525 3385 2595 οὗτος
3426 2529 3695 2597 λέγουσιν·
3728 2517 3846 2594 Οὐχ

2264 2634 2391 2702 ἥκει
2431 2634 2458 2685 6
2495 2630 2684 2701 καιρὸς
2734 2628 2829 2682 τοῦ
2875 2626 3229 2696 οἰκοδομῆσαι
3266 2623 3358 2677 τὸν
3410 2616 3557 2675 οἷκον
3605 2616 3841 2687 Κυρίου.

2266 2725 2327 2776 Εἰ
2354 2722 2543 2792 καιρὸς
2574 2720 2671 2791 μὲν
2698 2721 2827 2789 ὑμῖν
2863 2720 2978 2772 ἐστι
3011 2716 3106 2770 τοῦ
3162 2716 3329 2769 οἰκεῖν
3359 2714 3417 2765 ὲν
3469 2710 3641 2772 οἴκοις
3668 2704 3846 2761 mdo.

2268 2814 2561 2882 στάθμοις,
2620 2814 2649 2865 6
2690 2811 2745 2863 δὲ
2802 2806 2947 2873 οἶκος
3013 2809 3202 2879 Κυρίῳ
3253 2798 3355 2860 οὔκ
3411 2795 3777 2875 ᾠκοδόμηται.
3814 2810 3841 2848 ε

2280 2902 2759 2967 Ἀναπεπτωκότες
2789 2905 2920 2974 γὰρ,
2955 2903 3030 2966 ὡς
3082 2902 3240 2973 ἔφην,
3273 2901 3350 2963 εἰς
3385 2894 3680 2970 ῥᾳθυμίας,
3719 2891 3853 2953 ταῖς

2267 2998 2372 3051 τῶν
2412 2995 2720 3064 ἀναγκαίων
2755 2993 2982 3057 ἐνδείαις
3045 2990 3404 3047 κατεπαίοντο
3451 2983 3693 3056 συνεχῶς
3748 2983 3842 3064 καὶ

572 3081 996 3136 secundissimis.
1054 3079 1259 3137 ideirco
1285 3084 1361 3139 ait
1394 3102 1408 3138 :
1442 3100 1463 3136 ‹
1497 3084 1637 3140 Ante
1663 3085 1778 3141 dies
1820 3061 1981 3153 istos,-
2018 3105 2035 3138 ι
2066 3089 2161 3141 hoc

2269 3061 2657 3156 πολέμοις-τοῖς
2678 3085 2932 3153 γείτοσιν.
2978 3081 3195 3151 Ἐπειδὴ
3224 3080 3279 3133 δὲ
3319 3074 3724 3147 ἀντγηγέρκασι
3752 3061 3843 3123 τὸν

572 3183 673 3235 est.
693 3172 999 3240 priusquam
1023 3173 1610 3245 erigereturtemplum,
1631 3192 1651 3226 ι
1670 3190 1877 3231 merces
1890 3176 2161 3231 hominum

2269 3178 2415 3243 ναὸν,
2451 3178 2730 3230 πέπαυται
2758 3176 2825 3229 τά
2848 3174 2906 3239 ἐξ
2931 3173 3121 3246 ὀργῆς,
3174 3172 3352 3226 πάντα
3384 3169 3442 3222 δὲ
3489 3163 3558 3238 ἦν
3587 3164 3707 3227 ἃλις
3741 3161 3841 3215 αὑ·-

575 3277 678 3316 nnu
701 3272 815 3313 erat
836 3264 899 3314 ad
926 3261 1155 3329 lucrum,
1173 3274 1225 3318 et
1248 3264 1837 3334 mcrccsjumentorum
1860 3281 1963 3321 non
1989 3276 2122 3341 erat.
2140 3287 2158 3319 ι

2264 3272 2393 3332 τοῖς,
2449 3271 2542 3322 καὶ
2590 3267 2724 3321 πολὺ
2766 3270 2865 3337 τῆς
2909 3266 3209 3336 εὐημερίας
3276 3262 3569 3333 παρέκειτο
3616 3255 3836 3316 πλάτος.

572 3342 841 3423 lgricolze
890 3355 1032 3407 enim
1063 3355 1181 3410 sine
1212 3357 1481 3422 mercede.
1511 3365 1564 3412 et
1592 3357 1752 3413 nullis
1778 3357 1934 3427 plane
1980 3359 2165 3412 fructi-

574 3435 675 3494 bus
727 3441 993 3507 collectis,
1045 3458 1166 3497 cum
1207 3442 1380 3500 bobus
1422 3460 1528 3501 una
1592 3446 1877 3503 delassatis
1927 3449 1994 3503 ab
2036 3465 2166 3519 agro

574 3529 942 3585 discedebant.
998 3548 1021 3582 ς
1053 3532 1161 3587 Sed
1202 3548 1374 3603 neque
1403 3535 1829 3606 ingredientibus
1870 3549 1962 3594 aut
2010 3556 2166 3611 egre-

576 3616 848 3675 dientibus
877 3637 977 3692 pax
1004 3632 1141 3679 erat.
1177 3642 1197 3676 ι
1227 3623 1594 3696 lngredientes
1636 3639 1692 3683 et
1734 3630 2071 3699 egredientes
2094 3635 2160 3689 de

578 3712 711 3767 urbe
755 3712 805 3766 in
851 3714 1039 3769 urbem
1074 3716 1383 3785 aliquando,
1416 3728 1510 3774 aut
1543 3729 1860 3777 mercaturae
1884 3722 2159 3788 faciendae,

578 3811 670 3884 aut
736 3805 871 3858 alius
924 3807 1123 3876 negOtii
1192 3822 1353 3864 causa
1415 3810 1817 3879 proﬁciscentes
1876 3817 2145 3870 nominat.

577 3884 763 3961 Itaque
794 3910 891 3951 nec
913 3896 1018 3951 illis
1048 3914 1170 3967 pax,
1202 3900 1396 3969 inquit,
1428 3916 1458 3954 a
1503 3901 1745 3956 ﬁnitimis
1800 3906 2011 3975 populis
2071 3909 2165 3976 qui

578 3985 861 4051 vexabant,
883 3998 939 4042 ut
954 3989 1336 4055 dixi,lsrael,et
1357 3991 1580 4061 quilibet
1596 3997 2052 4065 consanguineum
2070 4011 2161 4050 seu

579 4075 797 4130 t‘ratrem
825 4093 919 4133 seu
946 4080 1181 4135 vicinum
1207 4089 1262 4136 ut
1286 4080 1494 4136 hostem
1514 4083 1796 4152 capitalem
1831 4086 2161 4147 intuebatur.-

2265 3360 2448 3431 Ταύτῃ
2487 3378 2568 3413 τοι
2598 3360 2749 3431 φησί·
2786 3378 2803 3411 ι
2837 3358 2951 3429 Πρὸ
2981 3357 3090 3411 τῶν
3119 3355 3343 3429 ἡμερῶν
3383 3351 3609 3414 τούτων,
3636 3367 3655 3400 ι
3687 3363 3842 3399 τουτ-

2268 3452 2549 3523 έστιςπρὶν
2576 3451 2874 3520 ἀναστῆναι
2904 3449 2993 3503 τὸν
3025 3449 3172 3510 ναὸν,
3197 3468 3215 3501 ι
3234 3449 3262 3501 6
3280 3444 3468 3517 μισθὸς
3494 3441 3604 3495 τῶν
3629 3434 3841 3508 ἀνθρὼο

2267 3558 2384 3597 πων
2410 3543 2508 3596 οὐκ
2542 3538 2609 3612 ἦν
2641 3543 2718 3604 εἰς
2742 3541 2948 3611 δνησιν,
2982 3541 3076 3593 καὶ
3103 3541 3132 3593 6
3162 3536 3348 3608 μισθὸς
3373 3534 3480 3587 τῶν
3506 3528 3721 3602 κτηνῶν
3742 3526 3843 3595 οὐχ

2267 3635 2533 3706 ὑπῆρχεν.
2561 3654 2578 3687 ι
2626 3632 2882 3704 Ἀμισθοι
2915 3631 3023 3703 γὰρ
3054 3632 3104 3684 οι
3128 3629 3380 3699 τηε-φόνοι,
3412 3626 3505 3679 καὶ
3528 3619 3682 3677 οὐδὲν
3705 3618 3843 3679 ὅλως

2267 3726 2761 3799 συναγηγερκότες,
2810 3724 2945 3795 ὁμοῦ
3000 3725 3114 3786 τοῖς
3175 3716 3589 3789 συγκεκμηκόσι
3658 3710 3844 3783 βουσὶν

2264 3822 2664 3892 ἀπηλλάττοντο
2694 3818 2804 3871 τῶν
2831 3815 3039 3888 ἀγρῶν.
3063 3833 3081 3866 ι
3105 3802 3245 3866 um”
3272 3811 3392 3865 οὐδὲ
3416 3810 3525 3872 τοῖς
3546 3809 3846 3874 ἐκπορευο-

2266 3910 2506 3979 μένοιςῆ
2550 3911 2662 3972 τοῖς
2702 3905 3178 3977 εἰσπορευομένοις
3230 3898 3299 3973 ἦν
3328 3901 3541 3973 εἰρήνη.
3590 3916 3607 3949 ι
3642 3897 3847 3948 Εἰσπο-

2265 4002 2591 4072 ρευομένους
2620 4000 2678 4053 δὲ
2715 4000 2809 4053 καὶ
2864 3996 3332 4069 ὲκπορευομέ·.τ›υς
3364 3994 3491 4054 τοὺς
3533 3991 3597 4043 ὲκ
3629 3986 3845 4048 πόλεως

2263 4093 2343 4154 εἰς
2395 4092 2548 4145 πόλιν
2604 4091 2781 4154 ἰόντας
2828 4090 2938 4144 ἐᾶθ’
2967 4091 3055 4143 ὅτε
3112 4087 3299 4159 φησὶν,
3358 4083 3392 4155 ἢ
3433 4083 3493 4136 τὸ
3537 4076 3845 4150 ἐμπορικὸν

577 4167 797 4237 ἔχοντας
815 4170 1363 4243 ὲπιτήδευμα,ἧγουν
1381 4174 1474 4228 καὶ
1494 4175 1695 4245 ἐτέρων
1718 4176 1883 4230 ἕνεκα
1919 4180 2284 4249 πραγμάτων.
2325 4183 2534 4238 Οὐκοῦν
2601 4182 2723 4236 οὐδὲ
2794 4182 3025 4245 ἐκείνοις
3068 4180 3294 4251 εἰρήνη,
3363 4176 3517 4245 φησι,
3587 4173 3696 4225 τῶν
3739 4172 3848 4238 ὁμο

575 4260 715 4329 όρων
768 4261 938 4315 ἐθνῶν
974 4261 1443 4335 ὲκλελυπηκότων,
1486 4266 1561 4330 ὡς
1607 4268 1775 4337 ἔφην,
1824 4269 1905 4323 ἔτι
1953 4272 2043 4323 τὸν
2086 4273 2320 4346 Ἰσραὴλ,
2390 4281 2481 4330 καὶ
2515 4277 2745 4330 ἑκάστου
2776 4275 3065 4345 βλέποντος
3129 4272 3204 4336 ὡς
3251 4272 3346 4324 ἕνα
3382 4268 3487 4323 τῶν
3543 4267 3625 4319 ὅτι
3677 4262 3843 4334 μάλι-

578 4357 678 4406 στα
730 4354 939 4426 ἐχθρῶν
977 4356 1068 4407 τὸν
1096 4356 1263 4425 ἐγγὺς
1301 4356 1358 4424 ἐξ
1386 4359 1638 4428 αἵματος,
1679 4360 1712 4430 ἦ
1745 4361 1838 4413 καὶ
1885 4361 2145 4431 ἀδελφὸν,
2186 4368 2216 4437 ἢ
2251 4371 2343 4421 καὶ
2381 4369 2619 4437 γείτονα.

648 4448 939 4502 Sciendum
978 4464 1125 4513 vero,
1158 4450 1467 4520 priusquam
1500 4452 1732 4507 hominis
1780 4461 2028 4508 naturam
2057 4456 2149 4509 Dei
2187 4474 2227 4527 υ

575 4540 746 4593 Filius
774 4542 1092 4608 susciperet,
1130 4552 1183 4596 et
1212 4543 1453 4598 Ecclesia
1486 4545 1925 4612 constitueretur,
1959 4546 2160 4602 nullam

580 4630 744 4683 fuisse
768 4632 1069 4686 mercedem
1111 4632 1437 4698 hominibus,
1496 4648 1666 4704 neque
1690 4636 2155 4707 721jumentis.

577 4720 708 4774 Nam
733 4722 782 4774 in
805 4722 905 4776 bac
926 4722 1028 4776 vita
1054 4720 1258 4777 ratione
1280 4724 1621 4791 excellentes,
1651 4737 1704 4781 et
1726 4730 2023 4796 prudentia:
2040 4732 2155 4802 opi-

577 4812 734 4865 uioue
752 4812 1067 4882 insignes,et
1083 4814 1175 4883 qui
1196 4816 1441 4869 homines
1463 4819 1731 4872 numerari
1748 4822 2160 4888 possent,infru-

574 4920 817 4959 tutuosmn
852 4917 903 4959 et
929 4907 1167 4962 inutilem
1183 4920 1410 4979 operam
1428 4910 1481 4964 in
1503 4910 1776 4981 discipulis
1803 4917 2156 4985 ponebant,et

525 4998 530 5002 ’
576 5008 750 5064 neque
799 4997 1071 5068 singulare
1146 5002 1417 5069 qdippiam
1470 5000 1663 5056 litteris
1720 5004 2150 5074 consignabant,

580 5096 755 5154 neque
784 5087 903 5141 aliis
929 5099 1023 5142 aut
1046 5090 1413 5159 intelligendo,
1448 5106 1537 5145 aut
1595 5094 1861 5164 loquendo
1892 5097 2150 5165 prodesse

579 5189 841 5247 poterant.
903 5182 1163 5237 Similiter
1212 5184 1303 5253 qui
1349 5186 1548 5254 Vulgari
1596 5197 1648 5241 ct
1684 5191 1946 5258 pecudum
2009 5203 2158 5244 more

577 5269 742 5323 vitam
795 5271 1081 5335 ducebant,
1158 5276 1362 5342 absque
1420 5278 1663 5333 mercede
1735 5279 2154 5347 permanebam:

580 5361 871 5428 nequibant
891 5362 1031 5414 enim
1059 5364 1350 5432 quidquam
1379 5364 1486 5422 Deo
1513 5371 1794 5438 probatum
1848 5385 2025 5441 agere.
2052 5369 2156 5426 Sed

581 5466 755 5519 neque
777 5462 888 5505 erat
919 5455 1141 5508 omnino
1169 5470 1267 5524 pax
1318 5457 1371 5511 in
1427 5469 1587 5525 terra,
1649 5478 1808 5533 grege
1856 5465 2154 5519 daemonum

579 5543 755 5596 omnia
787 5544 1140 5612 permiscente
1183 5556 1235 5601 et
1262 5551 1518 5605 mundum
1550 5554 1778 5609 tu‘nmltu
1807 5556 2157 5627 implenlewt

651 5720 689 5751 "'
726 5720 858 5791 Agg.
895 5738 931 5786 ι,
961 5724 1012 5787 5,
1054 5725 1108 5777 4.

2342 4462 2536 4516 Ἰστέον
2569 4461 2647 4526 δὲ,
2684 4461 2766 4513 ὅτι
2810 4459 2940 4531 πρὶν
2993 4454 3411 4527 ὲνανθρωπῆσαι
3454 4454 3545 4508 τὸν
3592 4453 3843 4521 Μονογε-

2262 4550 2359 4620 νῆ,
2409 4550 2504 4605 καὶ
2565 4548 2951 4620 ἀναδειχθῆναι
3007 4546 3106 4616 τὴν
3159 4545 3510 4615 Ἐκκλησίαν,
3564 4545 3741 4608 οὐδεὶς
3772 4540 3845 4613 ἦν

2260 4645 2373 4707 τοῖς
2403 4640 2711 4714 ἀνθρώποις
2735 4640 2947 4711 μισθὸς,
2979 4637 3104 4692 οὔτε
3147 4637 3252 4708 μὴν
3286 4638 3398 4699 τοῖς
3453 4637 3730 4707 κτήνεσιν.
3774 4636 3846 4689 Οἶ

2258 4751 2318 4789 τε
2350 4734 2459 4807 γάρ
2494 4734 2553 4787 ὲν
2586 4732 2725 4803 τῷδε
2758 4730 2837 4801 τῷ
2877 4730 2978 4801 βίῳ
3021 4727 3394 4801 λογικώτεροι.
3436 4730 3530 4782 καὶ
3571 4726 3840 4789 συνέσεως

2256 4827 2473 4899 ἔχοντες
2506 4826 2683 4891 δόξαν,
2726 4824 2775 4878 οἳ
2831 4823 2895 4894 δὴ
2942 4823 3038 4877 καί¹
3086 4821 3362 4892 ἄνθρωποι
3396 4819 3699 4889 νομισθείεν
3749 4817 3835 4880 ἂν,

2254 4916 2462 4988 ἀκερδῆ
2496 4916 2590 4969 καὶ
2611 4914 2884 4985 ἄχρηστον
2913 4912 3012 4983 τὴν
3050 4915 3109 4965 ὲν
3146 4913 3261 4974 τοῖς
3292 4911 3472 4979 λόγοις
3496 4905 3639 4979 εἰχον
3668 4924 3834 4960 σπου-

2252 5008 2369 5080 δὴν,
2423 5006 2547 5060 οὔτε
2594 5002 2999 5075 συγγράφοντες
3034 5019 3087 5055 τι
3149 5001 3256 5055 τῶν
3313 4999 3646 5068 ἀναγκαίων.
3709 4997 3835 5051 οὔτε

2257 5099 2363 5171 μὴν
2399 5100 2541 5151 νοεῖν
2591 5096 2623 5166 ἢ
2665 5095 2847 5150 λαλεῖν
2904 5093 3117 5165 ἑτέροις
3165 5092 3473 5163 δυνάμενοι.
3521 5090 3751 5161 Ὁμοίως
3780 5091 3836 5143 δὲ

2257 5192 2373 5251 καὶ,
2411 5190 2461 5243 οἰ
2505 5186 2596 5241 τόν
2654 5186 2908 5255 ἀγελαῖον
2935 5184 3031 5239 καὶ
3079 5182 3323 5255 κτηνώδη
3381 5183 3660 5254 τρίδοντες
3721 5182 3841 5252 βίον

2256 5278 2479 5349 ἄμισθοι
2534 5276 2820 5330 διετέλουν·
2858 5276 2919 5329 οὐ
2965 5276 3075 5345 γάρ
3125 5271 3192 5345 ἦν
3235 5273 3569 5345 ἐργάσασθαί
3628 5290 3680 5326 τι
3724 5272 3839 5325 τῶν

2255 5369 2663 5440 ἐπαινουμένων
2688 5367 2837 5441 παρά
2864 5367 3003 5438 Θεῷ.
3052 5367 3192 5420 Ἀλλ’
3221 5367 3343 5420 οὐδὲ
3364 5362 3431 5436 ἦν
3452 5365 3587 5429 ὅλως
3616 5366 3707 5419 ἐπὶ
3732 5365 3835 5434 γῆ,

2256 5463 2470 5535 εἰρήνη,
2506 5462 2605 5532 τῆς
2642 5461 2749 5514 τῶν
2793 5460 3084 5531 δαιμονίων
3138 5459 3338 5529 ἀγέλης
3372 5456 3722 5526 διακυκάηης
3765 5457 3839 5514 τὰ

2258 5552 2457 5621 πάντα,
2486 5553 2577 5606 καὶ
2626 5551 2853 5625 θορύϐου
2883 5551 3085 5623 μεστὴν
3116 5550 3521 5623 ἀποφαινούσης
3564 5548 3661 5622 τήν
3691 5548 3837 5620 γῆν,
