4120 6584
640 356 746 413 1Ξᾶ

1665 352 1723 409 S.
1764 351 2039 408 αϊιιιιιλ
2082 352 2553 410 ΛιΕΧΑΜΗὶΙΝΙ
2595 351 2911 408 ARCIIIEP.

3818 356 3925 411 19.4

633 486 678 528 τι
700 473 845 527 eritis
873 470 924 521 in
951 466 1330 520 Otacilii-tione.
1359 464 1618 534 Con/idne
1654 478 1700 520 et
1746 468 2127 537 confortantiui
2169 471 2214 521 in

2323 462 2804 534 διασώσωιὺμᾶς,
2837 469 2935 519 καὶ
2976 467 3198 524 ἔσεσθε
3233 469 3302 521 ἐν
3330 470 3601 539 εὐλογίᾳ.
3633 473 3923 540 Θαρσεῖτε

635 562 880 616 urit-ribus
906 557 1110 609 vestris.

706 651 889 708 XLVI.
918 650 973 704 In
1011 648 1378 718 Captivitatem
1408 648 1553 703 ducti
1586 647 1863 712 lsraelilze,
1887 659 1939 704 et
1961 652 2223 704 vii-turum

636 746 825 813 iniqua
851 740 1075 809 imperia
1131 739 1490 809 perferentes,
1537 741 1703 794 etiam
1759 740 2038 818 maledicti
2097 751 2224 795 sunt

632 837 832 899 vocati,
873 832 1193 888 dicentibus-
1241 831 1589 899 quibusdam,
1645 833 1785 901 quod
1847 849 1875 885 a
1939 848 2068 888 vero
2117 848 2221 887 non

632 930 913 986 abhorret.
946 926 1029 978 Ne
1079 922 1210 977 mihi
1242 923 1526 993 conlingat
1556 927 1696 994 quod
1724 923 1934 981 lsraeli.
1993 924 2089 980 Ubi
2127 942 2224 979 anp

632 1031 737 1076 teut
761 1034 856 1074 eos
908 1017 1138 1073 salvavit
1184 1019 1499 1074 misericors
1549 1018 1710 1086 Deus,
1759 1030 1815 1073 et
1875 1020 1928 1074 in
1990 1020 2220 1090 pristina

631 1116 769 1169 bona
796 1121 920 1167 sunt
958 1111 1225 1181 restituti,
1270 1127 1392 1166 cum
1446 1113 1846 1167 calamitatibus
1910 1113 2220 1181 opinionem

629 1218 844 1277 quoque
873 1202 1283 1260 maledictorum
1318 1205 1517 1260 habere
1574 1206 1870 1260 desierunt.
1944 1206 2218 1263 Benedicti

629 1307 758 1352 sunt
780 1297 946 1362 enim,
976 1304 1031 1352 et
1056 1311 1216 1367 atque
1242 1306 1301 1351 ut
1325 1297 1451 1353 olim
1481 1297 1623 1352 beati
1647 1297 2001 1362 l‘uerunt,Deo
2032 1314 2221 1369 super-

632 1390 714 1442 nis
730 1388 888 1443 bonis
912 1402 1006 1444 eos
1022 1388 1352 1453 oblectante,
1415 1397 1473 1443 et
1502 1374 1690 1443 'totius
1737 1389 2049 1444 securitatis
2076 1386 2223 1444 velut

629 1496 852 1549 campos
878 1480 1009 1551 ipsis
1046 1480 1342 1550 pandente.

704 1658 857 1726 Quod
888 1660 939 1714 iu
964 1658 1123 1715 nobis
1150 1659 1280 1730 ipsis
1328 1675 1516 1716 verum
1568 1659 1924 1729 conspicitur.
1982 1658 2219 1715 Eramus

632 1750 777 1802 enim
802 1748 1095 1816 maledicti,
1125 1750 1377 1821 gregibus
1428 1750 1733 1805 daemonum
1792 1750 2013 1816 subditi,
2044 1762 2098 1805 et
2153 1753 2218 1806 ad

2328 558 2429 613 καὶ
2466 558 2822 626 κατισχύετε
2858 559 2929 612 ἐν
2956 560 3082 627 ταῖς
3114 560 3330 629 χερσὶν
3356 561 3546 630 ὑμῶν.

2397 651 2547 718 MCT.
2588 651 2937 721 Αίχμάλωτοι
2986 654 3273 721 γεγονότες
3320 656 3367 707 οἱ
3419 654 3480 719 ἐξ
3522 656 3773 725 Ἰσραὴλ,
3823 660 3915 710 καῖ

2324 746 2445 808 ταῖς
2471 743 2581 797 τῶν
2612 744 2845 798 ἑλόντων
2873 746 3212 812 πλεονεξίαις
3266 748 3674 819 ἐνειλημμένοι,
3713 768 3907 820 κεχρη-

2329 835 2591 905 ματίκασι
2623 837 2716 888 καὶ
2751 836 3040 909 ἐπάρατοι,
3075 839 3398 908 φασκόντων
3437 841 3621 905 τινῶν,
3675 844 3819 897 κατά
3854 860 3919 908 γε

2324 926 2384 979 τὸ
2416 928 2584 990 εἰκός·
2624 926 2781 981 Οὕτω
2813 930 2888 1001 μὴ
2916 930 3179 1001 γενοίμην
3216 929 3290 994 ὡς
3338 931 3366 983 ὁ
3403 932 3645 1002 Ἰσραήλ.
3693 933 3917 1004 Ἐπειδὴ

2322 1019 2380 1072 δὲ
2411 1019 2618 1073 σέσωκέ
2667 1038 2725 1074 τε
2769 1020 2969 1084 αὐτοὺς
3011 1024 3038 1076 ὁ
3073 1022 3489 1094 φιλοικτίρμων
3522 1025 3681 1089 Θεὸς,
3720 1027 3820 1080 καὶ
3857 1027 3917 1079 ἐν

2322 1112 2436 1175 τοῖς
2477 1113 2725 1182 ἀρχαίοις
2758 1115 3049 1181 γεγόνασιν
3099 1116 3357 1183 ἀγαθοῖς,
3397 1117 3914 1190 συναποὸεὸλήκασι

2323 1206 2443 1268 ταῖς
2496 1207 2801 1276 συμφοραῖς
2845 1206 2940 1258 καὶ
2995 1206 3061 1260 τὸ
3100 1206 3280 1261 δοκεῖν
3320 1203 3469 1262 εἶναι
3510 1209 3910 1279 κατηραμένοι.

2324 1294 2667 1366 Ηὺλόγηνται
2699 1297 2836 1368 γὰρ,
2871 1299 2968 1350 καὶ
2996 1297 3149 1352 οὐδὲν
3192 1295 3355 1370 ἦττον
3392 1300 3650 1368 γεγόνασι
3677 1300 3913 1371 ζηλωτοὶ

2322 1387 2464 1441 καθά
2496 1387 2591 1442 καὶ
2622 1388 2821 1451 πάλαι,
2852 1388 2990 1442 Θεοῦ
3025 1390 3521 1461 κατευφραίνοντος
3550 1393 3665 1455 τοῖς
3701 1391 3914 1446 ἄνωθεν

2322 1475 2568 1545 ἀγαθοῖς,
2594 1477 2689 1531 καὶ
2720 1478 2938 1549 ἀπάσης
2967 1478 3152 1542 αὐτοῖς
3182 1479 3451 1551 εὐθυμίας
3474 1479 3776 1545 ἀπλοῦντος
3806 1481 3910 1553 τὴν

2325 1571 2564 1642 μέθεξινι

2393 1663 2565 1718 Τοῦτο
2611 1664 2668 1718 δὲ
2719 1666 2850 1719 αὐτὸ
2904 1667 2997 1720 καὶ
3044 1668 3130 1736 ἐφ’
3179 1667 3335 1737 ἡμῶν
3384 1667 3565 1721 αὐτῶν
3606 1668 3807 1738 ἀληθὲς
3850 1668 3912 1722 ὃν

2321 1757 2515 1828 ὁρᾶται.
2548 1756 2735 1812 πάλιν.
2767 1753 2952 1829 Ἦμεν
2983 1759 3093 1829 γὰρ
3137 1759 3404 1830 ἐπάρατοι
3426 1799 3440 1824 ,
3482 1762 3606 1824 ταῖς
3643 1759 3752 1813 τῶν
3787 1759 3909 1813 δαι-

629 1857 792 1896 omne
823 1857 993 1910 genus
1021 1842 1386 1913 improbitatis
1416 1842 1633 1897 illorum
1657 1843 1866 1899 scelere
1894 1843 2128 1900 devoluti
2148 1845 2213 1900 “.

2323 1823 2526 1918 μονίων
2576 1849 2805 1917 ἀγέλαις
2838 1823 3262 1921 θπεζέυγμένοι,
3310 1851 3587 1923 καὶπρὸς
3618 1853 3728 1905 πᾶν
3765 1847 3911 1916 εἶδος

631 1938 728 1991 Ast
747 1936 833 1990 ubi
861 1936 1024 1991 Deum
1045 1936 1424 1992 universorum
1443 1935 1693 2007 opiﬁcem
1718 1938 2088 2007 cognovimus,
2111 1947 2163 1993 ct
2185 1953 2215 1993 a

628 2026 849 2081 Christo
903 2028 1105 2099 cogniti
1158 2041 1371 2089 sumus.
1413 2036 1561 2094 tunc,
1617 2036 1746 2083 tunc
1792 2037 2018 2084 cantare
2074 2031 2214 2085 intra

632 2120 995 2189 nosmetipsos
1026 2118 1312 2175 didicimus
1341 2136 1357 2173 :
1398 2136 1416 2171 ι
1457 2118 1736 2175 Benedicti
1766 2135 1865 2176 nos
1893 2135 1921 2175 a
1959 2120 2212 2188 Domino,

629 2212 720 2280 qui
761 2211 1088 2267 fecitcoclum
1117 2219 1172 2267 et
1206 2220 1403 2268 terram
1428 2211 1495 2266 ³⁸.
1536 2229 1556 2263 ι
1590 2209 1859 2279 Quoniam
1900 2222 2084 2269 autem
2146 2216 2215 2271 ad

628 2316 840 2360 tantum
884 2307 1145 2364 honorzem
1203 2315 1259 2360 et
1316 2305 1546 2376 gloriam
1600 2307 1778 2361 vocati
1816 2323 2024 2373 sumus,
2057 2310 2214 2365 bonis

625 2397 884 2466 operibus
907 2410 1128 2465 operam
1156 2396 1288 2451 dare
1308 2411 1405 2451 nos
1431 2411 1653 2453 necesse
1668 2406 1773 2463 est,
1811 2407 1866 2453 et
1899 2397 2214 2455 affectiones

626 2491 845 2545 vitiosas
876 2489 1104 2543 viriliter
1132 2488 1430 2554 debellare,
1492 2500 1547 2545 et
1589 2500 1876 2562 peccatum
1911 2492 2209 2557 exsecrari,

624 2582 749 2636 etin
794 2579 1122 2651 evangelicis
1163 2580 1375 2649 legibus
1435 2584 1719 2638 servandis
1752 2584 2038 2649 excellere,
2068 2594 2122 2639 et
2146 2584 2211 2639 ad

628 2674 679 2727 id
712 2673 854 2744 quod
898 2675 1004 2729 Deo
1028 2685 1237 2744 gratum
1266 2682 1350 2727 est
1385 2675 1487 2730 rite
1510 2674 1850 2731 ellieiendnm
1873 2677 2209 2733 incumbere.

627 2765 945 2820 Audiviutus
971 2766 1115 2819 enim
1147 2765 1542 2822 acclatnantem
1581 2768 1759 2831 nobis,
1806 2769 1967 2840 723
2009 2789 2027 2822 ι
2060 2769 2213 2824 Con-

628 2860 858 2913 Iiditcet
906 2858 1284 2913 confurtmuiui
1312 2859 1362 2913 in
1418 2860 1669 2915 manibus
1709 2864 1926 2916 vestris.
1964 2882 1982 2913 ι
2016 2862 2207 2932 Adcpli

626 2968 789 3020 porro
805 2968 990 3006 sumus
1013 2968 1040 3004 a
1066 2950 1306 3016 Christo,
1335 2961 1386 3004 ut
1414 2951 1691 3007 conlidere
1715 2951 2051 3008 debeamus:
2084 2954 2211 3009 vicit

625 3044 769 3097 enim
805 3060 903 3115 pro
932 3045 1088 3099 nobis
1122 3044 1377 3097 mundum
1405 3044 1474 3109 ³⁸,
1522 3054 1578 3099 et
1632 3045 1969 3099 conenlcavit
1999 3046 2207 3110 hostes,

626 3145 679 3189 ct
713 3135 968 3204 templum
996 3152 1149 3190 suum
1182 3151 1211 3190 a
1241 3144 1417 3190 morte
1452 3135 1714 3190 invictum
1748 3138 2005 3203 ostendit,
2031 3148 2081 3190 ct
2104 3138 2209 3191 iui-
2238 3169 2280 3225 ο

624 3225 922 3295 quitatisos
944 3224 1239 3289 oltturavit,
1265 3236 1324 3280 ut
1351 3234 1407 3282 et
1439 3242 1537 3280 nos
1561 3226 1612 3279 in
1649 3226 1732 3281 his
1755 3225 2120 3281 clarescamns
2138 3227 2206 3281 ³⁷.

629 3318 769 3374 Vicit
803 3320 968 3384 enim,
1009 3329 1066 3373 ut
1135 3318 1267 3386 dixi,
1298 3335 1402 3373 non
1467 3319 1594 3382 sibi,
1623 3320 1718 3373 sed
1775 3318 2208 3386 nubisinﬁrmis,

624 3412 819 3480 quibus
850 3414 985 3467 bona
1012 3412 1249 3466 victoria:
1275 3427 1388 3468 sua:
1418 3412 1779 3482 comparavit.

700 3688 865 3741 Vens.
904 3687 988 3755 l4,
1019 3688 1105 3742 15.
1144 3686 1284 3753 Quia
1310 3689 1424 3743 hwc
1463 3689 1595 3743 dicit
1651 3687 1913 3743 Dominus
1972 3691 2210 3759 omnipo-

624 3792 776 3837 tens:
805 3778 1201 3850 Sicutcogilavi
1235 3789 1289 3833 ut
1325 3781 1603 3851 afﬂigere»:
1632 3796 1740 3842 vos,
1775 3795 1894 3833 cum
1926 3797 2212 3850 provocas-

626 3881 738 3924 sent
770 3869 839 3923 ad
869 3870 1005 3923 iram
1025 3886 1104 3924 me
1128 3880 1301 3936 patres
1328 3870 1504 3937 vestri,
1542 3870 1673 3923 dicit
1727 3868 1981 3926 Dominus
2036 3874 2212 3927 omni-

623 3975 824 4028 potens.
853 3972 1026 4015 etnon
1060 3977 1142 4015 me
1156 3963 1394 4030 pamituit
1416 3980 1435 4027 ;
1455 3963 1531 4016 sic
1563 3973 1780 4028 paratus
1825 3980 1963 4029 sum,
1990 3976 2037 4018 et
2069 3967 2209 4036 cogi-

623 4052 732 4105 tavi
760 4053 812 4104 in
833 4052 1012 4106 diebus
1037 4052 1176 4116 istis,
1208 4062 1266 4107 ιιι
1298 4054 1622 4109 benefaciam
1684 4054 1981 4112 Ierusalem
2037 4069 2084 4112 et
2111 4060 2212 4114 do-

627 4146 738 4199 mui
765 4144 933 4200 Juda.
965 4143 1252 4217 Conﬁdile.

701 4322 901 4377 XLVII.
962 4324 1169 4380 Divinis
1225 4326 1468 4383 consiliis
1516 4326 1651 4383 nihil
1704 4344 1864 4400 posse
1907 4332 2207 4398 obsistere,

626 4432 842 4471 rursum
865 4416 1027 4471 etiam
1058 4433 1124 4471 ex
1151 4417 1237 4472 his
1269 4417 1458 4488 liquet.
1492 4419 1644 4488 Quod
1677 4422 1822 4476 enim
1851 4423 1993 4479 Deus
2018 4425 2210 4479 deero.-

628 4507 804 4571 verit,
872 4515 928 4562 et
984 4507 1221 4564 voluerit
1307 4504 1535 4577 lacere,
1594 4513 1644 4567 id
1705 4516 1951 4587 profecto

624 4614 718 4652 sus
774 4597 1011 4653 eveniet.
1048 4599 1142 4655 Sic
1203 4600 1349 4654 enim
1415 4616 1510 4670 per
1538 4602 1732 4658 Isaiam
1800 4606 2055 4676 loquitur,
2118 4623 2214 4661 na-

625 4704 761 4745 turae
799 4705 911 4745 suae
961 4692 1107 4746 vires
1163 4693 1568 4761 potentissimas
1615 4696 1999 4753 demonstrans
2039 4717 2051 4751 :
2087 4717 2107 4750 ι
2149 4698 2213 4751 Ει

625 4784 736 4837 dixi
770 4799 782 4835 :
829 4783 1002 4840 Omne
1026 4784 1310 4840 consilium
1345 4801 1523 4840 meum
1557 4788 1742 4851 stabit,
1772 4795 1827 4841 et
1854 4789 2033 4844 omnia
2066 4805 2213 4860 qua:-

625 4893 837 4947 cunque
867 4877 1095 4949 cogitavi
1129 4877 1321 4934 faciam
1353 4878 1421 4935 ³⁸.
1457 4898 1476 4933 ι
1532 4878 1799 4947 Quocirca
1847 4895 1913 4935 ex
1964 4880 2029 4936 iis
2090 4898 2211 4951 qua:

628 4972 772 5039 ipsos
802 4969 981 5025 divina
1033 4970 1112 5026 ira
1154 4972 1413 5027 saeviente
1456 4972 1665 5042 perpeti
1717 4973 1964 5043 contigit,
1995 4989 2062 5028 ex
2124 4974 2208 5030 his

628 5062 777 5133 ipsis,
808 5062 1047 5132 inquam,
1084 5064 1426 5134 apertissime
1477 5064 1602 5118 licet
1663 5063 1981 5134 intelligere.
2043 5066 2204 5121 etiam

624 5151 828 5209 latitia:
858 5153 1000 5208 viam
1034 5154 1116 5210 eis
1139 5155 1375 5219 dilatari,
1409 5157 1627 5211 volente
1668 5154 1778 5210 Deo
1814 5164 1869 5209 et
1896 5155 2205 5213 felicitatem

626 5247 1068 5320 imlulgente,imo
1089 5265 1155 5304 cx
1181 5250 1517 5319 benignitate
1545 5266 1642 5304 sua
1668 5252 1919 5321 cupiente
1953 5254 2129 5320 potius
2153 5263 2209 5307 ut

623 5342 873 5396 unmibus
915 5342 1069 5397 bonis
1115 5340 1440 5397 redundent.
1502 5342 1963 5409 Quemadmodum
2039 5352 2207 5411 enim,

629 5432 820 5501 inquit,
856 5432 1124 5488 volentem
1166 5448 1261 5487 vos
1298 5432 1537 5504 afﬂigere
1559 5445 1779 5502 propter
1814 5437 1977 5492 multa
2017 5454 2208 5507 pecca-

626 5531 682 5577 ta
720 5535 898 5579 vestra
949 5525 1080 5580 nihil
1133 5526 1417 5581 cohibuit:
1472 5527 1545 5582 ita
1602 5537 1658 5582 et
1709 5530 1843 5584 bona
1878 5531 2131 5599 cogitanti
2158 5542 2208 5583 cl

624 5612 758 5669 satis
796 5612 1021 5670 alllictos
1075 5615 1446 5672 misericordia
1507 5617 1761 5687 prosequi
1823 5620 2019 5674 volenti
2077 5622 2206 5675 nihil

700 5794 747 5827 "
775 5795 814 5852 ll
849 5795 991 5853 I‘ett‘.
1030 5815 1092 5868 ιι,
1132 5801 1310 5868 l2,H.
1392 5800 1432 5830 ⁸⁸
1457 5801 1598 5859 [‘sal.
1634 5817 1783 5863 (λλιιι,
1819 5805 1895 5857 lii.

1980 5806 2019 5830 ’⁸
2048 5802 2205 5857 Junii.
2246 5820 2350 5868 νει,
2387 5804 2474 5857 53.

2319 1940 2662 2011 φαυλότητος
2686 1940 2775 1995 διὰ
2809 1942 2908 2012 τῆς
2953 1941 3180 1995 ἐκείνων
3216 1941 3549 2015 δυστροπίας
3574 1959 3909 2013 κατενηνεγ-

2322 2031 2495 2101 μένοι.
2535 2031 2756 2103 Ἐπειδὴ
2801 2031 2858 2084 δὲ
2907 2031 3043 2086 Θεὸν
3089 2032 3412 2103 ἐγνώκαμεν
3462 2033 3555 2089 τὸν
3604 2033 3716 2087 τῶν
3765 2034 3909 2087 ὅλων

2320 2120 2684 2192 δημιουργὸν,
2730 2121 2826 2175 καὶ
2870 2121 3229 2195 ἐγνώσθημεν
3271 2123 3351 2194 τῷ
3390 2123 3634 2194 Χριστῷ,
3662 2124 3784 2176 τότε
3815 2124 3905 2195 δὴ,

2315 2211 2439 2265 τότε
2470 2212 2565 2263 καὶ
2591 2210 2929 2282 ἀναμέλπειν
2961 2213 3049 2281 ἐφ’
3074 2213 3287 2276 ἑαυτοῖς
3319 2212 3705 2283 δεδιδάγμεθα·
3751 2232 3769 2264 ι
3802 2214 3909 2266 Εὐ-

2315 2302 2609 2375 λογημένοι
2648 2304 2809 2374 ἡμεῖς
2839 2302 2919 2375 τῷ
2964 2302 3156 2375 Κυρίῳ
3184 2302 3262 2375 τῷ
3294 2304 3586 2376 ποιήσαντι
3614 2305 3706 2358 τὸν
3740 2306 3908 2377 οὐρα-

2316 2393 2405 2447 νὸν
2441 2394 2536 2449 καὶ
2564 2395 2662 2467 τὴν
2697 2396 2823 2465 γῆν.
2857 2414 2875 2446 ι
2922 2395 3143 2467 Ἐπειδὴ
3182 2396 3240 2448 δὲ
3273 2397 3353 2459 εἰς
3384 2395 3545 2450 τοῦτο
3588 2396 3905 2469 κεκλήμεθα

2315 2484 2481 2554 τιμῆς
2526 2500 2585 2536 τε
2616 2486 2711 2538 καὶ
2742 2484 2930 2555 δόξης,
2964 2484 3243 2556 φιλεργεῖν
3276 2486 3602 2553 ἀναγκαῖον,
3634 2488 3729 2542 καὶ
3773 2504 3906 2543 κατε

2316 2578 2672 2650 ανδρίζεσθαι
2701 2578 2810 2632 τῶν
2842 2578 3052 2642 παθῶν,
3082 2577 3175 2631 καὶ
3204 2578 3483 2650 στυγητὴν
3512 2578 3785 2634 ποιεῖσθαι
3804 2582 3907 2652 τὴν

2317 2669 2613 2740 ἁμαρτίαν,
2649 2670 2744 2722 καὶ
2772 2672 2886 2732 τοῖς
2927 2669 3310 2738 εὐαγγελικοίς
3350 2671 3658 2743 ἐμπρέπειν
3690 2674 3903 2742 νόμοις.

2318 2761 2411 2814 καὶ
2468 2752 2788 2830 ἐπείγεσθαι
2856 2762 3157 2833 κατορθοῦν
3214 2764 3279 2815 τὸ
3331 2764 3569 2834 ἀρέσκον
3623 2764 3701 2835 τῷ
3762 2765 3904 2836 Θεῷ.

2327 2854 2669 2925 Ἀκηκόαμεν
2701 2854 2809 2925 γὰρ
2842 2855 3241 2924 ὲπιφωνοῦντος
3273 2856 3425 2926 ἡμῖν·
3456 2876 3474 2908 ι
3495 2856 3766 2928 Θαρσεῖτε
3811 2857 3907 2911 καὶ

2315 2946 2637 3017 κατισχύετε
2674 2948 2732 3000 ἐν
2772 2949 2893 3011 ταῖς
2940 2948 3128 3018 χερσὶν
3165 2947 3343 3018 ὑμῶν.
3385 2968 3403 3000 ι
3457 2949 3810 3019 Ἐσχὴκαμεν
3848 2946 3905 3002 ίμέ

2315 3038 2469 3110 παρὰ
2518 3040 2757 3110 Χριστοῦ
2812 3041 2873 3093 τὸ
2918 3041 3119 3112 χρῆναι
3177 3041 3435 3112 θαρσεῖν·
3495 3042 3749 3112 νενίκηκε
3797 3042 3853 3111 γί

2316 3130 2457 3201 ὑπὲρ
2484 3131 2518 3200 ή
2529 3129 2645 3200 μῶν
2675 3130 2766 3182 τὸν
2801 3129 3028 3201 κόσμον,
3055 3131 3150 3184 καὶ
3176 3130 3497 3199 πεπάτηκεν
3524 3131 3778 3201 ἐχθροὺς,
3813 3149 3879 3184 xi.

2318 3222 2551 3276 θανάτου
2602 3222 2889 3292 κρείττονα
2934 3223 3027 3276 τὸν
3058 3226 3257 3277 οἰκεῖον
3294 3223 3465 3289 ἔδειξε
3503 3223 3652 3288 ναὸν,
3703 3224 3803 3277 καὶ
3847 3224 3906 3277 τὸ

2314 3316 2414 3386 τῆς
2442 3316 2673 3386 ἀνομίας
2704 3315 2968 3386 ἐνέφραξε
2994 3316 3192 3387 στόμα,
3217 3316 3303 3370 ἵνα
3333 3316 3429 3370 καὶ
3451 3319 3615 3388 ἡμεῖς
3644 3317 3717 3371 δι’
3737 3317 3903 3371 αὑτὸν

2315 3408 2374 3459 ἐν
2417 3408 2627 3470 τούτοις
2660 3407 3065 3479 εὖδοκιμῶμεν.
3117 3407 3393 3477 Νενίκηκε
3440 3408 3573 3480 γὰρ,
3622 3408 3702 3473 ὡς
3743 3410 3901 3483 ἔφην,

2313 3498 2413 3568 οὐχ
2437 3497 2618 3568 ἐαυτῷ
2648 3497 2870 3568 μᾶλλον,
2897 3498 3011 3552 ἀλλ’
3042 3498 3174 3569 ἡμῖν
3199 3501 3309 3564 τοῖς
3342 3498 3700 3570 ὴσθενηκὸσι,
3735 3500 3809 3555 τὰ
3839 3502 3903 3557 ἐκ

2315 3587 2408 3641 τοῦ
2438 3588 2659 3658 νικῆσαι
2690 3587 2975 3658 κατορθῶν
3011 3588 3213 3655 ἀγαθά.

2385 3680 2541 3733 Διότι
2566 3679 2705 3733 τάδε
2733 3681 2897 3749 λέγει
2918 3681 3135 3748 Κύριος
3168 3682 3613 3752 παντοκράτωρ·
3640 3684 3752 3737 Ὃν
3774 3686 3903 3752 τρόο

2315 3790 2433 3828 πον
2464 3774 2787 3841 διενοήθην
2838 3773 2945 3828 τοῦ
2978 3771 3246 3829 κακῶσαι
3291 3774 3465 3843 ὑμᾶς,
3509 3774 3581 3828 ἐν
3627 3775 3709 3841 τῷ
3750 3793 3903 3846 παρ-

2314 3866 2553 3935 οργίσαι
2607 3883 2685 3935 με
2738 3865 2881 3931 τοὺς
2926 3866 3186 3933 πατέρας
3226 3864 3423 3934 ὑμῶν,
3478 3866 3642 3937 λέγει
3686 3869 3906 3936 Κύριος

2314 3957 2768 4026 παντοκράτωρ,
2802 3956 2899 4010 καὶ
2925 3959 2997 4011 οὺ
3028 3959 3401 4027 μετενόησα·
3442 3958 3596 4012 οὕτω
3642 3959 3901 4028 παρατέ-

2316 4063 2526 4118 tantm
2560 4049 2659 4102 καὶ
2704 4049 3089 4118 διανενόημαι
3111 4049 3181 4103 ἐν
3210 4049 3333 4116 τοῖς
3363 4050 3613 4120 ἡμέραις
3629 4054 3899 4119 ταύταις,

2316 4140 2421 4194 τοῦ
2466 4140 2669 4207 καλῶς
2717 4142 2970 4211 ποιῆσαι
3024 4142 3140 4213 τὴν
3192 4143 3589 4215 Ἰερουσαλὴμ
3639 4144 3741 4199 καὶ
3794 4146 3903 4201 τὼ⁵

2315 4230 2488 4288 οἷκον
2527 4235 2743 4290 Ἰούδα.
2784 4235 3085 4304 Θαρσεῖτε.

2387 4328 2518 4380 MZ'.
2556 4326 2677 4379 Ὅτι
2708 4330 2829 4390 ταῖς
2871 4329 3043 4391 θείαις
3088 4327 3305 4398 βουλαῖς
3333 4329 3395 4382 τὸ
3428 4328 3783 4382 ἀντιστατοῦν
3810 4330 3899 4382 οὐ⁹

2312 4417 2421 4481 ὁὲν,
2459 4418 2568 4471 κάκ
2607 4417 2774 4470 τῶνδε
2824 4418 2887 4489 δὴ
2923 4418 3087 4472 πάλιν
3134 4420 3321 4489 ἐφίησι
3377 4422 3539 4473 νοεῖν.
3576 4422 3642 4472 Ὃ
3686 4420 3794 4489 γὰρ
3837 4422 3901 4473 ἂν

2052 4534 2207 4589 ρτοτ-
2244 4522 2284 4576 [ι
2317 4509 2665 4582 βουλεύσαιτο
2718 4510 2850 4574 Θεὸς
2878 4550 2890 4571 ,
2940 4513 3032 4565 καὶ
3080 4512 3256 4565 ἕλοιτο
3300 4513 3564 4584 πληροῦν,
3622 4513 3786 4567 τοῦτο
3833 4516 3899 4584 δὴ

2316 4601 2535 4666 πάντως
2560 4602 2874 4673 ἐκϐήσεται.
2910 4602 3066 4657 Οὕτω
3094 4621 3197 4657 που
3226 4604 3320 4657 καὶ
3348 4605 3435 4658 διὰ
3458 4606 3641 4675 φωνῆς
3671 4606 3899 4659 Ἠσαῖου

2315 4695 2469 4765 φησὶ,
2518 4696 2619 4765 τῆς
2660 4696 2825 4749 αὐτοῦ
2869 4696 3084 4764 φύσεως
3128 4696 3191 4749 τὸ
3231 4698 3507 4760 παναλκὲς
3554 4697 3898 4765 ἀποφαίνων·

2319 4807 2336 4840 ι
2368 4787 2479 4842 Καὶ
2512 4782 2671 4841 εἵπετ’
2730 4808 2748 4838 ι
2784 4788 2941 4841 Πᾶσα
2996 4804 3099 4858 μου
3148 4789 3181 4860 ἡ
3234 4788 3399 4861 βουλὴ
3463 4790 3746 4859 στήσεται,
3806 4784 3903 4844 καὶ

2313 4879 2492 4935 πάντα
2535 4879 2636 4932 ὅσα
2690 4878 3051 4948 βεϐούλευμαι
3093 4880 3327 4950 ποιήσω.
3382 4898 3400 4931 ι
3455 4879 3668 4934 Οὐκοῦν
3715 4879 3776 4944 ἐξ
3825 4875 3901 4934 ὧν

2318 4972 2517 5044 συνέϐη
2547 4971 2740 5025 παθεῖν
2779 4973 2977 5037 αὐτοὺς
3007 4972 3453 5043 ἐπενηνεγμένης
3492 4975 3593 5035 τῆς
3626 4971 3779 5035 θείας
3809 4972 3899 5041 ὁρ-

2316 5067 2440 5136 γῆς,
2476 5066 2541 5118 ἐκ
2578 5063 2783 5117 τούτων
2830 5064 3008 5119 αὐτῶν
3052 5065 3314 5127 συνιέναι,
3366 5064 3460 5118 καὶ
3502 5063 3650 5133 μάλα
3691 5063 3901 5131 σαφῶς,

2315 5158 2484 5222 ἔστιν,
2524 5157 2605 5209 ὅτι
2635 5156 2731 5209 καί⁸
2775 5157 2808 5227 ἠ
2841 5156 2940 5227 τῆς
2979 5154 3241 5225 εὐθυμίας
3274 5155 3459 5217 αὐτοῖς
3501 5154 3901 5226 κατευρύνεται

2306 5248 2495 5321 τρίϐος
2526 5247 2801 5311 ἐθέλοντὸς
2848 5264 2909 5316 γε
2936 5247 3100 5301 αὐτοῦ
3144 5245 3240 5299 καὶ
3284 5246 3531 5313 ἐφιέντος
3577 5246 3900 5315 εὐημερεῖν,

2315 5342 2516 5410 μᾶλλον
2546 5341 2603 5394 δὲ
2646 5342 2739 5395 καὶ
2786 5340 3073 5411 ὀρέγοντος
3113 5338 3496 5410 φιλανθρωπία
3544 5338 3607 5390 τὸ
3646 5339 3705 5390 ἐν
3736 5341 3904 5391 παντὶ

2312 5435 2509 5506 χρῆναι
2556 5435 2809 5503 γενέσθαι
2860 5434 3032 5505 καλῷ.
3073 5435 3285 5504 Ὥσπερ
3325 5433 3455 5503 γὰρ,
3489 5434 3643 5501 φησι,
3694 5433 3904 5485 κακοῦν

2313 5528 2458 5599 ὑμᾶς
2486 5528 2740 5583 ἐθέλοντα
2767 5527 2857 5582 διὰ
2895 5528 3097 5599 πολλὴν
3128 5528 3407 5599 ἁμαρτίαν
3434 5525 3697 5596 ἁπείρξεν
3721 5526 3903 5579 οὐδέν’

2312 5622 2456 5676 οὕτω
2494 5623 2586 5676 κού¹
2637 5621 2850 5694 χρηστὰ
2901 5620 3273 5693 βουλευομένῳ
3298 5663 3313 5690 ,
3354 5621 3446 5674 καὶ
3482 5619 3906 5691 νκατοικτείρειν

2559 5806 2595 5833 ν
2640 5803 2782 5857 Ριριιῐ.
2820 5820 2928 5872 ιιι,
2977 5806 3007 5856 ‘2
3039 5820 3187 5872 seqq.
3266 5804 3307 5833 ³λ¹
3335 5802 3434 5857 lsa.
3474 5817 3620 5869 xui,
3671 5800 3759 5854 l0.
