4120 6562
561 335 658 396 197

623 453 903 524 Perpende
923 469 1086 526 porro
1137 456 1407 525 quomodo
1433 456 1566 510 nihil
1605 459 1841 527 typieum
1879 465 1976 510 aut
2015 471 2138 509 um-
2171 462 2212 518 Α

556 548 750 602 lirntile
775 546 1190 616 faceroiubeat.
1225 546 1339 604 Non
1381 549 1532 604 enim
1573 549 1808 619 imperat
1854 547 2142 602 immolare

555 640 742 708 boves,
769 654 868 695 nec
909 640 1200 696 incendere
1270 641 1450 706 thura,
1505 642 1601 695 sed
1655 639 1818 694 veluti
1867 639 2139 710 .gracilem

556 732 855 800 quamdam.
889 740 946 787 et
965 733 1303 800 tomatiiem,
1323 741 1379 789 et
1409 740 1616 787 tantum
1645 748 1750 787 non
1769 731 2139 800 evangelicam

557 827 725 878 vitam
755 839 852 880 eos
881 840 1137 881 exercere
1159 826 1420 896 postulat.
1458 825 1723 893 Quoniam
1753 825 1899 879 enim
1952 827 2006 878 in
2055 824 2140 879 itis

555 931 725 984 pauca
773 915 928 971 nobis
955 917 1025 972 de
1071 916 1374 973 Salvatoris
1415 917 1648 973 adventu
1693 917 1926 972 indicata
1990 925 2138 979 sunt,

555 1007 758 1064 idcirco
784 1019 839 1065 et
859 1010 1166 1066 mandatum
1203 1010 1384 1065 induci
1463 1023 1690 1065 necesse
1733 1008 1861 1072 iuit,
1885 1007 2027 1077 quoi
2059 1005 2142 1060 di-

556 1102 677 1156 vina
707 1103 826 1173 eius
847 1104 996 1171 iussa
1017 1103 1351 1174 loqueretur.
1386 1103 1444 1158 Si
1487 1104 1629 1159 enim
1647 1103 1806 1157 decet
1832 1117 1932 1156 nos
1957 1100 2138 1154 divina

553 1196 716 1250 verba
734 1207 1022 1265 setiuentes
1047 1195 1190 1268 loqui
1225 1199 1531 1259 veritatem,
1572 1191 1735 1266 725
1782 1209 1902 1265 quae
1929 1192 2138 1250 Christi

553 1296 673 1341 sunt
696 1288 917 1343 omnino
929 1287 1266 1344 disseremus
1282 1307 1295 1343 :
1320 1287 1568 1343 Christus
1585 1288 1730 1342 enim
1753 1295 1846 1342 est
1859 1284 2138 1342 veritas“.

557 1377 747 1433 ideo‘et
763 1380 1194 1449 sapientissimus
1234 1380 1425 1435 Petrus
1465 1379 1841 1449 paratissimos
1879 1393 1980 1434 nos
2017 1390 2141 1434 esse

554 1472 889 1540 praacepitad
906 1472 1336 1542 respondendum
1361 1491 1382 1524 ι
1407 1472 1581 1529 cuivis
1607 1471 1870 1526 rationem
1901 1485 2001 1526 nos
2041 1484 2139 1540 po-

551 1559 720 1614 scenti
743 1559 881 1615 deea
899 1576 1015 1631 quae
1031 1562 1084 1616 in
1099 1563 1254 1617 nobis
1271 1573 1356 1618 est
1371 1561 1534 1634 spe".
1548 1561 1731 1629 »ρυοιι
1745 1564 1789 1617 si
1805 1562 2140 1634 quaChristi

552 1661 680 1706 sunt
696 1650 840 1722 loqui
859 1653 1415 1719 assueverint,eteum
1431 1655 1484 1707 in
1508 1651 1692 1724 lingua
1711 1652 2142 1723 semperhabue—

553 1744 682 1807 rint,
713 1755 769 1799 et
796 1747 978 1801 animo
1025 1756 1081 1800 et
1105 1748 1269 1802 corde
1288 1746 1534 1802 meditati
1574 1744 1797 1812 iuerint,
1820 1745 1951 1814 iusti
1983 1747 2140 1814 plane

551 1842 731 1899 erunt,
756 1836 1175 1903 etexcellentes,
1211 1837 1532 1908 paciiicique
1581 1844 1636 1892 et
1673 1839 1855 1901 mites,
1907 1845 1963 1892 et
1985 1835 2130 1891 insu-

553 1941 648 1996 pcr
681 1928 972 1998 patientes.
1000 1939 1054 1986 et
1091 1931 1337 2002 peierare
1362 1931 1698 1996 nescientes,
1757 1931 1888 2000 quin
1919 1930 2132 2001 penitus

553 2035 652 2074 nec
680 2019 948 2088 iurantes.
985 2022 1347 2078 Meminerant
1376 2023 1521 2078 enim
1557 2023 1686 2078 illud
1711 2022 1894 2077 dicere
1927 2039 1940 2074 :
1974 2041 1993 2072 ι
2046 2021 2133 2076 Sit

551 2121 732 2166 autem
763 2127 942 2169 sermo
977 2125 1192 2170 vester:
1232 2116 1343 2182 Est,
1373 2127 1479 2179 est,
1511 2125 1586 2181 et,
1626 2115 1758 2175 Non,
1797 2130 1902 2168 non
1937 2113 1999 2168 “.
2036 2132 2054 2165 ι

1581 341 1641 396 5.
1683 334 1956 398 CYRILLI
1994 339 2462 399 ALEXANDRINI
2503 343 2822 400 ARClllE-i’.

3729 337 3872 394 128·

2318 462 2508 531 Ἀθρει
2537 459 2593 513 δὲ
2610 461 2761 523 ὅπως
2791 457 2947 514 οὐδὲν
2971 455 3256 511 έπιττάτει
3278 456 3411 528 δρᾴν
3439 455 3548 510 τῶν
3563 455 3630 508 ἐν
3652 456 3836 518 σκιαῖς

2246 553 2278 623 ἢ
2313 551 2523 614 τύποις.
2552 553 2626 606 Οὐ
2654 553 2762 625 γάρ
2785 569 2869 606 τοι
2899 553 3098 622 χρῆναι
3129 549 3434 621 βουθυτεῖν,
3466 547 3591 603 οὐδὲ
3619 547 3731 620 μὴν
3755 547 3836 601 λι-

2247 644 2392 713 ϐάνῳ
2429 646 2596 716 τιμᾷν
2643 644 2972 706 ἐντέλλεται,
3025 642 3141 697 ἀλλ’
3175 638 3288 696 οἷον
3315 641 3512 712 ίσχνήν
3543 657 3667 694 τινα
3687 678 3702 704 ,
3739 637 3828 691 καῖ

2245 738 2696 808 τετορνευμένην,
2749 736 2908 808 μόνον
2935 735 2993 790 δὲ
3021 736 3145 806 οὐχὶ
3187 733 3284 788 καὶ
3331 731 3695 801 εύαγγελικὴν
3735 731 3825 783 έπ-

2247 830 2487 900 ασκῆσαι
2529 830 2778 901 βούλεται
2802 831 2971 900 ζωήν.
3014 827 3234 899 Ἐπειδὴ
3268 826 3378 896 γὰρ
3409 827 3438 878 ὁ
3468 824 3676 896 βραχὺς
3701 824 3831 892 ἡμῖν

2247 923 2306 976 ὲν
2341 922 2555 987 τούτοις
2603 925 2733 995 περὶ
2762 923 2862 994 τῆς
2910 922 3004 976 τοῦ
3043 921 3297 992 Σωτῆρος
3345 918 3505 990 ἡμῶν
3539 915 3832 986 ἐπιδημίας

2247 1013 2543 1084 πεποίηται
2575 1013 2752 1083 λόγος,
2802 1013 2974 1085 ταύτῃ
3017 1030 3102 1066 τοι
3154 1012 3248 1066 καὶ
3279 1009 3596 1079 ἀναγκαίως
3637 1007 3832 1077 ἐντολὴ

2250 1107 2629 1174 συνεισάγεται
2675 1107 2744 1160 τὰ
2773 1107 2841 1159 δι’
2873 1105 3040 1159 αὑτοῦ
3073 1103 3311 1158 λαλοῦσα
3357 1102 3730 1172 θεσπίσματα.
3768 1100 3833 1153 ει

2247 1196 2358 1268 γὰρ
2382 1197 2446 1268 δὴ
2481 1200 2750 1270 προσήκει
2805 1200 2917 1262 τοῖς
2945 1198 3109 1262 θείοις
3138 1199 3286 1269 ἡμᾶς
3314 1195 3617 1267 ἑπομένους
3653 1193 3832 1261 λόγοις

2247 1288 2426 1342 λαλεῖν
2442 1290 2541 1362 τὴν
2565 1291 2846 1361 ἀλήθειαν,
2865 1292 2935 1344 τὰ
2951 1289 3192 1363 Χριστοῦ
3213 1290 3430 1352 πάντως
3453 1283 3831 1355 διαλεξόμεθαο

2249 1383 2483 1453 Χριστὸς
2510 1381 2620 1454 γάρ
2645 1386 2792 1437 ἐστιν
2817 1385 2850 1454 ὴ
2885 1381 3137 1455 ἀλήθεια.
3169 1381 3270 1434 Διὰ
3294 1380 3454 1434 τοῦτο
3484 1379 3580 1432 καὶ
3605 1379 3633 1431 ό
3665 1374 3835 1445 σοφώ-

2247 1490 2409 1538 τατος
2440 1475 2644 1545 Πέτρος
2683 1475 3072 1544 ὲτοιμοτάτους
3116 1475 3264 1543 ἡμᾶς
3297 1469 3554 1537 γενέσθαι
3597 1467 3833 1540 προστέ-

2247 1579 2380 1633 ταχε
2420 1563 2558 1634 πρὸς
2605 1564 2903 1630 ἀπολογίαν
2949 1585 2968 1616 ι
3013 1565 3178 1619 παντὶ
3229 1563 3310 1634 τῷ
3368 1561 3644 1634 ἐρωτῶντι
3685 1559 3836 1630 ἡμᾶς

2247 1655 2404 1723 λόγον
2441 1656 2568 1726 περὶ
2597 1656 2699 1725 τῆς
2726 1655 2894 1726 οὔσης
2925 1657 2984 1710 ὲν
3007 1658 3140 1728 ἡμῖν
3166 1655 3402 1718 ἐλπίδος.
3443 1674 3461 1706 ι
3500 1654 3562 1707 Ei
3590 1651 3647 1704 δὲ
3676 1649 3741 1721 δὴ
3763 1649 3832 1704 τὰ

2247 1745 2487 1815 Χριστοῦ
2523 1746 2707 1799 λαλεῖν
2737 1747 3076 1816 εἰθισμένοι,
3131 1745 3226 1800 καὶ
3265 1745 3428 1797 αὑτὸν
3477 1741 3694 1813 ἔχοντες
3739 1738 3836 1792 ἐπὶ

2233 1837 2488 1910 γλώσσης
2521 1839 2628 1904 ἀεὶ,
2659 1840 2755 1893 καὶ
2783 1837 2899 1904 νοῦ,
2931 1840 3026 1893 καὶ
3056 1837 3308 1910 καρδίας,
3347 1835 3580 1908 μελέτην
3604 1849 3836 1903 πεποιη-

2245 1929 2417 2002 μένοι,
2449 1931 2652 1985 δίκαιοί
2683 1949 2788 1985 που
2817 1932 3039 1994 πάντως
3071 1928 3183 1984 εῐεν
3209 1931 3298 1996 ἂν,
3335 1930 3432 1983 καὶ
3455 1931 3524 1999 τῇ
3555 1926 3698 1982 κατὰ
3725 1925 3835 1978 πᾶν

2241 2023 2426 2078 ὁτιοῦν
2483 2022 2740 2095 ὀρθότητι
2791 2023 3231 2094 διαπρέποντες,
3295 2020 3561 2093 εἰρηνικοί
3617 2033 3679 2071 τε
3739 2017 3835 2069 καὶ

2242 2114 2430 2184 πρᾶοι,
2472 2111 2568 2166 καὶ
2597 2112 2736 2184 πρός
2762 2129 2825 2181 γε
2851 2111 3026 2182 τούτῳ
3054 2112 3150 2164 καὶ
3179 2111 3513 2178 ἀνεξίκακοι,
3542 2110 3636 2163 καὶ
3663 2106 3828 2177 ψευδ-

549 2207 734 2275 ορκεῖν
761 2207 862 2259 ούκ
889 2207 1110 2271 ειδότες,
1159 2207 1358 2278 μᾶλλον
1405 2208 1463 2261 δὲ
1507 2207 1626 2260 οὐδὲ
1659 2206 1924 2276 ὀμνύντες
1968 2206 2126 2270 ὅλως.
2164 2205 2576 2277 Διαμὲμνηνται
2639 2206 2747 2275 γὰρ
2806 2205 3060 2274 λέγοντος
3083 2203 3286 2258 αὑτοῦ·
3323 2204 3539 2256 ιἝστω
3575 2202 3634 2256 δὲ
3671 2199 3825 2273 ὑμῶν

548 2298 576 2348 ό
607 2295 764 2364 λόγος
791 2296 851 2350 τὸ
877 2298 1007 2362 Ναὶ,
1039 2298 1150 2364 ναὶ,
1184 2300 1278 2352 καὶ
1309 2299 1370 2352 τὸ
1403 2297 1501 2363 Οὓ,
1534 2297 1620 2351 οὗ.
1653 2318 1672 2350 ι

621 2387 786 2444 Vens.
818 2388 908 2453 18,
941 2389 1028 2443 i9.
1068 2387 1131 2442 Et
1158 2390 1330 2458 factus
1357 2399 1428 2444 est
1451 2405 1620 2442 sermo
1641 2389 1850 2442 Domini
1897 2390 2140 2456 omnipo-

547 2482 702 2535 tentis
746 2481 814 2533 ad
839 2497 938 2542 me.
967 2482 1146 2535 dicens
1177 2496 1195 2535 :
1234 2479 1360 2535 Ηωο
1395 2481 1524 2534 dicit
1571 2480 1852 2535 'Dominus
1899 2482 2142 2550 omnipo-

547 2585 658 2627 tam
693 2588 711 2626 :
755 2571 1026 2639 Jejunium
1053 2583 1317 2642 quartum.
1341 2581 1390 2626 et
1418 2572 1684 2642 jejunium
1704 2573 1964 2642 quintum,
1993 2575 2137 2642 etje-

549 2666 755 2719 iunium
786 2666 1087 2732 sep-tinnitu,
1124 2677 1169 2716 et
1197 2665 1463 2734 jejunium
1494 2663 1755 2717 decimum
1783 2675 1934 2717 erqu
1957 2665 2142 2718 domui

548 2755 690 2810 Iuda
715 2757 768 2809 in
790 2755 1064 2825 gaudium.
1093 2769 1138 2810 es
1164 2757 1215 2808 in
1258 2755 1523 2817 lanitium,
1546 2765 1594 2808 et
1629 2756 1681 2810 in
1711 2757 2018 2822 festivitates
2047 2759 2138 2812 bo-

550 2864 666 2907 nas.
711 2858 757 2901 et
801 2848 1133 2913 ht'labimini,
1192 2856 1239 2901 et
1301 2847 1570 2900 veritatem
1640 2856 1689 2901 et
1765 2863 1947 2915 pacem
2014 2851 2140 2902 dili-

547 2934 674 3003 gite.

624 3019 788 3075 XLIX
843 3021 1216 3078 Necessarium
1255 3025 1396 3080 duco
1419 3024 1658 3080 discendi
1687 3027 1894 3095 cupidis
1925 3043 2135 3083 rursum

548 3113 697 3179 prius
763 3114 1626 3185 rxpotterecattsasieiuniorum,
1683 3121 1750 3172 de
1806 3120 2005 3188 quibus
2036 3121 2138 3174 hoc

2315 2389 2427 2444 Kal
2455 2386 2696 2458 ἐγένετο
2717 2388 2907 2458 λότυς
2925 2387 3154 2456 Κυρίου
3178 2384 3665 2455 παντοκράτορος
3686 2387 3836 2455 πρὸς

2236 2480 2336 2549 μὲ,
2398 2479 2586 2548 λέγων
2608 2495 2624 2510 ο
2682 2477 2830 2533 Τάδε
2891 2476 3058 2549 λέγει
3105 2477 3326 2547 Κύριος
3376 2476 3834 2548 παντοκράτωρ·

2241 2574 2505 2640 Νηστεία
2534 2571 2573 2638 ἠ
2608 2572 2817 2640 τετρὰς
2837 2613 2852 2638 ,
2899 2571 3000 2625 καὶ
3035 2569 3290 2639 νηστεία
3325 2568 3364 2636 ἡ
3421 2569 3698 2639 πέμπτη,
3727 2570 3830 2625 καί

2241 2667 2494 2744 motata
2517 2666 2554 2734 ἠ
2589 2666 2808 2736 ἑϐδόμη
2827 2707 2840 2731 ,
2864 2665 2972 2720 καὶ
2996 2664 3250 2735 νηστεία
3281 2666 3321 2734 ἡ
3345 2663 3564 2732 δεκάτη
3587 2664 3835 2719 ἔσονται

2240 2758 2324 2824 τῷ
2363 2761 2510 2824 οῑκῳ
2553 2757 2744 2814 Ἰούδα
2773 2761 2864 2825 εὶς
2893 2759 3106 2830 χαρὰν,
3136 2757 3238 2814 καὶ
3281 2757 3695 2827 εὐφροσύνην,
3735 2761 3831 2813 καὶ

2239 2856 2327 2920 εἰς
2351 2854 2557 2922 ἑορτὰς
2592 2853 2840 2925 ἀγαθὰς,
2885 2853 2984 2908 καὶ
3027 2851 3550 2922 enimvana-sdes,
3587 2851 3687 2905 καὶ
3722 2852 3835 2919 τὴν

2238 2945 2532 3010 ἀλήθειαν
2561 2947 2659 2999 καὶ
2689 2945 2810 3013 τὴν
2830 2944 3084 3015 εἰρήνην
3103 2943 3482 3015 ἀγαπήσατε.

2311 3038 2444 3091 ΜΘ’.
2492 3037 2816 3106 Ἀναγκαῖον
2861 3033 3016 3109 οἶμαι
3082 3039 3196 3100 τοῖς
3238 3035 3568 3107 φιλομαθέσι
3613 3053 3828 3105 προαφο

2237 3125 2348 3196 ηγή
2358 3125 2556 3179 σασθαι
2579 3126 2744 3180 πάλιν
2761 3125 2872 3180 τῶν
2905 3125 3092 3180 ἐνθάδε
3110 3125 3422 3196 λεγομένων
3445 3124 3713 3193 νηστειῶν
3733 3123 3835 3186 τὰς

552 3206 670 3257 loro
699 3206 975 3270 dicitur,et
1001 3207 1142 3275 quod
1170 3207 1239 3262 sit
1275 3196 1837 3279 quartum,quodoam
1863 3214 2132 3282 quintum,

2240 3218 2442 3282 αἰτίας,
2479 3217 2574 3271 καὶ
2611 3217 2742 3272 ποία
2769 3221 2802 3287 ή
2835 3218 3032 3289 τετρὰς
3061 3258 3074 3281 ,
3109 3218 3196 3280 τίς
3223 3217 3280 3270 δὲ
3310 3218 3343 3289 ἡ
3373 3217 3623 3288 πέμπτη.
3651 3217 3749 3270 καὶ
3777 3218 3833 3268 αι

550 3305 603 3346 et
677 3296 902 3366 reliqua,
945 3297 1230 3365 septimum
1281 3299 1513 3366 scilicet,
1577 3309 1632 3354 et
1697 3301 1989 3357 decimum.
2053 3303 2145 3359 Sic

547 3386 690 3437 enim
709 3396 1008 3456 opportune
1022 3395 1208 3457 etapte
1222 3404 1341 3460 qua:
1359 3391 1430 3444 sit
1444 3393 1764 3448 mandatam
1783 3411 1831 3446 ιιι
1850 3395 1934 3449 vis
1953 3393 2145 3450 deinde

545 3475 901 3542 enneleando,
930 3479 1300 3550 adiungemus.
1326 3479 1491 3552 igitur
1520 3493 1678 3553 rapta
1698 3494 1884 3540 sancta
1903 3487 2143 3554 civi-tate,

545 3576 601 3620 et
629 3579 822 3624 exusto
848 3573 1068 3642 templo,
1100 3584 1153 3628 et
1171 3574 1368 3628 isracle
1395 3576 1553 3630 simul
1577 3591 1700 3632 cum
1724 3579 1869 3632 vasis
1895 3580 2066 3633 sacris
2090 3579 2143 3634 in

548 3661 918 3728 captivitatem
939 3665 1171 3720 abducto
1193 3664 1261 3731 δ’,
1287 3666 1378 3735 qui
1407 3667 1539 3721 salvi
1567 3670 1843 3735 restabant
1867 3671 1918 3724 in
1937 3669 2140 3734 Iudae.

551 3753 666 3806 dies
696 3753 891 3820 quibus
915 3755 1028 3810 haec
1065 3756 1172 3826 pati
1197 3757 1515 3828 contigisset
1542 3760 1758 3816 odiosas
1811 3773 1865 3818 et
1897 3777 2146 3819 exsecras

549 3843 687 3899 hiies
729 3844 1024 3912 habebant,
1067 3847 1336 3917 factisque
1365 3851 1597 3907 coetibus
1628 3853 1880 3924 planctus
1937 3855 2144 3910 lamen-

549 3935 887 4006 tationesquc
910 3939 1294 4008 suscipiebant,
1323 3941 1446 3998 cibo
1474 3959 1532 3998 se
1565 3953 1623 3998 ut
1661 3946 1712 3998 in
1754 3945 1980 4015 ieiuniis
2005 3948 2139 4003 abs-

549 4027 806 4083 tinentes.
865 4029 995 4098 Qua:
1053 4042 1234 4090 autem
1281 4051 1609 4107 unoquoque
1664 4037 1928 4092 diernma
1987 4040 2141 4094 nobis

550 4124 707 4178 modo
734 4125 995 4179 dictorum
1027 4129 1336 4194 evenerint,
1362 4144 1462 4201 age
1491 4145 1847 4200 exponamus.
1877 4131 1966 4184 Ait
2009 4147 2138 4199 ergo

547 4214 736 4270 beatus
762 4215 1024 4274 Jeremias
1057 4239 1070 4275 :
1103 4240 1121 4272 ι
1164 4222 1228 4276 Et
1255 4222 1453 4278 factum
1471 4235 1557 4280 est
1593 4225 1646 4280 in
1667 4239 1810 4280 anno
1830 4224 2136 4294 nouoregni

541 4305 686 4377 eius,
739 4307 979 4365 Sedccim
1046 4313 1251 4382 utique,
1311 4315 1365 4368 in
1429 4330 1616 4370 mense
1649 4317 1884 4380 decimo,
1925 4316 2134 4370 decima

545 4401 750 4455 mensis
775 4403 921 4456 venit
960 4401 1455 4463 Nabuchodonosor
1482 4424 1572 4462 rex
1597 4407 1908 4478 Babylonis,
1934 4417 1987 4462 et
2018 4423 2138 4459 tun-

549 4494 634 4548 nis
652 4495 927 4550 exercitus
946 4497 1062 4565 eius
1092 4508 1278 4553 contra
1305 4497 1627 4562 Jerusalem,
1693 4509 1750 4556 et
1807 4498 2134 4552 circumval-

2246 3307 2456 3361 τούτων
2487 3308 2688 3378 ἐφεξῆς
2723 3308 2925 3379 ἑϐδόμη
2963 3325 3025 3362 τε
3065 3310 3162 3363 καὶ
3200 3309 3425 3378 δεκάτη.
3470 3309 3834 3380 090015.29!!-

2249 3414 2350 3469 μεν
2382 3398 2491 3472 γὰρ
2517 3399 2693 3464 οὕτως
2735 3399 2828 3453 ἐπὶ
2857 3399 3054 3470 καιροῦ
3090 3401 3186 3454 καὶ
3217 3402 3275 3454 ὲν
3303 3401 3493 3472 κόσμῳ
3519 3398 3706 3455 λοιπὸν
3728 3400 3834 3454 τῶν

2249 3494 2744 3561 προστεταγμένων
2775 3491 2874 3560 τὴν
2905 3490 3158 3561 δύναμιν.
3194 3492 3405 3545 Οὐκοῦν
3441 3491 3584 3562 μετὰ
3609 3492 3672 3545 τὸ
3693 3492 3810 3545 ἁλῶ

2247 3599 2334 3636 ναι
2365 3583 2463 3654 τὴν
2491 3584 2656 3652 ἁγίαν
2681 3583 2858 3647 πόλιν,
2899 3585 2997 3638 καὶ
3025 3583 3522 3655 κατεμπρησθῆναι
3559 3585 3652 3639 τὸν
3678 3586 3830 3652 ναὸν,

2245 3675 2688 3747 ἀποκομισθῆναι
2713 3675 2770 3728 δὲ
2804 3675 2940 3746 ὁμοῦ
2993 3679 3108 3740 τοῖς
3157 3676 3328 3746 ἱεροῖς
3370 3676 3628 3731 σκεύεσιν
3661 3679 3834 3747 nixu-

2244 3765 2450 3822 ἀλωτον
2481 3767 2574 3825 τὸν
2611 3765 2829 3838 Ἰσραὴλ
2849 3807 2864 3830 ,
2889 3765 2942 3818 οἱ
2987 3764 3326 3837 σεσωσμένοι
3359 3781 3421 3818 τε
3460 3764 3556 3818 καὶ
3589 3764 3833 3834 περιλει-

2245 3859 2470 3929 φθέντες
2510 3859 2652 3914 κατὰ
2687 3860 2788 3929 τὴν
2833 3858 3113 3924 Ἰουδαίαν,
3147 3859 3249 3922 τὰς
3272 3858 3509 3929 ἡμέρας,
3551 3858 3610 3911 ὲν
3639 3853 3729 3922 αἷς
3756 3857 3835 3912 τὰ

2242 3951 2420 4006 τοιάδε
2465 3951 2660 4005 παθεῖν
2695 3951 3045 4022 συμϐέϐηκεν
3097 3949 3421 4020 ἀποφράδας
3451 3949 3689 4021 ἡγοῦντο
3735 3950 3833 4003 καὶ

2243 4044 2543 4115 στυγητὰς,
2579 4045 2674 4098 καὶ
2717 4044 2783 4114 δὴ
2825 4043 2971 4098 κατὰ
3003 4043 3217 4114 πληθὺν
3251 4042 3586 4108 συνθέοντες,
3613 4041 3833 4114 κομμὸν

2240 4135 2524 4189 ἐποιοῦντο
2553 4135 2648 4189 καὶ
2682 4135 2882 4208 θρῆνον
2909 4176 2924 4198 ,
2971 4137 3288 4201 ἁσιτοῦντες
3331 4138 3406 4202 ὡς
3439 4140 3496 4192 ὲν
3524 4139 3826 4208 νηστείαις.

2241 4227 2376 4282 Τίνα
2397 4227 2453 4280 δὲ
2479 4227 2543 4297 δὴ
2570 4226 2640 4280 τὰ
2672 4226 3060 4299 συμϐεϐηκότα
3120 4228 3212 4282 καὶ
3255 4231 3315 4281 ἐν
3344 4229 3549 4299 ἑκάστῃ
3580 4230 3689 4281 τῶν
3721 4229 3826 4298 ἁρ-

2239 4321 2369 4381 τίως
2403 4319 2536 4388 ἡμῖν
2565 4317 2870 4389 εἰρημένων
2913 4319 3170 4390 ἡμερῶν,
3203 4319 3339 4392 φέρε
3363 4321 3637 4391 λέγωμεν·
3673 4319 3821 4390 ἐφη

2235 4411 2466 4465 τοίνυνό
2503 4411 2771 4482 μακάριος
2815 4411 3114 4484 Ἱερεμίας·
3173 4430 3192 4463 ι
3229 4413 3338 4466 Καὶ
3388 4413 3605 4477 ἐγένετο
3645 4415 3704 4466 ὲν
3744 4413 3822 4482 τῷ

2239 4503 2347 4556 ἔτει
2386 4501 2468 4573 τῷ
2515 4502 2721 4572 ἐννάτῳ
2766 4502 2866 4571 τῆς
2903 4502 3180 4572 βασιλείας
3211 4502 3414 4565 αὑτοῦ,
3449 4503 3610 4574 δῆλον
3640 4503 3697 4556 δὲ
3738 4504 3820 4555 ὅτι

544 4582 728 4641 larunt
757 4602 900 4652 eam,
933 4596 987 4643 et
1020 4590 1421 4646 mdiiicaverunt
1442 4592 1646 4646 circum
1677 4605 1798 4645 eam
1855 4589 2123 4657 lapidibus

2240 4595 2502 4660 Σεδεκίου,
2535 4597 2592 4648 έν
2625 4593 2706 4664 τῷ
2739 4595 2870 4664 μηνὶ
2901 4593 2979 4666 τῷ
3009 4595 3222 4666 δεκάτῳ
3248 4636 3263 4660 ,
3299 4597 3502 4665 δεκάτῃ
3527 4593 3621 4647 τοῦ
3650 4595 3820 4664 μηνὸς

543 4680 790 4747 quadris,
815 4681 1037 4736 etvenit
1060 4683 1252 4738 civitas
1277 4684 1329 4738 in
1355 4684 1633 4752 angustias
1663 4696 1834 4751 usque
1863 4683 1930 4734 ad
1965 4683 2132 4738 unde-

541 4771 746 4826 cimum
777 4789 975 4828 annum
997 4776 1139 4845 regis
1165 4777 1426 4843 Sedeciae,
1457 4777 1508 4830 in
1563 4791 1750 4831 mense
1780 4788 1997 4846 quarto,
2031 4792 2128 4830 no-

544 4877 616 4918 na
664 4865 751 4918 die
782 4867 1002 4922 mensis.
1030 4867 1094 4921 Et
1129 4867 1354 4922 invaluit
1385 4869 1554 4923 faiiics
1586 4869 1638 4922 in
1679 4867 1920 4935 civitate,
1947 4879 2002 4922 et
2022 4884 2126 4924 non

538 4968 701 5012 erant
741 4974 906 5028 panes
956 4961 1150 5030 populo
1181 4970 1374 5026 terra};
1405 4969 1461 5016 et
1513 4961 1725 5029 dirupta
1799 4970 1885 5014 est
1911 4961 2127 5025 civitas,

541 5057 601 5100 et
625 5063 812 5103 omnes
831 5050 930 5104 viri
963 5051 1254 5106 bellatores
1280 5051 1482 5120 egressi
1516 5061 1643 5106 sunt
1673 5061 1827 5106 nocte
1858 5051 1941 5105 via
1970 5052 2122 5106 urhis

542 5140 686 5194 inter
713 5143 905 5212 murosi
927 5143 1091 5214 726
1118 5151 1172 5198 et
1210 5143 1561 5208 antemurale,
1599 5144 1740 5212 quod
1774 5154 1891 5197 erat
1935 5157 2124 5198 versus

542 5232 759 5287 hortum
809 5237 951 5306 regis
985 5237 1052 5290 ⁵ο.
1095 5255 1113 5288 ι
1163 5234 1354 5291 Postea
1387 5236 1530 5290 caede
1568 5235 1858 5290 liberorum
1885 5235 2122 5290 Sedecia:

541 5337 594 5378 et
623 5328 996 5384 exoculatione
1021 5329 1140 5398 eius
1171 5328 1439 5394 intersita,
1472 5329 1545 5382 ita
1580 5329 1754 5398 pergit
1790 5343 1804 5379 :
1845 5346 1864 5378 ι
1901 5327 1954 5381 1η
1976 5342 2128 5381 men-

545 5431 604 5467 se
643 5417 856 5484 quinto,
889 5417 1098 5472 decima
1122 5416 1322 5471 mensis
1363 5418 1510 5472 venit
1564 5417 1922 5472 Nabuzardan
1975 5418 2126 5486 prin-

539 5522 670 5576 ceps
693 5525 1014 5577 ('oqtturum,
1041 5510 1131 5579 qui
1157 5510 1339 5566 stabat
1367 5519 1492 5566 ante
1524 5511 1715 5566 faciem
1771 5511 1910 5580 regis
1953 5510 2125 5580 Baby-

542 5600 703 5665 lonis,
742 5603 792 5655 in
826 5599 1219 5666 Jerusalem,et
1243 5605 1524 5660 succendit
1563 5605 1779 5660 domum
1812 5602 2044 5667 Domini,
2069 5613 2122 5657 et

658 5779 704 5810 “
729 5778 887 5835 Juan.
927 5797 1037 5846 XIV,
1076 5786 1127 5839 6.

2231 4676 2364 4752 ἦλθε
2390 4681 2875 4751 Ναϐουχοδονόσωρ
2899 4681 3152 4751 βασιλεὺς
3186 4683 3530 4750 Βαϐυλῶνος,
3553 4685 3646 4738 καὶ
3667 4685 3819 4735 πᾶσα

2231 4775 2266 4846 ή
2311 4773 2539 4844 δύναμις
2569 4773 2738 4828 αὑτοῦ
2790 4775 2884 4828 ἐπὶ
2921 4775 3276 4848 Ἰερουσαλὴμ
3299 4819 3314 4842 ,
3350 4777 3444 4831 καὶ
3478 4778 3815 4847 περιεχαράο

2229 4882 2416 4920 κωσαν
2452 4867 2659 4936 αὐτὴν,
2715 4865 2810 4919 xui.
2857 4867 3345 4938 περιῳκοδόμησαν
3400 4868 3572 4939 αὐτὴν
3621 4885 3816 4938 τετρα-

2230 4959 2412 5022 πόδοις
2440 4957 2611 5021 λίθοις
2635 4956 2844 5029 κύκλῳ,
2874 4960 2966 5012 καὶ
2997 4955 3160 5031 ἦλθεν
3189 4963 3222 5031 ὴ
3256 4961 3409 5024 πόλις
3442 4963 3521 5024 εἰς
3559 4963 3812 5032 συνοχὴν,

2229 5046 2338 5112 ἕως
2364 5047 2652 5101 ἑνδεκάτου
2683 5046 2836 5112 έτους
2869 5047 2946 5119 τῷ
2976 5047 3185 5119 βασιλεῖ
3215 5049 3458 5120 Σεδεκία,
3484 5051 3542 5103 ἐν
3577 5052 3709 5121 μηνὶ
3738 5051 3814 5122 τῷ

2230 5141 2494 5211 τετάρτῳ,
2530 5138 2724 5210 ὲννάτῃ
2767 5137 2860 5192 τοῦ
2897 5139 3082 5209 μηνός.
3117 5142 3231 5194 Καὶ
3257 5141 3567 5213 ὲστερεὼθη
3599 5143 3627 5194 ό
3656 5142 3813 5212 λιμὸς

2226 5231 2287 5282 ἐν
2329 5232 2396 5300 τῇ
2439 5229 2623 5292 πόλει,
2673 5230 2766 5282 καὶ
2803 5230 2904 5282 οὐκ
2931 5226 3070 5302 ἦσαν
3102 5230 3261 5301 ἄρτοι
3283 5232 3362 5302 τῷ
3400 5232 3514 5304 λαῷ
3543 5234 3645 5303 τῆς
3683 5235 3808 5303 γῆς,

2226 5323 2322 5376 καὶ
2343 5321 2626 5393 διεκόπηή
2657 5322 2842 5386 πόλις,
2886 5324 2978 5376 καὶ
3015 5323 3216 5388 πάντες
3248 5325 3298 5377 οἱ
3342 5325 3534 5396 ἄνδρες
3571 5327 3622 5378 oi
3653 5330 3806 5378 πολε-

2228 5414 2419 5484 μισταὶ
2463 5412 2689 5483 ἐξῆλθον
2729 5413 2922 5476 νυκτὸς
2961 5415 3101 5468 κατὰ
3139 5416 3238 5486 τὴν
3282 5417 3400 5470 ὁδὸν
3451 5418 3552 5488 τῆς
3599 5416 3807 5481 πόλεως

2225 5504 2500 5574 ἁναμέσον
2526 5503 2622 5558 τοῦ
2661 5505 2872 5574 τείχους
2913 5507 3008 5558 καὶ
3037 5507 3131 5559 τοῦ
3159 5509 3621 5580 προτειχίσματος
3641 5548 3656 5571 ,
3682 5508 3710 5562 ὃ
3738 5504 3807 5579 ἦν

2227 5598 2365 5652 κατὰ
2390 5597 2482 5652 τὸν
2512 5599 2687 5670 κῆπον
2719 5597 2811 5650 τοῦ
2850 5597 3132 5668 βασιλέως.
3169 5621 3186 5652 ι
3221 5598 3354 5656 Εἶτα
3374 5603 3437 5672 δὴ
3467 5601 3632 5673 μέσον
3660 5618 3805 5671 παρα

1242 5785 1283 5817 ⁵⁷
1324 5783 1362 5837 ii
1403 5783 1543 5840 Pclr.
1574 5799 1661 5852 ιιι,
1705 5784 1784 5839 15.
1869 5785 1914 5815 ³⁸
1943 5781 2132 5838 Matth.
2163 5799 2216 5851 v,
2245 5759 2333 5839 3"].
2414 5783 2456 5816 ³³
2491 5781 2556 5838 ιν
2593 5783 2722 5854 Reg.
2769 5798 2893 5847 xxv,
2919 5786 2969 5837 9.
3050 5783 3292 5839 "J-‘l't‘ttt
3354 5791 3451 5843 ιιι,
3479 5774 3596 5832 ιο7.
