  <div class='ocr_page' id='page_1' title='image "/cluster/home/n/w/nwhite01/storage/ocr_20150623/72/hvd.32044019207893/072.png"; bbox 0 0 4120 6554; ppageno 0'>
   <div class='ocr_carea' id='block_1_1' title="bbox 317 462 424 519">
    <p class='ocr_par' dir='ltr' id='par_1_1' title="bbox 317 462 424 519">
     <span class='ocr_line' id='line_1_1' title="bbox 317 462 424 519; baseline 0.009 -1"><span class='ocrx_word' id='word_1_1' title='bbox 317 462 424 519; x_wconf 66' lang='grc' dir='ltr'>ΗΞ)</span> 
     </span>
    </p>
   </div>
   <div class='ocr_carea' id='block_1_2' title="bbox 1165 448 2764 511">
    <p class='ocr_par' dir='ltr' id='par_1_2' title="bbox 1165 448 2764 511">
     <span class='ocr_line' id='line_1_2' title="bbox 1165 448 2764 511; baseline -0.003 0"><span class='ocrx_word' id='word_1_2' title='bbox 1165 450 1729 511; x_wconf 76' lang='lat' dir='ltr'>COMMENTARIUS</span> <span class='ocrx_word' id='word_1_3' title='bbox 1769 448 1834 504; x_wconf 80' lang='lat' dir='ltr'>IN</span> <span class='ocrx_word' id='word_1_4' title='bbox 1878 448 2283 503; x_wconf 66' lang='lat' dir='ltr'><strong>ZACllARMM</strong></span> <span class='ocrx_word' id='word_1_5' title='bbox 2321 448 2764 507; x_wconf 71' lang='lat' dir='ltr'>PROPIIETAM.</span> 
     </span>
    </p>
   </div>
   <div class='ocr_carea' id='block_1_3' title="bbox 3481 459 3587 516">
    <p class='ocr_par' dir='ltr' id='par_1_3' title="bbox 3481 459 3587 516">
     <span class='ocr_line' id='line_1_3' title="bbox 3481 459 3587 516; baseline 0.028 -3"><span class='ocrx_word' id='word_1_6' title='bbox 3481 459 3587 516; x_wconf 61' lang='lat'>£30</span> 
     </span>
    </p>
   </div>
   <div class='ocr_carea' id='block_1_4' title="bbox 315 545 1906 642">
    <p class='ocr_par' dir='ltr' id='par_1_4' title="bbox 315 545 1901 642">
     <span class='ocr_line' id='line_1_4' title="bbox 315 545 1901 642; baseline -0.005 -13"><span class='ocrx_word' id='word_1_7' title='bbox 315 545 491 638; x_wconf 73' lang='grc' dir='ltr'>ινθεῖς</span> <span class='ocrx_word' id='word_1_8' title='bbox 530 574 639 627; x_wconf 85' lang='grc' dir='ltr'>τῶν</span> <span class='ocrx_word' id='word_1_9' title='bbox 676 572 922 625; x_wconf 77' lang='grc' dir='ltr'>Σεδεκίου</span> <span class='ocrx_word' id='word_1_10' title='bbox 961 568 1169 624; x_wconf 81' lang='grc' dir='ltr'>παίδων</span> <span class='ocrx_word' id='word_1_11' title='bbox 1216 568 1318 642; x_wconf 77' lang='grc' dir='ltr'>τὴν</span> <span class='ocrx_word' id='word_1_12' title='bbox 1359 568 1599 639; x_wconf 79' lang='grc' dir='ltr'>σφαγὴν,</span> <span class='ocrx_word' id='word_1_13' title='bbox 1649 566 1813 622; x_wconf 83' lang='grc' dir='ltr'>αὐτοῦ</span> <span class='ocrx_word' id='word_1_14' title='bbox 1845 566 1901 621; x_wconf 79' lang='grc' dir='ltr'>δὲ</span> 
     </span>
    </p>
   </div>
   <div class='ocr_carea' id='block_1_5' title="bbox 1982 545 3586 642">
    <p class='ocr_par' dir='ltr' id='par_1_5' title="bbox 2006 568 3586 637">
     <span class='ocr_line' id='line_1_5' title="bbox 2006 568 3586 637; baseline 0.005 -15"><span class='ocrx_word' id='word_1_15' title='bbox 2006 568 2222 623; x_wconf 84' lang='lat' dir='ltr'><strong>domum</strong></span> <span class='ocrx_word' id='word_1_16' title='bbox 2274 569 2438 637; x_wconf 76' lang='lat' dir='ltr'><strong>regis,</strong></span> <span class='ocrx_word' id='word_1_17' title='bbox 2472 579 2525 623; x_wconf 88' lang='lat' dir='ltr'>ct</span> <span class='ocrx_word' id='word_1_18' title='bbox 2556 585 2745 624; x_wconf 69' lang='lat' dir='ltr'><strong>omines</strong></span> <span class='ocrx_word' id='word_1_19' title='bbox 2793 568 2983 623; x_wconf 85' lang='lat' dir='ltr'><strong>domos</strong></span> <span class='ocrx_word' id='word_1_20' title='bbox 3034 571 3198 635; x_wconf 34' lang='lat' dir='ltr'><strong>urbis,</strong></span> <span class='ocrx_word' id='word_1_21' title='bbox 3266 582 3320 627; x_wconf 88' lang='lat' dir='ltr'>et</span> <span class='ocrx_word' id='word_1_22' title='bbox 3367 589 3586 630; x_wconf 78' lang='lat' dir='ltr'><strong>omnem</strong></span> 
     </span>
    </p>
   </div>
   <div class='ocr_carea' id='block_1_6' title="bbox 319 661 1887 736">
    <p class='ocr_par' dir='ltr' id='par_1_6' title="bbox 319 661 1887 736">
     <span class='ocr_line' id='line_1_6' title="bbox 319 661 1887 736; baseline -0.006 -16"><span class='ocrx_word' id='word_1_23' title='bbox 319 665 411 736; x_wconf 70' lang='grc' dir='ltr'>τὴν</span> <span class='ocrx_word' id='word_1_24' title='bbox 459 665 767 732; x_wconf 70' lang='grc' dir='ltr'>τύφλωσιν,</span> <span class='ocrx_word' id='word_1_25' title='bbox 802 662 906 731; x_wconf 75' lang='grc' dir='ltr'>ἔφη</span> <span class='ocrx_word' id='word_1_26' title='bbox 942 661 1125 714; x_wconf 70' lang='grc' dir='ltr'>πάλιν*</span> <span class='ocrx_word' id='word_1_27' title='bbox 1165 681 1187 713; x_wconf 84' lang='grc'><em>‹</em></span> <span class='ocrx_word' id='word_1_28' title='bbox 1226 662 1313 715; x_wconf 85' lang='grc' dir='ltr'>Ἐν</span> <span class='ocrx_word' id='word_1_29' title='bbox 1351 662 1480 731; x_wconf 84' lang='grc' dir='ltr'>μηνὶ</span> <span class='ocrx_word' id='word_1_30' title='bbox 1519 661 1596 731; x_wconf 81' lang='grc' dir='ltr'>τῷ</span> <span class='ocrx_word' id='word_1_31' title='bbox 1631 661 1887 729; x_wconf 81' lang='grc' dir='ltr'>πέμπτῳ,</span> 
     </span>
    </p>
   </div>
   <div class='ocr_carea' id='block_1_7' title="bbox 311 748 1892 825">
    <p class='ocr_par' dir='ltr' id='par_1_7' title="bbox 311 748 1892 825">
     <span class='ocr_line' id='line_1_7' title="bbox 311 748 1892 825; baseline -0.004 -18"><span class='ocrx_word' id='word_1_32' title='bbox 311 754 509 824; x_wconf 82' lang='grc' dir='ltr'>δεκάτῃ</span> <span class='ocrx_word' id='word_1_33' title='bbox 531 752 624 805; x_wconf 89' lang='grc' dir='ltr'>τοῦ</span> <span class='ocrx_word' id='word_1_34' title='bbox 651 752 817 825; x_wconf 73' lang='grc' dir='ltr'>μηνὸς</span> <span class='ocrx_word' id='word_1_35' title='bbox 833 748 963 823; x_wconf 75' lang='grc' dir='ltr'>ἦλθε</span> <span class='ocrx_word' id='word_1_36' title='bbox 982 751 1373 821; x_wconf 73' lang='grc' dir='ltr'>Ναϐουζάρδαν</span> <span class='ocrx_word' id='word_1_37' title='bbox 1420 754 1449 808; x_wconf 85' lang='lat'>6</span> <span class='ocrx_word' id='word_1_38' title='bbox 1471 752 1599 822; x_wconf 85' lang='grc' dir='ltr'>ἁρχι</span> <span class='ocrx_word' id='word_1_39' title='bbox 1609 752 1892 820; x_wconf 73' lang='grc' dir='ltr'>μάγειρος,</span> 
     </span>
    </p>
   </div>
   <div class='ocr_carea' id='block_1_8' title="bbox 310 841 1892 913">
    <p class='ocr_par' dir='ltr' id='par_1_8' title="bbox 310 841 1892 913">
     <span class='ocr_line' id='line_1_8' title="bbox 310 841 1892 913; baseline -0.003 -17"><span class='ocrx_word' id='word_1_40' title='bbox 310 845 337 896; x_wconf 89' lang='lat'>6</span> <span class='ocrx_word' id='word_1_41' title='bbox 364 843 612 913; x_wconf 81' lang='grc' dir='ltr'>ἑστηκὼς</span> <span class='ocrx_word' id='word_1_42' title='bbox 638 843 782 897; x_wconf 66' lang='grc' dir='ltr'>κατὰ</span> <span class='ocrx_word' id='word_1_43' title='bbox 813 841 1107 913; x_wconf 84' lang='grc' dir='ltr'>πρόσωπον</span> <span class='ocrx_word' id='word_1_44' title='bbox 1140 841 1236 894; x_wconf 83' lang='grc' dir='ltr'>τοῦ</span> <span class='ocrx_word' id='word_1_45' title='bbox 1278 841 1545 911; x_wconf 85' lang='grc' dir='ltr'>βασιλέως</span> <span class='ocrx_word' id='word_1_46' title='bbox 1576 841 1892 904; x_wconf 84' lang='grc' dir='ltr'>Βαϐυλῶνος</span> 
     </span>
    </p>
   </div>
   <div class='ocr_carea' id='block_1_9' title="bbox 308 930 1895 1006">
    <p class='ocr_par' dir='ltr' id='par_1_9' title="bbox 308 930 1895 1006">
     <span class='ocr_line' id='line_1_9' title="bbox 308 930 1895 1006; baseline 0.001 -19"><span class='ocrx_word' id='word_1_47' title='bbox 308 934 387 998; x_wconf 81' lang='grc' dir='ltr'>είς</span> <span class='ocrx_word' id='word_1_48' title='bbox 423 934 805 1006; x_wconf 70' lang='grc' dir='ltr'>Ἰερουσαλὴμ,</span> <span class='ocrx_word' id='word_1_49' title='bbox 843 936 937 989; x_wconf 73' lang='grc' dir='ltr'>καὶ</span> <span class='ocrx_word' id='word_1_50' title='bbox 965 935 1239 1005; x_wconf 74' lang='grc' dir='ltr'>ἐνέπρησε</span> <span class='ocrx_word' id='word_1_51' title='bbox 1264 934 1355 989; x_wconf 88' lang='grc' dir='ltr'>τὸν</span> <span class='ocrx_word' id='word_1_52' title='bbox 1381 930 1529 991; x_wconf 64' lang='grc' dir='ltr'>οἷκον</span> <span class='ocrx_word' id='word_1_53' title='bbox 1556 934 1781 1004; x_wconf 81' lang='grc' dir='ltr'>Κυρίου,</span> <span class='ocrx_word' id='word_1_54' title='bbox 1798 933 1895 988; x_wconf 80' lang='grc' dir='ltr'>καὶ</span> 
     </span>
    </p>
   </div>
   <div class='ocr_carea' id='block_1_10' title="bbox 311 1022 1894 1097">
    <p class='ocr_par' dir='ltr' id='par_1_10' title="bbox 311 1022 1894 1097">
     <span class='ocr_line' id='line_1_10' title="bbox 311 1022 1894 1097; baseline 0 -18"><span class='ocrx_word' id='word_1_55' title='bbox 311 1026 397 1079; x_wconf 81' lang='grc' dir='ltr'>τὸν</span> <span class='ocrx_word' id='word_1_56' title='bbox 420 1022 569 1080; x_wconf 82' lang='grc' dir='ltr'>οἷκον</span> <span class='ocrx_word' id='word_1_57' title='bbox 597 1026 864 1097; x_wconf 85' lang='grc' dir='ltr'>βασιλέως</span> <span class='ocrx_word' id='word_1_58' title='bbox 887 1068 903 1093; x_wconf 92' lang='grc'>,</span> <span class='ocrx_word' id='word_1_59' title='bbox 960 1026 1056 1081; x_wconf 76' lang='grc' dir='ltr'>καὶ</span> <span class='ocrx_word' id='word_1_60' title='bbox 1088 1028 1269 1090; x_wconf 77' lang='grc' dir='ltr'>πάσας</span> <span class='ocrx_word' id='word_1_61' title='bbox 1296 1026 1396 1089; x_wconf 79' lang='grc' dir='ltr'>τὰς</span> <span class='ocrx_word' id='word_1_62' title='bbox 1429 1027 1609 1089; x_wconf 71' lang='grc' dir='ltr'>οἰκίας</span> <span class='ocrx_word' id='word_1_63' title='bbox 1652 1026 1750 1095; x_wconf 85' lang='grc' dir='ltr'>τῆς</span> <span class='ocrx_word' id='word_1_64' title='bbox 1797 1023 1894 1079; x_wconf 83' lang='grc' dir='ltr'>πό-</span> 
     </span>
    </p>
   </div>
   <div class='ocr_carea' id='block_1_11' title="bbox 305 1115 1890 1191">
    <p class='ocr_par' dir='ltr' id='par_1_11' title="bbox 305 1115 1890 1191">
     <span class='ocr_line' id='line_1_11' title="bbox 305 1115 1890 1191; baseline -0.005 -16"><span class='ocrx_word' id='word_1_65' title='bbox 305 1120 465 1186; x_wconf 87' lang='grc' dir='ltr'>λεως,</span> <span class='ocrx_word' id='word_1_66' title='bbox 498 1122 593 1175; x_wconf 80' lang='grc' dir='ltr'>καὶ</span> <span class='ocrx_word' id='word_1_67' title='bbox 627 1122 810 1175; x_wconf 82' lang='grc' dir='ltr'>πᾶσαν</span> <span class='ocrx_word' id='word_1_68' title='bbox 839 1119 1016 1173; x_wconf 87' lang='grc' dir='ltr'>οἰκίαν</span> <span class='ocrx_word' id='word_1_69' title='bbox 1048 1118 1297 1189; x_wconf 83' lang='grc' dir='ltr'>μεγάλην</span> <span class='ocrx_word' id='word_1_70' title='bbox 1331 1118 1636 1191; x_wconf 74' lang='grc' dir='ltr'>ἐνέπρησεν</span> <span class='ocrx_word' id='word_1_71' title='bbox 1657 1119 1712 1170; x_wconf 86' lang='grc' dir='ltr'>ὲν</span> <span class='ocrx_word' id='word_1_72' title='bbox 1734 1115 1890 1187; x_wconf 76' lang='grc' dir='ltr'>πυρὶ,</span> 
     </span>
    </p>
   </div>
   <div class='ocr_carea' id='block_1_12' title="bbox 305 1207 1891 1282">
    <p class='ocr_par' dir='ltr' id='par_1_12' title="bbox 305 1207 1891 1282">
     <span class='ocr_line' id='line_1_12' title="bbox 305 1207 1891 1282; baseline -0.003 -15"><span class='ocrx_word' id='word_1_73' title='bbox 305 1212 401 1267; x_wconf 73' lang='grc' dir='ltr'>καὶ</span> <span class='ocrx_word' id='word_1_74' title='bbox 425 1214 535 1267; x_wconf 75' lang='grc' dir='ltr'>πᾶν</span> <span class='ocrx_word' id='word_1_75' title='bbox 561 1215 742 1282; x_wconf 86' lang='grc' dir='ltr'>τεῖχος</span> <span class='ocrx_word' id='word_1_76' title='bbox 777 1209 1141 1282; x_wconf 79' lang='grc' dir='ltr'>Ἰερουσαλὴμ</span> <span class='ocrx_word' id='word_1_77' title='bbox 1169 1208 1358 1278; x_wconf 80' lang='grc' dir='ltr'>κύκλῳ</span> <span class='ocrx_word' id='word_1_78' title='bbox 1386 1208 1636 1262; x_wconf 75' lang='grc' dir='ltr'>καθεῖλεν</span> <span class='ocrx_word' id='word_1_79' title='bbox 1668 1209 1702 1279; x_wconf 74' lang='grc' dir='ltr'>ἡ</span> <span class='ocrx_word' id='word_1_80' title='bbox 1730 1207 1891 1263; x_wconf 79' lang='grc' dir='ltr'>δύναο</span> 
     </span>
    </p>
   </div>
   <div class='ocr_carea' id='block_1_13' title="bbox 308 1300 1887 1378">
    <p class='ocr_par' dir='ltr' id='par_1_13' title="bbox 308 1300 1887 1378">
     <span class='ocr_line' id='line_1_13' title="bbox 308 1300 1887 1378; baseline -0.005 -19"><span class='ocrx_word' id='word_1_81' title='bbox 308 1323 403 1378; x_wconf 83' lang='grc' dir='ltr'>μις</span> <span class='ocrx_word' id='word_1_82' title='bbox 461 1305 572 1360; x_wconf 91' lang='grc' dir='ltr'>τῶν</span> <span class='ocrx_word' id='word_1_83' title='bbox 623 1304 906 1359; x_wconf 80' lang='grc' dir='ltr'>Χαλδαίων</span> <span class='ocrx_word' id='word_1_84' title='bbox 958 1306 990 1375; x_wconf 77' lang='grc' dir='ltr'>ἢ</span> <span class='ocrx_word' id='word_1_85' title='bbox 1048 1302 1189 1373; x_wconf 83' lang='grc' dir='ltr'>μετά</span> <span class='ocrx_word' id='word_1_86' title='bbox 1256 1302 1357 1356; x_wconf 77' lang='grc' dir='ltr'>τοῦ</span> <span class='ocrx_word' id='word_1_87' title='bbox 1410 1300 1831 1375; x_wconf 81' lang='grc' dir='ltr'>ἁρχιμαγείρου.</span> <span class='ocrx_word' id='word_1_88' title='bbox 1868 1318 1887 1351; x_wconf 79' lang='grc' dir='ltr'>ι</span> 
     </span>
    </p>
   </div>
   <div class='ocr_carea' id='block_1_14' title="bbox 316 1394 1893 1467">
    <p class='ocr_par' dir='ltr' id='par_1_14' title="bbox 316 1394 1893 1467">
     <span class='ocr_line' id='line_1_14' title="bbox 316 1394 1893 1467; baseline -0.002 -15"><span class='ocrx_word' id='word_1_89' title='bbox 316 1397 562 1461; x_wconf 63' lang='grc' dir='ltr'>Ἀκούεις</span> <span class='ocrx_word' id='word_1_90' title='bbox 594 1398 744 1462; x_wconf 82' lang='grc' dir='ltr'>ὅπως</span> <span class='ocrx_word' id='word_1_91' title='bbox 777 1398 838 1450; x_wconf 81' lang='grc' dir='ltr'>ὲν</span> <span class='ocrx_word' id='word_1_92' title='bbox 865 1395 944 1467; x_wconf 86' lang='grc' dir='ltr'>τῷ</span> <span class='ocrx_word' id='word_1_93' title='bbox 986 1396 1200 1465; x_wconf 78' lang='grc' dir='ltr'>δεκάτῳ</span> <span class='ocrx_word' id='word_1_94' title='bbox 1244 1395 1355 1448; x_wconf 78' lang='grc' dir='ltr'>ἔτει</span> <span class='ocrx_word' id='word_1_95' title='bbox 1394 1394 1828 1464; x_wconf 81' lang='grc' dir='ltr'>πεπολιόρκηκεν</span> <span class='ocrx_word' id='word_1_96' title='bbox 1864 1394 1893 1449; x_wconf 82' lang='grc' dir='ltr'><strong>ὁ</strong></span> 
     </span>
    </p>
   </div>
   <div class='ocr_carea' id='block_1_15' title="bbox 302 1482 1891 1561">
    <p class='ocr_par' dir='ltr' id='par_1_15' title="bbox 302 1482 1891 1561">
     <span class='ocr_line' id='line_1_15' title="bbox 302 1482 1891 1561; baseline -0.006 -16"><span class='ocrx_word' id='word_1_97' title='bbox 302 1489 795 1561; x_wconf 81' lang='grc' dir='ltr'>Ναϐουχοδονόσωρ</span> <span class='ocrx_word' id='word_1_98' title='bbox 827 1488 926 1559; x_wconf 75' lang='grc' dir='ltr'>τὴν</span> <span class='ocrx_word' id='word_1_99' title='bbox 970 1487 1348 1559; x_wconf 81' lang='grc' dir='ltr'>Ἰερουσαλὴμ,</span> <span class='ocrx_word' id='word_1_100' title='bbox 1381 1482 1505 1543; x_wconf 72' lang='grc' dir='ltr'>εἶτα</span> <span class='ocrx_word' id='word_1_101' title='bbox 1535 1486 1613 1557; x_wconf 75' lang='grc' dir='ltr'>τῷ</span> <span class='ocrx_word' id='word_1_102' title='bbox 1644 1486 1891 1556; x_wconf 76' lang='grc' dir='ltr'>τετάρτῳ</span> 
     </span>
    </p>
   </div>
   <div class='ocr_carea' id='block_1_16' title="bbox 306 1575 1883 1652">
    <p class='ocr_par' dir='ltr' id='par_1_16' title="bbox 306 1575 1883 1652">
     <span class='ocr_line' id='line_1_16' title="bbox 306 1575 1883 1652; baseline -0.004 -19"><span class='ocrx_word' id='word_1_103' title='bbox 306 1580 439 1652; x_wconf 84' lang='grc' dir='ltr'>μηνὶ</span> <span class='ocrx_word' id='word_1_104' title='bbox 462 1579 555 1636; x_wconf 79' lang='grc' dir='ltr'>τοῦ</span> <span class='ocrx_word' id='word_1_105' title='bbox 585 1579 813 1636; x_wconf 81' lang='grc' dir='ltr'>δεκάτου</span> <span class='ocrx_word' id='word_1_106' title='bbox 853 1579 1006 1643; x_wconf 73' lang='grc' dir='ltr'>ἔτους</span> <span class='ocrx_word' id='word_1_107' title='bbox 1027 1577 1385 1646; x_wconf 66' lang='grc' dir='ltr'>διακεκόφθαι</span> <span class='ocrx_word' id='word_1_108' title='bbox 1417 1578 1553 1648; x_wconf 75' lang='grc' dir='ltr'>φησὶ</span> <span class='ocrx_word' id='word_1_109' title='bbox 1587 1576 1684 1645; x_wconf 80' lang='grc' dir='ltr'>τὴν</span> <span class='ocrx_word' id='word_1_110' title='bbox 1709 1575 1883 1628; x_wconf 82' lang='grc' dir='ltr'>πόλιψ</span> 
     </span>
    </p>
   </div>
   <div class='ocr_carea' id='block_1_17' title="bbox 300 1665 1886 1743">
    <p class='ocr_par' dir='ltr' id='par_1_17' title="bbox 300 1665 1886 1743">
     <span class='ocr_line' id='line_1_17' title="bbox 300 1665 1886 1743; baseline -0.004 -18"><span class='ocrx_word' id='word_1_111' title='bbox 300 1672 361 1725; x_wconf 69' lang='grc' dir='ltr'>ιν</span> <span class='ocrx_word' id='word_1_112' title='bbox 423 1672 481 1725; x_wconf 62' lang='grc' dir='ltr'>δὲ</span> <span class='ocrx_word' id='word_1_113' title='bbox 526 1671 605 1742; x_wconf 81' lang='grc' dir='ltr'>τῷ</span> <span class='ocrx_word' id='word_1_114' title='bbox 657 1670 894 1741; x_wconf 74' lang='grc' dir='ltr'>πέμπτῳ</span> <span class='ocrx_word' id='word_1_115' title='bbox 943 1670 1074 1743; x_wconf 76' lang='grc' dir='ltr'>μηνὶ</span> <span class='ocrx_word' id='word_1_116' title='bbox 1141 1669 1237 1723; x_wconf 75' lang='grc' dir='ltr'>καὶ</span> <span class='ocrx_word' id='word_1_117' title='bbox 1283 1669 1446 1722; x_wconf 81' lang='grc' dir='ltr'>αὐτὸν</span> <span class='ocrx_word' id='word_1_118' title='bbox 1492 1665 1886 1739; x_wconf 76' lang='grc' dir='ltr'>ἐμπεπρῆσθαι</span> 
     </span>
    </p>
   </div>
   <div class='ocr_carea' id='block_1_18' title="bbox 296 1756 1884 1832">
    <p class='ocr_par' dir='ltr' id='par_1_18' title="bbox 296 1756 1884 1832">
     <span class='ocr_line' id='line_1_18' title="bbox 296 1756 1884 1832; baseline -0.005 -15"><span class='ocrx_word' id='word_1_119' title='bbox 296 1763 390 1817; x_wconf 78' lang='grc' dir='ltr'>τὸν</span> <span class='ocrx_word' id='word_1_120' title='bbox 438 1762 567 1817; x_wconf 81' lang='grc' dir='ltr'>ναὸν</span> <span class='ocrx_word' id='word_1_121' title='bbox 616 1762 709 1818; x_wconf 77' lang='grc' dir='ltr'>καὶ</span> <span class='ocrx_word' id='word_1_122' title='bbox 763 1762 980 1820; x_wconf 79' lang='grc' dir='ltr'>ἅπασαν</span> <span class='ocrx_word' id='word_1_123' title='bbox 1024 1762 1080 1817; x_wconf 80' lang='grc' dir='ltr'>δὲ</span> <span class='ocrx_word' id='word_1_124' title='bbox 1131 1761 1229 1832; x_wconf 76' lang='grc' dir='ltr'>τὴν</span> <span class='ocrx_word' id='word_1_125' title='bbox 1268 1760 1426 1813; x_wconf 82' lang='grc' dir='ltr'>πόλιν</span> <span class='ocrx_word' id='word_1_126' title='bbox 1492 1756 1884 1828; x_wconf 73' lang='grc' dir='ltr'>διισχυρίζεται</span> 
     </span>
    </p>
   </div>
   <div class='ocr_carea' id='block_1_19' title="bbox 299 1845 1884 1927">
    <p class='ocr_par' dir='ltr' id='par_1_19' title="bbox 299 1845 1884 1927">
     <span class='ocr_line' id='line_1_19' title="bbox 299 1845 1884 1927; baseline -0.004 -19"><span class='ocrx_word' id='word_1_127' title='bbox 299 1854 451 1927; x_wconf 70' lang='grc' dir='ltr'>παρὰ</span> <span class='ocrx_word' id='word_1_128' title='bbox 502 1854 597 1909; x_wconf 85' lang='grc' dir='ltr'>τοῦ</span> <span class='ocrx_word' id='word_1_129' title='bbox 643 1853 1068 1925; x_wconf 79' lang='grc' dir='ltr'>ἀρχιμαγείρου.</span> <span class='ocrx_word' id='word_1_130' title='bbox 1118 1850 1471 1923; x_wconf 76' lang='grc' dir='ltr'>’Δποφράδας</span> <span class='ocrx_word' id='word_1_131' title='bbox 1517 1850 1582 1919; x_wconf 82' lang='grc' dir='ltr'>δὴ</span> <span class='ocrx_word' id='word_1_132' title='bbox 1634 1845 1728 1903; x_wconf 76' lang='grc' dir='ltr'>οὖν</span> <span class='ocrx_word' id='word_1_133' title='bbox 1784 1849 1884 1921; x_wconf 86' lang='grc' dir='ltr'>τὴν</span> 
     </span>
    </p>
   </div>
   <div class='ocr_carea' id='block_1_20' title="bbox 1997 661 3585 732">
    <p class='ocr_par' dir='ltr' id='par_1_20' title="bbox 1997 661 3585 732">
     <span class='ocr_line' id='line_1_20' title="bbox 1997 661 3585 732; baseline 0.004 -19"><span class='ocrx_word' id='word_1_134' title='bbox 1997 661 2216 714; x_wconf 80' lang='lat' dir='ltr'><strong>demum</strong></span> <span class='ocrx_word' id='word_1_135' title='bbox 2246 676 2494 731; x_wconf 79' lang='lat' dir='ltr'><strong>magnam</strong></span> <span class='ocrx_word' id='word_1_136' title='bbox 2523 661 2974 732; x_wconf 77' lang='lat' dir='ltr'><strong>coinbussitigui,</strong></span> <span class='ocrx_word' id='word_1_137' title='bbox 3023 675 3075 717; x_wconf 92' lang='lat' dir='ltr'>et</span> <span class='ocrx_word' id='word_1_138' title='bbox 3101 679 3317 717; x_wconf 86' lang='lat' dir='ltr'><strong>omnem</strong></span> <span class='ocrx_word' id='word_1_139' title='bbox 3370 683 3585 721; x_wconf 88' lang='lat' dir='ltr'><strong>murum</strong></span> 
     </span>
    </p>
   </div>
   <div class='ocr_carea' id='block_1_21' title="bbox 1995 750 3579 820">
    <p class='ocr_par' dir='ltr' id='par_1_21' title="bbox 1995 750 3579 820">
     <span class='ocr_line' id='line_1_21' title="bbox 1995 750 3579 820; baseline 0 -13"><span class='ocrx_word' id='word_1_140' title='bbox 1995 750 2295 807; x_wconf 73' lang='lat' dir='ltr'><strong>Jerusalem</strong></span> <span class='ocrx_word' id='word_1_141' title='bbox 2329 751 2382 806; x_wconf 92' lang='lat' dir='ltr'>in</span> <span class='ocrx_word' id='word_1_142' title='bbox 2410 754 2637 807; x_wconf 89' lang='lat' dir='ltr'><strong>circuitu</strong></span> <span class='ocrx_word' id='word_1_143' title='bbox 2670 754 2863 807; x_wconf 87' lang='lat' dir='ltr'><strong>evertit</strong></span> <span class='ocrx_word' id='word_1_144' title='bbox 2887 754 3161 809; x_wconf 70' lang='lat' dir='ltr'><strong>exercitus</strong></span> <span class='ocrx_word' id='word_1_145' title='bbox 3184 756 3579 820; x_wconf 69' lang='lat' dir='ltr'>Chaldaeorum,</span> 
     </span>
    </p>
   </div>
   <div class='ocr_carea' id='block_1_22' title="bbox 1996 846 3584 919">
    <p class='ocr_par' dir='ltr' id='par_1_22' title="bbox 1996 846 3584 919">
     <span class='ocr_line' id='line_1_22' title="bbox 1996 846 3584 919; baseline 0.003 -21"><span class='ocrx_word' id='word_1_146' title='bbox 1996 846 2087 914; x_wconf 89' lang='lat' dir='ltr'>qui</span> <span class='ocrx_word' id='word_1_147' title='bbox 2113 855 2371 900; x_wconf 84' lang='lat' dir='ltr'><strong>eratcum</strong></span> <span class='ocrx_word' id='word_1_148' title='bbox 2393 846 2641 916; x_wconf 80' lang='lat' dir='ltr'><strong>principe</strong></span> <span class='ocrx_word' id='word_1_149' title='bbox 2660 862 2957 916; x_wconf 83' lang='lat' dir='ltr'><strong>coquorunt</strong></span> <span class='ocrx_word' id='word_1_150' title='bbox 2981 848 3048 902; x_wconf 70' lang='grc' dir='ltr'>ἰ.</span> <span class='ocrx_word' id='word_1_151' title='bbox 3098 867 3123 900; x_wconf 68' lang='grc' dir='ltr'>ι</span> <span class='ocrx_word' id='word_1_152' title='bbox 3156 850 3327 903; x_wconf 82' lang='lat' dir='ltr'><strong>Audis</strong></span> <span class='ocrx_word' id='word_1_153' title='bbox 3363 866 3469 919; x_wconf 87' lang='lat' dir='ltr'>quo</span> <span class='ocrx_word' id='word_1_154' title='bbox 3494 866 3584 918; x_wconf 83' lang='lat' dir='ltr'><strong>pa-</strong></span> 
     </span>
    </p>
   </div>
   <div class='ocr_carea' id='block_1_23' title="bbox 1995 938 3582 995">
    <p class='ocr_par' dir='ltr' id='par_1_23' title="bbox 1995 938 3582 995">
     <span class='ocr_line' id='line_1_23' title="bbox 1995 938 3582 995; baseline 0.001 -4"><span class='ocrx_word' id='word_1_155' title='bbox 1995 946 2083 991; x_wconf 88' lang='lat' dir='ltr'>cto</span> <span class='ocrx_word' id='word_1_156' title='bbox 2115 955 2137 987; x_wconf 70' lang='grc' dir='ltr'>ο</span> <span class='ocrx_word' id='word_1_157' title='bbox 2169 952 2355 991; x_wconf 82' lang='lat' dir='ltr'><strong>mense</strong></span> <span class='ocrx_word' id='word_1_158' title='bbox 2381 938 2587 991; x_wconf 70' lang='lat' dir='ltr'><strong>deeiino</strong></span> <span class='ocrx_word' id='word_1_159' title='bbox 2617 938 2741 991; x_wconf 82' lang='lat' dir='ltr'><strong>anni</strong></span> <span class='ocrx_word' id='word_1_160' title='bbox 2773 939 2895 992; x_wconf 87' lang='lat' dir='ltr'><strong>ueni</strong></span> <span class='ocrx_word' id='word_1_161' title='bbox 2932 957 2956 991; x_wconf 70' lang='grc' dir='ltr'>ι</span> <span class='ocrx_word' id='word_1_162' title='bbox 3007 953 3150 992; x_wconf 87' lang='lat' dir='ltr'><strong>anno</strong></span> <span class='ocrx_word' id='word_1_163' title='bbox 3209 940 3418 995; x_wconf 85' lang='lat' dir='ltr'><strong>decimo</strong></span> <span class='ocrx_word' id='word_1_164' title='bbox 3473 939 3582 993; x_wconf 73' lang='lat' dir='ltr'><strong>Na-</strong></span> 
     </span>
    </p>
   </div>
   <div class='ocr_carea' id='block_1_24' title="bbox 1994 1027 3582 1099">
    <p class='ocr_par' dir='ltr' id='par_1_24' title="bbox 1994 1027 3582 1099">
     <span class='ocr_line' id='line_1_24' title="bbox 1994 1027 3582 1099; baseline 0.002 -17"><span class='ocrx_word' id='word_1_165' title='bbox 1994 1027 2415 1083; x_wconf 87' lang='lat' dir='ltr'><strong>buchodonosor</strong></span> <span class='ocrx_word' id='word_1_166' title='bbox 2486 1027 2914 1099; x_wconf 84' lang='lat' dir='ltr'><strong>Hierosolymam</strong></span> <span class='ocrx_word' id='word_1_167' title='bbox 2990 1028 3299 1095; x_wconf 86' lang='lat' dir='ltr'><strong>obsederit;</strong></span> <span class='ocrx_word' id='word_1_168' title='bbox 3386 1030 3582 1085; x_wconf 85' lang='lat' dir='ltr'><strong>deinde</strong></span> 
     </span>
    </p>
   </div>
   <div class='ocr_carea' id='block_1_25' title="bbox 1996 1119 3581 1189">
    <p class='ocr_par' dir='ltr' id='par_1_25' title="bbox 1996 1119 3581 1189">
     <span class='ocr_line' id='line_1_25' title="bbox 1996 1119 3581 1189; baseline 0.003 -19"><span class='ocrx_word' id='word_1_169' title='bbox 1996 1129 2195 1188; x_wconf 90' lang='lat' dir='ltr'><strong>quarto</strong></span> <span class='ocrx_word' id='word_1_170' title='bbox 2226 1135 2414 1174; x_wconf 86' lang='lat' dir='ltr'>mense</span> <span class='ocrx_word' id='word_1_171' title='bbox 2445 1120 2573 1174; x_wconf 89' lang='lat' dir='ltr'><strong>anni</strong></span> <span class='ocrx_word' id='word_1_172' title='bbox 2605 1119 2877 1173; x_wconf 81' lang='lat' dir='ltr'><strong>undecimi</strong></span> <span class='ocrx_word' id='word_1_173' title='bbox 2909 1121 3180 1189; x_wconf 88' lang='lat' dir='ltr'><strong>diruptam</strong></span> <span class='ocrx_word' id='word_1_174' title='bbox 3219 1136 3337 1175; x_wconf 77' lang='lat' dir='ltr'><strong>esse</strong></span> <span class='ocrx_word' id='word_1_175' title='bbox 3388 1122 3581 1175; x_wconf 69' lang='lat' dir='ltr'><strong>civita~</strong></span> 
     </span>
    </p>
   </div>
   <div class='ocr_carea' id='block_1_26' title="bbox 1998 1212 3578 1283">
    <p class='ocr_par' dir='ltr' id='par_1_26' title="bbox 1998 1212 3578 1283">
     <span class='ocr_line' id='line_1_26' title="bbox 1998 1212 3578 1283; baseline 0.002 -19"><span class='ocrx_word' id='word_1_176' title='bbox 1998 1222 2124 1265; x_wconf 83' lang='lat' dir='ltr'><strong>tem.</strong></span> <span class='ocrx_word' id='word_1_177' title='bbox 2152 1212 2207 1266; x_wconf 89' lang='lat' dir='ltr'><strong>In</strong></span> <span class='ocrx_word' id='word_1_178' title='bbox 2242 1227 2427 1266; x_wconf 84' lang='lat' dir='ltr'>mense</span> <span class='ocrx_word' id='word_1_179' title='bbox 2450 1223 2629 1267; x_wconf 87' lang='lat' dir='ltr'><strong>autem</strong></span> <span class='ocrx_word' id='word_1_180' title='bbox 2671 1212 2863 1281; x_wconf 87' lang='lat' dir='ltr'><strong>quiqu</strong></span> <span class='ocrx_word' id='word_1_181' title='bbox 2889 1212 3051 1265; x_wconf 88' lang='lat' dir='ltr'><strong>etiam</strong></span> <span class='ocrx_word' id='word_1_182' title='bbox 3104 1215 3279 1282; x_wconf 83' lang='lat' dir='ltr'><strong>ipsum</strong></span> <span class='ocrx_word' id='word_1_183' title='bbox 3320 1214 3578 1283; x_wconf 88' lang='lat' dir='ltr'><strong>templum</strong></span> 
     </span>
    </p>
   </div>
   <div class='ocr_carea' id='block_1_27' title="bbox 1994 1302 3581 1372">
    <p class='ocr_par' dir='ltr' id='par_1_27' title="bbox 1994 1302 3581 1372">
     <span class='ocr_line' id='line_1_27' title="bbox 1994 1302 3581 1372; baseline 0.001 -15"><span class='ocrx_word' id='word_1_184' title='bbox 1994 1311 2048 1357; x_wconf 86' lang='lat' dir='ltr'>et</span> <span class='ocrx_word' id='word_1_185' title='bbox 2079 1313 2244 1356; x_wconf 74' lang='lat' dir='ltr'><strong>totam</strong></span> <span class='ocrx_word' id='word_1_186' title='bbox 2275 1303 2508 1357; x_wconf 88' lang='lat' dir='ltr'><strong>urbema</strong></span> <span class='ocrx_word' id='word_1_187' title='bbox 2550 1304 2794 1371; x_wconf 77' lang='lat' dir='ltr'><strong>principe</strong></span> <span class='ocrx_word' id='word_1_188' title='bbox 2827 1318 3127 1372; x_wconf 87' lang='lat' dir='ltr'><strong>c0quorum</strong></span> <span class='ocrx_word' id='word_1_189' title='bbox 3185 1302 3581 1359; x_wconf 70' lang='lat' dir='ltr'><strong>inﬂammatam</strong></span> 
     </span>
    </p>
   </div>
   <div class='ocr_carea' id='block_1_28' title="bbox 1996 1392 3581 1464">
    <p class='ocr_par' dir='ltr' id='par_1_28' title="bbox 1996 1392 3581 1464">
     <span class='ocr_line' id='line_1_28' title="bbox 1996 1392 3581 1464; baseline 0.001 -18"><span class='ocrx_word' id='word_1_190' title='bbox 1996 1403 2205 1446; x_wconf 79' lang='lat' dir='ltr'><strong>narrat.</strong></span> <span class='ocrx_word' id='word_1_191' title='bbox 2239 1393 2401 1447; x_wconf 79' lang='lat' dir='ltr'><strong>Atros</strong></span> <span class='ocrx_word' id='word_1_192' title='bbox 2430 1392 2619 1462; x_wconf 81' lang='lat' dir='ltr'><strong>igitur,</strong></span> <span class='ocrx_word' id='word_1_193' title='bbox 2649 1409 2742 1449; x_wconf 89' lang='lat' dir='ltr'>seu</span> <span class='ocrx_word' id='word_1_194' title='bbox 2770 1393 3007 1448; x_wconf 79' lang='lat' dir='ltr'>nefastos</span> <span class='ocrx_word' id='word_1_195' title='bbox 3027 1403 3305 1463; x_wconf 79' lang='lat' dir='ltr'><strong>quartum,</strong></span> <span class='ocrx_word' id='word_1_196' title='bbox 3340 1404 3395 1449; x_wconf 90' lang='lat' dir='ltr'>et</span> <span class='ocrx_word' id='word_1_197' title='bbox 3420 1394 3581 1464; x_wconf 86' lang='lat' dir='ltr'><strong>quin-</strong></span> 
     </span>
    </p>
   </div>
   <div class='ocr_carea' id='block_1_29' title="bbox 1998 1485 3579 1557">
    <p class='ocr_par' dir='ltr' id='par_1_29' title="bbox 1998 1485 3579 1557">
     <span class='ocr_line' id='line_1_29' title="bbox 1998 1485 3579 1557; baseline 0.001 -20"><span class='ocrx_word' id='word_1_198' title='bbox 1998 1491 2131 1548; x_wconf 89' lang='lat' dir='ltr'><strong>tum,</strong></span> <span class='ocrx_word' id='word_1_199' title='bbox 2165 1495 2220 1539; x_wconf 93' lang='lat' dir='ltr'>et</span> <span class='ocrx_word' id='word_1_200' title='bbox 2254 1485 2520 1540; x_wconf 89' lang='lat' dir='ltr'><strong>decimum</strong></span> <span class='ocrx_word' id='word_1_201' title='bbox 2554 1488 2671 1541; x_wconf 90' lang='lat' dir='ltr'><strong>dics</strong></span> <span class='ocrx_word' id='word_1_202' title='bbox 2707 1495 2925 1557; x_wconf 76' lang='lat' dir='ltr'><strong>propter</strong></span> <span class='ocrx_word' id='word_1_203' title='bbox 2980 1500 3173 1540; x_wconf 77' lang='lat' dir='ltr'><strong>causas</strong></span> <span class='ocrx_word' id='word_1_204' title='bbox 3199 1501 3228 1539; x_wconf 89' lang='lat' dir='ltr'>a</span> <span class='ocrx_word' id='word_1_205' title='bbox 3276 1501 3362 1540; x_wconf 85' lang='lat' dir='ltr'>me</span> <span class='ocrx_word' id='word_1_206' title='bbox 3406 1486 3579 1539; x_wconf 86' lang='lat' dir='ltr'><strong>dictas</strong></span> 
     </span>
    </p>
   </div>
   <div class='ocr_carea' id='block_1_30' title="bbox 1994 1577 3578 1648">
    <p class='ocr_par' dir='ltr' id='par_1_30' title="bbox 1994 1577 3578 1648">
     <span class='ocr_line' id='line_1_30' title="bbox 1994 1577 3578 1648; baseline 0.003 -20"><span class='ocrx_word' id='word_1_207' title='bbox 1994 1577 2374 1630; x_wconf 79' lang='lat' dir='ltr'><strong>numerabant.</strong></span> <span class='ocrx_word' id='word_1_208' title='bbox 2414 1581 2544 1645; x_wconf 60' lang='lat' dir='ltr'><strong>Quae</strong></span> <span class='ocrx_word' id='word_1_209' title='bbox 2569 1590 2745 1633; x_wconf 88' lang='lat' dir='ltr'><strong>autem</strong></span> <span class='ocrx_word' id='word_1_210' title='bbox 2783 1579 3012 1648; x_wconf 78' lang='lat' dir='ltr'><strong>septima</strong></span> <span class='ocrx_word' id='word_1_211' title='bbox 3068 1577 3251 1643; x_wconf 67' lang='lat' dir='ltr'><strong>tulerit,</strong></span> <span class='ocrx_word' id='word_1_212' title='bbox 3317 1589 3578 1648; x_wconf 67' lang='lat' dir='ltr'><strong>prmterea</strong></span> 
     </span>
    </p>
   </div>
   <div class='ocr_carea' id='block_1_31' title="bbox 1994 1664 3577 1741">
    <p class='ocr_par' dir='ltr' id='par_1_31' title="bbox 1994 1664 3577 1741">
     <span class='ocr_line' id='line_1_31' title="bbox 1994 1664 3577 1741; baseline 0.004 -25"><span class='ocrx_word' id='word_1_213' title='bbox 1994 1664 2277 1718; x_wconf 68' lang='lat' dir='ltr'><strong>dicendum</strong></span> <span class='ocrx_word' id='word_1_214' title='bbox 2310 1677 2413 1722; x_wconf 88' lang='lat' dir='ltr'><strong>est.</strong></span> <span class='ocrx_word' id='word_1_215' title='bbox 2450 1667 2740 1737; x_wconf 76' lang='lat' dir='ltr'><strong>Postquam</strong></span> <span class='ocrx_word' id='word_1_216' title='bbox 2768 1670 2910 1723; x_wconf 86' lang='lat' dir='ltr'><strong>enim</strong></span> <span class='ocrx_word' id='word_1_217' title='bbox 2974 1669 3227 1740; x_wconf 84' lang='lat' dir='ltr'><strong>princeps</strong></span> <span class='ocrx_word' id='word_1_218' title='bbox 3280 1682 3577 1741; x_wconf 86' lang='lat' dir='ltr'><strong>coquoruut</strong></span> 
     </span>
    </p>
   </div>
   <div class='ocr_carea' id='block_1_32' title="bbox 1988 1751 3577 1829">
    <p class='ocr_par' dir='ltr' id='par_1_32' title="bbox 1988 1751 3577 1829">
     <span class='ocr_line' id='line_1_32' title="bbox 1988 1751 3577 1829; baseline 0.004 -23"><span class='ocrx_word' id='word_1_219' title='bbox 1988 1751 2286 1809; x_wconf 83' lang='lat' dir='ltr'><strong>Jerusalem</strong></span> <span class='ocrx_word' id='word_1_220' title='bbox 2310 1759 2525 1820; x_wconf 83' lang='lat' dir='ltr'><strong>evertit,</strong></span> <span class='ocrx_word' id='word_1_221' title='bbox 2567 1759 2852 1813; x_wconf 78' lang='lat' dir='ltr'><strong>Godoliam</strong></span> <span class='ocrx_word' id='word_1_222' title='bbox 2879 1760 3180 1828; x_wconf 77' lang='lat' dir='ltr'><strong>principem</strong></span> <span class='ocrx_word' id='word_1_223' title='bbox 3228 1759 3449 1824; x_wconf 80' lang='lat' dir='ltr'><strong>Judaeis,</strong></span> <span class='ocrx_word' id='word_1_224' title='bbox 3482 1760 3577 1829; x_wconf 89' lang='lat' dir='ltr'>qui</span> 
     </span>
    </p>
   </div>
   <div class='ocr_carea' id='block_1_33' title="bbox 1992 1844 3579 1920">
    <p class='ocr_par' dir='ltr' id='par_1_33' title="bbox 1992 1844 3579 1920">
     <span class='ocr_line' id='line_1_33' title="bbox 1992 1844 3579 1920; baseline 0.006 -23"><span class='ocrx_word' id='word_1_225' title='bbox 1992 1844 2379 1916; x_wconf 81' lang='lat' dir='ltr'><strong>Hierosolymis</strong></span> <span class='ocrx_word' id='word_1_226' title='bbox 2404 1859 2801 1913; x_wconf 85' lang='lat' dir='ltr'><strong>remanserant,</strong></span> <span class='ocrx_word' id='word_1_227' title='bbox 2838 1851 3045 1904; x_wconf 90' lang='lat' dir='ltr'><strong>creavit</strong></span> <span class='ocrx_word' id='word_1_228' title='bbox 3076 1867 3089 1906; x_wconf 87' lang='lat'><strong>:</strong></span> <span class='ocrx_word' id='word_1_229' title='bbox 3141 1868 3250 1920; x_wconf 91' lang='lat' dir='ltr'>quo</span> <span class='ocrx_word' id='word_1_230' title='bbox 3302 1852 3443 1906; x_wconf 81' lang='lat' dir='ltr'><strong>facto</strong></span> <span class='ocrx_word' id='word_1_231' title='bbox 3477 1852 3579 1907; x_wconf 53' lang='lat' dir='ltr'>Ba-</span> 
     </span>
    </p>
   </div>
   <div class='ocr_carea' id='block_1_34' title="bbox 297 1933 1906 2019">
    <p class='ocr_par' dir='ltr' id='par_1_34' title="bbox 297 1941 1881 2019">
     <span class='ocr_line' id='line_1_34' title="bbox 297 1941 1881 2019; baseline -0.004 -18"><span class='ocrx_word' id='word_1_232' title='bbox 297 1947 587 2019; x_wconf 78' lang='grc' dir='ltr'>τετάρτην,</span> <span class='ocrx_word' id='word_1_233' title='bbox 616 1948 713 2000; x_wconf 74' lang='grc' dir='ltr'>καὶ</span> <span class='ocrx_word' id='word_1_234' title='bbox 736 1945 835 2018; x_wconf 83' lang='grc' dir='ltr'>τὴν</span> <span class='ocrx_word' id='word_1_235' title='bbox 865 1946 1146 2018; x_wconf 79' lang='grc' dir='ltr'>πέμπτην,</span> <span class='ocrx_word' id='word_1_236' title='bbox 1168 1944 1262 1997; x_wconf 77' lang='grc' dir='ltr'>καὶ</span> <span class='ocrx_word' id='word_1_237' title='bbox 1287 1945 1385 2012; x_wconf 80' lang='grc' dir='ltr'>τὴν</span> <span class='ocrx_word' id='word_1_238' title='bbox 1405 1942 1639 2012; x_wconf 82' lang='grc' dir='ltr'>δεκάτην</span> <span class='ocrx_word' id='word_1_239' title='bbox 1665 1941 1881 2012; x_wconf 72' lang='grc' dir='ltr'>ἡμέραν</span> 
     </span>
    </p>
   </div>
   <div class='ocr_carea' id='block_1_35' title="bbox 1982 1933 3579 2019">
    <p class='ocr_par' dir='ltr' id='par_1_35' title="bbox 1990 1933 3579 2011">
     <span class='ocr_line' id='line_1_35' title="bbox 1990 1933 3579 2011; baseline 0.008 -25"><span class='ocrx_word' id='word_1_240' title='bbox 1990 1933 2235 2003; x_wconf 83' lang='lat' dir='ltr'><strong>byloucm</strong></span> <span class='ocrx_word' id='word_1_241' title='bbox 2265 1937 2535 2005; x_wconf 77' lang='lat' dir='ltr'><strong>repetivit.</strong></span> <span class='ocrx_word' id='word_1_242' title='bbox 2563 1937 2716 2004; x_wconf 83' lang='lat' dir='ltr'><strong>Quod</strong></span> <span class='ocrx_word' id='word_1_243' title='bbox 2738 1940 2827 1993; x_wconf 88' lang='lat' dir='ltr'>ubi</span> <span class='ocrx_word' id='word_1_244' title='bbox 2856 1951 3223 2009; x_wconf 78' lang='lat' dir='ltr'><strong>cognoverunt</strong></span> <span class='ocrx_word' id='word_1_245' title='bbox 3254 1944 3579 2011; x_wconf 83' lang='lat' dir='ltr'><strong>superstites</strong></span> 
     </span>
    </p>
   </div>
   <div class='ocr_carea' id='block_1_36' title="bbox 301 2032 1881 2103">
    <p class='ocr_par' dir='ltr' id='par_1_36' title="bbox 301 2032 1881 2103">
     <span class='ocr_line' id='line_1_36' title="bbox 301 2032 1881 2103; baseline -0.005 -11"><span class='ocrx_word' id='word_1_246' title='bbox 301 2037 612 2102; x_wconf 73' lang='grc' dir='ltr'>ἐποιοῦντο,</span> <span class='ocrx_word' id='word_1_247' title='bbox 637 2036 705 2091; x_wconf 85' lang='grc' dir='ltr'>δι’</span> <span class='ocrx_word' id='word_1_248' title='bbox 738 2037 804 2101; x_wconf 77' lang='grc' dir='ltr'>ἃς</span> <span class='ocrx_word' id='word_1_249' title='bbox 837 2033 992 2090; x_wconf 73' lang='grc' dir='ltr'>εἶπον</span> <span class='ocrx_word' id='word_1_250' title='bbox 1030 2036 1234 2099; x_wconf 74' lang='grc' dir='ltr'>αἰτίας.</span> <span class='ocrx_word' id='word_1_251' title='bbox 1263 2034 1359 2103; x_wconf 83' lang='grc' dir='ltr'>Τίς</span> <span class='ocrx_word' id='word_1_252' title='bbox 1386 2033 1441 2088; x_wconf 77' lang='grc' dir='ltr'>δὲ</span> <span class='ocrx_word' id='word_1_253' title='bbox 1470 2034 1562 2087; x_wconf 74' lang='grc' dir='ltr'>καὶ</span> <span class='ocrx_word' id='word_1_254' title='bbox 1587 2035 1619 2103; x_wconf 80' lang='grc' dir='ltr'>η</span> <span class='ocrx_word' id='word_1_255' title='bbox 1656 2032 1881 2103; x_wconf 75' lang='grc' dir='ltr'>ἑϐδόμη,</span> 
     </span>
    </p>
   </div>
   <div class='ocr_carea' id='block_1_37' title="bbox 293 2117 1885 2196">
    <p class='ocr_par' dir='ltr' id='par_1_37' title="bbox 293 2117 1885 2196">
     <span class='ocr_line' id='line_1_37' title="bbox 293 2117 1885 2196; baseline -0.005 -14"><span class='ocrx_word' id='word_1_256' title='bbox 293 2130 459 2183; x_wconf 83' lang='grc' dir='ltr'>πάλιν</span> <span class='ocrx_word' id='word_1_257' title='bbox 506 2131 684 2183; x_wconf 60' lang='grc' dir='ltr'>εηίπεῖν</span> <span class='ocrx_word' id='word_1_258' title='bbox 718 2129 1042 2196; x_wconf 87' lang='grc' dir='ltr'>ἀναγκαῖον.</span> <span class='ocrx_word' id='word_1_259' title='bbox 1082 2124 1304 2196; x_wconf 80' lang='grc' dir='ltr'>Ἐπειδὴ</span> <span class='ocrx_word' id='word_1_260' title='bbox 1353 2123 1461 2195; x_wconf 84' lang='grc' dir='ltr'>γὰρ</span> <span class='ocrx_word' id='word_1_261' title='bbox 1490 2117 1603 2177; x_wconf 80' lang='grc' dir='ltr'>εἷλε</span> <span class='ocrx_word' id='word_1_262' title='bbox 1634 2121 1733 2193; x_wconf 74' lang='grc' dir='ltr'>τὴν</span> <span class='ocrx_word' id='word_1_263' title='bbox 1791 2121 1885 2176; x_wconf 80' lang='grc' dir='ltr'>ἰε-</span> 
     </span>
    </p>
   </div>
   <div class='ocr_carea' id='block_1_38' title="bbox 295 2214 1885 2292">
    <p class='ocr_par' dir='ltr' id='par_1_38' title="bbox 295 2214 1885 2292">
     <span class='ocr_line' id='line_1_38' title="bbox 295 2214 1885 2292; baseline -0.004 -19"><span class='ocrx_word' id='word_1_264' title='bbox 295 2219 577 2292; x_wconf 80' lang='grc' dir='ltr'>ρουσαλὴμ</span> <span class='ocrx_word' id='word_1_265' title='bbox 610 2222 639 2273; x_wconf 98' lang='lat'>6</span> <span class='ocrx_word' id='word_1_266' title='bbox 665 2219 1088 2291; x_wconf 85' lang='grc' dir='ltr'>ἀρχιμάγειρος,</span> <span class='ocrx_word' id='word_1_267' title='bbox 1136 2217 1559 2288; x_wconf 87' lang='grc' dir='ltr'>κεχειροτόνηκε</span> <span class='ocrx_word' id='word_1_268' title='bbox 1602 2214 1693 2271; x_wconf 83' lang='grc' dir='ltr'>τὸν</span> <span class='ocrx_word' id='word_1_269' title='bbox 1729 2214 1885 2269; x_wconf 83' lang='grc' dir='ltr'>Γοδο-</span> 
     </span>
    </p>
   </div>
   <div class='ocr_carea' id='block_1_39' title="bbox 292 2304 1885 2385">
    <p class='ocr_par' dir='ltr' id='par_1_39' title="bbox 292 2304 1885 2385">
     <span class='ocr_line' id='line_1_39' title="bbox 292 2304 1885 2385; baseline -0.006 -19"><span class='ocrx_word' id='word_1_270' title='bbox 292 2314 415 2366; x_wconf 85' lang='grc' dir='ltr'>λίαν</span> <span class='ocrx_word' id='word_1_271' title='bbox 462 2315 541 2376; x_wconf 75' lang='grc' dir='ltr'>εἰς</span> <span class='ocrx_word' id='word_1_272' title='bbox 586 2311 909 2383; x_wconf 83' lang='grc' dir='ltr'>καθηγητὴν</span> <span class='ocrx_word' id='word_1_273' title='bbox 937 2312 1050 2373; x_wconf 86' lang='grc' dir='ltr'>τοῖς</span> <span class='ocrx_word' id='word_1_274' title='bbox 1077 2309 1431 2385; x_wconf 82' lang='grc' dir='ltr'>καταλοίποις</span> <span class='ocrx_word' id='word_1_275' title='bbox 1460 2307 1569 2359; x_wconf 87' lang='grc' dir='ltr'>τῶν</span> <span class='ocrx_word' id='word_1_276' title='bbox 1615 2304 1885 2358; x_wconf 80' lang='grc' dir='ltr'>Ἰουδαίων</span> 
     </span>
    </p>
   </div>
   <div class='ocr_carea' id='block_1_40' title="bbox 292 2394 1885 2473">
    <p class='ocr_par' dir='ltr' id='par_1_40' title="bbox 292 2394 1885 2473">
     <span class='ocr_line' id='line_1_40' title="bbox 292 2394 1885 2473; baseline -0.003 -16"><span class='ocrx_word' id='word_1_277' title='bbox 292 2406 352 2457; x_wconf 79' lang='grc' dir='ltr'>ὲν</span> <span class='ocrx_word' id='word_1_278' title='bbox 385 2406 501 2467; x_wconf 82' lang='grc' dir='ltr'>τοῖς</span> <span class='ocrx_word' id='word_1_279' title='bbox 538 2401 963 2473; x_wconf 85' lang='grc' dir='ltr'>Ἱεροσολύμοις·</span> <span class='ocrx_word' id='word_1_280' title='bbox 997 2396 1118 2454; x_wconf 75' lang='grc' dir='ltr'>εἶτα</span> <span class='ocrx_word' id='word_1_281' title='bbox 1148 2399 1311 2452; x_wconf 85' lang='grc' dir='ltr'>τοῦτο</span> <span class='ocrx_word' id='word_1_282' title='bbox 1341 2394 1619 2469; x_wconf 82' lang='grc' dir='ltr'>δεδρακὼς</span> <span class='ocrx_word' id='word_1_283' title='bbox 1645 2396 1885 2467; x_wconf 77' lang='grc' dir='ltr'>ἀπῆλθεν</span> 
     </span>
    </p>
   </div>
   <div class='ocr_carea' id='block_1_41' title="bbox 290 2488 1886 2564">
    <p class='ocr_par' dir='ltr' id='par_1_41' title="bbox 290 2488 1886 2564">
     <span class='ocr_line' id='line_1_41' title="bbox 290 2488 1886 2564; baseline -0.002 -18"><span class='ocrx_word' id='word_1_284' title='bbox 290 2496 371 2558; x_wconf 81' lang='grc' dir='ltr'>είς</span> <span class='ocrx_word' id='word_1_285' title='bbox 415 2493 735 2547; x_wconf 85' lang='grc' dir='ltr'>Βαϐυλῶνα.</span> <span class='ocrx_word' id='word_1_286' title='bbox 792 2492 1013 2564; x_wconf 81' lang='grc' dir='ltr'>Ἐπειδὴ</span> <span class='ocrx_word' id='word_1_287' title='bbox 1059 2491 1115 2545; x_wconf 89' lang='grc' dir='ltr'>δὲ</span> <span class='ocrx_word' id='word_1_288' title='bbox 1170 2489 1330 2544; x_wconf 88' lang='grc' dir='ltr'>τοῦτο</span> <span class='ocrx_word' id='word_1_289' title='bbox 1377 2489 1523 2542; x_wconf 77' lang='grc' dir='ltr'>οὕτω</span> <span class='ocrx_word' id='word_1_290' title='bbox 1571 2488 1886 2560; x_wconf 77' lang='grc' dir='ltr'>πεπρᾶχθαι</span> 
     </span>
    </p>
   </div>
   <div class='ocr_carea' id='block_1_42' title="bbox 293 2579 1886 2655">
    <p class='ocr_par' dir='ltr' id='par_1_42' title="bbox 293 2579 1886 2655">
     <span class='ocr_line' id='line_1_42' title="bbox 293 2579 1886 2655; baseline -0.002 -19"><span class='ocrx_word' id='word_1_291' title='bbox 293 2582 685 2655; x_wconf 77' lang='grc' dir='ltr'>μεμαθήκασιν</span> <span class='ocrx_word' id='word_1_292' title='bbox 727 2584 777 2636; x_wconf 87' lang='grc' dir='ltr'>οί</span> <span class='ocrx_word' id='word_1_293' title='bbox 828 2582 1231 2655; x_wconf 84' lang='grc' dir='ltr'>περισωθέντες</span> <span class='ocrx_word' id='word_1_294' title='bbox 1280 2580 1341 2645; x_wconf 79' lang='grc' dir='ltr'>ἐξ</span> <span class='ocrx_word' id='word_1_295' title='bbox 1405 2579 1706 2645; x_wconf 84' lang='grc' dir='ltr'>Ἰουδαίων,</span> <span class='ocrx_word' id='word_1_296' title='bbox 1756 2596 1886 2633; x_wconf 87' lang='grc' dir='ltr'>συν-</span> 
     </span>
    </p>
   </div>
   <div class='ocr_carea' id='block_1_43' title="bbox 289 2666 1881 2746">
    <p class='ocr_par' dir='ltr' id='par_1_43' title="bbox 289 2666 1881 2746">
     <span class='ocr_line' id='line_1_43' title="bbox 289 2666 1881 2746; baseline -0.004 -17"><span class='ocrx_word' id='word_1_297' title='bbox 289 2674 523 2746; x_wconf 88' lang='grc' dir='ltr'>έδραμον</span> <span class='ocrx_word' id='word_1_298' title='bbox 558 2675 616 2727; x_wconf 77' lang='grc' dir='ltr'>ἐν</span> <span class='ocrx_word' id='word_1_299' title='bbox 651 2677 769 2739; x_wconf 89' lang='grc' dir='ltr'>τοῖς</span> <span class='ocrx_word' id='word_1_300' title='bbox 809 2672 1231 2745; x_wconf 86' lang='grc' dir='ltr'>Ἱεροσολύμοις,</span> <span class='ocrx_word' id='word_1_301' title='bbox 1264 2671 1360 2726; x_wconf 74' lang='grc' dir='ltr'>καὶ</span> <span class='ocrx_word' id='word_1_302' title='bbox 1406 2666 1549 2742; x_wconf 77' lang='grc' dir='ltr'>ἦσαν</span> <span class='ocrx_word' id='word_1_303' title='bbox 1595 2673 1653 2725; x_wconf 81' lang='grc' dir='ltr'>ὲν</span> <span class='ocrx_word' id='word_1_304' title='bbox 1697 2671 1881 2724; x_wconf 78' lang='grc' dir='ltr'>ἐλπίσι</span> 
     </span>
    </p>
   </div>
   <div class='ocr_carea' id='block_1_44' title="bbox 1983 2023 3575 2101">
    <p class='ocr_par' dir='ltr' id='par_1_44' title="bbox 1983 2023 3575 2101">
     <span class='ocr_line' id='line_1_44' title="bbox 1983 2023 3575 2101; baseline 0.008 -23"><span class='ocrx_word' id='word_1_305' title='bbox 1983 2023 2177 2089; x_wconf 65' lang='lat' dir='ltr'><strong>Judaei,</strong></span> <span class='ocrx_word' id='word_1_306' title='bbox 2244 2026 2673 2099; x_wconf 79' lang='lat' dir='ltr'><strong>Hierosolymam</strong></span> <span class='ocrx_word' id='word_1_307' title='bbox 2723 2046 2847 2086; x_wconf 88' lang='lat' dir='ltr'>cum</span> <span class='ocrx_word' id='word_1_308' title='bbox 2883 2047 2978 2101; x_wconf 89' lang='lat' dir='ltr'>spe</span> <span class='ocrx_word' id='word_1_309' title='bbox 3039 2033 3236 2088; x_wconf 81' lang='lat' dir='ltr'><strong>ibidem</strong></span> <span class='ocrx_word' id='word_1_310' title='bbox 3298 2035 3575 2091; x_wconf 84' lang='lat' dir='ltr'><strong>habitandi</strong></span> 
     </span>
    </p>
   </div>
   <div class='ocr_carea' id='block_1_45' title="bbox 1985 2116 3570 2193">
    <p class='ocr_par' dir='ltr' id='par_1_45' title="bbox 1985 2116 3570 2193">
     <span class='ocr_line' id='line_1_45' title="bbox 1985 2116 3570 2193; baseline 0.009 -22"><span class='ocrx_word' id='word_1_311' title='bbox 1985 2116 2378 2174; x_wconf 78' lang='lat' dir='ltr'><strong>conﬂuxerunt.</strong></span> <span class='ocrx_word' id='word_1_312' title='bbox 2419 2121 2527 2175; x_wconf 80' lang='lat' dir='ltr'><strong>Sed</strong></span> <span class='ocrx_word' id='word_1_313' title='bbox 2572 2137 2756 2177; x_wconf 81' lang='lat' dir='ltr'><strong>mense</strong></span> <span class='ocrx_word' id='word_1_314' title='bbox 2780 2124 3019 2193; x_wconf 84' lang='lat' dir='ltr'><strong>septimo</strong></span> <span class='ocrx_word' id='word_1_315' title='bbox 3054 2124 3338 2182; x_wconf 81' lang='lat' dir='ltr'><strong>Godoliam</strong></span> <span class='ocrx_word' id='word_1_316' title='bbox 3367 2129 3570 2185; x_wconf 89' lang='lat' dir='ltr'><strong>occidit</strong></span> 
     </span>
    </p>
   </div>
   <div class='ocr_carea' id='block_1_46' title="bbox 1985 2207 3574 2290">
    <p class='ocr_par' dir='ltr' id='par_1_46' title="bbox 1985 2207 3574 2290">
     <span class='ocr_line' id='line_1_46' title="bbox 1985 2207 3574 2290; baseline 0.007 -25"><span class='ocrx_word' id='word_1_317' title='bbox 1985 2207 2215 2274; x_wconf 76' lang='lat' dir='ltr'><strong>lsmael;</strong></span> <span class='ocrx_word' id='word_1_318' title='bbox 2249 2219 2303 2265; x_wconf 86' lang='lat' dir='ltr'>et</span> <span class='ocrx_word' id='word_1_319' title='bbox 2338 2212 2634 2281; x_wconf 77' lang='lat' dir='ltr'><strong>dissipatus</strong></span> <span class='ocrx_word' id='word_1_320' title='bbox 2649 2225 2731 2270; x_wconf 81' lang='lat' dir='ltr'>est</span> <span class='ocrx_word' id='word_1_321' title='bbox 2775 2217 2953 2271; x_wconf 84' lang='lat' dir='ltr'><strong>omnis</strong></span> <span class='ocrx_word' id='word_1_322' title='bbox 3010 2219 3238 2290; x_wconf 81' lang='lat' dir='ltr'><strong>populus</strong></span> <span class='ocrx_word' id='word_1_323' title='bbox 3270 2229 3416 2285; x_wconf 86' lang='lat' dir='ltr'><strong>tunc,</strong></span> <span class='ocrx_word' id='word_1_324' title='bbox 3443 2238 3574 2277; x_wconf 75' lang='lat' dir='ltr'><strong>cou-</strong></span> 
     </span>
    </p>
   </div>
   <div class='ocr_carea' id='block_1_47' title="bbox 1986 2300 3573 2378">
    <p class='ocr_par' dir='ltr' id='par_1_47' title="bbox 1986 2300 3573 2378">
     <span class='ocr_line' id='line_1_47' title="bbox 1986 2300 3573 2378; baseline 0.008 -24"><span class='ocrx_word' id='word_1_325' title='bbox 1986 2300 2305 2372; x_wconf 80' lang='lat' dir='ltr'><strong>fugitquciu</strong></span> <span class='ocrx_word' id='word_1_326' title='bbox 2347 2303 2662 2375; x_wconf 64' lang='lat' dir='ltr'><strong>Egyptum,</strong></span> <span class='ocrx_word' id='word_1_327' title='bbox 2702 2308 2789 2361; x_wconf 91' lang='lat' dir='ltr'>ubi</span> <span class='ocrx_word' id='word_1_328' title='bbox 2821 2311 3071 2378; x_wconf 81' lang='lat' dir='ltr'><strong>periit&quot;.</strong></span> <span class='ocrx_word' id='word_1_329' title='bbox 3116 2312 3266 2368; x_wconf 85' lang='lat' dir='ltr'><strong>llauc</strong></span> <span class='ocrx_word' id='word_1_330' title='bbox 3330 2317 3399 2369; x_wconf 89' lang='lat' dir='ltr'>ob</span> <span class='ocrx_word' id='word_1_331' title='bbox 3454 2330 3573 2369; x_wconf 82' lang='lat' dir='ltr'><strong>Catt-</strong></span> 
     </span>
    </p>
   </div>
   <div class='ocr_carea' id='block_1_48' title="bbox 1985 2396 3571 2471">
    <p class='ocr_par' dir='ltr' id='par_1_48' title="bbox 1985 2396 3571 2471">
     <span class='ocr_line' id='line_1_48' title="bbox 1985 2396 3571 2471; baseline 0.009 -22"><span class='ocrx_word' id='word_1_332' title='bbox 1985 2402 2171 2449; x_wconf 84' lang='lat' dir='ltr'><strong>samel</strong></span> <span class='ocrx_word' id='word_1_333' title='bbox 2202 2396 2489 2464; x_wconf 84' lang='lat' dir='ltr'><strong>septimum</strong></span> <span class='ocrx_word' id='word_1_334' title='bbox 2521 2398 2662 2453; x_wconf 90' lang='lat' dir='ltr'><strong>diem</strong></span> <span class='ocrx_word' id='word_1_335' title='bbox 2699 2410 2754 2454; x_wconf 86' lang='lat' dir='ltr'>et</span> <span class='ocrx_word' id='word_1_336' title='bbox 2787 2403 2961 2471; x_wconf 89' lang='lat' dir='ltr'><strong>ipsum</strong></span> <span class='ocrx_word' id='word_1_337' title='bbox 2981 2420 3229 2460; x_wconf 83' lang='lat' dir='ltr'><strong>mensem</strong></span> <span class='ocrx_word' id='word_1_338' title='bbox 3269 2410 3571 2465; x_wconf 79' lang='lat' dir='ltr'><strong>abominati</strong></span> 
     </span>
    </p>
   </div>
   <div class='ocr_carea' id='block_1_49' title="bbox 1984 2488 3572 2571">
    <p class='ocr_par' dir='ltr' id='par_1_49' title="bbox 1984 2488 3572 2571">
     <span class='ocr_line' id='line_1_49' title="bbox 1984 2488 3572 2571; baseline 0.011 -31"><span class='ocrx_word' id='word_1_339' title='bbox 1984 2494 2132 2541; x_wconf 84' lang='lat' dir='ltr'><strong>sunt.</strong></span> <span class='ocrx_word' id='word_1_340' title='bbox 2160 2488 2335 2557; x_wconf 85' lang='lat' dir='ltr'><strong>Atque</strong></span> <span class='ocrx_word' id='word_1_341' title='bbox 2373 2488 2486 2544; x_wconf 68' lang='lat' dir='ltr'><strong>haec</strong></span> <span class='ocrx_word' id='word_1_342' title='bbox 2532 2500 2616 2546; x_wconf 87' lang='lat' dir='ltr'>est</span> <span class='ocrx_word' id='word_1_343' title='bbox 2658 2490 2987 2560; x_wconf 83' lang='lat' dir='ltr'><strong>jejuniorum</strong></span> <span class='ocrx_word' id='word_1_344' title='bbox 3043 2500 3280 2555; x_wconf 84' lang='lat' dir='ltr'><strong>occasio.</strong></span> <span class='ocrx_word' id='word_1_345' title='bbox 3338 2502 3401 2554; x_wconf 86' lang='lat' dir='ltr'><strong>Et</strong></span> <span class='ocrx_word' id='word_1_346' title='bbox 3438 2518 3572 2571; x_wconf 86' lang='lat' dir='ltr'><strong>quo-</strong></span> 
     </span>
    </p>
   </div>
   <div class='ocr_carea' id='block_1_50' title="bbox 1985 2578 3567 2661">
    <p class='ocr_par' dir='ltr' id='par_1_50' title="bbox 1985 2578 3567 2661">
     <span class='ocr_line' id='line_1_50' title="bbox 1985 2578 3567 2661; baseline 0.012 -30"><span class='ocrx_word' id='word_1_347' title='bbox 1985 2578 2129 2631; x_wconf 86' lang='lat' dir='ltr'><strong>niam</strong></span> <span class='ocrx_word' id='word_1_348' title='bbox 2158 2592 2499 2649; x_wconf 85' lang='lat' dir='ltr'><strong>consequens</strong></span> <span class='ocrx_word' id='word_1_349' title='bbox 2527 2591 2667 2648; x_wconf 88' lang='lat' dir='ltr'><strong>erat,</strong></span> <span class='ocrx_word' id='word_1_350' title='bbox 2694 2587 3031 2643; x_wconf 89' lang='lat' dir='ltr'><strong>cessantibus</strong></span> <span class='ocrx_word' id='word_1_351' title='bbox 3069 2590 3265 2661; x_wconf 79' lang='lat' dir='ltr'><strong>plagis,</strong></span> <span class='ocrx_word' id='word_1_352' title='bbox 3305 2605 3361 2648; x_wconf 88' lang='lat' dir='ltr'>et</span> <span class='ocrx_word' id='word_1_353' title='bbox 3388 2592 3567 2650; x_wconf 82' lang='lat' dir='ltr'><strong>Israe-</strong></span> 
     </span>
    </p>
   </div>
   <div class='ocr_carea' id='block_1_51' title="bbox 1980 2668 3567 2744">
    <p class='ocr_par' dir='ltr' id='par_1_51' title="bbox 1980 2668 3567 2744">
     <span class='ocr_line' id='line_1_51' title="bbox 1980 2668 3567 2744; baseline 0.011 -20"><span class='ocrx_word' id='word_1_354' title='bbox 1980 2670 2032 2725; x_wconf 87' lang='lat' dir='ltr'>le</span> <span class='ocrx_word' id='word_1_355' title='bbox 2066 2668 2497 2744; x_wconf 79' lang='lat' dir='ltr'><strong>Hierosolymam</strong></span> <span class='ocrx_word' id='word_1_356' title='bbox 2527 2690 2766 2740; x_wconf 85' lang='lat' dir='ltr'><strong>reverso.</strong></span> <span class='ocrx_word' id='word_1_357' title='bbox 2805 2685 2859 2732; x_wconf 82' lang='lat' dir='ltr'>ct</span> <span class='ocrx_word' id='word_1_358' title='bbox 2905 2679 3150 2737; x_wconf 85' lang='lat' dir='ltr'><strong>tristibus</strong></span> <span class='ocrx_word' id='word_1_359' title='bbox 3184 2683 3350 2740; x_wconf 78' lang='lat' dir='ltr'><strong>finitis</strong></span> <span class='ocrx_word' id='word_1_360' title='bbox 3427 2687 3567 2743; x_wconf 87' lang='lat' dir='ltr'><strong>ultra</strong></span> 
     </span>
    </p>
   </div>
   <div class='ocr_carea' id='block_1_52' title="bbox 287 2761 1906 2840">
    <p class='ocr_par' dir='ltr' id='par_1_52' title="bbox 287 2761 1880 2837">
     <span class='ocr_line' id='line_1_52' title="bbox 287 2761 1880 2837; baseline -0.005 -16"><span class='ocrx_word' id='word_1_361' title='bbox 287 2765 384 2822; x_wconf 83' lang='grc' dir='ltr'>τοῦ</span> <span class='ocrx_word' id='word_1_362' title='bbox 430 2769 704 2821; x_wconf 79' lang='grc' dir='ltr'>κατοικεῖν</span> <span class='ocrx_word' id='word_1_363' title='bbox 758 2766 851 2820; x_wconf 74' lang='grc' dir='ltr'>ἐπὶ</span> <span class='ocrx_word' id='word_1_364' title='bbox 884 2765 986 2837; x_wconf 83' lang='grc' dir='ltr'>τὴν</span> <span class='ocrx_word' id='word_1_365' title='bbox 1030 2764 1157 2836; x_wconf 80' lang='grc' dir='ltr'>γῆν.</span> <span class='ocrx_word' id='word_1_366' title='bbox 1202 2764 1344 2818; x_wconf 84' lang='grc' dir='ltr'>Ἀλλ’</span> <span class='ocrx_word' id='word_1_367' title='bbox 1394 2765 1451 2818; x_wconf 81' lang='grc' dir='ltr'>ὲν</span> <span class='ocrx_word' id='word_1_368' title='bbox 1500 2761 1578 2833; x_wconf 82' lang='grc' dir='ltr'>τῷ</span> <span class='ocrx_word' id='word_1_369' title='bbox 1624 2763 1754 2833; x_wconf 73' lang='grc' dir='ltr'>μηνὶ</span> <span class='ocrx_word' id='word_1_370' title='bbox 1802 2762 1880 2834; x_wconf 85' lang='grc' dir='ltr'>τῷ</span> 
     </span>
    </p>
   </div>
   <div class='ocr_carea' id='block_1_53' title="bbox 1982 2761 3572 2840">
    <p class='ocr_par' dir='ltr' id='par_1_53' title="bbox 1982 2764 3572 2840">
     <span class='ocr_line' id='line_1_53' title="bbox 1982 2764 3572 2840; baseline 0.01 -21"><span class='ocrx_word' id='word_1_371' title='bbox 1982 2778 2087 2819; x_wconf 89' lang='lat' dir='ltr'>non</span> <span class='ocrx_word' id='word_1_372' title='bbox 2117 2764 2369 2836; x_wconf 85' lang='lat' dir='ltr'><strong>jejunare</strong></span> <span class='ocrx_word' id='word_1_373' title='bbox 2419 2777 2474 2821; x_wconf 88' lang='lat' dir='ltr'>et</span> <span class='ocrx_word' id='word_1_374' title='bbox 2500 2769 2756 2840; x_wconf 80' lang='lat' dir='ltr'><strong>plangere</strong></span> <span class='ocrx_word' id='word_1_375' title='bbox 2777 2809 2790 2835; x_wconf 93' lang='lat'>,</span> <span class='ocrx_word' id='word_1_376' title='bbox 2819 2770 3022 2829; x_wconf 89' lang='lat' dir='ltr'><strong>luctum</strong></span> <span class='ocrx_word' id='word_1_377' title='bbox 3054 2786 3266 2833; x_wconf 87' lang='lat' dir='ltr'><strong>mutare</strong></span> <span class='ocrx_word' id='word_1_378' title='bbox 3305 2776 3487 2834; x_wconf 65' lang='lat' dir='ltr'><strong>laetitia</strong></span> <span class='ocrx_word' id='word_1_379' title='bbox 3517 2788 3572 2835; x_wconf 81' lang='lat' dir='ltr'>et</span> 
     </span>
    </p>
   </div>
   <div class='ocr_carea' id='block_1_54' title="bbox 288 2855 1906 2940">
    <p class='ocr_par' dir='ltr' id='par_1_54' title="bbox 288 2855 1880 2931">
     <span class='ocr_line' id='line_1_54' title="bbox 288 2855 1880 2931; baseline -0.003 -17"><span class='ocrx_word' id='word_1_380' title='bbox 288 2860 522 2931; x_wconf 76' lang='grc' dir='ltr'>ἑϐδόμῳ,</span> <span class='ocrx_word' id='word_1_381' title='bbox 576 2859 722 2914; x_wconf 79' lang='grc' dir='ltr'>καθὰ</span> <span class='ocrx_word' id='word_1_382' title='bbox 762 2859 1100 2931; x_wconf 79' lang='grc' dir='ltr'>γέγραπται,</span> <span class='ocrx_word' id='word_1_383' title='bbox 1147 2858 1239 2911; x_wconf 84' lang='grc' dir='ltr'>τὸν</span> <span class='ocrx_word' id='word_1_384' title='bbox 1291 2856 1542 2911; x_wconf 82' lang='grc' dir='ltr'>Γοδολίαν</span> <span class='ocrx_word' id='word_1_385' title='bbox 1590 2855 1801 2909; x_wconf 84' lang='grc' dir='ltr'>ἀνεῖλεν</span> <span class='ocrx_word' id='word_1_386' title='bbox 1852 2859 1880 2909; x_wconf 88' lang='grc' dir='ltr'><strong>ὁ</strong></span> 
     </span>
    </p>
   </div>
   <div class='ocr_carea' id='block_1_55' title="bbox 1982 2855 3569 2940">
    <p class='ocr_par' dir='ltr' id='par_1_55' title="bbox 1982 2860 3569 2940">
     <span class='ocr_line' id='line_1_55' title="bbox 1982 2860 3569 2940; baseline 0.011 -28"><span class='ocrx_word' id='word_1_387' title='bbox 1982 2860 2210 2929; x_wconf 73' lang='lat' dir='ltr'><strong>gaudere</strong></span> <span class='ocrx_word' id='word_1_388' title='bbox 2236 2860 2415 2930; x_wconf 87' lang='lat' dir='ltr'><strong>potius</strong></span> <span class='ocrx_word' id='word_1_389' title='bbox 2433 2862 2585 2932; x_wconf 89' lang='lat' dir='ltr'><strong>jubet</strong></span> <span class='ocrx_word' id='word_1_390' title='bbox 2615 2862 2682 2918; x_wconf 89' lang='lat' dir='ltr'>de</span> <span class='ocrx_word' id='word_1_391' title='bbox 2713 2865 2873 2922; x_wconf 90' lang='lat' dir='ltr'><strong>bonis</strong></span> <span class='ocrx_word' id='word_1_392' title='bbox 2922 2883 2950 2920; x_wconf 87' lang='lat' dir='ltr'>a</span> <span class='ocrx_word' id='word_1_393' title='bbox 3007 2867 3117 2922; x_wconf 88' lang='lat' dir='ltr'><strong>Deo</strong></span> <span class='ocrx_word' id='word_1_394' title='bbox 3144 2872 3403 2940; x_wconf 84' lang='lat' dir='ltr'><strong>acceptis.</strong></span> <span class='ocrx_word' id='word_1_395' title='bbox 3454 2875 3569 2929; x_wconf 84' lang='lat' dir='ltr'><strong>sive</strong></span> 
     </span>
    </p>
   </div>
   <div class='ocr_carea' id='block_1_56' title="bbox 300 2948 1906 3027">
    <p class='ocr_par' dir='ltr' id='par_1_56' title="bbox 300 2948 1881 3027">
     <span class='ocr_line' id='line_1_56' title="bbox 300 2948 1881 3027; baseline -0.004 -19"><span class='ocrx_word' id='word_1_396' title='bbox 300 2954 562 3027; x_wconf 77' lang='grc' dir='ltr'>Ἰσμαήλο</span> <span class='ocrx_word' id='word_1_397' title='bbox 617 2954 715 3008; x_wconf 70' lang='grc' dir='ltr'>καὶ</span> <span class='ocrx_word' id='word_1_398' title='bbox 758 2952 1032 3025; x_wconf 85' lang='grc' dir='ltr'>διεσπάρη</span> <span class='ocrx_word' id='word_1_399' title='bbox 1068 2953 1176 3015; x_wconf 81' lang='grc' dir='ltr'>πᾶς</span> <span class='ocrx_word' id='word_1_400' title='bbox 1210 2952 1239 3003; x_wconf 90' lang='lat'>6</span> <span class='ocrx_word' id='word_1_401' title='bbox 1269 2950 1397 3014; x_wconf 84' lang='grc' dir='ltr'>λαὸς</span> <span class='ocrx_word' id='word_1_402' title='bbox 1449 2949 1604 3011; x_wconf 85' lang='grc' dir='ltr'>τότε,</span> <span class='ocrx_word' id='word_1_403' title='bbox 1641 2948 1736 3003; x_wconf 70' lang='grc' dir='ltr'>καὶ</span> <span class='ocrx_word' id='word_1_404' title='bbox 1775 2950 1881 3002; x_wconf 84' lang='grc' dir='ltr'>άπ-</span> 
     </span>
    </p>
   </div>
   <div class='ocr_carea' id='block_1_57' title="bbox 1982 2948 3569 3027">
    <p class='ocr_par' dir='ltr' id='par_1_57' title="bbox 1982 2949 3569 3027">
     <span class='ocr_line' id='line_1_57' title="bbox 1982 2949 3569 3027; baseline 0.011 -24"><span class='ocrx_word' id='word_1_405' title='bbox 1982 2949 2312 3017; x_wconf 86' lang='lat' dir='ltr'><strong>memiuisse,</strong></span> <span class='ocrx_word' id='word_1_406' title='bbox 2342 2953 2412 3007; x_wconf 83' lang='lat' dir='ltr'>ob</span> <span class='ocrx_word' id='word_1_407' title='bbox 2444 2968 2564 3023; x_wconf 77' lang='lat' dir='ltr'><strong>qua:</strong></span> <span class='ocrx_word' id='word_1_408' title='bbox 2598 2955 2723 3009; x_wconf 91' lang='lat' dir='ltr'><strong>olim</strong></span> <span class='ocrx_word' id='word_1_409' title='bbox 2751 2958 2921 3027; x_wconf 90' lang='lat' dir='ltr'><strong>puniti</strong></span> <span class='ocrx_word' id='word_1_410' title='bbox 2950 2957 3171 3025; x_wconf 81' lang='lat' dir='ltr'><strong>fuerint,</strong></span> <span class='ocrx_word' id='word_1_411' title='bbox 3206 2979 3330 3019; x_wconf 86' lang='lat' dir='ltr'>cum</span> <span class='ocrx_word' id='word_1_412' title='bbox 3363 2964 3569 3020; x_wconf 78' lang='lat' dir='ltr'><strong>liberri-</strong></span> 
     </span>
    </p>
   </div>
   <div class='ocr_carea' id='block_1_58' title="bbox 288 3041 1906 3125">
    <p class='ocr_par' dir='ltr' id='par_1_58' title="bbox 288 3041 1873 3118">
     <span class='ocr_line' id='line_1_58' title="bbox 288 3041 1873 3118; baseline -0.002 -19"><span class='ocrx_word' id='word_1_413' title='bbox 288 3045 522 3118; x_wconf 84' lang='grc' dir='ltr'>έδραμον</span> <span class='ocrx_word' id='word_1_414' title='bbox 564 3046 644 3112; x_wconf 89' lang='grc' dir='ltr'>είς</span> <span class='ocrx_word' id='word_1_415' title='bbox 687 3046 788 3116; x_wconf 84' lang='grc' dir='ltr'>τὴν</span> <span class='ocrx_word' id='word_1_416' title='bbox 838 3045 1176 3114; x_wconf 77' lang='grc' dir='ltr'>Αἰγυπτίων,</span> <span class='ocrx_word' id='word_1_417' title='bbox 1226 3043 1323 3097; x_wconf 74' lang='grc' dir='ltr'>καὶ</span> <span class='ocrx_word' id='word_1_418' title='bbox 1373 3041 1691 3097; x_wconf 82' lang='grc' dir='ltr'>διολώλασιν</span> <span class='ocrx_word' id='word_1_419' title='bbox 1739 3043 1873 3098; x_wconf 76' lang='grc' dir='ltr'>ἐκεῖ.</span> 
     </span>
    </p>
   </div>
   <div class='ocr_carea' id='block_1_59' title="bbox 1982 3041 3567 3125">
    <p class='ocr_par' dir='ltr' id='par_1_59' title="bbox 1982 3041 3567 3125">
     <span class='ocr_line' id='line_1_59' title="bbox 1982 3041 3567 3125; baseline 0.011 -32"><span class='ocrx_word' id='word_1_420' title='bbox 1982 3056 2065 3097; x_wconf 91' lang='lat' dir='ltr'>me</span> <span class='ocrx_word' id='word_1_421' title='bbox 2079 3041 2377 3097; x_wconf 85' lang='lat' dir='ltr'><strong>sceleribus</strong></span> <span class='ocrx_word' id='word_1_422' title='bbox 2407 3058 2467 3099; x_wconf 85' lang='lat' dir='ltr'>se</span> <span class='ocrx_word' id='word_1_423' title='bbox 2492 3049 2974 3115; x_wconf 83' lang='lat' dir='ltr'><strong>commaculareut,</strong></span> <span class='ocrx_word' id='word_1_424' title='bbox 3005 3061 3061 3107; x_wconf 90' lang='lat' dir='ltr'>et</span> <span class='ocrx_word' id='word_1_425' title='bbox 3090 3054 3156 3107; x_wconf 89' lang='lat' dir='ltr'>ad</span> <span class='ocrx_word' id='word_1_426' title='bbox 3174 3055 3388 3125; x_wconf 83' lang='lat' dir='ltr'><strong>quidvis</strong></span> <span class='ocrx_word' id='word_1_427' title='bbox 3413 3057 3567 3110; x_wconf 61' lang='lat' dir='ltr'><strong>nefa.</strong></span> 
     </span>
    </p>
   </div>
   <div class='ocr_carea' id='block_1_60' title="bbox 286 3131 1906 3208">
    <p class='ocr_par' dir='ltr' id='par_1_60' title="bbox 286 3131 1877 3208">
     <span class='ocr_line' id='line_1_60' title="bbox 286 3131 1877 3208; baseline -0.003 -18"><span class='ocrx_word' id='word_1_428' title='bbox 286 3137 576 3208; x_wconf 81' lang='grc' dir='ltr'>Στυγητὴν</span> <span class='ocrx_word' id='word_1_429' title='bbox 609 3132 704 3193; x_wconf 78' lang='grc' dir='ltr'>οὖν</span> <span class='ocrx_word' id='word_1_430' title='bbox 739 3132 1025 3191; x_wconf 79' lang='grc' dir='ltr'>ἐποιοῦντο</span> <span class='ocrx_word' id='word_1_431' title='bbox 1076 3136 1173 3189; x_wconf 72' lang='grc' dir='ltr'>καὶ</span> <span class='ocrx_word' id='word_1_432' title='bbox 1220 3133 1321 3204; x_wconf 84' lang='grc' dir='ltr'>τὴν</span> <span class='ocrx_word' id='word_1_433' title='bbox 1363 3133 1601 3203; x_wconf 78' lang='grc' dir='ltr'>ἑϐδόμην</span> <span class='ocrx_word' id='word_1_434' title='bbox 1639 3131 1877 3202; x_wconf 77' lang='grc' dir='ltr'>ἡμέραν,</span> 
     </span>
    </p>
   </div>
   <div class='ocr_carea' id='block_1_61' title="bbox 1982 3131 2805 3208">
    <p class='ocr_par' dir='ltr' id='par_1_61' title="bbox 1982 3131 2805 3201">
     <span class='ocr_line' id='line_1_61' title="bbox 1982 3131 2805 3201; baseline 0.01 -17"><span class='ocrx_word' id='word_1_435' title='bbox 1982 3131 2119 3186; x_wconf 88' lang='lat' dir='ltr'><strong>rium</strong></span> <span class='ocrx_word' id='word_1_436' title='bbox 2161 3132 2306 3186; x_wconf 90' lang='lat' dir='ltr'><strong>nullo</strong></span> <span class='ocrx_word' id='word_1_437' title='bbox 2332 3134 2540 3201; x_wconf 89' lang='lat' dir='ltr'><strong>pudore</strong></span> <span class='ocrx_word' id='word_1_438' title='bbox 2566 3149 2805 3191; x_wconf 83' lang='lat' dir='ltr'><strong>ruerent.</strong></span> 
     </span>
    </p>
   </div>
   <div class='ocr_carea' id='block_1_62' title="bbox 286 3218 3567 3308">
    <p class='ocr_par' dir='ltr' id='par_1_62' title="bbox 286 3218 3567 3308">
     <span class='ocr_line' id='line_1_62' title="bbox 286 3218 3567 3308; baseline 0.003 -27"><span class='ocrx_word' id='word_1_439' title='bbox 286 3227 378 3281; x_wconf 73' lang='grc' dir='ltr'>καὶ</span> <span class='ocrx_word' id='word_1_440' title='bbox 410 3226 573 3281; x_wconf 81' lang='grc' dir='ltr'>αὐτὸν</span> <span class='ocrx_word' id='word_1_441' title='bbox 618 3225 675 3280; x_wconf 75' lang='grc' dir='ltr'>δὲ</span> <span class='ocrx_word' id='word_1_442' title='bbox 720 3226 811 3279; x_wconf 81' lang='grc' dir='ltr'>τὸν</span> <span class='ocrx_word' id='word_1_443' title='bbox 849 3224 1017 3296; x_wconf 77' lang='grc' dir='ltr'>μῆνα,</span> <span class='ocrx_word' id='word_1_444' title='bbox 1048 3225 1255 3293; x_wconf 81' lang='grc' dir='ltr'>ταύτης</span> <span class='ocrx_word' id='word_1_445' title='bbox 1284 3223 1472 3277; x_wconf 72' lang='grc' dir='ltr'>ἕνεκεν</span> <span class='ocrx_word' id='word_1_446' title='bbox 1513 3224 1613 3293; x_wconf 79' lang='grc' dir='ltr'>τῆς</span> <span class='ocrx_word' id='word_1_447' title='bbox 1665 3220 1866 3283; x_wconf 83' lang='grc' dir='ltr'>αἰτίας.</span> <span class='ocrx_word' id='word_1_448' title='bbox 1906 3221 2040 3274; x_wconf 83' lang='grc' dir='ltr'>Ἤδε</span> <span class='ocrx_word' id='word_1_449' title='bbox 2072 3221 2171 3291; x_wconf 81' lang='grc' dir='ltr'>μὲν</span> <span class='ocrx_word' id='word_1_450' title='bbox 2238 3218 2330 3277; x_wconf 82' lang='grc' dir='ltr'>οὖν</span> <span class='ocrx_word' id='word_1_451' title='bbox 2397 3224 2507 3278; x_wconf 80' lang='grc' dir='ltr'>τῶν</span> <span class='ocrx_word' id='word_1_452' title='bbox 2546 3228 2815 3296; x_wconf 82' lang='grc' dir='ltr'>νηστειῶν</span> <span class='ocrx_word' id='word_1_453' title='bbox 2846 3231 2879 3300; x_wconf 83' lang='grc' dir='ltr'>ὴ</span> <span class='ocrx_word' id='word_1_454' title='bbox 2913 3232 3209 3302; x_wconf 80' lang='grc' dir='ltr'>πρόφασις.</span> <span class='ocrx_word' id='word_1_455' title='bbox 3252 3236 3470 3308; x_wconf 79' lang='grc' dir='ltr'>Ἐπειδὴ</span> <span class='ocrx_word' id='word_1_456' title='bbox 3508 3236 3567 3291; x_wconf 73' lang='grc' dir='ltr'>ὂδ</span> 
     </span>
    </p>
   </div>
   <div class='ocr_carea' id='block_1_63' title="bbox 286 3313 3567 3398">
    <p class='ocr_par' dir='ltr' id='par_1_63' title="bbox 286 3313 3567 3398">
     <span class='ocr_line' id='line_1_63' title="bbox 286 3313 3567 3398; baseline 0.002 -25"><span class='ocrx_word' id='word_1_457' title='bbox 286 3318 575 3373; x_wconf 83' lang='grc' dir='ltr'>ἀκόλουθον</span> <span class='ocrx_word' id='word_1_458' title='bbox 606 3315 695 3385; x_wconf 82' lang='grc' dir='ltr'>ἦν,</span> <span class='ocrx_word' id='word_1_459' title='bbox 740 3317 1110 3389; x_wconf 83' lang='grc' dir='ltr'>πεπαυμένων</span> <span class='ocrx_word' id='word_1_460' title='bbox 1144 3316 1255 3371; x_wconf 88' lang='grc' dir='ltr'>τῶν</span> <span class='ocrx_word' id='word_1_461' title='bbox 1294 3317 1353 3384; x_wconf 73' lang='grc' dir='ltr'>ἐξ</span> <span class='ocrx_word' id='word_1_462' title='bbox 1423 3318 1597 3388; x_wconf 86' lang='grc' dir='ltr'>ὀργῆς</span> <span class='ocrx_word' id='word_1_463' title='bbox 1626 3358 1640 3382; x_wconf 89' lang='grc'>,</span> <span class='ocrx_word' id='word_1_464' title='bbox 1667 3315 1762 3370; x_wconf 76' lang='grc' dir='ltr'>καὶ</span> <span class='ocrx_word' id='word_1_465' title='bbox 1826 3313 2291 3385; x_wconf 32' lang='grc' dir='ltr'>ἀνακομισθέντοςν</span> <span class='ocrx_word' id='word_1_466' title='bbox 2356 3316 2454 3371; x_wconf 87' lang='grc' dir='ltr'>τοῦ</span> <span class='ocrx_word' id='word_1_467' title='bbox 2491 3319 2708 3391; x_wconf 81' lang='grc' dir='ltr'>Ἰσραὴλ</span> <span class='ocrx_word' id='word_1_468' title='bbox 2756 3324 2833 3386; x_wconf 80' lang='grc' dir='ltr'>ἐίς</span> <span class='ocrx_word' id='word_1_469' title='bbox 2871 3323 3256 3398; x_wconf 85' lang='grc' dir='ltr'>Ἱεροσόλυμα,</span> <span class='ocrx_word' id='word_1_470' title='bbox 3309 3330 3404 3384; x_wconf 75' lang='grc' dir='ltr'>καὶ</span> <span class='ocrx_word' id='word_1_471' title='bbox 3456 3330 3567 3384; x_wconf 83' lang='grc' dir='ltr'>τῶν</span> 
     </span>
    </p>
   </div>
   <div class='ocr_carea' id='block_1_64' title="bbox 286 3407 3563 3486">
    <p class='ocr_par' dir='ltr' id='par_1_64' title="bbox 286 3407 3563 3486">
     <span class='ocr_line' id='line_1_64' title="bbox 286 3407 3563 3486; baseline 0.004 -21"><span class='ocrx_word' id='word_1_472' title='bbox 286 3410 627 3482; x_wconf 84' lang='grc' dir='ltr'>σκυθρωπῶν</span> <span class='ocrx_word' id='word_1_473' title='bbox 662 3408 1154 3481; x_wconf 86' lang='grc' dir='ltr'>παρεληλακότων,</span> <span class='ocrx_word' id='word_1_474' title='bbox 1213 3408 1289 3481; x_wconf 78' lang='grc' dir='ltr'>μὴ</span> <span class='ocrx_word' id='word_1_475' title='bbox 1336 3408 1620 3480; x_wconf 70' lang='grc' dir='ltr'>νηστεύειν</span> <span class='ocrx_word' id='word_1_476' title='bbox 1693 3407 1773 3461; x_wconf 82' lang='grc' dir='ltr'>ἔτι</span> <span class='ocrx_word' id='word_1_477' title='bbox 1811 3409 1908 3461; x_wconf 77' lang='grc' dir='ltr'>καὶ</span> <span class='ocrx_word' id='word_1_478' title='bbox 1968 3408 2286 3473; x_wconf 86' lang='grc' dir='ltr'>κόπτεσθαι,</span> <span class='ocrx_word' id='word_1_479' title='bbox 2342 3412 2819 3480; x_wconf 83' lang='grc' dir='ltr'>μεταπλάττεσοαι</span> <span class='ocrx_word' id='word_1_480' title='bbox 2872 3417 3084 3472; x_wconf 84' lang='grc' dir='ltr'>κελεύει</span> <span class='ocrx_word' id='word_1_481' title='bbox 3125 3420 3187 3474; x_wconf 83' lang='grc' dir='ltr'>τὸ</span> <span class='ocrx_word' id='word_1_482' title='bbox 3235 3421 3433 3482; x_wconf 68' lang='grc' dir='ltr'>πένθος</span> <span class='ocrx_word' id='word_1_483' title='bbox 3480 3425 3563 3486; x_wconf 79' lang='grc' dir='ltr'>είς</span> 
     </span>
    </p>
   </div>
   <div class='ocr_carea' id='block_1_65' title="bbox 285 3496 3561 3583">
    <p class='ocr_par' dir='ltr' id='par_1_65' title="bbox 285 3496 3561 3583">
     <span class='ocr_line' id='line_1_65' title="bbox 285 3496 3561 3583; baseline -0.001 -27"><span class='ocrx_word' id='word_1_484' title='bbox 285 3504 572 3575; x_wconf 82' lang='grc' dir='ltr'>εὐθυμίαν,</span> <span class='ocrx_word' id='word_1_485' title='bbox 599 3502 825 3575; x_wconf 72' lang='grc' dir='ltr'>ἥδεσθαί</span> <span class='ocrx_word' id='word_1_486' title='bbox 848 3519 909 3557; x_wconf 76' lang='grc' dir='ltr'>τε</span> <span class='ocrx_word' id='word_1_487' title='bbox 941 3502 1145 3574; x_wconf 78' lang='grc' dir='ltr'>μᾶλλον</span> <span class='ocrx_word' id='word_1_488' title='bbox 1169 3503 1255 3572; x_wconf 70' lang='grc' dir='ltr'>ἐφ’</span> <span class='ocrx_word' id='word_1_489' title='bbox 1281 3496 1363 3565; x_wconf 75' lang='grc' dir='ltr'>οἷς</span> <span class='ocrx_word' id='word_1_490' title='bbox 1400 3500 1589 3570; x_wconf 71' lang='grc' dir='ltr'>έχουσι.</span> <span class='ocrx_word' id='word_1_491' title='bbox 1620 3499 1876 3564; x_wconf 85' lang='grc' dir='ltr'>λαϐόντες</span> <span class='ocrx_word' id='word_1_492' title='bbox 1914 3499 2069 3573; x_wconf 85' lang='grc' dir='ltr'>παρὰ</span> <span class='ocrx_word' id='word_1_493' title='bbox 2101 3499 2261 3563; x_wconf 85' lang='grc' dir='ltr'>Θεοῦ,</span> <span class='ocrx_word' id='word_1_494' title='bbox 2329 3501 2497 3573; x_wconf 69' lang='grc' dir='ltr'>ἤγουν</span> <span class='ocrx_word' id='word_1_495' title='bbox 2537 3504 2629 3559; x_wconf 80' lang='grc' dir='ltr'>διὰ</span> <span class='ocrx_word' id='word_1_496' title='bbox 2671 3508 2893 3581; x_wconf 79' lang='grc' dir='ltr'>μνήμης</span> <span class='ocrx_word' id='word_1_497' title='bbox 2931 3510 3074 3583; x_wconf 77' lang='grc' dir='ltr'>ἔχειν</span> <span class='ocrx_word' id='word_1_498' title='bbox 3112 3511 3180 3565; x_wconf 85' lang='grc' dir='ltr'>τὰ</span> <span class='ocrx_word' id='word_1_499' title='bbox 3212 3514 3297 3582; x_wconf 79' lang='grc' dir='ltr'>ἐφ’</span> <span class='ocrx_word' id='word_1_500' title='bbox 3331 3508 3415 3578; x_wconf 73' lang='grc' dir='ltr'>οἷς</span> <span class='ocrx_word' id='word_1_501' title='bbox 3474 3530 3561 3567; x_wconf 83' lang='grc' dir='ltr'>τε-</span> 
     </span>
    </p>
   </div>
   <div class='ocr_carea' id='block_1_66' title="bbox 283 3591 3560 3679">
    <p class='ocr_par' dir='ltr' id='par_1_66' title="bbox 283 3591 3560 3679">
     <span class='ocr_line' id='line_1_66' title="bbox 283 3591 3560 3679; baseline 0.004 -31"><span class='ocrx_word' id='word_1_502' title='bbox 283 3594 623 3667; x_wconf 78' lang='grc' dir='ltr'>τιμώρηνται</span> <span class='ocrx_word' id='word_1_503' title='bbox 672 3597 813 3651; x_wconf 74' lang='grc' dir='ltr'>κατὰ</span> <span class='ocrx_word' id='word_1_504' title='bbox 868 3594 1118 3668; x_wconf 79' lang='grc' dir='ltr'>καιροὺς,</span> <span class='ocrx_word' id='word_1_505' title='bbox 1167 3592 1618 3665; x_wconf 77' lang='grc' dir='ltr'>πλημμελοῦντες</span> <span class='ocrx_word' id='word_1_506' title='bbox 1693 3591 2043 3661; x_wconf 76' lang='grc' dir='ltr'>ἀφυλάκτως,</span> <span class='ocrx_word' id='word_1_507' title='bbox 2094 3591 2191 3649; x_wconf 73' lang='grc' dir='ltr'>καὶ</span> <span class='ocrx_word' id='word_1_508' title='bbox 2247 3592 2385 3664; x_wconf 77' lang='grc' dir='ltr'>πρὸς</span> <span class='ocrx_word' id='word_1_509' title='bbox 2445 3597 2554 3652; x_wconf 83' lang='grc' dir='ltr'>πᾶν</span> <span class='ocrx_word' id='word_1_510' title='bbox 2622 3599 2800 3652; x_wconf 81' lang='grc' dir='ltr'>ὁτιοῦν</span> <span class='ocrx_word' id='word_1_511' title='bbox 2875 3600 2984 3655; x_wconf 82' lang='grc' dir='ltr'>τῶν</span> <span class='ocrx_word' id='word_1_512' title='bbox 3030 3603 3279 3658; x_wconf 80' lang='grc' dir='ltr'>ἐκτόπων</span> <span class='ocrx_word' id='word_1_513' title='bbox 3328 3605 3560 3679; x_wconf 87' lang='grc' dir='ltr'>ἀναίδην</span> 
     </span>
    </p>
   </div>
   <div class='ocr_carea' id='block_1_67' title="bbox 282 3684 650 3751">
    <p class='ocr_par' dir='ltr' id='par_1_67' title="bbox 282 3684 650 3751">
     <span class='ocr_line' id='line_1_67' title="bbox 282 3684 650 3751; baseline -0.008 -12"><span class='ocrx_word' id='word_1_514' title='bbox 282 3684 650 3751; x_wconf 81' lang='grc' dir='ltr'>ὼλισθηκότες</span> 
     </span>
    </p>
   </div>
   <div class='ocr_carea' id='block_1_68' title="bbox 355 3768 1906 3849">
    <p class='ocr_par' dir='ltr' id='par_1_68' title="bbox 355 3774 1906 3849">
     <span class='ocr_line' id='line_1_68' title="bbox 355 3774 1906 3849; baseline 0.001 -17"><span class='ocrx_word' id='word_1_515' title='bbox 355 3779 594 3848; x_wconf 83' lang='grc' dir='ltr'>Δέδρακε</span> <span class='ocrx_word' id='word_1_516' title='bbox 620 3777 778 3832; x_wconf 87' lang='grc' dir='ltr'>τοῦτο</span> <span class='ocrx_word' id='word_1_517' title='bbox 814 3777 908 3832; x_wconf 73' lang='grc' dir='ltr'>καὶ</span> <span class='ocrx_word' id='word_1_518' title='bbox 940 3779 1020 3841; x_wconf 82' lang='grc' dir='ltr'>είς</span> <span class='ocrx_word' id='word_1_519' title='bbox 1060 3777 1210 3848; x_wconf 79' lang='grc' dir='ltr'>ἡμᾶς</span> <span class='ocrx_word' id='word_1_520' title='bbox 1235 3778 1263 3831; x_wconf 91' lang='lat'>6</span> <span class='ocrx_word' id='word_1_521' title='bbox 1297 3777 1554 3849; x_wconf 89' lang='grc' dir='ltr'>Χριστός.</span> <span class='ocrx_word' id='word_1_522' title='bbox 1593 3774 1865 3847; x_wconf 72' lang='grc' dir='ltr'>Ἔστρεψε</span> <span class='ocrx_word' id='word_1_523' title='bbox 1896 3782 1906 3833; x_wconf 85' lang='lat' dir='ltr'>l</span> 
     </span>
    </p>
   </div>
   <div class='ocr_carea' id='block_1_69' title="bbox 1982 3768 3550 3849">
    <p class='ocr_par' dir='ltr' id='par_1_69' title="bbox 2042 3768 3550 3845">
     <span class='ocr_line' id='line_1_69' title="bbox 2042 3768 3550 3845; baseline 0.015 -23"><span class='ocrx_word' id='word_1_524' title='bbox 2042 3768 2196 3823; x_wconf 82' lang='lat' dir='ltr'><strong>Fecit</strong></span> <span class='ocrx_word' id='word_1_525' title='bbox 2246 3770 2349 3825; x_wconf 90' lang='lat' dir='ltr'>hoc</span> <span class='ocrx_word' id='word_1_526' title='bbox 2382 3774 2553 3825; x_wconf 85' lang='lat' dir='ltr'><strong>etiam</strong></span> <span class='ocrx_word' id='word_1_527' title='bbox 2586 3774 2739 3828; x_wconf 84' lang='lat' dir='ltr'><strong>nobis</strong></span> <span class='ocrx_word' id='word_1_528' title='bbox 2786 3775 3058 3834; x_wconf 86' lang='lat' dir='ltr'><strong>Christus.</strong></span> <span class='ocrx_word' id='word_1_529' title='bbox 3098 3780 3374 3841; x_wconf 81' lang='lat' dir='ltr'><strong>Convertit</strong></span> <span class='ocrx_word' id='word_1_530' title='bbox 3406 3791 3550 3845; x_wconf 88' lang='lat' dir='ltr'><strong>enim</strong></span> 
     </span>
    </p>
   </div>
   <div class='ocr_carea' id='block_1_70' title="bbox 284 3861 1906 3939">
    <p class='ocr_par' dir='ltr' id='par_1_70' title="bbox 284 3864 1869 3939">
     <span class='ocr_line' id='line_1_70' title="bbox 284 3864 1869 3939; baseline -0.001 -20"><span class='ocrx_word' id='word_1_531' title='bbox 284 3866 394 3939; x_wconf 76' lang='grc' dir='ltr'>γὰρ</span> <span class='ocrx_word' id='word_1_532' title='bbox 446 3886 464 3918; x_wconf 77' lang='grc' dir='ltr'>ι</span> <span class='ocrx_word' id='word_1_533' title='bbox 499 3868 631 3936; x_wconf 77' lang='grc' dir='ltr'>ἡμῖν</span> <span class='ocrx_word' id='word_1_534' title='bbox 671 3866 767 3919; x_wconf 63' lang='grc' dir='ltr'>σὺν</span> <span class='ocrx_word' id='word_1_535' title='bbox 803 3866 1034 3920; x_wconf 78' lang='grc' dir='ltr'>κοπετὸν</span> <span class='ocrx_word' id='word_1_536' title='bbox 1082 3868 1165 3930; x_wconf 91' lang='grc' dir='ltr'>είς</span> <span class='ocrx_word' id='word_1_537' title='bbox 1210 3866 1412 3938; x_wconf 82' lang='grc' dir='ltr'>χαρὰν,</span> <span class='ocrx_word' id='word_1_538' title='bbox 1467 3865 1721 3939; x_wconf 75' lang='grc' dir='ltr'>διέρρηξε</span> <span class='ocrx_word' id='word_1_539' title='bbox 1778 3864 1869 3917; x_wconf 81' lang='grc' dir='ltr'>τὸν</span> 
     </span>
    </p>
   </div>
   <div class='ocr_carea' id='block_1_71' title="bbox 1982 3861 3551 3939">
    <p class='ocr_par' dir='ltr' id='par_1_71' title="bbox 1982 3861 3551 3937">
     <span class='ocr_line' id='line_1_71' title="bbox 1982 3861 3551 3937; baseline 0.013 -22"><span class='ocrx_word' id='word_1_540' title='bbox 1982 3880 1999 3915; x_wconf 90' lang='grc' dir='ltr'>ι</span> <span class='ocrx_word' id='word_1_541' title='bbox 2031 3861 2309 3931; x_wconf 83' lang='lat' dir='ltr'><strong>planctum</strong></span> <span class='ocrx_word' id='word_1_542' title='bbox 2329 3874 2578 3919; x_wconf 84' lang='lat' dir='ltr'><strong>nostrum</strong></span> <span class='ocrx_word' id='word_1_543' title='bbox 2613 3866 2664 3920; x_wconf 91' lang='lat' dir='ltr'>in</span> <span class='ocrx_word' id='word_1_544' title='bbox 2720 3870 2997 3937; x_wconf 74' lang='lat' dir='ltr'><strong>gaudium,</strong></span> <span class='ocrx_word' id='word_1_545' title='bbox 3033 3876 3295 3930; x_wconf 89' lang='lat' dir='ltr'><strong>conscidit</strong></span> <span class='ocrx_word' id='word_1_546' title='bbox 3336 3894 3551 3936; x_wconf 86' lang='lat' dir='ltr'><strong>saccum</strong></span> 
     </span>
    </p>
   </div>
   <div class='ocr_carea' id='block_1_72' title="bbox 284 3954 1906 4030">
    <p class='ocr_par' dir='ltr' id='par_1_72' title="bbox 284 3955 1868 4030">
     <span class='ocr_line' id='line_1_72' title="bbox 284 3955 1868 4030; baseline -0.001 -20"><span class='ocrx_word' id='word_1_547' title='bbox 284 3959 489 4012; x_wconf 85' lang='grc' dir='ltr'>σάκκον</span> <span class='ocrx_word' id='word_1_548' title='bbox 518 3957 609 4011; x_wconf 88' lang='grc' dir='ltr'>καί</span> <span class='ocrx_word' id='word_1_549' title='bbox 643 3955 981 4029; x_wconf 78' lang='grc' dir='ltr'>περιέζωσεν</span> <span class='ocrx_word' id='word_1_550' title='bbox 1008 3957 1373 4030; x_wconf 81' lang='grc' dir='ltr'>εὐφροσύνην,</span> <span class='ocrx_word' id='word_1_551' title='bbox 1418 3974 1437 4009; x_wconf 85' lang='grc' dir='ltr'>ι</span> <span class='ocrx_word' id='word_1_552' title='bbox 1471 3957 1613 4011; x_wconf 84' lang='grc' dir='ltr'>κατὰ</span> <span class='ocrx_word' id='word_1_553' title='bbox 1640 3958 1740 4028; x_wconf 83' lang='grc' dir='ltr'>τὴν</span> <span class='ocrx_word' id='word_1_554' title='bbox 1774 3955 1868 4009; x_wconf 88' lang='grc' dir='ltr'>τοῦ</span> 
     </span>
    </p>
   </div>
   <div class='ocr_carea' id='block_1_73' title="bbox 1982 3954 3555 4030">
    <p class='ocr_par' dir='ltr' id='par_1_73' title="bbox 1982 3954 3555 4029">
     <span class='ocr_line' id='line_1_73' title="bbox 1982 3954 3555 4029; baseline 0.013 -23"><span class='ocrx_word' id='word_1_555' title='bbox 1982 3963 2247 4019; x_wconf 87' lang='lat' dir='ltr'><strong>nostrum,</strong></span> <span class='ocrx_word' id='word_1_556' title='bbox 2280 3961 2337 4007; x_wconf 89' lang='lat' dir='ltr'>et</span> <span class='ocrx_word' id='word_1_557' title='bbox 2387 3954 2747 4011; x_wconf 85' lang='lat' dir='ltr'><strong>circumdedit</strong></span> <span class='ocrx_word' id='word_1_558' title='bbox 2816 3974 2912 4014; x_wconf 91' lang='lat' dir='ltr'>nos</span> <span class='ocrx_word' id='word_1_559' title='bbox 2970 3960 3174 4029; x_wconf 69' lang='lat' dir='ltr'><strong>laetitia,</strong></span> <span class='ocrx_word' id='word_1_560' title='bbox 3207 3984 3227 4018; x_wconf 76' lang='grc' dir='ltr'>ι</span> <span class='ocrx_word' id='word_1_561' title='bbox 3267 3967 3555 4027; x_wconf 80' lang='lat' dir='ltr'><strong>utPsaltcs</strong></span> 
     </span>
    </p>
   </div>
   <div class='ocr_carea' id='block_1_74' title="bbox 280 4037 1906 4126">
    <p class='ocr_par' dir='ltr' id='par_1_74' title="bbox 280 4037 1867 4120">
     <span class='ocr_line' id='line_1_74' title="bbox 280 4037 1867 4120; baseline -0.002 -16"><span class='ocrx_word' id='word_1_562' title='bbox 280 4048 588 4112; x_wconf 71' lang='grc' dir='ltr'>Ψάλλοντος</span> <span class='ocrx_word' id='word_1_563' title='bbox 637 4050 841 4119; x_wconf 79' lang='grc' dir='ltr'>φωνήν.</span> <span class='ocrx_word' id='word_1_564' title='bbox 888 4048 1299 4120; x_wconf 81' lang='grc' dir='ltr'>Ἐπαιτιὼμεθα</span> <span class='ocrx_word' id='word_1_565' title='bbox 1344 4048 1405 4103; x_wconf 82' lang='grc' dir='ltr'>δὲ</span> <span class='ocrx_word' id='word_1_566' title='bbox 1458 4048 1745 4120; x_wconf 79' lang='grc' dir='ltr'>οὐδαμῶς,</span> <span class='ocrx_word' id='word_1_567' title='bbox 1779 4037 1867 4101; x_wconf 74' lang='grc' dir='ltr'>ὅτι</span> 
     </span>
    </p>
   </div>
   <div class='ocr_carea' id='block_1_75' title="bbox 1982 4037 3552 4126">
    <p class='ocr_par' dir='ltr' id='par_1_75' title="bbox 1982 4042 3552 4126">
     <span class='ocr_line' id='line_1_75' title="bbox 1982 4042 3552 4126; baseline 0.011 -28"><span class='ocrx_word' id='word_1_568' title='bbox 1982 4045 2121 4099; x_wconf 77' lang='lat' dir='ltr'><strong>canit</strong></span> <span class='ocrx_word' id='word_1_569' title='bbox 2147 4044 2216 4098; x_wconf 83' lang='grc'>⁸³.</span> <span class='ocrx_word' id='word_1_570' title='bbox 2252 4042 2365 4099; x_wconf 81' lang='lat' dir='ltr'>Nec</span> <span class='ocrx_word' id='word_1_571' title='bbox 2392 4048 2777 4116; x_wconf 88' lang='lat' dir='ltr'><strong>conquerimur</strong></span> <span class='ocrx_word' id='word_1_572' title='bbox 2802 4051 2907 4103; x_wconf 88' lang='lat' dir='ltr'><strong>ulla</strong></span> <span class='ocrx_word' id='word_1_573' title='bbox 2939 4067 3000 4105; x_wconf 81' lang='lat' dir='ltr'><strong>ex</strong></span> <span class='ocrx_word' id='word_1_574' title='bbox 3042 4064 3213 4121; x_wconf 84' lang='lat' dir='ltr'><strong>parte,</strong></span> <span class='ocrx_word' id='word_1_575' title='bbox 3255 4061 3395 4126; x_wconf 85' lang='lat' dir='ltr'><strong>quod</strong></span> <span class='ocrx_word' id='word_1_576' title='bbox 3425 4076 3552 4116; x_wconf 87' lang='lat' dir='ltr'>cum</span> 
     </span>
    </p>
   </div>
   <div class='ocr_carea' id='block_1_76' title="bbox 282 4139 1866 4213">
    <p class='ocr_par' dir='ltr' id='par_1_76' title="bbox 282 4139 1866 4213">
     <span class='ocr_line' id='line_1_76' title="bbox 282 4139 1866 4213; baseline -0.002 -18"><span class='ocrx_word' id='word_1_577' title='bbox 282 4140 414 4195; x_wconf 78' lang='grc' dir='ltr'>Θεὸν</span> <span class='ocrx_word' id='word_1_578' title='bbox 452 4142 551 4193; x_wconf 87' lang='grc' dir='ltr'>οὐκ</span> <span class='ocrx_word' id='word_1_579' title='bbox 574 4139 776 4204; x_wconf 78' lang='grc' dir='ltr'>εἰδότες</span> <span class='ocrx_word' id='word_1_580' title='bbox 804 4140 933 4196; x_wconf 75' lang='grc' dir='ltr'>ποτὲ</span> <span class='ocrx_word' id='word_1_581' title='bbox 954 4180 968 4205; x_wconf 90' lang='grc'>,</span> <span class='ocrx_word' id='word_1_582' title='bbox 996 4142 1093 4195; x_wconf 77' lang='grc' dir='ltr'>καὶ</span> <span class='ocrx_word' id='word_1_583' title='bbox 1126 4140 1563 4213; x_wconf 81' lang='grc' dir='ltr'>προσκυνοῦντες</span> <span class='ocrx_word' id='word_1_584' title='bbox 1591 4144 1658 4212; x_wconf 83' lang='grc' dir='ltr'>τῇ</span> <span class='ocrx_word' id='word_1_585' title='bbox 1691 4140 1866 4193; x_wconf 89' lang='grc' dir='ltr'>κτίσει</span> 
     </span>
    </p>
   </div>
   <div class='ocr_carea' id='block_1_77' title="bbox 281 4230 1863 4304">
    <p class='ocr_par' dir='ltr' id='par_1_77' title="bbox 281 4230 1863 4304">
     <span class='ocr_line' id='line_1_77' title="bbox 281 4230 1863 4304; baseline -0.002 -17"><span class='ocrx_word' id='word_1_586' title='bbox 281 4232 433 4304; x_wconf 70' lang='grc' dir='ltr'>παρὰ</span> <span class='ocrx_word' id='word_1_587' title='bbox 458 4231 555 4285; x_wconf 75' lang='grc' dir='ltr'>τὸν</span> <span class='ocrx_word' id='word_1_588' title='bbox 581 4232 865 4297; x_wconf 82' lang='grc' dir='ltr'>κτίσαντα,</span> <span class='ocrx_word' id='word_1_589' title='bbox 896 4231 1268 4302; x_wconf 77' lang='grc' dir='ltr'>πεπτώκαμεν</span> <span class='ocrx_word' id='word_1_590' title='bbox 1298 4232 1405 4285; x_wconf 73' lang='grc' dir='ltr'>ὑπὸ</span> <span class='ocrx_word' id='word_1_591' title='bbox 1440 4231 1605 4295; x_wconf 85' lang='grc' dir='ltr'>πόδας</span> <span class='ocrx_word' id='word_1_592' title='bbox 1632 4230 1863 4304; x_wconf 70' lang='grc' dir='ltr'>ἐχθρῶν,</span> 
     </span>
    </p>
   </div>
   <div class='ocr_carea' id='block_1_78' title="bbox 280 4323 1865 4395">
    <p class='ocr_par' dir='ltr' id='par_1_78' title="bbox 280 4323 1865 4395">
     <span class='ocr_line' id='line_1_78' title="bbox 280 4323 1865 4395; baseline -0.003 -15"><span class='ocrx_word' id='word_1_593' title='bbox 280 4325 373 4380; x_wconf 69' lang='grc' dir='ltr'>καὶ</span> <span class='ocrx_word' id='word_1_594' title='bbox 405 4325 483 4388; x_wconf 84' lang='grc' dir='ltr'>είς</span> <span class='ocrx_word' id='word_1_595' title='bbox 520 4324 645 4379; x_wconf 91' lang='grc' dir='ltr'>νοῦν</span> <span class='ocrx_word' id='word_1_596' title='bbox 676 4323 937 4394; x_wconf 86' lang='grc' dir='ltr'>ἀδόκιμον</span> <span class='ocrx_word' id='word_1_597' title='bbox 971 4323 1355 4395; x_wconf 86' lang='grc' dir='ltr'>παρεδόθημεν</span> <span class='ocrx_word' id='word_1_598' title='bbox 1380 4339 1393 4353; x_wconf 87' lang='grc'><strong>·</strong></span> <span class='ocrx_word' id='word_1_599' title='bbox 1431 4323 1865 4395; x_wconf 81' lang='grc' dir='ltr'>εὐχαριστοῦμεν</span> 
     </span>
    </p>
   </div>
   <div class='ocr_carea' id='block_1_79' title="bbox 277 4410 1865 4489">
    <p class='ocr_par' dir='ltr' id='par_1_79' title="bbox 277 4410 1865 4489">
     <span class='ocr_line' id='line_1_79' title="bbox 277 4410 1865 4489; baseline -0.001 -18"><span class='ocrx_word' id='word_1_600' title='bbox 277 4417 333 4471; x_wconf 68' lang='grc' dir='ltr'>δὲ</span> <span class='ocrx_word' id='word_1_601' title='bbox 386 4416 587 4489; x_wconf 78' lang='grc' dir='ltr'>μᾶλλον</span> <span class='ocrx_word' id='word_1_602' title='bbox 628 4416 713 4484; x_wconf 78' lang='grc' dir='ltr'>ἐφ’</span> <span class='ocrx_word' id='word_1_603' title='bbox 738 4410 820 4480; x_wconf 77' lang='grc' dir='ltr'>οἷς</span> <span class='ocrx_word' id='word_1_604' title='bbox 851 4415 1154 4487; x_wconf 72' lang='grc' dir='ltr'>ἠλεήμεθα,</span> <span class='ocrx_word' id='word_1_605' title='bbox 1194 4415 1290 4471; x_wconf 73' lang='grc' dir='ltr'>καὶ</span> <span class='ocrx_word' id='word_1_606' title='bbox 1333 4414 1678 4485; x_wconf 82' lang='grc' dir='ltr'>σεσώσμεθα,</span> <span class='ocrx_word' id='word_1_607' title='bbox 1714 4435 1733 4466; x_wconf 76' lang='grc' dir='ltr'>ι</span> <span class='ocrx_word' id='word_1_608' title='bbox 1771 4417 1865 4469; x_wconf 75' lang='grc' dir='ltr'>καὶ</span> 
     </span>
    </p>
   </div>
   <div class='ocr_carea' id='block_1_80' title="bbox 278 4507 1863 4582">
    <p class='ocr_par' dir='ltr' id='par_1_80' title="bbox 278 4507 1863 4582">
     <span class='ocr_line' id='line_1_80' title="bbox 278 4507 1863 4582; baseline -0.001 -18"><span class='ocrx_word' id='word_1_609' title='bbox 278 4514 347 4565; x_wconf 79' lang='grc' dir='ltr'>ἐκ</span> <span class='ocrx_word' id='word_1_610' title='bbox 389 4510 574 4582; x_wconf 81' lang='grc' dir='ltr'>χειρὸς</span> <span class='ocrx_word' id='word_1_611' title='bbox 615 4508 828 4581; x_wconf 70' lang='grc' dir='ltr'>ἐχθρῶν</span> <span class='ocrx_word' id='word_1_612' title='bbox 878 4507 1290 4580; x_wconf 86' lang='grc' dir='ltr'>λελυτρώμεθα,</span> <span class='ocrx_word' id='word_1_613' title='bbox 1336 4526 1359 4561; x_wconf 72' lang='grc' dir='ltr'>ι</span> <span class='ocrx_word' id='word_1_614' title='bbox 1411 4508 1507 4561; x_wconf 78' lang='grc' dir='ltr'>καὶ</span> <span class='ocrx_word' id='word_1_615' title='bbox 1555 4507 1655 4580; x_wconf 78' lang='grc' dir='ltr'>τὴν</span> <span class='ocrx_word' id='word_1_616' title='bbox 1702 4509 1863 4576; x_wconf 79' lang='grc' dir='ltr'>ἁγίαν</span> 
     </span>
    </p>
   </div>
   <div class='ocr_carea' id='block_1_81' title="bbox 275 4598 1863 4671">
    <p class='ocr_par' dir='ltr' id='par_1_81' title="bbox 275 4598 1863 4671">
     <span class='ocr_line' id='line_1_81' title="bbox 275 4598 1863 4671; baseline -0.001 -16"><span class='ocrx_word' id='word_1_617' title='bbox 275 4602 534 4671; x_wconf 78' lang='grc' dir='ltr'>οἰκοῦμεν</span> <span class='ocrx_word' id='word_1_618' title='bbox 560 4601 736 4665; x_wconf 88' lang='grc' dir='ltr'>πόλιν,</span> <span class='ocrx_word' id='word_1_619' title='bbox 765 4598 1016 4653; x_wconf 85' lang='grc' dir='ltr'>τουτέστι</span> <span class='ocrx_word' id='word_1_620' title='bbox 1044 4600 1144 4671; x_wconf 81' lang='grc' dir='ltr'>τὴν</span> <span class='ocrx_word' id='word_1_621' title='bbox 1200 4598 1552 4671; x_wconf 80' lang='grc' dir='ltr'>Ἐκκλησίαν,</span> <span class='ocrx_word' id='word_1_622' title='bbox 1584 4599 1863 4670; x_wconf 81' lang='grc' dir='ltr'>ὴξιῶμεθά</span> 
     </span>
    </p>
   </div>
   <div class='ocr_carea' id='block_1_82' title="bbox 274 4688 1863 4762">
    <p class='ocr_par' dir='ltr' id='par_1_82' title="bbox 274 4688 1863 4762">
     <span class='ocr_line' id='line_1_82' title="bbox 274 4688 1863 4762; baseline -0.001 -18"><span class='ocrx_word' id='word_1_623' title='bbox 274 4710 331 4745; x_wconf 88' lang='grc' dir='ltr'>τε</span> <span class='ocrx_word' id='word_1_624' title='bbox 383 4692 567 4745; x_wconf 70' lang='grc' dir='ltr'>λοιπὸν</span> <span class='ocrx_word' id='word_1_625' title='bbox 618 4693 805 4762; x_wconf 86' lang='grc' dir='ltr'>εὐχαῖς</span> <span class='ocrx_word' id='word_1_626' title='bbox 863 4691 958 4744; x_wconf 71' lang='grc' dir='ltr'>καὶ</span> <span class='ocrx_word' id='word_1_627' title='bbox 1018 4688 1235 4753; x_wconf 86' lang='grc' dir='ltr'>θυσίαις</span> <span class='ocrx_word' id='word_1_628' title='bbox 1291 4692 1413 4754; x_wconf 84' lang='grc' dir='ltr'>ταῖς</span> <span class='ocrx_word' id='word_1_629' title='bbox 1462 4694 1863 4761; x_wconf 86' lang='grc' dir='ltr'>πνευματικαῖς</span> 
     </span>
    </p>
   </div>
   <div class='ocr_carea' id='block_1_83' title="bbox 274 4781 1858 4854">
    <p class='ocr_par' dir='ltr' id='par_1_83' title="bbox 274 4781 1858 4854">
     <span class='ocr_line' id='line_1_83' title="bbox 274 4781 1858 4854; baseline 0.001 -20"><span class='ocrx_word' id='word_1_630' title='bbox 274 4784 701 4854; x_wconf 77' lang='grc' dir='ltr'>καταγεραιρειν</span> <span class='ocrx_word' id='word_1_631' title='bbox 739 4782 923 4847; x_wconf 86' lang='grc' dir='ltr'>αὐτὸν,</span> <span class='ocrx_word' id='word_1_632' title='bbox 951 4781 1256 4852; x_wconf 83' lang='grc' dir='ltr'>ἀγαπῶμεν</span> <span class='ocrx_word' id='word_1_633' title='bbox 1285 4782 1341 4835; x_wconf 80' lang='grc' dir='ltr'>δὲ</span> <span class='ocrx_word' id='word_1_634' title='bbox 1375 4781 1470 4835; x_wconf 82' lang='grc' dir='ltr'>καὶ</span> <span class='ocrx_word' id='word_1_635' title='bbox 1500 4782 1577 4847; x_wconf 83' lang='grc' dir='ltr'>ὡς</span> <span class='ocrx_word' id='word_1_636' title='bbox 1613 4784 1858 4853; x_wconf 85' lang='grc' dir='ltr'>είρήνην,</span> 
     </span>
    </p>
   </div>
   <div class='ocr_carea' id='block_1_84' title="bbox 275 4874 1861 4949">
    <p class='ocr_par' dir='ltr' id='par_1_84' title="bbox 275 4874 1861 4949">
     <span class='ocr_line' id='line_1_84' title="bbox 275 4874 1861 4949; baseline 0 -21"><span class='ocrx_word' id='word_1_637' title='bbox 275 4877 369 4929; x_wconf 77' lang='grc' dir='ltr'>καὶ</span> <span class='ocrx_word' id='word_1_638' title='bbox 401 4876 683 4948; x_wconf 85' lang='grc' dir='ltr'>ἀλήθειαν,</span> <span class='ocrx_word' id='word_1_639' title='bbox 716 4877 811 4928; x_wconf 79' lang='grc' dir='ltr'>καὶ</span> <span class='ocrx_word' id='word_1_640' title='bbox 837 4874 1104 4949; x_wconf 83' lang='grc' dir='ltr'>θυμηδίας</span> <span class='ocrx_word' id='word_1_641' title='bbox 1149 4874 1251 4943; x_wconf 79' lang='grc' dir='ltr'>τῆς</span> <span class='ocrx_word' id='word_1_642' title='bbox 1296 4874 1558 4928; x_wconf 80' lang='grc' dir='ltr'>ἀνωτάτω</span> <span class='ocrx_word' id='word_1_643' title='bbox 1589 4876 1861 4946; x_wconf 85' lang='grc' dir='ltr'>πρόφασιν</span> 
     </span>
    </p>
   </div>
   <div class='ocr_carea' id='block_1_85' title="bbox 273 4965 1861 5038">
    <p class='ocr_par' dir='ltr' id='par_1_85' title="bbox 273 4965 1861 5038">
     <span class='ocr_line' id='line_1_85' title="bbox 273 4965 1861 5038; baseline 0.002 -19"><span class='ocrx_word' id='word_1_644' title='bbox 273 4969 337 5019; x_wconf 77' lang='grc' dir='ltr'>τὸ</span> <span class='ocrx_word' id='word_1_645' title='bbox 383 4968 576 5038; x_wconf 83' lang='grc' dir='ltr'>χρῆμα</span> <span class='ocrx_word' id='word_1_646' title='bbox 619 4966 1077 5035; x_wconf 73' lang='grc' dir='ltr'>καταλογίζεσθαι</span> <span class='ocrx_word' id='word_1_647' title='bbox 1113 4969 1269 5037; x_wconf 87' lang='grc' dir='ltr'>παρά</span> <span class='ocrx_word' id='word_1_648' title='bbox 1318 4966 1417 5037; x_wconf 82' lang='grc' dir='ltr'>τῆς</span> <span class='ocrx_word' id='word_1_649' title='bbox 1447 4965 1599 5029; x_wconf 82' lang='grc' dir='ltr'>θείας</span> <span class='ocrx_word' id='word_1_650' title='bbox 1627 4966 1861 5037; x_wconf 85' lang='grc' dir='ltr'>δεδιδάγ-</span> 
     </span>
    </p>
   </div>
   <div class='ocr_carea' id='block_1_86' title="bbox 1969 4134 3551 4219">
    <p class='ocr_par' dir='ltr' id='par_1_86' title="bbox 1969 4134 3551 4219">
     <span class='ocr_line' id='line_1_86' title="bbox 1969 4134 3551 4219; baseline 0.011 -30"><span class='ocrx_word' id='word_1_651' title='bbox 1969 4134 2259 4204; x_wconf 86' lang='lat' dir='ltr'><strong>aliquando</strong></span> <span class='ocrx_word' id='word_1_652' title='bbox 2294 4135 2461 4189; x_wconf 88' lang='lat' dir='ltr'><strong>Deum</strong></span> <span class='ocrx_word' id='word_1_653' title='bbox 2508 4138 2857 4206; x_wconf 77' lang='lat' dir='ltr'><strong>ignorantes,</strong></span> <span class='ocrx_word' id='word_1_654' title='bbox 2907 4151 2961 4195; x_wconf 91' lang='lat' dir='ltr'>et</span> <span class='ocrx_word' id='word_1_655' title='bbox 3023 4155 3326 4200; x_wconf 85' lang='lat' dir='ltr'><strong>creaturam</strong></span> <span class='ocrx_word' id='word_1_656' title='bbox 3372 4150 3551 4219; x_wconf 81' lang='lat' dir='ltr'><strong>potius</strong></span> 
     </span>
    </p>
   </div>
   <div class='ocr_carea' id='block_1_87' title="bbox 1968 4227 3551 4301">
    <p class='ocr_par' dir='ltr' id='par_1_87' title="bbox 1968 4227 3551 4301">
     <span class='ocr_line' id='line_1_87' title="bbox 1968 4227 3551 4301; baseline 0.012 -25"><span class='ocrx_word' id='word_1_657' title='bbox 1968 4240 2127 4295; x_wconf 87' lang='lat' dir='ltr'><strong>quam</strong></span> <span class='ocrx_word' id='word_1_658' title='bbox 2159 4227 2470 4281; x_wconf 82' lang='lat' dir='ltr'><strong>Creatorem</strong></span> <span class='ocrx_word' id='word_1_659' title='bbox 2496 4228 2788 4284; x_wconf 82' lang='lat' dir='ltr'><strong>adorantes</strong></span> <span class='ocrx_word' id='word_1_660' title='bbox 2836 4231 2937 4285; x_wconf 92' lang='lat' dir='ltr'>sub</span> <span class='ocrx_word' id='word_1_661' title='bbox 2988 4236 3151 4301; x_wconf 85' lang='lat' dir='ltr'><strong>pedes</strong></span> <span class='ocrx_word' id='word_1_662' title='bbox 3183 4236 3414 4293; x_wconf 91' lang='lat' dir='ltr'><strong>hostium</strong></span> <span class='ocrx_word' id='word_1_663' title='bbox 3461 4257 3551 4295; x_wconf 68' lang='lat' dir='ltr'><strong>no.</strong></span> 
     </span>
    </p>
   </div>
   <div class='ocr_carea' id='block_1_88' title="bbox 1967 4318 3550 4388">
    <p class='ocr_par' dir='ltr' id='par_1_88' title="bbox 1967 4318 3550 4388">
     <span class='ocr_line' id='line_1_88' title="bbox 1967 4318 3550 4388; baseline 0.009 -16"><span class='ocrx_word' id='word_1_664' title='bbox 1967 4328 2202 4372; x_wconf 86' lang='lat' dir='ltr'><strong>strorutn</strong></span> <span class='ocrx_word' id='word_1_665' title='bbox 2224 4318 2452 4385; x_wconf 90' lang='lat' dir='ltr'><strong>redacti,</strong></span> <span class='ocrx_word' id='word_1_666' title='bbox 2494 4328 2548 4373; x_wconf 91' lang='lat' dir='ltr'>et</span> <span class='ocrx_word' id='word_1_667' title='bbox 2584 4320 2635 4373; x_wconf 92' lang='lat' dir='ltr'>in</span> <span class='ocrx_word' id='word_1_668' title='bbox 2660 4334 2876 4373; x_wconf 88' lang='lat' dir='ltr'><strong>sensum</strong></span> <span class='ocrx_word' id='word_1_669' title='bbox 2904 4325 3189 4388; x_wconf 88' lang='lat' dir='ltr'><strong>rcprobum</strong></span> <span class='ocrx_word' id='word_1_670' title='bbox 3225 4330 3403 4384; x_wconf 86' lang='lat' dir='ltr'><strong>traditi</strong></span> <span class='ocrx_word' id='word_1_671' title='bbox 3458 4348 3550 4386; x_wconf 88' lang='lat' dir='ltr'><strong>su-</strong></span> 
     </span>
    </p>
   </div>
   <div class='ocr_carea' id='block_1_89' title="bbox 1966 4409 3547 4487">
    <p class='ocr_par' dir='ltr' id='par_1_89' title="bbox 1966 4409 3547 4487">
     <span class='ocr_line' id='line_1_89' title="bbox 1966 4409 3547 4487; baseline 0.009 -24"><span class='ocrx_word' id='word_1_672' title='bbox 1966 4409 2146 4463; x_wconf 72' lang='lat' dir='ltr'><strong>mus&quot;</strong></span> <span class='ocrx_word' id='word_1_673' title='bbox 2172 4426 2187 4463; x_wconf 87' lang='lat'><strong>:</strong></span> <span class='ocrx_word' id='word_1_674' title='bbox 2216 4410 2345 4479; x_wconf 89' lang='lat' dir='ltr'><strong>quin</strong></span> <span class='ocrx_word' id='word_1_675' title='bbox 2364 4410 2567 4479; x_wconf 77' lang='lat' dir='ltr'><strong>gratias</strong></span> <span class='ocrx_word' id='word_1_676' title='bbox 2595 4412 2828 4479; x_wconf 75' lang='lat' dir='ltr'><strong>agimus,</strong></span> <span class='ocrx_word' id='word_1_677' title='bbox 2848 4412 3008 4487; x_wconf 73' lang='lat'>727</span> <span class='ocrx_word' id='word_1_678' title='bbox 3035 4417 3178 4484; x_wconf 83' lang='lat' dir='ltr'><strong>quod</strong></span> <span class='ocrx_word' id='word_1_679' title='bbox 3236 4419 3547 4477; x_wconf 84' lang='lat' dir='ltr'><strong>misericor-</strong></span> 
     </span>
    </p>
   </div>
   <div class='ocr_carea' id='block_1_90' title="bbox 1965 4500 3549 4569">
    <p class='ocr_par' dir='ltr' id='par_1_90' title="bbox 1965 4500 3549 4569">
     <span class='ocr_line' id='line_1_90' title="bbox 1965 4500 3549 4569; baseline 0.008 -13"><span class='ocrx_word' id='word_1_680' title='bbox 1965 4500 2108 4556; x_wconf 86' lang='lat' dir='ltr'><strong>diam</strong></span> <span class='ocrx_word' id='word_1_681' title='bbox 2164 4511 2219 4555; x_wconf 90' lang='lat' dir='ltr'>et</span> <span class='ocrx_word' id='word_1_682' title='bbox 2264 4501 2490 4555; x_wconf 84' lang='lat' dir='ltr'><strong>salutem</strong></span> <span class='ocrx_word' id='word_1_683' title='bbox 2528 4504 2826 4568; x_wconf 88' lang='lat' dir='ltr'><strong>consecuti,</strong></span> <span class='ocrx_word' id='word_1_684' title='bbox 2865 4523 2882 4554; x_wconf 77' lang='grc' dir='ltr'>ι</span> <span class='ocrx_word' id='word_1_685' title='bbox 2922 4516 2974 4558; x_wconf 91' lang='lat' dir='ltr'>et</span> <span class='ocrx_word' id='word_1_686' title='bbox 3006 4507 3070 4560; x_wconf 89' lang='lat' dir='ltr'>de</span> <span class='ocrx_word' id='word_1_687' title='bbox 3110 4523 3266 4562; x_wconf 88' lang='lat' dir='ltr'><strong>manu</strong></span> <span class='ocrx_word' id='word_1_688' title='bbox 3305 4511 3549 4569; x_wconf 57' lang='lat' dir='ltr'><strong>inimico.</strong></span> 
     </span>
    </p>
   </div>
   <div class='ocr_carea' id='block_1_91' title="bbox 1965 4595 3546 4662">
    <p class='ocr_par' dir='ltr' id='par_1_91' title="bbox 1965 4595 3546 4662">
     <span class='ocr_line' id='line_1_91' title="bbox 1965 4595 3546 4662; baseline 0.007 -12"><span class='ocrx_word' id='word_1_689' title='bbox 1965 4612 2082 4650; x_wconf 88' lang='lat' dir='ltr'>rum</span> <span class='ocrx_word' id='word_1_690' title='bbox 2114 4595 2325 4649; x_wconf 83' lang='lat' dir='ltr'><strong>liberati</strong></span> <span class='ocrx_word' id='word_1_691' title='bbox 2355 4596 2401 4626; x_wconf 84' lang='lat'>&quot;</span> <span class='ocrx_word' id='word_1_692' title='bbox 2432 4614 2453 4646; x_wconf 73' lang='grc' dir='ltr'>ι</span> <span class='ocrx_word' id='word_1_693' title='bbox 2483 4605 2721 4649; x_wconf 88' lang='lat' dir='ltr'><strong>sanctam</strong></span> <span class='ocrx_word' id='word_1_694' title='bbox 2752 4598 3043 4662; x_wconf 81' lang='lat' dir='ltr'><strong>civitatem,</strong></span> <span class='ocrx_word' id='word_1_695' title='bbox 3082 4600 3181 4654; x_wconf 91' lang='lat' dir='ltr'>hoc</span> <span class='ocrx_word' id='word_1_696' title='bbox 3230 4614 3313 4658; x_wconf 86' lang='lat' dir='ltr'>est</span> <span class='ocrx_word' id='word_1_697' title='bbox 3360 4604 3546 4661; x_wconf 85' lang='lat' dir='ltr'><strong>Eccle-</strong></span> 
     </span>
    </p>
   </div>
   <div class='ocr_carea' id='block_1_92' title="bbox 1964 4686 3545 4767">
    <p class='ocr_par' dir='ltr' id='par_1_92' title="bbox 1964 4686 3545 4767">
     <span class='ocr_line' id='line_1_92' title="bbox 1964 4686 3545 4767; baseline 0.006 -25"><span class='ocrx_word' id='word_1_698' title='bbox 1964 4688 2102 4742; x_wconf 82' lang='lat' dir='ltr'><strong>siam</strong></span> <span class='ocrx_word' id='word_1_699' title='bbox 2135 4686 2445 4750; x_wconf 86' lang='lat' dir='ltr'><strong>incolimus,</strong></span> <span class='ocrx_word' id='word_1_700' title='bbox 2482 4699 2535 4742; x_wconf 91' lang='lat' dir='ltr'>et</span> <span class='ocrx_word' id='word_1_701' title='bbox 2562 4690 2706 4757; x_wconf 79' lang='lat' dir='ltr'><strong>digni</strong></span> <span class='ocrx_word' id='word_1_702' title='bbox 2742 4692 3112 4745; x_wconf 83' lang='lat' dir='ltr'><strong>snmushabiti</strong></span> <span class='ocrx_word' id='word_1_703' title='bbox 3157 4695 3247 4761; x_wconf 88' lang='lat' dir='ltr'>qui</span> <span class='ocrx_word' id='word_1_704' title='bbox 3293 4698 3545 4767; x_wconf 66' lang='lat' dir='ltr'><strong>deinceps</strong></span> 
     </span>
    </p>
   </div>
   <div class='ocr_carea' id='block_1_93' title="bbox 1964 4779 3539 4855">
    <p class='ocr_par' dir='ltr' id='par_1_93' title="bbox 1964 4779 3539 4855">
     <span class='ocr_line' id='line_1_93' title="bbox 1964 4779 3539 4855; baseline 0.008 -25"><span class='ocrx_word' id='word_1_705' title='bbox 1964 4780 2101 4833; x_wconf 83' lang='lat' dir='ltr'><strong>votis</strong></span> <span class='ocrx_word' id='word_1_706' title='bbox 2128 4790 2182 4832; x_wconf 90' lang='lat' dir='ltr'>et</span> <span class='ocrx_word' id='word_1_707' title='bbox 2220 4779 2503 4835; x_wconf 78' lang='lat' dir='ltr'><strong>sacriﬁciis</strong></span> <span class='ocrx_word' id='word_1_708' title='bbox 2526 4782 2896 4850; x_wconf 80' lang='lat' dir='ltr'><strong>Spiriluahbus</strong></span> <span class='ocrx_word' id='word_1_709' title='bbox 2948 4783 3121 4851; x_wconf 81' lang='lat' dir='ltr'><strong>ipsum</strong></span> <span class='ocrx_word' id='word_1_710' title='bbox 3192 4800 3539 4855; x_wconf 84' lang='lat' dir='ltr'><strong>veneremur;</strong></span> 
     </span>
    </p>
   </div>
   <div class='ocr_carea' id='block_1_94' title="bbox 1962 4870 3543 4942">
    <p class='ocr_par' dir='ltr' id='par_1_94' title="bbox 1962 4870 3543 4942">
     <span class='ocr_line' id='line_1_94' title="bbox 1962 4870 3543 4942; baseline 0.006 -19"><span class='ocrx_word' id='word_1_711' title='bbox 1962 4880 2017 4924; x_wconf 89' lang='lat' dir='ltr'>et</span> <span class='ocrx_word' id='word_1_712' title='bbox 2044 4870 2264 4923; x_wconf 86' lang='lat' dir='ltr'><strong>charum</strong></span> <span class='ocrx_word' id='word_1_713' title='bbox 2295 4870 2576 4936; x_wconf 78' lang='lat' dir='ltr'><strong>habemus,</strong></span> <span class='ocrx_word' id='word_1_714' title='bbox 2609 4888 2661 4926; x_wconf 79' lang='lat' dir='ltr'>et</span> <span class='ocrx_word' id='word_1_715' title='bbox 2694 4887 2812 4927; x_wconf 89' lang='lat' dir='ltr'>eam</span> <span class='ocrx_word' id='word_1_716' title='bbox 2848 4888 2962 4927; x_wconf 84' lang='lat' dir='ltr'>rem</span> <span class='ocrx_word' id='word_1_717' title='bbox 2998 4889 3211 4942; x_wconf 77' lang='lat' dir='ltr'><strong>pacem,</strong></span> <span class='ocrx_word' id='word_1_718' title='bbox 3252 4889 3305 4931; x_wconf 91' lang='lat' dir='ltr'>et</span> <span class='ocrx_word' id='word_1_719' title='bbox 3340 4883 3543 4933; x_wconf 78' lang='lat' dir='ltr'><strong>verita-</strong></span> 
     </span>
    </p>
   </div>
   <div class='ocr_carea' id='block_1_95' title="bbox 1965 4969 3541 5040">
    <p class='ocr_par' dir='ltr' id='par_1_95' title="bbox 1965 4969 3541 5040">
     <span class='ocr_line' id='line_1_95' title="bbox 1965 4969 3541 5040; baseline 0.006 -23"><span class='ocrx_word' id='word_1_720' title='bbox 1965 4974 2095 5030; x_wconf 88' lang='lat' dir='ltr'><strong>tem,</strong></span> <span class='ocrx_word' id='word_1_721' title='bbox 2122 4974 2176 5020; x_wconf 84' lang='lat' dir='ltr'>et</span> <span class='ocrx_word' id='word_1_722' title='bbox 2200 4981 2424 5020; x_wconf 76' lang='lat' dir='ltr'><strong>summa:</strong></span> <span class='ocrx_word' id='word_1_723' title='bbox 2445 4969 2802 5038; x_wconf 86' lang='lat' dir='ltr'><strong>jucunditatis</strong></span> <span class='ocrx_word' id='word_1_724' title='bbox 2827 4970 3161 5025; x_wconf 88' lang='lat' dir='ltr'><strong>occasionem</strong></span> <span class='ocrx_word' id='word_1_725' title='bbox 3221 4981 3470 5040; x_wconf 82' lang='lat' dir='ltr'><strong>reputare</strong></span> <span class='ocrx_word' id='word_1_726' title='bbox 3511 4991 3541 5027; x_wconf 73' lang='grc' dir='ltr'>ει</span> 
     </span>
    </p>
   </div>
   <div class='ocr_carea' id='block_1_96' title="bbox 280 5056 1906 5132">
    <p class='ocr_par' dir='ltr' id='par_1_96' title="bbox 280 5057 1858 5130">
     <span class='ocr_line' id='line_1_96' title="bbox 280 5057 1858 5130; baseline -0.002 -19"><span class='ocrx_word' id='word_1_727' title='bbox 280 5059 421 5129; x_wconf 83' lang='grc' dir='ltr'>μεθα</span> <span class='ocrx_word' id='word_1_728' title='bbox 451 5059 690 5130; x_wconf 79' lang='grc' dir='ltr'>Γραφῆς.</span> <span class='ocrx_word' id='word_1_729' title='bbox 730 5078 751 5111; x_wconf 70' lang='grc' dir='ltr'>ι</span> <span class='ocrx_word' id='word_1_730' title='bbox 784 5058 954 5122; x_wconf 75' lang='grc' dir='ltr'>Αὐτὸς</span> <span class='ocrx_word' id='word_1_731' title='bbox 980 5057 1088 5129; x_wconf 81' lang='grc' dir='ltr'>γάρ</span> <span class='ocrx_word' id='word_1_732' title='bbox 1118 5059 1264 5112; x_wconf 72' lang='grc' dir='ltr'>ἐστιν</span> <span class='ocrx_word' id='word_1_733' title='bbox 1308 5058 1342 5127; x_wconf 82' lang='grc' dir='ltr'><strong>ή</strong></span> <span class='ocrx_word' id='word_1_734' title='bbox 1390 5058 1579 5129; x_wconf 71' lang='grc' dir='ltr'>εἰρήνη</span> <span class='ocrx_word' id='word_1_735' title='bbox 1609 5060 1641 5130; x_wconf 74' lang='grc' dir='ltr'>ἡ</span> <span class='ocrx_word' id='word_1_736' title='bbox 1653 5057 1768 5128; x_wconf 88' lang='grc' dir='ltr'>μῶν</span> <span class='ocrx_word' id='word_1_737' title='bbox 1787 5074 1803 5090; x_wconf 91' lang='grc'><strong>·</strong></span> <span class='ocrx_word' id='word_1_738' title='bbox 1835 5078 1858 5108; x_wconf 71' lang='grc' dir='ltr'>ι</span> 
     </span>
    </p>
   </div>
   <div class='ocr_carea' id='block_1_97' title="bbox 1982 5056 3541 5132">
    <p class='ocr_par' dir='ltr' id='par_1_97' title="bbox 1982 5056 3541 5132">
     <span class='ocr_line' id='line_1_97' title="bbox 1982 5056 3541 5132; baseline 0.004 -22"><span class='ocrx_word' id='word_1_739' title='bbox 1982 5058 2144 5111; x_wconf 85' lang='lat' dir='ltr'><strong>livina</strong></span> <span class='ocrx_word' id='word_1_740' title='bbox 2182 5056 2461 5128; x_wconf 85' lang='lat' dir='ltr'><strong>Scriptura</strong></span> <span class='ocrx_word' id='word_1_741' title='bbox 2488 5058 2632 5113; x_wconf 88' lang='lat' dir='ltr'><strong>docti</strong></span> <span class='ocrx_word' id='word_1_742' title='bbox 2670 5075 2873 5113; x_wconf 88' lang='lat' dir='ltr'><strong>smnus.</strong></span> <span class='ocrx_word' id='word_1_743' title='bbox 2908 5079 2925 5111; x_wconf 79' lang='grc' dir='ltr'>ι</span> <span class='ocrx_word' id='word_1_744' title='bbox 2964 5060 3087 5129; x_wconf 86' lang='lat' dir='ltr'><strong>lpse</strong></span> <span class='ocrx_word' id='word_1_745' title='bbox 3132 5062 3274 5115; x_wconf 85' lang='lat' dir='ltr'><strong>enim</strong></span> <span class='ocrx_word' id='word_1_746' title='bbox 3327 5071 3409 5115; x_wconf 84' lang='lat' dir='ltr'>est</span> <span class='ocrx_word' id='word_1_747' title='bbox 3437 5078 3541 5132; x_wconf 73' lang='lat' dir='ltr'><strong>pax</strong></span> 
     </span>
    </p>
   </div>
   <div class='ocr_carea' id='block_1_98' title="bbox 274 5133 1906 5225">
    <p class='ocr_par' dir='ltr' id='par_1_98' title="bbox 274 5133 1906 5225">
     <span class='ocr_line' id='line_1_98' title="bbox 274 5133 1906 5225; baseline -0.001 -18"><span class='ocrx_word' id='word_1_748' title='bbox 274 5152 460 5215; x_wconf 72' lang='grc' dir='ltr'>αὐτὸς,</span> <span class='ocrx_word' id='word_1_749' title='bbox 488 5152 564 5217; x_wconf 80' lang='grc' dir='ltr'>ὠς</span> <span class='ocrx_word' id='word_1_750' title='bbox 596 5152 754 5224; x_wconf 78' lang='grc' dir='ltr'>εφην,</span> <span class='ocrx_word' id='word_1_751' title='bbox 787 5153 820 5225; x_wconf 74' lang='grc' dir='ltr'>ἡ</span> <span class='ocrx_word' id='word_1_752' title='bbox 852 5152 1110 5223; x_wconf 82' lang='grc' dir='ltr'>ἀλήθεια·</span> <span class='ocrx_word' id='word_1_753' title='bbox 1154 5152 1221 5204; x_wconf 81' lang='grc' dir='ltr'>δι’</span> <span class='ocrx_word' id='word_1_754' title='bbox 1262 5150 1429 5204; x_wconf 86' lang='grc' dir='ltr'>αὐτόν</span> <span class='ocrx_word' id='word_1_755' title='bbox 1460 5153 1628 5222; x_wconf 83' lang='grc' dir='ltr'>ἐσμεν</span> <span class='ocrx_word' id='word_1_756' title='bbox 1666 5154 1724 5204; x_wconf 81' lang='grc' dir='ltr'>ὲν</span> <span class='ocrx_word' id='word_1_757' title='bbox 1769 5151 1856 5205; x_wconf 81' lang='grc' dir='ltr'>ὲλ-</span> <span class='ocrx_word' id='word_1_758' title='bbox 1892 5133 1906 5188; x_wconf 81' lang='grc' dir='ltr'>Ῑ</span> 
     </span>
    </p>
   </div>
   <div class='ocr_carea' id='block_1_99' title="bbox 1982 5133 3539 5225">
    <p class='ocr_par' dir='ltr' id='par_1_99' title="bbox 1982 5150 3539 5224">
     <span class='ocr_line' id='line_1_99' title="bbox 1982 5150 3539 5224; baseline 0.003 -21"><span class='ocrx_word' id='word_1_759' title='bbox 1982 5161 2147 5205; x_wconf 71' lang='lat' dir='ltr'><strong>nostra</strong></span> <span class='ocrx_word' id='word_1_760' title='bbox 2184 5150 2230 5183; x_wconf 86' lang='grc'>⁸⁶</span> <span class='ocrx_word' id='word_1_761' title='bbox 2264 5168 2277 5203; x_wconf 91' lang='lat'><strong>:</strong></span> <span class='ocrx_word' id='word_1_762' title='bbox 2332 5170 2349 5202; x_wconf 85' lang='grc' dir='ltr'>ι</span> <span class='ocrx_word' id='word_1_763' title='bbox 2403 5152 2542 5221; x_wconf 90' lang='lat' dir='ltr'><strong>ipse,</strong></span> <span class='ocrx_word' id='word_1_764' title='bbox 2575 5164 2630 5207; x_wconf 91' lang='lat' dir='ltr'>ut</span> <span class='ocrx_word' id='word_1_765' title='bbox 2663 5154 2795 5215; x_wconf 79' lang='lat' dir='ltr'><strong>dixi,</strong></span> <span class='ocrx_word' id='word_1_766' title='bbox 2826 5154 3028 5209; x_wconf 88' lang='lat' dir='ltr'><strong>veritas</strong></span> <span class='ocrx_word' id='word_1_767' title='bbox 3051 5154 3096 5186; x_wconf 81' lang='grc'>⁸⁷</span> <span class='ocrx_word' id='word_1_768' title='bbox 3128 5171 3143 5208; x_wconf 90' lang='lat'><strong>:</strong></span> <span class='ocrx_word' id='word_1_769' title='bbox 3192 5165 3411 5224; x_wconf 80' lang='lat' dir='ltr'><strong>prapter</strong></span> <span class='ocrx_word' id='word_1_770' title='bbox 3459 5155 3539 5223; x_wconf 86' lang='lat' dir='ltr'><strong>ip-</strong></span> 
     </span>
    </p>
   </div>
   <div class='ocr_carea' id='block_1_100' title="bbox 270 5242 1906 5316">
    <p class='ocr_par' dir='ltr' id='par_1_100' title="bbox 270 5242 1855 5316">
     <span class='ocr_line' id='line_1_100' title="bbox 270 5242 1855 5316; baseline -0.001 -18"><span class='ocrx_word' id='word_1_771' title='bbox 270 5246 425 5298; x_wconf 86' lang='grc' dir='ltr'>πίσιν</span> <span class='ocrx_word' id='word_1_772' title='bbox 464 5244 725 5312; x_wconf 78' lang='grc' dir='ltr'>ἀγαθαῖς,</span> <span class='ocrx_word' id='word_1_773' title='bbox 779 5245 874 5298; x_wconf 71' lang='grc' dir='ltr'>καὶ</span> <span class='ocrx_word' id='word_1_774' title='bbox 928 5246 987 5299; x_wconf 83' lang='grc' dir='ltr'>ὲν</span> <span class='ocrx_word' id='word_1_775' title='bbox 1032 5244 1114 5315; x_wconf 82' lang='grc' dir='ltr'>τῷ</span> <span class='ocrx_word' id='word_1_776' title='bbox 1171 5242 1668 5316; x_wconf 83' lang='grc' dir='ltr'>κατευφραίνεσθαι</span> <span class='ocrx_word' id='word_1_777' title='bbox 1719 5244 1855 5311; x_wconf 84' lang='grc' dir='ltr'>δεῖν,</span> 
     </span>
    </p>
   </div>
   <div class='ocr_carea' id='block_1_101' title="bbox 1982 5242 3539 5316">
    <p class='ocr_par' dir='ltr' id='par_1_101' title="bbox 1987 5242 3539 5316">
     <span class='ocr_line' id='line_1_101' title="bbox 1987 5242 3539 5316; baseline 0.004 -21"><span class='ocrx_word' id='word_1_778' title='bbox 1987 5258 2075 5296; x_wconf 89' lang='grc' dir='ltr'>ιιιιι</span> <span class='ocrx_word' id='word_1_779' title='bbox 2112 5242 2246 5296; x_wconf 89' lang='lat' dir='ltr'><strong>bene</strong></span> <span class='ocrx_word' id='word_1_780' title='bbox 2276 5258 2578 5311; x_wconf 86' lang='lat' dir='ltr'><strong>speramus,</strong></span> <span class='ocrx_word' id='word_1_781' title='bbox 2605 5254 2658 5299; x_wconf 94' lang='lat' dir='ltr'>ct</span> <span class='ocrx_word' id='word_1_782' title='bbox 2679 5245 2824 5299; x_wconf 87' lang='lat' dir='ltr'><strong>omni</strong></span> <span class='ocrx_word' id='word_1_783' title='bbox 2860 5246 3228 5301; x_wconf 72' lang='lat' dir='ltr'><strong>intestitudine</strong></span> <span class='ocrx_word' id='word_1_784' title='bbox 3260 5244 3539 5316; x_wconf 77' lang='lat' dir='ltr'><strong>proﬂigata</strong></span> 
     </span>
    </p>
   </div>
   <div class='ocr_carea' id='block_1_102' title="bbox 269 5333 1906 5408">
    <p class='ocr_par' dir='ltr' id='par_1_102' title="bbox 269 5336 1217 5408">
     <span class='ocr_line' id='line_1_102' title="bbox 269 5336 1217 5408; baseline -0.005 -15"><span class='ocrx_word' id='word_1_785' title='bbox 269 5337 578 5407; x_wconf 72' lang='grc' dir='ltr'>κατηφείας</span> <span class='ocrx_word' id='word_1_786' title='bbox 605 5337 826 5407; x_wconf 84' lang='grc' dir='ltr'>ἁπάσης</span> <span class='ocrx_word' id='word_1_787' title='bbox 858 5336 1217 5408; x_wconf 73' lang='grc' dir='ltr'>ἐξῃρημένης.</span> 
     </span>
    </p>
   </div>
   <div class='ocr_carea' id='block_1_103' title="bbox 1982 5333 2925 5408">
    <p class='ocr_par' dir='ltr' id='par_1_103' title="bbox 1986 5333 2925 5404">
     <span class='ocr_line' id='line_1_103' title="bbox 1986 5333 2925 5404; baseline 0.006 -18"><span class='ocrx_word' id='word_1_788' title='bbox 1986 5333 2375 5404; x_wconf 86' lang='lat' dir='ltr'><strong>riumphamus.</strong></span> <span class='ocrx_word' id='word_1_789' title='bbox 2924 5394 2925 5399; x_wconf 33' lang='grc' dir='ltr'>η</span> 
     </span>
    </p>
   </div>
   <div class='ocr_carea' id='block_1_104' title="bbox 347 5423 1906 5497">
    <p class='ocr_par' dir='ltr' id='par_1_104' title="bbox 347 5426 1856 5497">
     <span class='ocr_line' id='line_1_104' title="bbox 347 5426 1856 5497; baseline -0.001 -15"><span class='ocrx_word' id='word_1_790' title='bbox 347 5428 493 5482; x_wconf 77' lang='grc' dir='ltr'>Τάδε</span> <span class='ocrx_word' id='word_1_791' title='bbox 518 5427 681 5497; x_wconf 76' lang='grc' dir='ltr'>λέγει</span> <span class='ocrx_word' id='word_1_792' title='bbox 710 5426 928 5494; x_wconf 83' lang='grc' dir='ltr'>Κύριος</span> <span class='ocrx_word' id='word_1_793' title='bbox 969 5426 1394 5497; x_wconf 74' lang='grc' dir='ltr'>παντοκράτωρ</span> <span class='ocrx_word' id='word_1_794' title='bbox 1413 5444 1427 5459; x_wconf 73' lang='grc' dir='ltr'>ο</span> <span class='ocrx_word' id='word_1_795' title='bbox 1460 5428 1584 5481; x_wconf 80' lang='grc' dir='ltr'>Ἔτι</span> <span class='ocrx_word' id='word_1_796' title='bbox 1634 5426 1856 5496; x_wconf 78' lang='grc' dir='ltr'>ἥξουσι</span> 
     </span>
    </p>
   </div>
   <div class='ocr_carea' id='block_1_105' title="bbox 1982 5423 3537 5497">
    <p class='ocr_par' dir='ltr' id='par_1_105' title="bbox 2027 5423 3537 5497">
     <span class='ocr_line' id='line_1_105' title="bbox 2027 5423 3537 5497; baseline 0.002 -17"><span class='ocrx_word' id='word_1_797' title='bbox 2027 5423 2193 5482; x_wconf 73' lang='lat' dir='ltr'><strong>Vens.</strong></span> <span class='ocrx_word' id='word_1_798' title='bbox 2217 5426 2409 5485; x_wconf 71' lang='lat'>20-22.</span> <span class='ocrx_word' id='word_1_799' title='bbox 2444 5427 2573 5483; x_wconf 69' lang='lat' dir='ltr'><strong>[hac</strong></span> <span class='ocrx_word' id='word_1_800' title='bbox 2596 5429 2726 5483; x_wconf 80' lang='lat' dir='ltr'><strong>dicit</strong></span> <span class='ocrx_word' id='word_1_801' title='bbox 2757 5430 3009 5483; x_wconf 83' lang='lat' dir='ltr'><strong>Dominus</strong></span> <span class='ocrx_word' id='word_1_802' title='bbox 3031 5430 3356 5497; x_wconf 76' lang='lat' dir='ltr'><strong>omm&#39;pmens</strong></span> <span class='ocrx_word' id='word_1_803' title='bbox 3374 5444 3393 5482; x_wconf 88' lang='lat'><strong><em>:</em></strong></span> <span class='ocrx_word' id='word_1_804' title='bbox 3427 5430 3537 5483; x_wconf 60' lang='lat' dir='ltr'>Adv</span> 
     </span>
    </p>
   </div>
   <div class='ocr_carea' id='block_1_106' title="bbox 268 5518 1906 5591">
    <p class='ocr_par' dir='ltr' id='par_1_106' title="bbox 268 5518 1853 5585">
     <span class='ocr_line' id='line_1_106' title="bbox 268 5518 1853 5585; baseline -0.001 -11"><span class='ocrx_word' id='word_1_805' title='bbox 268 5519 407 5574; x_wconf 67' lang='grc' dir='ltr'>λαοὶ</span> <span class='ocrx_word' id='word_1_806' title='bbox 458 5518 707 5581; x_wconf 74' lang='grc' dir='ltr'>πολλοὶ,</span> <span class='ocrx_word' id='word_1_807' title='bbox 732 5518 832 5571; x_wconf 71' lang='grc' dir='ltr'>καί</span> <span class='ocrx_word' id='word_1_808' title='bbox 866 5518 1290 5585; x_wconf 80' lang='grc' dir='ltr'>κατοικοῦντες</span> <span class='ocrx_word' id='word_1_809' title='bbox 1342 5519 1553 5585; x_wconf 68' lang='grc' dir='ltr'>πόλεις</span> <span class='ocrx_word' id='word_1_810' title='bbox 1596 5518 1853 5585; x_wconf 64' lang='grc' dir='ltr'>πολλὰς,</span> 
     </span>
    </p>
   </div>
   <div class='ocr_carea' id='block_1_107' title="bbox 1982 5518 3537 5591">
    <p class='ocr_par' dir='ltr' id='par_1_107' title="bbox 1982 5519 3537 5591">
     <span class='ocr_line' id='line_1_107' title="bbox 1982 5519 3537 5591; baseline 0.005 -21"><span class='ocrx_word' id='word_1_811' title='bbox 1982 5534 2053 5571; x_wconf 52' lang='lat' dir='ltr'><strong>‘uc</strong></span> <span class='ocrx_word' id='word_1_812' title='bbox 2078 5519 2275 5573; x_wconf 72' lang='lat' dir='ltr'><strong>venient</strong></span> <span class='ocrx_word' id='word_1_813' title='bbox 2310 5521 2490 5591; x_wconf 80' lang='lat' dir='ltr'><strong>populi</strong></span> <span class='ocrx_word' id='word_1_814' title='bbox 2512 5522 2684 5587; x_wconf 80' lang='lat' dir='ltr'><strong>multi,</strong></span> <span class='ocrx_word' id='word_1_815' title='bbox 2723 5532 2771 5575; x_wconf 77' lang='lat' dir='ltr'>et</span> <span class='ocrx_word' id='word_1_816' title='bbox 2799 5524 3092 5574; x_wconf 74' lang='lat' dir='ltr'><strong>habitantes</strong></span> <span class='ocrx_word' id='word_1_817' title='bbox 3141 5521 3375 5576; x_wconf 75' lang='lat' dir='ltr'><strong>civitates</strong></span> <span class='ocrx_word' id='word_1_818' title='bbox 3398 5522 3537 5578; x_wconf 76' lang='lat' dir='ltr'><strong>mul-</strong></span> 
     </span>
    </p>
   </div>
   <div class='ocr_carea' id='block_1_108' title="bbox 268 5608 1906 5689">
    <p class='ocr_par' dir='ltr' id='par_1_108' title="bbox 268 5608 1851 5678">
     <span class='ocr_line' id='line_1_108' title="bbox 268 5608 1851 5678; baseline -0.001 -16"><span class='ocrx_word' id='word_1_819' title='bbox 268 5609 366 5662; x_wconf 78' lang='grc' dir='ltr'>καὶ</span> <span class='ocrx_word' id='word_1_820' title='bbox 426 5610 904 5664; x_wconf 67' lang='grc' dir='ltr'>συνελεύσονται</span> <span class='ocrx_word' id='word_1_821' title='bbox 953 5608 1377 5678; x_wconf 74' lang='grc' dir='ltr'>κατοικοῦντες</span> <span class='ocrx_word' id='word_1_822' title='bbox 1423 5610 1604 5663; x_wconf 68' lang='grc' dir='ltr'>πέντε</span> <span class='ocrx_word' id='word_1_823' title='bbox 1642 5610 1851 5677; x_wconf 65' lang='grc' dir='ltr'>πόλεις</span> 
     </span>
    </p>
   </div>
   <div class='ocr_carea' id='block_1_109' title="bbox 1982 5608 3537 5689">
    <p class='ocr_par' dir='ltr' id='par_1_109' title="bbox 1982 5613 3537 5689">
     <span class='ocr_line' id='line_1_109' title="bbox 1982 5613 3537 5689; baseline 0.003 -23"><span class='ocrx_word' id='word_1_824' title='bbox 1982 5629 2060 5680; x_wconf 80' lang='lat' dir='ltr'>as,</span> <span class='ocrx_word' id='word_1_825' title='bbox 2090 5623 2138 5667; x_wconf 80' lang='lat' dir='ltr'>et</span> <span class='ocrx_word' id='word_1_826' title='bbox 2179 5615 2638 5685; x_wconf 78' lang='lat' dir='ltr'><strong>congregabuutur</strong></span> <span class='ocrx_word' id='word_1_827' title='bbox 2692 5614 2985 5689; x_wconf 74' lang='lat' dir='ltr'><strong>habitantes</strong></span> <span class='ocrx_word' id='word_1_828' title='bbox 3033 5613 3260 5681; x_wconf 74' lang='lat' dir='ltr'><strong>quinque</strong></span> <span class='ocrx_word' id='word_1_829' title='bbox 3302 5614 3537 5670; x_wconf 70' lang='lat' dir='ltr'><strong>civitates</strong></span> 
     </span>
    </p>
   </div>
   <div class='ocr_carea' id='block_1_110' title="bbox 339 5808 1906 5881">
    <p class='ocr_par' dir='ltr' id='par_1_110' title="bbox 339 5808 1906 5879">
     <span class='ocr_line' id='line_1_110' title="bbox 339 5808 1906 5879; baseline -0.002 -13"><span class='ocrx_word' id='word_1_830' title='bbox 339 5813 383 5844; x_wconf 76' lang='lat'><strong>&quot;</strong></span> <span class='ocrx_word' id='word_1_831' title='bbox 412 5810 611 5867; x_wconf 77' lang='lat' dir='ltr'><strong>Jerem.</strong></span> <span class='ocrx_word' id='word_1_832' title='bbox 646 5828 738 5879; x_wconf 76' lang='grc' dir='ltr'>ιιι,</span> <span class='ocrx_word' id='word_1_833' title='bbox 766 5810 950 5866; x_wconf 48' lang='grc' dir='ltr'>ιλιι.</span> <span class='ocrx_word' id='word_1_834' title='bbox 1028 5810 1075 5841; x_wconf 79' lang='grc'>⁸⁸</span> <span class='ocrx_word' id='word_1_835' title='bbox 1119 5808 1323 5865; x_wconf 78' lang='lat' dir='ltr'><strong>Jerem.</strong></span> <span class='ocrx_word' id='word_1_836' title='bbox 1387 5827 1471 5867; x_wconf 80' lang='grc' dir='ltr'>ιιι,</span> <span class='ocrx_word' id='word_1_837' title='bbox 1502 5811 1655 5874; x_wconf 75' lang='lat'><strong>8-17;</strong></span> <span class='ocrx_word' id='word_1_838' title='bbox 1690 5828 1759 5873; x_wconf 82' lang='lat' dir='ltr'>LI,</span> <span class='ocrx_word' id='word_1_839' title='bbox 1806 5810 1857 5877; x_wconf 81' lang='lat' dir='ltr'>l,</span> <span class='ocrx_word' id='word_1_840' title='bbox 1904 5832 1906 5863; x_wconf 74' lang='grc' dir='ltr'><strong>ε</strong></span> 
     </span>
    </p>
   </div>
   <div class='ocr_carea' id='block_1_111' title="bbox 1982 5808 3533 5881">
    <p class='ocr_par' dir='ltr' id='par_1_111' title="bbox 1982 5808 3533 5881">
     <span class='ocr_line' id='line_1_111' title="bbox 1982 5808 3533 5881; baseline 0.004 -19"><span class='ocrx_word' id='word_1_841' title='bbox 1982 5825 2055 5881; x_wconf 70' lang='lat' dir='ltr'><strong>Iq.</strong></span> <span class='ocrx_word' id='word_1_842' title='bbox 2091 5826 2105 5875; x_wconf 86' lang='lat'><strong>;</strong></span> <span class='ocrx_word' id='word_1_843' title='bbox 2138 5809 2200 5862; x_wconf 77' lang='grc' dir='ltr'><strong><em>Ν</em></strong></span> <span class='ocrx_word' id='word_1_844' title='bbox 2234 5810 2365 5881; x_wconf 74' lang='lat' dir='ltr'><strong>Reg.</strong></span> <span class='ocrx_word' id='word_1_845' title='bbox 2396 5828 2520 5879; x_wconf 75' lang='lat' dir='ltr'><strong>xxv,</strong></span> <span class='ocrx_word' id='word_1_846' title='bbox 2556 5810 2628 5865; x_wconf 70' lang='lat'>‘23</span> <span class='ocrx_word' id='word_1_847' title='bbox 2666 5823 2818 5879; x_wconf 85' lang='lat' dir='ltr'><strong>seqq.</strong></span> <span class='ocrx_word' id='word_1_848' title='bbox 2896 5808 2943 5841; x_wconf 76' lang='grc'><em>³³</em></span> <span class='ocrx_word' id='word_1_849' title='bbox 2973 5809 3113 5867; x_wconf 82' lang='lat' dir='ltr'><strong>Psal.</strong></span> <span class='ocrx_word' id='word_1_850' title='bbox 3148 5811 3410 5877; x_wconf 57' lang='lat' dir='ltr'>XXIX,12.</span> <span class='ocrx_word' id='word_1_851' title='bbox 3486 5811 3533 5844; x_wconf 71' lang='grc'>⁸⁸</span> 
     </span>
    </p>
   </div>
   <div class='ocr_carea' id='block_1_112' title="bbox 274 5880 1906 5953">
    <p class='ocr_par' dir='ltr' id='par_1_112' title="bbox 274 5880 1853 5953">
     <span class='ocr_line' id='line_1_112' title="bbox 274 5880 1853 5953; baseline 0 -15"><span class='ocrx_word' id='word_1_852' title='bbox 274 5883 431 5938; x_wconf 71' lang='lat' dir='ltr'><strong>Boni.</strong></span> <span class='ocrx_word' id='word_1_853' title='bbox 478 5900 514 5948; x_wconf 84' lang='lat' dir='ltr'>t,</span> <span class='ocrx_word' id='word_1_854' title='bbox 550 5884 624 5937; x_wconf 72' lang='grc'>25</span> <span class='ocrx_word' id='word_1_855' title='bbox 648 5898 802 5953; x_wconf 87' lang='lat' dir='ltr'><strong>seqq.</strong></span> <span class='ocrx_word' id='word_1_856' title='bbox 878 5882 925 5914; x_wconf 82' lang='lat'><strong>”</strong></span> <span class='ocrx_word' id='word_1_857' title='bbox 950 5880 1081 5938; x_wconf 88' lang='lat' dir='ltr'><strong>Luc.</strong></span> <span class='ocrx_word' id='word_1_858' title='bbox 1125 5898 1159 5945; x_wconf 85' lang='grc' dir='ltr'>ι,</span> <span class='ocrx_word' id='word_1_859' title='bbox 1188 5881 1276 5934; x_wconf 80' lang='grc'>74.</span> <span class='ocrx_word' id='word_1_860' title='bbox 1357 5882 1402 5911; x_wconf 78' lang='grc'>⁸⁸</span> <span class='ocrx_word' id='word_1_861' title='bbox 1435 5881 1631 5951; x_wconf 80' lang='lat' dir='ltr'><strong>Epln-s.</strong></span> <span class='ocrx_word' id='word_1_862' title='bbox 1667 5898 1722 5947; x_wconf 83' lang='grc' dir='ltr'>ιι,</span> <span class='ocrx_word' id='word_1_863' title='bbox 1768 5883 1853 5938; x_wconf 81' lang='grc' dir='ltr'>Η.</span> 
     </span>
    </p>
   </div>
   <div class='ocr_carea' id='block_1_113' title="bbox 1982 5880 2392 5953">
    <p class='ocr_par' dir='ltr' id='par_1_113' title="bbox 2000 5880 2392 5939">
     <span class='ocr_line' id='line_1_113' title="bbox 2000 5880 2392 5939; baseline 0.003 -6"><span class='ocrx_word' id='word_1_864' title='bbox 2000 5880 2156 5933; x_wconf 83' lang='lat' dir='ltr'><strong>Juau.</strong></span> <span class='ocrx_word' id='word_1_865' title='bbox 2192 5896 2280 5934; x_wconf 77' lang='lat' dir='ltr'><strong>xiv</strong></span> <span class='ocrx_word' id='word_1_866' title='bbox 2320 5880 2392 5939; x_wconf 60' lang='grc' dir='ltr'>Β.</span> 
     </span>
    </p>
   </div>
  </div>
