4120 6554
547 425 646 482 131
1322 420 1324 423 ’
1532 419 1599 474 ε.
1638 416 1916 473 ενωιιι
1952 413 2426 470 Αιειιεικυιιικι
2465 410 2785 466 Αιιιηιιῑρ.
3722 408 3836 461 153

537 539 606 590 in
633 550 788 590 suam
819 533 1105 597 civitatem,
1133 533 1356 588 dicentes
1390 549 1406 587 :
1441 530 1641 592 Eamus
1676 541 1732 586 ut
1790 533 2164 602 deprecemur,

2231 533 2318 595 εἰς
2346 531 2495 598 μίαν
2533 530 2736 591 πόλιν,
2767 523 3052 594 λέγοντες
3071 539 3086 553 ο
3119 524 3508 592 Πορευθῶμεν
3536 523 3834 594 δεηθῆναι

547 627 736 695 [aciem
770 624 997 688 Domini,
1022 635 1069 677 et
1132 640 1434 694 quaeramus
1485 625 1676 694 faciem
1724 623 1934 678 Domini
1957 621 2130 677 omni-

2234 619 2341 674 τοῦ
2385 619 2714 689 προσώπου
2757 615 2984 684 Κυρίου
3031 615 3130 669 καὶ
3179 614 3502 683 ἐκζὴτῆσαι
3531 617 3598 669 τὸ
3643 618 3840 686 πρόσ-

549 717 795 787 potentis.
843 713 1042 770 Vadam
1065 726 1110 769 et
1139 733 1253 784 ego,
1295 726 1343 770 et
1390 717 1591 771 venient
1633 715 1814 786 populi
1867 715 2023 769 mulli
2084 723 2131 767 et

2233 730 2398 768 ωπον
2426 711 2654 782 Κυρίου
2698 707 3202 776 παντοκράτορος.
3239 708 3610 776 Πορεύσομαι
3645 710 3840 779 κάγὼ,

551 817 725 876 gentes
764 805 967 870 mulae,
990 817 1047 860 ut
1077 818 1319 876 quierant
1352 807 1542 876 [aciem
1567 806 1780 860 Domini
1808 807 2136 874 omnipoten-

2234 807 2334 859 καὶ
2369 804 2593 874 ἥξουσι
2620 803 2756 858 λαοὶ
2785 800 3026 863 πολλοὶ,
3052 802 3152 853 καί
3180 799 3326 869 ἔθνη
3357 801 3558 854 πολλὰ
3586 799 3836 870 ἐκζῖιτῆο

553 901 618 952 tis
662 901 713 951 in
739 897 1060 963 Jerusalem,
1092 909 1138 952 et
1165 907 1218 950 ut
1244 899 1525 968 propitiem
1550 897 1742 967 {aciem
1779 896 2013 952 Domini.

2236 916 2341 954 σαι
2371 899 2439 953 τὸ
2477 899 2805 967 πρόσωπον
2836 895 3056 964 Κυρίου
3101 895 3587 963 παντοκράτορος
3615 895 3685 947 ἐν
3730 896 3832 949 ἰε-

2230 989 2581 1061 ρουσαλὴμ,
2627 989 2725 1042 καί
2773 987 2882 1042 τοῦ
2934 986 3338 1052 ἐξιλάσασθαι
3385 986 3451 1039 τὸ
3505 986 3835 1054 πρόσωπον

2240 1087 2489 1155 Κυρίου.

630 1173 698 1229 L.
735 1174 1100 1230 Convertente
1121 1173 1340 1229 Christo
1371 1173 1572 1230 luctum
1605 1183 1846 1229 nostrum
1898 1173 1950 1228 iu
2009 1189 2140 1245 gau—

2312 1175 2394 1230 N'.
2440 1172 2929 1237 Μεταπλάττοντος
2957 1171 3050 1225 τοῦ
3082 1169 3320 1243 Χριστοῦ
3346 1171 3408 1224 τὸ
3448 1170 3642 1234 πένθος
3676 1172 3842 1242 ήμῶν

556 1263 727 1329 dium,
750 1272 804 1318 et
865 1264 918 1318 itt
968 1265 1111 1318 diem
1150 1266 1369 1330 l’estum,
1399 1273 1452 1318 et
1504 1263 1558 1319 in
1614 1263 1829 1318 laetitias
1856 1264 2045 1331 bonas,
2087 1275 2142 1318 et

2242 1269 2322 1330 εἰς
2352 1266 2552 1338 χαρὰν,
2589 1266 2685 1320 καὶ
2714 1267 2795 1329 εἰς
2821 1263 3039 1336 ἑορτὴν,
3071 1263 3169 1317 καὶ
3215 1263 3295 1327 εἰς
3330 1263 3674 1335 εὐφροσύνας
3701 1265 3843 1332 ἀγα-

559 1356 997 1412 transierenteiu
1038 1354 1428 1423 jucunditatem
1483 1355 1736 1419 lamenta,
1786 1371 1890 1410 non
1917 1355 2029 1426 jam
2077 1356 2145 1412 de

2245 1359 2364 1424 ϐὰς,
2392 1360 2486 1412 καὶ
2532 1357 2896 1430 μεθιστῶντος
2947 1357 3029 1419 είς
3079 1353 3348 1425 θυμηδίαν
3386 1355 3514 1418 τοὺς
3545 1353 3842 1425 ὀδυρμοὺς,

558 1448 767 1503 vocatis
790 1447 857 1502 ad
893 1447 1120 1502 salutem
1143 1447 1338 1517 singuli
1363 1448 1417 1502 in
1461 1449 1565 1502 ﬁde
1600 1449 1880 1513 accedent,
1907 1457 1960 1502 et
2018 1462 2141 1502 cum

2244 1451 2306 1504 ού
2336 1450 2458 1504 καθ’
2491 1448 2589 1502 ἕνα
2615 1446 2824 1511 λοιπὸν,
2854 1445 3008 1515 φησι.
3042 1443 3150 1498 τῶν
3180 1443 3532 1512 καλουμένων
3556 1445 3635 1506 εις
3668 1460 3848 1514 σωτηο

561 1537 671 1594 Deo
721 1552 818 1606 per
850 1537 1332 1592 sanctilicatiouem
1373 1538 1790 1608 coujttngentur,
1854 1539 1948 1593 sed
2007 1539 2145 1594 civi-

2249 1543 2370 1616 ρίαν
2401 1543 2435 1614 ή
2470 1543 2528 1595 ὲν
2564 1540 2748 1594 πίστει
2779 1538 3062 1610 πρόσοδος,
3097 1537 3194 1590 καὶ
3229 1539 3262 1607 ἡ
3298 1537 3435 1607 πρὸς
3464 1536 3596 1589 Θεὸν
3628 1536 3848 1589 οἰκείω-

561 1639 700 1686 tates
729 1629 870 1686 inter
898 1645 957 1684 se
992 1629 1060 1684 ad
1115 1629 1218 1684 hoc
1299 1629 1555 1700 deinceps
1613 1631 1994 1696 hortabuntur,
2057 1645 2149 1686 ve-

2251 1653 2336 1699 σις
2384 1635 2450 1690 δι’
2483 1631 2795 1704 ἀγιασμοῦ·
2849 1630 2964 1685 ἀλλ’
2995 1632 3052 1683 αἱ
3104 1629 3202 1700 μὲν
3255 1628 3443 1691 πόλεις
3493 1626 3731 1698 ἀλλήλας
3760 1628 3848 1690 εἰς

561 1724 816 1789 nientque
838 1722 1150 1776 catervatim
1181 1735 1372 1777 omnes
1402 1733 1610 1788 gentes,
1637 1721 1906 1791 prioribus
1935 1736 2150 1794 semper

2249 1728 2410 1781 τοῦτο
2455 1723 2855 1798 παροτρυνοῦσι
2897 1722 3084 1776 λοιπὸν
3110 1763 3125 1788 ,
3167 1720 3287 1792 ἥξει
3339 1719 3395 1773 δὲ
3445 1720 3588 1774 κατὰ
3631 1719 3850 1790 πληθὺν

560 1812 985 1869 acclamantibus
1040 1811 1130 1882 qui
1190 1812 1521 1881 posteriores
1575 1823 1721 1877 sunt,
1786 1829 1805 1864 ι
1859 1811 2060 1868 Vadant
2094 1824 2149 1870 et

2252 1816 2432 1873 πάντα
2465 1818 2534 1871 τὰ
2571 1817 2724 1888 ἔθνη,
2757 1817 2871 1879 τοῖς
2906 1816 2987 1878 εἰς
3013 1813 3171 1880 τοῦτο
3204 1812 3475 1882 φθάσασιν
3509 1812 3851 1881 ἐπιφωνοῦν-

558 1919 680 1976 ego.
706 1923 723 1956 ι
752 1903 1026 1976 Scriptum
1039 1913 1122 1958 est
1146 1903 1288 1958 enim
1316 1919 1331 1956 :
1363 1921 1382 1956 t
1407 1903 1630 1959 Ferrum
1651 1904 1854 1961 ferrum
1873 1907 2040 1970 acuit,
2065 1906 2149 1962 vir

2251 1928 2357 1964 των
2388 1909 2476 1964 ἀεὶ
2501 1909 2610 1964 τῶν
2647 1908 2918 1978 δευτέρων
2942 1907 3024 1972 τὸ,
3051 1924 3068 1956 ι
3093 1904 3439 1976 Πορεύσομαι
3475 1904 3652 1974 κάγώ.
3686 1923 3704 1956 ι
3748 1904 3853 1957 Γὲο

561 2006 743 2053 autem
773 1998 920 2053 acuit
952 1997 1146 2053 faciem
1175 1997 1400 2053 alterius
1420 1998 1909 2069 ".sSemperenim
1924 1997 2150 2054 aliorum

2251 2017 2494 2070 γραπται
2523 1997 2653 2070 γὰρ,
2691 1998 2774 2050 ὅτι
2812 2017 2828 2048 ι
2860 1997 3088 2067 Σίδηρος
3136 1995 3354 2066 σίδηρον
3385 1993 3584 2061 όξύνει,
3619 1994 3760 2066 ἀνὴρ
3785 1995 3852 2046 δὲ

561 2090 821 2146 alacritas
844 2088 964 2144 aliis
978 2089 1042 2144 ad
1066 2090 1202 2145 bona
1226 2090 1586 2146 consectanda
1603 2089 2147 2146 Stimulusinvenitur.

2253 2085 2546 2160 παροξύνει
2579 2085 2873 2156 πρόσωπον
2907 2085 3118 2156 ἑτέρου.
3147 2104 3165 2135 ι
3206 2082 3561 2156 Παράκλησις
3587 2082 3698 2154 γὰρ
3756 2083 3851 2137 ἀεί

560 2178 694 2245 Quis
721 2189 805 2234 est
827 2193 955 2234 vero
987 2178 1230 2245 urbibus,
1261 2180 1378 2235 sive
1423 2179 1673 2250 gentibus
1725 2178 1847 2236 linis
1901 2180 2152 2251 proposi-

2252 2197 2371 2242 πως
2399 2179 2608 2250 ἑτέροις
2633 2177 2714 2240 εἰς
2750 2177 2811 2229 τὸ
2853 2178 3052 2247 χρῆναι
3078 2174 3321 2247 πληροῦν
3348 2174 3408 2229 τὸ
3438 2174 3668 2245 ἀγαθὸν,
3695 2175 3732 2246 ἦ
3759 2191 3848 2227 τι·

563 2269 684 2324 tus':
715 2269 1008 2341 propitiare
1035 2279 1089 2325 et
1118 2271 1406 2340 exquirere
1440 2269 1637 2326 faciem
1677 2271 1910 2340 Domini,
1940 2273 2044 2330 hoc
2065 2281 2155 2328 est

2251 2288 2360 2324 νων
2391 2269 2711 2342 εὑρίσκεται
2751 2269 3054 2340 προθυμία.
3088 2268 3185 2332 Τίς
3233 2267 3290 2320 δὲ
3337 2266 3402 2338 δὴ
3445 2268 3568 2330 ταῖς
3601 2266 3848 2329 πόλεσιν,

519 2364 521 2367 ’
558 2361 856 2430 Christum,
889 2363 978 2433 qui
1007 2371 1092 2417 cst
1117 2364 1296 2434 imago
1325 2363 1600 2419 simillima
1624 2361 1718 2419 Dei
1779 2373 1834 2420 et
1869 2363 2053 2421 Patris
2077 2365 2149 2432 ",

2251 2363 2372 2434 ήτοι
2391 2364 2505 2424 τοίς
2523 2360 2759 2428 ἔθνεσιν,
2788 2362 2816 2414 ό
2836 2359 3038 2424 σκοπός
3060 2377 3075 2426 ;
3099 2359 3160 2412 τὸ
3183 2357 3539 2422 ἐξιλάσασθαι
3555 2374 3614 2410 τε
3634 2358 3727 2410 καὶ
3748 2357 3854 2409 ὲκ-

569 2473 586 2506 ι
625 2462 677 2510 et
699 2453 868 2524 ﬁgura
907 2455 1230 2509 substantiae
1271 2455 1411 2524 ejus,
1443 2466 1497 2510 et
1525 2456 1782 2526 splendor
1812 2457 1997 2528 gloria:
2019 2459 2082 2522 ⁸ο,
2127 2478 2146 2512 ι

2253 2453 2486 2525 ζητῆσαι
2510 2452 2572 2506 τὸ
2601 2453 2897 2524 πρόσωπον
2929 2452 3157 2524 Κυρίου,
3185 2451 3456 2519 τουτέστι,
3497 2449 3756 2521 Χριστὸν.
3786 2449 3853 2512 ὃς

561 2546 626 2602 de
654 2562 761 2617 quo
789 2555 844 2601 et
873 2547 1091 2602 divinus
1127 2548 1334 2602 David:
1379 2567 1396 2599 ι
1436 2547 1650 2604 Faciem
1715 2559 1858 2604 tuam
1907 2549 2150 2606 illumina

2253 2546 2403 2599 ἔστιν
2453 2544 2619 2599 εἰκὼν
2667 2544 3088 2618 ἀπαράλλακτος
3139 2543 3235 2598 τοῦ
3274 2543 3410 2598 Θεοῦ
3464 2544 3562 2597 καὶ
3611 2542 3848 2613 Πατρὺς,

562 2655 725 2708 super
755 2654 967 2694 servum
999 2640 1235 2695 tuum“.
1270 2659 1288 2694 ι
1348 2639 1680 2696 llluminavit
1732 2641 1874 2695 enim
1945 2656 2048 2711 pax
2099 2651 2156 2698 et

2259 2658 2278 2692 ι
2308 2640 2402 2694 καὶ
2453 2638 2739 2710 χαρακτὴρ
2786 2637 2888 2707 τῆς
2939 2636 3292 2700 ὑποστάσεως
3327 2634 3517 2700 αὐτοῦ,
3569 2634 3714 2688 καθὰ
3755 2633 3851 2702 τὲ-

565 2733 753 2799 facies,
781 2742 840 2787 ut
871 2731 1010 2795 dixi,
1048 2732 1142 2787 Dei
1171 2743 1224 2787 et
1248 2731 1444 2799 Patris,
1482 2733 1657 2802 ipsum
1702 2731 1964 2787 habentes
1991 2732 2155 2787 bene-

2253 2750 2516 2804 γραπται,
2557 2733 2651 2785 καὶ
2688 2731 3032 2801 ἀπαύγασμα
3061 2731 3160 2800 τῆς
3200 2729 3381 2802 δόξης,
3413 2748 3431 2780 ι
3463 2727 3595 2800 περὶ
3623 2722 3686 2783 οῦ
3715 2743 3851 2797 φησι

565 2825 742 2880 votum
769 2839 834 2880 ac
875 2823 1206 2894 propitium;
1258 2836 1313 2880 et
1358 2826 1567 2900 peccati
1617 2840 1786 2884 noxas
1832 2824 2154 2894 repellentus

2255 2827 2351 2879 καὶ
2379 2827 2407 2880 ὁ
2436 2824 2724 2888 θεσπέσιος
2751 2823 2915 2877 Δαϐίδ
2935 2841 2949 2854 σ
2985 2841 3004 2875 ι
3039 2822 3114 2874 Τὸ
3139 2820 3430 2892 πρόσωπόν
3461 2835 3557 2872 σου
3587 2817 3852 2886 ὲπίφανον

571 2937 593 2974 ι
620 2916 915 2994 iustiﬁcati
934 2925 1030 2993 p'er
1090 2917 1248 2978 [idem
1285 2939 1300 2976 :
1335 2937 1443 2977 non
1481 2936 1570 2976 σοι
1631 2921 1885 2992 operibus
1931 2917 2155 2990 iustitiae

2257 2916 2352 2970 ἐπὶ
2380 2916 2470 2976 τὸν
2491 2915 2674 2971 δοῦλόν
2702 2933 2818 2972 σου.
2846 2934 2864 2967 ι
2887 2913 3204 2986 Ἀπέλαμψε
3228 2913 3338 2985 γὰρ
3361 2915 3395 2983 ἡ
3425 2912 3643 2983 εἰρήνη,
3663 2910 3763 2963 καὶ
3791 2910 3854 2963 τὸ

567 3028 689 3086 qua:
706 3013 933 3069 iecimus
963 3027 1086 3079 nos,
1121 3013 1215 3068 sed
1243 3011 1536 3068 secundmn
1559 3027 1805 3082 magnam
1843 3011 2152 3066 misericor-

2256 3011 2570 3084 πρόσωπον,
2611 3011 2686 3075 ὠς
2740 3011 2898 3081 ἔφην,
2940 3009 3034 3063 τοῦ
3081 3007 3219 3061 Θεοῦ
3271 3006 3368 3061 καὶ
3422 3004 3657 3076 Πατρός
3689 3002 3853 3057 αὑτὸν

568 3105 712 3161 diam
742 3119 894 3161 suam
931 3105 998 3160 ".
1037 3123 1056 3158 ι
1096 3103 1407 3160 Misericors
1449 3103 1594 3159 enim
1624 3113 1679 3158 et
1733 3103 1904 3158 bonus
1958 3115 2061 3169 est,
2099 3113 2155 3158 et

2258 3106 2470 3176 ἔχοντες
2519 3105 2724 3177 εύμενῆ
2767 3106 2862 3159 καί
2896 3104 3074 3168 ἵλεων,
3105 3103 3201 3157 καὶ
3226 3101 3326 3172 τὴν
3355 3102 3419 3154 ἐκ
3445 3099 3544 3170 τῆς
3575 3097 3852 3168 ἁμαρτίας

570 3201 637 3254 ad
680 3212 740 3252 se
783 3196 1170 3253 accedentibus
1211 3203 1431 3265 peccata
1452 3195 1759 3251 dimittit“.
1787 3195 1951 3266 728
1977 3195 2152 3266 Ipsum

2258 3196 2699 3268 διακρουσόμεθα
2749 3195 2967 3266 βλάϐην.
2992 3213 3010 3246 ι
3038 3193 3407 3264 δικαιούμενοι
3456 3191 3544 3244 διὰ
3589 3190 3851 3252 πίστεως,

2299 3288 2312 3301 ι
2396 3288 2501 3301 ι..
2687 3288 2711 3301 Α
2911 3287 2922 3301 ο
3064 3279 3092 3301 τ’
3155 3288 3168 3301 ι
3287 3285 3300 3301 ι
3517 3283 3676 3301 ,l,,_!,,
3726 3281 3846 3301 L\\l

570 3290 920 3358 exquirentes
944 3288 1228 3344 servandis
1252 3288 1432 3359 legum
1467 3287 1690 3344 sancitis
1745 3289 1967 3344 omnino
2005 3288 2155 3344 inve-

2260 3288 2360 3341 οὐκ
2393 3288 2452 3355 ἐξ
2478 3289 2655 3360 ἔργων
2682 3287 3028 3357 δικαιοσύνης
3057 3279 3131 3339 ὧν
3152 3285 3486 3356 ἐποιήσαμεν
3513 3283 3698 3354 ἡμεῖς,
3717 3281 3858 3335 ἀλλὰ

573 3375 774 3444 nimus,
795 3387 849 3432 et
925 3393 1020 3448 per
1071 3376 1406 3448 ipsum‘Deo
1454 3392 1520 3433 ac
1566 3377 1714 3433 Patri
1775 3379 2150 3435 adhaaremus:

2257 3380 2401 3436 κατὰ
2443 3380 2576 3434 πολὺ
2628 3379 2794 3435 αὐτοῦ
2829 3379 2997 3443 ἔλεος.
3051 3398 3070 3431 ι
3133 3375 3532 3448 Φιλοικτίρμων
3580 3373 3690 3444 γάρ
3737 3374 3858 3428 ἐστι

584 3487 603 3522 ι
642 3469 761 3541 Ipse
789 3470 934 3527 enim
955 3479 1038 3526 est
1061 3486 1161 3542 pax
1191 3479 1375 3526 nostra
1407 3489 1425 3522 ι
1461 3470 1605 3540 quod
1630 3468 1926 3540 Scriptura
1949 3477 2156 3525 testan-

2262 3473 2358 3528 καὶ
2391 3473 2612 3544 ἀγαθὸς,
2646 3473 2741 3527 καὶ
2779 3472 3004 3543 ἀφίησιν
3032 3469 3358 3541 ἐγκλήματα
3395 3469 3508 3531 τοῖς
3537 3463 3859 3537 προσιοῦσιν

571 3567 660 3616 tur
682 3563 748 3619 “.
1964 3568 1970 3572 ’
2267 3565 2434 3638 αὐτῷ.
2470 3565 2642 3619 Δύτδν
2686 3563 3042 3635 ὲκζητοῦντες
3093 3561 3181 3617 διὰ
3231 3560 3324 3615 τοῦ
3376 3560 3576 3632 χρῆναι
3613 3555 3860 3628 πληροῦν

571 3651 643 3705 τὰ
666 3651 1050 3722 νενομισμένα,
1085 3651 1265 3722 πάντη
1315 3669 1375 3706 τε
1439 3652 1537 3706 καὶ
1577 3665 1797 3715 παντως
1833 3651 2197 3724 εὑρίσκομεν,
2236 3657 2332 3711 καί
2373 3656 2439 3711 δι’
2469 3655 2635 3712 αὐτοῦ
2678 3654 2998 3726 zonarum
3060 3653 3138 3726 τῷ
3171 3652 3291 3723 Θεῷ
3319 3652 3414 3706 καὶ
3445 3649 3655 3721 Πατρίο
3701 3668 3718 3700 ι
3748 3647 3861 3702 Καὶ

575 3743 682 3814 γὰρ
707 3742 867 3805 αὑτός
900 3743 1047 3795 ἐστιν
1073 3744 1106 3813 ή
1133 3743 1326 3814 εἰρήνη
1359 3743 1541 3814 ἡμῶν,
1575 3761 1595 3796 ι
1624 3743 1769 3798 κατὰ
1795 3742 1896 3808 τὰς
1920 3744 2164 3815 Γραφὰς.

651 3831 811 3887 Vens.
851 3831 1094 3886 23.1mm
1152 3833 1280 3887 dicit
1331 3833 1589 3889 Dominus
1658 3834 2038 3903 omnipotens:
2105 3833 2164 3888 lu

2349 3832 2495 3888 Τάδε
2549 3831 2713 3902 λέγει
2775 3832 2989 3900 Κύριος
3044 3827 3467 3898 παντοκράτωρ
3491 3842 3507 3858 ·
3569 3828 3674 3882 Ἐν
3729 3828 3868 3894 ταῖς

577 3922 759 3977 diebus
781 3923 886 3977 illis
906 3923 1289 3992 apprehemlent
1309 3925 1486 3980 decem
1503 3926 1603 3980 viri
1628 3942 1694 3980 ea:
1715 3927 1954 3980 omnibus
1979 3926 2164 3997 linguis

2270 3923 2522 3994 ἡμέραις
2570 3922 2834 3988 ἐκείναις
2879 3920 3282 3989 ἐπιλήψονται
3335 3917 3483 3972 δέκα
3527 3918 3746 3986 ἄνδρες
3789 3919 3867 3973 ἐκ

579 4016 837 4085 gentium:
855 4024 902 4069 et
923 4017 1308 4086 apprehendat:
1334 4015 1600 4084 [imbrium
1623 4020 1779 4073 unius
1808 4019 2034 4073 hominis
2073 4017 2164 4074 Ju-

2268 4014 2485 4070 πασῶν
2506 4013 2626 4068 τῶν
2653 4012 2953 4085 γλωσσῶν
2977 4011 3097 4068 τῶν
3141 4011 3355 4077 ἐθνῶν,
3391 4011 3492 4066 καί
3526 4011 3868 4081 ἐπιλήψον-

580 4104 705 4165 dwi,
737 4105 967 4158 dicentes
1000 4120 1018 4158 :
1048 4103 1260 4163 Ibimus
1297 4115 1488 4174 tecum,
1517 4109 1645 4178 quia
1669 4107 1968 4162 audivimus
2029 4108 2164 4180 quod

2266 4126 2363 4164 ται
2396 4107 2503 4162 τοῦ
2540 4105 2887 4176 κρασπέδου
2920 4105 3142 4174 ἀνδρὸς
3177 4103 3491 4170 Ἰουδαίου,
3535 4105 3865 4176 λέγοντες-τ

583 4193 719 4248 Deus
740 4196 998 4250 vobiscum
1021 4207 1121 4252 est.

2271 4200 2697 4271 Πορευσόμεθα
2735 4201 2888 4268 μετὰ
2930 4199 3069 4262 σοῦ,
3103 4197 3254 4252 διότι
3295 4199 3646 4269 ἀκηκόαμεν
3699 4199 3788 4252 ὅτι
3829 4199 3868 4254 ὅ

2273 4293 2420 4359 Θεὸς
2441 4294 2571 4362 μεθ’
2602 4291 2772 4361 ὑμῶν
2796 4290 3002 4365 ἐστιν.¹
3539 4306 3542 4308 '

664 4375 748 4430 Ll.
782 4377 1025 4444 Quonam
1059 4379 1216 4434 modo
1250 4395 1344 4450 per
1372 4382 1534 4439 urbes
1560 4392 1614 4439 et
1659 4393 1846 4453 gentes
1889 4383 2163 4440 accessuri

2343 4385 2474 4440 NA'.
2514 4385 2648 4439 Τίνα
2699 4383 2764 4456 δή
2806 4383 3009 4455 τρόπον
3057 4383 3092 4454 ή
3137 4381 3279 4435 κατὰ
3309 4381 3493 4444 πόλεις
3514 4397 3576 4434 τε
3599 4379 3738 4452 ὁμοῦ
3768 4380 3866 4432 καὶ

583 4470 691 4526 sint
712 4479 1022 4539 quzereutes
1041 4471 1234 4527 faciem
1269 4472 1503 4542 Domini,
1524 4491 1737 4530 rursum
1791 4475 2050 4530 declarat.
2080 4475 2164 4529 In-

2230 4470 2244 4520 ⁵
2273 4477 2401 4550 ἔθνη
2432 4477 2720 4549 γενήσεται
2748 4475 3010 4547 πρόσοδος
3033 4473 3145 4528 τῶν
3175 4474 3578 4545 ἐπιζητούντων
3608 4473 3672 4527 τὸ
3693 4473 3866 4545 πρόσο

584 4561 703 4632 quit
725 4562 890 4628 enim,
921 4582 939 4614 ι
981 4563 1096 4617 Erit
1129 4564 1180 4618 in
1213 4566 1404 4622 diebus
1427 4567 1554 4633 illis,
1593 4587 1612 4620 ι
1657 4568 1760 4624 hoc
1783 4577 1867 4623 est
1912 4567 2003 4622 illo
2034 4575 2164 4623 tent-

2273 4583 2422 4621 ωπον
2447 4568 2674 4639 Κυρίου,
2711 4567 2990 4638 διατρανοῖ
3023 4566 3206 4621 πάλιν.
3247 4566 3476 4620 (Ἔσται
3505 4565 3636 4637 γὰρ,
3671 4567 3862 4636 φησὶν,

586 4669 739 4726 pore,
775 4656 991 4725 quando
1027 4675 1045 4709 ι
1089 4659 1500 4729 apprehendcnt
1528 4663 1714 4717 decem
1751 4660 1854 4716 viri
1905 4676 2068 4715 unum
2087 4658 2164 4714 ιιι.

2272 4659 2332 4712 ὲν
2377 4661 2500 4723 ταῖς
2547 4659 2786 4732 ἡμέραις
2828 4659 3087 4724 ἐκείναις,
3121 4677 3140 4712 s
3197 4658 3481 4723 τουτέστι,
3535 4658 3657 4712 κατ’
3685 4659 3868 4712 ἐκεῖνο

586 4744 783 4808 daeum,
825 4744 1068 4801 dicentes
1117 4761 1132 4798 :
1189 4747 1390 4804 Ibimus
1437 4757 1636 4805 tecum;
1665 4767 1686 4802 ι
1745 4748 1848 4804 Per
1893 4751 2164 4806 denarium

2273 4751 2597 4823 καιροῦ,ὅτε
2626 4771 2643 4803 ι
2675 4750 3034 4823 ἐπιλήψονται
3060 4751 3193 4806 δέκα
3214 4750 3406 4821 ἄνδρες
3436 4749 3554 4814 ἑνὸς
3578 4748 3865 4809 Ἰουδαίου,

586 4833 884 4905 perfectum
919 4838 1294 4893 accedentium
1333 4855 1620 4896 numerum
1669 4840 1907 4909 intellige
1941 4859 1956 4897 :
1993 4840 2164 4912 perfe-

2271 4842 2558 4912 λέγοντες·
2613 4844 3003 4918 Πορευσόμεθα
3051 4843 3192 4916 μετὰ
3240 4842 3354 4896 σοῦ.
3394 4860 3414 4894 s
3470 4841 3572 4894 Διὰ
3621 4841 3721 4911 μὲν
3769 4834 3866 4892 οὖν

587 4925 782 4983 etionis
807 4926 949 4981 enim
975 4929 1277 4999 symbolmn
1310 4941 1395 4987 est
1419 4932 1507 4988 hic
1533 4933 1968 5000 numerus.Quod
1992 4943 2164 4989 autem

2270 4934 2380 4989 τῶν
2421 4935 2552 4990 δέκα
2588 4936 2680 4990 τὸν
2726 4936 2932 4990 τέλειον
2961 4935 3070 4990 τῶν
3104 4935 3439 5007 προσιόντων
3480 4933 3696 5005 νοήσεις
3739 4932 3860 5002 ἀρι-

589 5017 791 5074 sanctis
831 5020 1088 5090 apostolis
1124 5036 1193 5076 ex
1215 5023 1470 5092 gentibus
1524 5024 1864 5080 adhaerentes
1922 5026 2164 5082 eamdem

2272 5026 2408 5099 θμόν
2431 5043 2446 5060 ο
2500 5027 2836 5100 τελειότητος
2891 5027 3002 5097 γὰρ
3060 5027 3330 5100 σύμϐολον
3369 5028 3398 5081 ό
3437 5025 3665 5088 δέκατὸς
3713 5026 3861 5077 ἐστιν

589 5124 709 5164 cum
744 5110 848 5167 illis
873 5112 1013 5166 viam
1050 5115 1331 5170 ambulare
1371 5117 1722 5183 instituerint,
1757 5117 2040 5186 iustiﬁcati
2077 5133 2164 5189 per

2269 5119 2657 5192 ἀριθμός.”οτι
2687 5119 2745 5174 δὲ
2769 5122 2880 5184 τοῖς
2911 5121 3087 5190 ἁγίοις
3114 5117 3455 5183 ’ἀποστόλοις
3501 5118 3552 5170 οἰ
3590 5116 3650 5183 ἐξ
3691 5115 3866 5170 ἐθνῶν

589 5196 747 5254 ﬁdem
789 5200 841 5255 in
861 5199 1078 5260 Christo
1104 5203 1174 5270 °',
1207 5205 1494 5262 manifeste
1520 5209 1776 5273 ostendit,
1828 5209 1998 5278 ipsam
2058 5209 2164 5266 for-

2269 5211 2600 5282 κολλώμενοι
2637 5212 2736 5284 τὴν
2763 5212 2932 5285 αὐτὴν
2965 5212 3157 5285 ὥσπερ
3183 5211 3412 5276 ἐκείνοις
3460 5209 3700 5283 βαδίζειν
3744 5207 3866 5262 ὁδου

591 5304 756 5358 mam,
789 5307 884 5348 seu
912 5302 1140 5364 gestum,
1173 5305 1232 5350 ut
1255 5309 1320 5349 ex
1352 5297 1587 5367 imagine
1620 5299 2027 5356 accuratissime
2056 5299 2164 5355 elli-

2276 5305 2591 5379 ἐπεχείρουν
2619 5306 2987 5380 δικαιούμενοι
3026 5306 3112 5361 διὰ
3142 5306 3377 5369 πίστεως
3400 5304 3497 5374 τῆς
3527 5305 3586 5356 ὲν
3616 5299 3862 5372 Χριστῷ,

589 5390 732 5438 ctam
752 5383 1057 5455 proferens.
1090 5385 1247 5440 Parvi
1284 5387 1427 5442 enim
1460 5390 2023 5462 puerignonuuuquam
2076 5406 2164 5461 pa-

2279 5400 2602 5471 καθίστησιν
2656 5401 2906 5470 ἐναργὲς,
2946 5401 3043 5455 καὶ
3088 5399 3150 5453 τὸ
3201 5398 3389 5470 σχῆμα
3433 5396 3642 5466 λέγων,
3679 5395 3768 5458 ὠς-
3805 5392 3866 5456 ἐξ

593 5481 728 5530 trem
761 5476 912 5546 sequi
936 5478 1258 5546 gestientes,
1287 5483 1682 5550 comprehensa
1707 5499 1802 5539 ora
1837 5487 2004 5540 vestis
2030 5485 2164 5555 ejus,

2281 5491 2487 5556 εἰκόνος
2515 5493 2988 5565 διαπεπλασμένον
3015 5487 3076 5546 εὖ
3115 5491 3279 5564 μάλα.
3305 5491 3370 5545 Οἰ
3408 5490 3518 5560 γὰρ
3549 5484 3736 5558 μικροὶ
3754 5484 3863 5540 τῶν

591 5564 698 5621 illis
731 5567 960 5625 tactibus
979 5569 1122 5624 velut
1147 5570 1343 5643 adjuti,
1372 5582 1426 5628 et
1462 5588 1492 5628 a
1549 5582 1698 5631 veste
1760 5578 2074 5647 pendentes,
2104 5579 2164 5634 ci-

2283 5579 2485 5637 παίδων
2519 5583 2578 5636 ἐν
2614 5585 2724 5648 τοῖς
2755 5583 2907 5648 ἰδίοις
2935 5583 3208 5655 πατράσιν
3233 5580 3436 5635 ἒλοιντό
3462 5595 3592 5632 ποτε
3622 5593 3860 5631 κατακο-

667 5768 1123 5854 ⁶λ1⁸τογενξκινιμ
1162 5774 1309 5854 t7.“
1361 5773 1640 5854 "ll-tier.
1669 5791 1742 5841 tv,
1770 5779 1824 5854 ό.
1939 5782 1983 5812 εθ
2023 5781 2164 5838 Hel)!

2233 5798 2269 5852 t,
2307 5784 2358 5840 5.
2437 5785 2478 5816 ⁸⁸
2513 5783 2654 5840 Psal.
2687 5799 2875 5854 cxvnt,
2909 5785 3032 5842 M5.
3109 5786 3154 5818 “
3175 5785 3283 5842 Tit.
3327 5799 3409 5848 Ill,
3651 5776 3697 5809 “
3731 5754 3853 5834 luel

592 5851 654 5908 lt,
698 5839 782 5895 15.
861 5840 905 5872 ⁸³
931 5839 1129 5910 Ephes.
1161 5858 1212 5911 tt,
1252 5843 1336 5897 Η.
1413 5846 1460 5876 ⁸⁵
1493 5845 1647 5901 item.
1687 5839 1736 5915 ν,
1788 5853 1837 5905 1.

4060 2099 4063 2270 1
