4120 6534
224 466 330 523 £55

1084 420 1642 513 communitus
1682 454 1745 508 IN
1788 452 2190 507 muluium
2236 449 2657 505 I’ROPIIETAM

3393 450 3493 505 ιω

216 576 450 640 λουθεῖν,
483 570 905 644 ἐπιδραξάμενοι
948 568 1041 622 τοῦ
1074 567 1406 640 κρασπέδου,
1440 561 1550 620 οἷον
1585 567 1811 621 ἐπικουοι

1923 575 1997 618 tra
2026 579 2265 617 errorem
2305 564 2712 632 periculumque
2748 560 3084 631 gradiuntur.
3138 561 3336 617 Eodem
3387 580 3499 617 mo-

225 668 481 741 ρούμενοι
505 667 624 727 ταῖς
650 664 835 732 ἁφαῖς,
870 661 960 715 καὶ
987 659 1094 714 τῶν
1124 660 1449 731 ἐσθημάτων
1481 658 1811 730 ἀπαρτώμε-

219 776 300 811 νοι
358 756 572 825 ἀπλανῆ
629 771 687 807 τε
739 752 834 806 xai.
877 750 1097 822 ἀσφαλῆ
1141 751 1418 804 ποιοῦνται
1450 750 1547 822 τὴν
1580 750 1808 820 βάδισιν.

220 848 373 904 Κατά
404 848 495 900 τὸν
524 847 660 913 ἴσον,
690 840 868 916 οἶμαι,
901 843 1103 916 τρόπον
1134 844 1229 896 καὶ
1257 845 1303 896 οἱ
1329 844 1396 914 τῇ
1432 843 1607 896 κτίσει
1654 841 1810 893 λελα-

214 940 507 1013 τρευκότες
539 940 692 1008 παρὰ
734 938 826 991 τὸν
849 935 960 990 τῶν
1007 936 1146 989 ὅλων
1172 934 1536 1007 Δημιουργον,
1571 933 1811 1004 πατέρας

218 1032 473 1103 γνησίους
512 1029 944 1101 ἐπιγραφόμενοι
982 1030 1109 1091 τοὺς
1143 1028 1249 1081 τῶν
1273 1026 1645 1095 εὐαγγελικῶν
1690 1026 1811 1093 δογ-

219 1125 407 1195 μάτων
443 1120 765 1193 εἰσηγητὰς,
804 1119 899 1174 καὶ
943 1119 1341 1195 συναπτόμενοι
1374 1119 1439 1171 δι’
1480 1116 1806 1187 ὁμοψυχίας,

215 1215 442 1269 ιηονταί
474 1231 535 1267 τε
562 1213 767 1277 αὐτοῖς,
806 1184 1166 1282 νηπιάζοντες
1205 1209 1285 1264 ἐτι
1316 1210 1415 1273 τὰς
1447 1208 1688 1280 γνώμας,
1720 1209 1813 1262 καὶ

218 1310 301 1371 είς
344 1307 445 1378 τὴν
491 1304 685 1377 ὁμοίαν
736 1305 908 1359 ἵενται
939 1304 1146 1375 τρίϐον,
1176 1301 1412 1373 ζηλωταί
1448 1319 1547 1355 που
1596 1302 1812 1362 πάντως

217 1395 665 1466 ἁναδεικνύμενοι
716 1394 815 1464 τῆς
868 1392 1048 1448 αὐτῶν
1096 1392 1393 1457 πολιτείας,
1424 1392 1518 1446 καὶ¹
1568 1393 1687 1455 ταῖς
1726 1390 1813 1443 ἀεὶ

217 1489 356 1560 πρὸς
387 1488 449 1541 τὸ
476 1488 699 1559 ἄμεινον
730 1486 1038 1540 ἐπιδόσεσιν
1088 1504 1105 1536 t
1135 1486 1216 1547 είς
1244 1484 1412 1555 ἄνδρα
1444 1484 1649 1537 τέλειον
1683 1483 1814 1536 ἀνα-

216 1578 516 1644 ϐαίνοντες,
552 1578 649 1632 καὶ
694 1578 775 1641 είς
815 1576 1012 1648 μέτρον
1041 1574 1259 1647 ήλικίας
1302 1574 1398 1628 τοῦ
1445 1573 1812 1646 πληρώματος

214 1672 312 1727 τοῦ
351 1671 613 1743 Χριστοῦ.
647 1688 666 1720 ι
698 1668 961 1724 Ἕπονται
1007 1668 1064 1723 δὲ
1111 1667 1201 1722 διὰ
1234 1667 1393 1721 ποίαν
1442 1665 1654 1729 αίτίαν;
1705 1666 1812 1716 Πε-

218 1763 668 1835 πληροφόρηνται
714 1761 846 1832 γὰρ,
890 1762 973 1815 ὃτι
1025 1764 1053 1815 ὁ
1088 1761 1221 1824 Θεὸς
1277 1760 1395 1831 μετ’
1432 1757 1615 1813 αὐτῶν
1670 1758 1813 1819 ἐστι,

214 1854 533 1920 τουτέστιν,
582 1855 611 1906 ὁ
668 1853 1062 1925 Ἐμμανουήλ·
1109 1849 1476 1924 ἑρμηνεύεται
1509 1849 1656 1919 γὰρ,
1696 1867 1715 1900 ι
1754 1847 1814 1901 '0

1914 659 2004 721 do,
2041 660 2252 725 opinor,
2285 667 2337 709 et
2368 657 2456 725 qui
2500 657 2658 710 rebus
2692 656 2923 711 conditis
2965 657 3270 710 servierunt
3320 659 3501 726 potius

1914 767 2072 816 quam
2111 749 2487 802 universorum
2519 746 2821 813 Conditori,
2868 764 2963 817 pro
3016 752 3286 815 getmanis
3346 762 3503 817 paut-

1914 839 2012 893 bus
2043 849 2360 907 coeptantes
2405 839 2839 908 evangelii-orum
2881 842 3185 908 dugmatum
3243 840 3502 908 explana-

1916 942 2079 994 tores,
2109 941 2159 985 et
2215 947 2307 999 per
2333 932 2676 986 concordiam
2718 931 2822 985 illis
2893 932 3155 1001 colligati,
3200 942 3503 999 sequuntur

1914 1038 2027 1086 eos,
2058 1021 2293 1077 infantes
2319 1022 2745 1093 adlmcjudiciis,
2776 1038 2829 1081 et
2856 1024 3019 1077 simiti
3081 1024 3165 1077 via
3218 1022 3499 1084 incedunt,

1914 1129 2099 1169 eorum
2130 1116 2249 1167 vita:
2276 1114 2576 1168 imitatores
2631 1115 2954 1180 manifesti,
3004 1124 3057 1167 et
3116 1115 3389 1183 perpetuis
3434 1112 3500 1166 ad

1915 1204 2136 1259 meliora
2188 1206 2538 1260 incrementis
2580 1224 2598 1257 ι
2659 1206 2714 1259 in
2766 1206 2940 1260 virum
2988 1208 3309 1276 perfectum,
3357 1215 3407 1257 et
3448 1207 3500 1259 in

1915 1312 2222 1352 mensuram
2250 1299 2426 1351 (elatis
2448 1298 2799 1368 plenitudinis
2822 1299 3018 1353 Christi
3042 1299 3085 1329 ⁸⁸
3122 1318 3139 1350 ι
3177 1278 3523 1353 ογςιιίετιιιιεεε.ἲ

1914 1391 2278 1456 Quamobrem
2311 1400 2490 1446 autem
2522 1392 2865 1462 sequuntur?
2906 1391 3064 1447 Certo
3091 1390 3233 1447 enim
3271 1392 3501 1444 credunt

1916 1482 2110 1545 Deum,
2136 1483 2238 1537 hoc
2270 1495 2351 1538 est
2374 1484 2775 1540 Emmanuelem
2801 1501 2920 1539 cum
2952 1485 3056 1539 illis
3073 1499 3193 1539 esse
3225 1500 3237 1536 :
3266 1484 3503 1537 redditur

1914 1575 2058 1629 enim
2116 1590 2137 1624 ι
2164 1572 2453 1630 Nobiscum
2489 1577 2649 1631 Deus.
2694 1595 2713 1629 ι
2744 1575 3093 1631 Vocationem
3154 1592 3318 1646 porro
3345 1574 3494 1629 illam

1917 1678 2024 1719 non
2052 1673 2259 1719 tantum
2289 1667 2519 1722 ﬁliorum
2542 1667 2725 1730 Israel,
2756 1668 2848 1722 sed
2880 1668 3121 1722 omniain
3170 1683 3268 1735 per
3311 1668 3498 1721 orbem

1916 1756 2155 1825 gentium
2193 1757 2331 1822 fore,
2366 1758 2522 1813 docet
2557 1773 2677 1813 cum
2716 1761 2812 1824 ait,
2835 1774 2899 1813 ex
2938 1760 3193 1812 omnibus
3255 1758 3367 1810 fore
3399 1757 3502 1810 lin—

1918 1847 2039 1917 guis
2067 1848 2158 1916 qui
2194 1848 2615 1918 appreltendent
2639 1850 2929 1903 ﬁmbriam.
2959 1849 3184 1916 Quando
3207 1860 3384 1903 autem
3413 1863 3503 1903 vo-

215 1946 351 2011 θεὸς
397 1946 517 2019 μεθ’
544 1945 721 2018 ήμῶν.
762 1965 781 2000 ι
808 1947 931 1999 ’Ότι
974 1944 1033 2000 δὲ
1077 1945 1139 1998 ού
1201 1944 1378 2016 μόνων
1416 1941 1568 1996 ἔσται
1599 1939 1710 1994 τῶν
1758 1939 1817 2005 ἐξ

1923 1947 2052 1991 cane
2099 1946 2226 1993 sunt
2248 1948 2436 2005 gentes
2469 1938 2535 1994 ad
2559 1941 2886 2010 agnitionem
2910 1940 3175 2004 veritatis,
3205 1951 3257 1994 et
3286 1940 3504 2010 quando

216 2040 448 2111 αἵματος
476 2037 695 2111 Ἰσραήλ
741 2038 775 2108 ή
825 2037 887 2091 τὸ
919 2036 1177 2110 τηνικάδε
1218 2034 1433 2105 κλῆσις,
1462 2032 1720 2087 ἁπάντων
1759 2031 1815 2084 δέ

220 2132 424 2202 μᾶλλον
467 2130 577 2184 τῶν
630 2130 735 2185 ἀνὰ
766 2130 947 2185 πᾶσαν
981 2129 1081 2200 τήν
1111 2126 1443 2197 οἰκουμένην
1477 2124 1666 2189 ἐθνῶν,
1700 2123 1818 2177 δια-

225 2221 544 2293 μεμήνυκεν
588 2219 778 2283 εἰπὼν,
812 2218 888 2283 ὡς
915 2219 981 2271 ἐκ
1015 2218 1204 2271 πασῶν
1246 2214 1460 2271 ἐσονται
1494 2214 1604 2268 τῶν
1639 2212 1818 2282 γλωσο

225 2309 337 2363 σῶν
371 2308 421 2363 οἱ
453 2307 905 2381 ἐπιδραττόμενοι
938 2306 1030 2362 τοῦ
1068 2305 1402 2379 κρασπέδου.
1441 2305 1580 2358 Πότε
1618 2304 1675 2356 δὲ
1723 2302 1818 2355 κέ-

225 2400 454 2471 κληνται
483 2400 552 2454 τά
580 2399 707 2471 ἔθνη
741 2399 879 2471 πρὸς
919 2399 1215 2467 ἐπίγνωσιν
1246 2397 1527 2469 ἀληθείας,
1553 2395 1646 2449 καὶ
1686 2395 1815 2448 πότε

222 2488 585 2563 βεϐούληνται
612 2489 916 2562 ἐκζητῆσαι
956 2489 1018 2543 τὸ
1056 2490 1347 2560 πρόσωπον
1378 2487 1609 2558 Κυρίου,
1642 2486 1816 2552 ἐξιλά-

224 2582 425 2647 σασθαι
454 2600 514 2636 τε
546 2583 730 2649 αὐτὸν,
762 2583 857 2637 καὶ
896 2584 1007 2648 τοῖς
1041 2582 1219 2652 ἁγίοις
1247 2580 1571 2643 ἀποστόλοις
1594 2579 1693 2651 τήν
1722 2580 1818 2633 αύ-

220 2677 325 2749 τὴν
367 2677 557 2749 ὥσπερ
603 2677 936 2747 διαστείχειν
977 2676 1116 2741 όδὸν,
1144 2677 1193 2729 εί
1228 2674 1302 2747 μὴ
1330 2675 1418 2729 ὅτε
1447 2675 1638 2744 γέγονε
1686 2674 1820 2728 καθ’

1918 2028 2508 2099 volueruntexquirere
2540 2031 2732 2086 (aciem
2768 2032 2997 2097 Domini,
3050 2042 3103 2085 et
3163 2046 3287 2084 eum
3324 2032 3504 2101 propi-

1917 2120 2283 2185 tiare,etenm
2314 2123 2515 2176 sanctis
2548 2124 2804 2192 apostolis
2827 2125 2981 2194 quasi
3043 2122 3233 2178 eadem
3267 2124 3349 2175 via
3419 2124 3503 2175 iu-

1916 2213 2274 2283 gredi,729
2314 2214 2416 2269 nisi
2472 2218 2686 2285 quando
2745 2230 2989 2271 nostram
3044 2228 3293 2270 naturam
3334 2216 3505 2270 induit

1921 2301 2279 2373 Unigenitus?
2305 2305 2395 2373 qui
2427 2318 2511 2361 est
2548 2324 2566 2358 ι
2599 2309 2937 2377 exspectatio
2989 2307 3326 2377 gentium";
3365 2325 3381 2356 ι
3414 2307 3502 2358 tui

1921 2409 2106 2451 cantat
2135 2398 2293 2450 etiam
2319 2399 2533 2454 divinus
2566 2400 2730 2454 David
2765 2420 2777 2455 :
2831 2421 2847 2452 ι
2884 2399 3084 2454 Omnes
3120 2410 3305 2470 gentes
3342 2416 3505 2468 quas-

1922 2504 2134 2559 cunque
2162 2489 2356 2556 fecisti,
2386 2494 2605 2547 venient
2658 2505 2706 2547 et
2737 2494 3039 2548 adorabunt
3065 2510 3247 2547 coram
3295 2502 3364 2556 te,
3404 2494 3507 2545 liu-

1928 2582 2070 2635 mixe
2094 2582 2160 2636 ⁸⁸.
2197 2602 2214 2633 ›
2246 2583 2346 2638 Per
2380 2584 2550 2653 ipsum
2579 2585 2724 2640 enim
2759 2595 2810 2641 et
2848 2585 2962 2657 ipsa
2992 2585 3228 2656 gentium
3259 2582 3506 2637 Iltttltitn-

1926 2674 1994 2727 tlo
2017 2676 2220 2729 salvata
2262 2686 2365 2731 est.

223 2771 377 2841 ἡμᾶς
411 2770 440 2823 ὁ
489 2767 833 2839 Μονογενής;
866 2768 923 2832 ὃς
972 2768 1089 2820 ἐστι
1146 2785 1165 2819 t
1192 2766 1490 2839 προσδοκία
1550 2767 1752 2820 ἐθνῶν·
1796 2784 1814 2819 ι
1858 2768 1993 2838 πρὸς
2032 2767 2090 2821 ὃν
2158 2768 2251 2821 καὶ
2285 2769 2313 2821 ό
2369 2766 2654 2833 θεσπέσιος
2700 2771 3002 2842 άναμέλπει
3035 2771 3228 2824 Δαϐίδ·
3271 2790 3287 2821 ι
3320 2770 3505 2823 Πάντα

224 2865 298 2919 τά
340 2865 470 2937 ἔθνη
510 2865 610 2918 ὅσα
656 2862 919 2934 ἐποίησας
965 2860 1156 2933 ἥξουσι
1202 2860 1294 2915 καὶ
1345 2862 1819 2933 προσκυνήσουσιν
1893 2862 2123 2916 ἐνώπιόν
2175 2880 2289 2926 σου,
2318 2864 2510 2935 Κύριε.
2542 2884 2559 2917 ι
2623 2865 2901 2920 Σέσωσται
2950 2868 3057 2937 γὰρ
3101 2866 3166 2918 δι’
3204 2866 3368 2919 αὐτοῦ
3414 2866 3506 2917 καὶ

225 2958 369 3031 αὐτὴ
392 2957 502 3012 τῶν
528 2954 695 3011 ἐθνῶν
724 2956 757 3026 ή
784 2954 1013 3029 πληθύς.

844 3091 1096 3146 ΚΕΦΔΔ.
1129 3090 1205 3143 6'.

299 3216 519 3288 Λῆμμα
544 3218 732 3289 λόγου
766 3218 986 3287 Κυρίου
1011 3218 1081 3272 ἐν
1107 3215 1183 3288 τῇ
1222 3217 1450 3288 Ἀδρὰχ,
1487 3219 1586 3272 καὶ
1630 3222 1819 3289 Δημα-

224 3311 391 3366 σκοῦ
423 3310 769 3377 ἀνάπαυσις
807 3310 1015 3373 αὑτοῦ,
1051 3310 1200 3366 διότι
1245 3312 1463 3379 Κύριος
1499 3312 1685 3381 ἐφορᾷ
1714 3313 1820 3366 ἀν-

227 3400 527 3471 θρώπους,
585 3402 685 3455 καὶ
736 3400 940 3468 πάσας
988 3401 1191 3471 φυλὰς
1244 3402 1351 3457 τοῦ
1392 3404 1659 3471 Ἰσραήλ.
1715 3404 1820 3458 Καὶ

240 3493 425 3563 meo
446 3493 515 3548 ἐν
543 3493 667 3560 τοῖς
703 3493 889 3561 ὁρίοις
910 3494 1121 3563 αὐτῆς.

303 3587 434 3642 NB'.
476 3588 589 3642 Οὐκ
617 3588 825 3659 άτραχυ
863 3589 961 3658 μὲν
997 3589 1057 3641 τδ
1086 3588 1467 3659 προκείμενον,
1504 3589 1825 3659 δυσέφικτος

228 3679 290 3735 δὲ
319 3678 517 3750 κομιδῇ
549 3680 643 3732 καὶ
670 3678 808 3750 αὐτὴ
837 3679 946 3734 τῶν
974 3679 1176 3745 λέξεων
1205 3681 1238 3751 ή
1274 3680 1539 3752 συνθήκη.
1576 3682 1721 3752 Πλὴν
1750 3682 1826 3740 ὡς

233 3771 319 3825 ενι
347 3771 622 3836 λελέξεται
640 3772 822 3853 πρδςή
831 3772 971 3842 μῶν.
1004 3774 1086 3828 Τά
1117 3790 1179 3842 γε
1212 3772 1319 3844 μὴν
1353 3775 1439 3844 ἐφ’
1464 3769 1546 3838 οἷς
1576 3773 1825 3845 εἰρῆσθαι

232 3861 414 3915 ταῦτα
445 3860 761 3932 νομιοῦμεν,
780 3862 1004 3927 εἰκότως
1028 3862 1427 3933 προαγορεύειν
1446 3863 1679 3935 ἀνάγκη·
1704 3881 1826 3934 νοη-

231 3952 359 4025 θείη
385 3953 493 4024 γὰρ
517 3953 583 4006 ἂν
612 3947 714 4006 ὧδέ
752 3970 810 4007 τε
840 3953 935 4008 καὶ
965 3953 1115 4024 μόλις
1144 3953 1244 4024 τῆς
1274 3952 1604 4025 προφητείας
1628 3955 1656 4007 ὁ
1680 3951 1824 4016 νοῦς.

230 4045 370 4099 Ὅτε
401 4045 577 4098 τοίνυν
614 4044 721 4099 τῶν
762 4045 861 4116 τῆς
901 4044 1279 4117 αἰχμαλωσίας
1309 4044 1524 4114 δεσμῶν
1554 4044 1739 4115 ἀνείθη
1768 4060 1826 4097 τε

231 4139 334 4192 καὶ
389 4136 737 4208 ἀπήλλακται
787 4136 927 4191 κατά
976 4139 1202 4209 καιροὺς
1253 4137 1545 4209 όἸσραὴλ,
1588 4133 1722 4209 ἧκόν
1766 4153 1825 4189 τε

232 4229 429 4283 λοιπὸν
454 4232 535 4293 εἰς
565 4229 664 4299 τὴν
692 4228 974 4295 Ἰουδαίαν,
1000 4229 1093 4284 καὶ
1123 4229 1482 4300 ἀνατειχίζειν
1507 4228 1828 4299 ἐπεχείρουν

231 4321 338 4392 τὴν
376 4320 763 4392 Ἰερουσαλήμ,
809 4320 930 4373 τότε
983 4321 1083 4392 δὴ,
1134 4322 1254 4374 τότε
1299 4321 1369 4375 τὰ
1422 4321 1675 4392 περίοικα
1720 4321 1829 4374 τῶν

232 4412 436 4477 ἐθνῶν,
464 4412 517 4465 οῖ
540 4428 599 4464 τε
632 4411 732 4482 τὴν
762 4411 1078 4482 Σαμάρειαν
1105 4410 1403 4477 οἰκοῦντες,
1422 4412 1515 4464 καὶ
1546 4412 1593 4463 οί
1615 4410 1711 4474 τὰς
1731 4414 1830 4482 τῆς

234 4504 636 4575 Παλαιστίνης,
656 4506 751 4557 καὶ
788 4502 892 4573 μὴν
926 4504 1018 4557 καὶ
1043 4503 1295 4575 Φοινίκης
1313 4504 1601 4572 νεμόμενοι
1619 4502 1823 4566 πόλεις,
1856 4482 1903 4537 Ῐ)

230 4598 638 4654 κατεδάκνοντο
665 4595 864 4665 φθόνῳ,
893 4594 1029 4666 ὁμοῦ
1071 4595 1127 4649 δὲ
1171 4596 1262 4649 καὶ
1291 4594 1579 4657 ἐδεδίεσαν,
1610 4595 1683 4666 μὴ
1726 4594 1833 4665 ἄρα

229 4691 297 4761 δή
326 4691 499 4744 πάλιν
525 4688 931 4757 ἀνενεγκόντων
975 4687 1157 4751 αύτοῖς
1182 4686 1289 4740 τῶν
1313 4686 1742 4756 πραγμάτωνείς
1769 4684 1832 4738 τὸ

228 4783 327 4837 ἀπ’
364 4782 568 4853 ἀρχῆς,
601 4781 695 4835 καὶ
724 4782 803 4844 εἰς
834 4780 1045 4852 πληθὺν
1094 4778 1402 4849 ἀμέτρητον
1452 4777 1829 4847 ἐκτεινομένου

226 4875 329 4931 τοῦ
359 4876 581 4943 γένους,
624 4869 743 4928 εἶτα
773 4873 927 4926 πόλιν
956 4872 1170 4943 ἔχοντες
1213 4870 1310 4942 τήν
1343 4871 1486 4924 οῦτω
1522 4870 1827 4923 δυσάλωτον

228 4969 329 5021 καὶ
366 4966 808 5037 εύπυργοτάτην,
838 4962 1363 5035 καταστρατεύοιντο
1412 4963 1574 5016 πάλιν
1625 4960 1826 5025 αὐτῶν,

228 5061 329 5112 καὶ
360 5059 580 5129 ἄμαχόν
617 5076 758 5125 τινα,
784 5057 926 5111 καθὰ
958 5056 1052 5111 καὶ
1083 5056 1271 5119 πάλαι,
1298 5054 1830 5125 κατεξαναστήσειαν

227 5150 418 5203 αὐτῶν
442 5149 543 5221 τήν
560 5153 739 5221 χεῖρα,
759 5147 934 5221 ταύτῃ
952 5165 1034 5200 τοι
1057 5146 1314 5217 τειχίζειν
1336 5145 1617 5209 ἐθέλοντας
1638 5147 1832 5199 διακωο

224 5243 381 5295 λύειν
431 5241 651 5313 ἤθελον,
694 5243 927 5311 πικροὺς
973 5239 1265 5310 ἀρτύοντες
1307 5237 1520 5307 λόγους.
1573 5237 1666 5290 καὶ
1723 5236 1829 5307 μὴν

223 5335 322 5387 καὶ
363 5333 599 5402 ἐφόδους
639 5333 938 5405 ληστρικὰς
968 5332 1212 5395 ἱστάντες
1246 5323 1630 5393 αύτοῖς.⁷Πκον
1659 5329 1715 5382 δὲ
1750 5332 1831 5393 εἰς

222 5424 391 5477 τοῦτο
444 5422 748 5492 βασκανίας
781 5422 872 5474 καὶ
925 5420 1151 5490 φθόνου,
1197 5420 1337 5473 ὥστε
1380 5420 1474 5473 καὶ
1520 5420 1829 5490 γεγράφασι

223 5514 305 5584 τῷ
340 5514 577 5584 Περσῶν
609 5512 944 5583 βασιλεύοντι
974 5513 1035 5566 τδ
1060 5512 1315 5582 τηνικάδε
1337 5512 1405 5565 τά
1435 5514 1492 5565 ἐν
1517 5512 1594 5582 τῷ
1627 5512 1831 5583 Ἕσδρᾳ

225 5607 485 5676 κείμενα.
536 5606 689 5674 Ἔχει
737 5605 793 5658 δὲ
828 5602 1029 5667 οὓτως·
1065 5622 1082 5654 ι
1118 5603 1336 5656 Βασιλεῖ
1363 5603 1692 5677 Ἀρταξέρξῃ
1732 5620 1829 5656 κυ-

228 5698 353 5768 βίῳ,
385 5700 437 5749 οἱ
472 5694 664 5758 παῖδές
695 5712 788 5747 σου
815 5712 827 5725 ο
869 5695 1140 5767 Ῥάθυμος
1171 5696 1198 5746 ό
1220 5695 1286 5747 τὰ
1319 5696 1661 5766 πραττόμενα
1692 5696 1827 5764 γρά-

302 5877 347 5906 ⁶⁶
388 5875 591 5945 Ιίνιιιις.
625 5890 697 5938 tx,
728 5876 811 5928 15.
926 5875 969 5905 ⁸⁷
996 5873 1130 5929 Gen.
1174 5889 1322 5939 xm,
1378 5875 1463 5929 it).

2567 3087 2723 3145 CAP.
2747 3089 2833 3143 ΙΧ.

1998 3228 2161 3285 Vens.
2223 3227 2354 3291 με.
2420 3225 2717 3291 Auumptio
2778 3224 2913 3278 ret-bi
2974 3224 3186 3279 Domini
3267 3228 3320 3281 in
3368 3239 3507 3283 terra

1925 3320 2157 3385 Adrach,
2186 3330 2232 3372 et
2274 3318 2523 3371 Damasci
2553 3318 2752 3385 requies
2792 3316 2924 3384 ejus,
2960 3318 3080 3379 quia
3144 3316 3399 3373 Dominus
3426 3338 3508 3375 re-

1925 3414 2076 3481 spicit
2113 3412 2368 3473 homines,
2408 3420 2454 3464 et
2483 3425 2657 3464 omnes
2686 3409 2853 3462 tribus
2883 3408 3071 3464 Israel.
3099 3409 3164 3463 Et
3200 3408 3394 3466 Emam
3451 3414 3505 3467 in

1926 3503 2119 3571 ﬁnibus
2143 3501 2281 3569 ejus.

1997 3593 2103 3647 LII.
2136 3592 2309 3647 Locus
2367 3590 2699 3655 salebrosus,
2736 3601 2790 3645 et
2830 3592 3121 3647 verborum
3185 3593 3284 3648 ista
3339 3598 3510 3651 serio-5

1926 3682 2156 3738 dimcilis
2201 3687 2267 3736 ad
2332 3681 2761 3751 intelligetnlum.
2820 3680 3223 3749 Verumtamen,
3248 3696 3508 3753 quantum

1928 3776 1981 3830 in
2010 3774 2163 3831 nobis
2190 3782 2294 3839 est,
2315 3790 2434 3828 eam
2479 3773 2855 3829 enodabimns.
2912 3772 3082 3829 Porro
3128 3776 3507 3845 exulicandum

1928 3869 2077 3937 prius
2107 3867 2174 3922 de
2202 3866 2397 3937 quibus
2427 3866 2524 3920 ista
2555 3866 2696 3920 dicta
2750 3865 2941 3920 merito
2994 3867 3389 3923 existimemus.
3420 3870 3510 3924 Sic

1927 3960 2098 4023 enim,
2130 3968 2185 4013 et
2215 3959 2301 4013 vix
2338 3967 2520 4013 tamen
2556 3957 2801 4011 vaticinii
2839 3972 3034 4013 sensus
3066 3959 3308 4029 liquebit.
3327 3960 3509 4025 Quatt-

1929 4053 1996 4107 do
2032 4051 2542 4121 igiturcaptivitatis
2570 4050 2795 4104 vinculis
2824 4049 3053 4104 emissus
3122 4050 3377 4106 liberatus
3428 4064 3508 4107 est

1929 4144 2059 4199 olim
2088 4143 2273 4210 Israel,
2302 4152 2357 4198 et
2381 4144 2451 4196 ita
2485 4142 2536 4196 in
2564 4142 2803 4198 Judteam
2838 4142 3068 4207 revenit,
3102 4150 3157 4197 et
3207 4142 3507 4198 Jerusalem

1932 4237 2238 4292 instaurare
2270 4234 2501 4305 occepit,
2527 4244 2673 4301 timc,
2703 4245 2827 4289 tunc
2856 4234 3046 4289 viciuze
3079 4244 3285 4304 gentes,
3321 4231 3510 4289 Sama-

1932 4328 2070 4391 ritae,
2106 4326 2473 4391 etPalaestini,
2504 4337 2556 4381 et
2580 4325 2881 4392 Plitenices,
2915 4324 3111 4379 invidia
3139 4325 3411 4388 ardentes.
3441 4327 3509 4379 ti-

1934 4430 2247 4489 mentesque
2266 4416 2427 4473 Sintul
2454 4432 2550 4484 ne,
2581 4417 2744 4474 rebus
2774 4417 2989 4472 illorum
3021 4417 3086 4472 ad
3110 4418 3392 4488 pristinam
3435 4418 3511 4472 in-

1930 4510 2301 4566 columitatem
2332 4511 2623 4575 revocatis,
2659 4518 2713 4565 et
2742 4525 2937 4581 genere
2977 4510 3031 4564 in
3061 4510 3383 4565 immensum
3412 4526 3509 4565 an-

1930 4614 2188 4668 cto,cum
2220 4602 2411 4657 urbem
2436 4603 2701 4658 baberent
2772 4612 3083 4672 expugnatu
3132 4600 3398 4656 diﬁieiletn
3448 4617 3511 4655 ac

1930 4694 2598 4759 munitissimam,deinde
2642 4694 2789 4764 ipsos
2850 4692 2989 4749 bello
3054 4693 3403 4758 lacesserent,
3454 4703 3509 4747 et

1935 4786 2312 4849 ἱιινίςιιιιιινυι
2329 4785 2482 4847 olim,
2514 4794 2701 4839 contra
2726 4799 2785 4839 se
2815 4784 3116 4839 exercitum
3152 4783 3506 4847 adducerent,

1930 4879 2013 4932 bis
2036 4878 2104 4932 de
2126 4877 2305 4932 causis
2330 4891 2517 4931 nmros
2534 4875 2806 4931 aedificare
2823 4890 3107 4945 aggressos
3131 4874 3389 4945 impedire
3411 4889 3508 4929 co-

1933 4968 2043 5023 nati
2082 4978 2231 5034 sunt,
2263 4970 2429 5024 verba
2463 4969 2800 5023 amarulenta
2825 4969 3116 5036 jactantes,
3138 4977 3191 5022 et
3214 4968 3508 5037 populatio-

1929 5060 2087 5115 nibus
2114 5061 2165 5115 in
2193 5076 2286 5116 eos
2310 5070 2642 5132 grassantes.
2676 5060 2752 5115 Eo
2805 5069 2984 5115 autem
3019 5058 3429 5115 obtrectationis
3452 5066 3505 5111 et

1930 5151 2141 5206 invidia:
2161 5152 2577 5222 prodierunt,ut
2605 5152 2713 5224 regi
2740 5151 3033 5208 Persarum
3075 5165 3172 5220 per
3205 5150 3255 5204 id
3293 5159 3504 5216 tempus

1928 5240 2251 5306 scriberent,
2312 5256 2432 5311 qua:
2494 5241 2562 5296 ab
2633 5241 2801 5295 Esdra
2858 5242 3155 5295 recitantur
3217 5236 3299 5292 his
3324 5238 3505 5291 verbis

1931 5335 2314 5402 propemodum
2352 5350 2366 5387 :
2401 5332 2588 5404 (Regi
2618 5334 2901 5389 Artaxerxi
2930 5332 3167 5397 domino,
3204 5330 3344 5384 servi
3364 5328 3500 5397 ejus,

1929 5421 2239 5493 Ratltytnus
2297 5432 2541 5478 actorum
2600 5424 2798 5488 scriba,
2830 5434 2881 5478 et
2913 5421 3177 5476 Semelius
3207 5419 3403 5483 scriba,
3450 5430 3505 5474 et

1928 5513 2115 5583 reliqui
2150 5514 2216 5568 de
2251 5514 2500 5578 consilio,
2533 5522 2585 5569 et
2609 5513 2820 5581 judices
2847 5514 2897 5566 in
2925 5511 3216 5583 lecsyria
3259 5520 3312 5564 et
3342 5510 3505 5567 Phae-

1927 5607 2065 5660 nice.
2097 5607 2261 5662 Nosse
2290 5616 2341 5663 te
2366 5607 2637 5670 convenit,
2663 5604 3003 5669 rex,Jud:cos
3030 5603 3357 5676 Babylonem
3391 5613 3505 5657 tra-

1928 5700 2354 5756 ductosvcnisse
2407 5700 2457 5755 in
2490 5698 2819 5770 provinciam
2877 5708 3139 5755 nostram.
3203 5706 3257 5752 et
3316 5698 3503 5750 urbem

1582 5876 1626 5906 ⁸⁸
1654 5875 1792 5929 Psal.
1830 5891 2027 5941 Lxxxv,
2057 5876 2110 5931 8.
