4120 6586
639 380 742 437 155

1659 379 1719 435 S.
1761 377 2038 436 CYRILIJ
2076 375 2546 437 ALEXANDBlN-l
2587 383 2902 469 ADCIHFP.

3804 389 3909 446 156

636 495 771 550 lianc
796 492 1056 564 perﬁdam
1080 501 1134 548 et
1154 492 1454 564 improbam
1478 491 1546 548 de
1583 492 1794 563 integro
1822 495 2087 560 condere,
2153 506 2195 548 cl

2312 511 2446 561 (ρων,
2480 495 2576 550 καὶ
2624 479 2879 569 Σεμέλιος
2931 499 2959 550 6
3016 498 3396 569 γραμματεὺς,
3425 499 3519 552 καὶ
3551 499 3600 552 οί
3629 499 3905 556 ἐπίλοιποι

634 587 748 641 rora
782 586 898 656 ejus
936 601 1148 656 parare,
1187 595 1243 641 et
1296 587 1492 642 mcenia
1550 601 1614 641 ac
1643 586 1902 656 templum
1949 588 2207 644 excitare.

635 676 964 732 Persuasum
992 677 1194 742 sittibi,
1223 676 1267 732 si
1309 677 1379 731 ita
1413 687 1659 747 pergant,
1702 691 1803 733 nec
1830 680 2026 733 tributa
2079 694 2213 747 pen-

633 768 907 831 sitaturos,
943 783 1045 822 nec
1069 767 1366 837 parituros,
1397 767 1490 822 sed
1525 768 1580 822 in
1613 783 1770 837 reges
1809 769 2206 832 calcitraturos,

632 870 686 914 et
720 859 784 912 ad
826 859 1193 930 imperandum
1225 875 1383 928 quam
1417 859 1482 915 ad
1505 858 1864 915 obediendum
1919 861 2210 929 pcomptio-

635 966 720 1005 res
747 949 1163 1026 lnturos.730
1201 951 1334 1006 Dum
1383 965 1518 1021 ergo
1565 951 1642 1006 illi
1700 952 1754 1008 iu
1805 953 2209 1010 constructione

633 1042 813 1112 templi
838 1041 1088 1098 laborant
1128 1052 1182 1098 et
1206 1043 1503 1108 enituntur,
1528 1042 1732 1114 placuit
1757 1045 1914 1100 nobis
1965 1043 2208 1100 scribere

630 1135 697 1188 ad
728 1143 798 1198 te,
830 1150 948 1199 rex,
971 1144 1027 1190 et
1053 1151 1164 1190 rem
1202 1135 1334 1190 tanti
1360 1138 1618 1192 momenti
1646 1152 1751 1190 non
1785 1135 2057 1207 negligere
2074 1138 2146 1190 ⁸⁸.
2183 1156 2201 1190 ι

629 1224 950 1292 ltaquecnm
981 1234 1193 1294 captum
1244 1237 1297 1282 et
1322 1226 1648 1284 servientem
1690 1226 1942 1284 lsraeletn
1960 1244 2064 1282 non
2098 1244 2208 1282 mc.-

628 1311 888 1366 diocriter
919 1312 1254 1377 derisissent,
1284 1313 1620 1385 .liberatoque
1648 1318 1861 1370 tondent
1886 1326 1942 1371 et
1975 1318 2206 1374 vinculis

629 1400 876 1457 absoluto
907 1418 1118 1458 rursum
1144 1405 1498 1462 nihilominus
1530 1407 1928 1473 insultarent,et
1958 1411 2206 1464 innume-

628 1492 704 1547 ris
726 1511 845 1548 ettm
873 1497 1134 1551 molestiis
1163 1499 1498 1564 divesarent,
1529 1502 1714 1556 multis
1744 1503 1916 1558 modis
1937 1504 2202 1558 insidian-

629 1594 731 1651 tes,
763 1598 816 1642 et
842 1603 1020 1658 neque
1041 1589 1284 1644 divinant
1337 1594 1593 1662 templum
1651 1595 1979 1663 instaurare,
2029 1613 2204 1667 neque

626 1676 894 1732 mamilius
926 1679 1113 1733 urbem
1144 1681 1360 1751 cingere
1376 1682 1637 1748 sinentes,
1668 1699 1887 1740 necesse
1911 1683 2009 1740 fuit
2034 1686 2201 1741 Deum

626 1767 756 1836 ipsis
777 1768 958 1832 irasci,
989 1780 1039 1824 et
1064 1786 1156 1825 eos
1184 1772 1236 1825 in
1265 1788 1456 1828 manus
1485 1773 1698 1830 l'sraelis
1729 1777 1964 1831 tradere.
2006 1776 2200 1834 Finitis

622 1861 765 1914 enim
796 1862 1070 1929 operibus,
1101 1871 1154 1916 et
1188 1864 1388 1934 templo
1419 1865 1658 1930 condito,
1707 1869 1959 1925 omnibus
2008 1885 2195 1926 eorum

623 1948 847 2003 urbibus
876 1950 1186 2018 devastatis,
1217 1954 1456 2020 captivos
1487 1971 1669 2011 earum
1700 1957 1903 2015 incolas
1932 1959 2198 2030 fecerunt,

620 2050 786 2106 atque
809 2056 940 2112 opes
964 2043 1256 2101 immensas
1272 2048 1624 2119 collegerunt.
1659 2051 1751 2106 Ait
1785 2051 1988 2121 igitur:
2028 2072 2048 2105 ι
2093 2054 2200 2109 As-

621 2134 853 2202 sumptio
876 2137 1097 2191 verbum
1121 2135 1331 2193 Domini
1377 2141 1588 2194 interra
1621 2139 1859 2208 Adraclt,
1907 2155 1962 2199 et
2005 2145 2199 2200 Dama-

619 2225 718 2293 sci,
758 2245 777 2278 ι
801 2228 902 2282 hoc
923 2240 1024 2295 est,
1045 2230 1133 2299 qui
1161 2230 1210 2284 iu
1229 2232 1476 2286 manibus
1510 2215 1765 2290 nobis'est
1793 2251 1971 2292 sermo
1996 2251 2025 2292 a
2060 2237 2195 2306 Deo,

618 2326 803 2372 contra
833 2328 1030 2374 terram
1082 2322 1318 2386 Adraclt,
1378 2333 1432 2378 ct
1477 2322 1726 2380 Damasci
1785 2327 1896 2396 flet,
1956 2331 2086 2399 quin
2141 2339 2196 2386 et

619 2408 832 2474 Ematli,
865 2426 987 2481 quae
1028 2422 1112 2466 est
1138 2413 1187 2466 iu
1230 2413 1428 2469 ﬁnibus
1471 2416 1608 2486 ejus,
1636 2417 1882 2474 Damasci
1924 2421 2191 2477 videlicet.

616 2499 784 2556 Terra
822 2512 1000 2557 autem
1029 2505 1242 2559 Adraclt
1274 2508 1419 2578 regio
1445 2509 1631 2576 utique
1671 2520 1755 2564 est
1795 2511 2058 2578 Orientis,
2104 2517 2190 2570 cui

617 2592 846 2648 ﬁnitima
891 2605 974 2649 est
1003 2594 1192 2651 Ematb
1223 2617 1240 2649 ι
1273 2614 1392 2666 qua:
1414 2611 1497 2654 est
1519 2599 1835 2670 Epiphania,
1854 2605 2012 2674 paulo
2029 2622 2189 2677 supra

615 2685 979 2753 Antiochiam,
1022 2697 1076 2742 et
1101 2689 1432 2754 Damascus,
1481 2707 1600 2761 quae
1637 2703 1721 2747 est
1763 2693 2081 2753 Phoenicum
2136 2709 2192 2756 et

616 2774 912 2832 Palaestinae
943 2779 1275 2847 metropolis.
1304 2781 1672 2849 Sulijicieutur
1701 2796 1880 2842 autem
1909 2798 1964 2844 et
1997 2800 2192 2848 metro-

613 2863 782 2935 poles,
817 2874 872 2919 et
904 2882 1023 2935 qua:
1050 2867 1180 2936 ipsis
1201 2868 1456 2932 subiecta
1494 2884 1618 2925 sunt
1643 2875 1822 2930 urbes.
1870 2876 2048 2944 Quare
2091 2881 2190 2952 ἱεῖς-

615 2962 701 3010 ιιιι·
725 2959 1023 3028 assumptio
1060 2971 1248 3014 contra
1283 2961 1433 3016 illas?
1482 2962 1616 3030 Quia
1651 2977 1699 3020 et
1731 2967 1784 3020 in
1810 2967 1942 3038 ipsis
1981 2971 2080 3026 fuit
2105 2989 2191 3029 re-

611 3049 764 3119 quies
788 3050 926 3120 ejus,
957 3051 1058 3106 lioc
1089 3063 1190 3117 est,
1243 3056 1483 3110 omnium
1535 3058 1863 3117 dominantis
1918 3063 2032 3120 Dei.
2078 3066 2187 3122 lie-

2312 586 2412 655 τῆς
2460 586 2656 660 βουλῆς
2689 590 2889 656 αὐτῶν,
2921 594 3016 644 καὶ
3053 591 3236 663 κριταὶ
3265 591 3313 643 oi
3341 591 3398 644 ὲν
3428 595 3494 662 τῇ
3529 593 3701 666 Κοίλῃ
3734 595 3911 667 Συρίᾳ

2312 681 2404 730 καὶ
2430 680 2670 754 Φοινίκῃ.
2703 683 2998 735 Γινώσκειν
3030 700 3088 742 σε
3130 683 3228 750 δεῖ,
3272 682 3520 753 βασιλεῦ,
3553 685 3634 738 δτι
3659 687 3911 742 Ἰουδαῖοι

2311 771 2360 823 οί
2403 773 2483 835 είς
2535 772 2827 827 Βαϐυλῶνα
2878 774 3241 843 ἀναχθέντες,
3294 775 3618 848 ἐληλύθασιν
3672 779 3756 842 είς
3807 779 3906 850 τὴν

2311 864 2605 939 ήμετὲραν,
2657 865 2752 918 καὶ
2795 865 2892 936 τήν
2933 883 2989 918 τε
3031 865 3186 919 πόλιν
3213 865 3310 937 τὴν
3340 867 3642 921 ἀποστάτιν
3675 869 3772 922 καὶ
3805 889 3899 925 πο-

2309 956 2481 1028 νηρὰν
2529 957 2891 1027 οἰκοδομοῦσι,
2932 959 3026 1012 καὶ
3074 958 3174 1024 τὰς
3222 960 3427 1031 ἀγορὰς
3478 961 3904 1026 ἐπισκευάζουσι

2308 1047 2533 1123 ταύτης,
2564 1048 2657 1101 καὶ
2703 1049 2773 1101 τὰ
2819 1049 2993 1120 τείχη,
3032 1050 3126 1104 καὶ.
3176 1050 3267 1103 τὸν
3322 1050 3449 1109 ναὸν
3501 1052 3904 1123 ἀνεγείρουσιν.

2313 1138 2452 1192 Ἴσθι
2484 1139 2670 1209 μέντοι
2713 1156 2797 1208 γε,
2826 1139 3033 1193 τούτων
3058 1141 3386 1212 γενομένων,
3418 1141 3542 1194 οὕτε
3578 1143 3780 1214 φόρους
3805 1147 3908 1199 αὖ·

2306 1232 2433 1296 τοὺς
2460 1231 2634 1290 τελεῖν
2677 1231 3101 1302 ὑπομενοῦντας,
3131 1231 3256 1285 οὗτε
3285 1232 3342 1286 δὲ
3375 1233 3674 1287 ὑπακούειν
3706 1235 3906 1309 ἐθελήο

2310 1340 2523 1388 σοντας·
2552 1322 2690 1376 ἀλλὰ
2725 1323 2821 1376 καὶ
2850 1322 3161 1394 βασιλεῦσιν
3208 1323 3646 1395 ἀντιστήσονται,
3676 1326 3772 1378 καὶ
3807 1327 3906 1399 ἄρα

2306 1434 2420 1486 χειν
2454 1416 2726 1488 μᾶλλον,ἣ
2749 1415 3044 1478 ὑπακούειν
3067 1414 3438 1486 ἐθελήσουσιν.
3459 1416 3902 1488 Ἐνεργουμένων

2303 1506 2399 1565 οῦν
2443 1509 2552 1568 τῶν
2601 1509 2731 1582 περὶ
2763 1509 2855 1563 τὸν
2894 1509 3021 1563 ναὸν
3055 1511 3152 1564 καὶ
3201 1509 3681 1580 σπουδαζομένων,
3720 1510 3902 1576 καλῶς

2306 1602 2452 1678 ἔχειν
2487 1601 2664 1664 ἔδοξεν
2694 1603 2825 1672 ἡμῖν
2875 1601 3084 1673 γράψαι
3116 1617 3220 1664 σοι,
3259 1599 3500 1670 βασιλεῦ,
3525 1600 3622 1654 καὶ
3647 1601 3722 1673 μὴ
3745 1617 3902 1673 περι-

2307 1695 2435 1750 ιδεῖν
2485 1695 2546 1751 τὸ
2593 1694 2850 1750 τοιοῦτον.
2882 1713 2903 1746 ›
2950 1691 3161 1747 Οὐκοῦν
3195 1693 3495 1764 ἐπειδήπερ
3530 1693 3798 1747 ὲαλωκότι
3823 1693 3901 1764 τῷ

2318 1785 2535 1858 Ἰσραὴλ
2563 1785 2659 1840 καὶ
2703 1784 2928 1839 παθόντι
2971 1783 3069 1857 τὴν
3115 1785 3495 1854 αἰχμαλωσίαν
3550 1784 3898 1850 ὲπετώϐαζον

2305 1878 2364 1933 οὐ
2417 1877 2672 1948 μετρίως,
2702 1875 3169 1946 ἀνασεσωσμένων
3217 1873 3273 1927 δὲ
3329 1875 3504 1945 μόλις,
3537 1875 3629 1929 καὶ
3679 1875 3898 1946 δεσμῶν

2305 1970 2586 2040 ἀνιεμένων
2638 1969 2800 2028 πάλιν
2843 1967 2993 2024 οὐδὲν
3041 1962 3203 2039 ἧττον
3254 1967 3627 2039 ἐπέθρωσκον,
3685 1967 3899 2038 μυρίοις

2303 2079 2363 2118 τε
2397 2063 2542 2124 ὅσοις
2573 2061 2737 2116 αὐτὸν
2767 2059 2978 2116 ἐνίεσαν
3028 2060 3233 2125 πόνοις,
3273 2060 3630 2132 πολυτρόπως
3675 2062 3900 2116 ἐπιϐου-

2303 2153 2573 2219 λεύοντες,
2604 2154 2696 2208 καὶ
2747 2151 2871 2205 οὕτε
2919 2153 3010 2206 τὸν
3065 2153 3206 2206 Θεϊον
3242 2153 3479 2224 ἐγείρειν
3514 2153 3716 2216 ἐῶντες
3747 2153 3895 2220 ναδν,

2302 2247 2425 2303 οὔτε
2461 2248 2566 2320 μὴν
2598 2247 2856 2318 τειχίζειν
2892 2247 2992 2320 τὴν
3037 2247 3213 2312 πόλιν,
3259 2247 3610 2321 παρωξύνετο
3638 2247 3775 2312 Θεὸς
3811 2249 3896 2302 ἐπ’

2302 2339 2486 2402 αὐτοῖς
2519 2339 2860 2408 ἀναγκαίως,
2889 2339 2980 2392 καὶ
3007 2339 3324 2411 παρέδωκεν
3359 2339 3555 2404 αὐτοὺς
3587 2342 3666 2404 είς
3706 2342 3898 2412 χεῖρας

2313 2429 2548 2501 Ἰσραήλ.
2585 2429 2959 2500 Πεπαυμένων
2997 2429 3105 2500 γάρ
3152 2429 3260 2483 τῶν
3290 2428 3487 2501 ἔργων,
3518 2431 3894 2502 ἐγηγερμένον

2299 2541 2358 2576 τε
2388 2522 2482 2577 τοῦ
2507 2520 2659 2590 ναοῦ,
2683 2523 2864 2587 πάσας
2885 2521 3067 2576 αὐτῶν
3092 2520 3192 2586 τὰς
3223 2522 3407 2586 πόλεις
3440 2522 3895 2594 καταδῃὼσαντες

2299 2609 2444 2674 εἷλόν
2474 2633 2534 2669 τε
2583 2615 2687 2670 ὑπὸ
2734 2617 2892 2686 χεῖρα
2940 2616 3068 2680 τοὺς
3113 2616 3169 2668 ἐν
3203 2614 3415 2679 αὐταῖς,
3446 2616 3543 2670 καὶ
3588 2614 3894 2688 χρημάτων

2299 2710 2586 2780 γεγόνασιν
2637 2708 3029 2782 ἀναριθμήτων
3084 2707 3363 2763 δεσπόται.
3406 2727 3425 2761 ι
3455 2709 3664 2780 Λῆμμα
3713 2709 3894 2763 τοίνυν

2298 2803 2452 2871 λόγος
2485 2799 2710 2876 Κυρίου,
2745 2801 2931 2871 φησιν,
2964 2801 3022 2854 ὲν
3052 2803 3120 2873 γῇ
3168 2799 3363 2873 Ἀδρὰχ
3414 2799 3505 2852 καὶ
3531 2801 3888 2872 Δαμασκοῦ·ι

2296 2895 2595 2959 τουτέστιν,
2614 2896 2672 2948 '0
2696 2894 2752 2948 ὲν
2779 2895 2966 2966 χερσὶν
2994 2894 3126 2965 ἡμῖν
3146 2892 3304 2962 λόγος
3335 2895 3363 2948 6
3389 2894 3542 2967 παρά
3567 2895 3724 2958 Θεοῦ,
3750 2896 3896 2957 κατά

2294 3005 2353 3042 τε
2403 2987 2502 3056 τῆς
2541 2988 2644 3057 γῆς
2693 2983 2890 3055 Ἀδράχ
2940 2985 3034 3037 καὶ
3079 2984 3179 3056 τῆς
3227 2985 3521 3055 Δαμασκοῦ
3576 2986 3890 3060 γενήσεται,

2295 3079 2388 3133 καὶ
2425 3077 2610 3147 μέντοι
2660 3076 2754 3129 καὶ
2795 3075 2995 3145 Ἠμὰθ,
3028 3075 3151 3145 ἥτις
3178 3077 3325 3135 ἐστὶν
3358 3078 3416 3130 ὲν
3441 3079 3554 3140 τοῖς
3591 3077 3762 3148 ὁρίοις
3789 3079 3891 3131 αύ-

609 3144 812 3212 quievit
842 3159 1024 3212 porro,
1053 3145 1173 3216 quia
1208 3147 1427 3215 punitas
1452 3149 1604 3210 vidit,
1649 3151 1763 3207 Non
1800 3156 1947 3216 enim
1973 3162 2174 3216 tacuis-

2295 3176 2402 3246 ςῆς,
2427 3144 2584 3241 δῆλον
2613 3166 2672 3220 δὲ
2700 3166 2782 3219 ὃτι
2812 3144 2909 3237 τῆς
2943 3144 3260 3236 Δαμασκοῦ.
3293 3166 3367 3238 Γῆ
3398 3166 3456 3220 δὲ
3474 3144 3694 3240 nam,
3736 3167 3893 3244 χώρα

609 3244 693 3290 set
712 3237 802 3305 qui
829 3237 1065 3293 intuetur
1095 3241 1297 3305 omnia,
1327 3243 1592 3313 veniaque
1645 3255 1699 3300 ct
1746 3248 2052 3313 visitatione
2106 3255 2191 3310 di.

607 3338 804 3400 gnatur
825 3331 1055 3386 electum
1121 3349 1314 3401 genus,
1359 3335 1611 3390 lsraelem
1671 3339 1895 3397 scilicet.
1951 3344 2191 3403 Intuetur

605 3423 748 3476 enim
773 3423 1020 3478 homines
1047 3425 1420 3480 universorum
1457 3427 1618 3495 Deus,
1663 3441 1720 3485 et
1765 3434 2189 3510 uniuscujusque

604 3516 744 3570 viam
778 3518 1110 3582 considerat,
1172 3530 1222 3573 et
1270 3519 1520 3588 injuriam
1575 3522 1836 3582 facientes
1884 3529 2184 3600 ulciscitur,

604 3622 796 3678 pmnas
830 3609 1002 3665 iratus
1059 3610 1274 3682 inﬂigit,
1337 3615 1589 3684 iujuriam
1639 3629 1818 3674 autem
1857 3638 2044 3692 passos
2074 3627 2182 3681 sal-

604 3709 695 3752 vat
717 3699 784 3753 ".
815 3699 1128 3754 Tenendum
1158 3714 1335 3757 autem
1372 3709 1657 3778 memoria,
1684 3725 1805 3764 eum
1829 3714 1989 3766 etiam
2018 3732 2180 3787 supra

603 3790 670 3844 de
685 3798 912 3859 quatuor
941 3792 1192 3845 curribus
1226 3792 1556 3862 loquentem,
1584 3805 1639 3850 et
1676 3798 1916 3865 equitum
1945 3805 2178 3870 speciem

603 3881 998 3936 describentem
1023 3882 1293 3938 addidisse
1323 3885 1513 3941 deinde
1539 3905 1550 3940 :
1574 3907 1591 3938 ι
1621 3887 1760 3944 Ecce
1780 3893 1869 3961 qui
1894 3895 2180 3964 egrediun-

603 3985 691 4031 tur
719 3992 880 4048 super
907 3986 1105 4032 terram
1131 3979 1400 4049 aquilonis
1429 3981 1769 4050 requiescere
1786 3983 2028 4041 fecerunt
2047 3991 2177 4044 iram

601 4084 772 4123 mean
809 4071 1026 4124 interra
1074 4072 1361 4141 aquilonis.
1407 4092 1424 4124 ι
1455 4073 1765 4143 liequiescit
1815 4089 1994 4135 autem
2042 4100 2178 4152 quo-

600 4159 888 4215 dannnodo
919 4162 1135 4215 inimica
1167 4163 1322 4218 malis
1354 4165 1431 4218 ira
1460 4165 1694 4233 Domini,
1738 4185 1880 4236 cum,
1917 4174 2004 4244 qui
2057 4192 2177 4230 eum

599 4248 830 4317 plurima
881 4261 934 4306 et
965 4252 1513 4325 etIrenatepeccando
1568 4257 1935 4327 oﬂ'euderuut,
1988 4282 2179 4336 [vacuas

607 4339 834 4400 lttcrint.

2291 3291 2394 3328 που
2430 3269 2652 3329 πάντως
2686 3263 2804 3319 ἐστὶ
2839 3266 2984 3321 κατὰ
3013 3262 3110 3333 τὴν
3148 3261 3288 3332 ἑῴαν
3320 3263 3582 3334 κειμένη,
3600 3256 3670 3334 ἧς
3690 3263 3893 3331 γείτων

2287 3367 2322 3435 ἦ
2369 3380 2427 3415 τε
2471 3356 2818 3428 Ἦμὰθ,³ήτις
2859 3354 3007 3407 ἐστὶν
3054 3352 3379 3422 Ἐπιφάνεια
3425 3354 3524 3424 τῆς
3567 3352 3892 3423 Ἀντιοχέων

2287 3452 2616 3527 προσωτέρα
2657 3447 2854 3519 βραχὺ,
2883 3446 2979 3500 καὶ
3008 3447 3042 3516 ἡ
3067 3444 3380 3516 Δαμασκδς,
3406 3446 3441 3517 ἥ
3473 3446 3586 3498 ἐστι
3614 3446 3886 3499 Φοινίκων

2285 3565 2344 3604 τε
2395 3546 2490 3600 καὶ
2537 3539 2900 3611 Παλαιστίνης
2971 3535 3324 3609 μητρόπολις.
3362 3535 3776 3590 ’Υποκείσονται
3827 3535 3890 3594 εξ

2289 3638 2530 3710 δηλονότι
2579 3635 2675 3688 σὺν
2713 3635 2835 3696 ταῖς
2885 3630 3254 3704 μητροπόλεσι
3306 3629 3401 3683 καὶ
3450 3628 3634 3692 πόλεις
3682 3629 3739 3680 αἱ
3785 3627 3893 3680 ὑπ’

2289 3730 2499 3792 αὑταῖς.
2532 3724 2685 3779 Διατί
2720 3723 2900 3776 τοίνυν
2931 3720 3050 3775 κατ’
3083 3719 3263 3776 αὐτῶν
3290 3719 3352 3773 τὸ
3389 3720 3621 3790 λῆμμα;
3657 3718 3784 3772 Ὀτι
3820 3718 3889 3788 δὴ

2288 3824 2345 3873 ἐν
2392 3819 2583 3882 αὑταῖς
2629 3814 2853 3884 γέγονεν
2895 3813 3202 3876 ἀνάπαυσις
3254 3810 3443 3879 αὐτοῦ,
3487 3811 3758 3874 τουτέστι,
3793 3807 3890 3864 τοῦ

2287 3912 2506 3967 πάντων
2557 3904 2888 3978 κρατοῦντος
2935 3901 3093 3962 Θεοῦ,
3113 3901 3522 3962 Ἀναπέπανται
3569 3899 3644 3963 δὲ,
3675 3900 3758 3952 ὅτι
3793 3915 3889 3952 τε·

2281 4003 2469 4058 θέαται
2504 3997 2978 4070 τετιμωρημένας.
3000 3995 3074 4050 Οὐ
3100 3995 3207 4066 γάρ
3235 3992 3300 4048 ἂν
3338 3992 3630 4062 σεσίγηκεν
3651 3992 3678 4044 6
3705 3991 3889 4049 πάντα

2281 4094 2514 4166 ἐφορῶν,
2550 4089 2769 4162 φειδοῦς
2814 4106 2874 4142 τε
2921 4089 3015 4142 καὶ
3061 4085 3406 4156 ἐπισκέψεως
3446 4083 3613 4149 ἀξιῶν
3641 4083 3704 4136 τὸ
3740 4083 3889 4136 ἀπό-

2279 4187 2470 4246 λεκτον
2503 4185 2680 4258 γένος,
2718 4181 2988 4244 τουτέστι,
3024 4180 3115 4233 τὸν
3166 4178 3407 4250 Ἰσραήλ.
3427 4177 3630 4247 Ἐφορᾷ
3651 4177 3760 4246 γάρ
3787 4177 3887 4230 άν-

2280 4276 2530 4347 ορὼπους
2568 4277 2596 4328 6
2628 4274 2734 4328 τῶν
2760 4273 2897 4328 ὅλων
2944 4271 3097 4336 Θεὸς,
3131 4269 3226 4323 καὶ
3271 4273 3370 4339 τὴν
3417 4267 3648 4321 ἑκάστου
3689 4265 3888 4337 τρίϐον

2281 4372 2742 4435 κατασκέπτεται,
2779 4369 2873 4424 καὶ
2909 4369 3022 4431 τοῖς
3063 4366 3164 4437 μὲν
3200 4364 3478 4422 ἀδικοῦσιν
3513 4361 3766 4432 ἐπιφέρει
3813 4363 3888 4415 τά

599 4430 661 4498 ἒξ
686 4433 878 4505 ὀργῆς,
908 4435 1172 4530 *ἔκρῦεῖαι
1198 4438 1253 4530 δὲ
1275 4439 1400 4503 τοὺς
1432 4441 1842 4516 ἀδικουμένους.
1875 4449 2202 4522 Μεμνῆσθαι
2242 4459 2298 4513 δὲ
2330 4463 2650 4530 ἀναγκαῖον.
2683 4430 2767 4514 ὅτι
2835 4459 2930 4517 καὶ
2973 4430 3030 4511 ὲν
3063 4430 3188 4521 ⁷τοῖς
3223 4453 3558 4528 προλαϐοῦσι
3743 4453 3887 4522 περὶ

597 4525 708 4577 τῶν
757 4525 1041 4598 τεσσάρων
1095 4527 1359 4598 ἁρμάτων
1405 4533 1724 4604 εἰσκομίσας
1764 4536 1924 4606 λόγον
1961 4543 2182 4610 καὶτὰς
2219 4548 2326 4602 τῶν
2359 4525 2572 4609 ἱππέων
2611 4552 2775 4615 ἰδέας,
2821 4547 3181 4621 προστέθεικε
3253 4547 3415 4600 πάλιν
3438 4565 3450 4577 ·
3489 4564 3507 4597 ι
3534 4545 3666 4599 Ἰδοὺ
3697 4546 3746 4598 οί
3782 4547 3890 4598 ὲκ-

598 4618 960 4689 πορευόμενοι
1005 4619 1094 4672 ἐπὶ
1143 4621 1248 4691 γῆν
1301 4620 1494 4698 βορρἄ
1530 4625 1847 4680 ἀνέπαυσαν
1885 4629 1977 4683 τὸν
2016 4631 2187 4705 θυμόν
2263 4656 2367 4710 μου
2396 4643 2453 4698 ὲν
2481 4645 2552 4719 γῇ
2593 4641 2785 4716 βορρᾷ.
2820 4658 2838 4692 ι
2867 4618 3244 4696 ⁷Ἀναπαύεται
3273 4636 3330 4690 δὲ
3360 4635 3554 4708 ,ὥσπερ
3585 4636 3614 4689 6
3639 4640 3886 4712 μισοπό-

597 4730 763 4784 νηρος
811 4713 906 4768 τοῦ
953 4715 1222 4799 Δεσπότου
1281 4717 1472 4790 Ονυμὸς,
1509 4721 1867 4778 ὲκτετικότων
1896 4725 1992 4790 τὰς
2025 4727 2178 4794 δίκας
2215 4733 2324 4789 τῶν
2392 4713 2549 4810 αὐαιίῷΓ
2587 4732 3110 4806 προσκεκρουκότων
3165 4731 3252 4788 διὰ
3295 4730 3557 4801 πλείστην
3606 4729 3740 4802 ὅσην
3777 4735 3887 4785 καὶ

598 4805 851 4877 ἀχάλινον
880 4807 1174 4878 ἁμαρτίαν.

666 4895 831 4950 Vrsas.
867 4897 922 4962 3,
939 4899 991 4952 4.
1018 4897 1182 4969 Tyrus
1207 4911 1252 4952 et
1274 4899 1466 4967 Sidon,
1488 4906 1735 4974 quoniam
1757 4908 2017 4978 sapientes
2051 4911 2170 4980 {nec

2350 4914 2535 4983 Τύρος
2586 4911 2685 4967 καί
2735 4911 2950 4976 Σιδὼν,
2999 4909 3150 4963 διότι
3199 4909 3551 4978 ἐφρόνησαν
3607 4913 3886 4980 σφόδρα,

599 4999 721 5042 runt
742 4989 918 5056 nimis,
951 4999 1000 5045 et
1035 4992 1313 5060 wdiﬁcavit
1345 4992 1848 5064 Tgrnsmunitionea
1883 5003 2006 5067 sibi,
2067 5004 2173 5058 tlte-

598 5082 892 5135 saurizavit
919 5095 1190 5150 argentum
1227 5087 1383 5155 quasi
1408 5088 1692 5154 pulverem,
1739 5101 1788 5144 et
1838 5096 2171 5164 congregavit

597 5189 785 5226 aurum
812 5183 871 5226 ut.
899 5174 1065 5228 lutum
1101 5179 1322 5231 viarum.
1351 5176 1632 5248 Propterea
1674 5184 1953 5244 possidebit
1987 5183 2173 5240 Domi-

598 5283 695 5320 nus
717 5283 854 5331 eam,
881 5277 926 5320 et
951 5271 1196 5335 percutiet
1222 5270 1274 5324 in
1335 5271 1473 5324 muri
1531 5273 1896 5340 fortitudinem
1944 5279 2080 5349 ejus.
2122 5291 2172 5336 et

596 5357 711 5426 ipsa
745 5359 797 5411 in
826 5361 943 5429 igne
975 5374 1329 5415 consumatur.

660 5448 818 5520 731
851 5449 980 5505 Llll.
1044 5450 1399 5507 Consentium
1466 5470 1586 5508 cum
1633 5460 1813 5514 verbis
1857 5474 2048 5521 eventa
2082 5483 2173 5521 nr.-

597 5537 983 5606 bium,cuntra
1013 5561 1148 5614 quas
1208 5548 1633 5616 assumptionem
1702 5550 1907 5608 Domini
1975 5556 2170 5612 factam

593 5628 896 5692 amrtnavit.
917 5635 1104 5706 Incipit
1133 5649 1308 5691 autem
1350 5655 1378 5691 ιι
1411 5639 1551 5709 'l‘yro
1585 5651 1636 5693 et
1682 5641 1901 5709 Sidone,
1925 5663 2043 5704 aure
2058 5663 2166 5720 prae

2279 5007 2374 5062 καὶ
2405 5005 2755 5080 ᾠκοδόμησε
2789 5005 2973 5076 Τύρος
2999 5002 3353 5073 όχιιοώματα
3380 5000 3585 5070 ἑαυτῇ,
3609 5002 3889 5070 ἐθησαύ-

2270 5112 2451 5168 ρισεν
2476 5099 2760 5168 ἀργύριον
2807 5098 2888 5164 ὠς
2932 5097 3106 5166 χοῦν,
3136 5095 3235 5150 καί
3265 5095 3578 5166 συνήγαγε
3605 5099 3889 5165 χρυσίον

2276 5190 2357 5256 ὡς
2388 5189 2586 5258 πηλὸν
2623 5187 2797 5244 όόὥν.
2832 5189 2934 5244 Διὰ
2960 5189 3135 5244 τοῦτο
3167 5188 3611 5258 κληρονομήσει
3650 5189 3886 5255 Κύριε(-

2270 5282 2485 5350 αὑτὴν,
2504 5282 2604 5336 καί
2628 5282 2872 5347 κατάξει
2906 5285 2992 5349 εὶς
3022 5282 3346 5338 θάλασσαν
3371 5281 3632 5350 δύναμιν
3649 5279 3882 5353 αὐτῆς,

2271 5373 2370 5428 καὶ
2405 5374 2558 5443 αὐτὴ
2592 5374 2662 5427 ἐν
2695 5375 2836 5443 πυρὶ
2876 5373 3466 5441 καταναλωθήσεται.

2344 5466 2468 5522 NF’.
2525 5467 2833 5541 Ἐπιτρέχει
2881 5465 2959 5538 τῷ
3011 5466 3154 5537 λόγῳ
3185 5465 3576 5537 συμϐεϐηκότα
3606 5471 3728 5530 ταῖς
3761 5470 3878 5520 πό-

2269 5558 2419 5623 λεσι,
2465 5558 2589 5612 καθ’
2626 5553 2699 5612 ὧν
2745 5558 3075 5630 γεγενῆσθαι
3138 5558 3508 5630 διισχυρίσατο
3553 5558 3611 5611 τὸ
3663 5559 3880 5628 lippa;

2273 5650 2499 5721 Κυρίου.
2537 5653 2795 5724 Ἀρχεται
2846 5651 2902 5706 δὲ
2949 5650 3056 5706 ἀπό
3086 5669 3142 5705 τε
3175 5651 3272 5722 τῆς
3303 5651 3478 5722 Τύρου
3512 5651 3605 5704 καὶ
3644 5648 3746 5742 τὶῆς
3776 5649 3879 5709 Σιε-

664 5811 714 5843 "
748 5817 761 5868 l
791 5816 857 5869 εἰς
883 5817 942 5866 'r.
997 5831 1067 5877 Iv,
1115 5815 1167 5877 ξι,
1219 5814 1296 5868 l6.
1373 5817 1418 5847 το
1454 5816 1610 5872 l‘r'ov.
1657 5837 1705 5886 ι’,
1738 5822 1795 5890 2t
1827 5839 1841 5890 ;
1870 5822 1971 5878 .l-ib
2007 5841 2158 5891 xxxi,
2188 5829 2220 5882 4
2255 5843 2373 5902 sqq.
