4120 6534
187 273 215 333 ’1
227 280 290 334 37

1023 268 1570 337 COMMENTARIUS
1610 282 1677 338 iN
1714 272 2116 338 z‘acnsmam
2153 274 2601 349 merueram,

3330 280 3430 333 138

188 389 375 454 δῶνος,
400 390 459 443 αῖ
486 391 553 463 δὴ
594 391 826 461 μάλιστα
872 392 980 445 τῶν
1015 392 1189 447 ἄλλων
1220 395 1583 467 διαφερόντως
1618 398 1763 450 τετί-

1876 386 2078 451 ειειθτίε
2100 403 2255 447 erant
2274 386 2743 451 honoratissimae,
2776 390 3096 453 prmtantes
3125 387 3352 453 viribus,
3377 400 3431 444 et

192 497 384 553 μηντο,
411 482 735 553 προέχουσαι
782 484 881 552 μὲν
903 483 1089 553 ἰσχύϊ,
1120 487 1213 538 καὶ
1245 486 1477 557 πλούτῳ,
1514 488 1607 541 καὶ
1638 492 1758 552 ταῖς

1876 485 2083 549 livitiis,
2115 492 2169 539 et
2197 482 2491 537 incolarum
2520 477 2857 543 fortitudine,
2914 482 2969 533 et
3002 478 3141 537 alias
3181 480 3333 548 quasi
3380 482 3433 535 in

191 562 1012 644 ἀνδρίαιςτῶνκατῳκηκότών,
1047 576 1264 645 ἔχουσαι
1310 578 1368 630 δὲ
1420 577 1609 650 ὥσπερ
1656 579 1760 632 ὑπὸ

1876 582 2128 645 potestate
2154 574 2439 637 habentes,
2467 579 2522 626 et
2560 567 2866 624 conﬁnibus
2905 568 3230 637 superiores.
3292 568 3436 635 Quo-

193 665 349 734 χεῖρα
399 663 497 726 τὰς
546 663 728 731 ἄλλας,
772 668 866 719 καὶ
919 667 1030 721 τῶν
1077 668 1292 740 ὁμόρων
1345 671 1757 741 ὑπερκείμεναι.

195 755 400 808 Οὐκοῦν
445 756 777 829 ἐπειδήπερ,
825 758 1024 829 φησὶν,
1070 760 1279 832 ὑψηλὴν
1328 762 1610 815 ἁνασπῶσι
1663 763 1762 833 τὴν

193 847 359 916 ὀφρὺν
394 844 559 901 Σιδών
584 856 642 901 τε
672 851 766 903 καὶ
792 850 990 920 Τύρος,
1024 854 1225 907 οἴονται
1255 854 1311 907 δὲ
1345 848 1484 907 εἶναι
1512 854 1675 909 δεινοί
1701 872 1762 907 τε

192 937 282 989 καὶ
313 937 631 1007 ἄθραυστοι,
658 940 751 993 καί
782 941 1156 1014 ’τεθαρσήκασι
1182 944 1279 1014 μὲν
1306 946 1392 997 ἐπ’
1418 945 1760 1017 ὀχυρώμασι,

189 1026 429 1079 τουτέστι
464 1028 656 1098 τειχῶν
686 1029 1021 1100 περιϐολαῖς,
1044 1032 1209 1102 ήγουν
1238 1033 1330 1086 καὶ
1358 1034 1560 1104 ἑτέροις
1584 1024 1763 1105 πράγ-

193 1133 347 1185 μασι,
400 1118 468 1170 δι’
492 1111 567 1171 ὧν
598 1119 665 1172 ἂν
690 1115 750 1172 εὖ
784 1120 896 1190 ἔχοι
924 1123 1018 1175 καὶ
1048 1122 1272 1187 σώζοιτο
1303 1124 1475 1191 πόλις,
1494 1127 1766 1197 πεφρονή-

189 1212 316 1260 κασι
342 1209 399 1261 δὲ
434 1211 527 1262 καί
557 1213 651 1263 ἐπὶ
677 1211 891 1282 πλούτῳ
925 1214 1087 1282 μέγα,
1116 1214 1291 1286 ταύτῃ
1315 1233 1398 1267 τοι
1432 1215 1765 1285 μαθήσονται

186 1299 274 1352 διὰ
314 1301 507 1371 πείρας
550 1303 737 1373 αὐτῆς,
766 1304 846 1355 ὃτι
882 1304 1086 1375 Κύριος
1132 1307 1527 1379 κληρονομήσει
1573 1308 1762 1381 αὐτὴν.

187 1391 623 1462 Πεποροηκὸτων
670 1395 779 1464 γὰρ
827 1396 998 1465 αὐτὴν
1045 1396 1154 1449 τῶν
1210 1395 1269 1461 ἐξ
1314 1398 1551 1468 Ἰσραὴλ,
1600 1399 1767 1468 ἧγουν

186 1482 599 1537 Οὐεσπασιανοῦ
637 1488 731 1540 καὶ
760 1490 942 1553 Τίτου,
976 1489 1555 1560 κληρονομηθήσεσθαί
1601 1508 1767 1559 φησιν

180 1572 361 1643 αὐτὴν
406 1575 559 1646 παρὰ
587 1576 743 1632 Θεοῦ.
776 1579 887 1632 Καὶ
916 1578 1025 1649 γὰρ
1063 1575 1131 1650 ἦν
1163 1578 1326 1643 αὐτὸς
1356 1581 1387 1633 ό
1416 1580 1764 1651 παραδιδοὺς,

184 1664 278 1718 καὶ
308 1665 413 1718 ὑπὸ
447 1669 604 1738 χεῖρα
641 1669 810 1733 τιθεὶς
842 1670 950 1724 τῶν
979 1670 1263 1742 ᾑρηκότων
1298 1672 1486 1742 αὐτήν.
1507 1673 1769 1742 Ῥωμαῖοι.

1860 666 2006 720 niam
2038 666 2218 735 igitur,
2255 663 2447 732 inquit,
2500 659 2844 731 supercilium
2904 658 3096 716 tollunt
3154 660 3329 730 Tyrus
3387 674 3440 715 cl.

1850 756 2054 822 "Sidon,
2086 755 2525 824 arbitranturque
2567 765 2628 808 se
2668 759 2921 821 potentes
2955 761 3011 804 et
3061 750 3434 814 inconcussas,

1851 856 1919 904 'et
1940 852 2089 918 spem
2126 852 2391 916 reponunt
2415 848 2468 900 in
2494 844 2906 908 munitionibus,
2938 845 3039 898 hoc
3066 853 3150 897 est
3192 844 3243 896 in
3272 844 3440 898 muris

1864 939 2058 1009 quibus
2083 939 2415 1003 ambiuntur,
2439 938 2552 991 sive
2590 938 2643 990 in
2683 937 2849 991 rebus
2881 936 3001 989 aliis
3031 936 3227 1004 quibus
3253 936 3442 988 floreat

1865 1038 1922 1085 et
1951 1028 2098 1083 salva
2131 1029 2203 1083 sit
2228 1028 2445 1091 civitas,
2466 1027 2533 1081 de
2567 1028 2874 1081 divitiarum
2920 1028 3080 1081 etiam
3127 1029 3279 1095 copia
3341 1027 3441 1080 sibi

1866 1120 2154 1190 plaudunt,
2182 1119 2384 1173 idcirco
2414 1120 2530 1186 ipsa
2555 1118 2885 1185 experientia
2923 1117 3134 1171 discent
3154 1112 3296 1184 quod
3337 1114 3443 1171 Do-

1865 1212 2045 1266 minus
2073 1211 2522 1280 possidebit'e‘am.
2554 1210 2923 1278 Expugnatam
2974 1209 3115 1263 enim
3177 1210 3243 1262 ab
3267 1208 3441 1262 israe—

1866 1303 2003 1371 iitis,
2033 1310 2126 1357 aut
2158 1303 2494 1372 Vespasiano
2550 1290 2605 1356 et
2632 1301 2777 1363 Tito,
2805 1292 3112 1369 possesSum
3148 1301 3211 1354 iri
3266 1312 3295 1354 a
3342 1301 3445 1354 Do-

1867 1396 2015 1451 mino
2038 1395 2232 1464 inquit.
2253 1394 2373 1464 ipse
2410 1395 2553 1448 enim
2585 1402 2703 1448 erat
2733 1394 2823 1462 qui
2854 1393 3074 1448 tradidit
3099 1392 3228 1446 etin
3255 1404 3446 1445 manus

1869 1485 2256 1553 occupantium
2280 1484 2450 1539 dedit.
2482 1482 2711 1538 Romani
2730 1488 2986 1552 .namque
3045 1491 3215 1538 totum
3258 1485 3445 1537 orbem

1869 1576 1924 1629 in
1952 1577 2208 1630 ditionem
2238 1586 2388 1629 suam
2432 1576 2765 1645 redigen‘tes,
2822 1574 2964 1627 ultro
3017 1584 3075 1629 se
3128 1568 3448 1628 dedentibus

1870 1667 2165 1722 clementes
2218 1676 2275 1721 et
2302 1667 2583 1737 benignos,
2612 1664 2987 1719 resistentibus
3046 1678 3220 1729 acres,
3278 1675 3331 1717 et
3370 1666 3451 1716 in-

183 1755 290 1824 γὰρ
317 1757 429 1819 τοῖς
456 1757 604 1821 ἰδίοις
623 1760 986 1830 ὑποφέροντες
1021 1763 1321 1833 σκήπτροις
1347 1761 1444 1833 τὴν
1471 1762 1766 1843 σύμπασαν

1876 1759 2040 1813 victos
2067 1772 2189 1813 sese
2220 1756 2550 1827 prabebant.
2578 1754 2755 1826 ipsam
2790 1754 2954 1822 igitur
2993 1754 3447 1821 conﬂagraturam

182 1845 305 1914 γῆν,
342 1849 454 1908 τοῖς
495 1849 595 1918 μὲν
644 1851 885 1903 εἰκουσιν
931 1852 1135 1921 ἁμαχεί
1183 1852 1348 1923 πρᾶοί
1395 1869 1455 1904 τε
1499 1848 1638 1922 ἦσαν
1676 1852 1770 1905 καὶ

178 1940 513 2007 νπροσηνεῖςι
565 1941 678 2003 τοῖς
732 1954 797 2007 τε
845 1942 952 2010 μὴν
1002 1932 1321 2009 ἀντεξάγειν
1366 1942 1640 1995 ἐθέλουσιν
1674 1932 1772 1994 ἒπ-

184 2027 412 2109 εφύοντο
438 2032 532 2082 καὶ
572 2031 724 2084 αὐτοὶ
751 2032 964 2102 δριμεῖς
994 2050 1055 2086 τε
1081 2034 1177 2086 καί
1206 2032 1430 2103 ἄμαχοι.
1471 2035 1772 2103 καταπρη-

187 2108 487 2186 σθήσεσθαι
540 2108 605 2190 δὴ
637 2116 731 2173 οὖν
782 2137 948 2191 φησιν
996 2114 1668 2193 αὐτὴνκατεσπασμένων
1715 2126 1773 2175 ὲν

187 2204 432 2279 θαλάσσῃ
482 2209 590 2262 τῶν
644 2212 1035 2283 ὀχυρωμάτων,
1076 2213 1171 2266 καί
1219 2214 1625 2284 διηρπασμένου
1674 2214 1770 2267 τοῦ

188 2296 444 2363 πλούτου,
483 2301 531 2352 εἰ
560 2303 654 2355 καὶ
673 2297 742 2372 ἧν
761 2303 836 2365 ὡς
865 2305 994 2372 χοῦς
1022 2304 1083 2356 τὸ
1103 2305 1347 2374 χρυσίον,
1376 2306 1471 2358 καὶ
1499 2306 1575 2368 ώς
1603 2305 1772 2375 πηλὸς

188 2388 329 2440 ὁδῶν
363 2390 424 2441 τὸ
455 2391 718 2462 ἀργύριον
746 2394 1217 2465 αὐτῆς.Ἔμποροι
1249 2394 1355 2466 γὰρ
1386 2397 1641 2463 γεγόνασι
1661 2397 1770 2448 δει-

186 2478 294 2539 νοὶ,
326 2481 419 2531 καὶ
449 2481 915 2555 φιλοκερδέστατοι
944 2484 1085 2547 λίαν,
1121 2485 1171 2536 οἰ
1216 2488 1316 2554 τῆς
1341 2485 1516 2554 Τύρου
1563 2486 1775 2554 οἰκήτο-

189 2566 308 2639 ρες,
335 2570 427 2621 καί
446 2572 575 2640 περί
592 2590 655 2639 γε
686 2573 877 2626 τούτου
908 2576 1114 2638 πλατὺς
1137 2575 1231 2628 καὶ
1255 2576 1465 2645 μακρὸς
1484 2576 1777 2646 πεποίηται

187 2651 351 2725 λόγος
383 2660 441 2711 ἐν
464 2664 580 2724 τοίς
610 2662 874 2735 ’ἰεζεχιὴλ
890 2665 983 2717 τοῦ
1007 2668 1290 2736 προφήτου
1319 2666 1776 2737 συγγράμμασιν.

187 2750 360 2802 οὐδὲν
393 2746 491 2804 οὖν
518 2753 625 2822 ἄρα
654 2756 782 2818 τοὺς
815 2756 934 2826 Θεῷ
959 2756 1398 2827 προσκρούοντας
1425 2748 1609 2827 ὀνήσει
1651 2758 1779 2810 ποτε

185 2841 318 2901 τοὺς
365 2843 804 2909 ὲπιτωθάζοντας
857 2846 1052 2915 ἁγίοις,
1091 2851 1139 2901 εἰ
1184 2849 1250 2917 δή
1284 2849 1387 2901 πού
1438 2866 1491 2901 τι
1537 2849 1777 2918 συμϐαίη

1869 1848 2019 1913 dicit,
2057 1849 2319 1903 detraCtis
2342 1848 2394 1900 in
2432 1850 2581 1901 mare
2620 1845 3027 1909 munitionibus,
3074 1854 3131 1898 et
3171 1844 3448 1898 distractis

1869 1937 2073 1990 divitiis
2095 1936 2230 2006 ejus,
2256 1936 2503 2004 quamvis
2526 1948 2716 1987 aurum
2739 1933 2854 2000 ejus
2880 1926 2951 1987 sit
2977 1942 3035 1987 ut
3066 1926 3265 2002 pulvis,
3294 1942 3348 1987 et
3394 1942 3452 1985 ut

1870 2027 2038 2081 lutum
2093 2028 2389 2096 platearum
2462 2034 2746 2095 argentum
2800 2026 2937 2092 ejus.
2966 2024 3132 2078 Erant
3173 2025 3440 2093 siquidem

1871 2126 2202 2171 mercatores
2226 2116 2406 2183 periti,
2434 2124 2488 2168 et
2518 2112 2653 2168 lucri
2711 2113 3139 2181 appetentissimi
3194 2112 3322 2183 Tyri
3374 2114 3451 2165 in-

1879 2210 2030 2277 colae,
2060 2212 2124 2265 de
2155 2222 2265 2279 quo
2289 2211 2505 2278 copiose
2536 2210 2824 2263 admodum
2862 2202 3112 2263 Ezechiel
3167 2210 3450 2278 propheta.

1876 2290 2022 2356 Nihil
2056 2303 2222 2371 igitur
2254 2316 2489 2368 unquam
2510 2301 2792 2369 proficient
2820 2303 2984 2355 Deum
3041 2300 3374 2357 oﬂbndentes
3400 2313 3453 2356 et

1876 2396 2095 2446 Sanctos
2122 2390 2492 2453 criminantes,
2524 2398 2578 2442 et
2604 2388 2773 2442 eiinse
2797 2388 3103 2453 irridentes,
3120 2389 3164 2442 si
3189 2390 3318 2457 quid
3342 2389 3454 2443 Deo

1880 2492 2099 2534 suorum
2123 2478 2281 2533 fidem
2313 2477 2563 2547 probanti
2602 2476 2722 2538 illos
2754 2477 2958 2544 perpeti
3018 2478 3322 2548 contigerit.
3368 2477 3454 2531 in-

1875 2571 2007 2625 utile
2026 2570 2167 2625 enim
2192 2569 2383 2623 evadet
2405 2580 2563 2621 omne
2583 2580 2768 2621 eorum
2787 2558 3201 2631 munimentum,
3222 2570 3325 2623 iioc
3348 2578 3451 2634 est,

1877 2675 2037 2717 omne
2084 2672 2190 2729 quo
2249 2657 2656 2713 circumdantur
2695 2662 2759 2710 ac
2804 2658 3105 2724 sepiuntur,
3164 2664 3219 2710 et
3270 2660 3455 2725 praesi-

1878 2750 2288 2820 diumquodvis,
2344 2758 2397 2803 et
2446 2748 2645 2802 divitia:
2690 2746 2825 2800 nihil
2870 2742 3139 2801 coinmotii
3193 2747 3451 2810 adorent,

1879 2845 2006 2912 quin
2043 2843 2219 2912 potius
2240 2840 2646 2910 populatoribus
2670 2838 2868 2892 addeht
2898 2832 3129 2892 animos.

186 2931 386 2984 παθεῖν
419 2928 638 2997 αὐτοὺς,
667 2936 842 2990 πλατὺ
871 2938 927 2990 δὲ
954 2938 1229 3005 γελῶντας
1257 2941 1304 2991 εἰ
1329 2937 1614 3010 δοκιμάζοι
1643 2938 1773 3001 Θεὸς
1810 2936 1917 2990 τῶν
1980 2933 2129 2986 ἰδίων
2154 2933 2255 3001 τὴν
2324 2930 2530 2983 πίστιν.
2549 2926 2832 2998 ’Λπονήσει
2861 2928 2969 2999 γὰρ
2995 2929 3174 2981 αὐτῶν
3201 2932 3305 2983 πᾶν
3328 2932 3456 2999 ὀχύ-

189 3034 375 3093 ρωμα,
408 3026 674 3092 τουτέστι,
715 3031 864 3081 πᾶσα
916 3022 1200 3101 περιϐολή,
1246 3032 1338 3085 καὶ
1372 3033 1480 3095 πᾶς
1504 3030 1803 3101 ἀσφαλείας
1880 3028 2113 3099 τρόποςο
2154 3024 2305 3078 οὐδὲν
2340 3023 2396 3075 δὲ
2427 3023 2562 3085 ὅλως
2609 3023 2638 3074 ὀ
2684 3020 2913 3084 πλοῦτος
2965 3022 3169 3091 ὀνήσει,
3200 3014 3352 3076 ἔσται
3400 3023 3457 3075 δε

190 3116 397 3185 μᾶλλον
444 3113 597 3182 οὗτος
640 3124 754 3184 τοῖς
782 3123 999 3176 εἰωθόσι
1029 3126 1335 3196 καταδηοῦν
1371 3126 1474 3194 τῆς
1507 3127 1586 3189 εἰς
1618 3126 1775 3178 τοῦτο
1814 3121 2123 3194 προθυμίας
2152 3119 2328 3181 όλκός.

264 3202 399 3262 Ἷδοι
432 3210 478 3263 δ’
503 3211 568 3265 ἄν
599 3230 682 3276 τις
712 3215 806 3267 καὶ
835 3215 928 3268 νῦν
953 3218 1078 3279 τοὺς
1114 3217 1381 3288 Ἐλλήνων
1410 3220 1603 3281 παῖδας
1637 3219 1778 3288 μέγα

1943 3217 2120 3283 Atque
2145 3214 2279 3266 adeo
2320 3225 2462 3264 nunc
2482 3224 2695 3285 quoque
2718 3210 2899 3263 videas
2933 3207 3150 3263 Graecos
3210 3213 3277 3264 ob
3304 3227 3456 3265 mun-

191 3298 295 3369 μὲν
322 3300 657 3372 φρονοῦντας
702 3306 795 3357 ἐπὶ
844 3298 1007 3377 σοφίᾳ
1054 3311 1317 3379 κοσμικῇ,
1347 3310 1438 3361 καὶ
1467 3308 1653 3380 ὥσπερ
1686 3310 1779 3361 ἐπὶ

186 3391 537 3463 ὀχυρώμασι,
565 3397 685 3457 ταῖς
711 3398 773 3449 ἐκ
808 3397 1162 3453 πολυπλόκων
1211 3400 1584 3470 συλλογισμῶν
1633 3402 1777 3454 ἀπά-

186 3496 332 3545 ταις,
373 3480 538 3554 μόνον
572 3480 629 3538 δὲ
680 3487 800 3556 οὑχί
832 3487 928 3558 τὴν
979 3489 1117 3541 ἰδίαν
1142 3488 1431 3558 πλάνησιν,
1466 3494 1532 3560 τῇ
1567 3492 1666 3560 τῆς
1690 3492 1781 3543 εύ-

185 3568 465 3639 γλωττίας
489 3572 715 3642 δυνάμει
743 3574 1185 3645 διατειχίζοντας,
1219 3580 1313 3631 καὶ
1350 3578 1782 3634 καταπλουτοῦν·

184 3662 291 3724 τας
338 3661 486 3725 λίαν,
512 3663 572 3714 τὸ
610 3664 685 3725 ὡς
718 3666 776 3717 ὲν
821 3665 964 3729 λέξει
1007 3665 1259 3738 λαμπρὸν
1287 3669 1363 3733 ὡς
1397 3660 1656 3740 ἄργυρον,
1688 3672 1782 3724 καὶ

185 3750 265 3814 ὡς
300 3753 363 3805 ὲν
391 3752 545 3816 τάξει
589 3754 789 3823 χρυσοῦ
826 3756 886 3807 τὸ
918 3757 976 3810 ἐν
1005 3758 1238 3828 νοήμασι
1277 3760 1477 3829 τίμιον.
1511 3762 1659 3831 Πλὴν
1687 3756 1782 3816 κάι

184 3843 371 3907 οὕτως
400 3840 623 3913 ἔχοντας
653 3847 1129 3919 κεκληρονόμηκεν
1144 3852 1173 3903 ό
1189 3852 1442 3922 Χριστός.
1465 3844 1781 3924 Καθῄρηται

189 3936 294 4005 μιν
329 3934 443 4006 γὰρ
473 3936 542 3989 τὰ
577 3937 927 4008 ὀχυρώματα,
963 3941 1228 4009 τουτέστι,
1259 3944 1579 3998 πεπτώκασι
1622 3946 1690 3999 τὰ
1722 3946 1782 4011 ἐξ

187 4024 417 4097 suam;
447 4028 746 4098 εὐρέματα,
775 4030 1102 4101 διήρπασται
1126 4034 1184 4087 δὲ
1214 4036 1309 4087 καὶ
1328 4033 1385 4087 τὸ
1418 4038 1660 4106 χρυσίον,
1690 4039 1783 4091 καὶ

186 4118 253 4173 τὸ
276 4119 569 4191 ἀργύριον.
585 4123 647 4175 οι
674 4123 783 4194 γάρ
804 4132 883 4176 τοι
909 4125 1049 4177 κατᾶ
1075 4128 1296 4197 καιροὺς
1321 4128 1431 4180 τῶν
1447 4127 1780 4199 Ἐκκλησιῶν

189 4211 637 4281 προεστηκότες,
689 4213 881 4284 ἄνδρες
931 4206 1229 4285 ἐλλόγιμοι.
1289 4218 1383 4271 καὶ
1451 4220 1623 4287 σοφοί,
1680 4216 1781 4289 τῆς

191 4303 425 4356 ἐκείνων
458 4304 794 4372 εὐγλωττίας
825 4306 924 4375 τὴν
951 4307 1179 4377 δύναμιν
1220 4310 1302 4372 εἰς
1343 4311 1571 4373 ἑαυτοὺς
1599 4309 1781 4382 ἅρπα-

191 4394 417 4457 ὸαντες,
444 4391 593 4464 ἱερὸν
622 4391 882 4467 ἀνάθημα
912 4397 1232 4468 πεποίηνται
1265 4398 1343 4468 τῷ
1373 4390 1493 4469 Θεῷ
1525 4403 1636 4462 τοῖς
1680 4401 1782 4469 τῆς

189 4483 432 4548 πίστεως
455 4483 925 4554 ὲπαγωνιζόμενοι
944 4486 1144 4555 λόγοις,
1162 4487 1377 4557 καὶτῆς
1403 4489 1533 4559 παρ’
1555 4489 1782 4551 ἐκείνοις

1884 3308 2075 3362 dauam
2108 3292 2422 3373 Sapientiam
2456 3292 2659 3368 eil'erri,
2690 3310 2744 3355 et
2769 3301 2913 3354 velut
2955 3300 3007 3353 in
3044 3303 3457 3370 pmpugnaenlis

1885 3399 1938 3452 in
1971 3396 2281 3449 multifariis
2307 3395 2739 3465 syllogismorum
2766 3392 3010 3455 fallaciis,
3065 3399 3118 3446 et
3172 3398 3457 3460 prepemo-

1884 3491 2010 3542 dum
2042 3501 2283 3543 errorem
2315 3496 2470 3540 suum
2506 3485 2774 3538 facundiae
2803 3485 2854 3537 vi
2891 3493 3142 3553 tanquam
3177 3496 3332 3538 muro
3371 3500 3459 3539 se-

1883 3580 2113 3648 pientes,
2143 3593 2206 3633 ac
2230 3578 2425 3632 mirum
2477 3577 2531 3630 in
2580 3577 2794 3629 modum
2870 3573 3167 3644 locupletes
3223 3576 3459 3630 dictiOne

1884 3670 2162 3738 splendida
2188 3678 2245 3722 ut
2272 3675 2514 3735 argento,
2544 3674 2599 3719 et
2632 3662 2807 3720 senSis
2845 3664 3011 3718 animi
3072 3658 3349 3733 prteclaris
3401 3677 3460 3718 ut

1885 3774 2037 3815 auro.
2079 3758 2644 3815 Verumtamenetiam
2696 3755 2773 3809 sic
2827 3764 3168 3824 comparatos
3222 3756 3460 3823 possedit

1882 3850 2151 3905 Christus.
2182 3848 2479 3904 Destruetaa
2503 3848 2629 3900 sunt
2667 3847 2811 3901 enim
2846 3846 3194 3909 munitiones,
3226 3847 3327 3899 hoc
3378 3854 3461 3900 εει

1883 3941 2192 3997 occiderant
2226 3940 2441 3993 inventa
2476 3938 2727 4000 fallaciae,
2757 3936 3025 4003 direptum
3055 3945 3141 3989 est
3180 3949 3371 3988 aurum
3405 3944 3460 3990 et

1883 4034 2187 4100 argentum.
2214 4030 2315 4096 Qui
2347 4030 2489 4084 enim
2522 4029 2633 4082 suis
2665 4029 2866 4095 quique
2893 4021 3224 4093 temporibus
3293 4025 3460 4095 732

1883 4126 2141 4182 Euolesiis
2170 4126 2524 4196 praefuerunt,
2555 4123 2653 4175 viri
2709 4110 3023 4189 eloquentes
3060 4128 3115 4171 et
3167 4120 3457 4186 sapientes,

1882 4233 2069 4272 eorum
2096 4215 2417 4283 eloquentia:
2450 4212 2760 4265 facultatem
2800 4211 2865 4262 ad
2906 4223 2965 4262 se
3001 4206 3317 4270 derivatam,
3377 4219 3461 4263 5a-

1883 4316 2035 4365 crum
2080 4308 2192 4362 Deo
2222 4304 2507 4360 anathema
2529 4304 2793 4363 fecerunt,
2819 4298 3055 4367 proﬁdei
3075 4290 3320 4353 doctrina
3368 4300 3461 4355 de-

1884 4398 2171 4463 certantes,
2214 4402 2266 4450 et
2300 4394 2652 4463 imposituram
2684 4392 2920 4461 ipsorum
2984 4384 3258 4443 uberrime
3298 4389 3464 4444 veris-

1884 4494 2126 4560 s‘imeque
2152 4486 2472 4543 refutantes.
2505 4483 2620 4538 Ho'e
2654 4480 2817 4538 etiam
2850 4482 3094 4535 fecerant
3122 4479 3457 4535 Israelita".

192 4574 412 4644 ἀπάτης
446 4574 714 4644 πλείστην
739 4592 798 4629 τε
828 4574 980 4647 ὅσην,
1014 4577 1108 4631 καὶ
1135 4578 1310 4649 ἀληθῆ
1349 4578 1658 4649 ποιούμενοι
1684 4567 1784 4648 τὴν

1887 4577 2111 4633 Mutuati
2137 4576 2280 4630 enim
2306 4574 2371 4629 ab
2393 4572 2660 4643 Egyptiis
2687 4568 2814 4625 vasa
2846 4576 3006 4624 aurea
3031 4561 3084 4624 et
3110 4574 3388 4638 argentea.
3408 4581 3465 4623 et

192 4667 573 4737 κατάρῤησιν.
607 4668 929 4738 Πεπράχασι
968 4669 1209 4722 τοιοῦτον
1238 4672 1327 4722 καὶ
1363 4670 1413 4722 οἱ
1448 4669 1508 4734 ἐξ
1546 4668 1780 4741 Ἰσραήλ.

192 4756 553 4827 Χρησάμενοι
587 4758 696 4828 γὰρ
722 4760 872 4831 παρὰ
915 4761 1023 4816 τῶν
1061 4760 1377 4829 Αἰγυπτίων
1409 4761 1576 4832 σκεύη
1608 4764 1786 4831 χρυσᾶ

195 4848 293 4900 καὶ
308 4848 556 4919 ἀργυρᾶ,
578 4849 672 4901 καὶ
688 4850 1081 4915 σκυλεύσαντες
1104 4852 1233 4915 τοὺς
1262 4852 1783 4922 πλεονεκτήσαντας,

194 4938 557 5007 προσήγαγον
583 4937 756 4992 ταῦτα
788 4940 930 4993 κατὰ
960 4938 1058 5011 τὴν
1073 4939 1278 5011 ἔρημον
1296 4941 1373 5012 τῷ
1396 4941 1648 5011 παναγίῳ
1668 4941 1787 5013 Θεῷ

194 5030 760 5101 κατασκευαζομένης
810 5032 909 5101 τῆς
961 5033 1119 5100 ἁγίας
1175 5034 1401 5103 σκηνῆς,
1431 5033 1527 5086 καὶ
1566 5033 1672 5084 τῶν
1725 5034 1782 5085 ἐν

196 5116 379 5180 αὐτοῖς
411 5118 633 5172 σκευῶν
664 5120 843 5190 ἰερῶν.
886 5120 1094 5175 Οὐκοῠν
1115 5124 1163 5174 οἱ
1186 5121 1273 5175 διὰ
1296 5122 1486 5190 σοφίας
1511 5122 1783 5192 κοσμικῆς

195 5207 292 5258 καὶ
313 5206 477 5276 λόγου
505 5210 866 5282 φαιδρότητος
885 5213 1293 5284 οἰκοδομοῦντες
1321 5215 1419 5285 τήν
1435 5214 1782 5285 Ἐκκλησίαν,

196 5299 564 5371 διαρπάζουσί
602 5316 665 5355 τε
707 5304 831 5366 τοὺς
859 5304 1127 5375 Ἐλλήνων
1161 5306 1379 5369 παῖδας,
1411 5306 1505 5360 καὶ
1534 5306 1697 5358 οἱονεὶ
1724 5306 1787 5357 τὸ

198 5392 421 5461 χρυσίον
455 5392 663 5456 αὐτῶν,
683 5396 776 5448 καί
800 5395 860 5448 τὸ
885 5398 1145 5467 ἀργύριον
1174 5399 1238 5450 ἔκ
1271 5397 1471 5468 πολλῆς
1500 5398 1640 5465 ἄγαν
1668 5398 1787 5450 ἑπι-

200 5483 407 5547 εικείας
460 5485 1026 5555 καταπλουτήσαντες,
1060 5490 1259 5560 κλῆρον
1299 5490 1459 5543 αὑτὸν
1506 5488 1783 5544 ποιοῦνται

273 5656 319 5688 "
358 5659 536 5714 Exod.
574 5674 658 5727 ιιι,
697 5660 787 5725 21,
832 5660 922 5713 ‘22.

484 5750 763 5812 ΡΑτιιοι..
801 5751 845 5809 G
861 5770 918 5809 ιι.
966 5751 1209 5813 LXXII.

1883 4668 2124 4741 spoliatis
2147 4666 2344 4734 iniquis
2374 4664 2623 4725 dominis,
2654 4677 2717 4717 ea
2756 4664 2812 4716 in
2860 4660 3150 4715 solitudine
3205 4660 3315 4715 Deo
3345 4674 3466 4714 san-

1884 4760 2125 4816 ctissimo
2154 4755 2489 4821 obtulerunt,
2526 4753 2792 4808 fabricato
2819 4753 2942 4806 inde
3006 4754 3377 4817 tabernaculo,
3410 4764 3464 4809 et

1883 4851 2026 4906 vasis
2048 4848 2217 4905 sacris
2233 4847 2300 4902 ad
2329 4848 2483 4901 usum
2522 4846 2657 4914 ejus.
2688 4843 2828 4915 Ergo
2850 4844 2940 4913 qui
2998 4852 3095 4911 per
3141 4844 3461 4912 sapientiam

1885 4940 2237 5005 mundanam,
2263 4945 2318 4992 et
2341 4936 2609 4991 sermOnis
2635 4934 2982 5003 splenderem
3019 4932 3312 4987 Ecclesiam
3335 4934 3466 4988 mdi-

1898 5034 2122 5089 iicantes
2152 5030 2376 5085 Graecos
2400 5028 2679 5097 diripiunt,
2704 5034 2758 5080 et
2780 5026 2935 5094 quasi
2990 5040 3123 5080 auro
3167 5040 3352 5080 eorum
3409 5035 3465 5080 et

1896 5136 2119 5197 argento
2143 5122 2448 5192 aequissime
2472 5121 2523 5174 di
2535 5126 2764 5183 tescunt,
2798 5116 3001 5172 faciunt
3024 5132 3085 5170 ea
3162 5117 3463 5185 possessio-

1885 5234 2009 5274 nem
2044 5217 2365 5280 Domino,ad
2386 5213 2612 5284 gloriam
2635 5209 2755 5279 ejus
2776 5210 3075 5279 spectantia
3104 5209 3223 5262 aliis
3242 5210 3463 5276 loquen-

1888 5323 1987 5376 tes,
2013 5320 2065 5366 et
2122 5310 2333 5364 illorum
2365 5307 2577 5378 Quidcm
2618 5304 2967 5359 munitiotiem
3019 5304 3343 5363 evertentes,
3408 5312 3463 5354 et

1885 5402 2005 5469 quae
2034 5393 2603 5467 intelligitursanctam
2632 5395 2927 5457 Civitatem,
2946 5388 3140 5459 nempe
3161 5389 3461 5445 Beclesiam

1886 5490 2235 5547 aedificantes.

3103 5749 3137 5815 5
