4120 6532
696 270 814 330 1‘59
1739 260 1797 313 S.
1837 258 2112 313 CYKILLI
2148 252 2616 309 ALEXANDRIM
2653 252 2970 306 ARCHIEP.
3880 249 4003 298 140

702 380 867 444 Θεοῦ,
903 378 967 433 τὰ
1014 376 1093 437 είς
1121 374 1279 438 δόξαν
1316 372 1480 425 αύτοῦ
1515 369 1801 434 λαλοῦντες
1837 370 2062 441 ἑτέροις,
2098 370 2191 424 καὶ
2218 370 2285 421 τά
2327 370 2423 440 μὲν
2478 368 2699 421 ἐκείνων
2720 365 3050 437 ὀχυρώματα
3101 361 3587 436 καταστρέφοντες,
3610 357 3999 430 οἱκοδομοὶν-

708 490 799 536 τες
831 471 889 525 δέ
918 467 1125 538 νοητῶς
1167 465 1264 536 τὴν
1311 464 1473 532 ἁγίαν
1522 463 1699 537 πόλιν,
1741 464 1990 517 τουτέστι
2027 465 2126 532 τὴν
2167 462 2513 531 Ἐκκλησίαν.
3332 538 3335 541 Ι

777 561 943 615 Vens.
979 558 1032 623 5,
1063 556 1114 610 6.
1154 554 1356 610 Videbit
1413 555 1660 617 Ascalon,
1694 564 1741 607 et
1773 555 2006 609 timebit:
2032 564 2079 607 et
2115 552 2281 616 Gaza.
2313 562 2361 617 Α

2464 555 2709 622 "Oderat
2749 548 3072 611 Ἀσκάλων,
3106 547 3203 601 καί
3241 546 3679 616 φοϐηθήσεται·
3712 543 3816 597 καὶ
3854 541 3994 595 Γά-

694 661 751 704 -et
780 648 971 703 dolebit
1007 646 1552 711 nimis-petrAccaron,
1582 647 1704 715 quia
1726 646 1945 714 confusa
1994 655 2068 700 est
2096 662 2128 699 a
2191 661 2277 713 spe

2381 644 2466 708 ζα,
2511 642 2611 696 καὶ
2657 639 3096 707 ὀδυνηθιὶσεται
3143 635 3410 704 σφόδρα·
3467 635 3565 688 καὶ
3630 628 3993 697 Ἀκκαρὼν,

703 757 822 794 sua.
847 739 914 792 Et
936 738 1122 807 peribit
1145 752 1236 790 rea?
1268 737 1331 790 de
1357 733 1523 801 Gaza,
1542 746 1589 792 et
1614 735 1838 790 Ascalon
1869 752 1969 790 non
2014 735 2276 790 habitabi-

2379 734 2469 785 ὅτι
2502 732 2778 799 ᾐσχύνθη
2821 730 2938 784 ἀπὸ
2985 727 3095 797 τῆς
3135 725 3383 790 ἐλπίδος
3427 722 3637 790 αὐτῆς.
3666 721 3784 777 Καὶ
3817 723 3995 776 ἁποο

704 839 809 879 tur.
842 823 906 878 Et
933 824 1238 892 alienigena:
1264 823 1574 879 habitabant
1596 825 1650 877 in
1687 824 1878 890 Azoto,
1916 834 1963 879 et
2007 824 2277 881 destruant

2368 822 2570 878 λεῒται
2609 821 2908 885 ,βασιλεὺς
2951 820 3019 873 ἐκ
3052 817 3266 886 Γάζης,
3292 815 3391 869 καὶ
3437 815 3750 868 Ἀσκάλων
3785 814 3867 866 οὐ
3894 812 3991 881 μὴ

692 917 998 987 superbiam
1031 914 1470 985 alienigenarum.

2379 914 2725 982 κατοικηθῇ.
2788 912 2899 965 Καὶ
2962 909 3433 976 κατοικήσουσιν
3484 905 3848 975 ἀλλογενεῗς
3918 904 3994 956 ἐν

2391 1005 2631 1072 Ἀζώτῳ,
2667 1004 2765 1057 καὶ
2798 1000 3031 1057 καθελῶ
3060 1002 3232 1069 ὕϐριν
3259 1000 3647 1068 ἀλλοφύλων.

762 1092 905 1152 LIV.
939 1093 1109 1157 Bello,
1138 1102 1193 1147 et
1221 1093 1428 1163 prmliis
1445 1090 1717 1162 regionem
1780 1092 2188 1157 invadentibus,
2217 1092 2279 1146 ii-

2451 1097 2575 1150 NA'.
2617 1099 2743 1148 Ὅτε
2789 1095 3026 1164 πολέμου
3075 1094 3170 1145 καὶ
3231 1092 3410 1162 μάχης
3463 1090 3668 1161 ἐμϐολὴ
3731 1088 3987 1143 κατα.νέ-

705 1188 979 1244 dentiores
1001 1195 1056 1241 et
1080 1185 1221 1240 bona
1249 1198 1344 1253 spe
1373 1184 1673 1238 erectiores
1703 1193 1833 1237 sunt
1864 1183 2157 1252 aliquando
2182 1199 2275 1237 ur-

2385 1205 2545 1259 μεται
2568 1186 2773 1257 χώραν,
2801 1184 3228 1257 εὐθαρσέστεραί
3258 1185 3374 1248 πώς
3402 1185 3526 1246 εἰσι,
3551 1184 3644 1235 καὶ
3668 1182 3725 1233 ἐν
3751 1180 3984 1233 ἐλπίσιν

704 1280 799 1335 bes
826 1277 963 1347 ejus.
994 1275 1235 1332 Credunt
1259 1275 1402 1329 enim
1434 1276 1501 1329 de
1528 1275 1779 1330 hostibus
1810 1288 1904 1329 aut
1932 1276 2280 1330 multitudine

2383 1278 2494 1331 ἔσθ’
2526 1279 2613 1330 ὅτε
2644 1278 2924 1349 χρησταῖς,
2953 1278 3007 1328 αἱ
3030 1277 3147 1329 κατ’
3170 1275 3337 1345 αὐτὴν
3370 1274 3569 1336 πόλεις.
3589 1272 3814 1326 Οἴονται
3838 1270 3979 1342 γὰρ,

705 1371 1077 1433 incolentium,
1105 1378 1201 1422 aut
1233 1367 1494 1421 lirmitate
1516 1367 1801 1431 moenium,
1844 1376 1899 1421 et
1920 1367 2149 1421 scientia
2180 1366 2281 1420 mi-

2379 1369 2463 1421 ὅτι
2490 1368 2833 1439 περιέσονται
2867 1366 2974 1419 τῶν
3002 1365 3212 1437 ἐχθρῶν
3260 1365 3293 1436 ἢ
3337 1364 3416 1435 τῷ
3464 1363 3653 1434 πλήθει
3684 1363 3798 1415 τῶν
3832 1363 3982 1415 ἐνοι-

702 1460 844 1516 litari
867 1460 1151 1514 victoriam
1189 1457 1473 1511 relaturos.
1512 1457 1663 1522 Quod
1687 1458 1732 1511 si
1762 1457 2028 1526 quaepiam
2061 1458 2127 1511 de
2149 1455 2281 1524 ipsis

2381 1458 2619 1512 κούντων
2669 1458 2884 1521 αὐταῖς,
2917 1457 2949 1527 ἢ
3006 1457 3201 1526 τειχῶν
3244 1456 3552 1527 ὀχυρότητι,
3580 1454 3674 1506 καὶ
3706 1455 3836 1513 ταῖς
3863 1449 3980 1503 τῶν

688 1552 970 1620 capiatur,
997 1566 1116 1620 quae
1150 1528 1526 1617 potentissima
1551 1549 1659 1603 dici
1681 1558 1924 1617 poterat,
1975 1558 2100 1605 tunc
2128 1562 2279 1612 sane,

2380 1548 2651 1603 τακτικῶν
2699 1549 3048 1618 ἐπιστήμαις.
3080 1549 3144 1600 Εἰ
3196 1547 3253 1599 δὲ
3298 1547 3360 1617 δὴ
3409 1547 3618 1615 γένοιτο
3664 1543 3774 1597 τῶν
3817 1540 3979 1613 παρά

701 1655 829 1696 tunc
851 1641 1100 1710 quaslibet
1134 1639 1316 1694 timori
1334 1639 1663 1704 succumbit,
1690 1650 1743 1694 et
1769 1654 1920 1708 spem
1960 1639 2163 1707 abiicit,
2199 1639 2280 1693 el-

2385 1658 2568 1710 σφισιν
2616 1640 2819 1694 ἁλῶναι
2867 1639 3018 1709 μίαν,
3058 1639 3201 1710 ἥπερ
3235 1637 3299 1692 ἂν
3329 1638 3539 1705 λέγοιτο
3582 1635 3972 1705 δυνατωτάτη,

700 1729 959 1800 fugiendi,
982 1728 1283 1799 inquam,et
1304 1739 1655 1800 ut.prostrata
1671 1730 1783 1800 jam
1808 1731 2153 1786 lamentatur.
2174 1730 2279 1786 Ca-

2382 1732 2502 1784 τότε
2527 1731 2613 1801 δὴ,
2642 1731 2762 1784 τότε
2792 1732 2940 1783 πᾶσα
2965 1731 3062 1799 μὲν
3090 1730 3307 1794 ὀκλάζει
3331 1730 3466 1800 πρὸς
3486 1729 3623 1792 δέος,
3646 1725 3974 1781 ἀποσείεται

701 1831 791 1889 pta
822 1821 987 1889 igitur
1010 1820 1145 1875 adeo
1179 1820 1492 1891 conspicua,
1518 1829 1571 1876 et
1592 1821 1947 1888 validissima,
1972 1832 2028 1876 et
2082 1821 2283 1876 divitiis

2367 1822 2439 1877 δὲ
2470 1823 2567 1893 τὴν
2598 1823 2807 1889 ἐλπίδα,
2847 1822 2945 1891 τὴν
2992 1821 3085 1875 τοῦ
3138 1824 3326 1891 φυγεῖν
3374 1820 3631 1873 δύνασθαι
3669 1819 3842 1888 φημὶ,
3881 1817 3974 1869 καὶ

688 1912 900 1967 referta
930 1930 942 1965 :
977 1931 994 1964 ι
1031 1910 1498 1981 Timebit,inquit,
1521 1912 1774 1975 Ascalon,
1798 1922 1854 1966 et
1876 1913 2023 1967 Gaza
2057 1911 2277 1978 dolebit,
2314 1908 2315 1911 “

2345 1908 2353 1955 ί
2379 1918 2454 1978 ὼς
2482 1913 2721 1967 πεσοῦσα
2755 1914 2959 1986 Θρηνεί,
2977 1914 3237 1982 Ἀλούσης
3260 1913 3324 1983 δὴ
3350 1909 3443 1966 οὖν
3467 1914 3564 1982 τῆς
3587 1911 3730 1964 οὕτω
3762 1910 3972 1976 διαφα-

689 2013 865 2073 -atque
896 2004 1060 2058 etiam
1085 2004 1350 2059 Accaron.
1385 2024 1405 2056 ι
1464 2006 1639 2060 Urbes
1669 2014 1793 2059 sunt
1841 2004 2272 2058 Palaestinorum.

2383 2006 2535 2070 νοῦς,
2574 2006 3095 2077 καὶάλκιμωτάτης,
3136 2006 3229 2057 καὶ
3259 2004 3473 2073 πλούτῳ
3513 2000 3792 2081 κομώσης,
3822 2018 3841 2050 ι
3874 1999 3973 2050 Φο-

701 2095 913 2149 Dolebit
936 2101 1136 2158 autem,
1167 2112 1187 2144 ι
1220 2095 1342 2163 quia
1372 2095 1595 2150 confusa
1636 2104 1723 2149 cst
1752 2109 1779 2147 a
1816 2110 2066 2165 epe'sua.
2107 2114 2126 2145 ι
2162 2093 2279 2148 Pu-

2380 2096 2677 2165 6ηθήσεται
2718 2096 2837 2165 μὲν,
2868 2097 3051 2166 φησὶν,
3095 2098 3127 2165 ὴ
3176 2093 3472 2159 Ἀσκάλων,
3505 2092 3596 2144 καὶ
3620 2088 3971 2158 ὠδυνηθήσε-

702 2188 888 2240 tabant
912 2187 1054 2241 enim
1091 2186 1376 2256 Tyriorum
1410 2190 1552 2242 vires
1589 2188 1691 2242 sibi
1738 2202 1951 2256 quoque
2016 2188 2083 2242 ad
2125 2187 2279 2241 auxi-

2378 2207 2467 2241 ται
2492 2190 2659 2253 Γάζα,
2692 2190 2786 2243 καὶ
2819 2189 2927 2259 μὴν
2960 2190 3054 2242 καὶ
3095 2186 3396 2258 Ἀκκαρών.
3432 2204 3450 2237 ι
3487 2184 3678 2245 Πόλεις
3708 2182 3767 2234 δέ
3799 2177 3968 2234 αὗται

700 2274 827 2327 lium
849 2274 981 2329 satis
996 2272 1134 2327 fore.
1168 2274 1275 2328 Sed
1306 2284 1588 2344 postquam
1624 2290 1838 2331 eversas
1886 2276 2155 2339 viderunt,
2212 2278 2279 2331 de

2378 2280 2484 2333 τῶν
2534 2278 3366 2349 Παλαιστινῶν.Ὤδυνηθήσεται
3414 2276 3491 2339 δὲ,
3547 2294 3563 2326 ι
3593 2274 3674 2326 ὅτι
3714 2270 3966 2342 ᾐσχύνθη

698 2380 792 2433 spe
818 2366 1154 2420 deciderunt.
1180 2364 1246 2418 Et
1269 2365 1429 2421 Gazae
1453 2367 1670 2435 quidem
1708 2368 1958 2437 princeps
1988 2378 2279 2423 evanescet

2377 2372 2484 2424 ἀπὸ
2536 2374 2632 2441 τῆς
2686 2370 2899 2435 ἐλπίδος
2944 2373 3133 2442 αὐτῆς.
3172 2390 3189 2421 ι
3222 2372 3414 2440 ᾯοντο
3453 2369 3550 2438 μὲν
3589 2366 3718 2437 γάρ,
3755 2366 3842 2416 ὅτι
3876 2365 3967 2414 καὶ

700 2456 895 2524 inquit,
920 2464 1102 2524 utpote
1128 2455 1472 2525 disperditus.
1524 2457 1855 2513 Habitabunt
1901 2468 2080 2513 autem
2142 2459 2276 2515 alie-

2378 2462 2568 2524 αύταῖς
2618 2462 2827 2531 ίσχύσει
2877 2461 3014 2531 πρὸς
3059 2460 3377 2532 ἐπικουρίαν
3437 2460 3471 2529 ἡ
3520 2457 3733 2529 Τυρίων
3786 2454 3962 2522 ίσχίᾶς·

698 2548 903 2617 nigenaa
944 2548 995 2601 in
1030 2547 1220 2610 Azoto,
1268 2546 1411 2604 bello
1459 2552 1819 2619 consumptis,
1872 2559 1929 2605 ut
1987 2561 2275 2607 consenta-

2389 2553 2606 2623 Ἐπειδὴ
2645 2554 2702 2605 δὲ
2754 2553 3013 2623 κειμένην
3062 2553 3346 2607 τεθέανται
3374 2594 3387 2617 ,
3442 2550 3612 2620 ταύτῃ
3661 2564 3747 2601 τοι
3776 2546 3964 2600 λοι-τὼν

690 2653 858 2692 neum
892 2649 973 2694 est
1009 2640 1293 2709 indigenis.
1322 2641 1483 2695 Addit
1520 2641 1627 2706 his,
1657 2661 1677 2692 ι
1716 2642 1999 2696 Destruam
2024 2644 2277 2714 alienige-

2434 2646 2792 2716 τωλισθήκασι
2831 2645 2931 2714 τῆς
2972 2644 3207 2707 ἐλπίδος.
3247 2646 3358 2697 Καὶ
3393 2645 3421 2695 ὀ
3462 2642 3559 2713 μὲν
3591 2641 3770 2712 Γάζης
3801 2640 3966 2710 ἡγού·
4054 2690 4061 2695 .

681 2744 822 2795 .nas,
860 2748 878 2782 ι
912 2729 1026 2783 sive
1046 2730 1386 2796 ,Palastinos,
1423 2746 1580 2800 quos,
1609 2734 1985 2799 utconsuevit,
2029 2734 2277 2805 alienige-

2379 2753 2537 2807 μενος
2581 2737 2883 2806 οἰχήσεται,
2916 2736 3104 2807 φησὶν,
3136 2733 3430 2799 ἀπολωλὼς
3472 2733 3733 2802 δηλονότι,
3770 2734 3966 2785 K110:-

698 2836 797 2875 nas
822 2819 1071 2891 appellat.
1104 2820 1344 2886 Possint,
1410 2821 1457 2875 si
1510 2823 1592 2876 cui
1644 2822 1896 2891 placebit,
1940 2832 1995 2878 et
2019 2826 2086 2878 ad
2138 2824 2274 2880 alias

2377 2830 2606 2899 κήσουσι
2651 2828 2711 2880 δὲ
2754 2827 3061 2896 άλλογενετς
3108 2828 3166 2881 ἐν
3205 2827 3449 2897 Ἀζώτῳ,
3476 2825 3959 2895 δεδαπανημένων,

684 2921 887 2981 gentes
915 2927 1034 2981 qua:
1062 2921 1325 2966 vexarunt
1357 2910 1631 2977 Israelem,
1671 2913 1787 2968 haec
1813 2915 1972 2969 verba
2012 2915 2273 2970 transfor-

2376 2919 2516 2973 κατὰ
2540 2920 2602 2972 τὸ
2635 2920 2802 2982 είκός,
2837 2919 2914 2990 τῷ
2944 2920 3166 2990 πολέμῳ
3208 2919 3318 2972 τῶν
3348 2918 3667 2986 αὐθιγενῶν.
3686 2915 3961 2984 Ἐπιλὲγει

696 3003 766 3066 ri,
791 3002 951 3074 733
981 3003 1241 3066 conﬁnes,
1261 3012 1315 3057 et
1362 3000 1669 3057 Judzeorum
1717 3004 1934 3058 vicinas.
2004 3005 2271 3060 (Scelerum

2372 3011 2428 3063 δὲ
2479 3010 2710 3074 τούτοις,
2754 3011 2835 3064 ὅτι
2889 3011 3166 3064 ιΚαθελῶ
3216 3012 3343 3074 τοὺς
3391 3008 3739 3079 ἀλλοφύλους,
3773 3027 3793 3057 ι
3841 3009 3962 3077 ἦτοι

695 3095 812 3149 haec
843 3110 871 3147 a
893 3093 1045 3149 nobis
1076 3092 1271 3147 iterum
1317 3100 1375 3147 ut
1406 3091 1599 3148 littera:
1666 3095 2067 3150 accommodata
2129 3096 2268 3151 dicta

2370 3101 2499 3166 τοὺς
2546 3103 2959 3165 Παλαιστινοὺς,
2994 3102 3088 3166 οὓς
3122 3102 3377 3173 ὀνομάζει
3432 3101 3875 3172 συνήθως.⁹Ήκοι
3903 3098 3961 3151 δ’

695 3195 874 3243 sunto.
2373 3193 2459 3258 ἂν,
2492 3194 2545 3244 εί
2584 3194 2649 3261 γέ
2687 3211 2765 3263 τῳ
2808 3194 2973 3261 δοκεῖ,
3005 3194 3100 3248 καὶ
3143 3194 3265 3247 καθ’
3297 3195 3500 3265 ἐτέρων
3544 3190 3714 3246 ἐθνῶν
3746 3192 3778 3243 ό
3801 3190 3961 3257 λόγος

693 3277 802 3330 τῶν
823 3277 1158 3347 ἠδικηκότων
1186 3279 1274 3332 τὸν
1305 3279 1543 3350 Ἰσραὴλ,
1572 3276 1620 3333 οἳ
1655 3280 1748 3333 καὶ
1777 3276 1912 3351 ἦσαν
1940 3282 2149 3353 ὅμοροι,
2211 3283 2310 3336 καλ⁸
2344 3284 2445 3355 τῆς
2492 3286 2761 3339 Ἰουδαίων
2812 3286 3071 3354 γείτονες.
3128 3287 3292 3343 Ἀλλὰ
3338 3268 3495 3341 ταυτὶ
3545 3286 3643 3356 μὲν
3672 3287 3850 3355 ,ἡμῖνν
3881 3282 3961 3345 ὡς

692 3370 828 3440 πρός
858 3388 919 3437 γε
949 3372 1040 3425 τὸν
1067 3374 1125 3425 ἐν
1163 3373 1457 3443 γράμμασι
1486 3374 1661 3442 λόγον,
1695 3375 1975 3445 εἰρήσεται
2014 3377 2197 3431 πάλιν.

764 3464 1056 3519 Sciendum
1092 3476 1294 3532 autem,
1321 3475 1379 3519 ut
1418 3466 1549 3529 dixi,
1580 3482 1964 3536 nonnunquam
2016 3470 2259 3525 Ecclesia
2288 3473 2329 3530 C

2438 3468 2648 3521 Είδέναι
2700 3467 2757 3520 δὲ
2801 3469 3119 3537 ἀναγκαῖον,
3153 3471 3233 3523 ὅτι
3278 3468 3635 3539 διωκομένης,
3669 3468 3745 3531 ὡς
3796 3469 3958 3539 ἔφην,

683 3556 1123 3623 persecutionem
1153 3557 1412 3625 patiente,
1453 3556 1633 3610 invadi
1664 3571 1783 3611 eam
1809 3557 2162 3625 horribiliter,
2218 3568 2268 3612 et

2374 3557 2485 3610 ἐσθ’
2519 3559 2606 3611 ὅτε
2657 3558 2756 3629 τῆς
2792 3558 3139 3630 Ἐκκλησίας,
3172 3559 3591 3629 συνεπιφύονταί
3636 3576 3697 3613 τε
3741 3559 3954 3623 δεινῶς,

694 3646 909 3701 irrideri
945 3647 1014 3701 ab
1040 3647 1303 3711 hostibus,
1342 3646 1701 3701 clamantibus
1758 3648 1915 3712 forte,
1966 3649 2131 3719 Euge,
2174 3665 2269 3704 eu-

2373 3649 2467 3701 καὶ¹
2517 3651 2889 3719 ἐπιμειδιῶσιν
2922 3652 2972 3704 οἱ
3001 3652 3219 3721 ἐχθροὶ,
3251 3653 3390 3721 τάχα
3440 3669 3543 3704 που
3584 3651 3843 3719 λέγοντες
3871 3653 3953 3714 τὸ,

693 3753 779 3804 ge,
837 3749 894 3792 ut
949 3739 1209 3807 scriptum
1258 3748 1341 3793 est
1389 3738 1458 3789 ".
1521 3736 1900 3794 Verumtamen
1949 3754 2270 3794 succurrens

2374 3737 2534 3809 Εὖγε,
2566 3739 2715 3810 εὖγε,
2757 3743 2897 3796 κατὰ
2941 3742 2999 3796 τὸ
3044 3744 3447 3813 γεγραμμένον.
3487 3744 3631 3813 Πλὴν
3679 3744 3953 3812 ἐπαμύνει

693 3828 962 3894 Christus,
994 3842 1207 3883 omnem
1237 3842 1424 3883 eorum
1452 3828 1741 3897 potentiam
1769 3828 2097 3897 confringet,
2133 3839 2268 3884 tem-

2371 3834 2626 3903 Χριστὸς,
2650 3834 2744 3886 καὶ
2770 3834 2987 3886 ἃπασαν
3020 3834 3118 3904 μὲν
3146 3833 3324 3887 αὐτῶν
3346 3834 3670 3905 συνθραύσει
3694 3834 3950 3903 δύναμιν,

694 3921 841 3990 plum
877 3935 1033 3976 suum
1063 3921 1331 3984 excitans,
1381 3927 1436 3974 et
1493 3919 1902 3975 insidiatoribus
1944 3919 2268 3974 iratissimus

2370 3922 2461 3975 τὸν
2509 3922 2637 3975 ῐδιον
2667 3923 2895 3992 ἐγείρων
2923 3923 3069 3986 ναὸν,
3098 3923 3371 3995 ἐπιφέρων
3403 3924 3460 3977 δὲ
3486 3926 3598 3988 τοῖς
3630 3924 3950 3978 ἐπιϐουλεύ-

691 4012 1264 4082 suppliciaimponens,
1290 4018 1344 4064 et
1366 4024 1465 4064 ceu
1490 4010 1750 4079 quasdam
1783 4012 1964 4073 urbes,
1997 4009 2265 4063 haeresum

2370 4028 2490 4064 ουσι
2522 4012 2591 4065 τά
2633 4011 2692 4077 ἐξ
2740 4014 2978 4082 ἀκράτου
3019 4013 3212 4085 Θυμοῦ,
3242 4016 3334 4068 καὶ
3361 4014 3547 4085 ὥσπερ
3577 4015 3727 4077 τινὰς
3762 4017 3950 4079 πόλεις

690 4116 1015 4174 synagogas,
1048 4109 1105 4155 et
1130 4100 1349 4169 insuper
1368 4098 1772 4155 idololatrarum
1825 4113 2016 4168 greges
2075 4098 2267 4166 impios

2367 4101 2468 4164 τὰς
2510 4102 2617 4155 τῶν
2648 4105 2913 4173 αἱρέσεων
2948 4106 3253 4160 κατασείων
3294 4108 3633 4175 συναγωγὰς,
3661 4109 3757 4161 καὶ
3806 4109 3944 4178 πρὸς

692 4194 857 4248 humo
886 4191 1147 4261 afﬂigens.

2368 4192 2593 4256 ταύταις
2619 4196 2698 4246 ἔτι
2730 4194 2797 4248 τά
2825 4195 3223 4268 είδωλολατρῶν
3253 4197 3442 4251 ἀνόσια
3479 4198 3660 4268 στίφη.

765 4281 925 4337 Vens.
986 4281 1036 4333 7.
1076 4279 1143 4334 Et
1168 4281 1411 4351 auferam
1471 4279 1780 4351 sanguinem
1840 4286 2019 4332 eorum
2076 4280 2139 4333 de
2168 4296 2266 4335 ore

2435 4286 2544 4341 Kal
2572 4287 2762 4355 ἐξαρῶ
2788 4288 2855 4342 τὸ
2895 4285 3037 4359 αἷμα
3071 4289 3270 4343 αὐτῶν
3299 4290 3368 4344 ἐκ
3407 4292 3700 4360 στόματος
3722 4292 3943 4356 αὐτῶν,

690 4374 925 4437 illorum,
957 4381 1005 4425 et
1048 4372 1467 4427 abominationes
1492 4388 1674 4425 eorum
1726 4371 1791 4423 de
1822 4368 1992 4422 medio
2028 4371 2263 4425 dentium

2365 4378 2463 4431 καί
2488 4378 2558 4431 τὰ
2585 4379 2973 4450 βδελύγματα
3002 4381 3201 4436 αὐτῶν
3226 4382 3295 4437 ἐκ
3316 4383 3512 4451 μέσου
3550 4384 3810 4437 ὀδόντων
3837 4388 3944 4440 αὑ-

690 4479 890 4519 eorum.
964 4460 1032 4515 Et
1091 4460 1443 4528 relinquentur
1503 4471 1551 4515 et
1602 4461 1693 4514 isti
1759 4458 1867 4512 Deo
1935 4471 2110 4514 nostra
2142 4499 2157 4523 ,
2212 4470 2263 4514 et

2364 4468 2501 4524 τῶν.
2563 4470 2672 4524 Καὶ
2724 4473 3269 4539 ὐπολειφθήσονται
3318 4474 3418 4527 καὶ
3469 4470 3633 4529 οὗτοι
3682 4474 3761 4540 τῷ
3821 4476 3945 4542 Θεῷ

689 4563 842 4609 erunt
877 4564 927 4606 ut
987 4552 1222 4606 tribunus
1251 4554 1307 4606 in
1350 4550 1515 4618 Iuda,
1544 4561 1590 4606 et
1618 4552 1855 4606 Accaron
1917 4551 2049 4605 sicut
2099 4552 2263 4606 Jebu-

2364 4558 2553 4626 ἡμῶν,
2591 4560 2689 4613 καὶ
2741 4562 2983 4614 ἔσονται
3035 4563 3116 4628 ὡς
3162 4563 3475 4632 χιλίαρχος
3503 4566 3572 4618 ἐν
3605 4565 3808 4630 Ἰούδα,
3845 4568 3944 4622 καί

691 4661 850 4699 sazus.
2377 4650 2667 4718 Ἆκκαρὼν
2687 4651 2767 4716 ὡς
2812 4651 3161 4719 Ἰεϐουσαῖος

760 4733 869 4790 LV.
900 4733 1072 4789 Etiam
1106 4733 1202 4788 isti
1229 4732 1490 4788 israelem
1516 4733 1861 4797 devorarunt,
1887 4744 1941 4788 et
1983 4734 2156 4789 instar
2184 4733 2262 4789 fe-
2296 4810 2322 4817 _

2316 4810 2322 4817 _
2433 4740 2558 4793 NE'.
2593 4741 3002 4811 Κατεδηδόκασι
3027 4744 3126 4813 μὲν
3152 4748 3243 4797 καὶ
3286 4741 3432 4801 οὗτοι
3460 4748 3548 4801 τὸν
3586 4749 3821 4817 Ἰσραὴλ,
3847 4751 3943 4802 καὶ

694 4840 871 4881 rarum
898 4840 989 4880 ora
1024 4825 1179 4895 quasi
1214 4824 1475 4891 sanguine
1498 4822 1709 4892 .pollnta
1743 4823 2068 4878 habuerunt.
2123 4824 2259 4891 Quia
2296 4810 2321 4863 Ῑ

2314 4810 2451 4886 )οἷά
2476 4848 2620 4895 τινες
2644 4832 2808 4903 θῆρες
2869 4810 3152 4905 μονονουχὶ
3207 4838 3302 4890 καὶ
3350 4838 3540 4908 αἵματι
3591 4810 3941 4909 πεφυρμένον

692 4931 822 4971 vero
870 4915 1183 4979 idololatria,
1244 4925 1298 4968 et
1356 4912 1830 4983 superstitionibus
1894 4916 2057 4970 dediti
2083 4927 2259 4983 erant,

2367 4918 2514 4993 εἶχον
2538 4923 2599 4977 τὸ
2630 4922 2823 4993 στόμα.
2866 4926 3083 4996 Ἐπειδὴ
3111 4927 3168 4980 δὲ
3206 4924 3347 4998 ἦσαν
3380 4929 3793 5001 εἰδωλολάτραι,
3845 4933 3939 4982 καὶ

684 5010 1074 5078 propemodum
1112 5006 1399 5075 semperin
1461 5005 1661 5074 lingua,
1717 5006 1832 5061 sive
1905 5009 1957 5061 in
2011 5009 2261 5064 dentibus

2368 5017 2486 5077 ταῖς
2519 5014 2626 5068 τῶν
2660 5016 2905 5084 ματαίων
2935 5018 3249 5090 Θεραπείαις
3283 5023 3685 5091 προσκείμενοι,
3713 5020 3799 5073 ἀεί
3824 5036 3939 5082 πως

691 5116 909 5153 suarum
944 5098 1408 5154 abominationum
1440 5095 1843 5166 implorationes
1873 5096 2263 5163 ferebant,ubi-

2361 5106 2455 5158 ἐπὶ
2489 5105 2765 5176 γλώττης,
2807 5108 2974 5180 ἥγουν
3022 5112 3110 5163 ἐπ’
3162 5111 3387 5165 ὀδόντων
3427 5106 3570 5179 εἶχον
3622 5110 3729 5162 τῶν
3794 5109 3937 5162 ἰδίων

689 5206 793 5261 que
822 5205 1033 5246 sursum
1062 5199 1118 5243 et
1177 5189 1429 5242 deorsum
1472 5187 1613 5256 quod
1675 5189 1891 5253 dicitur,
1958 5190 2261 5247 manufacta

2365 5197 2746 5268 βδελυγμάτων
2777 5201 2875 5264 τὰς
2904 5202 3146 5272 κλήσεις,
3182 5204 3292 5257 ἅνω
3333 5221 3391 5257 τε
3446 5202 3539 5256 καὶ
3591 5202 3743 5254 κάτω
3782 5199 3938 5265 θεοὺς

687 5287 816 5351 deos
856 5281 1177 5345 vocitantes,
1207 5287 1263 5332 et
1291 5277 1559 5346 lapidibus
1590 5293 1752 5335 sensu
1787 5282 2106 5337 vacantibus
2174 5282 2259 5336 di-

2362 5288 2716 5357 ὀνομάζοντες
2737 5290 2806 5344 τὰ
2829 5289 3187 5361 χειρόκμητα,
3217 5292 3308 5345 καὶ
3339 5290 3505 5353 λίθοις
3541 5288 3767 5357 ἀψύχοις
3795 5288 3937 5339 κατὰ

688 5382 870 5429 (ηεσιοδ
897 5388 912 5423 :
938 5390 958 5424 ι
986 5370 1130 5425 Deus
1168 5384 1319 5435 meus
1346 5385 1405 5425 es
1440 5380 1515 5434 tu,
1548 5377 1603 5427 et
1637 5384 1689 5425 tu
1748 5373 1976 5443 genuisti
2026 5387 2111 5428 me
2134 5371 2201 5427 ⁷³.
2239 5392 2257 5423 ›

2363 5375 2454 5427 τὸν
2480 5377 2765 5448 προφήτην
2792 5379 3039 5448 λέγοντες
3065 5396 3077 5409 ·
3139 5399 3157 5431 ι
3198 5380 3329 5443 Θεός
3388 5398 3487 5450 μου
3531 5376 3584 5433 si
3625 5379 3712 5443 σὺ,
3744 5379 3838 5430 καὶ
3866 5378 3934 5431 σὺ

686 5466 951 5540 Caeterum
977 5476 1098 5515 cum
1128 5460 1200 5515 ita
1231 5462 1537 5517 immaniter
1592 5462 1850 5520 adversus
1891 5464 2140 5520 Israclem
2206 5478 2265 5521 se

2364 5462 2659 5535 ὲγέννηαάς
2692 5467 3017 5546 ueni“)?
3073 5470 3378 5523 ἑκτετίκασι
3440 5470 3540 5540 μὲν
3596 5468 3698 5539 τὴν
3753 5468 3936 5529 αὐτοῖς

754 5640 799 5671 ⁷⁸
825 5636 968 5693 Psal.
1001 5650 1187 5703 sunt,
1227 5636 1313 5693 16.
1392 5639 1436 5670 ⁷³
1473 5637 1674 5695 Jerem.
1722 5654 1781 5706 ιι,
1818 5639 1910 5693 27.
