4120 6556
210 320 310 374 ιιι
994 319 1545 379 COMMENTARIUS
1584 323 1649 377 IN
1692 322 2095 379 ZACHARIAM
2132 324 2578 383 PROPHETAM.
2661 380 2665 385 .
3364 331 3469 387 142

204 436 599 509 προσήκουσαν
621 454 679 490 τε
710 437 800 490 καὶ
830 437 1161 507 ἀποχρῶσαν
1188 438 1362 509 δίκην,
1403 439 1795 510 πεπλημμεληο
1823 450 1831 498 ;

1841 444 1866 497 ι
1897 440 2211 506 gessissent,
2245 457 2381 512 quas
2406 444 2723 509 debuerunt,
2757 456 2810 500 et
2858 456 3116 515 quantum
3170 450 3304 504 satis
3365 448 3468 503 fuit

209 526 376 590 κότες
397 526 605 598 ἀγρίως
628 528 707 590 είς
732 525 821 580 τὸν
845 524 1083 597 Ἰσραήλ.
1106 526 1254 599 Πλὴν
1283 530 1383 582 οὐκ
1411 530 1491 592 είς
1512 529 1658 583 ἅπαν
1682 528 1787 581 διο⁴

1891 541 2173 597 poenarum
2209 531 2383 585 eidem
2440 534 2727 588 dederunt.
2788 534 3172 589 Verumtamen
3241 550 3347 591 non
3397 538 3466 590 ad

201 616 434 683 λώλασι,
466 617 860 689 προαθροῦντος
917 616 1053 671 Θεοῦ
1084 620 1184 689 τὴν
1217 619 1483 690 ἐσομένην
1515 619 1692 673 αὐτῶν
1723 622 1786 671 ἐκ

1888 634 2052 673 unum
2090 622 2390 688 perierunt,
2421 625 2781 679 cessationem
2810 625 3035 680 laniena:
3068 626 3135 680 ab
3163 640 3258 680 ore
3324 629 3464 694 ipso-

206 708 479 779 στόματος
508 706 702 772 αὐτῶν,
725 707 800 778 (1)
827 708 1125 774 τουτέστιν,
1146 709 1196 761 εί
1218 709 1313 761 καὶ
1335 703 1425 762 οἷά
1449 727 1594 772 τινες
1620 708 1785 780 Θῆρες

1884 723 2006 764 rum
2031 710 2143 765 Deo
2165 713 2489 781 praevidente
2513 734 2526 769 :
2553 714 2655 770 hoc
2680 726 2783 783 est,
2810 714 3021 770 tametsi
3041 725 3098 769 ut
3118 714 3301 769 belluae
3328 714 3464 770 lsra-

209 798 493 870 μονονουχὶ
526 798 943 869 κατερρόφησαν
965 798 1057 851 τὸν
1108 800 1344 871 Ἰσραὴλ,
1379 802 1495 855 ἀλλ’
1524 800 1642 871 ἣξει
1664 819 1786 854 και-

1880 801 2021 855 clem
2056 804 2437 872 propemodum
2465 805 2884 875 deglutiverunt,
2913 806 3091 860 veniet
3123 812 3299 858 tamen
3325 813 3460 858 tem-

208 892 318 961 ρὸς,
354 890 474 942 καθ’
498 890 556 942 ὃν
611 889 822 943 ἔσονται
872 890 1121 962 καθαροὶ,
1162 897 1258 947 καὶ
1285 898 1386 965 τῆς
1436 896 1533 948 ἐπὶ
1570 894 1783 959 τούτοις

1886 906 2004 959 pus,
2032 908 2140 961 quo
2174 896 2291 964 puri
2316 905 2373 948 et
2400 897 2452 949 in
2476 896 2562 951 his
2593 898 2663 952 ab
2685 898 2828 951 omni
2872 897 3027 966 culpa
3093 896 3248 951 liberi
3276 905 3457 949 erunt.

198 982 383 1043 αίτίας
410 979 839 1050 ἀπηλλαγμένοι.
872 984 1336 1054 Δικαιωοὴσονται
1368 985 1476 1057 γὰρ
1510 989 1568 1039 ἐν
1600 986 1781 1040 πίστει

1874 982 2336 1039 Justilicabuntnr
2367 987 2509 1041 enim
2537 988 2589 1041 in
2634 986 2736 1041 ﬁde
2764 987 2863 1055 ipsi
2903 1002 3137 1056 quoque,
3171 996 3227 1041 et
3259 985 3461 1054 iniqui-

196 1072 296 1125 καὶ
331 1072 505 1131 αὐτοὶ,
539 1072 634 1124 καὶ
655 1071 747 1123 τὸν
772 1074 837 1124 ἐκ
872 1073 971 1142 τῆς
1000 1075 1235 1144 ἀρχαίας
1282 1077 1618 1147 φαυλότητος
1640 1079 1779 1131 dmo-

1885 1083 2055 1128 tatum
2109 1075 2411 1143 priscarum
2440 1086 2613 1132 sortes
2642 1077 2841 1132 cluent.
2900 1078 3122 1132 Auferet
3172 1084 3349 1130 autem
3405 1082 3459 1129 et

194 1158 483 1213 λούσονται
535 1158 831 1229 μολυσμὸν.
900 1161 1113 1233 Ἐξαρῶ
1160 1164 1217 1218 δέ
1276 1166 1368 1218 καὶ
1422 1166 1492 1218 τὰ
1544 1166 1780 1235 ὀνόματα

1884 1166 2102 1221 nomina
2137 1184 2156 1217 ι
2238 1167 2694 1223 abominationum
2741 1171 2999 1237 ipsorum,
3059 1178 3115 1223 et
3152 1169 3221 1224 de
3281 1167 3457 1221 medio

198 1268 219 1301 e
260 1250 371 1302 τῶν
407 1248 789 1320 βδελυγμάτων
847 1250 1028 1303 αὐτῶν
1073 1254 1139 1306 ἐκ
1191 1254 1357 1323 μέσου
1411 1254 1640 1308 ὀδόντων
1680 1255 1780 1307 αὑ-

1882 1256 2120 1310 dentium
2180 1255 2462 1324 ipsorum:
2502 1276 2519 1308 ι
2565 1272 2664 1313 nec
2708 1260 2852 1312 enim
2901 1257 3129 1327 amplius
3196 1257 3455 1312 falsorum

188 1339 326 1394 τῶν·
369 1359 387 1390 ι
419 1341 882 1411 διαμεμνήσονται
903 1343 1011 1413 γὰρ
1055 1344 1238 1397 οὐκέτι
1271 1345 1379 1399 τῶν
1409 1345 1779 1417 ψευδωνύμων

1882 1350 2102 1400 deorum
2133 1347 2457 1401 mentionem
2491 1348 2740 1414 inferent,
2775 1363 2873 1403 nec
2934 1347 3288 1402 nominabunt
3336 1362 3452 1403 eos.

178 1426 505 1497 ’θεῶν,οὖτε
549 1432 654 1503 μὴν
679 1433 1034 1503 ὀνομάσουσιν
1076 1436 1290 1499 αύτούς.
1348 1456 1366 1488 ι
1418 1437 1780 1507 Ὑπολειιρθή-

1887 1454 1906 1487 ι
1956 1437 2348 1507 itelinquentur
2380 1452 2542 1508 porro
2585 1451 2641 1493 et
2690 1439 2779 1493 isti
2821 1441 2930 1494 Deo
2982 1448 3188 1504 nostro,
3234 1457 3255 1489 ι
3315 1440 3456 1495 sicut

182 1539 381 1576 σονται
409 1523 466 1576 δὲ
498 1525 590 1576 καὶ
612 1524 766 1577 αὐτοὶ
789 1523 867 1593 τῷ
894 1525 1013 1595 Θεῷ
1044 1527 1221 1596 ἡμῶν,
1256 1546 1275 1577 ι
1305 1527 1555 1598 καθάπερ
1586 1527 1777 1596 ἀμέλει

1881 1528 2135 1581 nimirum
2174 1535 2227 1581 ct
2255 1527 2369 1597 ipse
2396 1528 2556 1583 Israel
2590 1547 2604 1581 :
2640 1545 2762 1582 nam
2797 1540 2851 1584 et
2880 1528 2993 1597 ejus
3050 1527 3292 1596 reliquire
3346 1528 3455 1584 sal-

182 1616 284 1669 καὶ
317 1617 479 1680 αὐτὸς
511 1618 541 1669 6
584 1617 820 1688 Ἰσραήλ·
878 1619 1145 1671 σέσωσται
1189 1620 1288 1689 μὲν
1340 1619 1449 1688 γὰρ
1481 1619 1573 1671 καὶ
1612 1619 1776 1672 αὐτοῦ

1878 1625 2018 1670 vataa
2058 1628 2203 1682 sunt,
2251 1623 2597 1687 quantumvis
2642 1637 2767 1690 erga
2824 1622 2996 1691 ipsum
3046 1619 3451 1673 Emmanuelem

181 1707 247 1759 τὸ
278 1709 653 1779 κατάλειμμα,
680 1709 856 1763 καίτοι
892 1709 1347 1778 δεδυσσεὸηκότος
1385 1713 1466 1774 είς
1497 1711 1659 1764 αὐτὸν
1684 1710 1775 1763 τὸν
1806 1767 1808 1773 η

1826 1764 1849 1779 _
1880 1707 2130 1761 scelerati
2183 1709 2503 1762 exsﬁterint.
2522 1710 2637 1777 Qua
2674 1725 2802 1765 vero
2857 1720 3046 1764 vocata
3108 1724 3171 1763 ex
3205 1708 3453 1775 gentibus

194 1763 577 1869 Ἐμμανουηλὶ
628 1763 846 1869 ’ἐπειδὴ
898 1799 955 1852 δὲ
1009 1763 1344 1870 κεκλημένη
1372 1763 1481 1855 τῶν
1505 1763 1510 1764 ν
1535 1763 1705 1854 ἐθνῶν
1737 1805 1771 1873 ἡ
1804 1763 1821 1822 1

1820 1763 1851 1822 Β
1876 1797 2162 1851 multitudo
2190 1797 2256 1851 de
2286 1800 2550 1870 sanguine
2588 1799 2751 1854 lsrael
2803 1801 3099 1868 prognatis,
3145 1809 3198 1853 et
3229 1800 3447 1854 creden-

181 1888 405 1958 πληθὺς
428 1894 540 1952 τοῖς
572 1889 631 1954 ἐξ
655 1890 885 1959 αἵματος
925 1889 1139 1960 Ἰσραὴλ
1165 1891 1487 1943 πιστεύσασι
1523 1893 1768 1963 συνήφθη

1875 1887 2019 1942 tibus
2041 1888 2393 1957 spiritualiter
2432 1891 2680 1959 copulata
2716 1901 2818 1955 est,
2849 1889 3069 1945 Christo
3093 1905 3186 1945 eos
3236 1890 3289 1943 in
3327 1891 3449 1944 uni-

181 1979 601 2050 πνευματικῶς,
633 1980 869 2050 Χριστοῦ
896 1979 1210 2043 συνδοῦντος
1248 1983 1326 2044 εἰς
1363 1980 1577 2045 ἕνωσιν,
1620 2004 1638 2034 ι
1666 1984 1773 2035 Αὑ-

1874 1986 2039 2031 tatcm
2068 1980 2377 2047 copulante,
2412 1998 2432 2032 ι
2476 1978 2593 2049 ipse
2642 1982 2786 2035 enim
2833 1990 2916 2034 est
2966 1995 3067 2050 pax
3122 1991 3322 2047 nostra,
3355 1982 3447 2050 qui

178 2070 278 2133 τὸς
308 2070 420 2141 γάρ
466 2070 615 2124 ἐστιν
644 2073 678 2141 ἡ
718 2072 907 2142 εἰρήνη
939 2070 1131 2141 ὴμῶν,
1164 2074 1193 2123 6
1224 2072 1457 2141 ποιήσας
1490 2070 1558 2123 τὰ
1595 2072 1772 2141 ἀμφόο

1870 2066 2001 2121 fecit
2031 2078 2259 2135 utraque
2314 2086 2500 2133 unum,
2538 2080 2591 2124 et
2618 2073 2709 2133 qui
2761 2072 2996 2124 medium
3027 2071 3285 2139 parietem
3340 2072 3448 2125 dis-

178 2179 323 2233 τερα
376 2161 457 2227 ἒν,
498 2163 593 2216 καὶ
641 2162 702 2215 τὸ
755 2162 1066 2232 μεσότοιχον
1114 2162 1207 2215 τοῦ
1270 2162 1523 2233 φραγμοῦ
1574 2162 1767 2227 λύσας,

1872 2158 2055 2232 solvil,
2091 2159 2311 2230 et-duos
2354 2161 2578 2230 populos
2616 2162 2669 2215 in
2705 2176 2871 2214 unum
2933 2176 3130 2215 novum
3175 2161 3446 2215 hominem

175 2252 383 2314 κτίσας
415 2269 475 2303 τε
496 2254 622 2315 τοὺς
660 2252 752 2305 δύο
784 2252 946 2314 λαοὺς
992 2253 1070 2315 είς
1095 2253 1194 2304 ἕνα
1235 2252 1419 2306 καινὸν
1450 2253 1734 2323 ἄνθρωπον
1755 2295 1769 2317 ,

1873 2248 2145 2314 condidit,
2204 2250 2405 2304 faciens
2466 2266 2693 2319 pacem,
2754 2259 2812 2305 et
2859 2251 3214 2305 reconcilians
3259 2251 3447 2305 ambos

181 2342 367 2396 ποιῶν
401 2344 643 2414 εἰρήνην,
673 2344 766 2396 καὶ
813 2343 1312 2397 ὰποκαταλλάσσων
1368 2346 1494 2407 τοὺς
1534 2344 1772 2414 ἀμφοτέ-

1873 2338 2036 2409 734
2059 2339 2112 2391 in
2146 2354 2251 2391 uno
2278 2338 2480 2408 Spiritu
2513 2340 2578 2392 ad
2604 2338 2825 2395 Patrem
2858 2340 2958 2404 τδρ
2996 2340 3195 2395 idcirco
3251 2342 3444 2409 inquit,

180 2452 320 2506 ρους
361 2437 419 2487 ἐν
442 2436 522 2487 ἐνὶ
556 2434 834 2505 Πνεύματι
866 2436 1001 2505 πρὸς
1022 2434 1113 2487 τὸν
1156 2436 1398 2506 Πατέρα,
1436 2453 1453 2487 ι
1491 2435 1660 2506 ταύτῃ
1688 2453 1769 2489 τοι

1873 2427 2082 2483 futuros
2113 2438 2169 2482 ut
2199 2430 2473 2483 tribunum
2505 2430 2557 2483 in
2607 2428 2767 2494 Iuda,
2830 2431 2933 2484 hoc
2973 2438 3055 2484 est
3115 2430 3183 2483 ad
3243 2438 3447 2483 tantam

177 2524 357 2596 φησὶν
380 2527 463 2577 ὅτι
489 2524 698 2576 ἔσονται
728 2524 805 2586 ὠς
848 2524 1126 2595 χιλίαρχος
1151 2526 1208 2577 ἐν
1250 2522 1436 2590 Ἰούδα,
1496 2527 1770 2578 τουτέστιν

1873 2517 2383 2588 lldeibonitatisque
2436 2520 2803 2575 sinceritatem
2861 2534 3237 2590 processuros,
3271 2530 3331 2575 ut
3378 2535 3447 2575 ex

175 2613 263 2675 είς
297 2610 462 2664 τοῦτο
484 2612 848 2682 προϐήσονται
881 2612 1251 2682 γνησιότητος,
1279 2612 1377 2681 τῆς
1402 2613 1476 2676 ὡς
1502 2615 1561 2665 ἐν
1591 2614 1769 2667 πίστει

1872 2607 2004 2675 ipsis
2029 2608 2190 2662 etiam
2247 2610 2518 2678 principes
2574 2609 2711 2664 Juda
2758 2610 3015 2665 evadant.
3057 2608 3175 2663 Erit
3211 2610 3337 2663 item
3393 2619 3449 2664 et

175 2720 239 2756 τε
273 2703 374 2756 καὶ
391 2700 680 2771 ἐπιεικείᾳ,
708 2702 871 2770 φημὶ,
895 2700 1036 2753 ὥστε
1070 2702 1164 2754 καὶ
1190 2702 1247 2768 ἐξ
1281 2705 1457 2755 αὐτῶν
1493 2705 1769 2774 ἀρχηγοὺς

1869 2702 2136 2763 Accarnn,
2169 2701 2273 2755 hoc
2298 2712 2381 2755 est
2425 2702 2744 2770 alienigena,
2769 2711 2823 2756 et
2850 2700 3156 2755 Pbilistaaus
3194 2709 3253 2753 ut
3284 2701 3448 2756 Jebu-

176 2792 439 2864 γενέσθαι
464 2793 558 2845 τοῦ
596 2792 989 2846 Ἰούδα.Ἔσται
1016 2794 1071 2846 δὲ
1096 2795 1188 2846 καὶ
1211 2796 1239 2846 6
1281 2795 1585 2865 Ἀκκαρὼν,
1610 2813 1766 2849 τουτ-

1870 2782 2033 2852 secus,
2061 2790 2162 2842 hoc
2209 2799 2293 2843 est
2324 2798 2382 2842 ut
2414 2791 2527 2859 ipse
2573 2790 2748 2845 incola
2800 2790 3300 2860 Hierosolymorum
3359 2806 3448 2858 po-

177 2884 352 2948 ἐστιν,
389 2884 417 2935 6
454 2881 768 2949 ἀλλογενὴς,
800 2883 829 2935 6
872 2883 935 2934 ὲκ
979 2882 1079 2951 γῆς
1119 2881 1459 2952 Φυλιστιεὶμ,
1494 2882 1570 2941 ὡς
1598 2884 1625 2935 6
1666 2884 1765 2935 Ἰε-

1868 2878 2045 2946 pulus.
2079 2876 2219 2932 Olim
2255 2880 2518 2949 siquidem
2558 2880 2861 2936 Jerusalem
2906 2880 3076 2935 Jebus
3122 2882 3442 2949 dicebatur;

177 2974 458 3037 δουσαῖος,
486 2973 758 3025 τουτέστιν
801 2973 877 3033 ὡς
924 2973 1085 3036 αὐτὸς
1107 2974 1135 3025 6
1177 2973 1429 3037 κάτοικος
1462 2972 1569 3028 τῶν
1605 2974 1765 3045 Ἰερο-

1868 2981 2036 3035 quare
2065 2966 2299 3022 Jebusaei
2346 2969 2563 3023 nomine
2588 2970 2689 3023 hoc
2719 2967 2837 3022 loco
2888 2967 3305 3039 Hierosolymita
3364 2970 3444 3025 in-

179 3064 437 3134 σολύμων
462 3063 608 3127 λαός.
667 3063 943 3117 Ἐκαλεῖτο
979 3065 1086 3134 γὰρ
1112 3067 1145 3134 ἠ
1177 3064 1534 3136 Ἰερουσαλὴμ
1564 3062 1765 3128 Ἵεϐοὖς
1792 3091 1806 3144 ε

1819 3057 2149 3143 :telligitnr.
2192 3058 2341 3114 Multi
2377 3070 2555 3115 autem
2606 3061 2826 3125 tribuni,
2873 3061 2976 3115 hoc
3032 3070 3116 3115 est
3168 3062 3334 3116 duces
3392 3074 3446 3116 et

176 3155 236 3208 ἐν
305 3156 539 3226 ἀρχαῖς*
607 3152 801 3207 οὐκοῦν
859 3155 1177 3219 Ἰεϐουσαῖος
1239 3156 1267 3207 6
1330 3155 1761 3227 Ἱεροσολυμίτης

1869 3152 2241 3205 moderatores
2281 3152 2598 3221 populorum
2631 3152 2793 3206 etiam
2820 3166 2884 3207 ex
2932 3153 3176 3221 gentibus
3204 3152 3440 3219 fuerunt,

179 3246 373 3300 ἐνθάδε
460 3247 685 3299 νοεῖται.
753 3245 944 3299 Πολλοὶ
1001 3246 1057 3300 δὲ
1114 3245 1423 3318 χιλίαρχοι,
1487 3248 1762 3301 τουτέστιν

1864 3248 1921 3293 et
1962 3248 2093 3294 sunt
2121 3240 2283 3293 simul
2325 3254 2421 3307 per
2477 3241 2785 3295 universum
2824 3241 3029 3296 orbem.
3083 3242 3181 3296 Ast
3226 3245 3444 3299 nomine

175 3339 472 3410 ἡγεμόνες,
512 3337 605 3391 καὶ
647 3338 1048 3407 προεστηκότες
1079 3338 1222 3390 λαῶν
1253 3338 1347 3390 καὶ
1391 3338 1449 3401 ἐξ
1478 3337 1645 3391 ὲθνῶν
1677 3354 1767 3405 γε-

1864 3326 2005 3385 ]ιιιιιι,
2033 3342 2127 3382 cos
2157 3328 2249 3397 qui
2281 3328 2502 3382 laudare
2535 3339 2928 3385 consueverunt
2957 3332 3207 3399 accipies,
3249 3347 3442 3402 nempe

176 3430 392 3499 γόνασι,
420 3428 515 3482 καὶ
563 3428 801 3481 σύνεισιν
828 3428 934 3480 ἀνὰ
967 3430 1146 3481 πᾶσαν
1186 3428 1647 3499 τὴνοίκουμένην.
1688 3428 1763 3481 Τὸ
1868 3432 1967 3472 “08
2036 3418 2088 3471 ίη
2173 3418 2280 3473 ﬁde
2340 3429 2605 3484 νοεθῑοεν
2671 3422 2763 3490 qui
2838 3422 3165 3490 Ρθΐθηηίὺιιδ
3228 3425 3444 3495 hymnis

175 3521 232 3576 δέ
261 3524 320 3575 ἐν
368 3519 539 3573 Ἰούδα
562 3522 774 3591 νοήσεις
809 3518 902 3571 ἐπὶ
929 3520 1055 3581 τοὺς
1082 3522 1249 3572 αἰνεῖν
1283 3521 1563 3585 εἰωθότας,
1606 3538 1758 3575 τουτ-

1866 3510 2138 3564 Christum
2197 3524 2227 3564 a
2284 3524 2392 3581 quo
2439 3512 2618 3566 vocati
2678 3526 2901 3580 sumus,
2965 3512 3237 3569 celebrare
3293 3516 3438 3571 sole-

176 3612 328 3665 ἐστιν
374 3614 526 3682 ἡμᾶς
562 3612 688 3673 τοὺς
717 3611 775 3660 ἐν
804 3610 984 3662 πίστει
1028 3610 1419 3681 κεκλημένους,
1465 3613 1515 3664 οἳ
1564 3629 1761 3680 στεφαον
1868 3617 2008 3657 "IUS-

174 3702 304 3757 γοῦν
355 3701 640 3773 εἰθίσμεθα
699 3704 818 3765 ταῖς
864 3702 1261 3773 ἀκαταλήκτοις
1320 3701 1646 3770 δοξολογίαις
1676 3702 1765 3755 τὸν

174 3792 495 3864 κεκληκότα
520 3792 775 3862 Χριστόν.

246 3883 361 3938 Καὶ
392 3872 818 3953 ὑποστήσομαι
839 3885 920 3951 τῷ
952 3887 1097 3952 οἴκῳ
1126 3902 1248 3955 μου
1283 3884 1623 3955 ἀνάστημα,
1656 3889 1762 3942 τοῦ

1938 3872 2099 3927 Vens.
2150 3872 2202 3926 8.
2237 3871 2307 3924 Et
2338 3873 2650 3928 substituam
2691 3877 2868 3930 domui
2934 3895 3061 3934 nica:
3103 3883 3435 3947 creationem,

172 3977 258 4046 μὴ
287 3974 771 4042 διαπορεύεσθαι,
795 3976 950 4045 μηδὲ
973 3975 1385 4042 ἀνακάμπτειν
1403 4016 1417 4040 ,
1452 3977 1552 4029 καὶ
1578 3980 1650 4031 οὐ
1674 3978 1760 4047 μὴ

1867 3981 1929 4019 ne
1962 3974 2308 4033 pertranseat,
2358 3982 2450 4021 nec
2503 3977 2829 4032 revertatur,
2871 3979 3049 4023 etnon
3112 3974 3435 4040 superveniat

176 4064 400 4134 ἐπέλθῃ
423 4065 758 4131 ἐπάὺτοὺς
810 4066 1009 4120 οὐκέτι
1056 4066 1418 4131 ἐξελαύνων,
1447 4065 1597 4120 διότι
1646 4070 1762 4123 νῦν

1863 4072 2021 4125 super
2068 4073 2154 4110 eos
2203 4056 2342 4109 ultra
2372 4057 2609 4127 abigens,
2674 4060 2799 4127 quia
2855 4061 3092 4115 viderunt
3152 4064 3207 4116 in
3274 4066 3438 4118 oculis

177 4154 473 4223 ἑωράκασι
494 4154 566 4208 ἐν
585 4154 708 4220 τοῖς
735 4154 1061 4225 ὀφθαλμοῖς
1075 4173 1215 4225 μου.
1863 4151 2013 4204 meis.

247 4246 387 4313 NG’.
445 4245 579 4299 Ἰδοὺ
634 4243 700 4314 δὴ
748 4244 936 4312 σαφῶς
986 4246 1276 4318 ἁνάστημά
1320 4267 1379 4302 τε
1437 4250 1533 4304 καὶ
1582 4253 1761 4321 τεῖχος

1934 4241 2067 4297 LVI.
2100 4241 2179 4296 En
2204 4242 2479 4297 Christum
2520 4244 2803 4313 perspicue
2859 4246 3189 4301 erectionem
3238 4257 3293 4302 et
3318 4262 3437 4302 mu-

175 4337 431 4407 ὸνομάζει
458 4337 720 4407 Χριστὸν,
753 4336 819 4389 δι’
848 4331 909 4393 οὗ
957 4339 1052 4391 καὶ
1095 4340 1602 4413 ὲμπεπυργώμεθα,
1638 4344 1759 4396 κατ’

1863 4351 1984 4392 rum
2021 4337 2280 4402 nominat,
2314 4351 2410 4406 per
2471 4351 2632 4406 quem
2669 4346 2722 4389 et
2749 4336 2802 4389 in
2868 4335 3034 4390 altum
3073 4340 3433 4408 exsurgimus.

177 4429 424 4483 εὐδοκίαν
448 4428 507 4481 δὲ
553 4427 815 4496 δηλονότι,
839 4428 933 4481 καὶ
971 4428 1189 4499 Θέλησιν
1215 4430 1309 4484 τοῦ
1343 4433 1477 4486 Θεοῦ
1508 4434 1602 4487 καὶ
1646 4434 1760 4497 ῌα-
1791 4422 1804 4477 Ῑ

1811 4422 1837 4476 )
1859 4428 2013 4498 juxta
2046 4427 2441 4496 beneplacitum
2463 4437 2518 4481 et
2548 4426 2875 4481 voluntatem
2905 4426 2999 4482 Dei
3031 4436 3085 4482 et
3104 4428 3305 4485 Patris.
3332 4432 3438 4488 Do-

175 4518 319 4587 τρός.
341 4514 504 4581 Οἶκος
537 4516 646 4587 γὰρ
662 4517 872 4587 νοητὸς,
906 4519 999 4571 καὶ
1028 4519 1282 4591 οἰκοδομὴ
1306 4520 1461 4586 Θεοῦ,
1485 4523 1626 4575 κατὰ
1664 4524 1764 4595 τὴν

1864 4533 1983 4573 mus
2010 4519 2155 4571 enim
2191 4516 2292 4571 sub
2343 4516 2751 4587 intelligentiam
2783 4515 3002 4579 cadens,
3035 4527 3089 4570 et
3149 4519 3438 4575 aedificatio

177 4606 269 4659 τοῦ
309 4607 531 4661 Παύλου
588 4608 803 4677 φωνὴν,
856 4608 1016 4679 ἡμεῖς
1056 4626 1157 4662 που
1209 4611 1428 4675 πάντως
1476 4614 1673 4683 ἐσμὲν,
1714 4616 1761 4667 οἱ

1866 4606 1981 4669 Dei,
2007 4609 2303 4662 secundum
2357 4605 2507 4660 Pauli
2567 4619 2752 4661 vocem
2783 4605 2851 4669 ",
2907 4619 3005 4660 nos
3039 4620 3228 4662 sumus
3281 4609 3438 4678 plane

182 4699 628 4763 πεπιστευκότες,
658 4699 815 4770 εἰπερ
840 4700 986 4753 ἐστὶν
1024 4700 1244 4771 ἀληθὲς,
1290 4703 1365 4765 ὡς
1399 4705 1456 4755 ἐν
1483 4707 1602 4768 ταῖς
1626 4723 1763 4776 καρ-

1861 4700 1949 4768 qui
1976 4699 2304 4755 credidimus
2336 4714 2351 4749 :
2382 4698 2647 4767 siquidem
2678 4713 2864 4752 verum
2890 4708 2990 4761 est,
3015 4713 3141 4755 eum
3200 4702 3252 4753 in
3310 4715 3437 4757 cor-

184 4788 317 4852 δίαις
361 4789 517 4860 ημῶν
575 4789 665 4842 διὰ
713 4789 808 4843 τοῦ
841 4790 1150 4861 πνεύματος
1191 4798 1467 4860 κατοικεῖ,
1509 4800 1603 4851 καὶ
1651 4802 1764 4864 τοῖς

1861 4791 2021 4845 dibus
2063 4789 2266 4844 nostris
2303 4803 2400 4858 per
2430 4789 2676 4857 spiritum
2746 4789 2990 4843 habitare
3021 4790 3090 4853 ⁷⁸,
3122 4798 3176 4845 et
3235 4790 3287 4844 in
3349 4790 3436 4847 his

185 4878 461 4946 ἀγαπῶσιν
519 4881 685 4933 αὐτὸν
744 4880 1097 4945 ἐναυλίζεται.
1137 4885 1281 4956 Ἔφη
1325 4887 1432 4958 γὰρ
1482 4888 1643 4951 αὐτὸς
1671 4890 1758 4945 διὰ

1866 4883 1958 4952 qui
1991 4883 2220 4951 diligunt
2253 4883 2423 4950 ipsum
2447 4877 2771 4935 commorari
2803 4879 2867 4929 ⁷⁷.
2904 4879 2997 4933 Ait
3020 4879 3165 4933 enim
3198 4881 3310 4950 ipse
3340 4897 3437 4951 per

188 4972 457 5039 προφήτου
491 4972 696 5042 φωνῆς’
733 4990 751 5023 e
782 4974 903 5026 Ὅτι
931 4977 1241 5046 κατοικήσω
1290 4979 1348 5031 ἐν
1375 4979 1556 5043 αὐτοῖς
1579 5020 1594 5044 ,
1662 4983 1756 5035 καὶ

1866 4976 2183 5045 prophetam
2215 4992 2229 5029 :
2261 4993 2279 5024 ι
2309 4972 2573 5038 Quoniam
2612 4971 2924 5026 inbabitabo
2964 4972 3019 5025 in
3059 4971 3185 5037 illis,
3247 4983 3304 5028 et
3355 4975 3437 5028 in-

190 5063 636 5134 ὲμπεριπατήσω,
668 5066 763 5117 καὶ
808 5064 1001 5135 ἔσομαι
1037 5067 1214 5121 αὐτῶν
1265 5068 1417 5136 Θεὸς,
1466 5072 1561 5123 καί
1605 5073 1757 5125 αὐτοὶ

1860 5066 2148 5120 ambulabo
2176 5067 2317 5120 inter
2351 5066 2490 5129 illos,
2531 5077 2584 5120 et
2611 5081 2706 5120 ero
2754 5066 2965 5121 illorum
3028 5068 3189 5134 Deus,
3242 5077 3295 5124 et
3335 5070 3434 5141 ipsi

190 5150 391 5206 ἔσονταί
426 5172 513 5224 μοι
545 5155 725 5217 λαός.»
760 5156 987 5226 Ἀνάστη
997 5174 1073 5227 μα
1105 5158 1167 5229 δὴ
1191 5154 1284 5212 οὖν
1308 5159 1369 5213 τὺ
1390 5163 1756 5234 ἐγηγερμένον

1828 5167 2015 5211 verunt
2071 5157 2205 5211 mihi
2248 5157 2543 5227 p0pulus"
2586 5176 2605 5208 ι
2663 5156 2880 5211 Erectio
2942 5158 3107 5226 igitur
3165 5161 3455 5215 voluntatc‘

190 5239 271 5294 διὰ
300 5240 488 5314 βουλῆς
519 5246 613 5297 τοῦ
670 5246 882 5317 Πατρδς
910 5250 975 5316 τῇ
1023 5250 1321 5321 Ἐκκλησία
1366 5253 1636 5322 Χριστὸς,
1670 5255 1756 5306 ἵνα

1859 5247 2033 5301 Patris
2065 5247 2319 5302 Ecclesiae
2343 5250 2572 5303 excitata
2596 5246 2847 5324 Chrislus
2871 5257 2973 5313 est,
3014 5266 3079 5304 ne
3114 5249 3274 5316 ultra,
3298 5252 3433 5303 sicut

197 5333 403 5403 μηκέτι,
420 5334 561 5389 καθὰ
582 5335 675 5387 καὶ
691 5337 871 5404 πάλιν,
889 5338 1202 5393 διοδεύσωσί
1221 5358 1383 5410 τινες,
1398 5344 1492 5396 καὶ
1514 5345 1757 5415 ἀνακάμ-

1859 5341 2153 5406 quondam,
2186 5347 2559 5407 perlranseant
2590 5340 2829 5407 quidam,
2852 5346 2907 5394 et
2941 5348 3296 5401 revertantur,
3348 5338 3432 5391 in-

294 5530 337 5561 "
368 5530 566 5600 Ephes.
595 5551 656 5601 ιι,
691 5535 874 5590 14-16.
951 5538 999 5568 ⁷⁵
1032 5536 1053 5591 ι
1093 5538 1215 5593 Cor.
1261 5554 1343 5601 Ill,
1374 5540 1428 5592 9.
1506 5540 1551 5569 τ⁶
1578 5539 1777 5609 Ephes.
1816 5556 1899 5605 Ill,

1816 5556 1899 5605 tu,
1950 5541 2037 5595 17.
2113 5542 2156 5571 ⁷⁷
2190 5539 2348 5595 Joan.
2390 5557 2497 5605 xw,
2527 5540 2618 5594 25.
2733 5538 2778 5569 ⁷⁸
2821 5537 2989 5593 Levit.
3037 5550 3184 5601 nm,
3221 5534 3304 5601 li,
3346 5533 3411 5590 12

265 5704 336 5774 (ι)
366 5707 705 5772 Desideratur
743 5714 1062 5773 vocabulum
1097 5719 1385 5774 accusandi
1418 5732 1565 5783 casu,
1604 5716 1744 5784 quod
1780 5718 2145 5784 expressimus
2180 5717 2395 5773 Latine.
2428 5717 2711 5772 Internres.
