4120 6592
614 429 718 486 147

1555 391 1567 452 ί
1601 431 1658 486 s.
1693 432 1974 488 'CYRILLI
2013 430 2477 488 ALEXANDRINI
2519 428 2842 486 ABCHIEP.

3771 419 3907 477 148

614 547 752 620 πρὸς
789 550 898 602 πᾶν
945 543 1081 613 εἴδη
1125 549 1462 618 φαυλότητος
1526 549 1972 614 ἀπονενευκότες.
2007 567 2026 602 ι
2093 549 2660 621 Παρασυνεόλήθησαν
2713 549 2824 618 γάρ
2869 547 2981 610 τοῖς
3027 545 3246 615 κτήνεσι
3286 542 3397 604 τοῖς
3438 540 3690 610 ἀνοήτοις
3717 576 3734 601 ο
3785 537 3911 588 καὶ

611 639 924 708 ὼμοίωνται
949 643 1152 706 αὐτοῖς,
1184 661 1202 692 ι
1239 642 1386 704 κατὰ,
1415 643 1515 712 τὴν
1541 643 1633 696 τοῦ
1656 644 1972 707 Ψάλλοντοςν
2021 645 2224 714 φωνήν.

2270 646 2440 708 Ὄνοςη
2495 645 2551 698 δὲ
2579 646 2680 700 καὶ
2717 644 2922 714 ἑτέρως
2964 638 3307 710 ἀκαθαρσίας
3335 635 3626 706 σύμϐολονο
3659 632 3913 701 ἀνίερον

613 729 724 807 γάρ
747 729 806 782 τὸ
833 729 990 797 ζῶον,
1051 734 1146 793 καὶ
1179 732 1284 802 τὴν,
1324 734 1392 785 ἐκ
1443 733 1610 804 νόμου
1654 736 1997 809 κατάρρησιν
2043 734 2186 804 ἔχον.
2261 736 2502 794 Τοιοῦτοι
2527 737 2586 790 δὲ
2625 736 2844 797 πάντως
2907 735 2963 787 οἰ
3008 731 3374 802 πλανώμενοι,
3395 729 3489 781 καὶ
3524 722 3911 795 φιλαμαρτή-

620 835 803 890 μονες.

633 969 635 971 ι
690 906 857 962 Vens.
890 909 976 962 10.
1003 908 1072 963 Et
1105 909 1368 979 disperdat
1396 914 1682 982 quadrigas
1717 932 1780 970 ex
1831 915 2083 986 Epitraim
2104 955 2118 979 ,
2143 926 2190 970 et

2372 915 2479 968 Καὶ
2539 913 2959 982 ἐξολοθρεύσει
3022 913 3256 981 ἅρματα
3311 910 3384 973 ἐξ
3425 909 3670 979 Ἐςρραῖμ
3693 946 3711 970 ,
3789 906 3907 960 καὶ

617 1014 806 1068 equum
847 1000 911 1053 de
944 998 1261 1066 Jerusalem,
1309 1011 1360 1055 et
1392 1002 1649 1066 disperdat
1691 1020 1874 1058 arcum
1924 1004 2189 1072 bellicum,

509 1116 511 1119 ·
619 1100 664 1144 et
696 1090 1099 1158 multitudinem,
1125 1101 1172 1144 et
1219 1109 1402 1159 pacem
1432 1109 1499 1146 ea:
1529 1096 1783 1162 gentibus,
1813 1107 1863 1150 et
1898 1097 2196 1149 dominabi-

622 1187 710 1230 tur
737 1195 991 1247 aquarum
1020 1196 1052 1231 a
1079 1183 1214 1234 mari
1242 1196 1403 1250 usque
1431 1184 1500 1236 ad
1528 1199 1692 1247 mare,
1725 1196 1771 1238 et
1823 1203 1855 1237 α
1889 1185 2194 1255 (ﬂaminibus

622 1283 785 1338 usque
837 1269 906 1322 ad
941 1271 1112 1326 exitus
1140 1279 1318 1328 term.

681 1447 876 1510 ,LVlll.
915 1449 1262 1519 Unigenitum
1299 1452 1572 1506 hominem
1619 1461 1825 1519 natum,
1861 1456 2198 1527 diiigentium

622 1552 682 1592 se
709 1537 933 1604 pedibus
959 1538 1322 1604 subiecturum
1350 1558 1369 1590 ι
1408 1541 1761 1610 principatus,
1799 1553 1854 1599 et
1885 1555 2199 1614 potestates,

622 1640 680 1683 et.
723 1629 904 1682 mundi
942 1638 1185 1684 rectores
1211 1630 1280 1697 θ’,
1317 1648 1336 1680 ι
1370 1631 1472 1686 hoc
1506 1641 1589 1685 est
1613 1632 1965 1691 detestabiles
2001 1640 2202 1693 damo-

628 1717 839 1772 nior-um
873 1719 1080 1783 turbas,
1098 1729 1154 1774 et
1188 1719 1529 1775 subditorum
1561 1722 1694 1790 ipsis
1726 1739 1916 1781 omnes
1949 1727 2203 1784 inimicos

625 1809 825 1877 quique
844 1820 1160 1875 cernuntur,
1182 1812 1386 1881 quique
1400 1827 1504 1868 non
1522 1824 1838 1883 cernuntur,
1869 1826 1924 1872 et
1944 1821 2205 1875 contrito-

626 1916 747 1955 rum
763 1916 924 1958 omne
968 1903 1188 1970 bellum,
1211 1917 1242 1958 e
1279 1904 1434 1958 bonis
1459 1907 1606 1974 pacis
1639 1921 1734 1961 eos
1756 1908 2203 1976 exhilaraturum,

627 1992 728 2046 sub
778 2001 1090 2063 tegumento
1124 1994 1408 2050 verborum
1452 1997 1800 2066 propheticus
1843 2013 2024 2056 sermo
2053 2002 2208 2056 nobis

628 2081 982 2141 demonstrat.
1031 2085 1346 2141 lnvaserunt
1387 2089 1532 2143 enim
1578 2089 1868 2158 aliquando
1925 2091 2205 2163 Babylonii

2293 1006 2482 1058 ἵππον
2535 1005 2605 1070 ἐξ
2675 1003 3093 1073 Ἰερουσαλὴμ,
3161 1003 3260 1055 καὶ
3304 999 3906 1067 ἐξολοθρευθήσεται

2294 1096 2477 1160 τόξον
2504 1097 2851 1165 πολεμικόν,
2899 1097 3000 1148 καί
3047 1090 3298 1160 πλῆθος,
3345 1091 3444 1146 καί
3505 1089 3766 1158 εἰρήνην
3821 1086 3905 1150 ἐξ

2295 1185 2520 1251 ἐθνῶν,
2595 1187 2692 1241 καὶ
2740 1185 3021 1254 κατάρξει
3074 1183 3313 1240 ὑδάτων
3378 1180 3495 1236 ἀπὸ
3553 1179 3904 1247 θαλάσσης

2297 1277 2408 1342 ἕως
2451 1276 2788 1345 θαλάσσης,
2831 1276 2928 1330 καί
2986 1274 3107 1329 ἀπὸ
3168 1269 3448 1342 ποταμῶν
3487 1270 3598 1336 ἕως
3645 1268 3902 1323 διεκϐο·

2298 1366 2425 1422 λῶν
2451 1368 2579 1437 γῆς.

2370 1459 2503 1512 Nﬂ'.
2533 1459 2654 1513 Ὅτι
2677 1460 2975 1530 γενόμενος
2993 1458 3278 1528 ἄνθρωπος
3307 1457 3336 1510 6
3381 1454 3713 1526 Μονογενὴς,
3777 1454 3907 1516 τοῖς

2301 1547 2410 1603 τῶν
2431 1548 2770 1619 ἀγαπώντων
2800 1550 2963 1603 αὐτὸν
2984 1549 3280 1620 ὑποφέρειν
3309 1547 3502 1618 ἔμελλε
3549 1547 3712 1600 ποσὶν
3751 1563 3776 1596 ε
3802 1545 3904 1614 ἀρ-

2303 1642 2403 1712 χάς
2429 1657 2487 1693 τε
2532 1641 2628 1692 καὶ
2672 1638 2940 1703 ἐξουσίας,
2992 1638 3086 1693 καὶ
3123 1638 3250 1701 τοὺς
3305 1637 3764 1708 κοσμοκράτορας
3797 1637 3902 1690 τοῦ

2305 1733 2509 1803 κόσμου
2547 1731 2791 1796 τούτου,›
2815 1729 3060 1782 τουτέστι
3106 1729 3175 1783 τὰ
3202 1728 3435 1800 βδελυρὰ
3464 1727 3573 1781 τῶν
3592 1727 3903 1795 δαιμονίων

2309 1823 2492 1894 στίφη,
2528 1821 2704 1875 πάντα
2727 1838 2787 1874 τε
2818 1821 3001 1882 αὐτοῖς
3035 1819 3360 1872 ὑποτάσσειν
3379 1817 3573 1889 ἐχθρὸν
3597 1817 3808 1888 ὁρατόν
3840 1833 3901 1870 τε

2307 1915 2401 1968 καὶ
2425 1914 2675 1984 ἀόρατον,
2707 1913 2800 1965 καὶ
2822 1911 3000 1964 πάντα
3027 1909 3336 1980 συπρίόειν
3367 1909 3625 1979 πόλεμον,
3656 1909 3754 1961 καὶ
3779 1911 3904 1971 τοῖς

2309 2006 2368 2070 ἐξ
2417 2006 2640 2076 εἰρήνης
2686 2002 3109 2073 κατευφραίνειν
3173 2000 3418 2069 ἀγαθοῖς,
3475 1997 3906 2069 αἰνιγματωδῶς

2308 2098 2444 2165 ἡμῖν
2475 2096 2505 2146 ό
2542 2092 2880 2164 προφητικὸς
2909 2091 3196 2159 ὑποφαίνει
3225 2089 3402 2156 λόγος.
3424 2091 3631 2160 ’ῌεσαν
3660 2090 3759 2158 μέν
3781 2088 3903 2158 γὰρ

627 2171 1091 2244 Hierosolymitas,
1111 2184 1270 2246 atque
1287 2176 1446 2242 etiam
1473 2179 1743 2235 nonnullae
1760 2190 1950 2249 gentes
1967 2181 2210 2238 ﬁnitimae

2312 2187 2453 2241 κατὰ
2490 2186 2715 2257 καιροὺς
2736 2183 2875 2237 κατὰ
2904 2183 3013 2235 τῶν
3039 2181 3426 2252 Ἱεροσολύμων
3457 2181 3507 2232 οἰ
3536 2178 3900 2242 Βαϐυλώνιοι,

627 2265 805 2334 equis,
823 2275 877 2318 et
927 2267 1194 2331 curribus,
1219 2274 1274 2320 et
1314 2268 1549 2323 arcubus
1597 2283 1692 2324 eos
1713 2247 1839 2324 sunt
1884 2273 2110 2337 adortae,
2151 2285 2209 2328 ut

2314 2276 2407 2330 καὶ
2436 2275 2542 2345 μὴν
2568 2247 2661 2327 καὶ
2685 2271 2863 2342 ἕτεροί
2916 2287 3063 2334 τινες
3089 2247 3199 2323 τῶν
3256 2247 3470 2340 ὁμόρων
3502 2267 3673 2322 ἐθνῶν
3703 2268 3904 2330 ἵπποις

628 2353 855 2423 legimus
873 2357 941 2422 ⁸⁷,
966 2365 1128 2426 atque
1151 2358 1222 2410 ita
1243 2356 1558 2428 subjugatos
1579 2361 1773 2417 acerbe
1801 2373 2089 2420 vexarunt.
2125 2367 2208 2421 Ab

629 2455 822 2500 eventu
861 2447 1024 2518 igitur
1046 2446 1248 2502 Christi
1278 2449 1684 2517 praeclariorum
1707 2466 1931 2522 Operam
1959 2455 2209 2524 splendo-

628 2551 745 2592 rem
766 2539 1025 2602 ostendit,
1044 2555 1166 2594 cum
1185 2541 1259 2596 ait
1282 2563 1295 2597 :
1328 2540 1425 2607 Qui
1453 2542 1858 2610 salvat,justus,
1889 2560 1943 2600 et
1960 2562 2209 2604 mansue-

631 2628 874 2683 tissimus
904 2645 1000 2684 rex
1014 2631 1192 2686 veniet
1219 2632 1458 2701 quidem,
1479 2645 1578 2688 nec
1607 2635 1773 2687 multo
1790 2647 1907 2705 post
1933 2637 2046 2694 haec
2077 2647 2210 2694 tem-

631 2733 787 2786 pora.
811 2719 1193 2776 Verumtamen
1248 2739 1353 2776 non
1424 2739 1619 2794 magna
1683 2740 1804 2778 cum
1871 2727 2212 2783 multitudine

633 2809 951 2875 satellitum,
975 2825 1081 2865 non
1103 2811 1410 2880 stipatores,
1442 2828 1547 2866 non
1581 2812 1724 2868 mille
1771 2830 1950 2869 rerum
2007 2817 2212 2870 milita-

635 2900 774 2953 rium
809 2916 1007 2967 gnaros
1037 2917 1220 2956 secum
1247 2903 1475 2958 habens.
1498 2903 1647 2958 Adeo
1674 2916 1851 2960 autem
1878 2907 1930 2959 in
1968 2908 2212 2962 modera-

635 2991 781 3047 tione
811 2991 974 3043 animi
1003 2992 1351 3056 exercitatus,
1379 3003 1438 3047 ut
1477 2995 1642 3048 etiam
1696 2994 1782 3048 vix
1849 2996 2054 3065 pullum
2097 2998 2211 3052 asi-

637 3084 848 3135 narium
883 3083 1138 3137 ascendat
1161 3083 1224 3137 ".
1262 3087 1362 3138 Ast
1396 3086 1593 3140 virtute
1625 3095 1805 3140 tantus
1828 3087 1933 3141 erit
1974 3096 2213 3143 tantum-

634 3179 738 3242 que
765 3177 1004 3243 proderit
1030 3177 1081 3230 in
1116 3191 1177 3232 se
1207 3177 1624 3241 conlidentibus,
1679 3188 1738 3232 ut
1783 3179 1993 3233 auferat
2024 3195 2214 3234 currus

635 3265 912 3334 Epitraim,
949 3277 1002 3320 et
1027 3282 1222 3335 equum
1263 3267 1544 3322 abstrahat
1578 3269 1644 3322 ab
1674 3269 2212 3340 Jerusalem,disper-

636 3356 727 3410 dat
749 3357 913 3411 etiam
973 3373 1157 3413 arcum
1209 3357 1482 3422 bellicum,
1515 3367 1569 3414 et
1631 3375 1894 3416 summam
1935 3377 2119 3432 pacem
2157 3362 2211 3416 in

637 3448 857 3518 longum
888 3462 982 3516 per
1010 3463 1200 3508 omnes
1228 3459 1416 3518 gentes
1462 3451 1735 3504 extendat.
1796 3450 2052 3520 Ephraim
2115 3467 2212 3505 no-

2309 2383 2368 2420 τε
2403 2367 2496 2419 καὶ
2525 2365 2770 2435 ἅρμασιν
2791 2362 3148 2432 ἐποχούμενοι
3168 2404 3184 2425 ,
3237 2361 3331 2416 καί
3368 2360 3650 2430 βάλλοντες
3679 2359 3899 2423 τόξοις,

2311 2453 2455 2509 κατὰ
2485 2452 2546 2505 τὸ
2601 2451 3008 2522 γεγραμμένον,
3055 2448 3468 2519 κατεχειροῦντό
3505 2464 3566 2500 τε
3602 2446 3768 2509 οὕτω,
3800 2446 3900 2498 καί

2312 2544 2532 2613 πικροῖς
2591 2538 2802 2593 ἐνίεσαν
2839 2537 3042 2601 πόνοις.
3089 2538 3220 2590 ’Λπὸ
3271 2536 3404 2606 γοῦν
3449 2535 3544 2589 τοῦ
3574 2534 3899 2606 συμϐαίνειν

2311 2630 2584 2693 εἰωθότος,
2621 2630 2733 2682 τῶν
2763 2628 2856 2681 ἐπὶ
2882 2625 3120 2697 Χριστοῦ
3159 2625 3602 2697 κατορθωμάτων
3622 2625 3722 2694 τὴν
3752 2624 3898 2694 λαμ-

2313 2721 2559 2792 πρότητα
2595 2719 2764 2789 δηλοῖ.
2799 2719 2858 2771 Ὀ
2887 2718 2996 2787 γάρ
3021 2733 3102 2770 τοι
3151 2716 3358 2781 σώζων,
3407 2717 3593 2787 φησὶν,
3633 2718 3662 2769 6
3688 2716 3901 2778 δίκαιός

2313 2830 2372 2865 τε
2399 2813 2494 2866 καὶ
2529 2811 2833 2882 πραότατος
2887 2808 3160 2878 βασιλεὺς,
3216 2806 3467 2876 ἀφίξεται
3524 2808 3643 2878 μὲν,
3672 2808 3770 2860 καί
3797 2808 3897 2859 οὐκ

2315 2905 2394 2967 εἰς
2419 2903 2658 2972 μακράν.
2689 2901 2836 2970 Πλὴν
2862 2901 2922 2952 οὐ
2957 2899 3135 2968 πολλῷ
3164 2899 3355 2970 πλήθει
3379 2899 3487 2952 τῶν
3513 2897 3894 2960 ὑπασπιστῶν,

2314 2994 2373 3045 οὐ
2411 2993 2778 3063 δορυφόρους,
2831 2991 2893 3043 οὐ
2953 2989 3179 3061 μυρίους
3227 2989 3365 3060 ἔχων
3415 2991 3541 3052 τοὺς
3590 2989 3802 3052 εἰδότας
3828 2987 3898 3041 τὰ

2314 3081 2566 3134 τακτικά.
2616 3082 2964 3150 Ἐπασκήσας
2991 3096 3052 3132 τε
3076 3079 3247 3142 οὕτως
3303 3080 3360 3131 ἐν
3389 3078 3510 3148 ΙΙιθει
3537 3077 3599 3130 τὸ
3654 3078 3897 3147 μέτριον,

2316 3173 2454 3225 ὥστε
2501 3171 2595 3223 καί
2647 3169 2799 3240 μόλις
2852 3169 3109 3238 ἐπιϐῆναι
3151 3168 3244 3221 τοῦ
3296 3168 3498 3222 πώλου.
3552 3167 3698 3236 Πλὴν
3747 3167 3900 3219 ἐσται

2316 3261 2565 3325 τοσοῦτος
2597 3263 2677 3325 εἰς
2701 3261 2922 3332 ἀρετὴν,
2973 3261 3156 3330 ὀνήσει
3188 3276 3249 3312 τε
3286 3258 3429 3311 οὕτω
3459 3257 3584 3320 τοὺς
3623 3258 3709 3310 ἐπῗ
3753 3257 3902 3326 αὐτῷ

2319 3350 2666 3413 πεποιθότας,
2696 3351 2771 3412 ὡς
2796 3349 3065 3419 περιελεῖν
3121 3347 3220 3418 μὲν
3250 3347 3473 3417 ἅρματα
3525 3344 3583 3410 ἐξ
3621 3341 3898 3414 Ἐφραῒμ,

2316 3442 2624 3512 ἀποστῆσαι
2653 3441 2709 3493 δὲ
2733 3441 2827 3493 καί
2865 3440 3049 3492 ἵππων
3077 3438 3136 3503 ἐξ
3171 3436 3546 3508 Ἰερουσαλὴμ,
3588 3431 3905 3504 ἑξολοθρεῦυ

636 3537 810 3592 minat
848 3536 1034 3592 decem
1071 3539 1244 3596 tribus
1277 3540 1327 3593 in
1351 3541 1629 3606 Samaria;
1683 3540 1980 3597 Jerusalem
2010 3543 2211 3598 incolas

2318 3551 2408 3588 σαι
2449 3533 2507 3586 δέ
2544 3529 2642 3584 καὶ
2698 3530 2850 3596 τόξον
2884 3529 3199 3599 πολεμικὸν,
3256 3529 3350 3581 καὶ
3383 3528 3607 3596 εἰρήνην
3645 3523 3904 3578 ἁπλῶσαι

641 3629 784 3697 ejus,
818 3627 1009 3684 Judam
1037 3629 1246 3684 scilicet
1276 3640 1331 3684 et
1360 3630 1659 3700 Beniamin.
1693 3633 2080 3700 Argumentum
2111 3635 2212 3703 igi-

639 3727 729 3772 tur
754 3719 1063 3773 securitatis
1108 3730 1164 3775 et
1221 3720 1369 3787 pacis
1429 3719 1778 3789 pr0pheticus
1839 3738 2019 3776 sermo
2061 3725 2218 3778 nobis

638 3811 911 3878 proponit.
939 3809 1054 3864 Non
1083 3811 1224 3864 enim
1255 3809 1409 3864 facile
1444 3811 1829 3874 incursabitur,
1879 3813 2074 3881 inquit,
2139 3814 2215 3867 cio

639 3902 780 3956 vitas
811 3912 999 3957 sancta
1027 3904 1093 3955 ab
1147 3902 1211 3956 iis
1235 3901 1325 3970 qui
1357 3916 1474 3956 eam
1518 3901 1755 3972 atlligere
1787 3912 2072 3966 conantur,
2123 3903 2217 3957 ad-

638 4006 813 4062 eoque
843 3993 1086 4045 dilatabit
1123 4007 1342 4062 regnum
1377 4007 1530 4046 suum
1559 3992 1812 4047 Salvator
1845 3992 1986 4062 ejus,
2023 4003 2081 4046 ut
2120 3995 2215 4048 im-

640 4091 791 4150 peret
821 4083 913 4136 toti
941 4080 1160 4144 Iudam,
1188 4096 1216 4133 a
1239 4081 1371 4134 mari
1399 4095 1571 4151 usque
1607 4084 1672 4136 ad
1705 4083 1947 4136 ﬂumina.
1980 4082 2041 4136 Hi
2071 4085 2215 4139 enim

640 4182 767 4227 sunt
799 4174 974 4227 exitus
1019 4181 1200 4234 terrm,
1233 4170 1344 4225 hoc
1371 4181 1455 4225 est
1518 4172 1651 4226 lines
1684 4182 1739 4225 et
1769 4173 2006 4227 termini.
2033 4174 2220 4230 Psallit

639 4261 873 4324 quodam
904 4259 1028 4314 loco.
1073 4267 1127 4312 et
1163 4258 1374 4312 divinus
1416 4259 1582 4313 David
1627 4260 1789 4330 738
1837 4265 1903 4318 de
1936 4263 2218 4334 Synagoga

638 4351 947 4408 Iudaeorum
977 4359 1036 4404 ut
1073 4351 1137 4404 de
1158 4350 1265 4403 vite
1313 4350 1572 4419 loquens:
1611 4369 1630 4401 ι
1670 4351 1923 4409 Extendit
1972 4356 2220 4424 palmites

642 4453 769 4492 suos
791 4451 964 4507 usque
987 4437 1050 4490 ad
1077 4453 1241 4504 mare,
1272 4448 1330 4492 et
1353 4453 1524 4506 usque
1552 4441 1617 4493 ad
1646 4443 1865 4496 ﬂumina
1897 4446 2222 4516 propagines

641 4531 758 4597 ejus
791 4529 890 4583 ".o
919 4527 1182 4582 Deﬁnitur
1206 4529 1350 4583 enim
1385 4529 1543 4585 tellus
1601 4529 1910 4589 Iudaeorum
1959 4537 2116 4601 mari,
2168 4547 2222 4592 et

645 4621 863 4687 regione
893 4617 957 4672 ad
988 4627 1254 4683 austrum,
1290 4627 1345 4674 et
1387 4617 1586 4684 Indica,
1615 4629 1668 4673 et
1696 4635 1816 4690 quae
1861 4625 2062 4679 dicitur
2106 4624 2222 4680 Me-

643 4711 727 4764 dia
769 4711 1070 4764 ﬂuminum.
1099 4710 1295 4765 Verum
1326 4725 1383 4764 se
1436 4711 1575 4764 intra
1621 4712 1753 4768 istos
1811 4714 1946 4770 lines
1995 4732 2220 4787 regnum

642 4801 841 4856 Christi
877 4802 1098 4856 minime
1127 4802 1443 4857 continebit.
1478 4801 1824 4873 Progreditur
1859 4816 2042 4862 autem
2093 4823 2220 4862 ora-

2320 3623 2559 3694 βαθεῖαν,
2590 3621 2687 3692 τὴν
2718 3623 2781 3674 ἐκ
2813 3621 3030 3674 πάντων
3062 3619 3171 3673 τῶν
3199 3618 3390 3672 ἐθνῶν.
3421 3616 3660 3688 Ἐφραῒμ
3686 3616 3744 3669 δέ
3771 3631 3906 3685 φησι

2315 3715 2416 3778 τὰς
2438 3715 2496 3772 ἐν
2523 3714 2588 3782 τῇ
2612 3712 2898 3782 Σαμαρείᾳ⁴
2926 3711 3062 3763 δέκα
3085 3709 3274 3778 φυλάς,
3309 3708 3667 3778 Ἰερουσαλὴμ
3699 3707 3754 3758 δέ
3780 3708 3906 3768 τοὺς

2317 3809 2375 3860 ἐν
2406 3805 2544 3874 αὐτῇ
2570 3802 3029 3871 κατοικήσαντας,
3076 3800 3277 3862 Ἰούδας
3302 3799 3357 3852 δὲ
3406 3791 3556 3852 οὗτοι
3591 3799 3684 3851 καὶ
3712 3798 3902 3850 Βενια-

2322 3896 2433 3965 μίν.
2471 3891 2679 3946 Οὐκοῦν
2715 3891 3013 3959 ἀσφαλείας
3051 3890 3329 3957 ὑπόθεσιν,
3375 3891 3471 3944 καί
3520 3891 3740 3960 εἰρήνης
3770 3891 3905 3960 ἡμῖν

2318 3989 2346 4038 6
2377 3983 2713 4056 προφητικὸς
2738 3982 3044 4052 εἰσκομίζει
3078 3982 3256 4050 λόγος.
3289 3983 3365 4034 Οὐ
3419 3979 3526 4052 γὰρ
3554 3981 3620 4034 ἂν
3652 3981 3902 4048 γένοιτο,

2321 4079 2507 4147 φησὶν,
2540 4074 2949 4145 εὐκατάδρομος
3000 4076 3113 4136 τοῖς
3161 4072 3407 4126 ἐθέλουσι
3433 4071 3635 4125 κακοῦν
3685 4073 3721 4138 ή
3771 4073 3904 4139 ἁγία

2321 4169 2494 4231 πόλις,
2527 4168 2854 4236 κατευρυνεί
2882 4165 2938 4217 δέ
2970 4164 3115 4217 οὕτω
3151 4165 3250 4232 τὴν
3305 4163 3501 4217 ἐαυτοῦ
3562 4162 3841 4234 βασιλείαν
3877 4167 3904 4214 6

2323 4261 2510 4324 σώζων
2532 4258 2721 4328 αὐτὴν,
2745 4259 2818 4321 ὠς
2855 4258 2984 4327 ὅλης
3011 4256 3278 4328 κατάρξαι
3305 4257 3402 4328 τῆς
3454 4255 3736 4318 Ἰουδαίας,
3795 4255 3904 4307 ἀπὸ

2322 4353 2598 4420 θαλάσσης
2635 4350 2740 4410 ἓως
2771 4348 3053 4417 ποταμῶν.
3090 4343 3260 4402 Abeat
3303 4349 3410 4419 γάρ
3449 4350 3586 4400 εἰσιν
3615 4347 3670 4398 αἰ
3696 4345 3905 4399 διεκϐο-

2322 4445 2411 4503 λαί
2435 4445 2535 4513 τῆς
2575 4442 2699 4512 γῆς,
2731 4441 2978 4493 τουτέστι
3032 4440 3100 4494 τὰ
3149 4441 3382 4512 πέρατα.
3442 4439 3649 4492 Ψάλλει
3692 4437 3750 4489 δέ
3800 4454 3902 4490 που

2324 4537 2419 4589 καὶ
2439 4537 2466 4588 6
2497 4533 2783 4596 θεσπέσιος
2817 4531 3004 4597 Δαὸὶδ,
3043 4533 3119 4596 ὡς
3167 4535 3294 4604 περὶ
3323 4533 3569 4603 ἀμπέλου
3600 4531 3770 4598 λέγων
3802 4529 3904 4597 τῆς

2337 4624 2603 4678 Ἰουδαίων
2650 4622 3000 4692 Συναγωγῆς·
3048 4642 3066 4672 ι
3110 4623 3366 4689 Ἐξέτεινε
3407 4621 3476 4673 τά
3524 4619 3776 4689 κλήματα
3802 4618 3903 4669 αὑ·

2323 4719 2422 4787 τῆς
2470 4716 2574 4778 ἕως
2597 4714 2891 4785 θαλάσσης,
2935 4715 3029 4767 καὶ
3083 4713 3187 4777 ἕως
3254 4712 3515 4782 ποταμῶν
3572 4710 3672 4772 τὰς
3726 4725 3904 4777 παρα-

2327 4807 2536 4875 φυάδας
2564 4805 2754 4876 αὐτῆς.
2788 4826 2806 4858 ι
2834 4805 3236 4876 Τερματίζεται
3289 4803 3400 4875 γὰρ
3429 4805 3462 4873 ἡ
3492 4802 3603 4856 τῶν
3638 4800 3905 4854 Ἰουδαίων

647 4894 721 4948 tio
771 4904 826 4946 ut
861 4894 928 4947 ab
989 4892 1235 4963 exemplo
1309 4896 1622 4964 particulari
1675 4898 1742 4951 ad
1801 4897 2113 4953 universum
2171 4911 2211 4954 el

2329 4898 2575 4971 θαλάσσῃ
2600 4913 2682 4960 τε,
2713 4898 2809 4950 καὶ
2833 4897 2988 4968 χώρᾳ
3035 4899 3099 4965 τῇ
3129 4895 3265 4965 πρὸς
3297 4895 3468 4957 νότον,
3531 4894 3626 4946 καί
3671 4890 3860 4962 Ἰνδικῇ
3889 4934 3905 4954 ,

645 4982 1134 5051 generalissimum.
1177 4981 1290 5037 Non
1321 4985 1463 5038 enim
1505 4986 1556 5038 in
1601 4984 1786 5039 Judma
1825 4985 1962 5050 sola,
2004 4987 2099 5040 sed
2167 4987 2211 5041 in

2329 4988 2425 5042 καὶ
2447 4989 2514 5058 τῇ
2537 4985 2842 5057 καλουμένῃ
2869 4986 3026 5056 Μέσῃ
3064 4985 3172 5037 τῶν
3226 4985 3508 5056 ποταμῶν.
3554 4984 3695 5036 Ἀλλ’
3721 4983 3818 5035 οὐκ
3851 4984 3909 5033 ὲν

649 5083 764 5126 toto
791 5074 922 5126 orbe
953 5073 1215 5140 regnabit,
1257 5084 1315 5129 et
1339 5091 1368 5128 a
1400 5073 1599 5129 ﬁnibus
1650 5075 1716 5128 ad
1782 5074 1915 5129 lines
1981 5084 2211 5145 potestas

2329 5078 2542 5142 τούτοις
2568 5079 2678 5140 τοῖς
2699 5079 2844 5148 ὅροις
2868 5079 2902 5146 ἡ
2929 5075 3165 5148 Χριστοῦ
3201 5076 3464 5146 βασιλεία,
3499 5072 3698 5128 πολλοῦ
3725 5089 3787 5142 γε
3813 5075 3909 5126 καὶ

646 5162 763 5229 ejus
787 5174 1078 5232 propagata
1101 5173 1204 5220 est.

2332 5170 2432 5223 δεῖ.
2463 5170 2662 5240 Ἔρπει
2693 5169 2750 5221 δὲ
2778 5170 2806 5222 ό
2834 5168 2992 5236 λόγος
3019 5167 3097 5231 ὡς
3123 5169 3186 5222 ἐκ
3215 5167 3443 5238 μερικοῦ
3467 5166 3909 5238 παραδείγματος

647 5257 740 5311 ἐπὶ
777 5259 836 5310 τὸ
867 5240 1116 5322 καθόλου,
1156 5258 1252 5311 καὶ
1308 5258 1691 5327 γενικώτατον.
1762 5256 2120 5314 Βεόασίλευκε
2153 5261 2261 5332 γάρ
2299 5263 2360 5319 οὐ
2409 5261 2510 5331 τῆς
2542 5261 2802 5324 Ἰουδαίας
2856 5260 3053 5331 μόνης,
3105 5261 3324 5330 ἁπάσης
3357 5261 3412 5315 δέ
3443 5259 3644 5331 μᾶλλον
3676 5259 3773 5328 τῆς
3815 5257 3908 5312 ὑπ’

647 5349 895 5420 οὐρανὸν,
931 5351 1028 5404 καὶ
1047 5349 1157 5402 ἀπὸ
1203 5347 1458 5422 περάτων
1497 5350 1579 5410 εἰς
1612 5347 1826 5417 πέρατα
1851 5347 1921 5399 τὰ
1947 5349 2044 5420 τῆς
2076 5349 2322 5416 ἐξουσίας
2348 5350 2512 5409 αὐτοῦ
2537 5349 2949 5422 κατευρύνεται.

726 5441 881 5495 Vsus.
915 5442 1000 5508 Η,
1037 5443 1126 5497 12.
1158 5441 1228 5495 Ει
1267 5421 1320 5496 εὖ
1360 5445 1413 5496 in
1449 5443 1715 5512 sanguine
1757 5446 2054 5498 testamenti
2099 5448 2211 5499 emi-

2402 5445 2512 5499 Καὶ
2574 5443 2662 5497 σὺ
2712 5421 2790 5498 ίέν
2859 5445 3058 5513 uittam
3128 5441 3418 5509 διαθήκης
3475 5440 3907 5507 ἐξαπέστειλας

650 5532 769 5586 sisti
821 5535 1024 5586 vinctos.
1070 5541 1186 5584 tuos
1244 5533 1309 5585 de
1374 5531 1491 5586 lucu
1577 5547 1682 5584 non
1728 5531 1948 5587 habente
2010 5551 2211 5604 aquam,

2335 5537 2622 5606 δεσμίους
2667 5551 2806 5600 σου,
2859 5534 2929 5586 ἐκ
2986 5531 3218 5587 λάκκου
3281 5535 3392 5586 οὐκ
3437 5533 3687 5602 ἔχοντος
3732 5530 3902 5598 ὕδωρ.

652 5623 905 5679 Sedebit-is
971 5625 1026 5678 in
1071 5622 1360 5683 munitione
1433 5622 1588 5676 uincti
1666 5627 2124 5697 congregationis,
2180 5644 2211 5681 ei

2338 5627 2690 5696 Καθήσεσθε
2721 5626 2790 5678 ἐν
2827 5623 3167 5706 ὀχυρώμασι
3220 5623 3450 5693 δέσμιοι
3505 5621 3617 5689 τῆς
3641 5635 3906 5700 συνατυ-

726 5805 769 5835 ’⁶
804 5800 1002 5871 Ephes.
1035 5814 1109 5867 vt,
1144 5800 1228 5855 i2.
1301 5800 1345 5836 ⁸⁷
1379 5798 1516 5856 Psal.
1552 5816 1665 5869 nx,
1700 5803 1751 5858 8.

1831 5803 1876 5835 ³⁸
1909 5802 2097 5858 Matth.
2125 5816 2236 5870 xxi,
2291 5801 2319 5857 1
2346 5816 2495 5874 seqq.
2600 5803 2645 5832 "-’
2674 5799 2814 5856 Psal.
2863 5815 3046 5866 Lxxtx,
3079 5799 3165 5854 1’2.
