4120 6552
224 452 342 517 'N9

1046 448 1597 509 COMMENTARIUS
1635 448 1701 505 IN
1744 445 2144 505 ZACHARlAM
2182 443 2634 501 PROPHETAM.

3380 442 3482 497 130

160 598 177 622 ~.
234 569 388 642 τῆς,
432 571 532 625 καί
580 572 713 628 ἀντὶ
766 572 906 642 μιᾶς
974 572 1198 643 ἡμέρας
1242 573 1630 641 παροικεσίας
1694 586 1811 624 σου

1921 584 2156 655 pra’uua
2186 567 2271 621 die
2324 564 2759 625 verearinatt'onis
2821 571 2928 618 ιιιω
2973 561 3206 618 duplicia
3272 561 3487 617 reddam

234 660 423 716 διπλᾶ
470 661 871 716 ἀνταποδώσω
920 677 1041 716 σοι.

306 752 433 807 ΝΘ’.
465 752 719 805 Μέτεισιν
756 756 784 806 6
818 753 987 821 λόγος
1024 754 1109 805 ἐπ’
1151 753 1313 807 αὑτὸν
1370 753 1469 823 ήδη
1514 751 1723 806 δίκαιον
1751 766 1810 802 τε

238 845 329 896 καὶ
373 841 613 905 σώζοντα
643 842 888 911 βασιλέα,
926 843 1018 897 καὶ
1052 842 1151 910 μέν
1180 859 1260 897 τοι
1298 843 1393 895 καὶ
1416 843 1619 911 πρᾶον,
1653 855 1809 892 τουτ-

233 933 350 985 έστι
388 926 641 1001 Χριστὸν,
677 935 771 988 καὶ
812 935 881 989 τὰ
931 933 1191 1006 λαμπρά,
1240 935 1334 987 καί
1379 932 1682 1000 ἀξιάγαστα
1712 930 1813 999 τῆς

232 1024 530 1094 ἐπιδημίας
556 1024 721 1078 αὑτοῦ
757 1024 1159 1096 κατορθώματα
1199 1024 1526 1094 καθίστησιν
1578 1020 1807 1093 ἐναργῆ.

237 1138 259 1171 ι
303 1121 591 1175 Κεκένωκε
628 1121 737 1191 γὰρ
770 1122 960 1176 ἑαυτὸν
995 1140 1013 1172 ι
1062 1120 1225 1183 ἑκὼν,
1278 1119 1569 1189 γενόμενος
1596 1116 1811 1187 ἀνθρω-

230 1229 357 1280 πος,
393 1214 421 1266 6
457 1213 750 1285 μονογενὴς
802 1213 895 1266 τοῦ
944 1212 1080 1266 Θεοῦ
1120 1213 1313 1281 Λόγος.
1369 1230 1387 1263 ι
1432 1210 1729 1279 ’Υπέμεινε
1751 1206 1810 1260 δὲ

230 1302 330 1355 καὶ
364 1302 617 1373 σταυρὸν,
648 1303 910 1374 αἰσχύνης
939 1304 1383 1375 καταφρονήσας,
1419 1322 1439 1357 ι
1470 1301 1564 1356 καλ⁸
1595 1298 1811 1353 τέθεικε

227 1394 329 1466 τὴν
364 1396 560 1449 ἑαυτοῦ
581 1395 782 1466 ψυχὴν,
808 1396 907 1465 τῆς
948 1397 1201 1451 ἁπάντων
1232 1395 1379 1466 ζωῆς
1416 1394 1769 1464 ἀντάλλαγμα
1793 1430 1809 1456 ,

226 1486 619 1556 κατεκτήσατο
637 1486 714 1557 τῷ
736 1486 857 1557 Θεῷ
882 1487 977 1540 καὶ
1001 1488 1178 1558 Πατρὶ
1219 1487 1320 1558 τὴν
1352 1488 1443 1540 ὑπ’
1471 1484 1702 1556 οὐρανὸν
1753 1483 1813 1533 ἐν

227 1579 428 1648 αἵματι
480 1578 745 1650 διαθήκης
774 1581 1013 1646 αἰωνίου,
1040 1577 1107 1653 ἦς
1156 1576 1224 1651 ἦν
1265 1580 1435 1643 τύπος
1486 1578 1548 1631 τὸ
1592 1577 1679 1631 διὰ
1715 1573 1809 1627 τοῦ

227 1670 518 1736 πανσόφου
573 1670 815 1733 Μωσέως
867 1674 981 1734 τοῖς
1039 1670 1416 1741 ἀρχαιοτέροις
1454 1666 1806 1739 ὲπιρῤανθέν.

231 1779 250 1810 ι
279 1757 478 1812 Λαϐὼν
509 1760 650 1830 γὰρ,
706 1761 869 1831 φησι,
930 1762 1135 1832 Μωσῆς
1184 1762 1246 1814 τὸ
1306 1756 1446 1831 αἷμα
1492 1759 1623 1813 αὐτό
1657 1774 1715 1809 τε
1751 1756 1812 1809 τὸ

227 1849 460 1920 βιϐλίον,
486 1852 580 1903 καὶ
608 1851 782 1905 πάντα
812 1852 903 1906 τὸν
935 1852 1061 1905 λαὸν
1092 1852 1399 1924 tegemus,
1426 1851 1621 1920 λέγων·
1639 1847 1813 1901 Τοῦτο

1916 660 2033 714 tibi.

1984 749 2369 804 LlX.Transit
2398 763 2542 805 nunc
2571 748 2745 804 oratio
2790 746 2856 802 ad
2912 745 3084 814 ipsum
3152 743 3375 813 justum,
3437 752 3489 795 et

1914 842 2271 908 Salvatorem,
2309 852 2471 911 atque
2491 843 2655 897 etiam
2682 848 3020 895 mansuetum
3055 850 3257 906 regem,
3303 834 3359 889 id
3407 843 3489 888 est

1913 934 2212 1001 Christum,
2240 942 2295 988 et
2350 932 2583 987 illustria
2637 941 2800 1001 atque
2853 926 3171 984 admiranda
3228 924 3488 977 adventus

1912 1028 2028 1095 ejus
2045 1041 2207 1096 opera
2226 1025 2519 1081 declarata
2549 1021 2865 1079 Exinanivit
2891 1019 3035 1075 enim
3058 1015 3430 1085 semetipsum‘
3466 1031 3484 1063 ι

1913 1116 2117 1182 libens,
2183 1116 2345 1171 homo
2403 1115 2607 1172 factum
2654 1111 2997 1183 unigenitum
3067 1107 3161 1162 Dei
3229 1105 3484 1159 Verbum.

1920 1226 1938 1259 ι
1965 1206 2234 1263 Sustinuit
2266 1221 2506 1272 crucem,
2537 1198 2856 1261 confusione
2880 1207 3184 1268 contempta
3213 1198 3232 1227 ²
3262 1214 3280 1248 ι
3311 1201 3365 1249 et
3391 1207 3492 1263 pro

1913 1302 2154 1356 omnium
2182 1300 2290 1354 vita
2350 1299 2584 1354 animam
2642 1312 2793 1353 suam
2855 1291 3231 1354 commutavit,
3274 1288 3383 1343 Deo
3438 1296 3494 1341 et

1914 1393 2060 1448 Patri
2101 1393 2354 1446 mundum
2396 1392 2449 1446 in
2492 1390 2755 1461 sanguine
2807 1384 3117 1444 testamenti
3165 1382 3353 1437 aeterni
3403 1395 3495 1433 ac-

1912 1486 2154 1554 quisivit,
2184 1484 2337 1554 cujus
2364 1495 2521 1557 typus
2553 1484 2651 1538 fuit
2688 1481 2907 1555 sanguis
2939 1494 3036 1549 per
3065 1475 3249 1533 Mosen
3274 1475 3492 1542 sapien-

1912 1576 2179 1631 tissimum
2211 1577 2483 1632 veteribus
2534 1588 2808 1643 aspersus.
2846 1570 3023 1641 inquit
3069 1568 3252 1623 enim:
3282 1584 3300 1617 ι
3328 1565 3497 1619 Acce-

1911 1674 2004 1737 pto
2025 1665 2203 1720 Moses
2227 1667 2491 1735 sanguine
2531 1676 2587 1719 et
2611 1664 2749 1719 libro
2800 1663 2939 1731 ipso,
2993 1660 3228 1730 aspersit
3277 1668 3495 1711 omnem

1912 1756 2189 1826 populum,
2217 1756 2403 1811 dicens
2432 1772 2444 1808 :
2507 1755 2607 1810 llic
2640 1764 2724 1810 est
2750 1754 2970 1822 sanguis
2999 1748 3331 1811 testamenti,
3355 1744 3495 1817 quod

1912 1848 2268 1917 disposuitad
2299 1863 2396 1904 vos
2431 1848 2572 1902 Deus
2595 1848 2669 1901 ³.»
2708 1845 2813 1901 Sed
2844 1845 2934 1899 illa
2982 1844 3200 1913 quidem
3258 1840 3389 1911 typi,
3444 1846 3499 1891 et

223 1918 287 1994 τὺ
314 1934 461 2010 αἷμα
494 1944 592 2011 τῆς
619 1939 885 2013 διαθήκης
907 1937 974 2015 ἦς
995 1918 1198 1996 διέθετο
1218 1944 1352 2012 πρὸς
1384 1918 1526 2013 ὑμᾶς
1548 1945 1577 1996 6
1602 1941 1755 2003 Θεός.
1786 1957 1806 1992 t

1921 1940 2162 1994 veritatis
2198 1940 2544 1995 simulacrum
2573 1940 2794 1994 fuerunt
2824 1954 2839 1992 :
2876 1936 3138 1992 successit
3169 1936 3281 2004 ipsa
3353 1927 3497 1984 veri-

239 2030 383 2083 Ἀλλ’
406 2031 590 2086 ἐκεῖνα
614 2032 711 2101 μὲν
732 2033 892 2085 τύποι
914 2073 928 2098 ,
968 2035 1060 2087 καὶ
1093 2033 1192 2103 τῆς
1246 2032 1505 2103 ἀληθείας
1529 2034 1811 2104 μόρφωσις

226 2114 317 2188 ἦν.
353 2120 500 2190 Αὐτὴ
526 2120 593 2185 δὲ,
631 2120 817 2175 λοιπὸν
855 2125 887 2192 ή
939 2121 1163 2192 ἀλήθεια
1210 2123 1479 2191 Χριστὸς,
1532 2121 1560 2173 6
1604 2120 1812 2181 πάντας

228 2212 383 2281 ἡμᾶς
409 2211 682 2281 ἀγοράσας
712 2213 770 2265 ὲν
802 2213 995 2282 αἵματι
1035 2213 1320 2283 διαθήκης.
1382 2231 1400 2264 ι
1442 2210 1810 2281 Ἐκλελυτρώ-

236 2302 383 2372 μεθα
405 2302 535 2373 γὰρ,
566 2303 642 2366 ὡς
688 2307 718 2357 6
746 2304 913 2358 αὑτοῦ
961 2322 1093 2374 φησι
1130 2304 1398 2375 μαθητὴς,
1448 2304 1509 2356 οὐ
1553 2303 1813 2372 φθαρτοῖς

231 2391 487 2463 ἀργυρίῳ
534 2393 566 2464 ἢ
631 2394 862 2464 χρυσίῳ,
925 2395 1058 2448 ἀλλὰ
1106 2395 1273 2465 τιμίῳ
1304 2394 1497 2464 αἵματι
1536 2392 1612 2455 ώς
1641 2390 1815 2462 ἀμνοῦ

230 2483 494 2553 ἀμώμου,
534 2486 645 2537 καὶ-
673 2486 902 2539 ἀσπίλου
946 2486 1203 2556 Χριστοῦ.
1248 2506 1264 2535 ι
1299 2487 1369 2539 Σὺ
1398 2486 1598 2548 τοίνυν,
1626 2484 1812 2553 φησιν,

196 2568 277 2626 ,ὦ
313 2572 624 2626 δικαιότατε
668 2576 763 2627 καὶ
801 2576 1072 2644 πραότατε
1108 2573 1351 2644 βασιλεῦ,
1378 2576 1436 2627 ὲν
1464 2572 1659 2642 αἵματι
1706 2571 1817 2624 δια-

232 2664 413 2734 θήκης
441 2664 566 2727 τοὺς
587 2665 714 2727 σοὺς
742 2665 1045 2732 γεγονότας
1074 2666 1329 2735 δεσμίους
1354 2664 1673 2733 (τουτέστιν
1720 2663 1814 2725 οὓς

230 2757 455 2826 δεσμοῖς
477 2754 694 2825 ἀγάπης
730 2755 1124 2825 κατέσφιγξας,
1150 2757 1257 2810 καὶ.
1273 2759 1394 2820 ταῖς
1415 2758 1536 2820 σαῖς
1561 2754 1815 2823 ζεύγλαις

235 2848 580 2914 ὑπενεγκεῖν,
616 2847 709 2903 καὶ
742 2849 1042 2919 καταδῆσαι
1077 2848 1265 2917 σαφῶς
1312 2849 1411 2919 τὴν
1450 2850 1551 2917 τῆς
1578 2847 1815 2911 διανοίας

235 2939 511 3002 πέπεικας
543 2939 778 3011 αὐχένα)
803 2939 1210 3006 ἐξαπέστειλας,
1236 2941 1509 2995 τουτέστιν
1561 2938 1813 3008 ἐξεκόμι-

238 3046 358 3093 σας,
412 3032 583 3101 ἥγουν
630 3032 921 3102 ἐξήγαγες,
961 3033 992 3100 ἢ
1053 3032 1264 3102 ἀνῆκας
1327 3052 1344 3084 ι
1375 3034 1439 3086 ὲκ
1472 3032 1676 3087 λάκκου
1716 3032 1816 3083 οὐκ

236 3120 458 3191 ἔχοντος
489 3122 653 3193 ὕδωρ.
692 3142 709 3174 ι
744 3123 1037 3192 Σημαίνειν
1062 3122 1119 3176 δὲ
1156 3123 1245 3177 διὰ
1269 3124 1454 3178 τούτου
1502 3122 1682 3194 φαμὲν
1716 3123 1815 3175 at!»

234 3214 328 3268 τὸν
358 3213 391 3283 ἢ
422 3214 513 3267 τδν
533 3213 684 3284 ᾅδην,
711 3213 801 3266 τὸν
824 3214 922 3267 οὐκ
944 3214 1138 3285 ἔχοντα
1165 3215 1330 3287 ζωὴν,
1357 3215 1688 3286 ὲκδεξόμεθα
1708 3214 1815 3285 γὰρ
1848 3260 1891 3317 C

238 3306 318 3367 εἰς
344 3303 517 3357 τύπον
547 3304 694 3374 ζωῆς
710 3304 769 3358 τὸ
789 3304 1132 3376 ὖδωρ,ήγουν
1157 3306 1289 3377 ᾅδην
1326 3304 1816 3374 καταλογιούμεθα,

240 3395 336 3449 καὶ
371 3395 517 3465 μάλα
549 3396 744 3467 ὀρθῶς,
791 3395 888 3466 τὴν
923 3397 1014 3450 ἐπί
1034 3414 1098 3466 γε
1128 3401 1238 3461 τοῖς
1277 3398 1645 3467 ψευδωνύμοις
1678 3397 1821 3459 θεοῖς

240 3486 485 3557 ἀπάτην.
518 3486 719 3557 Βόθρος
753 3488 860 3557 γάρ
893 3487 1109 3556 ἀληθῶς
1147 3488 1206 3541 τὸ
1230 3488 1418 3558 χρῆμά
1447 3489 1617 3551 ἐστιν,
1650 3488 1731 3548 εἰς
1763 3485 1822 3538 ὃν

241 3576 402 3647 εἰπερ
428 3594 511 3639 τις
542 3576 679 3639 ὅλως
704 3576 1104 3645 κατολισθήσει,
1143 3578 1287 3646 ζωῆς
1312 3577 1599 3646 ἀμοιρήσει
1621 3575 1719 3645 τῆς
1744 3576 1821 3636 εἰς

240 3671 415 3723 αἰῶνα
436 3668 529 3721 τὸν
556 3668 836 3737 μέλλοντα.
875 3668 999 3720 Ὅτι
1022 3667 1077 3720 δὲ
1106 3668 1381 3721 κεκένωκε
1410 3668 1499 3721 τὸν
1527 3667 1660 3739 ᾅδην
1682 3668 1822 3719 ἀπο-

242 3757 423 3812 θανὼν
452 3759 483 3810 6
508 3759 759 3830 Χριστὸς,
787 3758 879 3811 καὶ
902 3758 1069 3828 ἀνῆκε
1091 3762 1201 3822 τοῖς
1221 3762 1277 3812 ὲν
1306 3760 1519 3829 φυλακῇ
1550 3758 1823 3827 πνεύμασι

241 3848 342 3911 τὰς
373 3848 525 3903 κάτω
558 3849 755 3914 πύλας,
789 3850 951 3903 παντί
982 3866 1084 3903 που
1116 3850 1304 3917 σαφές.
1330 3850 1473 3918 Ἔφη
1500 3850 1555 3901 δέ
1584 3867 1683 3903 που
1729 3851 1823 3903 καὶ

239 3940 269 3997 ὁ
300 3940 410 3993 τῶν
433 3939 572 3993 ὅλων
619 3939 751 4003 Θεὸς
798 3939 885 3993 διὰ
942 3940 1128 4009 φωνῆς
1166 3941 1426 4011 Ἱερεμίου
1462 3941 1720 4013 περὶτῶν
1765 3940 1824 4003 ἐξ

201 4030 203 4033 ’
255 4030 493 4103 Ἰσραὴλ,
523 4030 989 4083 καταλελειπότων
1025 4030 1124 4101 μὲν
1150 4032 1335 4096 αὑτὸν,
1367 4031 1725 4102 τραπομένων
1766 4030 1824 4083 δὲ

246 4120 541 4191 φληνάφως
593 4122 671 4182 εἰς
716 4119 932 4188 ἀπάτην
980 4120 1339 4191 εἰδωλομανῆο
1369 4139 1388 4171 ι
1419 4120 1643 4191 Ἐξέστη
1674 4122 1701 4173 6
1733 4121 1824 4173 06-

251 4213 408 4286 ρανὸς
438 4214 531 4266 ἐπὶ
560 4212 755 4284 τούτῳ,
788 4214 881 4266 καί⁸
909 4213 1126 4285 ἔφριξεν
1153 4215 1245 4267 ἐπὶ
1273 4213 1456 4267 πλεῖον
1486 4213 1712 4283 σφόδρα,
1745 4212 1825 4265 λέ-

244 4321 329 4374 γει
357 4305 584 4376 Κύριος·
617 4306 697 4359 ὅτι
758 4305 870 4370 δύο,
918 4306 1013 4359 καὶ
1065 4307 1277 4377 πονηρά
1318 4306 1574 4377 ἐποίησεν
1623 4307 1651 4359 ὁ
1700 4305 1826 4367 λαός

249 4410 373 4464 μου.
412 4396 544 4465 Ἐμὲ
574 4394 929 4462 ἐγκατέλιπον
978 4395 1161 4466 πηγὴν
1211 4394 1403 4458 ὓδατος
1460 4396 1680 4459 ζῶντος,
1734 4396 1827 4448 καὶ

247 4483 458 4554 ὤρυξαν
487 4487 701 4548 ἑαυτοῖς
747 4485 983 4549 λάκκους
1029 4488 1543 4557 συντετριμμένους,
1566 4490 1615 4541 οἶ
1644 4488 1704 4540 οὐ
1735 4488 1826 4540 δυ-

1919 2024 2002 2087 tas
2031 2032 2307 2097 Christus,
2331 2033 2422 2101 qui
2454 2045 2650 2085 omnes
2681 2044 2780 2085 nos
2807 2031 2865 2084 in
2890 2026 3158 2099 sanguine
3190 2024 3497 2080 testamenti

1918 2129 2187 2177 mercatus
2218 2131 2353 2177 est.t
2380 2121 2661 2191 Redempti
2688 2120 2833 2177 enim
2862 2131 3052 2175 sumus
3086 2130 3192 2170 non
3224 2112 3497 2180 corrupti-

1919 2210 2118 2265 bilibus
2161 2225 2291 2265 auro
2313 2211 2397 2267 vel
2424 2223 2665 2283 argento,
2698 2222 2759 2267 ιιι
2785 2210 3083 2281 discipulus
3114 2208 3357 2277 ejusdem
3384 2204 3497 2267 ait,

1919 2300 2015 2356 sed
2046 2303 2284 2368 pretioso
2314 2303 2581 2373 sanguine
2623 2312 2881 2372 tanquam
2940 2301 3063 2371 agni
3124 2295 3458 2353 immaculati
3483 2333 3498 2357 ,

1920 2404 1974 2447 et
2008 2393 2410 2448 incontaminati
2441 2393 2640 2448 Christi
2666 2393 2738 2448 δ..
2772 2392 2853 2447 Tu
2885 2392 3068 2461 igitur,
3095 2385 3290 2460 inquit,
3311 2386 3500 2454 justis-

1921 2485 2059 2540 sime
2087 2495 2141 2540 et
2183 2485 2616 2542 mansuetissime
2646 2499 2763 2553 rex,
2800 2485 2854 2540 in
2896 2482 3158 2554 sanguine
3192 2477 3501 2536 testamenti

1922 2576 2133 2631 vinctos
2171 2586 2294 2632 tuos
2325 2578 2345 2644 (
2379 2579 2479 2633 hoc
2508 2587 2610 2642 est,
2646 2564 2782 2646 quos
2816 2576 3042 2631 vinculis
3064 2572 3347 2630 charitatis
3371 2584 3500 2625 con-

1921 2667 2208 2732 strinxisti,
2246 2668 2561 2738 quibusque
2596 2667 2934 2737 persuasisti,
2964 2666 3040 2721 uti
3074 2664 3274 2719 mentis
3324 2661 3501 2716 cervi-

1920 2771 2035 2810 cem
2073 2757 2207 2827 jugo
2239 2767 2333 2814 tuo
2377 2760 2781 2825 submitterent,
2828 2768 2886 2812 et
2944 2756 3121 2827 palam
3184 2754 3496 2823 illigarent)

1920 2846 2169 2913 emisisti,
2207 2849 2311 2903 hoc
2357 2858 2441 2904 est
2473 2850 2739 2914 extulisti,
2771 2851 2886 2904 sive
2916 2847 3174 2911 eduxisti.
3204 2847 3320 2900 sive
3345 2844 3503 2898 dimi-

1922 2936 2035 2991 sisti
2070 2956 2088 2989 ι
2124 2953 2188 2992 ex
2217 2939 2338 2993 lacu
2375 2955 2483 2995 non
2518 2941 2753 2996 habente
2780 2953 3030 3009 aquam.»
3066 2937 3274 3005 Quibus
3323 2933 3504 2990 verbis

1921 3035 2013 3081 aut
2046 3028 2337 3095 infernum,
2366 3030 2456 3085 ubi
2484 3045 2590 3084 non
2624 3040 2708 3085 est
2740 3030 2868 3096 vita,
2896 3025 3193 3095 signiﬁcari
3228 3024 3457 3078 dicimus
3485 3039 3502 3086 ;

1922 3136 2114 3193 aquam
2153 3120 2294 3176 enim
2323 3135 2418 3190 pro
2442 3122 2685 3192 symbolo
2717 3121 2840 3175 vita:
2866 3120 3196 3189 accipiamus
3220 3117 3369 3179 licet;
3414 3123 3505 3167 aut

1925 3222 2071 3269 certe
2102 3211 2371 3267 infernqu
2394 3212 2909 3267 convenientissime
2971 3210 3230 3265 falsorum
3276 3209 3504 3263 deorum

1925 3304 2193 3358 fallaciam
2223 3302 2893 3373 interpretabimur.739
2915 3300 3054 3358 Vere
3068 3301 3211 3356 enim
3230 3299 3383 3355 fovea
3398 3307 3504 3361 est,

1924 3395 1975 3449 in
2015 3410 2175 3465 quam
2206 3396 2250 3449 si
2285 3396 2405 3465 quis
2433 3394 2645 3463 penitus
2687 3393 2967 3458 deciderit,
3026 3392 3134 3446 vita
3197 3389 3378 3446 futura
3437 3402 3500 3443 ac

1924 3486 2255 3551 sempiterna
2324 3486 2552 3543 carebit.
2623 3483 2926 3539 Evacuasse
2998 3494 3176 3538 autem
3231 3481 3503 3537 infernum

1924 3577 2198 3631 Christum
2229 3585 2521 3643 mortuum,
2554 3584 2608 3630 et
2636 3575 2914 3643 spiritibus
2951 3575 3001 3630 in
3037 3573 3281 3630 custodia
3313 3575 3501 3628 deten-

1924 3669 1995 3724 tis
2058 3669 2338 3738 aperuisse
2372 3678 2555 3737 portas
2586 3668 2810 3731 inferas,
2842 3668 3113 3722 neminem
3138 3667 3290 3722 latet.
3323 3666 3503 3734 inquit

1925 3770 1979 3814 et
2005 3759 2198 3815 alicubi
2225 3759 2598 3814 universorum
2627 3760 2768 3814 Deus
2798 3775 2893 3829 per
2907 3758 3201 3814 Jeremiatn
3225 3760 3292 3814 de
3327 3757 3502 3814 Israe-

1928 3851 2035 3906 litis
2063 3850 2433 3907 desertoribus
2469 3852 2609 3918 suis,
2632 3860 2689 3906 et
2719 3854 2785 3905 ad
2818 3851 3084 3907 fallaciam
3139 3851 3314 3907 insani
3367 3850 3504 3907 deuo

1927 3954 2044 3994 rum
2082 3940 2261 3995 cultus
2288 3939 2452 3995 stulte
2515 3941 2793 3997 conversis
2840 3957 2853 3993 :
2893 3959 2911 3992 ι
2974 3941 3265 4011 Obstupuit
3306 3940 3502 3995 cretum

1926 4045 2090 4101 super
2118 4032 2241 4097 hoc,
2278 4040 2334 4086 et
2363 4031 2635 4086 inhorruit
2664 4031 2952 4101 plurimum
2980 4033 3349 4099 vehementer,
3372 4032 3504 4085 dicit

1928 4124 2186 4179 Dominus
2222 4124 2390 4191 :quia
2429 4123 2535 4177 duo
2568 4123 2704 4177 mala
2738 4122 2869 4177 fecit
2922 4124 3147 4192 populus
3199 4137 3368 4178 meus.
3422 4122 3505 4179 Me

1927 4216 2331 4285 dereliqueruut
2388 4217 2591 4272 fontem
2642 4231 2796 4284 aqua:
2840 4216 3089 4284 viventis,
3126 4225 3181 4271 et
3254 4215 3505 4271 foderunt

1927 4310 2026 4363 sibi
2062 4311 2209 4363 lucus
2242 4309 2525 4373 contritos,
2560 4310 2650 4377 qui
2677 4322 2781 4363 non
2823 4316 3075 4376 poterunt
3130 4322 3322 4377 aquam
3375 4322 3506 4363 cou-

1929 4401 2105 4453 tinere
2139 4399 2182 4455 ⁸.
2215 4418 2233 4451 ›
2264 4397 2724 4465 Quemadmodum
2764 4398 2907 4453 enim
2944 4397 3064 4452 fons
3094 4399 3237 4461 vitae,
3268 4406 3323 4452 et
3382 4396 3503 4452 fons

1928 4486 2207 4542 viviﬁcaris
2240 4496 2323 4542 est
2353 4495 2496 4542 recta
2542 4496 2595 4541 et
2622 4488 2822 4544 erroris
2865 4502 3057 4556 expers
3096 4488 3188 4543 Dei
3214 4488 3451 4558 cognitio
3484 4506 3497 4542 :

247 4580 497 4646 νήσονται
548 4577 691 4648 ὕδωρ
734 4579 996 4648 συνέχειν.
1033 4597 1051 4630 ι
1085 4579 1294 4649 ’Ὠσπερ
1337 4580 1444 4648 γάρ
1502 4581 1615 4632 ἐστι
1674 4578 1824 4650 πηγὴ

1930 4578 2001 4630 ita
2038 4578 2184 4633 velut
2212 4578 2361 4635 lacus
2384 4579 2652 4649 iuaquosi,
2677 4589 2731 4634 et
2763 4581 2982 4634 contriti
3049 4580 3370 4635 idololatria:
3417 4582 3502 4635 lu-

249 4667 409 4739 ζωῆς,
447 4672 544 4724 καὶ
600 4670 750 4741 πηγὴ
785 4668 1048 4735 ζωοπυιὸς
1083 4672 1116 4740 ή
1161 4673 1294 4742 ὀρθή
1329 4689 1387 4724 τε
1435 4672 1525 4724 καὶ
1574 4670 1821 4740 ἀπλανὴς

1930 4670 2104 4735 dicra,
2135 4679 2188 4725 et
2221 4671 2594 4726 aberrationes
2632 4672 2699 4725 ab
2729 4673 3097 4741 ἰρεαμοεειιιιι
3121 4672 3367 4743 intelligi.
3396 4672 3503 4727 De-

250 4761 377 4832 περί
403 4761 538 4815 Θεοῦ
568 4761 786 4830 γνῶσις·
820 4760 991 4825 οὕτως
1020 4761 1258 4834 ἄνυδροι,
1320 4763 1409 4815 καὶ
1440 4760 1602 4814 οἰονεὶ
1630 4760 1822 4815 λάκκοι

1931 4763 2055 4818 inde
2092 4764 2236 4832 ipsos
2273 4762 2482 4818 vinctos
2504 4762 2856 4834 compellans,
2879 4764 2942 4819 ad
2972 4779 3118 4833 spem
3153 4766 3346 4819 bonam
3408 4780 3504 4821 eos

252 4855 702 4925 συντετριμμένοι
758 4852 998 4924 νοηθεῖεν
1049 4854 1116 4907 ἂν
1168 4854 1236 4906 τὰ
1263 4854 1363 4922 τῆς
1406 4853 1824 4925 εἰδωλολατρίας

1930 4856 2126 4925 erigit:
2162 4874 2180 4907 ι
2222 4854 2488 4910 Sedebitis
2515 4855 2567 4909 in
2602 4856 2903 4910 munitione
2931 4857 3096 4911 vincti
3128 4860 3501 4927 congregatio—

250 4941 556 5016 ἀθύρματα,
612 4945 706 4998 καὶ
740 4947 771 5015 ή
799 4945 926 5015 περὶ
979 4943 1144 4999 αὑτοῦ
1203 4945 1491 5016 πλάνησις.
1522 4940 1660 4999 Εἶτα
1688 4946 1824 5017 πρὸς

1932 4948 2035 5001 uis.
2071 4966 2089 4997 ι
2125 4945 2564 5011 Munitiouent,ut
2599 4943 2727 4998 mihi
2752 4945 2961 4999 videtur
2991 4945 3285 5003 Ecclesium
3318 4946 3501 5018 appel-

250 5036 441 5102 αὐτοὺς
497 5037 806 5107 διαλέγεται
849 5040 973 5102 τοὺς
1036 5037 1310 5106 δεσμίους,
1362 5039 1455 5092 καὶ
1479 5039 1558 5101 εἰς
1604 5037 1827 5101 ἐλπίδας

250 5127 445 5191 αὐτοὺς
478 5128 693 5197 ἀγαθὰς
740 5128 1071 5200 παραθήγει,
1130 5128 1330 5196 λέγων·
1379 5150 1396 5178 ι
1422 5129 1744 5199 Καθήσεσθε
1770 5133 1826 5183 ὲν

251 5217 559 5291 ὀχυρώματι
590 5220 799 5289 δέσμιοι
838 5220 936 5290 τῆς
972 5221 1315 5291 συναγωγῆς.
1372 5242 1390 5273 ι
1424 5224 1533 5275 Καὶ
1562 5222 1824 5293 ὀχύρωμα

257 5307 374 5377 μὲν,
408 5310 663 5378 καθάπερ
689 5305 923 5379 ἐγῷμαι,
953 5311 1051 5380 τὴν
1085 5312 1413 5382 Ἐκκλησίαν
1459 5312 1725 5366 ἀποκαλεῖ
1748 5312 1825 5375 ὡς

253 5404 658 5474 τετειχισμένην
684 5406 740 5456 ὲν
795 5403 1036 5474 Χριστῷ,
1091 5406 1184 5458 καὶ
1218 5406 1530 5476 ἀκλονήτως
1569 5405 1817 5477 ἔχουσαν.

258 5492 494 5563 Κάθησιν
527 5496 584 5548 δέ
635 5511 768 5565 φησι
811 5495 872 5547 τὸ
906 5490 1015 5549 οἷον
1077 5495 1357 5567 ἱδρυμένον
1391 5498 1463 5549 ὲν.
1485 5496 1686 5549 πίστει.
1719 5496 1820 5549 Ρέοο

257 5597 491 5651 γραπται
517 5585 624 5657 γὰρ
655 5586 782 5655 περί
810 5584 965 5639 Θεοῦσ
1003 5606 1020 5637 ι
1048 5586 1170 5637 Ὅτι
1194 5587 1255 5639 σὺ
1296 5587 1602 5657 καθήμενος
1627 5590 1705 5650 εἰς
1729 5587 1820 5641 τὸν

328 5781 592 5860 ‘Philipp.
629 5801 687 5854 ll,
728 5787 758 5840 7
868 5790 887 5819 ¹
943 5783 1107 5841 Hebr.
1146 5799 1251 5853 xtl,
1302 5786 1355 5840 2,

290 5866 473 5918 xxvm,
504 5857 587 5909 10.

1473 5787 1491 5817 ³
1518 5786 1689 5842 Exod.
1728 5800 1874 5855 xxrv,
1935 5788 2007 5857 8.,

1926 5036 2021 5102 lat,
2044 5044 2103 5090 ut
2131 5035 2389 5090 munitam
2417 5035 2469 5088 in
2503 5033 2740 5099 Christo,
2778 5042 2835 5089 et
2862 5035 3261 5093 inconcussam.
3290 5035 3501 5091 Sessio-

1924 5143 2046 5183 nem
2078 5128 2285 5183 dicitin
2316 5128 2423 5182 fide
2474 5128 2765 5197 quamdam
2807 5128 3178 5188 stabilitatem.
3230 5128 3497 5198 Scriptum

1925 5228 2007 5275 cst
2028 5219 2174 5273 enim
2200 5219 2265 5273 de
2296 5219 2405 5274 Deo
2433 5237 2447 5274 :
2473 5238 2491 5271 ι
2531 5219 2796 5287 Quoniam
2818 5228 2870 5274 tu
2897 5222 3174 5277 sedunsin
3202 5221 3392 5276 smnia
3418 5221 3491 5283 ⁸,»

1931 5313 2034 5367 hoc
2063 5321 2147 5365 est
2175 5311 2420 5367 stabilem
2447 5321 2517 5365 ct
2550 5312 2927 5366 inconcussam
2958 5321 3233 5367 .naturam
3272 5311 3494 5366 habens.

1932 5402 2096 5458 Eritis
2130 5403 2291 5473 igitur
2328 5404 2526 5469 securi,
2560 5404 2750 5471 inquit,
2775 5403 3084 5458 firmitatem
3121 5402 3240 5456 ﬁdei
3294 5402 3523 5457 haben»

1933 5505 2085 5560 tes,o
2108 5493 2269 5548 vincti
2301 5492 2734 5564 congregationis
2765 5508 2917 5560 mete,
2949 5508 3067 5561 qua:
3091 5501 3172 5547 est
3197 5493 3249 5547 in
3284 5493 3527 5549 Christo»

1921 5585 2347 5657 jnstiﬁcatortun
2366 5594 2567 5643 sancta.
2590 5582 2893 5642 multitudo.
2929 5582 3044 5639 Non
3072 5594 3246 5640 autem
3298 5587 3498 5640 caritu-

2110 5786 2177 5841 ιι
2238 5787 2379 5843 Petr.
2437 5806 2477 5855 ι,
2524 5787 2606 5853 18.
2719 5785 2969 5843 'Jerem.
3006 5800 3062 5843 tt.
3103 5787 3183 5841 l5.
3305 5785 3505 5849 'Psal.
