4120 6562
594 431 685 485 151
1508 446 1515 453 ’
1576 443 1637 498 S.
1675 444 1955 499 CYIULLI‘
1990 446 2221 501 ALEXA

2278 445 2467 501 DBlle
2497 446 2807 505 ARCHIEP.
3094 438 3097 441 ’
3754 439 3888 492 159.

594 559 708 632 ram
737 548 983 609 mercede
1024 562 1210 611 eorum
1252 553 1304 607 in
1346 556 1601 612 omnibus
1635 560 1797 615 rebus
1822 562 2005 617 arduis
2066 578 2160 629 pa.
2188 568 2221 623 Α

2263 561 2457 628 αίῶνα,
2481 581 2499 613 ι
2521 563 2799 618 τουτέστιν
2853 561 3145 632 ἱδρυμένην
3178 558 3315 629 ἔχων
3336 558 3434 615 καὶ·
3449 555 3888 615 ἀκατᾶαειστον

595 627 837 689 tiet'itiam
875 636 947 692 'et
978 640 1326 697 stabilitatem
1359 644 1411 699 in
1453 646 1742 704 dilectione
1783 651 1909 717 Dei,
1960 627 2164 721 signiti-

2266 627 2448 720 φύσινξ
2486 654 2714 707 Ἕσεσθε
2738 653 2801 724 δὴ
2827 627 2919 706 οὖν
2941 627 2998 704 ὲν
3358 647 3512 718 φησὶ,
3532 648 3596 703 τὸ
3618 645 3891 716 βεὸηκὸς

594 736 701 789 cat,
739 742 861 782 cum
894 728 1171 801 adjungit:
1206 751 1226 785 ι
1249 734 1317 789 Et
1341 750 1441 803 pro
1467 754 1572 793 una
1600 741 1685 795 die
1722 744 2167 811 peregrinationis

2265 743 2480 813 ἔχοντες
2510 746 2590 807 είς
2622 744 2823 808 πίστιν,
2867 737 2919 816 ὦ,
2940 742 3155 811 δέσμιοι
3195 740 3295 809 τῆς
3323 739 3461 808 ἐμῆς
3497 736 3856 804 συναγωγῆς

593 824 699 869 tuae
729 819 962 887 duplicia
988 822 1207 883 reddam
1261 826 1375 881 tibi.
1413 847 1433 880 ι
1467 828 1617 893 Quod
1660 832 1839 888 dicere
1887 834 2026 900 vult,
2062 835 2168 889 tale

2264 830 2372 886 εἷεν
2397 835 2441 887 δ’
2464 833 2530 889 ἂν
2554 830 2702 888 οὗτοι
2723 834 2831 887 τῶν
2866 836 2925 887 ὲν
2956 830 3181 903 Χριστῷ
3200 828 3636 900 δεδικαιωμένων
3664 829 3701 897 ἡ
3725 827 3888 895 ἁγία

593 913 693 963 est.
720 905 995 978 Peregrini
1028 914 1193 980 enim,
1232 924 1286 978 et
1311 917 1531 979 advena:
1562 929 1690 975 sunt
1723 936 1915 983 omnes
1942 924 2117 977 sancti
2147 964 2165 988 ,

2268 920 2494 992 πληθύς.
2538 922 2665 975 Ὅτι
2710 921 2768 975 δὲ
2819 919 3180 990 οὐκάμισθον
3218 917 3401 985 έχουσι
3426 916 3525 987 τὴν
3562 917 3647 984 ἐφ’
3678 915 3887 975 ἄπειπε

595 1005 650 1049 et
676 995 857 1055 brevis
888 1012 972 1056 est
996 1002 1149 1063 valde
1176 1006 1437 1076 cujusque
1465 1009 1703 1069 hominis
1746 1012 1855 1065 vita
1890 1012 1941 1069 in
1975 1026 2168 1082 corpo-

2266 1014 2375 1074 τοῖς
2406 1013 2646 1082 ἀρίστοις
2679 1013 2983 1084 ὑπομονὴν,
3032 1010 3127 1067 καὶ
3176 1008 3281 1081 μὴν
3338 1008 3402 1061 τὸ
3459 1008 3887 1079 ἐρηρεισμένην

595 1103 677 1154 re,
728 1101 781 1143 ut
825 1091 1035 1155 idcirco,
1083 1110 1203 1153 eam
1264 1108 1485 1166 propter
1533 1116 1800 1163 summam
1850 1102 2165 1163 brevitatem

2265 1106 2345 1166 εἰς
2391 1104 2670 1174 ἀγάπησιν
2693 1105 2790 1174 τὴν
2845 1106 2937 1157 ἐπὶ
2988 1102 3129 1173 Θεῷ,
3176 1100 3600 1172 κατασημαίνει,
3651 1100 3880 1167 λέγων’

595 1194 716 1232 cum
748 1195 852 1245 uno
881 1182 975 1245 die
1003 1198 1319 1253 comparare
1363 1187 1595 1243 fortasse
1628 1190 1822 1258 possis.
1861 1189 2048 1259 itaque
2068 1206 2167 1259 pro

2272 1214 2290 1245 r
2326 1193 2435 1247 Καὶ
2465 1196 2588 1247 ἀντὶ
2625 1196 2754 1265 μιᾶς
2783 1195 2995 1266 ἡμέρας
3025 1194 3321 1263 παροικίας
3367 1208 3484 1257 σου,
3525 1192 3693 1245 διπλᾶ
3729 1192 3882 1261 ἀντ-

595 1287 702 1325 uno
741 1274 833 1339 die
854 1276 1303 1345 peregrinationis
1360 1289 1483 1344 tute,
1538 1281 1729 1350 inquit,
1765 1283 1867 1337 hoc
1897 1287 2012 1349 'est
2070 1298 2167 1351 pro

2268 1284 2540 1341 αποδώσω
2568 1302 2671 1338 σοι.
2706 1286 2865 1353 rKai
2892 1303 2945 1338 τι
2975 1284 3217 1339 τοιοῦτον
3254 1285 3402 1343 ἐστὶν
3424 1284 3459 1345 δ
3485 1284 3751 1354 βούλεται
3778 1282 3881 1345 λέγι

594 1364 765 1426 brevi.
799 1377 853 1419 et
896 1367 1105 1431 modico
1136 1376 1373 1436 tempore
1401 1370 1560 1438 hujus
1603 1373 1743 1436 vitae,
1769 1387 1932 1441 quam
1958 1376 2011 1429 in
2040 1390 2168 1431 cor-

2266 1393 2403 1443 γειν.
2440 1377 2702 1448 Πάροικοι
2755 1378 2855 1447 μὲν
2902 1377 3012 1448 γὰρ
3031 1378 3124 1431 ἐπὶ
3170 1380 3296 1448 γῆς,
3343 1378 3439 1430 καὶ
3480 1376 3888 1445 παρεπίδημοί

594 1470 725 1523 pore
764 1456 936 1523 degis,
977 1457 1281 1526 dupliciter,
1313 1468 1368 1515 et
1396 1460 1601 1516 aifatim
1671 1470 1723 1517 te
1786 1465 2163 1525 remunerabo.

2268 1467 2469 1530 πάντες
2507 1468 2644 1521 είσὶν
2673 1470 2745 1529 oi.
2771 1468 2937 1536 ἅγιοι,
2974 1467 3183 1539 βραχὺς
3222 1468 3281 1522 δὲ
3325 1468 3446 1522 λίαν
3477 1470 3508 1521 ὁ
3550 1470 3609 1527 έν
3638 1467 3876 1538 σώματι.

594 1547 681 1603 Ait
713 1558 764 1601 et
801 1548 994 1603 alicubi
1024 1548 1291 1609 Christus:
1318 1568 1338 1603 ι
1373 1550 1678 1607 Mensuram
1711 1554 1904 1627 bonam
1934 1564 1986 1611 et
2035 1572 2168 1612 cor.-

2270 1560 2382 1630 βίος
2416 1560 2703 1630 ἀνθρώπου
2742 1561 2965 1625 παντὸς,
2995 1560 3097 1617 κᾶν
3126 1560 3289 1623 εἴτις
3317 1559 3480 1614 αὑτὸν
3509 1560 3699 1628 ὀλίγον,
3730 1558 3878 1613 ὅντα

592 1639 806 1699 fertam,
838 1648 892 1691 et
918 1641 1236 1709 coagitatatn
1272 1650 1326 1695 et
1356 1642 1831 1711 superemuentem
1868 1647 2073 1702 dabunt
2114 1650 2175 1709 in.

2268 1652 2569 1717 παντελῶς,
2607 1652 2683 1716 ὡς
2731 1654 2870 1723 τάχα
2904 1669 3004 1705 που
3054 1653 3148 1705 καὶ
3182 1651 3364 1722 ἡμέρᾳ
3420 1651 3878 1723 παρεικάζεσθαε

593 1727 768 1779 sinum
804 1738 1046 1788 vestrum
1075 1732 1159 1785 ’.r
1191 1731 1343 1787 Ilaud
1400 1734 1544 1787 enim
1579 1734 1805 1802 aequalia
1860 1737 2175 1795 actionibus

2272 1745 2389 1813 μιᾷ.
2416 1724 2625 1801 Οὐκοῦν
2658 1745 2781 1801 ἀντὶ
2837 1747 2966 1815 μιᾶς
2999 1744 3211 1814 ἡμέρας
3238 1744 3341 1815 τῆς
3391 1744 3689 1814 παροικίας
3724 1760 3831 1797 σου
3852 1783 3871 1806 ,

594 1818 796 1870 nostris
836 1821 1050 1887 praemia
1087 1833 1461 1890 exspectamus
1491 1840 1505 1874 ι
1536 1824 1629 1881 sed
1666 1840 1788 1883 cum
1847 1840 2043 1897 magno
2065 1844 2158 1891 att-

2270 1835 2424 1905 φησὶ,
2462 1835 2738 1895 τουτέστιν
2798 1835 2920 1897 ἀντὶ
2948 1834 3179 1906 βραχέος
3211 1851 3271 1887 τε
3299 1834 3394 1893 καὶ
3423 1834 3872 1905 συνεσταλμένου

593 1908 786 1972 ργιοιπίο,
812 1925 931 1965 cum
975 1912 1131 1966 dator
1156 1914 1229 1971 sit
1256 1915 1561 1986 muniﬁcus.
2198 1920 2220 1974 Ι

2270 1925 2466 1993 χρόνου
2486 1925 2584 1995 τῆς
2613 1926 2668 1979 ὲν
2701 1923 2914 1997 σώματι
2964 1922 3110 1993 ζωῆς
3138 1922 3331 1987 διπλᾶς
3356 1940 3419 1977 τε
3456 1926 3551 1977 καὶ
3578 1926 3635 1983 ὲν
3668 1923 3874 1977 πλεον-

594 2004 754 2075 ασμῷ
818 2007 916 2070 τὰς
967 2011 1200 2079 ἀμοιϐὰς
1248 2012 1529 2067 ἀποδώσω.
1605 2013 1749 2084 Ἔφη
1812 2016 1870 2068 δέ
1908 2032 2011 2068 που
2046 2018 2141 2073 καὶ
2179 2019 2206 2070 ὁ
2242 2020 2499 2089 Χριστὸς,
2568 2022 2651 2074 ὅτι
2690 2020 2949 2091 (Μέτρον
2999 2019 3185 2084 καλὸν,
3216 2020 3604 2089 πεπιεσμένον,
3635 2020 3733 2072 καὶ
3780 2033 3875 2072 σεο

597 2101 945 2171 σαλευμένον,
988 2106 1083 2165 καί
1131 2108 1632 2178 ὐπερεκχυνόμενον
1671 2109 1933 2167 δώσουσιν
1967 2114 2047 2173 εἰς
2077 2112 2169 2166 τὸν
2206 2114 2405 2169 κόλπον
2475 2116 2650 2184 ὑμῶν.
2681 2134 2700 2167 ι
2735 2116 2810 2169 Οὐ
2850 2115 2965 2185 γάρ
2995 2130 3096 2167 που
3160 2114 3255 2183 τὰς
3295 2112 3651 2182 ξσοστάθμους
3689 2105 3770 2165 ὧν
3803 2112 3874 2166 ἂν

594 2197 893 2268 δράσαιμεν
922 2201 1307 2272 προσδοκῶμεν
1345 2202 1597 2271 ἀμοιϐὰς,
1638 2203 1756 2259 ἀλλ’
1795 2206 1853 2256 ἐν
1876 2205 2167 2279 προσθήκῃ
2204 2209 2392 2280 πολλῇ,
2426 2209 2821 2281 πλουσιόδωρος
2850 2210 2958 2280 γὰρ
2983 2208 3239 2271 ὁδιδούςος

671 2292 831 2348 Vens.
872 2293 956 2347 15.
992 2293 1253 2358 Quoniam
1283 2296 1487 2351 tetendi.
1512 2305 1560 2350 te
1593 2296 1744 2362 mihi,
1775 2296 1939 2363 Juda,
1982 2310 2038 2352 ut
2084 2316 2175 2353 ar-

2344 2306 2501 2358 Διότι
2546 2303 2815 2359 ἐνέτεινά
2842 2319 2921 2356 (γεΔ
2967 2301 3221 2372 ἐμαυτῷ,
3275 2302 3491 2365 Ἰούδα,
3533 2303 3615 2361 ὡς
3656 2302 3882 2364 τόξονι

598 2400 737 2447 cum,
764 2385 971 2449 implevi
1003 2385 1281 2454 Ephraim.

2274 2402 2521 2467 ἐπλησα
2548 2399 2653 2453 τὸν
2696 2400 2962 2467 Ἐφραΐμ.

666 2475 830 2547 740
860 2476 971 2531 LX.
1005 2478 1250 2544 Quonam
1308 2482 1469 2541 modo
1526 2483 1768 2537 vocanda
1819 2483 1911 2550 sit,
1968 2494 2023 2538 et
2078 2499 2175 2553 per

2346 2486 2417 2538 Ξ’.
2460 2485 2595 2539 Τίνα
2647 2486 2711 2555 δὴ
2757 2487 2957 2555 τρόπον
2996 2485 3327 2556 κληθήσεταί
3353 2502 3415 2537 τε
3458 2486 3550 2537 καὶ
3590 2486 3874 2543 είσελάσει

594 2569 751 2623 fidem
791 2571 1099 2640 ingressura
1132 2573 1373 2642 gentium
1409 2574 1718 2640 multitudo,
1772 2577 1939 2631 miser
1982 2585 2181 2631 contra.

2274 2577 2362 2629 διὰ
2383 2577 2482 2646 τῆς
2510 2578 2747 2639 πίστεως
2786 2578 2817 2645 ὴ
2852 2575 2910 2643 ἐξ
2938 2576 3106 2631 ἐθνῶν
3139 2577 3332 2646 ἀγέλη,
3361 2575 3775 2647 ταλαιπωρήσει
3807 2578 3870 2629 δὲ

594 2662 833 2728 futurus,
870 2664 962 2732 qui
1008 2665 1138 2719 olim
1188 2666 1579 2735 triumphabat,
1621 2669 1726 2722 hoc
1772 2678 1859 2722 est
1911 2667 2169 2732 Satanas,

2277 2668 2371 2720 καὶ
2401 2671 2430 2721 ό
2457 2669 2625 2721 πάλαι
2668 2668 2910 2737 τρυφῶν,
2957 2669 3234 2722 τουτέστιν
3287 2670 3317 2721 ό
3352 2669 3619 2733 Σατανᾶς,
3652 2668 3765 2722 τῶν
3798 2670 3868 2721 ὲκ

597 2755 861 2822 spoliatus
895 2756 1242 2821 adoraturus,
1265 2774 1405 2828 quos
1441 2760 1795 2829 cupidissime
1820 2760 2169 2828 acquisierat,

2280 2758 2591 2824 πλεονεξίας
2638 2759 2788 2829 αὐτῷ
2851 2760 3267 2830 πεπορισμένων
3333 2758 3730 2830 προσκυνητῶν
3777 2759 3871 2822 ἐξι-

601 2847 778 2900 adhuc
823 2848 1082 2905 declarat.
1141 2850 1449 2919 Alloquitur
1510 2861 1690 2906 autem
1745 2852 1902 2921 quasi
1951 2860 2172 2905 sanctos

2279 2848 2607 2920 ωθούμενος,
2646 2850 2923 2921 διατρανοῖ
2967 2851 3126 2904 πάλιν
3147 2852 3205 2905 ὲν
3237 2850 3463 2913 τούτοις.
3510 2850 3753 2903 Ποιεῖταί
3796 2866 3867 2918 γε

599 2939 897 3006 apostolos,
927 2940 1041 2995 sive
1065 2943 1354 3011 magistros
1386 2959 1453 2997 ex
1481 2943 1668 3007 Israel,
1716 2945 1806 3012 qui
1842 2953 1899 2998 et
1929 2943 2171 3011 gentium

2283 2941 2391 3008 μὴν
2435 2940 2527 2993 τὸν
2575 2939 2749 3007 λόγον,
2780 2941 2863 3003 ὡς
2906 2940 3042 3011 πρὸς
3088 2941 3215 3003 τοὺς
3266 2940 3454 3007 ἁγίους
3503 2939 3863 3003 ἀποστόλους,

610 3028 862 3096 regiones
903 3041 1303 3098 percursantes,
1336 3033 1403 3086 ad
1443 3033 1785 3102 agnitionem
1814 3031 2057 3085 veritatis
2089 3031 2175 3085 ian-

2278 3030 2395 3099 ῆτοι
2427 3032 2553 3094 τοὺς
2592 3030 2653 3095 ἐξ
2693 3033 2908 3103 Ἰσραὴλ
2934 3033 3307 3097 διδασκάλους,
3350 3033 3399 3085 οἳ
3448 3032 3545 3085 καὶ
3601 3033 3703 3101 τὴν
3751 3031 3868 3085 τῶν

603 3120 832 3188 digeuas
866 3133 1148 3187 vocarunt,
1173 3133 1228 3177 et
1267 3125 1366 3178 reti
1395 3139 1495 3179 suo
1525 3124 1933 3179 concluserunt.
1969 3122 2063 3177 Ait
2082 3138 2171 3177 er-
2211 3187 2230 3196 Δ

2241 3190 2244 3196 Ι
2278 3121 2447 3174 ἐθνῶν
2485 3123 2895 3194 ὲκπεριθέοντες
2924 3124 3128 3196 χώραν,
3166 3126 3243 3187 είς
3273 3124 3571 3191 ἐπίγνωσιν
3600 3124 3868 3193 ἀληθείας

603 3187 707 3280 go:
749 3231 768 3263 ι
804 3211 848 3268 Ο
898 3211 1056 3279 Juda,
1111 3216 1313 3270 intendi
1362 3226 1415 3271 te
1462 3215 1593 3270 mihi
1634 3230 1843 3281 arcum,
1897 3234 1916 3267 ι
1956 3216 2058 3271 hoc
2096 3187 2230 3271 estC

2241 3190 2246 3243 ί
2281 3214 2508 3273 ἐκάλουν
2539 3232 2599 3268 τε
2644 3216 2736 3269 καὶ
2776 3218 3213 3287 σεσαγηνεύκασι
3256 3219 3382 3280 τοὺς
3420 3219 3491 3273 έν
3518 3216 3679 3287 αὐτῇ.
3730 3236 3752 3267 ‹
3793 3213 3868 3269 Ὦ

600 3320 700 3372 per
758 3312 812 3358 te
865 3305 1056 3373 jaculis
1113 3315 1327 3378 tangam
1384 3307 1772 3361 adversarios:
1829 3316 1887 3361 et
1933 3325 1952 3357 ι
2013 3305 2185 3372 Te,o

2294 3304 2483 3369 Ἰούδα,
2523 3309 2701 3361 τοίνυν
2746 3310 2930 3377 φησὶν,
2967 3309 3208 3367 ένέτεινά
3259 3326 3319 3361 σε
3368 3307 3588 3379 ἐμαυτῷ
3617 3307 3795 3371 τόξον,
3838 3326 3868 3358 ιι

602 3397 878 3465 Ephraim,
907 3398 1145 3470 implevi.
1182 3422 1205 3452 ι
1239 3399 1393 3465 Quod
1425 3399 1553 3468 quid
1583 3400 1678 3463 sit,
1717 3400 1892 3454 dicam
1939 3413 2174 3469 quoque.

2280 3399 2521 3453 τουτέστι
2557 3399 2647 3453 διὰ
2678 3401 2771 3454 σοῦ
2805 3401 3042 3467 τοξεύσω
3066 3401 3194 3464 τοὺς
3225 3400 3577 3463 ὑπεναντίους
3598 3415 3610 3426 ·
3634 3399 3741 3453 καὶ,
3760 3418 3779 3449 r
3806 3402 3868 3451 σὲ

602 3487 734 3544 Cum
798 3493 943 3545 enim
1000 3492 1271 3560 sagittarii
1330 3491 1591 3547 ferratum
1632 3507 1818 3547 arcum
1864 3501 2177 3557 curvantes,

2281 3491 2355 3556 δὲ,
2398 3486 2443 3544 ὧ
2486 3492 2744 3563 Ἐφραῒμ,
2782 3491 3012 3562 ἕπλησα.
3058 3512 3076 3542 ι
3122 3492 3231 3544 Καὶ
3268 3492 3321 3543 τί
3371 3490 3435 3560 δὴ
3484 3488 3643 3542 τοῦτό
3692 3491 3862 3551 ἐστιν,

603 3596 829 3635 nervum
883 3582 949 3635 ad
995 3592 1184 3652 pectus
1242 3581 1492 3646 addunt,
1548 3592 1673 3635 tunc
1716 3595 1901 3635 arcum
1958 3580 2183 3649 implere

2282 3582 2391 3653 ἐρῶ
2436 3582 2617 3637 πάλιν.
2672 3584 2800 3636 Ὅτε
2847 3583 2965 3651 γὰρ.
3006 3584 3104 3651 τῆς
3141 3580 3355 3646 τοξείας
3396 3581 3446 3633 oi
3502 3580 3872 3649 ἐπιστήμονες

606 3672 882 3737 dicuntur,
915 3683 963 3727 et
996 3676 1249 3743 sagittam
1293 3672 1584 3737 volantem,
1623 3674 1741 3733 sive
1767 3670 1928 3725 telum
1948 3671 2179 3740 iaciunt.

2282 3673 2479 3743 νευρὰν
2516 3675 2613 3743 μὲν
2650 3673 2825 3743 μαζῷ,
2849 3672 2943 3725 τοῦ
2973 3672 3030 3724 δὲ
3071 3671 3223 3735 τόξου
3256 3670 3347 3723 τὸν
3389 3671 3606 3741 σίδηρον
3637 3670 3866 3737 ἄγουσιν

609 3761 702 3815 Est
729 3762 893 3830 igitur
917 3762 1060 3816 idem
1096 3762 1314 3816 diverse
1354 3762 1579 3815 dictum.
1612 3762 1815 3815 Arcum
1854 3768 1904 3814 te
1932 3758 2058 3824 feci,
2100 3760 2182 3813 iu-

2283 3763 2470 3831 ὲγγὺς,
2504 3764 2623 3815 τότε
2659 3763 2864 3832 πλῆσαι
2898 3763 2961 3814 τὸ
2984 3760 3137 3826 τόξον
3180 3762 3451 3830 λέγονται,
3484 3759 3742 3832 βάλλουσι
3772 3763 3865 3815 καὶ

610 3857 746 3923 quit,
764 3870 795 3909 ο
818 3854 951 3909 Juda
979 3874 994 3921 ;
1020 3854 1234 3924 implevi
1259 3853 1421 3908 etiam
1446 3861 1518 3918 te,
1540 3852 1818 3922 Ephraim.
1839 3850 2006 3907 Judas
2021 3866 2185 3919 porro

2283 3854 2631 3923 διιπτάμενον
2689 3853 2780 3907 τὸν
2837 3853 2931 3918 ίὺν,
2992 3853 3112 3923 ἦτοι
3159 3854 3221 3905 τὸ
3256 3852 3429 3921 βέλος.
3485 3854 3638 3906 Ἔστι
3684 3854 3863 3907 τοίνυν

606 3956 663 4000 et
692 3946 950 4015 Ephraim
983 3947 1299 4001 universum
1338 3958 1513 4013 genus
1542 3943 1904 3999 lsraeliticum
1946 3942 2183 4012 comple-

2283 3942 2415 3994 αὐτὸ
2469 3942 2739 4012 διαφόρως
2795 3942 3129 4012 πεφαμένον.
3168 3941 3332 4007 Τόξον
3405 3959 3464 3995 σε
3530 3944 3860 4013 πεποίημαι,

607 4047 846 4091 ctuntur.
880 4036 1067 4105 Itaque
1100 4045 1228 4091 ante
1254 4034 1392 4089 alios
1409 4050 1476 4089 ex
1497 4031 1696 4088 ludatis
1720 4034 2007 4088 credentes
2036 4032 2179 4086 velut

2286 4032 2470 4100 φησὶν,
2500 4025 2545 4084 ὧ
2575 4031 2762 4097 Ἰούδα,
2794 4031 3008 4103 ἐπλησα
3033 4032 3089 4084 δὲ
3124 4031 3218 4085 καί
3255 4048 3336 4100 σε,
3360 4030 3406 4086 ὦ
3445 4033 3705 4105 Ἐφραῖμ.
3744 4034 3865 4087 Ἰού-

607 4146 792 4186 arcum
823 4130 971 4194 fecit,
1028 4143 1093 4183 eo
1127 4128 1289 4182 animi
1330 4134 1637 4195 provectos,
1688 4136 1748 4179 ut
1783 4132 1973 4195 gentes
2030 4125 2183 4179 insti-

2283 4124 2378 4186 δας
2426 4123 2482 4175 δὲ
2518 4125 2610 4177 καὶ
2646 4124 2886 4195 Ἐφραῒμ
2919 4123 3064 4179 ἅπαν
3108 4124 3225 4177 ἐστὶ
3263 4125 3325 4177 τὸ
3352 4125 3508 4194 γένος
3539 4126 3601 4179 τὸ
3647 4126 3710 4190 ἐξ
3768 4127 3866 4178 Ἰσσ

608 4230 842 4282 ruerent,
884 4226 937 4270 et
972 4232 1002 4271 a
1029 4215 1269 4271 seductis
1294 4214 1602 4268 daemonum
1645 4229 1838 4286 greges
1882 4215 2179 4283 abigereut,

2287 4214 2446 4284 ραήλ.
2492 4216 2700 4268 Οὐκοῦν
2752 4215 2905 4281 τόξον
2962 4215 3151 4287 ὥσπερ
3201 4233 3255 4269 τι
3296 4217 3590 4287 πεποίηται
3634 4218 3763 4280 τοὺς
3806 4218 3867 4282 ἐξ

610 4312 949 4380 ierircntque
1000 4309 1281 4370 Satanam,
1313 4316 1367 4360 et
1395 4308 1649 4361 universe
1704 4308 1904 4361 divinis
1948 4307 2182 4362 decretis

2298 4304 2566 4357 Ἰουδαίων
2590 4305 3024 4370 πεπιστευκότας
3044 4307 3150 4377 πρὸ
3169 4307 3278 4361 τῶν
3298 4306 3492 4371 ἄλλων,
3518 4309 3605 4362 κα*
3638 4308 3868 4380 γνώμης

610 4404 983 4464 adversantes,
1024 4411 1079 4453 et
1118 4399 1379 4453 doctrinae
1418 4412 1590 4451 sacra:
1642 4399 1766 4451 inde
1816 4397 2183 4466 proficiscenti

2287 4397 2367 4456 είς
2390 4393 2547 4446 τοῦτο
2579 4394 3031 4465 προεληλυθότας,
3063 4396 3138 4459 ὡς
3167 4395 3294 4465 ἔθνη
3345 4395 3735 4462 παιδαγωγεῖν,
3770 4396 3870 4455 καὶ

612 4503 998 4563 repugnantes.
1035 4491 1127 4544 Sic
1168 4489 1365 4544 alicubi
1405 4499 1459 4544 et
1491 4488 1707 4543 divinus
1741 4487 1910 4541 David
1952 4490 2017 4541 ad
2064 4490 2183 4543 uni.
2215 4527 2239 4582 Ι

2240 4529 2260 4580 )
2286 4484 2395 4536 τῶν
2422 4484 2791 4554 πλανωμένων
2823 4482 3113 4537 ἀποσοϐεῖν
3153 4483 3251 4547 τὰς
3291 4483 3398 4536 τῶν
3441 4483 3714 4554 δαιμόνων
3737 4484 3867 4551 ἀγέ-

612 4600 889 4640 versorum
918 4583 1086 4636 Deum
1121 4591 1175 4636 et
1206 4580 1547 4637 Salvatorem
1574 4599 1586 4634 :
1628 4601 1645 4631 ι
1693 4580 1913 4646 Sagittae
1962 4592 2065 4634 tuae
2094 4595 2185 4634 sa-
2215 4574 2239 4582 ”

2242 4574 2251 4580 ⁷
2287 4574 2406 4638 λας,
2430 4576 2756 4629 καταπαίειν
2777 4593 2836 4627 τε
2858 4574 2947 4627 τὸν
2970 4576 3233 4641 Σατανᾶν,
3264 4577 3358 4628 καὶ
3384 4574 3722 4641 ἁπαξαπλῶς
3740 4577 3869 4638 τοὺς

610 4682 737 4735 lutis
791 4688 983 4742 acuta},
1033 4692 1067 4730 ο
1107 4685 1317 4745 potens,
1371 4676 1551 4744 populi
1612 4674 1711 4729 sub
1761 4684 1813 4728 te
1868 4673 2084 4739 cadent,
2133 4673 2186 4727 in

2286 4670 2398 4729 τοῖς
2432 4666 2596 4729 θείοις
2624 4666 2887 4737 δόγμασιν
2920 4666 3332 4734 ἀντεξάγοντας,
3366 4667 3462 4720 καὶ
3492 4654 3620 4728 τοὺς
3647 4667 3769 4729 ταῖς
3794 4664 3865 4717 δι*

611 4774 777 4829 corde
819 4771 1157 4823 inimicorum
1192 4769 1334 4838 regis
1366 4770 1408 4822 ⁸.
1452 4788 1468 4819 ι
1507 4767 1729 4822 Feriunt
1764 4770 1907 4823 enim
1936 4766 2187 4821 inimicos

2289 4760 2467 4815 αὐτῶν
2517 4761 2859 4831 μαχομένους
2904 4759 3334 4828 μυσταγωγίαις.
3388 4757 3545 4817 Οὕτω
3587 4759 3690 4811 πού
3735 4775 3867 4827 φησι

612 4865 705 4917 Dei
726 4873 777 4917 et
803 4862 980 4916 Patris
1003 4861 1054 4915 in
1077 4876 1192 4925 cor,
1215 4871 1269 4916 et
1292 4875 1447 4915 renes
1470 4862 1615 4914 intus
1642 4859 1851 4929 sagittae
1879 4857 2119 4927 potentis
2143 4858 2182 4919 ',

2286 4854 2379 4906 καὶ
2424 4854 2451 4904 ὁ
2494 4850 2777 4914 θεσπέσιος
2821 4851 2985 4903 Δαὸὶδ
3012 4851 3151 4921 πρὸς
3189 4850 3281 4919 τὸν
3318 4848 3429 4903 τῶν
3458 4849 3594 4903 ὅλων
3638 4850 3868 4919 Σωτῆρα

612 4962 717 5013 hoc
760 4965 844 5010 est
883 4954 1105 5009 Christi.
1137 4953 1374 5008 Rursum
1402 4952 1614 5021 sagitta:
1648 4951 1767 5020 ejus
1800 4959 1929 5005 sunt
1956 4950 2046 5016 qui
2085 4948 2183 5001 do-

2289 4946 2382 4997 καὶ
2423 4944 2582 4996 Θεόνο
2626 4961 2643 4995 ι
2692 4942 2773 4996 Τὰ
2808 4943 2935 5014 βέλη
2976 4959 3069 4995 σου
3100 4943 3434 5014 ἠκονημένα,
3483 4942 3717 4996 δυνατέι
3747 4944 3868 4994 λαοὶ

613 5057 739 5102 cent
768 5056 1036 5110 errantes,
1092 5055 1146 5100 et
1173 5057 1365 5099 natura
1400 5056 1453 5100 et
1483 5059 1608 5099 vere
1649 5042 1817 5098 Deum
1855 5041 2181 5096 nescientes.

2293 5033 2551 5087 ὑποκάτω
2595 5050 2687 5086 σου
2716 5032 3007 5086 πεσοῦνται
3029 5048 3042 5062 °
3072 5034 3131 5087 έν
3156 5033 3355 5103 καρδίᾳ
3381 5032 3489 5086 τῶν
3517 5032 3731 5102 ἐχθρῶν
3770 5032 3864 5085 τοῦ

611 5139 836 5195 Feriunt
864 5149 1065 5203 autem,
1102 5154 1209 5194 non
1238 5139 1305 5193 ad
1338 5149 1591 5199 mortem,
1626 5138 1721 5190 sed
1762 5135 1829 5189 ad
1864 5133 2184 5188 charitatem

2294 5126 2575 5196 βασιλέως.
2616 5145 2634 5175 ι
2688 5126 2985 5195 Πληττουσι
3023 5124 3122 5194 μὲν
3173 5126 3282 5197 γὰρ
3327 5126 3455 5188 τοὺς
3498 5124 3726 5197 ἐχθροὺς
3773 5125 3864 5177 τοῦ

616 5231 669 5284 in
700 5228 918 5284 Christo
977 5244 1071 5284 eos
1103 5230 1391 5295 deducent,
1442 5236 1501 5282 ut
1548 5236 1604 5282 et
1651 5226 1751 5281 sub
1809 5225 1927 5293 ipso
1968 5220 2183 5275 feriant.

2293 5217 2429 5271 Θεοῦ
2468 5218 2561 5272 καὶ
2590 5217 2802 5288 Πατρὸς
2842 5219 2923 5281 είς
2963 5216 3193 5289 καρδίαν
3232 5217 3359 5280 ἔσω,
3394 5218 3488 5269 καὶ
3535 5216 3766 5285 νεφροὺς
3798 5215 3867 5268 τὰ

620 5323 805 5390 Qualis
842 5332 923 5377 est
952 5337 1071 5392 qua!
1112 5323 1166 5377 in
1197 5321 1434 5377 Canticis
1468 5319 1807 5376 canticorum
1856 5328 2051 5383 sponsa
2094 5314 2191 5369 dc-

2288 5310 2383 5364 τοῦ
2425 5309 2653 5364 δυνατοῦ,
2681 5308 2832 5379 βέλη,
2860 5309 3107 5361 τουτέστι
3153 5305 3412 5379 Χριστοῦ.
3446 5304 3595 5376 Βέλη
3610 5305 3669 5359 δὲ
3700 5304 3858 5369 αὐτοῦ

618 5415 900 5481 scribitur,
940 5415 1129 5469 dicens
1171 5427 1469 5484 expresse:
1502 5429 1521 5463 ι
1565 5409 1858 5464 Vulnerata
1906 5406 2192 5461 charitatis

2291 5403 2455 5457 πάλιν
2497 5404 2546 5455 οἱ
2594 5400 2958 5473 μυσταγωγοὶ,
2993 5401 3119 5462 τοὺς
3170 5400 3227 5452 δέ
3273 5415 3338 5467 γε
3389 5397 3856 5468 πεπλανημένους,

529 5548 531 5551 ι
616 5520 717 5574 ego
752 5521 869 5559 sum
906 5508 970 5559 ¹⁰.
1010 5526 1028 5558 ι
1062 5506 1313 5561 Evasissc
1357 5512 1536 5558 autem
1581 5498 1911 5554 fortissimos
1948 5513 2011 5552 ac
2056 5498 2156 5551 vali

2291 5493 2384 5546 καὶ
2401 5493 2667 5563 τὸνφύσει
2695 5509 2755 5545 τε
2785 5492 2879 5546 καὶ
2903 5488 3117 5560 άληθῶς
3144 5489 3275 5543 Θεὸν
3296 5488 3658 5557 οὐκείδότας.
3693 5488 3860 5561 Πλὴτο

618 5600 871 5654 dissimos
901 5600 1110 5655 divinos
1138 5596 1461 5667 discipulos,
1498 5590 1819 5647 testiﬁcatur
1864 5593 1931 5645 de
1965 5591 2098 5660 ipsis
2137 5590 2189 5643 in

2289 5602 2471 5639 τουσιν
2500 5585 2599 5638 οὐκ
2627 5587 2707 5650 είς
2733 5583 2981 5648 θάνατον,
3000 5581 3113 5636 ἀλλ’
3137 5582 3213 5644 είς
3252 5580 3474 5649 ἀγάπην
3503 5578 3703 5643 αὐτοὺς
3734 5579 3859 5632 ἀπο-

621 5693 816 5763 ερίτὶιυ
870 5694 1092 5763 loquens
1140 5692 1355 5761 sapiens
1404 5686 1901 5755 l’salmographus:
1957 5703 1974 5734 ι
2035 5681 2189 5737 Sicut

2293 5677 2550 5748 φέροντες
2611 5676 2709 5747 τὴν
2742 5678 2797 5729 ἐν
2854 5672 3099 5746 Χριστῷ,
3162 5674 3246 5726 ἵνα
3310 5673 3402 5726 καὶ
3445 5670 3707 5729 ὑποκάτω
3774 5668 3860 5725 τύικ

707 5870 725 5901 ⁷
751 5864 881 5923 Luc.
914 5881 983 5935 γι,
1011 5862 1101 5917 58.
1177 5860 1356 5914 3I’sal.
1394 5873 1537 5923 xuv,
1578 5858 1629 5911 6.
1724 5860 1743 5887 ⁹
1767 5853 1906 5939 ινδιιιτ
1936 5853 2152 5918 (ιλιι,ιί
2262 5856 2303 5884 ¹⁰
2328 5854 2483 5908 Cant.
2524 5865 2575 5913 γ,
2611 5848 2661 5901 7.
