4120 6602
594 446 698 504 155
1584 452 1641 506 S.
1681 453 1960 510 CYRILLI
1998 458 2465 513 ALEXANDRINI
2503 458 2820 515 ARCHIEP.
3766 462 3873 518 156

593 579 777 615 coram
810 563 1143 629 hominibus,
1169 572 1227 619 ut
1254 567 1469 621 videant
1489 583 1653 637 opera
1688 584 1869 627 vestra
1904 578 2065 641 bona,
2107 586 2156 633 el

2264 594 2408 630 πωαι
2457 579 2519 630 τὸ
2563 579 2698 646 φῶς.
2738 599 2758 631 ι
2810 579 2921 632 Καὶ
2954 580 3115 633 πάλιν
3147 580 3408 651 ἑτέρωθι’
3451 600 3470 631 ι
3521 581 3686 634 Οὕτω
3720 580 3871 649 λαμ-

591 651 887 721 gloriﬁcent
913 652 1124 707 Patrem
1157 668 1392 711 vestrum
1431 662 1522 730 qui
1550 664 1602 715 in
1630 664 1783 718 caelis
1815 677 1898 720 est
1933 670 1997 721 ".
2032 688 2050 718 ι

668 912 829 984 742
847 913 1006 971 Vnus.
1026 918 1116 982 15,
1146 918 1228 973 16.
1258 920 1323 973 Et
1344 922 1596 979 Dominus
1616 933 1941 997 omnipotens
1958 935 2013 987 in
2035 937 2161 990 tuba

592 1003 831 1072 clangel,‘
877 1016 926 1057 et
976 1005 1069 1057 ibit
1115 1012 1171 1060 in
1216 1016 1562 1068 commotione
1606 1018 1867 1071 minarum
1920 1036 2161 1076 suarum.

592 1087 849 1143 Dominus
878 1095 1204 1160 omnipotens
1248 1101 1469 1167 protegit
1492 1118 1601 1163 eos,
1630 1117 1679 1156 et
1717 1118 2025 1161 consument
2050 1126 2158 1174 eos,

591 1187 638 1227 σι
688 1178 911 1231 obruent
972 1198 1058 1235 eos
1095 1186 1148 1236 in
1176 1185 1438 1250 lapidibus
1468 1190 1668 1259 funda,
1701 1205 1753 1247 et
1792 1198 1991 1250 ebibent
2032 1216 2160 1253 san-

590 1267 797 1332 guinem
837 1286 1019 1324 eorum
1064 1276 1197 1327 sicut
1232 1278 1427 1343 vinum,
1453 1292 1503 1333 et
1540 1284 1824 1349 implebunt
1862 1300 1917 1340 ut
1947 1290 2159 1356 phialas

589 1356 781 1411 altare.
810 1358 879 1412 Et
906 1364 1124 1418 salvabit
1150 1384 1239 1422 eos
1271 1369 1528 1427 Dominus
1556 1377 1607 1426 iu
1637 1377 1722 1430 die
1756 1377 1848 1431 illa
1879 1381 2014 1433 sicut
2040 1398 2162 1437 oves

588 1450 836 1515 populum
859 1469 1035 1509 suum.

655 1625 837 1683 LXIII.
875 1630 1305 1693 Commilitonem
1362 1651 1418 1695 et
1461 1658 1739 1700 armorum
1797 1650 2003 1703 socium
2035 1692 2051 1713 ,
2104 1660 2164 1705 ut

586 1717 722 1781 dixi,
746 1721 913 1777 claris
938 1726 1119 1781 verbis
1142 1729 1274 1797 ipsis
1299 1732 1542 1801 adjungit
1562 1738 1939 1792 universorum
1965 1740 2159 1806 Deum,

594 1808 729 1862 adeo
762 1810 1113 1881 instructum,
1137 1828 1194 1871 et
1222 1820 1383 1873 simul
1416 1831 1625 1879 certare
1652 1828 1929 1893 cupidum,
1964 1840 2021 1883 ut
2044 1831 2156 1898 jam

591 1898 867 1955 hostiliter
918 1904 1195 1973 ingruere,
1236 1909 1346 1964 imo
1380 1914 1568 1980 pedem
1597 1917 1865 1984 conferre,
1894 1930 1948 1974 et
1998 1922 2159 1990 quid-
2191 1931 2239 1992 Β

587 1988 718 2056 quid
760 1990 814 2043 in
858 2008 918 2047 se
942 2002 1025 2048 est
1060 1998 1251 2054 virium
1290 2002 1343 2055 in
1382 2004 1584 2064 hostes.
1616 2016 1671 2060 et
1698 2008 1751 2061 in
1788 2009 2025 2077 ipsorum
2065 2028 2156 2067 ro-

590 2079 695 2134 bur
742 2080 1023 2141 eﬂundere
1074 2090 1346 2147 videatur.
1389 2092 1714 2152 Rectissime
1758 2115 1919 2169 porro
1962 2103 2155 2172 inquit,

588 2169 788 2226 bellum
828 2175 1097 2234 iacturum
1134 2197 1237 2236 non
1269 2184 1335 2239 iis
1362 2188 1453 2254 qui
1477 2203 1573 2255 per
1604 2190 1763 2245 ﬁdem
1792 2192 1861 2246 ad
1895 2169 2155 2260 justilica;

589 2262 790 2318 tionem
849 2274 1108 2336 tanquam
1152 2289 1350 2343 sagena
1404 2281 1547 2347 capti
1600 2291 1768 2336 sunt:
1824 2284 1921 2339 sed
1960 2286 2157 2343 divinae

585 2355 959 2420 pmdicationi
988 2362 1279 2420 infeliciter
1297 2368 1682 2435 obnitentibus,
1710 2390 1847 2443 quos
1876 2386 1931 2430 et
1957 2376 2158 2433 Paulus

586 2446 814 2509 notarit,
851 2463 973 2503 cum
1002 2451 1139 2508 dixit
1168 2472 1183 2509 :
1225 2474 1243 2507 ι
1284 2456 1494 2513 Ostium
1519 2463 1665 2516 enim
1697 2464 1826 2520 mihi
1875 2481 2156 2534 magnum,

583 2544 639 2587 et
687 2538 907 2594 evidens
934 2544 1181 2611 apert‘um
1212 2558 1315 2611 est,
1366 2559 1420 2603 et
1476 2554 1770 2609 adversarii
1822 2559 1973 2611 multi
2012 2561 2095 2613 ¹⁹·.
2131 2580 2150 2611 ι

582 2626 752 2683 Canet
790 2630 972 2700 igitur,
1025 2637 1223 2706 inquit,
1278 2643 1402 2695 tuba
1461 2645 1739 2702 Dominus.
1797 2647 2031 2706 Locutus
2073 2663 2158 2708 est

582 2719 727 2772 enim
781 2721 1039 2780 Dominus
1088 2730 1526 2795 praedicationem
1587 2740 1990 2809 evangelicam,
2026 2760 2149 2812 qua:

584 2824 777 2865 omnes
822 2821 998 2870 terras
1054 2822 1314 2885 pervasit,
1360 2827 1579 2893 quando
1637 2832 1808 2884 audiri
1864 2842 2039 2901 potest
2090 2837 2158 2890 ab

582 2897 837 2955 omnibus
879 2908 1195 2973 mysterium
1224 2925 1237 2959 :
1278 2922 1397 2964 erat
1423 2914 1567 2968 enim
1595 2918 1739 2971 tenui
1771 2935 1925 2986 voce,
1953 2931 2008 2976 et
2054 2924 2159 2976 lin-

582 3003 688 3056 gua
733 2989 919 3045 tardus
960 2993 1156 3059 Moses,
1187 3014 1358 3066 quare
1404 3004 1566 3057 etiam
1599 3006 1685 3059 vix
1729 3024 1824 3073 per
1855 3011 2026 3064 solam
2060 3012 2159 3066 .lu~

585 3080 755 3134 dmam
793 3086 1186 3142 exaudiebatur
1208 3091 1273 3146 ".
1301 3094 1367 3147 At
1392 3110 1571 3151 sermo
1597 3098 1663 3152 de
1691 3100 1911 3156 Christo
1957 3104 2158 3161 talibus

583 3172 829 3228 terminis
872 3190 1209 3247 nequaquam
1261 3186 1591 3241 continetur.
1644 3189 1776 3245 Nam
1822 3202 1880 3247 ut
1926 3193 2156 3251 buccina

583 3264 799 3332 egregia
847 3274 901 3319 et
933 3271 1339 3339 sonantissima,
1392 3280 1630 3332 omnium
1678 3284 1904 3338 auribus
1952 3287 2151 3356 ubique
2182 3265 2223 3318 θ

583 3350 842 3408 insonuit.
880 3375 898 3407 ι
933 3357 1032 3412 Ibit
1057 3372 1237 3416 autem
1270 3380 1367 3418 ceu
1403 3368 1455 3421 in
1489 3374 1853 3429 commotione
1883 3376 2152 3432 minarum

581 3454 827 3507 suarum,
866 3465 884 3497 ι
917 3457 971 3501 et
997 3451 1078 3503 sic
1107 3462 1350 3522 proteget
1379 3460 1640 3515 satellites
1685 3478 1835 3530 suos,
1867 3474 1926 3519 ut
1957 3467 2155 3523 adver-

578 3532 706 3585 sarii
756 3540 908 3603 quasi
957 3540 1026 3591 ab
1066 3541 1188 3609 igne
1236 3558 1647 3616 consumantur,
1694 3565 1748 3607 et
1797 3564 2005 3611 tantum
2044 3574 2151 3613 non

578 3623 739 3676 etiam
804 3627 982 3683 l’undze
1032 3630 1299 3700 lapidibus
1338 3654 1433 3693 eos
1484 3644 1734 3699 universe
1804 3650 2155 3707 verberantes

577 3712 825 3767 obruent.
865 3736 882 3767 ι
920 3718 1150 3775 Ehiheut
1204 3724 1329 3779 item
1375 3733 1689 3800 sanguinem
1731 3750 1940 3803 eorum,
1983 3758 2003 3791 ι
2050 3742 2153 3797 hoc

577 3813 686 3867 est,
744 3806 907 3861 veluti
958 3813 1204 3879 quaadam
1254 3817 1443 3873 bellua:
1484 3822 1805 3892 insilientes,
1850 3828 2008 3885 facile
2062 3848 2154 3886 su-

578 3899 847 3968 perabunt
902 3911 954 3955 et
982 3904 1229 3960 occident
1252 3924 1368 3963 eos.
1413 3912 1492 3965 Ad
1529 3916 1642 3969 haec
1682 3918 1914 3974 oli‘erent
1942 3922 2155 3991 phialas

576 3989 842 4057 sanguine
877 3993 1311 4051 occumbentium
1348 4000 1554 4069 plenas,
1599 4014 1657 4059 ut
1697 3989 2012 4065 libationem
2052 4014 2150 4067 alio

576 4093 738 4148 quam
786 4080 851 4133 ad
897 4082 1089 4137 altare.
1130 4084 1225 4140 Est
1246 4091 1391 4159 enim
1423 4096 1605 4148 suavis
1642 4096 1777 4150 odor
1806 4099 1933 4164 Deo,
1975 4111 2028 4155 et
2065 4118 2150 4158 ac-

574 4171 846 4239 ceptabile
868 4175 1216 4241 sacriﬁcium,
1245 4193 1491 4239 errantes
1522 4187 1718 4241 salvari
1750 4190 2149 4257 prohibentium

577 4264 853 4317 interitus.
904 4263 961 4318 Si
996 4268 1139 4320 enim
1188 4271 1563 4329 interfectores
1600 4292 1889 4346 corporum
1936 4284 2152 4340 miseri-

574 4356 815 4409 cordiam
868 4372 972 4411 non
1023 4372 1321 4430 merentur,
1362 4368 1454 4419 sed
1496 4368 1609 4435 pari
1660 4373 1838 4435 potius
1887 4376 2150 4445 supplicio

575 4441 839 4497 multandi
886 4458 1032 4511 sunt,
1068 4443 1204 4517 quid
1240 4452 1305 4505 de
1350 4459 1759 4524 corruptoribus
1786 4472 1839 4516 et
1872 4441 2148 4535 iugulato-

577 4534 728 4589 ribus
754 4538 1058 4593 animarum
1093 4544 1374 4597 dicemus?

643 4714 841 4779 Quales
888 4717 1068 4771 haberi
1116 4736 1331 4789 quoque
1377 4736 1601 4790 possunt
1648 4739 1965 4796 prmstantes
2002 4735 2148 4791 inter

572 4802 813 4870 Gmcos,
838 4817 889 4861 et
938 4810 1227 4865 mundana:
1268 4814 1548 4882 sapientia:
1578 4818 1805 4886 gloriam
1839 4828 2143 4892 consecuti,

572 4894 771 4964 quibus
806 4896 1001 4951 crebro
1029 4899 1080 4952 in
1134 4914 1231 4954 ore
1258 4912 1384 4956 sunt
1430 4904 1503 4958 dii
1550 4907 1793 4977 demque,
1839 4923 1894 4966 et
1943 4916 2034 4982 qui
2077 4918 2143 4972 ad

570 4996 877 5041 creaturam
908 4991 1078 5060 magis
1111 5006 1271 5059 quam
1304 4996 1369 5047 ad
1416 4996 1574 5069 743
1600 4998 1911 5057 Creatorem
1962 5008 2144 5063 colen-

571 5079 697 5131 dum
741 5080 1055 5145 sollicitant,
1100 5093 1154 5135 et
1198 5086 1423 5140 cuilibet
1451 5090 1719 5146 elemento
1761 5093 1873 5148 Deo
1906 5097 2144 5154 debitum

575 5167 835 5223 honorem
886 5182 1229 5225 consecrant.
1275 5176 1434 5245 Atqui
1488 5181 1770 5245 mundum,
1814 5199 1919 5240 non
1969 5189 2141 5243 solum

571 5261 806 5327 quandiu
840 5263 939 5331 ipsi
970 5265 1238 5327 vivebant,
1284 5271 1376 5321 sed
1412 5270 1577 5324 etiam
1614 5274 1678 5327 ad
1734 5284 1976 5345 tempora
2012 5296 2143 5335 con-

571 5355 850 5421 sequentia
895 5356 1251 5412 seduxerunt.
1301 5359 1461 5414 Multa
1495 5364 1635 5417 enim
1697 5367 1861 5421 millia
1913 5370 2145 5427 diversis

575 5447 825 5502 (motibus
870 5446 1082 5501 illorum
1127 5455 1424 5508 mendaciis
1472 5460 1713 5524 persuasi
1743 5499 1757 5521 ,
1832 5472 1885 5515 et
1933 5461 2144 5531 frigidis

575 5545 739 5606 atque
765 5536 997 5593 anilibus
1031 5538 1239 5597 fabellis
1268 5547 1638 5603 auscultantes
1660 5552 1959 5620 perierunt.
1994 5554 2138 5607 Sub-

580 5628 671 5685 lati
710 5640 837 5683 suut
897 5630 1078 5702 itaque
1109 5650 1139 5689 e
1166 5637 1339 5691 medio
1394 5639 1446 5691 iu
1491 5652 1764 5729 posterum
1806 5644 1962 5699 tales.
2003 5645 2144 5697 Eva-

654 5804 697 5836 "
720 5802 909 5859 Matth.
935 5823 961 5858 ν
1021 5810 1101 5864 lli.
1186 5816 1243 5853 ἰ’
1273 5814 1291 5868 Ι
1322 5816 1445 5868 (lor.
1478 5832 1584 5882 xu,
1622 5819 1671 5871 9.
1754 5819 1795 5847 "‘
1824 5818 1991 5879 Exod.
2032 5834 2102 5888 ιν,
2135 5822 2214 5877 10.

2266 668 2424 735 (adeo:
2451 668 2512 720 τὸ
2538 669 2655 737 φῶς
2695 670 2849 738 ὑμῶν
2875 671 3186 741 ἔμπροσθεν
3220 671 3329 723 τῶν
3356 671 3687 741 ἀνθρώπων,
3714 671 3872 733 ὅπως

2266 755 2418 808 ἴδωσι
2444 757 2517 809 τὰ
2545 758 2687 812 καλὰ
2720 760 2875 828 ὑμῶν
2902 761 3057 831 ἔργα,
3086 763 3180 816 καὶ
3211 761 3477 828 δοξάσωσι
3506 762 3601 815 τὸν
3636 760 3870 830 Πατέρα

2267 848 2419 915 ὑμῶν
2450 849 2541 900 τὸν
2586 852 2644 901 ὲν
2670 853 2784 913 τοῖς
2815 853 3086 920 οὐρανοῖς,
3130 872 3148 903 ι

2334 939 2442 992 Kal
2481 943 2695 1008 Κύριος
2719 943 3141 1010 παντοκράτωρ
3174 945 3245 997 ἐν
3269 944 3557 1013 σάλπιγγι
3582 941 3866 1003 σαλπιεῖ.

2265 1030 2361 1080 καὶ
2391 1032 2743 1096 πορεύσεται
2779 1033 2849 1085 ἐν
2885 1033 3058 1097 σάλῳ
3087 1034 3345 1101 ἀπειλῆς
3390 1034 3601 1087 αὐτοῦ.
3640 1034 3869 1099 Κύριος

2264 1121 2683 1188 παντοκράτωρ
2714 1125 3072 1190 ὐπερασπιεῐ
3123 1124 3341 1189 αὐτῶν,
3374 1124 3472 1178 καὶ
3506 1121 3868 1176 καταναλώ-

2263 1224 2489 1262 σουσιν
2516 1212 2756 1277 αὐτοὺς,
2788 1214 2887 1266 καὶ
2914 1215 3337 1284 καταχώσουσι
3366 1216 3648 1281 ἐνλίθοις
3671 1230 3869 1282 σφε-νο

2261 1296 2468 1365 δίνης,
2515 1302 2611 1353 καὶ
2660 1302 2971 1357 ἐκπὶονται
3021 1306 3087 1358 τὸ
3121 1300 3267 1373 αἷμα
3306 1303 3506 1358 αὐτῶν
3534 1305 3618 1370 ὡς
3661 1303 3864 1367 οἶνον.

2262 1389 2363 1439 καὶ
2423 1390 2735 1455 πλήσουσι
2792 1396 2874 1459 ὡς
2935 1396 3157 1463 φιάλας
3218 1394 3677 1462 θυσιαστήριον.
3750 1394 3864 1448 Καὶ

2261 1478 2445 1533 σώσει
2486 1484 2709 1549 αὐτοὺς
2756 1487 2971 1553 Κύριος
3021 1489 3093 1539 ἐν
3156 1486 3230 1555 τῇ
3282 1484 3469 1556 τὐιέρᾳ
3515 1486 3725 1551 ἐκείνῃ
3782 1486 3867 1550 ὡς

2261 1572 2527 1636 πρόϐατα
2561 1574 2718 1625 λαὸν
2749 1576 2961 1629 αὑτοῦ.

2329 1680 2446 1734 El".
2487 1683 2888 1755 Σννασπιστὴν,
2920 1686 2997 1749 ὡς
3042 1687 3200 1757 ἔφην,
3252 1689 3345 1741 καὶ
3380 1687 3644 1741 σύνοπλον
3671 1688 3864 1750 αὐτοῖς

2262 1771 2591 1842 παρίστησιν
2622 1775 2873 1844 ἐναργῶς
2893 1778 2920 1828 ὁ
2938 1776 3119 1845 λόγος,
3141 1778 3231 1829 τὸν
3254 1777 3363 1829 τῶν
3400 1778 3536 1831 ὅλων
3563 1777 3722 1843 Θεὸν,
3750 1795 3862 1829 πα-

2262 1864 2660 1933 ραταττόμενον
2699 1865 2862 1929 οὕτω,
2888 1869 2981 1920 καὶ
3020 1868 3302 1921 σνναθλεῖν
3324 1870 3428 1940 ῄρη
3438 1869 3619 1938 μένον,
3644 1870 3723 1933 ὡς
3750 1870 3857 1940 ἤδη

2267 1951 2447 2004 δοκεῖν
2495 1954 2589 2006 καὶ
2627 1954 2961 2026 ἐξηρτῆσθαι
3012 1958 3343 2029 πολεμικῶς,
3375 1962 3470 2012 καὶ
3515 1955 3626 2012 οἷον
3652 1962 3861 2029 χωρεῖν

2262 2042 2482 2110 μᾶλλον,
2538 2046 2633 2097 καὶ
2693 2049 2759 2115 τῇ
2792 2049 2913 2098 κατ’
2950 2048 3163 2119 ἐχθρῶν
3186 2050 3283 2122 67:9
3325 2050 3565 2121 χρῆσθαι
3597 2051 3854 2121 δυνάμει,

2260 2131 2489 2200 καὶτῆς
2530 2134 2757 2203 ἐνούσης
2803 2135 3115 2202 εὖσθενεὶας
3168 2141 3374 2203 αὐτοῖς.
3422 2141 3860 2211 Καταστρατεύ-

2259 2220 2413 2273 εσθαί
2441 2239 2503 2289 γε
2538 2224 2644 2295 μὴν
2678 2222 2739 2278 εὖ
2776 2226 2919 2295 μάλα
2966 2232 3152 2298 φησιν,
3182 2230 3306 2300 οὖχὶ
3336 2230 3444 2283 τῶν
3476 2230 3565 2283 διὰ
3609 2232 3858 2295 πίστεως

2259 2313 2338 2373 εἰς
2368 2312 2650 2367 δικαίωσιν
2681 2317 3151 2386 σαγηνευομένων,
3179 2320 3318 2372 ἀλλὰ
3349 2319 3460 2372 τῶν
3498 2320 3704 2382 ἀθλίως
3729 2320 3856 2373 ἀνθ-

2260 2404 2566 2471 εστηκότων
2611 2405 2691 2474 τῷ
2733 2406 2862 2474 θείῳ
2902 2408 3239 2478 κηρύγματι,
3289 2408 3384 2472 οὓς
3423 2411 3519 2464 καὶ
3555 2411 3586 2461 ὁ
3626 2410 3853 2473 Παῦλος

2260 2495 2626 2565 κατεσήμηνε,
2675 2498 2886 2565 λέγων’
2934 2521 2952 2551 ι
3013 2501 3167 2571 Θύρα
3206 2502 3315 2573 γάρ
3357 2519 3447 2572 μοι
3496 2502 3709 2572 ἀνέῳγε
3753 2518 3855 2572 με·

2258 2582 2397 2652 γάλη
2428 2586 2520 2637 καὶ
2550 2588 2806 2657 ἐναργὴς,
2834 2590 2929 2641 καὶ
2955 2594 3005 2643 οἱ
3034 2592 3398 2659 ἀντικείμενοι
3425 2590 3630 2646 πολλοί.
3664 2610 3684 2643 ι
3722 2592 3856 2644 Σαλ-

2260 2676 2377 2725 πιεῖ
2406 2676 2585 2728 τοίνυν
2609 2679 2638 2729 ὁ
2667 2679 2890 2750 Κύριος,
2927 2683 3110 2751 φησιν,
3148 2685 3207 2735 ὲν
3241 2683 3528 2751 σάλπιγγι.
3558 2682 3852 2752 Δελάληκε

2257 2762 2369 2832 γὰρ
2395 2766 2423 2816 ὁ
2458 2765 2665 2836 Κῄριος
2696 2768 2757 2821 τὸ
2781 2772 3043 2842 κήρυγμα
3067 2774 3129 2827 τὸ
3156 2774 3530 2842 εὖαγγελικὺν,
3558 2776 3640 2836 εἰς
3666 2776 3853 2828 πᾶσαν

2258 2852 2469 2905 διάττον
2500 2856 2599 2925 τὴν
2620 2858 2711 2909 ὑπ’
2725 2859 2973 2927 οὐρανὸν,
2995 2862 3321 2926 ἐξάκουστον
3336 2864 3447 2934 γὰρ
3469 2866 3581 2919 τοῖς
3601 2865 3851 2917 ἅπαντα·

2260 2940 2354 3009 χοῦ
2382 2943 2443 2995 τὸ
2466 2948 2762 3018 μυστήριον
2780 2967 2795 2982 ·
2814 2946 2883 3020 ἦν
2919 2952 3018 3021 μὲν
3034 2955 3143 3024 γὰρ
3162 2956 3504 3024 ἰσχνόφωνος,
3524 2958 3618 3009 καὶ
3647 2957 3849 3026 βραδύ.

2258 3033 2500 3099 γλωσσος
2531 3039 2559 3090 ὁ
2590 3040 2814 3108 Μωσῆς,
2840 3044 3117 3113 τοιγάρτοι
3138 3046 3232 3097 καὶ
3264 3046 3419 3115 μόλις
3454 3048 3686 3116 ἠκούετο
3702 3047 3847 3100 κατὰ

2262 3124 2427 3193 μόνην
2442 3128 2540 3196 τὴν
2571 3129 2848 3187 Ἰουδαίαν.
2875 3133 3112 3188 Ἥκιστά
3130 3152 3193 3203 γε
3213 3139 3320 3207 μὴν
3336 3140 3393 3189 ὲν
3412 3138 3625 3200 τούτοις
3647 3139 3798 3190 ἐστὶν
3817 3140 3850 3192 6

2259 3216 2385 3283 περὶ
2408 3216 2646 3284 Χριστοῦ
2680 3218 2855 3287 λόγος.
2904 3222 3324 3295 Ἀναπεφὼνηκε
3351 3226 3460 3295 γὰρ
3486 3221 3575 3278 οἶά
3603 3243 3687 3288 τις
3717 3225 3851 3279 σάλ-

2258 3304 2387 3370 πιγξ
2428 3304 2693 3375 λαμπρὰ,
2729 3311 2823 3361 καὶ
2872 3312 3232 3384 εὐηχεστάτη,
3279 3316 3373 3367 καὶ
3423 3317 3544 3377 ταῖς
3584 3315 3846 3369 ἁπάντων

2256 3394 2445 3458 ἀκοαῖς
2482 3397 2621 3465 ἠχὴν
2648 3399 2851 3452 ὲνιετσα
2888 3403 2988 3473 τὴν
3022 3405 3361 3473 διαπρύσιον.
3412 3424 3432 3457 ι
3473 3406 3748 3459 Βαδιεῖται
3789 3407 3845 3459 δὲ

2254 3483 2443 3554 ὥσπερ
2491 3488 2550 3539 ὲν
2585 3487 2730 3554 σάλῳ
2755 3490 2984 3561 ἀπειλῆς
3016 3495 3203 3559 αὑτοῦ,
3243 3515 3260 3546 ι
3304 3497 3397 3549 καὶ
3418 3498 3849 3567 ὑπερασπιεῖται

2253 3574 2395 3627 οὕτω
2415 3578 2522 3629 τῶν
2556 3580 2749 3633 ἑαυτοῦ
2766 3582 3099 3656 δορυφόρων,
3115 3588 3191 3651 ὡς
3205 3583 3315 3641 οἷον
3332 3591 3435 3642 ὑπὸ
3460 3590 3630 3659 πυρὸς
3659 3590 3844 3643 δαπα-

2254 3664 2447 3718 νᾶσθαι
2473 3668 2597 3731 τοὺς
2627 3670 3075 3743 ἀνθισταμένους,
3097 3679 3255 3746 μόνον
3275 3679 3329 3731 δὲ
3348 3679 3467 3749 οὐχὶ
3498 3681 3590 3732 καὶ
3622 3680 3846 3749 σφενδό-

2253 3768 2350 3820 νης
2383 3753 2549 3817 λίθοις
2596 3758 2795 3821 αὐτοὺς
2830 3762 3203 3832 καταχὼσουσι
3243 3768 3639 3832 καταπαίοντες
3670 3785 3850 3837 γεννιο

2254 3843 2385 3905 κῶς.
2419 3846 2731 3923 Ἐκπιονται
2758 3852 2817 3903 δὲ
2844 3854 2936 3905 καὶ
2961 3855 3020 3906 τὺ
3041 3850 3186 3925 αἷμα
3218 3858 3419 3924 αὐτῶν,
3437 3859 3717 3912 τουτέστιν
3748 3854 3843 3912 οἷά

2253 3947 2397 3994 τινες
2428 3934 2594 4005 θῆρες
2634 3938 3068 4009 ὲπιθρώσκοντες
3110 3946 3454 4014 περιέσονται
3485 3948 3705 4019 ῥᾳδίως,
3741 3949 3845 4001 καὶ

2253 4026 2479 4093 νεκροὺς
2515 4027 2874 4095 ἀποφανοῦσι.
2921 4034 3326 4105 Προσκομιοῦσι
3364 4038 3425 4091 δὲ
3458 4038 3538 4108 τῷ
3574 4039 3686 4091 τῶν
3738 4056 3844 4119 πε-

2253 4115 2549 4171 πτωκότων
2597 4120 2792 4189 αἵματι
2841 4124 3041 4192 φιάλας
3086 4129 3539 4199 πεπληρωμένας,
3585 4115 3843 4202 καθάπερ

2251 4207 2371 4258 τινὰ
2390 4208 2619 4279 σπονδὴν
2636 4212 2727 4266 ἐπὶ
2744 4214 2806 4266 τὸ
2829 4214 3091 4284 θνσιαστή
3100 4236 3232 4290 ριον.
3258 4222 3465 4275 Εὺωδία
3480 4223 3677 4294 γὰρτῷ
3691 4224 3840 4294 Θεῷ,

2253 4299 2347 4349 καὶ
2383 4298 2547 4354 θυσία
2580 4301 2743 4375 δεκτὴ
2776 4306 2883 4359 τῶν
2903 4311 3002 4362 οὐκ
3032 4311 3245 4365 ἐώντων
3276 4313 3543 4378 σώζεσθαι
3572 4319 3697 4378 τοὺς
3736 4333 3841 4368 πε-

2252 4384 2632 4455 πλανημένους
2670 4392 2967 4458 ὀθάνατος.
3002 4398 3064 4451 El
3111 4402 3222 4470 γὰρ
3264 4402 3374 4456 τῶν
3407 4405 3673 4472 σωμάτων
3710 4408 3841 4468 τοὺς

2252 4478 2519 4543 φονευτὰς
2542 4480 2643 4533 οὐκ
2663 4481 2814 4547 ἄξιον
2842 4484 3131 4553 ἐλεεῖσθαι,
3160 4492 3525 4564 ὑποφέρεσθαι
3558 4495 3614 4547 δὲ
3634 4496 3839 4565 μᾶλλον

2253 4568 2373 4629 ταῖς
2429 4566 2627 4635 δίκαις,
2671 4572 2742 4625 τὰ
2776 4574 2864 4626 ἶσα
2902 4577 3192 4644 παθόντας,
3222 4583 3275 4635 τί
3313 4585 3378 4637 ἄν
3406 4602 3487 4648 τις
3525 4585 3671 4653 λέγοι
3705 4588 3840 4655 περὶ

2248 4657 2358 4709 τῶν
2389 4660 2437 4711 οἳ
2471 4660 2658 4730 ψυχῶν
2678 4663 2951 4747 Ῠόλετῆρες
2976 4672 3230 4739 γεγόνασι
3266 4676 3357 4727 καὶ
3388 4676 3640 4747 φθορεῖς.

2318 4744 2441 4801 Εἶεν
2467 4748 2510 4800 δ’
2546 4750 2612 4802 ἂν
2643 4746 2787 4806 οὗτοι
2836 4758 2999 4811 πάλιν
3036 4764 3084 4813 οἱ
3141 4763 3405 4836 Ἐλλήνων
3449 4744 3695 4835 λογάδες,
3740 4772 3837 4823 καὶ

2244 4838 2343 4906 τῆς
2375 4840 2432 4891 ὲν
2459 4842 2652 4913 κόσμῳ
2684 4847 2878 4914 σοφίας
2909 4851 3147 4921 ἡμμένοι
3192 4855 3290 4925 τὴν
3330 4856 3508 4922 δόξαν,
3537 4862 3585 4912 oi
3626 4861 3740 4914 ἄνω
3771 4879 3833 4915 τε

2246 4930 2341 4982 καὶ
2372 4931 2524 4985 κάτω
2558 4933 2714 4998 θεοὺς
2736 4938 2831 4990 καὶ
2865 4940 2995 5004 θεὰς
3024 4944 3402 5014 ὀνομάζοντες,
3437 4950 3531 5002 καὶ
3553 4953 3620 5021 τῇ
3653 4952 3833 5005 κτίσει

2245 5022 2396 5091 παρὰ
2446 5024 2536 5076 τὸν
2598 5029 2831 5099 ποιητὴν
2886 5032 3275 5101 ἀναπείθοντες
3321 5046 3681 5111 προσκυνεῖν,
3734 5047 3832 5098 καὶ

2244 5112 2458 5181 ἑκάστῳ
2481 5113 2591 5167 τῶν
2619 5120 2897 5188 στοιχείων
2927 5123 3026 5193 τὴν
3053 5124 3173 5196 Θεῴ
3203 5129 3517 5199 πρέπουσαν
3546 5135 3833 5187 ἀνατιθέν-

2243 5216 2331 5261 τες
2358 5200 2535 5267 saga»),
2571 5207 2743 5260 καίτοι
2770 5210 3149 5282 πεπλανήκασι
3180 5218 3279 5286 τὴν
3317 5219 3410 5270 ὑπ’
3436 5220 3683 5292 οὐρανὸν,
3732 5226 3831 5277 καὶ

2244 5291 2364 5361 οὐχὶ
2406 5292 2471 5362 δὴ
2523 5296 2683 5364 μόνον
2727 5302 2870 5354 κατά
2897 5319 2960 5369 γε
2998 5303 3089 5358 τὸν
3141 5308 3332 5376 χρόνον
3370 5310 3469 5380 τῆς
3517 5313 3575 5364 ὲν
3611 5311 3829 5382 σώματι

2244 5378 2425 5448 ζωῆς”
2468 5382 2604 5436 ἀλλὰ
2651 5387 2745 5439 καὶ
2791 5390 2873 5451 εἰς
2904 5392 3130 5461 χρόνους
3178 5396 3307 5458 τοὺς
3353 5378 3572 5469 ἑφεξῆς.
3621 5378 3829 5470 Μῦριοι

2244 5470 2353 5540 γὰρ
2393 5473 2505 5526 ὅσοι
2551 5477 2688 5529 κατὰ
2728 5483 2953 5551 καιροὺς
2985 5483 3272 5539 διολώλασι
3300 5488 3401 5558 τῆς
3437 5488 3661 5543 ἐκείνων
3694 5491 3841 5560 deus

2244 5559 2493 5626 δοεπείας
2524 5566 2846 5637 ἡττώμενοι,
2882 5573 2975 5625 καὶ
3003 5572 3230 5646 ψυχροῖς
3264 5578 3355 5631 καὶ
3397 5579 3667 5649 γραώδεσι
3717 5600 3823 5652 μυ-

2247 5648 2453 5718 θαρέοις
2483 5662 2936 5729 προσεσχηκὸτες.
2982 5664 3304 5737 Ἀνῄρηνται
3333 5669 3396 5740 δὴ
3430 5668 3523 5724 οὖν
3548 5674 3595 5723 οἱ
3629 5672 3833 5735 τοιοίδε
