4120 6560
259 466 373 521 ιδπ-

1072 465 1626 523 COMMENTARIUS
1664 465 1731 521 IN
1775 464 2183 524 ZACllAlilAM’
2221 463 2665 521 PROPHETAM.

3414 466 3517 520 ΡΒ

258 572 467 626 λοιπόν.
495 569 712 640 οἴχεται
742 567 849 645 γάρ
880 570 977 637 τῆς
1008 567 1233 621 ἐκείνων
1270 572 1594 641 συγγραφῆς
1621 573 1653 641 ή
1685 570 1840 641 βεϐή-

1945 574 2117 630 nescit
2169 574 2314 629 enim
2370 574 2699 642 scriptorum
2763 571 2979 627 illorum
3030 573 3262 637 vanitas,
3324 574 3519 629 fabula:

253 662 446 727 λωσις,
476 661 845 733 ἀπρακτοῦσιν
876 662 925 713 oi
956 660 1136 731 μῦθοι,
1165 662 1259 715 καὶ
1284 657 1394 715 οἷον
1450 663 1751 717 ἐκπέποται
1778 665 1840 719 τὸ

258 748 404 823 αἷμα
430 750 626 804 αὐτῶν.
655 751 779 812 Τοῖς
805 748 912 819 γὰρ
934 751 1033 819 τῆς
1052 748 1307 820 ἀληθείας
1328 751 1562 820 δόγμασι
1588 752 1839 823 καθάπερ

255 848 373 900 τισὶ
400 843 565 904 λίθοις
610 843 723 901 τοῖς
768 841 833 892 ὲκ
876 839 1166 909 σφενδόνης
1200 842 1627 911 καταπαιόμενοι
1669 861 1841 897 κατα-

252 933 575 1004 χώννυνται,
606 928 699 982 καὶ
740 928 983 996 γέγονεν,
1020 928 1095 990 ὡς
1136 928 1292 999 ἔφην,
1341 931 1537 983 εὐωδία
1576 931 1694 1002 Θεῷ
1738 934 1839 1002 τῆς

251 1023 480 1077 ἐκείνων
509 1019 911 1090 ἀθυροστομίας
941 1020 973 1087 ἡ
1001 1018 1267 1084 ἀπώλεια,
1296 1040 1313 1071 ι
1347 1024 1457 1075 Καὶ
1483 1023 1691 1077 σέσωκε
1726 1025 1839 1077 K6-

250 1130 374 1184 ριος
403 1113 478 1175 ὼς
508 1109 756 1181 πρόϐατα
783 1109 876 1162 τὸν
893 1110 1019 1163 λαὸν
1051 1110 1237 1163 αὐτοῦ.
1278 1131 1296 1163 ι
1342 1113 1559 1183 Ἐπειδὴ
1583 1115 1692 1186 γάρ
1722 1118 1838 1169 ἐστι

246 1203 365 1257 τῶν
388 1203 525 1256 ὅλων
551 1202 712 1264 αὐτὸς
735 1200 985 1272 ποιητὴς,
1001 1200 1130 1264 λαὸς
1161 1202 1326 1255 αὑτοῦ
1354 1203 1593 1272 λέγοιντο
1621 1207 1686 1259 ἂν
1703 1209 1841 1261 είκό.

243 1312 362 1359 τως
388 1294 482 1348 καλ⁵
519 1297 568 1348 οί
600 1294 771 1347 πάλαι
804 1293 1168 1361 πλανώμενοι,
1191 1294 1284 1358 οὒς
1310 1296 1384 1361 ὡς
1409 1299 1609 1368 ἀγέλην
1631 1301 1839 1369 ἀπελη-

241 1387 496 1458 λαμένην
538 1386 644 1440 ὑπὸ
682 1384 893 1456 λῃστῶν
931 1387 1170 1439 σέσωκεν
1203 1390 1231 1440 6
1264 1388 1488 1456 Κύριος,
1532 1391 1659 1453 τοὺς
1702 1392 1836 1461 ψευ-

238 1480 583 1550 δοποίμενας
619 1477 885 1541 ἐκϐαλὼν,
920 1478 1015 1531 καὶ
1059 1478 1165 1531 ὑπὸ
1197 1482 1355 1550 χεῖρα
1386 1481 1556 1544 τιθεὶς
1602 1482 1740 1535 ἰδίαν
1779 1485 1840 1536 τὸ

237 1572 594 1643 ἀνθρώπινον
626 1570 801 1639 γένος.
836 1570 991 1622 Ἔστι
1019 1569 1131 1639 γὰρ
1162 1571 1324 1635 αὐτὸς
1359 1573 1388 1623 6
1440 1574 1646 1643 ποιμὴν
1679 1577 1707 1626 6
1741 1591 1840 1626 κα-

236 1661 356 1723 λὸς,
395 1662 424 1712 ὁ
456 1660 627 1723 τιθεὶς
657 1660 754 1729 τὴν
783 1659 961 1729 ψυχὴν
1000 1659 1164 1712 αὐτοῦ
1195 1661 1337 1730 ὑπὲρ
1382 1663 1490 1715 τῶν
1522 1664 1834 1733 προϐάτων.

312 1748 480 1800 Διότι
510 1747 666 1801 λίθοι
687 1747 842 1816 ἅγιοι
872 1746 1185 1799 κυλίογται
1216 1749 1313 1801 ἐπὶ
1349 1749 1459 1816 τῆς
1486 1750 1598 1819 γῆς
1622 1751 1832 1804 αὐτοῦ.

240 1840 386 1891 Ὅτι
426 1839 482 1891 εἷ
523 1856 577 1891 τι
608 1838 833 1906 ἀγαθὸν
869 1837 1077 1903 αὐτοῦ,
1120 1839 1217 1891 καί
1250 1841 1307 1893 εἴ
1347 1856 1401 1893 τι
1454 1841 1648 1894 καλὸν
1686 1842 1830 1909 παρ’

1945 667 2079 721 nihil
2108 676 2298 735 agunt,
2328 674 2377 720 et
2411 666 2632 733 sanguis
2666 677 2855 719 eorum
2888 664 3286 733 quodammodo
3324 672 3518 733 epotus

1942 766 2046 810 est.
2076 758 2331 811 Veritatis
2350 758 2551 825 quippe
2584 756 2857 824 dogmatis
2886 754 3048 810 veluti
3080 756 3401 826 quibusdam
3440 755 3519 809 la-

1942 849 2152 917 pidibus
2189 864 2220 902 e
2262 848 2424 902 l'uuda
2473 848 2716 916 percussi
2763 847 3096 911 obruuntur,
3146 855 3202 902 et
3258 856 3515 916 tanquam

1940 941 2121 995 suavis
2155 941 2289 994 odor
2319 940 2482 992 Deum
2524 938 2726 992 afﬂavit
2751 939 3017 994 exstincta
3049 952 3235 991 eorum
3272 936 3515 1005 loquaci-

1942 1040 2023 1085 tas
2054 1050 2066 1085 :
2095 1050 2112 1083 ι
2146 1030 2210 1083 Et
2233 1029 2464 1083 salvavit
2490 1029 2751 1083 Dominus
2780 1038 2838 1081 ut
2862 1043 2989 1083 oves
3007 1028 3260 1097 populum
3286 1041 3464 1081 suum.
3491 1043 3511 1077 ι

1941 1122 2206 1188 Quoniam
2255 1123 2395 1175 enim
2441 1122 2554 1189 ipse
2593 1131 2677 1173 est
2722 1121 2973 1174 conditor
3006 1119 3270 1181 omnium,
3318 1118 3515 1171 merito

1941 1215 2067 1268 item
2120 1214 2346 1281 populus
2388 1210 2505 1279 ejus
2543 1212 2810 1275 dicentur,
2846 1211 2937 1278 qui
2985 1211 3111 1264 olint
3162 1216 3512 1272 erraverunt;

1939 1320 2075 1375 quos
2102 1312 2160 1358 ut
2190 1319 2407 1374 gregem
2439 1318 2467 1356 a
2499 1302 2801 1356 latronibus
2834 1304 3084 1356 abactum
3124 1300 3370 1356 Christus
3398 1300 3511 1353 sal-

1941 1395 2105 1457 vavit,
2138 1392 2289 1446 falsis
2334 1392 2640 1461 pastoribus
2676 1390 2886 1460 ejectis,
2929 1399 2985 1444 et
3021 1404 3219 1458 genere
3271 1389 3512 1443 humano

1940 1484 1993 1537 in
2021 1484 2241 1537 tutelam
2280 1498 2432 1538 suam
2476 1492 2717 1552 recepto.
2754 1483 2873 1551 Ipse
2900 1483 3043 1535 enim
3077 1491 3160 1535 est
3201 1488 3384 1550 pastor
3414 1483 3514 1534 bo-

1941 1589 2062 1637 nus,
2088 1575 2177 1641 qui
2209 1575 2360 1643 ponit
2397 1576 2635 1629 animam
2664 1590 2814 1629 suam
2847 1590 2944 1644 pro
2969 1574 3161 1629 ovibus
3190 1574 3401 1629 suis'°‘.

2010 1751 2174 1805 Vnus.
2204 1751 2388 1816 i6,l7.
2434 1750 2577 1815 Quia
2610 1751 2809 1818 lapides
2840 1752 3011 1804 sancti
3041 1755 3320 1804 volvuntur
3351 1765 3508 1817 super

1939 1853 2132 1895 terram
2168 1842 2304 1909 ejus.
2341 1842 2478 1905 Quia
2513 1843 2562 1894 si
2608 1842 2736 1909 quid
2785 1844 2973 1893 bonum
3014 1839 3181 1906 illius,
3208 1850 3256 1893 et
3299 1841 3345 1893 si
3376 1840 3505 1908 quid

238 1930 461 1993 αὐτοῦ,
486 1929 653 1995 σῖτος
681 1930 1043 1993 νεανίσκοις,
1076 1930 1174 1982 καὶ
1206 1931 1370 1997 οἶνος
1394 1930 1719 1991 εὐωδιάζῖυν
1745 1935 1835 1999 εὶς

1939 1935 2128 1987 bonum
2170 1935 2233 1985 ab
2263 1949 2345 1996 eo,
2381 1936 2701 2000 frumentum
2740 1932 3040 2001 juvenibus,
3078 1943 3124 1985 et
3173 1933 3346 1986 viuum
3378 1932 3503 1985 boni

241 2020 613 2088 παρθένους.

316 2107 437 2161 ΞΔ’.
477 2109 672 2173 Λίθους
718 2110 816 2179 μὲν
856 2111 1043 2178 ἁγίους
1076 2113 1206 2174 τοὺς
1246 2113 1303 2164 ὲν
1341 2113 1408 2181 τῇ
1450 2113 1521 2181 γῇ
1572 2109 1664 2163 τοῦ
1698 2109 1835 2163 Θεοῦ

243 2199 604 2268 κυλιομένους
636 2202 761 2263 τοὺς
794 2203 850 2255 ὲν
891 2205 1014 2264 ταῖς
1056 2201 1404 2271 Ἐκκλησίαις
1437 2200 1576 2253 κατά
1610 2202 1836 2270 καιροὺς

244 2288 466 2358 ἁγίους,
490 2290 647 2360 οἵπερ
677 2290 741 2343 ἂν
768 2292 1008 2358 γένοιντο
1033 2292 1386 2361 μυσταγωγοὶ
1414 2293 1508 2343 καί¹
1528 2291 1837 2345 διδάσκαλοι

246 2379 676 2449 κατωνομάσθαι
706 2382 906 2451 φαμέν.
936 2382 1254 2452 Σύμμορφοι
1284 2381 1391 2455 γάρ
1427 2382 1681 2450 γεγόνασι
1710 2399 1728 2431 t
1759 2380 1836 2450 τῷ

243 2469 383 2540 λίθῳ
413 2470 489 2539 τῷ
517 2471 781 2542 ὲκλεκτῷ,
811 2472 903 2525 καὶ¹
928 2473 1328 2543 ἀκρογωνιαίῳ,
1373 2473 1468 2525 καὶ
1500 2472 1722 2542 ἐντίμῳ,
1764 2471 1839 2541 τῷ

244 2563 557 2635 τεθειμένῳ
587 2566 738 2634 παρά
761 2566 857 2618 τοῦ
890 2566 1025 2619 Θεοῦ
1053 2567 1146 2619 καὶ
1171 2567 1384 2636 Πατρὸς
1413 2568 1493 2629 εἰς
1516 2566 1585 2618 τά
1615 2565 1839 2636 θεμέλια

245 2655 413 2711 Σιών.
446 2674 465 2707 ι
500 2657 563 2709 Εἰ
587 2657 641 2709 δὲ
667 2656 811 2719 λίθος
842 2659 870 2709 6
894 2656 1163 2725 θεμέλιος,
1197 2658 1246 2709 oi
1274 2658 1837 2727 συναρμολογούμενοί

243 2766 306 2801 τε
350 2748 449 2801 καλ⁵
484 2748 966 2818 συμϐιϐαζόμενοι,
1006 2749 1100 2801 καὶ
1151 2750 1230 2810 είς
1267 2749 1395 2800 ναὸν
1426 2748 1580 2817 ἅγιον
1617 2748 1839 2801 ἀνιστά-

249 2857 409 2910 μενοι
443 2840 520 2910 τῷ
550 2839 688 2910 Θεῷ,
719 2839 853 2893 λίθοι
881 2841 975 2893 καὶ
1004 2839 1155 2892 αὐτοὶ
1190 2840 1431 2902 πιθανῶς
1459 2840 1834 2909 ὀνομάζονται.

247 2927 559 2982 Κυλίεσθαί
585 2944 649 2996 γε
681 2929 786 2999 μὴν
809 2929 1006 2991 αὐτοὺς
1030 2924 1086 2981 εὖ
1116 2929 1260 2998 μάλα
1285 2932 1439 2997 φησὶ,
1468 2928 1530 2981 τὸ
1568 2928 1704 2997 πρὸς
1730 2930 1838 2981 πᾶν

243 3019 433 3074 ὁτιοῦν
455 3021 562 3073 τῶν
603 3021 772 3088 ἁγίων
800 3020 963 3072 οἱονεί
991 3037 1106 3082 πως
1133 3020 1454 3092 εῦστροφον,
1494 3021 1587 3073 καὶ
1613 3021 1835 3090 γοργὸν,

244 3113 337 3165 διὰ
368 3113 562 3166 τούτου
604 3113 903 3184 σημαίνων.
934 3114 997 3165 Oi
1032 3112 1139 3183 γάρ
1171 3129 1251 3165 τοι
1293 3117 1630 3185 περιφερεῖς,
1668 3113 1837 3183 ἤγουν

245 3204 615 3273 σφαιροειδεῖς
636 3203 742 3256 τῶν
774 3203 957 3269 λίθων,
981 3203 1139 3257 ὄκνου
1172 3205 1368 3267 παντός
1393 3205 1438 3256 εί
1448 3221 1529 3256 σιν
1556 3205 1832 3274 ἀμείνους,

172 3362 175 3363 ν
247 3296 341 3348 καὶ
366 3296 479 3348 τῶν
513 3295 687 3348 ἄλλων
727 3297 808 3358 είς
834 3296 1046 3367 κίνησιν
1075 3296 1431 3367 έτοιμότεροι,
1468 3297 1630 3359 εἴτις
1665 3296 1837 3349 ἕλοιτο

247 3388 425 3441 κινεῖν
448 3402 473 3439 :.
496 3386 776 3453 εὐάγωγος
803 3384 860 3438 δὲ
895 3385 1014 3440 λίαν
1053 3388 1132 3449 είς
1167 3386 1229 3437 τὸ
1256 3386 1333 3455 τῷ
1367 3386 1485 3455 Θεῷ
1514 3386 1702 3438 δοκοῦν
1728 3385 1836 3437 τῶν

247 3479 425 3547 ἁγίων
474 3480 502 3531 ὁ
549 3477 693 3539 νοῦς.
722 3478 908 3540 οὕτως
950 3473 1042 3531 οὖν
1079 3480 1210 3548 ἡμῖν
1245 3479 1475 3547 ἑχόντων
1514 3478 1622 3529 τῶν
1650 3476 1834 3539 λίθων,

246 3569 455 3638 πρέποι
494 3568 559 3621 ἂν
606 3569 753 3638 ἡμᾶς
798 3568 1101 3620 διακεῖσθαι
1139 3567 1234 3619 καὶ
1273 3568 1577 3637 ἀραρότως.
1625 3568 1745 3619 Ὅτι
1786 3565 1839 3617 εί

244 3675 298 3711 τι
318 3658 547 3727 ἀγαθὸν,
570 3656 757 3722 αὐτοῦ,
787 3657 881 3709 καὶ
908 3655 961 3708 εἴ
994 3674 1047 3708 τι
1095 3657 1281 3719 καλὸν,
1315 3658 1445 3728 παρ’
1471 3657 1658 3720 αὑτοῦ,
1680 3657 1836 3727 δῆλον

245 3750 303 3803 δὲ
335 3750 419 3802 ὅτι
443 3749 538 3802 τοῦ
567 3750 742 3802 πάντα
772 3749 902 3818 ἡμῖν
928 3748 995 3802 τὰ
1023 3747 1162 3818 πρὸς
1187 3749 1471 3802 εὐσέϐειαν
1492 3750 1837 3819 διανέμοντος

246 3839 407 3894 Θεοῦ.
462 3843 597 3893 Ποῖα
627 3842 684 3894 δὲ
724 3841 897 3893 ταῦτα
936 3840 1089 3904 ἐστί;
1131 3859 1149 3890 ‹
1187 3841 1339 3902 Σῖτος
1384 3840 1705 3904 νεανίσκοις.
1746 3842 1839 3893 καὶ

246 3930 393 3996 οἶνος
430 3931 739 3997 εὐωδιάζων
767 3934 845 3996 είς
882 3933 1207 4004 παρθένους.
1240 3951 1258 3983 ›
1297 3932 1421 3995 Τοῖς
1460 3933 1561 4003 μὲν
1596 3932 1705 4003 γὰρ
1744 3932 1838 3985 ἁν-

246 4024 609 4096 δριζομένοις,
649 4024 742 4077 καὶ
778 4024 1011 4094 νεανικῷ
1056 4024 1363 4096 φρονήματι
1409 4024 1546 4094 πρὸς
1593 4024 1653 4077 τὸ
1684 4023 1834 4093 αὐτῷ

247 4114 441 4168 δοκοῦν
468 4117 879 4178 ἀπονενευκόσι,
907 4117 1001 4167 καὶ
1033 4114 1276 4185 πληροῦν
1301 4114 1578 4184 ἑλομένοις
1610 4113 1670 4166 τὸ
1700 4116 1836 4181 ἀγαι-

251 4205 361 4271 θὸν,
396 4206 685 4274 δοθήσεται
727 4208 857 4277 παρ’
877 4205 1043 4259 αὑτοῦ
1076 4207 1167 4258 καὶ
1205 4205 1283 4257 ἔτι
1319 4205 1520 4276 μείζων
1563 4207 1735 4275 ἰσχὺς,
1762 4205 1836 4269 ὡς

250 4298 307 4349 ὲν
356 4297 491 4367 σίτῳ
535 4297 838 4367 νοουμένην
876 4315 894 4346 ι
944 4294 1199 4366 Στηρίζει
1247 4294 1357 4365 γὰρ
1398 4295 1561 4366 ἄρτος
1606 4294 1837 4364 καρδίαν

252 4384 567 4456 ἀνθρώπου.
618 4406 635 4435 ι
686 4386 807 4447 Τοῖς
858 4401 923 4452 γε
971 4383 1077 4453 μὴν
1126 4383 1228 4452 ἤδη
1272 4382 1693 4453 διηγνισμένοις,
1745 4382 1837 4435 καὶ

251 4476 552 4546 ἀμὸλυντον
602 4475 781 4546 ἔχουσι
840 4476 931 4528 τὸν
990 4474 1147 4537 νοῦν,
1213 4475 1262 4527 οἳ
1307 4476 1400 4528 καὶ
1448 4479 1673 4546 σεμναῖς
1745 4475 1836 4527 καὶ

252 4566 435 4633 ἁγίαις
483 4567 775 4635 παρθένοις
816 4567 1236 4638 παρεικάζοιντο
1285 4566 1350 4619 ἂν
1398 4567 1648 4630 εἰκότως,
1694 4562 1835 4630 οἶνος
1870 4601 1913 4657 D

251 4657 534 4730 δοθήσεται
584 4660 789 4730 νοητὸς,
829 4662 862 4731 ἡ
913 4661 1041 4731 περὶ
1089 4659 1225 4712 Θεοῦ
1264 4659 1507 4730 δηλονότι
1557 4660 1735 4730 σαφής
1775 4676 1834 4711 τε

254 4748 346 4802 καὶ
385 4749 769 4820 ἁκιϐδήλευτος
804 4750 1026 4818 γνῶσις,
1063 4771 1081 4802 ι
1115 4754 1147 4822 ἡ
1190 4751 1660 4823 κατευφραίνουσα
1696 4768 1832 4821 καρ·

256 4838 368 4892 δίαν
400 4840 713 4912 ἀνθρώπου.
758 4861 777 4893 ι
804 4842 1012 4896 Οὐκοῦν
1038 4844 1307 4897 νεανίσκοι
1342 4861 1400 4896 τε
1430 4843 1524 4897 καὶ
1552 4843 1831 4912 παρθένοι,

257 4929 303 4979 οἱ
332 4932 472 4985 κατά
501 4949 565 5001 γε
585 4934 710 4996 τοὺς
733 4931 935 5002 ἀρτίως
962 4935 1092 5002 ἡμῖν
1124 4932 1483 4996 ἀποδοθέντας
1510 4932 1722 5000 λόγους,
1754 4933 1832 4993 εἰς

256 5021 464 5090 εὐρεῖάν
486 5040 544 5078 τε
571 5023 667 5076 καὶ
694 5023 982 5093 ἀμφιλαφῆ
1006 5023 1225 5094 μέθεξιν
1249 5024 1356 5078 τῶν
1388 5026 1593 5078 ἄνωθεν
1618 5021 1839 5090 ἀγαθῶν

257 5113 610 5185 κεκλήσονταί
656 5133 716 5169 τε
768 5116 1015 5183 εἰκότως,
1056 5118 1151 5169 καὶ
1190 5116 1510 5171 ἀκούσονται
1560 5114 1695 5169 Θεοῦ
1750 5115 1837 5167 λέ-

257 5221 475 5279 γοντος·
515 5227 534 5250 ι
572 5208 799 5270 Φάγετε,
833 5209 924 5263 καὶ
960 5210 1131 5273 πίετε,
1162 5211 1256 5265 καὶ
1290 5210 1595 5280 μεθύσθητε
1623 5211 1671 5261 oi
1698 5208 1838 5277 πλη-

260 5296 389 5353 σίον.
431 5319 449 5349 ›
483 5301 717 5369 Πλησίον
736 5302 844 5371 γάρ
875 5302 925 5353 οἱ
951 5301 1143 5355 τοιοίδε
1182 5300 1318 5353 Θεοῦ
1339 5319 1352 5331 ο
1397 5302 1489 5355 καὶ
1534 5302 1594 5354 οὐ
1620 5301 1835 5371 σχέσεσι

259 5394 504 5455 τυπικαῖς
529 5408 542 5421 ⁸
572 5391 738 5462 ληρία
766 5393 872 5465 γὰρ
907 5392 1067 5446 τοῦτο
1094 5393 1311 5463 νοεῖν,ἢ
1347 5394 1640 5464 φρονῆσαι·
1670 5409 1844 5463 παρα-

262 5479 492 5547 στήματι
536 5481 593 5533 δὲ
629 5481 865 5545 διανοίας
913 5482 991 5551 τῷ
1035 5482 1156 5535 λίαν
1205 5484 1590 5553 ἀλκιμωτάτῳ,
1636 5485 1730 5536 καὶ
1768 5485 1835 5554 τῇ

265 5566 396 5635 πρὸς
434 5572 542 5629 πᾶν
590 5570 764 5625 ὁτιοῦν
804 5570 913 5623 τῶν
958 5572 1196 5643 ἀρίστων
1244 5573 1449 5643 ἐφέσει,
1500 5575 1595 5628 καὶ
1647 5575 1837 5647 ἀγάπῃ

268 5657 329 5725 τῇ
358 5659 434 5721 εἰς
473 5661 656 5715 αὐτόν.
684 5662 892 5733 ’Ὠσπερ
941 5663 1038 5733 ,ἀρ
1077 5663 1353 5735 ἐξίστησιν
1394 5667 1558 5736 ἡμᾶς,
1595 5667 1689 5718 καὶ
1725 5661 1836 5719 οἷον

1938 2024 2113 2076 odoris
2151 2025 2235 2076 ad
2250 2024 2490 2091 virgines.

2015 2115 2197 2170 LXIV.
2242 2115 2472 2184 Lapides
2502 2124 2717 2169 sanctos
2741 2116 2832 2184 qui
2872 2115 2923 2167 in
2963 2123 3101 2168 terra
3134 2114 3250 2184 ejus
3282 2110 3513 2168 volvuuo

1943 2216 2067 2271 tur,
2126 2208 2428 2275 quibusque
2478 2208 2808 2275 temporibus
2858 2206 3221 2262 Ecclesiarmn
3267 2217 3510 2269 sanetos,

1939 2300 2031 2367 qui
2087 2308 2525 2368 mystagugorum
2603 2299 3090 2368 magistrorumque
3133 2296 3310 2351 ollicio
3358 2298 3510 2368 fungi

1941 2390 2168 2458 possint,
2223 2390 2529 2441 nominatos
2580 2400 2721 2448 esse.
2783 2387 3133 2443 allirmamus.
3189 2387 3511 2444 Conformes

1940 2481 2084 2536 enim
2133 2488 2260 2534 sunt
2306 2496 2326 2529 ι
2371 2478 2529 2548 lapidi
2564 2479 2757 2544 electo,
2807 2488 2860 2532 et
2906 2495 3118 2535 smnmo
3153 2479 3421 2550 angulari,
3460 2487 3515 2532 et

1940 2572 2201 2641 pretioso,
2261 2570 2440 2640 posito
2489 2585 2519 2623 a
2576 2569 2686 2624 Deo
2749 2580 2803 2624 et
2851 2570 3011 2624 Patre
3064 2572 3115 2624 in
3163 2571 3512 2623 fundamenta

1942 2662 2071 2714 Sion
2098 2662 2164 2714 ²¹.
2210 2678 2229 2712 ι
2267 2660 2419 2726 Quod
2452 2660 2494 2713 si
2527 2659 2939 2713 fundamentum
2982 2660 3139 2727 lapis,
3164 2658 3424 2727 coaptati,
3456 2667 3514 2710 et

1940 2748 2396 2813 coagmentati,et
2425 2749 2475 2800 in
2502 2746 2757 2816 templum
2788 2754 3036 2799 sanctum
3068 2746 3299 2800 Domino
3314 2745 3508 2808 erecti,

1939 2841 2100 2895 etiam
2151 2838 2247 2907 ipsi
2292 2853 2395 2892 non
2443 2839 2626 2906 inepte
2692 2837 2899 2906 lapides
2947 2837 3315 2891 nominantur.
3360 2836 3511 2890 Volvi

1938 2941 2115 3005 autem
2146 2930 2266 2985 illos
2312 2928 2716 2998 appositissime
2747 2929 2904 2994 dicit,
2937 2937 2996 2982 ut
3041 2929 3106 2981 ad
3148 2929 3362 2996 quidvis
3388 2943 3515 2982 san-

1939 3035 2149 3077 ctorum
2179 3021 2474 3092 agilitatem
2524 3021 2966 3089 celeritatemque
2996 3020 3254 3074 declaret.
3281 3018 3515 3088 Lapides

1939 3118 2083 3170 enim
2109 3113 2466 3177 orbiculares,
2520 3127 2614 3167 seu
2650 3114 2889 3176 rotundi,
2925 3112 3065 3166 citra
3100 3112 3260 3166 ullam
3292 3110 3517 3165 dillicul-

1944 3216 2109 3261 tatem
2158 3202 2504 3260 mobilissimi
2550 3213 2696 3267 sunt,
2742 3204 2785 3257 si
2823 3204 2945 3271 quis
2981 3219 3075 3258 eos
3119 3203 3393 3270 impellere
3423 3217 3517 3256 vo-

1863 3275 1904 3329 c
1942 3299 2140 3354 luerit:
2179 3299 2259 3352 sic
2286 3297 2503 3350 animus
2532 3307 2841 3349 sanctormn
2887 3295 2953 3349 ad
3006 3295 3182 3348 omnia
3214 3295 3325 3347 Deo
3363 3303 3516 3363 grata

1938 3389 2185 3442 obeunda
2218 3395 2301 3440 est
2344 3385 2645 3438 versatilis.
2682 3384 2951 3449 Quoniam
3000 3384 3162 3452 igitur
3206 3383 3411 3451 lapides
3440 3383 3515 3436 ita

1940 3493 1999 3533 se
2042 3478 2264 3541 habent,
2312 3476 2471 3529 docet
2524 3488 2624 3527 nos
2667 3482 3027 3542 congruenter
3057 3473 3325 3527 animatos
3373 3488 3513 3528 esse.

1944 3571 2078 3637 Quia
2122 3569 2167 3624 si
2201 3569 2328 3639 quid
2354 3570 2550 3622 bonum
2585 3567 2702 3634 ejus
2730 3575 2832 3629 est,
2862 3574 2916 3620 et
2961 3565 3007 3620 si
3052 3566 3178 3633 quid
3210 3567 3515 3630 honestum,

1942 3661 2009 3714 ab
2031 3661 2148 3729 ipso
2176 3665 2279 3721 est,
2327 3671 2521 3727 nempe
2552 3672 2579 3708 a
2612 3657 2720 3709 Deo
2752 3657 2933 3710 omnia
2968 3656 3123 3709 nobis
3164 3655 3229 3709 ad
3262 3657 3515 3724 pietatem

1941 3749 2224 3818 largiente.
2258 3748 2387 3813 Quae
2428 3754 2554 3800 sunt
2598 3757 2776 3798 autem
2806 3744 2953 3799 ista?
2988 3764 3007 3797 ι
3047 3744 3399 3799 Frumentum
3423 3744 3516 3813 ju-

1939 3841 2190 3901 venibus,
2238 3836 2402 3908 7M
2448 3846 2502 3891 et
2542 3838 2728 3890 vinmn
2780 3836 3065 3890 odoratum
3096 3835 3163 3890 ad
3201 3836 3457 3904 virgines.
3492 3853 3510 3887 ι

1940 3930 2100 3984 Viros
2140 3930 2285 3982 enim
2316 3944 2374 3981 se
2407 3927 2795 3996 praebentibus,
2833 3938 2887 3981 et
2918 3927 3161 3980 animose
3189 3925 3309 3996 ejus
3353 3927 3515 3980 bene-

1939 4020 2197 4089 placitum
2230 4018 2576 4079 curantibus,
2609 4028 2665 4071 et
2691 4017 2881 4071 virtuti
2913 4019 3121 4072 servire
3147 4018 3515 4085 cupientibus,

1939 4111 2159 4166 dabitur
2198 4109 2267 4163 ab
2318 4125 2382 4164 eo
2437 4108 2613 4176 majus
2666 4110 2843 4163 adhuc
2893 4108 3080 4173 robur,
3127 4108 3269 4177 quod
3317 4109 3370 4161 in
3407 4105 3521 4162 fru-

1942 4213 2128 4258 mento
2178 4200 2541 4269 intelligitur:
2583 4218 2601 4251 ι
2643 4199 2807 4254 Panis
2832 4200 3101 4269 siquidem
3146 4214 3243 4254 cor
3284 4198 3518 4253 hominis

1953 4294 2243 4349 coulirmat
2281 4293 2349 4345 “.
2389 4310 2407 4342 ι
2441 4288 2691 4359 Purgatis
2724 4304 2871 4357 vero,
2922 4299 2976 4344 et
3011 4291 3248 4343 animum
3292 4290 3520 4360 gerenti-

1945 4388 2044 4438 bus
2094 4382 2606 4442 incontamiuatum,
2642 4381 2745 4448 qui
2771 4389 2825 4434 et
2849 4379 3250 4434 venerabilibns
3300 4390 3356 4435 et
3401 4395 3521 4434 san-

1941 4476 2046 4531 ctis
2074 4475 2375 4544 virginibus
2404 4471 2711 4541 comparari
2746 4471 2869 4539 jure
2898 4482 3118 4541 queant,
3143 4473 3324 4527 vinum
3362 4472 3519 4526 dabi-

1943 4578 2050 4634 tur,
2087 4567 2230 4637 quod
2257 4564 2627 4635 intelligentia:
2662 4572 2827 4632 patet,
2866 4564 2959 4619 Dei
2992 4566 3249 4619 nimirum
3284 4564 3438 4635 plena
3466 4575 3519 4619 et

1943 4657 2471 4731 gertnanacoguitio,
2498 4674 2516 4707 ι
2546 4655 2824 4711 laetiﬁcans
2850 4672 2946 4711 cor
2965 4658 3198 4711 hominis
3217 4658 3281 4710 ’³.
3320 4676 3338 4708 ι
3369 4656 3515 4723 Quo-

1941 4751 2083 4805 circa
2117 4749 2487 4802 adolescentes
2518 4758 2573 4802 et
2600 4748 2861 4817 virgines,
2886 4747 3038 4816 juxta
3074 4749 3313 4803 rationes
3360 4748 3517 4801 modo

1942 4859 1970 4895 a
2006 4840 2160 4895 nobis
2182 4839 2504 4909 explicatas,
2537 4840 2603 4892 ad
2634 4840 2867 4907 amplam
2931 4850 2987 4895 et
3022 4842 3297 4910 copiosam
3348 4842 3517 4896 bono~

1941 4918 2058 4988 rum
2081 4948 2434 5002 supernorum
2463 4935 2902 4987 communionem
2928 4935 3119 4988 merito
3154 4935 3512 4996 vocabuntur,

1938 5026 2266 5093 audientque
2297 5024 2465 5079 Deum
2487 5026 2757 5080 dicentem
2795 5044 2807 5078 :
2846 5044 2863 5075 ι
2904 5024 3208 5090 Comedite,
3234 5036 3289 5079 et
3324 5025 3513 5087 bibite,

1936 5126 1990 5168 et
2013 5113 2376 5178 inebriamini,
2403 5115 2688 5184 propinqui
2720 5114 2787 5168 “.
2822 5132 2840 5164 ι
2870 5113 2932 5167 Hi
2964 5114 3105 5168 enim
3138 5124 3265 5168 sunt
3294 5114 3515 5181 propin-

1936 5209 2026 5278 qui
2081 5208 2211 5263 Dei:
2250 5223 2354 5262 non
2407 5207 2692 5261 allectione
2750 5208 3051 5262 secundum
3098 5206 3317 5261 locum:
3371 5201 3513 5271 quod
3574 5220 3577 5224 ’

1936 5302 2053 5355 sine
2091 5302 2290 5369 ineptia
2327 5299 2550 5369 intelligi
2601 5308 2694 5353 aut
2742 5299 2972 5367 cogitari
3020 5312 3126 5352 non
3170 5303 3381 5367 potest;
3416 5294 3511 5348 sed

1938 5391 2102 5444 animi
2129 5390 2415 5459 praesentia
2444 5389 2602 5459 longe
2632 5388 3031 5453 robustissima,
3063 5396 3117 5442 et
3144 5384 3413 5440 desiderio
3443 5386 3509 5438 ad

1938 5482 2153 5551 quidvis
2175 5483 2462 5551 optimum,
2485 5491 2539 5535 et
2563 5481 2829 5535 charitate
2860 5495 2986 5549 erga
3021 5478 3193 5533 illum.
3230 5477 3512 5544 Quomodo

1938 5574 2080 5628 enim
2111 5572 2360 5627 deturbat
2414 5587 2536 5637 nos,
2584 5580 2640 5624 et
2678 5570 2834 5639 quasi
2877 5568 3087 5638 longius
3140 5566 3359 5623 abducit
3408 5567 3512 5622 im-

1939 5666 2225 5735 probitas:
2276 5666 2356 5720 sie
2406 5666 2576 5719 virtus
2619 5678 2719 5718 nos
2772 5662 2880 5716 Deo
2933 5662 3095 5730 sistit,
3140 5662 3191 5717 id
3235 5661 3377 5732 quod
3415 5675 3511 5717 nos

353 5830 586 5890 "‘Joan.
616 5852 668 5894 κ.
704 5837 790 5898 li,
830 5839 908 5893 l5.
990 5841 1028 5871 ²¹
1053 5839 1153 5894 [5a.
1182 5854 1369 5903 xxvtu,
1415 5840 1495 5895 l6.
1556 5843 1598 5872 ²¹
1624 5840 1767 5895 l’sal.
1803 5856 1919 5908 cut,
1955 5841 2037 5897 15.
2115 5844 2158 5874 ’³
2190 5841 2354 5905 Eccli.
2394 5857 2482 5908 κιρ,
2514 5840 2604 5896 20.
2682 5840 2726 5872 “
2750 5840 2905 5896 Cant.
2945 5839 3079 5905 5,1.
