4120 6552
232 267 334 320 λιθι

1046 256 1594 317 COMMENTARIUS
1632 254 1698 311 IN
1742 253 2141 311 ZACHARIAM
2182 254 2623 312 PROPHETAM.

3389 250 3493 307 €69.

240 375 381 433 οἶνον
405 375 551 446 ἔχειν
576 375 772 439 αὑτάς.
804 375 903 429 ἀλλ
948 375 1069 431 οὐδὲ
1100 375 1273 438 ὑετοῖς
1304 373 1671 446 κατάρδεσθαι
1703 374 1816 435 τοῖς

1926 384 2131 441 gentur,
2177 384 2234 430 ut
2277 375 2401 430 inde
2446 375 2501 428 in
2537 349 2682 441 agris
2722 371 2946 427 herbam
2982 384 3087 426 non
3122 370 3374 429 habeant.
3422 370 3493 426 Et

242 470 469 541 νοητοΞς,
500 468 575 532 ὡς
598 466 844 523 ἐντεῦθεν
873 467 1071 529 αὐτοὺς
1106 466 1180 537 μὴ
1209 466 1354 535 ἔχειν
1382 468 1439 518 ὲν
1468 464 1622 535 ἀγρῷ
1654 463 1812 534 βοτά-

243 577 361 635 νην.
386 559 497 623 Καὶ
528 561 557 613 ό
606 558 706 627 μὲν
750 558 909 626 λόγος
940 558 1017 621 ὡς
1048 559 1146 613 ἐπὶ
1187 558 1527 628 πραγμάτων
1556 556 1813 609 ὲκπεποί-

246 670 363 726 ηται
390 650 497 703 τῶν
520 649 791 720 αἰσθητῶν
810 666 824 679 ’
851 650 885 719 ἦ
913 666 975 715 γε
1000 650 1106 719 μὴν
1128 651 1188 702 ὲν
1205 650 1392 712 αὐτοῖς
1416 647 1621 717 θεωρία
1644 647 1812 725 λεπτή

326 742 460 807 ἄγαν
501 739 641 805 ἐστὶ,
683 742 779 793 καὶ
824 740 960 793 πολὺ
1003 740 1123 793 λίαν
1153 740 1352 810 ἔχουσα
1389 739 1468 791 τὸΔ
1502 721 1812 807 εἰλικρινές.

247 831 374 887 Θεοῦ
422 830 551 901 γὰρ,
609 831 766 900 φησὶ,
822 831 1104 894 ποιοῦντος
1146 829 1471 899 φαντασίας,
1535 828 1816 882 τουτέστιν

242 922 541 991 ἀστραπὰς,
574 922 669 974 καὶ
719 922 872 975 ὑετὸν
909 925 976 992 τῇ
1003 924 1073 992 γῇ
1105 921 1196 974 τὸν
1240 920 1547 991 χειμερινὸν
1576 919 1813 988 χέοντος,

240 1014 295 1076 ὃς
322 1014 747 1083 ἑστιχρήσιμος.
775 1014 870 1066 καὶ
900 1013 1007 1083 μὴν
1032 1013 1128 1065 καὶ
1158 1013 1392 1082 ἑκάστῳ,
1417 1011 1526 1065 τῶν
1548 1012 1604 1064 ὲν
1627 1011 1815 1080 ἀγροῖς

238 1105 499 1175 δηλονότι,
528 1105 762 1169 διδόντος
788 1105 1041 1175 βοτάνην,
1066 1105 1476 1175 πεπλανήκασιν
1502 1104 1741 1166 ἐκείνους
1766 1103 1815 1153 οἱ

237 1196 743 1267 άποφθεγγόμενοι,
802 1196 1103 1260 τουτέστιν,
1154 1198 1204 1249 οἱ
1248 1195 1560 1264 ψευδοεπεῖς
1603 1210 1663 1246 τε
1724 1192 1817 1245 καὶ

235 1285 581 1357 ψευδηγόροι,
624 1287 721 1349 καὶ
776 1289 1034 1356 μαντείας
1072 1288 1322 1355 λέγοντες
1343 1288 1441 1349 τὰς
1468 1287 1576 1340 ἀπό
1604 1302 1668 1352 γε
1716 1285 1816 1354 τῆς

234 1371 381 1441 σφῶν
424 1374 672 1444 καρδίας.
703 1370 863 1433 Οὗτοι
892 1374 1218 1445 λελαλήκασι
1263 1374 1484 1438 κόπους,
1536 1373 1816 1429 τουτέστιν

228 1462 290 1514 οὗ
311 1461 383 1515 τὰ
420 1463 507 1527 είς
556 1465 864 1518 ἀνάπαυσιν
896 1467 1007 1528 τοῖς
1050 1464 1397 1518 πιστεύουσιν
1440 1464 1645 1528 αὐτοῖς,
1680 1461 1818 1516 ἀλλὰ

227 1553 291 1608 δι’
315 1547 391 1617 ὧν
429 1554 643 1624 ἀνάγκη
668 1560 885 1625 καμεῖν,
920 1556 1039 1625 Θεῷ
1066 1556 1530 1627 προσκρούοντας,
1560 1554 1653 1609 καὶ
1676 1572 1817 1626 παρ-

230 1647 569 1715 ορωμένους.
615 1648 679 1701 υἱ
706 1648 765 1700 δέ
799 1665 860 1715 γε
905 1648 1125 1719 μάντεις
1164 1648 1258 1701 καὶ
1289 1648 1357 1701 τὰ
1385 1648 1611 1701 ἐνύπνια
1646 1646 1816 1716 ψευδῆ

229 1735 482 1799 ὲλάλουν,
521 1736 846 1806 εὐηχοῦντες
883 1739 1067 1800 αὐτοῖς
1094 1737 1336 1807 δηλονότι
1372 1736 1442 1791 τά
1479 1734 1812 1805 καταθύμια,
1847 1729 1894 1788 Β

234 1825 330 1878 καὶ
357 1827 625 1895 χρησταῖς
656 1826 755 1896 μὲν
793 1826 975 1881 ἐλπίσι
1014 1827 1478 1890 καταπιαίνοντες,
1516 1826 1818 1895 φάσκοντες

238 1915 294 1968 δὲ
322 1915 520 1983 ἀληθὲς
545 1917 725 1969 οὐδέν·
752 1917 867 1970 ἀλλ’
906 1920 985 1981 είς
1014 1918 1231 1989 ἀπάτην
1261 1919 1355 1971 καὶ
1386 1917 1652 1987 πλάνησιν
1681 1918 1817 1970 ἀπο·-

236 2006 520 2076 φέροντες,
560 2007 762 2076 ἥκιστα
788 2008 886 2077 μὲν
914 2008 1391 2070 καταδεικνύοντές
1418 2025 1567 2075 σφισι
1596 2006 1687 2065 τὸν
1709 2007 1817 2060 τῶν

236 2099 623 2168 πνευματικῶν
655 2099 859 2169 δοτῆρα
905 2102 1017 2162 καὶ,
1037 2099 1273 2171 χορηγόν
1294 2115 1307 2128 ·
1336 2100 1719 2162 ἀναπείθοντες
1762 2100 1818 2155 δὲ

241 2189 445 2259 μᾶλλον
472 2191 646 2243 αἰτεῖν
672 2191 773 2260 τὴν
799 2192 1102 2261 εὐημερίαν
1135 2190 1287 2261 παρὰ
1313 2190 1423 2244 τῶν
1448 2189 1819 2258 ψευδωνύμων

240 2280 403 2333 θεῶν.
441 2298 459 2329 ι
484 2279 667 2350 Ταύτῃ
686 2297 791 2345 τοι,
820 2282 1008 2350 φησὶν,
1030 2282 1426 2353 ἐξηράνθησαν,
1450 2283 1524 2344 ὡς
1548 2283 1648 2335 οὐκ
1673 2283 1823 2353 ἔχον-

237 2387 330 2434 τες
366 2370 542 2433 ὑετὸν,
577 2372 671 2425 καὶ
720 2372 1081 2441 ἐκακώθησαν
1116 2373 1191 2436 ὡς
1233 2373 1501 2444 πρόϐατα.
1546 2392 1563 2425 ι
1594 2374 1668 2426 Οὐ
1715 2374 1822 2443 γὰρ

236 2456 308 2531 ἦν
338 2462 562 2531 βοτάνη,
592 2480 610 2511 ι
644 2463 745 2517 οὐκ
768 2456 836 2532 ἦν
862 2462 1025 2525 ἴασις.
1060 2481 1078 2515 ι
1112 2464 1184 2516 Οὐ
1213 2464 1321 2533 γὰρ
1355 2459 1422 2533 ἦν
1448 2464 1632 2526 αὐτοῖς
1666 2466 1694 2516 ὁ
1721 2480 1822 2516 κα-

233 2553 527 2622 τάδεσμιῖη
574 2554 634 2609 τὸ
672 2555 1155 2624 συντετριμμένον,
1205 2557 1232 2608 ὁ
1274 2555 1507 2611 άνιστῶν
1533 2555 1594 2609 τὸ
1623 2559 1823 2627 κατερε-

232 2643 539 2713 ηραγμένον,
571 2645 600 2698 ό
628 2644 1011 2715 ἀνακτώμενος
1044 2646 1107 2700 τὸ
1131 2646 1535 2716 κεκακωμένον.
1577 2648 1821 2720 Προσεκο

237 2732 360 2785 τέον
414 2732 478 2803 δὴ
521 2728 634 2795 οὖν,
665 2734 786 2803 οὐχὶ
833 2738 947 2796 τοῖς
991 2736 1434 2806 ἀποφθεγμένοις
1477 2737 1546 2789 τά
1591 2737 1819 2807 μάταια,

234 2822 563 2895 ψευδοεπέσι
587 2841 645 2882 τε
662 2825 755 2877 καὶ
777 2824 1128 2896 βωμολόχοις,
1155 2828 1246 2880 καὶ
1269 2827 1649 2890 ὲνυπνιασταῖς
1665 2845 1679 2859 ο
1704 2827 1822 2899 Θεῷ

236 2914 295 2970 δὲ
325 2913 530 2984 μᾶλλον
558 2915 634 2985 τῷ
667 2916 744 2979 είς
773 2914 897 2969 νοῦν
933 2918 1067 2986 ἡμῖν
1099 2917 1525 2988 ὲναστράπτοντι
1562 2918 1659 2989 τῆς
1688 2919 1822 2988 ἀλη-

237 3006 367 3072 θοῦς
391 3006 721 3075 θεογνωσίας
751 3007 812 3060 τὸ
855 3008 992 3076 φῶς,
1023 3009 1116 3062 καὶ
1151 3011 1373 3078 νοητοὺς
1420 3009 1610 3072 ὑετοὺς
1652 3028 1820 3064 κατα-

1920 466 2084 520 verba
2113 466 2324 534 quidem
2347 474 2606 534 tanquam
2630 463 2697 518 de
2723 462 2883 518 rebus
2908 475 3123 517 sensum
3151 463 3492 531 tangentibus

1922 555 2076 619 ﬁunt,
2129 556 2225 610 sed
2274 570 2435 624 quam
2490 554 2767 609 continent
2826 550 3361 617 theoriamrsubtilis
3406 562 3494 606 est

1921 649 2229 713 admodum,
2263 657 2317 702 et
2356 647 2662 714 purissima.
2711 644 2891 714 lnquit
2914 643 3079 709 enim,
3109 644 3216 697 Deo
3265 642 3494 697 faciente

1922 739 2255 807 phantasias,
2290 740 2391 793 hoc
2437 748 2522 792 est
2556 737 2789 807 fulgura,
2835 746 2891 789 et
2940 734 3173 805 pluviam
3211 730 3493 787 hibernam‘

1925 832 2081 884 terris
2111 830 2295 884 utilem
2322 828 2650 894 effundente,
2692 837 2745 882 ct
2771 828 2986 895 cuique,
3016 825 3307 894 agrestium
3344 823 3494 877 vide-

1924 920 2066 984 licet,
2120 921 2337 975 herbam
2369 922 2763 991 suppeditante,
2791 918 3125 973 seduxerunt
3142 927 3257 974 eos,
3285 912 3377 979 qui
3416 912 3495 967 lo-

1924 1025 2179 1082 quuntur,
2208 1015 2313 1068 hoc
2340 1024 2422 1068 est
2478 1013 2766 1081 falsiloqui,
2803 1018 2855 1066 et
2889 1011 3192 1075 mendaces,
3219 1019 3274 1064 et
3300 1009 3492 1064 vatici-

1925 1109 2013 1160 nia
2035 1108 2101 1160 de
2128 1108 2287 1160 corde
2314 1120 2412 1158 suo
2440 1104 2792 1172 proferentes.
2819 1102 2882 1156 Hi
2914 1101 3073 1156 locuti
3106 1109 3229 1155 sunt
3259 1092 3492 1163 labores.

1924 1197 2028 1249 hoc
2056 1205 2140 1250 est
2201 1211 2308 1249 non
2343 1196 2408 1249 ad
2449 1192 2687 1262 requiem
2715 1193 3050 1247 credentium
3096 1192 3235 1257 illis;
3273 1194 3365 1246 sed
3398 1205 3495 1259 per

1925 1302 2045 1356 qum
2101 1297 2419 1355 cogerentur
2447 1287 2654 1340 versari
2684 1286 2734 1337 in
2767 1283 3004 1348 miseria,
3044 1292 3103 1336 ut
3130 1282 3296 1336 Deum
3326 1280 3494 1336 otl'en—

1924 1376 2134 1440 dentes,
2162 1387 2217 1429 et
2259 1376 2326 1430 ab
2348 1390 2411 1429 eo
2442 1376 2698 1443 despecti.
2738 1372 2901 1443 746
2933 1372 3099 1427 Porro
3150 1370 3301 1426 arioli
3327 1375 3492 1425 etiam

1924 1471 2133 1524 somnia
2174 1467 2306 1522 falsa
2330 1469 2719 1535 loquebantur,
2746 1466 3048 1519 mulcentes
3102 1478 3287 1518 eorum
3333 1477 3494 1518 aures

1924 1559 2174 1614 videlicet
2202 1560 2359 1613 rebus
2381 1558 2653 1628 iucundis,
2686 1563 2739 1612 et
2760 1554 2897 1610 bona
2922 1569 3015 1624 spe
3037 1566 3342 1623 pascentes,
3362 1553 3493 1607 nihil

1926 1660 2106 1706 tamen
2136 1665 2322 1705 verum
2374 1650 2652 1705 dicentes:
2684 1648 2778 1702 sed
2809 1648 2862 1701 in
2905 1646 3149 1702 fraudem
3168 1656 3223 1700 et
3248 1659 3491 1701 errorem

1920 1744 2268 1811 abripientes,
2324 1740 2652 1807 minimeque
2732 1738 3090 1808 spiritualium
3141 1739 3380 1791 datorem
3440 1745 3497 1790 et

1920 1834 2372 1902 Suppeditatorem
2396 1831 2502 1885 illis
2533 1829 2877 1885 ostendentes
2898 1844 2913 1893 ;
2932 1828 3058 1897 quin
3086 1828 3492 1894 persuadentes,

1919 1926 1999 1979 uti
2035 1923 2346 1979 felicitatem
2396 1922 2572 1990 potius
2599 1936 2625 1971 a
2661 1920 2763 1972 diis
2794 1918 3178 1973 commentitiis
3237 1932 3495 1985 exposce-

1919 2025 2062 2069 rent.
2098 2034 2117 2066 α
2175 2013 2318 2079 Ideo,
2351 2013 2541 2081 inquit.
2585 2019 2935 2072 exaruerunt,
2987 2018 3043 2062 ut
3098 2024 3202 2063 non
3236 2008 3495 2063 habentes

1920 2108 2176 2176 pluviam,
2206 2115 2259 2159 et
2301 2103 2486 2159 afﬂicti
2525 2114 2670 2166 sunt,
2732 2110 2790 2156 ut
2827 2115 2975 2156 oves.
3017 2119 3036 2154 ι
3072 2099 3185 2154 Non
3206 2101 3347 2155 enim
3379 2111 3497 2155 erat

1925 2202 2111 2263 herba,
2147 2220 2167 2251 ι
2216 2215 2321 2253 non
2344 2208 2462 2253 erat
2487 2198 2716 2252 sanatio.
2757 2215 2776 2247 ι
2823 2196 3005 2264 Neque
3037 2195 3181 2248 enim
3210 2204 3328 2247 erat
3356 2194 3497 2246 inter

1927 2306 2021 2345 eos
2043 2290 2135 2359 qui
2163 2291 2403 2359 alligaret
2428 2289 2569 2356 quod
2602 2288 2915 2348 contritum,
2949 2285 3041 2354 qui
3071 2286 3304 2353 erigeret
3355 2286 3496 2352 quod

1925 2380 2282 2445 confractum,
2338 2379 2431 2448 qui
2468 2386 2741 2433 recrearet
2806 2378 2947 2446 quod
2986 2373 3240 2429 amictum
3274 2383 3394 2428 erat
3428 2374 3495 2427 ³9.

1925 2468 2319 2523 Attendendum
2354 2469 2538 2535 igitur,
2568 2481 2672 2521 non
2706 2465 3043 2532 loquentibus
3074 2478 3231 2528 vana,
3276 2462 3498 2517 menda-

1925 2559 2183 2626 cibosque
2230 2567 2287 2611 et
2330 2556 2755 2610 assentatoribus
2798 2564 2852 2609 et
2912 2553 3350 2615 somniatoribus,
3402 2550 3498 2606 sed

1925 2648 2036 2700 Deo
2063 2649 2264 2715 potius,
2298 2647 2505 2700 lumine
2533 2661 2673 2700 verte
2706 2646 3029 2715 cognitionis
3063 2644 3258 2697 divinae
3282 2643 3333 2696 in
3379 2643 3500 2695 ani-

1928 2753 2069 2790 nium
2122 2738 2452 2801 coruscanti,
2491 2746 2545 2790 et
2592 2737 2802 2805 pluvias
2852 2733 3212 2797 intellectiles,
3262 2732 3498 2801 Spiritus

1925 2828 2095 2883 sancti
2121 2828 2533 2892 consolationes,
2561 2827 2808 2895 inquam,
2848 2823 3152 2880 demittenti
3184 2832 3237 2880 et
3277 2823 3496 2878 herbam

1925 2920 2226 2992 agrestibus
2258 2919 2595 2989 producenti,
2631 2919 2772 2986 quod
2815 2926 2918 2982 est,
2955 2916 3094 2977 velut
3135 2916 3187 2968 in
3238 2912 3501 2969 viridissi-

1927 3026 2011 3063 ma
2033 3010 2217 3073 herba,
2246 3008 2296 3061 in
2318 3009 2622 3077 cognitione
2641 3007 2768 3061 nulli
2796 3005 3197 3073 reprehensioni
3228 3005 3496 3068 obnoxia,

235 3098 441 3173 χέοντι,
487 3098 585 3161 τάς
618 3097 703 3153 διὰ
733 3097 827 3152 τοῦ
870 3075 1028 3167 ἀγίου
1058 3075 1375 3170 Πνεύματος
1423 3101 1818 3172 παρακλήσεις,

1926 3117 1987 3155 ac
2043 3101 2300 3153 divinitus
2366 3075 2638 3166 inspirata:
2719 3097 3012 3167 Scriptum:
3065 3110 3162 3151 nos
3238 3096 3496 3163 pascenti.

237 3188 406 3257 λέγω,
442 3190 537 3245 καὶ
562 3188 792 3259 βοτάνην
822 3189 1115 3256 ἀναφύοντι
1145 3192 1257 3254 τοῖς
1285 3192 1343 3245 ὲν
1371 3191 1546 3261 ἀγρῷ,
1574 3192 1821 3245 τουτέστι

236 3279 427 3343 πάλιν,
460 3279 856 3350 εύανθεστάτην
887 3281 1073 3352 ὥσπερ
1103 3283 1249 3351 ἡμᾶς
1280 3283 1637 3351 κατανέμοντι
1662 3283 1819 3346 πόαν,

234 3369 337 3440 τῆς
390 3369 753 3427 θεοπνεύστου
816 3372 1037 3441 Γραφῆς
1090 3372 1188 3443 τὴν
1244 3372 1543 3443 ἀμώμητον
1595 3372 1816 3440 γνῶσιν.

242 3479 262 3512 ι
304 3461 632 3531 Ἀνθρωπος
675 3462 777 3533 μὲν
806 3463 915 3533 γάρ
955 3466 1010 3516 ὲν
1044 3465 1177 3534 τιμῇ
1209 3463 1306 3526 ὢν,
1350 3465 1409 3518 οὐ
1458 3463 1681 3533 συνῆκε,
1712 3480 1819 3515 πα-

238 3553 620 3625 ρασυνεϐλήθη
647 3557 756 3618 τοῖς
778 3556 995 3624 κτήνεσι
1023 3558 1135 3617 τοῖς
1154 3556 1418 3625 ἀνοήτοις,
1448 3555 1540 3609 καὶ
1566 3553 1823 3624 ὡμοιώθη

236 3647 451 3707 αὐτοῖς.
492 3663 511 3695 ι
556 3643 695 3701 Ἀλλ’
731 3646 780 3699 εί
823 3644 934 3697 ἕλοι
963 3662 1079 3709 πως
1126 3647 1204 3709 είς
1237 3644 1363 3698 νοῦν
1400 3645 1507 3699 τῶν
1554 3644 1712 3699 θείων
1739 3644 1825 3698 λο-

238 3734 379 3803 γίων
400 3734 500 3805 τὴν
526 3734 748 3803 γνῶσιν,
778 3734 872 3788 καὶ
898 3737 1103 3807 τροφῆς
1152 3737 1409 3805 μετάσχοι
1438 3737 1539 3805 τῆς
1582 3752 1827 3805 πνευμα-

1931 3209 1949 3242 ι
1991 3191 2158 3244 llomo
2182 3191 2325 3244 enim
2356 3205 2477 3244 cum
2527 3191 2582 3242 in
2615 3190 2819 3245 honore
2848 3198 3012 3249 esset.
3042 3202 3145 3241 non
3189 3186 3455 3242 intellexit
3483 3203 3497 3239 :

1926 3293 2270 3351 eoniparatus
2320 3292 2404 3336 est
2443 3282 2707 3349 iumentis
2759 3279 3171 3348 insipientibus,
3205 3287 3260 3335 et
3308 3278 3503 3334 similis

1930 3374 2106 3428 factus
2132 3383 2217 3426 est
2262 3372 2369 3428 illis
2401 3372 2468 3424 ³⁰.
2504 3390 2523 3425 ι
2557 3371 2666 3426 Sed
2696 3372 2740 3426 si
2771 3371 3018 3426 notitiam
3060 3370 3364 3425 divinorum
3396 3368 3503 3425 elo-

1928 3468 2175 3536 quiorom
2205 3467 2259 3521 in
2290 3476 2475 3535 pectus
2515 3464 2817 3528 admiserit.
2845 3473 2899 3518 et
2932 3462 2999 3516 de
3036 3462 3309 3517 alimento
3338 3459 3503 3529 spiri-

1928 3556 2058 3609 tuali
2089 3555 2516 3624 participaverit,
2552 3564 2669 3610 tum
2700 3556 2914 3608 domum
2964 3551 3179 3622 spurius
3200 3566 3324 3607 esse
3358 3550 3503 3606 desi-

1932 3660 2086 3711 nens,
2114 3646 2361 3716 prudenti
2393 3647 2602 3703 ratione
2628 3644 2978 3716 gubernatus,
3001 3652 3056 3697 et
3087 3641 3504 3709 cogitationibus

1931 3737 2150 3793 homine
2184 3738 2360 3807 dignis
2389 3737 2676 3804 susceptis,
2708 3750 2920 3791 rursum
2950 3737 3000 3788 in
3038 3735 3241 3788 honore
3279 3734 3402 3789 erit.

239 3829 426 3897 τικῆς,
468 3827 589 3881 τότε
608 3825 692 3896 δὴ,
752 3826 871 3880 τότε
905 3826 1002 3896 τὴν
1033 3826 1260 3883 νωθείαν
1298 3827 1607 3893 ἀποϐαλὼν,
1636 3828 1693 3881 ὲν
1720 3828 1853 3898 τιμῇ
1895 3829 2057 3884 πάλιν
2120 3830 2294 3894 ἔσται,
2326 3829 2569 3900 λογισμῷ
2614 3829 2692 3899 τῷ
2721 3828 2959 3899 σώφρονι
2993 3826 3379 3897 διοικούμενος,
3410 3828 3505 3879 καὶ

238 3916 340 3986 τὴν
369 3915 645 3988 ἀνθρώπῳ
670 3917 985 3987 πρέπουσαν
1014 3917 1295 3971 ἀναλαϐὼν
1322 3918 1395 3991 (1)
1420 3920 1610 3990 φρένα.

324 4009 458 4063 Ἐπὶ
494 4009 639 4076 τοὺς
688 4010 974 4080 ποιμένας
1013 4014 1368 4083 παρωξύνθη
1405 4017 1437 4067 ό
1473 4016 1658 4085 θυμός
1681 4032 1821 4083 μου,

242 4100 343 4161 καὶ
377 4102 478 4155 ἐπὶ
511 4102 651 4167 τοὺς
678 4102 906 4173 ἀμνοὺς
929 4103 1351 4175 ἐπισκέψομαι.

314 4193 434 4249 ΞΖ’.
473 4194 767 4265 Ποιμένας
795 4196 852 4248 ὲν
887 4195 1119 4261 τούτοις,
1156 4196 1405 4268 καθάπερ
1438 4190 1673 4267 ἐγῷμαι,
1699 4197 1826 4260 τοὺς

240 4282 700 4355 ψευδοπροφήτας
728 4285 823 4337 καὶ
841 4283 1230 4357 ψευδομάντεις
1265 4288 1550 4352 ἀποκαλεῖ,
1581 4288 1677 4341 καὶ
1702 4288 1827 4350 τοὺς

240 4374 341 4446 τῆς
371 4373 590 4444 ἀπάτης
644 4374 983 4444 καθηγητὰς,
1026 4376 1249 4448 ὄλεθρόν
1278 4395 1335 4431 τε
1385 4379 1479 4433 καὶ
1523 4379 1706 4449 πάγην
1736 4396 1828 4448 γε·

242 4464 472 4529 γονότας
509 4466 642 4527 τοῖς,
673 4465 722 4518 οἳ
751 4466 850 4534 τῆς
877 4465 1111 4536 ἀληθοῦς
1135 4470 1264 4539 περὶ
1293 4469 1427 4521 Θεοῦ
1460 4469 1616 4540 δόξης
1649 4471 1831 4541 ἡμαρ-

241 4553 502 4629 τηκότες,
534 4554 633 4624 τὴν
675 4555 821 4626 αὑτῷ
856 4558 1170 4625 πρέπουσαν
1215 4560 1402 4629 τιμὴν,
1455 4561 1549 4613 καὶ
1576 4560 1831 4632 λατρείαν

246 4644 635 4715 ἁχατεθείκασι
686 4649 751 4717 τῇ
797 4647 991 4713 κτίσει,
1031 4652 1123 4702 καὶ
1157 4651 1569 4723 προσεκύνησαν
1601 4654 1713 4714 τοῖς
1741 4651 1832 4722 ἕρ·-

246 4746 362 4797 γοις
392 4732 508 4783 τῶν
543 4732 688 4797 ἰδίων
720 4734 939 4807 χειρῶν,
978 4736 1122 4790 καθὰ
1147 4736 1474 4809 γέγραπται.

321 4822 437 4879 οὐκ
470 4822 739 4879 ἀπίθανον
771 4824 826 4879 δὲ
856 4828 967 4885 τοῖς
998 4825 1390 4897 ψευδομάντεσι
1431 4829 1524 4882 καὶ
1568 4829 1693 4892 τοὺς
1725 4830 1833 4885 τῶν

261 4909 537 4981 Ἑλλήνων
586 4914 817 4983 συνάψαι
864 4916 1117 4984 λογάδας,
1150 4920 1199 4973 οἳ
1236 4919 1298 4991 δὴ
1348 4923 1501 4987 σοφοὶ
1551 4921 1830 4985 δοκοῦντες

250 5002 311 5067 ἀγ
325 5018 410 5066 αν,
444 5004 568 5066 ταῖς
598 5004 806 5059 ἑαυτῶν
835 5007 1188 5075 εὐγλωττίαις
1211 5012 1334 5075 τοὺς
1362 5012 1546 5075 αὐτοῖς
1572 5030 1832 5084 προσκει-

253 5091 451 5159 μένους
486 5093 896 5167 πεπλανήκασι,
930 5099 1021 5155 καὶ
1048 5100 1241 5177 ὥσπερ
1264 5104 1405 5166 τινὲς
1445 5104 1703 5172 ποιμένες
1734 5107 1832 5157 οὐκ

252 5183 451 5249 ἀγαθοὶ
505 5188 916 5259 κατεϐόσκησαν
958 5195 1015 5245 ὲν
1059 5194 1346 5259 ἀκάνθαις,
1378 5198 1471 5249 καὶ
1511 5199 1590 5259 εἰς
1632 5197 1832 5267 πολλὴν

253 5273 585 5345 ἀχρειότητα
627 5278 841 5349 σαθρῶν
882 5282 1118 5338 ἐννοιῶν.
1165 5286 1229 5337 Τί
1278 5286 1384 5355 γάρ
1437 5289 1564 5358 παρ’
1605 5286 1832 5352 ἐκείνοις

2008 4015 2166 4069 Vens.
2196 4015 2248 4069 5.
2284 4014 2458 4078 Super
2483 4025 2712 4080 pauores
2729 4014 3019 4066 concitatus
3047 4023 3120 4066 est
3156 4013 3307 4080 [uror
3339 4029 3504 4079 mm,

1932 4118 1979 4164 et
2006 4125 2162 4174 super
2189 4125 2349 4177 agnos
2376 4107 2617 4160 visitabo.

2004 4200 2211 4254 LXV".
2278 4198 2521 4251 Pastares
2576 4197 2677 4249 hoc
2713 4196 2850 4261 loco,
2882 4203 2938 4247 ut
2966 4195 3224 4257 arbitror,
3278 4196 3505 4262 pseudo-

1935 4290 2223 4359 prophotas
2250 4296 2302 4341 et
2332 4286 2499 4341 falsos
2527 4293 2762 4342 vates.et
2789 4285 3079 4353 magistros
3096 4285 3299 4337 erroris
3325 4282 3506 4351 appel-

1931 4380 2026 4443 lat.
2084 4391 2395 4448 pestemque
2437 4387 2491 4429 et
2543 4376 2789 4444 laqueum
2824 4375 2911 4435 iis,
2971 4373 3061 4441 qui
3122 4388 3249 4427 vera
3281 4375 3346 4427 de
3399 4373 3507 4429 Deo

1930 4472 2182 4540 opinione
2214 4469 2421 4533 relicta,
2475 4469 2732 4521 honorem
2761 4475 2815 4519 et
2844 4466 3046 4520 cultum
3097 4466 3194 4532 ipsi
3225 4464 3503 4533 proprium

1933 4571 2195 4620 creatura:
2225 4562 2560 4621 dedicarunt,
2581 4570 2819 4629 etopera
2841 4573 3097 4612 manuum
3153 4572 3375 4612 suarum
3412 4557 3508 4612 ad-

1935 4662 2247 4718 oraverunt,
2283 4652 2423 4705 sicut
2452 4651 2710 4720 scriptum
2735 4657 2816 4703 est
2838 4649 2901 4700 ³³.

2012 4830 2123 4886 Nec
2170 4831 2400 4887 alienum
2465 4838 2547 4885 est
2607 4829 2757 4885 falsis
2807 4828 3017 4883 vatibus
3076 4828 3238 4881 etiam
3294 4826 3514 4882 Graecos

1938 4925 2196 4992 quosdam
2243 4922 2395 4990 quasi
2444 4922 2709 4991 majorum
2753 4921 2991 4991 gentium
3051 4919 3365 4989 adiungere,
3417 4917 3510 4984 qui

1938 5029 2059 5068 cum
2112 5013 2494 5083 sapientissimi
2551 5022 2984 5075 numerarentur,
3032 5009 3343 5079 eloquentia
3405 5023 3503 5062 sua

1919 5106 2440 5176 .ipsisadhazrentes
2494 5106 2845 5168 seduxerunt,
2900 5115 2954 5157 et
3009 5113 3067 5157 ut
3104 5112 3348 5171 pastores
3402 5114 3506 5153 non

1940 5200 2063 5254 boni
2099 5200 2149 5254 iu
2194 5200 2383 5268 spinis.
2418 5209 2471 5254 ct
2523 5200 2575 5253 in
2635 5199 2796 5254 multa
2839 5198 3076 5253 vanitate
3125 5196 3507 5265 cogitationum

1941 5291 2211 5347 inutilium
2250 5301 2527 5362 paverunt.
2562 5291 2698 5358 Quid
2728 5291 2871 5347 enim
2909 5289 3049 5360 apud
3080 5287 3198 5342 illos
3228 5285 3295 5339 ad
3320 5281 3508 5351 cogni-

326 5451 370 5481 ²⁹
396 5451 600 5505 Ezech.
637 5468 820 5519 xxxrv,
863 5457 915 5511 4.
994 5457 1199 5512 “Psal.
1234 5476 1418 5531 xum,
1455 5464 1538 5519 15.
1615 5464 1654 5496 ³¹
1681 5461 1820 5519 Psal.

1926 5478 2000 5531 ιιι,
2032 5463 2063 5517 4
2091 5480 2239 5534 seqq.

324 5626 406 5697 (1)
439 5628 728 5696 Aubertus,
764 5634 1064 5688 ἀναϐαλών.
1097 5636 1254 5693 Eutr.
