4120 6562
630 248 728 303 165

1611 239 1664 292 S.
1707 235 1980 293 CYRILLI
2022 236 2490 293 ALEXANDRINI
2530 233 2848 292 ARCHIEP.

3797 228 3917 287 16‘

631 358 832 411 tionem
858 353 1102 409 veritatis
1150 352 1443 408 conducit?
1466 352 1530 406 lli
1561 353 1861 422 dignissimi
1896 364 2020 407 sunt
2051 354 2139 421 qui
2177 370 2196 406 ιι

2309 354 2370 405 τὸ
2396 355 2474 415 εἰς
2503 352 2797 420 ἐπίγνωσιν
2826 353 3082 422 ἀληθείας
3107 351 3343 421 ὠφελοῦν
3365 369 3379 417 ;
3409 347 3566 402 Κατά
3590 346 3811 400 τούτων
3838 346 3915 399 ἂν

629 450 742 503 Deo
759 446 1067 516 puniamur.
1101 444 1216 500 Non
1244 447 1390 501 enim
1441 444 1814 498 tantummodo
1842 459 1970 499 suas
1995 445 2204 498 animas

629 538 1012 608 perdiderunt,
1051 538 1143 592 sed
1181 537 1400 607 insuper
1429 537 1656 592 aliorum
1683 537 1736 591 in
1765 550 2007 590 errorem
2044 537 2204 591 indu-

630 634 847 688 xerunt,
899 635 957 678 ut
1011 625 1144 690 dixi,
1197 627 1485 681 verborum
1545 626 1793 696 ampuilis
1864 627 2201 680 mendacium

631 718 785 786 quasi
817 717 1146 782 inaurantes,
1183 717 1344 789 747
1377 729 1431 772 et
1462 719 1706 772 oratione
1738 717 1803 771 ad
1834 718 2203 784 deceptionem

634 807 939 860 abutentes.
972 805 1167 862 Visitat
1196 819 1373 862 autem
1405 822 1591 878 agnos,
1625 809 1908 862 miseratus
1936 810 2203 873 videlicet,

630 908 685 949 et
711 910 773 950 ex
812 896 1023 949 fallacia
1051 899 1116 949 ad
1142 898 1471 965 agnitionem
1506 899 1747 951 veritatis
1771 898 2121 962 transferens,
2154 910 2207 952 et

633 1000 700 1039 ex
724 987 876 1054 vagis
906 987 1180 1041 erroribus
1224 989 1277 1040 in
1319 989 1463 1041 viam
1495 996 1693 1041 rectam
1725 989 2022 1057 impellens.
2058 990 2207 1043 Sicut

632 1077 776 1129 enim
814 1092 899 1130 res
953 1077 1228 1146 poscebat,
1266 1086 1323 1131 nt
1357 1078 1632 1146 injuriosis
1672 1079 1722 1131 in
1753 1093 1846 1132 eos
1874 1094 1969 1147 pro
1996 1081 2205 1148 magni-

634 1169 820 1222 tudine
853 1168 1171 1238 injuriarum
1222 1169 1482 1237 supplicia
1529 1171 1934 1239 irrugarentur;
1986 1172 2054 1224 ita
2092 1188 2209 1224 rur-

631 1274 749 1314 sum
802 1275 922 1311 cum
991 1260 1172 1313 divina
1222 1261 1655 1322 mansuetudine,
1700 1270 1753 1312 et
1796 1260 1942 1326 justo
1983 1260 2203 1326 judicio,

631 1350 1139 1418 coniunctissimum
1198 1351 1324 1411 erit,
1363 1352 1648 1421 benignam
1710 1353 1762 1405 in
1791 1367 1884 1405 eos
1934 1355 2023 1421 qui
2081 1355 2205 1407 talia

631 1445 773 1511 passi
820 1453 939 1496 sunt
974 1442 1117 1496 ferre
1146 1443 1493 1496 sententiam.
1532 1443 1827 1513 Oportebat
1852 1446 2016 1510 enim,
2050 1461 2209 1513 opor-

630 1534 791 1597 tebat,
848 1535 1085 1601 inquam,
1124 1534 1324 1589 salvari
1357 1534 1541 1604 inique
1596 1544 1874 1599 tractatus,
1908 1537 2016 1589 Deo
2055 1551 2114 1591 se
2140 1539 2207 1593 ab

627 1627 707 1680 eis
741 1636 899 1679 antea
934 1626 1115 1679 laesum
1146 1626 1524 1688 obliviscente,
1551 1638 1605 1680 et
1628 1637 1904 1696 pastorum
1930 1628 2207 1683 fraudibus

2307 446 2536 513 γένοιτο,
2581 448 2674 499 καὶ
2720 446 2789 497 τὰ
2818 447 2881 498 ἐκ
2927 445 3077 508 θείας
3117 445 3307 515 ὀργῆς,
3352 442 3447 495 καὶ
3495 440 3638 511 μάλα
3668 440 3905 498 αἰσίως.

2320 536 2673 606 Ὠλόθρευσαν
2721 535 2830 605 γὰρ
2865 535 2985 604 οὐχ).
3023 534 3085 605 δὴ
3116 534 3274 603 μόνον
3299 532 3399 594 τὰς
3435 529 3644 584 ἑαυτῶν
3685 528 3905 597 ψυχὰς,

2305 624 2443 677 ἀλλὰ
2467 625 2607 695 πρὸς
2630 624 2854 686 ταύταις
2876 625 2970 677 καί⁵
2997 624 3096 686 τὰς
3122 624 3325 692 ἐτέρων
3346 619 3785 689 πεπλανήκασιν,
3822 617 3909 678 ὼς

2306 715 2466 783 ἔφην,
2497 714 2576 783 τῷ
2607 714 2707 783 τῆς
2736 713 2934 777 λέξεως
2956 715 3153 784 κόμπῳ
3179 712 3461 782 μονονουχὶ
3492 708 3909 779 καταχρυσοῦν-

2306 821 2395 866 τες
2420 802 2482 855 τὸ
2519 802 2717 871 ψεῦδος
2742 805 2833 857 καὶ
2861 802 2960 873 τὴν
2986 802 3079 856 τοῦ
3124 803 3281 869 λόγου
3312 802 3501 871 χρείαν
3537 798 3902 859 δαπανῶντες

2306 898 2386 959 είς
2410 895 2803 965 φενακισμούς.
2840 894 3255 950 Ἐπισκέπτεταί
3282 910 3348 961 γε
3381 892 3489 963 μὴν
3512 891 3640 951 τοὺς
3658 889 3897 958 ἀμνοὺς,

2306 986 2591 1057 οἰκτείρων
2642 988 2906 1056 δηλονότι,
2958 988 3050 1039 καὶ
3103 984 3411 1055 μετατιθεὶς
3444 982 3507 1046 ἐξ
3552 979 3776 1048 ἀπάτης
3808 980 3897 1040 εις

2305 1078 2405 1147 τὴν
2430 1080 2529 1149 τῆς
2561 1078 2817 1148 ἀληθείας
2854 1078 3169 1143 ἐπίγνωσιν,
3199 1076 3293 1128 καὶ
3328 1078 3392 1127 ἐκ
3420 1071 3518 1125 τοῦ
3548 1069 3898 1141 περιπλανιί⁴

2310 1171 2434 1222 σθαι
2490 1168 2806 1238 μετασοόὦν
2849 1169 2927 1228 είς
2975 1165 3189 1218 εὐθείαν
3233 1165 3372 1217 ὀδόν.
3401 1163 3612 1232 ’Ὠσπερ
3659 1159 3772 1228 γὰρ
3818 1154 3892 1229 ἦν

2308 1263 2621 1322 ἀκόλουθον,
2676 1262 2787 1323 τοῖς
2825 1259 3142 1327 ἠδικηκόσιν
3182 1257 3374 1318 αὐτοὺς
3402 1254 3501 1326 τὴν
3537 1256 3652 1316 τοῖς
3693 1252 3891 1320 ἀδική-

2312 1371 2445 1423 μασι
2496 1352 2813 1422 πρέπουσαν
2861 1348 3393 1420 ἐπαρτῆσαιδίκηνο
3439 1343 3583 1397 οὕτω
3627 1343 3693 1413 δὴ
3720 1342 3889 1395 πάλιν

2309 1444 2645 1515 θεοπρεποῦς
2676 1442 3033 1512 ἡμερότητος,
3071 1440 3164 1493 καὶ
3187 1438 3371 1508 ψήφου
3398 1436 3611 1498 δικαίας
3650 1437 3890 1503 ἀμοιρή-

2310 1552 2452 1588 σειεν
2475 1535 2540 1587 ἂν
2562 1532 2833 1603 οὐδαμῶς,
2853 1531 2912 1584 τὸ
2938 1533 3030 1584 ἐπὶ
3052 1535 3163 1593 τοίς
3187 1528 3478 1582 πεπονθόσι
3503 1526 3888 1596 φιλάνθρωπον

2310 1629 2502 1697 κρῖμα.
2534 1626 2681 1678 Ἔδει
2708 1626 2837 1696 γὰρ,
2868 1625 2975 1676 ἔδει
3025 1622 3288 1685 σώζεσθαι
3329 1620 3456 1682 τοὺς
3496 1618 3886 1687 ἠδικημένους,

628 1717 816 1787 magis,
840 1733 902 1771 ac
958 1727 1153 1786 printer
1212 1719 1539 1773 voluntatem
1587 1720 1840 1774 subactos
1868 1733 2026 1788 paena
2072 1720 2196 1773 Iibe-

2309 1696 2816 1786 ἀμνησικακοῦντος
2867 1714 3022 1776 Θεοῦ,
3078 1714 3171 1766 καὶ
3220 1712 3414 1780 ποινῆς
3451 1707 3887 1768 ἀπαλλάττοντος

629 1819 799 1863 ratttc.

704 1986 868 2040 Vatis.
905 1987 959 2053 4,
996 1988 1050 2041 5.
1071 1986 1139 2040 Et
1162 1989 1389 2041 visitabit
1415 1987 1669 2041 Dominus
1709 1987 1845 2041 Deus
1881 1989 2200 2057 omnipotens

635 2096 836 2152 gregem
870 2096 1019 2132 suum
1064 2080 1275 2132 domum
1316 2078 1485 2141 Juda,
1514 2088 1561 2131 et
1604 2090 1753 2147 ponet
1793 2096 1880 2133 eos
1930 2088 1986 2131 ut
2016 2096 2203 2148 equum

629 2174 875 2225 decorant
904 2187 1054 2223 suum
1080 2171 1133 2222 in
1166 2170 1368 2237 prwlio,
1398 2180 1443 2222 et
1461 2186 1525 2223 ea:
1548 2175 1656 2239 ipso
1680 2172 1974 2234 respexit,et
1998 2186 2060 2222 ea:
2089 2170 2200 2237 ipso

630 2261 804 2328 posuit
840 2277 1018 2313 arcum
1054 2262 1109 2313 in
1137 2262 1321 2329 spiritu
1358 2261 1573 2329 furoris.
1601 2258 1667 2311 Et
1692 2275 1755 2312 ex
1779 2261 1888 2326 ipso
1911 2260 2203 2327 egredietur

632 2352 799 2404 omnis
847 2351 1061 2403 abactor
1086 2354 1141 2404 in
1181 2354 1501 2421 idipsum,et
1529 2360 1683 2404 erunt
1732 2354 1881 2420 quasi
1927 2351 2200 2404 bellatores

631 2442 996 2496 conculcantes
1026 2443 1192 2495 lutum
1223 2444 1386 2496 inviis
1417 2444 1468 2494 in
1503 2442 1659 2507 bello,
1686 2453 1733 2496 et
1754 2440 2036 2506 bellabunt,
2072 2443 2199 2510 quia

630 2531 885 2586 Dominus
919 2550 1033 2586 cum
1059 2535 1152 2587 eis.

697 2808 925 2863 LXVIII.
957 2808 1198 2875 Quonam
1241 2815 1398 2864 modo
1421 2822 1663 2880 pastores
1700 2814 1837 2868 male
1874 2817 2199 2871 multatnrus

629 2901 720 2966 sit,
775 2903 1195 2970 visitaturusquc
1244 2912 1297 2956 et
1348 2915 1760 2972 recuperaturus
1815 2924 2002 2975 agnos,
2056 2910 2198 2962 clare

2306 1810 2431 1870 τοὺς
2465 1812 2583 1879 ταῖς
2608 1808 2830 1860 ἐκείνων
2857 1804 3192 1868 πλεονεξίαις
3216 1802 3357 1872 τάχα
3389 1818 3492 1853 που
3526 1800 3619 1852 καὶ
3643 1797 3882 1867 ἀϐουλήο

2305 1911 2412 1962 τως
2438 1901 2705 1967 ὑπενηνεγ
2714 1899 2923 1968 μένους.

2379 1992 2483 2043 Καὶ
2515 1990 2909 2058 ἐπισκέψεται
2935 1990 3148 2057 Κύριος
3176 1991 3208 2041 ό
3239 1987 3384 2051 Θεὸς
3406 1989 3437 2039 ό
3459 1982 3882 2050 παντοκράτωρ

2306 2083 2373 2135 τὸ
2420 2084 2700 2150 ποίμνιον
2736 2081 2923 2135 αὐτοῦ
2972 2082 3078 2134 τὸν
3114 2078 3282 2133 οἶκον
3322 2078 3537 2138 Ἰούδα,
3580 2076 3679 2128 καί
3716 2073 3881 2136 τάξει

2303 2172 2524 2234 αὐτοὺς
2572 2172 2651 2235 ὡς
2689 2171 2876 2224 ἵππον
2931 2168 3203 2238 εὐπρεπῆ
3263 2167 3450 2221 αὐτοῦ
3502 2167 3572 2218 ἐν
3615 2164 3879 2232 πολέμῳ.

2304 2264 2403 2314 καὶ
2444 2262 2513 2325 ἐξ
2545 2261 2731 2315 αὐτοῦ
2765 2261 3082 2328 messos,
3126 2261 3223 2313 καὶ
3261 2258 3331 2322 ἐξ
3376 2256 3565 2311 αὑτοῦ
3606 2254 3782 2317 ἔταξε
3815 2253 3884 2306 τὸ

2302 2353 2482 2417 τόξον
2522 2355 2589 2406 ἐν
2621 2354 2912 2422 πνεύματι
2944 2352 3153 2420 θυμοῦ,
3184 2352 3281 2403 καὶ
3315 2349 3383 2412 ἐξ
3416 2348 3601 2402 αὑτοῦ
3646 2346 3884 2410 ἐξελεύ-

2302 2462 2473 2499 σεται
2496 2444 2610 2511 πᾶς
2642 2449 2674 2498 d
2708 2445 3051 2509 ἐξελαύνων
3075 2444 3146 2496 ἐν
3172 2441 3252 2507 τῷ
3280 2440 3460 2505 αὐτῷ.
3496 2440 3609 2493 Καὶ
3636 2439 3883 2492 ἔσονται

2300 2541 2379 2603 ὡς
2406 2538 2671 2608 μαχηταὶ
2717 2538 3048 2600 πατοῦντες
3094 2535 3296 2601 πηλὸν
3339 2534 3409 2586 ἐν
3442 2532 3575 2595 ταῖς
3619 2530 3779 2594 ὁδοῖς
3811 2530 3882 2581 ἐν

2301 2628 2564 2698 πολέμῳ,
2615 2629 2711 2681 καὶ
2763 2627 3241 2696 παρατάξονται,
3291 2624 3442 2678 διότι
3492 2623 3704 2689 Κύριος
3750 2619 3877 2688 μετ’

2302 2719 2524 2773 αὐτῶν.

2373 2833 2498 2887 EH’.
2531 2832 2665 2886 Τίνα
2691 2832 2754 2902 δὴ
2781 2832 2979 2903 τρόπον
3029 2832 3238 2883 ἐποίσει
3286 2829 3383 2898 μὲν
3418 2830 3527 2890 τοῖς
3557 2825 3778 2896 ποιμέσι
3807 2826 3883 2879 τὰ

2302 2926 2362 2990 ἐξ
2393 2926 2585 2996 ὀργῆς,
2624 2924 2978 2992 ἐπισκέψεται
3006 2922 3061 2975 δέ
3085 2922 3179 2974 καὶ
3205 2918 3474 2973 ἀνασώσει
3495 2919 3620 2981 τοὺς
3650 2918 3880 2986 ἀμνοίις,

627 2993 885 3046 ostendit.
912 2992 1192 3047 Productis
1217 2996 1358 3049 enim
1391 3009 1453 3049 ex
1495 2996 1693 3052 Iudaeis
1732 3001 1914 3054 mundi
1955 3002 2193 3054 doctori-

2302 2992 2622 3087 καθίστησιν
2668 3015 2916 3085 ἐναργές.
2984 3010 3289 3076 Ἀναδείξας
3332 3010 3440 3081 γὰρ
3490 3008 3548 3073 ἐξ
3612 3008 3884 3061 Ἰουδαίων

632 3083 735 3136 bus
762 3084 962 3137 sanctis
986 3086 1240 3153 apostolis
1288 3094 1341 3139 et
1362 3089 1721 3156 evangelistis,
1746 3104 1839 3159 per
1863 3106 1954 3144 eos
1978 3092 2198 3145 Graecia:

636 3177 907 3243 sapientes
932 3176 1235 3240 debellavit,
1273 3186 1325 3231 et
1357 3181 1426 3233 ab
1472 3194 1657 3234 eorum
1682 3183 1999 3250 garrulitate
2030 3197 2199 3251 agnos

627 3268 847 3333 eripuit,
877 3266 1203 3337 fallaciasque
1233 3268 1438 3339 laqueis
1477 3274 1793 3337 extricatos,
1823 3275 1874 3328 in
1909 3290 2110 3339 veram,
2147 3285 2201 3328 et

627 3357 759 3410 nulli
802 3358 968 3423 culpa:
1003 3356 1214 3411 affinem
1245 3359 1339 3412 Dei
1393 3363 1749 3429 cognitionem
1789 3366 2084 3420 transtulit.
2111 3367 2200 3421 Ait

623 3460 793 3516 ergo:
827 3465 846 3498 ι
883 3446 1136 3501 Visitabit
1164 3463 1380 3519 gregem
1410 3466 1562 3504 suum
1593 3458 1806 3508 domum
1832 3454 1986 3511 Juda.
2036 3477 2055 3508 ι
2090 3458 2194 3511 Fa-

624 3539 733 3591 ciet
754 3547 935 3592 autem
954 3553 1074 3591 eum
1096 3538 1236 3593 velut
1262 3556 1456 3609 equum
1486 3543 1760 3607 decorum,
1776 3555 1829 3599 et
1854 3546 2198 3604 bellicosissi-

626 3642 796 3693 mum,
828 3642 936 3697 quo
962 3630 1115 3697 quasi
1144 3631 1494 3700 spiritualiter
1523 3645 1728 3698 vectus,
1755 3635 2065 3693 Graecorum
2092 3640 2195 3694 lin-

623 3734 808 3789 guam,
857 3731 916 3773 ut
941 3721 1073 3785 dixi,
1113 3724 1442 3793 oppugnabit
1475 3740 1765 3796 eorumque
1794 3729 2070 3798 sapientia:
2103 3734 2197 3786 de-

622 3810 978 3874 formitatem,
1007 3822 1059 3865 et
1084 3814 1264 3867 omnis
1296 3812 1504 3869 fructus
1530 3817 1851 3871 vacuitatem
1885 3818 2190 3886 patefaciet.

619 3899 760 3970 Quin
788 3902 927 3955 enim
958 3916 1050 3969 per
1073 3902 1378 3957 Grmcorum
1430 3905 1796 3973 dispersiones
1827 3909 1995 3966 divini
2033 3913 2194 3967 disci-

619 3993 730 4061 puli
760 4002 1011 4064 tanquam
1043 3994 1167 4062 equi
1201 3996 1416 4063 quidam
1456 3999 1674 4063 t‘ucrint,
1716 4002 1975 4057 adversus
2005 4019 2189 4059 eorum

623 4085 1020 4154 loquacitatem,
1061 4096 1114 4139 et
1159 4085 1269 4140 Deo
1297 4102 1515 4141 exosam
1552 4088 1815 4143 fallaciam
1850 4102 2053 4147 tantum
2086 4111 2188 4150 non

623 4175 953 4240 hinnientes,
1015 4178 1137 4238 quis
1163 4176 1409 4231 dubitet?
1466 4193 1589 4231 cum
1631 4179 1879 4236 Christus
1933 4184 1999 4237 de
2034 4183 2190 4238 beato

2305 3109 2430 3170 τοὺς
2460 3109 2559 3178 τῆς
2578 3106 2903 3176 οἰκουμένης
2935 3103 3347 3173 μυσταγωγοὺς,
3388 3103 3512 3163 τοὺς
3540 3100 3731 3166 ἁγίους
3753 3100 3883 3152 ἀπο-

2306 3198 2523 3259 στόλους
2545 3198 2635 3249 καὶ
2665 3195 3076 3264 εύαγγελιστὰς,
3121 3194 3531 3263 κατηγωνίσατο
3561 3190 3663 3260 μὲν
3697 3190 3764 3242 δι’
3786 3191 3880 3241 αὑ-

2304 3290 2409 3343 τῶν
2443 3290 2567 3350 τοὺς
2611 3288 2876 3358 Ἑλλήνων
2905 3287 3123 3354 σοφοὺς,
3146 3284 3377 3349 ἐξείλετο
3405 3284 3460 3336 δέ
3481 3282 3875 3351 τοὺςτάμνοὺς,

2300 3382 2399 3450 τῆς
2420 3379 2646 3434 ἐκείνων
2674 3377 3095 3449 ἀθυροστομίας,
3128 3377 3220 3428 καὶ
3252 3374 3361 3427 τῶν
3384 3374 3479 3443 τῆς
3503 3371 3718 3440 ἀπάτης
3750 3369 3877 3440 βρό-

2300 3490 2408 3541 χων
2473 3468 2808 3531 ἀπαλλάξας,
2870 3467 3208 3536 μετέστησαν
3261 3467 3340 3527 είς
3396 3462 3725 3531 θεογνωσίαν
3780 3461 3878 3530 τὴν

2298 3560 2474 3631 ἀληθῆ
2513 3561 2607 3613 καὶ
2646 3557 2965 3628 ἀμώμητον.
2999 3576 3016 3608 ι
3064 3555 3448 3624 Ἐπισκέψεται
3488 3554 3687 3615 τοίνυν,
3720 3551 3876 3621 φησὶ,

2297 3652 2356 3705 τὸ
2389 3652 2636 3722 ποίμνιον
2670 3648 2838 3703 αὑτοῦ
2868 3649 2955 3702 τὸν
2998 3643 3145 3701 οἷκον
3197 3646 3383 3699 Ἰούδα.
3424 3664 3442 3697 ι
3480 3644 3772 3714 Ποιήσεται
3818 3642 3874 3694 δὲ

2297 3744 2459 3797 αὑτὸν
2510 3739 2622 3795 οἷον
2660 3743 2823 3794 ἵππον
2863 3740 3114 3810 εὐπρεπῆ
3152 3740 3244 3791 καὶ
3289 3735 3753 3807 πολεμικώτατον,
3788 3735 3873 3802 ἐφ’

2294 3830 2339 3903 ᾧ
2372 3835 2577 3906 νοητῶς
2607 3834 2888 3903 μονονουχὶ
2913 3834 3006 3886 καὶ
3030 3831 3414 3901 ἐποχούμενος,
3441 3828 3541 3897 τῆς
3583 3826 3871 3895 Ἑλλήνων,

2294 3928 2370 3990 ὡς
2401 3926 2558 3995 ἔφην,
2589 3924 3124 3994 καταστρατεύσεται
3164 3921 3429 3992 γλώττης,
3462 3919 3558 3971 καὶ
3584 3919 3684 3988 τῆς
3724 3918 3873 3971 ἐνού-

2297 4035 2395 4088 σης
2417 4018 2598 4079 αὐτοῖς
2630 4016 2820 4085 σοφίας
2862 4013 3203 4083 καταγράφει
3236 4011 3298 4064 τὸ
3337 4010 3588 4076 ἀκαλλὲς,
3629 4010 3725 4063 καὶ
3776 4010 3873 4062 ἀν-

2293 4110 2502 4177 όνητον.
2530 4108 2652 4160 Ὄτι
2676 4107 2784 4175 γὰρ
2827 4107 2885 4158 ἐν
2909 4108 3030 4166 ταῖς
3070 4104 3337 4174 Ἐλλήνων
3366 4102 3687 4171 διαστωραίς
3713 4102 3762 4152 oi
3784 4100 3873 4153 θε-

2295 4200 2506 4252 σπέσιοι
2535 4198 2790 4265 γεγόνασι
2814 4195 3052 4266 μαθηταὶ
3092 4190 3181 4248 οἶά
3216 4210 3359 4255 τινες
3385 4194 3559 4255 ἵπποι,
3588 4192 3871 4263 μονονουχὶ

623 4265 792 4320 Paulo
820 4266 963 4319 dicat
997 4265 1064 4317 ad
1098 4265 1385 4332 Ananiam,
1423 4283 1443 4317 ι
1473 4265 1640 4331 Vade,
1671 4271 1923 4337 quoniam
1954 4287 2047 4326 vas
2081 4274 2188 4328 ele-

2300 4265 2849 4359 καταχρεμετίζοντες
2870 4287 2968 4356 τῆς
2984 4287 3110 4357 παρ’
3134 4287 3315 4348 αὐτοῖς
3335 4285 3757 4355 ἀθυροστομίας,
3772 4285 3873 4337 καὶ

614 4358 810 4413 ctionis
843 4357 970 4410 mihi
1007 4365 1090 4409 est
1123 4356 1243 4422 iste,
1279 4368 1338 4411 ut
1371 4369 1545 4427 portet
1574 4375 1765 4415 nomen
1796 4378 1971 4416 meum
2005 4380 2185 4420 coram

2300 4353 2618 4447 θεοσέύγόῦς
2643 4380 2877 4447 ἀπάτης,
2905 4353 3021 4441 πῶς
3053 4353 3121 4430 ἀν
3149 4353 3456 4429 ἐνδοιάσειέ
3481 4393 3564 4438 τις
3585 4353 3868 4444 ;⁷Χριστο’ύ

614 4447 887 4517 gentibus,
929 4454 983 4500 et
1030 4446 1265 4515 regibus,
1297 4457 1352 4501 et
1380 4447 1503 4503 ﬁliis
1532 4450 1700 4505 Israel
1718 4452 1816 4505 ³¹.›
1850 4454 1914 4506 Et
1943 4454 2189 4512 llabacuc

2300 4446 2538 4538 λέγοντος
2570 4471 2697 4540 περὶ
2722 4446 2819 4521 τού
2857 4467 3126 4537 μακαρίου
3156 4467 3367 4520 Παύλου
3402 4466 3537 4534 πρὸς
3576 4466 3829 4518 Ἀνανίαν
3848 4480 3865 4495 ·

611 4541 765 4607 quasi
785 4539 1067 4593 Dominum
1100 4547 1345 4592 nostrum
1384 4538 1564 4594 Jesum
1580 4542 1847 4597 Christum
1874 4546 2182 4614 alloquens:

2300 4582 2311 4613 ι
2348 4562 2607 4631 Πορεύου,
2644 4538 2729 4616 ⁷ὅτι
2767 4560 2959 4623 σκεῦος
2988 4560 3215 4628 ἐκλογῆς
3246 4558 3335 4628 μοί
3380 4560 3529 4612 ἐστιν
3567 4551 3743 4624 οὗτος,
3765 4559 3870 4611 τοῦ

615 4650 634 4681 ι
668 4630 935 4696 Quoniam
968 4630 1222 4683 ascendet
1267 4644 1429 4698 super
1460 4647 1627 4700 equos
1655 4644 1794 4699 tuos,
1843 4646 1897 4691 et
1921 4639 2185 4707 equitatio

2300 4630 2553 4704 3αστάσαι
2585 4652 2647 4703 τὸ
2680 4650 2850 4718 ὄνομα
2887 4665 2986 4718 μου
3023 4648 3254 4701 ἐνώπιον
3285 4648 3453 4701 ἐθνῶν
3484 4664 3542 4700 τε
3584 4649 3675 4701 καὶ
3706 4648 3869 4716 βασι-

614 4727 716 4788 tua;
738 4721 884 4776 salus
916 4739 934 4772 ι
969 4720 1150 4790 lnquit
1175 4722 1338 4789 igitur
1367 4738 1382 4774 :
1414 4741 1432 4774 ι
1466 4722 1635 4778 Ponet
1667 4726 1861 4794 ipsum,
1894 4740 1952 4780 ut
1984 4744 2181 4797 equum

2300 4744 2419 4795 κέων
2449 4744 2539 4796 καὶ
2565 4743 2696 4794 υίῶν
2752 4740 2987 4811 Ἰσραήλ.
3024 4758 3042 4790 ι
3082 4741 3227 4809 Ἔφη
3266 4738 3321 4791 δέ
3348 4757 3449 4793 που
3477 4742 3569 4792 καὶ
3597 4741 3625 4791 ὁ
3658 4740 3872 4809 ’Λμόα-

608 4813 868 4866 decorum
893 4813 945 4865 in
970 4813 1280 4878 bello,etex
1300 4816 1415 4885 ipso
1446 4818 1679 4885 respexit
1701 4818 1764 4871 ³³.
1798 4838 1815 4868 ι
1850 4818 2083 4873 Proinde
2114 4836 2179 4875 ac

2300 4835 2432 4903 ιοὺμ
2473 4834 2548 4895 ὡς
2589 4832 2723 4899 πρὸς
2760 4832 2849 4886 τὸν
2901 4832 3104 4902 Κύριον
3133 4831 3287 4903 ἡμῶν
3331 4832 3535 4902 Ἰησοῦν
3584 4832 3817 4900 Χριστόν
3845 4849 3862 4863 ο

609 4903 853 4957 sidicat:
888 4902 1051 4974 748
1082 4906 1454 4961 Consideravit
1486 4924 1588 4963 non
1609 4910 1826 4978 quidem
1855 4919 1912 4963 ut
1937 4911 2076 4964 Deus
2109 4912 2176 4966 ad

2300 4946 2309 4976 ι
2357 4926 2473 4978 Ὅτι
2504 4924 2737 4995 ἐπιϐήσῃ
2768 4925 2858 4976 ἐπὶ
2888 4928 3014 4986 τοὺς
3056 4925 3257 4985 ἵππους
3284 4939 3398 4988 σου,
3439 4923 3531 4975 καί
3559 4922 3591 4992 η
3624 4922 3864 4974 ίππασία

609 4993 968 5047 ministerium
1001 4997 1397 5061 praedicationis
1425 5000 1750 5068 evangeiica:
1781 5002 2029 5065 idoneos,
2062 5003 2176 5057 ele-

608 5081 686 5150 git
714 5092 890 5134 autem
931 5084 997 5135 de
1049 5086 1185 5137 tribu
1212 5083 1369 5152 .luda,
1400 5098 1454 5142 et
1509 5104 1575 5142 ex
1620 5091 1751 5157 ipsis
1803 5091 2181 5158 praedicatores

610 5173 910 5227 constituit.
946 5176 1121 5230 Voluit
1148 5179 1291 5233 enim
1318 5196 1412 5235 eos
1433 5196 1546 5237 sua:
1568 5183 1858 5237 voluntatis
1887 5183 2178 5248 ministros,

608 5272 665 5320 et
691 5267 987 5335 adjutores,
1035 5283 1087 5326 et
1117 5276 1302 5340 gratia:
1326 5277 1392 5330 ab
1434 5277 1549 5345 ipso
1578 5277 1839 5330 donanda:
1882 5278 2025 5331 velut
2069 5294 2181 5332 me-

610 5357 846 5414 diatores
894 5372 946 5416 et
993 5364 1396 5433 dispensatores
1458 5368 1596 5420 ﬁcri.
1650 5367 1914 5423 Praeterea
1954 5388 2017 5425 ex
2047 5374 2177 5440 ipso,

610 5449 805 5518 inquit,
836 5453 936 5508 hoc
986 5467 1068 5510 est
1121 5456 1257 5511 Juda
1318 5459 1368 5511 in
1399 5456 1585 5512 furore
1620 5460 1860 5519 intentus
1893 5472 1978 5520 est
2019 5481 2179 5538 arcus

2291 5032 2404 5081 σου,
2455 5016 2717 5085 σωτηρία,
2772 5033 2792 5065 ι
2825 5013 3032 5067 Οὐκοῦν
3065 5033 3083 5064 ι
3126 5012 3278 5077 τάξει
3337 5014 3519 5078 αὑτὸν,
3564 5013 3747 5082 φησιν,
3784 5014 3865 5077 ὡς

2287 5106 2452 5157 ἵππον
2481 5105 2730 5178 εὐπρεπῆ
2759 5108 2815 5159 ἐν
2848 5105 3086 5175 πολέμῳ,
3121 5104 3213 5157 καὶ
3235 5102 3295 5167 ἐξ
3310 5105 3472 5156 αὑτοῦ
3500 5102 3853 5171 ἐπέϐλεψεν.»

2283 5194 2506 5265 Ὅμοιον
2544 5196 2619 5259 ὡς
2642 5199 2690 5250 εί
2712 5197 2862 5264 λέγοι
2883 5211 2899 5226 '
2935 5195 3326 5264 Κατεσκὲψατο
3361 5196 3457 5263 μὲν
3480 5195 3554 5257 ὡς
3576 5194 3705 5255 Θεὸς
3729 5195 3860 5257 τοὺς

2278 5287 2617 5357 ἐπιτηδείους
2644 5290 2722 5351 είς
2749 5288 3022 5342 διακονίαν
3046 5287 3155 5340 τῶν
3184 5286 3552 5354 εὐαγγελικῶν
3574 5284 3862 5354 κηρυγμά-

2278 5397 2404 5444 των,
2433 5380 2765 5442 ἁπολέκτους
2809 5397 2872 5447 γε
2911 5380 3016 5450 μὴν
3064 5364 3355 5449 ἐποιήσατο
3399 5378 3522 5436 τοὺς
3567 5374 3626 5438 ἐξ
3660 5373 3854 5438 Ἰούδα,

2278 5472 2370 5524 καὶ
2396 5471 2453 5537 ἐξ
2489 5471 2664 5525 αὐτῶν
2716 5470 2921 5535 ἔταξεν.
2956 5470 3141 5523 Εἵλετο
3179 5469 3286 5537 γὰο
3336 5468 3530 5529 αὐτοὺς
3563 5464 3667 5517 τῶν
3710 5464 3855 5517 ἰδίων

674 5630 718 5664 ⁸³
742 5633 859 5688 Act.
895 5649 968 5703 tx,
1000 5636 1084 5689 15.
1162 5634 1427 5689 ³³11ιιιιεις.
1467 5651 1545 5701 ιιι,
1587 5642 1637 5698 8.
