  <div class='ocr_page' id='page_1' title='image "/cluster/home/n/w/nwhite01/storage/ocr_20150623/72/hvd.32044019207893/090.png"; bbox 0 0 4120 6542; ppageno 0'>
   <div class='ocr_carea' id='block_1_1' title="bbox 202 235 3461 303">
    <p class='ocr_par' dir='ltr' id='par_1_1' title="bbox 202 235 3461 303">
     <span class='ocr_line' id='line_1_1' title="bbox 202 235 3461 303; baseline 0.002 -8"><span class='ocrx_word' id='word_1_1' title='bbox 202 240 301 298; x_wconf 75' lang='grc'><strong>165</strong></span> <span class='ocrx_word' id='word_1_2' title='bbox 1002 235 1563 293; x_wconf 72' lang='lat' dir='ltr'><strong>COMMENTARIUS</strong></span> <span class='ocrx_word' id='word_1_3' title='bbox 1607 236 1671 290; x_wconf 80' lang='lat' dir='ltr'><strong>IN</strong></span> <span class='ocrx_word' id='word_1_4' title='bbox 1714 236 2117 293; x_wconf 71' lang='lat' dir='ltr'><strong>ZACIIARIAM</strong></span> <span class='ocrx_word' id='word_1_5' title='bbox 2158 237 2605 297; x_wconf 77' lang='lat' dir='ltr'><strong>PROPIIETAM.</strong></span> <span class='ocrx_word' id='word_1_6' title='bbox 3357 246 3461 303; x_wconf 78' lang='grc'><strong>166</strong></span> 
     </span>
    </p>
   </div>
   <div class='ocr_carea' id='block_1_2' title="bbox 202 353 1771 432">
    <p class='ocr_par' dir='ltr' id='par_1_2' title="bbox 202 354 1771 429">
     <span class='ocr_line' id='line_1_2' title="bbox 202 354 1771 429; baseline -0.003 -16"><span class='ocrx_word' id='word_1_7' title='bbox 202 358 521 429; x_wconf 75' lang='grc' dir='ltr'>θελημάτων</span> <span class='ocrx_word' id='word_1_8' title='bbox 557 354 832 426; x_wconf 77' lang='grc' dir='ltr'><strong>ὑπηρέτας</strong></span> <span class='ocrx_word' id='word_1_9' title='bbox 878 355 1152 422; x_wconf 80' lang='grc' dir='ltr'>γενέσθαι,</span> <span class='ocrx_word' id='word_1_10' title='bbox 1195 359 1290 410; x_wconf 79' lang='grc' dir='ltr'><strong>καὶ</strong></span> <span class='ocrx_word' id='word_1_11' title='bbox 1338 357 1664 427; x_wconf 82' lang='grc' dir='ltr'>ὑπουργοὺς,</span> <span class='ocrx_word' id='word_1_12' title='bbox 1696 358 1771 409; x_wconf 72' lang='grc' dir='ltr'>κα¹</span> 
     </span>
    </p>
   </div>
   <div class='ocr_carea' id='block_1_3' title="bbox 1876 353 3462 432">
    <p class='ocr_par' dir='ltr' id='par_1_3' title="bbox 1889 353 3462 432">
     <span class='ocr_line' id='line_1_3' title="bbox 1889 353 3462 432; baseline 0.005 -23"><span class='ocrx_word' id='word_1_13' title='bbox 1889 366 2075 411; x_wconf 86' lang='lat' dir='ltr'><strong>contra</strong></span> <span class='ocrx_word' id='word_1_14' title='bbox 2114 357 2473 412; x_wconf 77' lang='lat' dir='ltr'><strong>adversarios.</strong></span> <span class='ocrx_word' id='word_1_15' title='bbox 2510 358 2587 412; x_wconf 80' lang='lat' dir='ltr'><strong>Ex</strong></span> <span class='ocrx_word' id='word_1_16' title='bbox 2622 353 2739 428; x_wconf 87' lang='lat' dir='ltr'><strong>ipso</strong></span> <span class='ocrx_word' id='word_1_17' title='bbox 2772 360 2988 429; x_wconf 83' lang='lat' dir='ltr'><strong>insuper</strong></span> <span class='ocrx_word' id='word_1_18' title='bbox 3019 382 3035 413; x_wconf 73' lang='grc' dir='ltr'><strong>ι</strong></span> <span class='ocrx_word' id='word_1_19' title='bbox 3070 362 3380 432; x_wconf 77' lang='lat' dir='ltr'><strong>egredietur</strong></span> <span class='ocrx_word' id='word_1_20' title='bbox 3406 374 3462 417; x_wconf 87' lang='lat' dir='ltr'><strong>et</strong></span> 
     </span>
    </p>
   </div>
   <div class='ocr_carea' id='block_1_4' title="bbox 198 447 1771 523">
    <p class='ocr_par' dir='ltr' id='par_1_4' title="bbox 198 447 1771 523">
     <span class='ocr_line' id='line_1_4' title="bbox 198 447 1771 523; baseline -0.003 -18"><span class='ocrx_word' id='word_1_21' title='bbox 198 453 296 523; x_wconf 82' lang='grc' dir='ltr'>τῆς</span> <span class='ocrx_word' id='word_1_22' title='bbox 343 449 471 520; x_wconf 81' lang='grc' dir='ltr'>παρ’</span> <span class='ocrx_word' id='word_1_23' title='bbox 501 447 665 503; x_wconf 79' lang='grc' dir='ltr'>αὑτοῦ</span> <span class='ocrx_word' id='word_1_24' title='bbox 711 448 931 517; x_wconf 79' lang='grc' dir='ltr'>χάριτος</span> <span class='ocrx_word' id='word_1_25' title='bbox 976 448 1139 500; x_wconf 81' lang='grc' dir='ltr'>οἰονεὶ</span> <span class='ocrx_word' id='word_1_26' title='bbox 1184 450 1432 517; x_wconf 84' lang='grc' dir='ltr'>μεσίτας,</span> <span class='ocrx_word' id='word_1_27' title='bbox 1474 450 1566 502; x_wconf 78' lang='grc' dir='ltr'><strong>καὶ</strong></span> <span class='ocrx_word' id='word_1_28' title='bbox 1598 449 1771 501; x_wconf 84' lang='grc' dir='ltr'>διακό-</span> 
     </span>
    </p>
   </div>
   <div class='ocr_carea' id='block_1_5' title="bbox 1876 447 3461 523">
    <p class='ocr_par' dir='ltr' id='par_1_5' title="bbox 1886 448 3461 523">
     <span class='ocr_line' id='line_1_5' title="bbox 1886 448 3461 523; baseline 0.004 -23"><span class='ocrx_word' id='word_1_29' title='bbox 1886 448 2110 502; x_wconf 87' lang='lat' dir='ltr'><strong>abactor</strong></span> <span class='ocrx_word' id='word_1_30' title='bbox 2144 448 2196 499; x_wconf 92' lang='lat' dir='ltr'><strong>in</strong></span> <span class='ocrx_word' id='word_1_31' title='bbox 2234 448 2483 516; x_wconf 90' lang='lat' dir='ltr'><strong>idipsum.</strong></span> <span class='ocrx_word' id='word_1_32' title='bbox 2517 466 2534 499; x_wconf 74' lang='grc' dir='ltr'><strong>ι</strong></span> <span class='ocrx_word' id='word_1_33' title='bbox 2600 448 2943 515; x_wconf 84' lang='lat' dir='ltr'><strong>Abactorem,</strong></span> <span class='ocrx_word' id='word_1_34' title='bbox 2998 462 3165 522; x_wconf 88' lang='lat' dir='ltr'><strong>puto,</strong></span> <span class='ocrx_word' id='word_1_35' title='bbox 3226 454 3461 523; x_wconf 83' lang='lat' dir='ltr'><strong>appellat</strong></span> 
     </span>
    </p>
   </div>
   <div class='ocr_carea' id='block_1_6' title="bbox 205 536 1771 607">
    <p class='ocr_par' dir='ltr' id='par_1_6' title="bbox 205 536 1771 607">
     <span class='ocr_line' id='line_1_6' title="bbox 205 536 1771 607; baseline -0.003 -11"><span class='ocrx_word' id='word_1_36' title='bbox 205 559 342 604; x_wconf 77' lang='grc' dir='ltr'>νους.</span> <span class='ocrx_word' id='word_1_37' title='bbox 379 542 499 594; x_wconf 85' lang='grc' dir='ltr'><strong>Ἔτι</strong></span> <span class='ocrx_word' id='word_1_38' title='bbox 534 540 591 592; x_wconf 80' lang='grc' dir='ltr'>δέ</span> <span class='ocrx_word' id='word_1_39' title='bbox 617 554 799 607; x_wconf 77' lang='grc' dir='ltr'>φησιν,</span> <span class='ocrx_word' id='word_1_40' title='bbox 830 536 900 599; x_wconf 76' lang='grc' dir='ltr'>ἐξ</span> <span class='ocrx_word' id='word_1_41' title='bbox 931 537 1141 601; x_wconf 82' lang='grc' dir='ltr'>αὐτοῦ,</span> <span class='ocrx_word' id='word_1_42' title='bbox 1180 538 1426 591; x_wconf 83' lang='grc' dir='ltr'><strong>τουτέστι</strong></span> <span class='ocrx_word' id='word_1_43' title='bbox 1476 537 1568 590; x_wconf 80' lang='grc' dir='ltr'><strong>τοῦ</strong></span> <span class='ocrx_word' id='word_1_44' title='bbox 1612 538 1771 591; x_wconf 83' lang='grc' dir='ltr'>’ἰούδα</span> 
     </span>
    </p>
   </div>
   <div class='ocr_carea' id='block_1_7' title="bbox 1876 536 2924 607">
    <p class='ocr_par' dir='ltr' id='par_1_7' title="bbox 1887 539 2924 607">
     <span class='ocr_line' id='line_1_7' title="bbox 1887 539 2924 607; baseline 0.006 -18"><span class='ocrx_word' id='word_1_45' title='bbox 1887 541 2239 607; x_wconf 74' lang='lat' dir='ltr'><strong>prrcdatorem</strong></span> <span class='ocrx_word' id='word_1_46' title='bbox 2278 548 2332 591; x_wconf 92' lang='lat' dir='ltr'><strong>et</strong></span> <span class='ocrx_word' id='word_1_47' title='bbox 2354 539 2594 607; x_wconf 92' lang='lat' dir='ltr'><strong>captivos</strong></span> <span class='ocrx_word' id='word_1_48' title='bbox 2620 540 2924 595; x_wconf 90' lang='lat' dir='ltr'><strong>ducentem.</strong></span> 
     </span>
    </p>
   </div>
   <div class='ocr_carea' id='block_1_8' title="bbox 202 632 3465 704">
    <p class='ocr_par' dir='ltr' id='par_1_8' title="bbox 202 632 3465 704">
     <span class='ocr_line' id='line_1_8' title="bbox 202 632 3465 704; baseline 0.002 -13"><span class='ocrx_word' id='word_1_49' title='bbox 202 638 342 691; x_wconf 74' lang='grc' dir='ltr'><strong>τὸέν</strong></span> <span class='ocrx_word' id='word_1_50' title='bbox 369 633 525 704; x_wconf 78' lang='grc' dir='ltr'>θυμῷ</span> <span class='ocrx_word' id='word_1_51' title='bbox 560 632 865 702; x_wconf 85' lang='grc' dir='ltr'>τεινόμενον</span> <span class='ocrx_word' id='word_1_52' title='bbox 908 632 1056 697; x_wconf 78' lang='grc' dir='ltr'>τόξον</span> <span class='ocrx_word' id='word_1_53' title='bbox 1088 632 1229 685; x_wconf 79' lang='grc' dir='ltr'>κατὰ</span> <span class='ocrx_word' id='word_1_54' title='bbox 1267 632 1374 685; x_wconf 84' lang='grc' dir='ltr'><strong>τῶν</strong></span> <span class='ocrx_word' id='word_1_55' title='bbox 1420 634 1775 687; x_wconf 75' lang='grc' dir='ltr'><strong>ὑπεναντίων.</strong></span> <span class='ocrx_word' id='word_1_56' title='bbox 1831 632 1921 699; x_wconf 78' lang='grc' dir='ltr'><strong>Ἐξ</strong></span> <span class='ocrx_word' id='word_1_57' title='bbox 1982 633 2148 686; x_wconf 79' lang='grc' dir='ltr'>αὐτοῦ</span> <span class='ocrx_word' id='word_1_58' title='bbox 2209 634 2267 687; x_wconf 81' lang='grc' dir='ltr'>δὲ</span> <span class='ocrx_word' id='word_1_59' title='bbox 2306 633 2469 687; x_wconf 88' lang='grc' dir='ltr'>πάλιν</span> <span class='ocrx_word' id='word_1_60' title='bbox 2513 653 2531 685; x_wconf 88' lang='grc'><em>‹</em></span> <span class='ocrx_word' id='word_1_61' title='bbox 2572 635 3035 699; x_wconf 83' lang='grc' dir='ltr'>ἐξελεύσεταικαί</span> <span class='ocrx_word' id='word_1_62' title='bbox 3080 637 3377 702; x_wconf 82' lang='grc' dir='ltr'>ἐξελαύνων</span> <span class='ocrx_word' id='word_1_63' title='bbox 3406 643 3465 696; x_wconf 83' lang='grc' dir='ltr'><strong>ἐν</strong></span> 
     </span>
    </p>
   </div>
   <div class='ocr_carea' id='block_1_9' title="bbox 202 719 2944 797">
    <p class='ocr_par' dir='ltr' id='par_1_9' title="bbox 202 719 2944 797">
     <span class='ocr_line' id='line_1_9' title="bbox 202 719 2944 797; baseline 0 -18"><span class='ocrx_word' id='word_1_64' title='bbox 202 725 277 795; x_wconf 83' lang='grc' dir='ltr'>τῷ</span> <span class='ocrx_word' id='word_1_65' title='bbox 305 724 472 793; x_wconf 81' lang='grc' dir='ltr'>αύτῷ.</span> <span class='ocrx_word' id='word_1_66' title='bbox 513 742 531 774; x_wconf 73' lang='grc' dir='ltr'><strong>ι</strong></span> <span class='ocrx_word' id='word_1_67' title='bbox 571 720 955 786; x_wconf 79' lang='grc' dir='ltr'>Ἐξελαύνοντα</span> <span class='ocrx_word' id='word_1_68' title='bbox 994 721 1074 785; x_wconf 84' lang='grc' dir='ltr'>δὲ,</span> <span class='ocrx_word' id='word_1_69' title='bbox 1110 722 1186 784; x_wconf 80' lang='grc' dir='ltr'>ὥς</span> <span class='ocrx_word' id='word_1_70' title='bbox 1215 739 1279 790; x_wconf 91' lang='grc' dir='ltr'><strong>γε</strong></span> <span class='ocrx_word' id='word_1_71' title='bbox 1320 719 1496 792; x_wconf 69' lang='grc' dir='ltr'>οἶμαι,</span> <span class='ocrx_word' id='word_1_72' title='bbox 1562 724 1696 793; x_wconf 81' lang='grc' dir='ltr'><strong>φησί</strong></span> <span class='ocrx_word' id='word_1_73' title='bbox 1723 725 1813 776; x_wconf 78' lang='grc' dir='ltr'>τὸν</span> <span class='ocrx_word' id='word_1_74' title='bbox 1851 724 2217 795; x_wconf 82' lang='grc' dir='ltr'>λεηλατοῦντά</span> <span class='ocrx_word' id='word_1_75' title='bbox 2245 743 2302 777; x_wconf 90' lang='grc' dir='ltr'><strong>τε</strong></span> <span class='ocrx_word' id='word_1_76' title='bbox 2333 726 2426 778; x_wconf 78' lang='grc' dir='ltr'>καὶ</span> <span class='ocrx_word' id='word_1_77' title='bbox 2454 727 2944 797; x_wconf 81' lang='grc' dir='ltr'>αἱχμαλωτίζοντα.</span> 
     </span>
    </p>
   </div>
   <div class='ocr_carea' id='block_1_10' title="bbox 269 811 1783 885">
    <p class='ocr_par' dir='ltr' id='par_1_10' title="bbox 269 811 1783 885">
     <span class='ocr_line' id='line_1_10' title="bbox 269 811 1783 885; baseline 0.001 -19"><span class='ocrx_word' id='word_1_78' title='bbox 269 813 569 885; x_wconf 88' lang='grc' dir='ltr'>Δεδράκασι</span> <span class='ocrx_word' id='word_1_79' title='bbox 599 812 656 865; x_wconf 81' lang='grc' dir='ltr'>δὲ</span> <span class='ocrx_word' id='word_1_80' title='bbox 684 811 843 865; x_wconf 83' lang='grc' dir='ltr'>τοῦτο</span> <span class='ocrx_word' id='word_1_81' title='bbox 870 814 918 866; x_wconf 87' lang='grc' dir='ltr'><strong>οἰ</strong></span> <span class='ocrx_word' id='word_1_82' title='bbox 950 811 1227 867; x_wconf 81' lang='grc' dir='ltr'>θεσπέσιοι</span> <span class='ocrx_word' id='word_1_83' title='bbox 1279 814 1540 885; x_wconf 78' lang='grc' dir='ltr'>μαθηταὶ,</span> <span class='ocrx_word' id='word_1_84' title='bbox 1571 818 1698 877; x_wconf 81' lang='grc' dir='ltr'>τοὺς</span> <span class='ocrx_word' id='word_1_85' title='bbox 1726 817 1783 883; x_wconf 77' lang='grc' dir='ltr'><strong>ἐξ</strong></span> 
     </span>
    </p>
   </div>
   <div class='ocr_carea' id='block_1_11' title="bbox 213 903 1783 979">
    <p class='ocr_par' dir='ltr' id='par_1_11' title="bbox 213 903 1783 979">
     <span class='ocr_line' id='line_1_11' title="bbox 213 903 1783 979; baseline 0.002 -21"><span class='ocrx_word' id='word_1_86' title='bbox 213 904 471 973; x_wconf 83' lang='grc' dir='ltr'><strong>Ἐλλήνων</strong></span> <span class='ocrx_word' id='word_1_87' title='bbox 498 903 857 975; x_wconf 79' lang='grc' dir='ltr'>ἁρπάζοντες,</span> <span class='ocrx_word' id='word_1_88' title='bbox 891 905 985 958; x_wconf 76' lang='grc' dir='ltr'>καὶ</span> <span class='ocrx_word' id='word_1_89' title='bbox 1018 904 1095 976; x_wconf 82' lang='grc' dir='ltr'><strong>τῷ</strong></span> <span class='ocrx_word' id='word_1_90' title='bbox 1124 906 1346 976; x_wconf 84' lang='grc' dir='ltr'>μεγάλῳ</span> <span class='ocrx_word' id='word_1_91' title='bbox 1389 908 1783 979; x_wconf 74' lang='grc' dir='ltr'>προσκομίζονο</span> 
     </span>
    </p>
   </div>
   <div class='ocr_carea' id='block_1_12' title="bbox 195 995 1779 1069">
    <p class='ocr_par' dir='ltr' id='par_1_12' title="bbox 195 995 1779 1069">
     <span class='ocr_line' id='line_1_12' title="bbox 195 995 1779 1069; baseline 0.001 -19"><span class='ocrx_word' id='word_1_92' title='bbox 195 1013 283 1059; x_wconf 85' lang='grc' dir='ltr'><strong>τες</strong></span> <span class='ocrx_word' id='word_1_93' title='bbox 310 995 541 1065; x_wconf 86' lang='grc' dir='ltr'>βασιλεῖ,</span> <span class='ocrx_word' id='word_1_94' title='bbox 577 996 720 1067; x_wconf 81' lang='grc' dir='ltr'>φημὶ</span> <span class='ocrx_word' id='word_1_95' title='bbox 744 996 809 1067; x_wconf 82' lang='grc' dir='ltr'>δὴ</span> <span class='ocrx_word' id='word_1_96' title='bbox 847 997 1092 1068; x_wconf 82' lang='grc' dir='ltr'><strong>Χριστῷ,</strong></span> <span class='ocrx_word' id='word_1_97' title='bbox 1120 998 1207 1051; x_wconf 82' lang='grc' dir='ltr'>ἵνα</span> <span class='ocrx_word' id='word_1_98' title='bbox 1247 999 1338 1049; x_wconf 80' lang='grc' dir='ltr'><strong>ὑπ’</strong></span> <span class='ocrx_word' id='word_1_99' title='bbox 1379 999 1528 1069; x_wconf 88' lang='grc' dir='ltr'>αύτῷ</span> <span class='ocrx_word' id='word_1_100' title='bbox 1555 1017 1614 1053; x_wconf 83' lang='grc' dir='ltr'><strong>τε</strong></span> <span class='ocrx_word' id='word_1_101' title='bbox 1649 996 1779 1064; x_wconf 79' lang='grc' dir='ltr'>εἷεν,</span> 
     </span>
    </p>
   </div>
   <div class='ocr_carea' id='block_1_13' title="bbox 193 1086 1777 1160">
    <p class='ocr_par' dir='ltr' id='par_1_13' title="bbox 193 1086 1777 1160">
     <span class='ocr_line' id='line_1_13' title="bbox 193 1086 1777 1160; baseline 0.002 -20"><span class='ocrx_word' id='word_1_102' title='bbox 193 1088 284 1140; x_wconf 78' lang='grc' dir='ltr'><strong>καὶ</strong></span> <span class='ocrx_word' id='word_1_103' title='bbox 304 1086 375 1139; x_wconf 80' lang='grc' dir='ltr'><strong>τά</strong></span> <span class='ocrx_word' id='word_1_104' title='bbox 398 1086 565 1140; x_wconf 84' lang='grc' dir='ltr'>αὑτοῦ</span> <span class='ocrx_word' id='word_1_105' title='bbox 595 1090 812 1158; x_wconf 84' lang='grc' dir='ltr'>φρονεῖν</span> <span class='ocrx_word' id='word_1_106' title='bbox 832 1088 1057 1153; x_wconf 72' lang='grc' dir='ltr'>ἕλοιντο,</span> <span class='ocrx_word' id='word_1_107' title='bbox 1079 1092 1177 1160; x_wconf 82' lang='grc' dir='ltr'><strong>τῆς</strong></span> <span class='ocrx_word' id='word_1_108' title='bbox 1201 1088 1292 1142; x_wconf 82' lang='grc' dir='ltr'>τοῦ</span> <span class='ocrx_word' id='word_1_109' title='bbox 1316 1089 1562 1144; x_wconf 86' lang='grc' dir='ltr'>διαϐόλου</span> <span class='ocrx_word' id='word_1_110' title='bbox 1586 1091 1777 1144; x_wconf 86' lang='grc' dir='ltr'>πλεον-</span> 
     </span>
    </p>
   </div>
   <div class='ocr_carea' id='block_1_14' title="bbox 188 1180 1782 1254">
    <p class='ocr_par' dir='ltr' id='par_1_14' title="bbox 188 1180 1782 1254">
     <span class='ocr_line' id='line_1_14' title="bbox 188 1180 1782 1254; baseline 0.004 -20"><span class='ocrx_word' id='word_1_111' title='bbox 188 1180 336 1246; x_wconf 78' lang='grc' dir='ltr'>εξίας</span> <span class='ocrx_word' id='word_1_112' title='bbox 395 1181 515 1250; x_wconf 68' lang='grc' dir='ltr'>ὀψὲ,</span> <span class='ocrx_word' id='word_1_113' title='bbox 544 1182 655 1251; x_wconf 47' lang='grc' dir='ltr'>καὶ,</span> <span class='ocrx_word' id='word_1_114' title='bbox 666 1183 819 1252; x_wconf 86' lang='grc' dir='ltr'>μόλις</span> <span class='ocrx_word' id='word_1_115' title='bbox 848 1184 1276 1253; x_wconf 80' lang='grc' dir='ltr'>ἀποσεισάμενοι</span> <span class='ocrx_word' id='word_1_116' title='bbox 1305 1185 1395 1238; x_wconf 72' lang='grc' dir='ltr'>τὸν</span> <span class='ocrx_word' id='word_1_117' title='bbox 1423 1185 1604 1254; x_wconf 78' lang='grc' dir='ltr'>ζυγόν.</span> <span class='ocrx_word' id='word_1_118' title='bbox 1634 1188 1782 1240; x_wconf 84' lang='grc' dir='ltr'>Κατ-</span> 
     </span>
    </p>
   </div>
   <div class='ocr_carea' id='block_1_15' title="bbox 188 1272 1773 1347">
    <p class='ocr_par' dir='ltr' id='par_1_15' title="bbox 188 1272 1773 1347">
     <span class='ocr_line' id='line_1_15' title="bbox 188 1272 1773 1347; baseline 0.005 -23"><span class='ocrx_word' id='word_1_119' title='bbox 188 1272 511 1344; x_wconf 79' lang='grc' dir='ltr'>ηνδρίσαντο</span> <span class='ocrx_word' id='word_1_120' title='bbox 541 1273 598 1327; x_wconf 86' lang='grc' dir='ltr'>δὲ</span> <span class='ocrx_word' id='word_1_121' title='bbox 634 1272 777 1327; x_wconf 76' lang='grc' dir='ltr'>οὕτω</span> <span class='ocrx_word' id='word_1_122' title='bbox 819 1274 927 1328; x_wconf 83' lang='grc' dir='ltr'>τῶν</span> <span class='ocrx_word' id='word_1_123' title='bbox 979 1276 1111 1347; x_wconf 80' lang='grc' dir='ltr'>παρ’</span> <span class='ocrx_word' id='word_1_124' title='bbox 1138 1277 1363 1347; x_wconf 84' lang='grc' dir='ltr'>Ἕλλησι</span> <span class='ocrx_word' id='word_1_125' title='bbox 1394 1279 1574 1346; x_wconf 76' lang='grc' dir='ltr'>σοφῶν</span> <span class='ocrx_word' id='word_1_126' title='bbox 1604 1280 1651 1331; x_wconf 90' lang='grc' dir='ltr'><strong>οἰ</strong></span> <span class='ocrx_word' id='word_1_127' title='bbox 1683 1278 1773 1332; x_wconf 84' lang='grc' dir='ltr'>θε-</span> 
     </span>
    </p>
   </div>
   <div class='ocr_carea' id='block_1_16' title="bbox 186 1365 1775 1440">
    <p class='ocr_par' dir='ltr' id='par_1_16' title="bbox 186 1365 1775 1440">
     <span class='ocr_line' id='line_1_16' title="bbox 186 1365 1775 1440; baseline 0.003 -21"><span class='ocrx_word' id='word_1_128' title='bbox 186 1365 401 1419; x_wconf 76' lang='grc' dir='ltr'>σπέσιοι</span> <span class='ocrx_word' id='word_1_129' title='bbox 461 1365 722 1436; x_wconf 71' lang='grc' dir='ltr'>μαθηταὶ,</span> <span class='ocrx_word' id='word_1_130' title='bbox 777 1367 853 1430; x_wconf 83' lang='grc' dir='ltr'>ὡς</span> <span class='ocrx_word' id='word_1_131' title='bbox 896 1366 996 1439; x_wconf 74' lang='grc' dir='ltr'>ήδη</span> <span class='ocrx_word' id='word_1_132' title='bbox 1054 1385 1172 1431; x_wconf 89' lang='grc' dir='ltr'><strong>πως</strong></span> <span class='ocrx_word' id='word_1_133' title='bbox 1218 1369 1392 1423; x_wconf 82' lang='grc' dir='ltr'>δοκεῖν</span> <span class='ocrx_word' id='word_1_134' title='bbox 1437 1371 1609 1440; x_wconf 82' lang='grc' dir='ltr'>πηλὸν</span> <span class='ocrx_word' id='word_1_135' title='bbox 1657 1374 1775 1435; x_wconf 89' lang='grc' dir='ltr'>ταῖς</span> 
     </span>
    </p>
   </div>
   <div class='ocr_carea' id='block_1_17' title="bbox 187 1458 1775 1534">
    <p class='ocr_par' dir='ltr' id='par_1_17' title="bbox 187 1458 1775 1534">
     <span class='ocr_line' id='line_1_17' title="bbox 187 1458 1775 1534; baseline 0.003 -22"><span class='ocrx_word' id='word_1_136' title='bbox 187 1458 421 1529; x_wconf 81' lang='grc' dir='ltr'><strong>τριόδοις</strong></span> <span class='ocrx_word' id='word_1_137' title='bbox 442 1458 826 1531; x_wconf 76' lang='grc' dir='ltr'>διερῤιμμένον</span> <span class='ocrx_word' id='word_1_138' title='bbox 849 1464 1175 1530; x_wconf 90' lang='grc' dir='ltr'>συμπατεῖν.</span> <span class='ocrx_word' id='word_1_139' title='bbox 1200 1462 1311 1514; x_wconf 74' lang='grc' dir='ltr'>Καὶ</span> <span class='ocrx_word' id='word_1_140' title='bbox 1336 1463 1445 1534; x_wconf 85' lang='grc' dir='ltr'>γὰρ</span> <span class='ocrx_word' id='word_1_141' title='bbox 1470 1459 1538 1533; x_wconf 81' lang='grc' dir='ltr'><strong>ἧν</strong></span> <span class='ocrx_word' id='word_1_142' title='bbox 1573 1462 1775 1533; x_wconf 85' lang='grc' dir='ltr'>Κύριος</span> 
     </span>
    </p>
   </div>
   <div class='ocr_carea' id='block_1_18' title="bbox 186 1550 1772 1625">
    <p class='ocr_par' dir='ltr' id='par_1_18' title="bbox 186 1550 1772 1625">
     <span class='ocr_line' id='line_1_18' title="bbox 186 1550 1772 1625; baseline 0.003 -21"><span class='ocrx_word' id='word_1_143' title='bbox 186 1551 305 1621; x_wconf 84' lang='grc' dir='ltr'>μετ’</span> <span class='ocrx_word' id='word_1_144' title='bbox 351 1550 549 1615; x_wconf 75' lang='grc' dir='ltr'>αὐτῶν,</span> <span class='ocrx_word' id='word_1_145' title='bbox 591 1570 610 1601; x_wconf 78' lang='grc' dir='ltr'><strong>ι</strong></span> <span class='ocrx_word' id='word_1_146' title='bbox 652 1550 710 1603; x_wconf 83' lang='grc'><strong>’0</strong></span> <span class='ocrx_word' id='word_1_147' title='bbox 760 1551 929 1603; x_wconf 81' lang='grc' dir='ltr'>ποιῶν</span> <span class='ocrx_word' id='word_1_148' title='bbox 962 1552 1193 1623; x_wconf 85' lang='grc' dir='ltr'>μεγάλα,</span> <span class='ocrx_word' id='word_1_149' title='bbox 1230 1554 1323 1606; x_wconf 75' lang='grc' dir='ltr'><strong>καὶ</strong></span> <span class='ocrx_word' id='word_1_150' title='bbox 1369 1556 1772 1625; x_wconf 79' lang='grc' dir='ltr'>ἀνεξιχνίαστα,</span> 
     </span>
    </p>
   </div>
   <div class='ocr_carea' id='block_1_19' title="bbox 1953 818 3460 891">
    <p class='ocr_par' dir='ltr' id='par_1_19' title="bbox 1953 818 3460 891">
     <span class='ocr_line' id='line_1_19' title="bbox 1953 818 3460 891; baseline 0.006 -19"><span class='ocrx_word' id='word_1_151' title='bbox 1953 818 2219 873; x_wconf 88' lang='lat' dir='ltr'><strong>Fecerunt</strong></span> <span class='ocrx_word' id='word_1_152' title='bbox 2245 819 2348 873; x_wconf 90' lang='lat' dir='ltr'><strong>hoc</strong></span> <span class='ocrx_word' id='word_1_153' title='bbox 2372 821 2544 873; x_wconf 90' lang='lat' dir='ltr'><strong>sancti</strong></span> <span class='ocrx_word' id='word_1_154' title='bbox 2572 820 2914 891; x_wconf 89' lang='lat' dir='ltr'><strong>discipuli,de</strong></span> <span class='ocrx_word' id='word_1_155' title='bbox 2939 822 3143 877; x_wconf 65' lang='lat' dir='ltr'><strong>Graecis</strong></span> <span class='ocrx_word' id='word_1_156' title='bbox 3171 824 3460 891; x_wconf 79' lang='lat' dir='ltr'><strong>rapientes.</strong></span> 
     </span>
    </p>
   </div>
   <div class='ocr_carea' id='block_1_20' title="bbox 1880 910 3463 980">
    <p class='ocr_par' dir='ltr' id='par_1_20' title="bbox 1880 910 3463 980">
     <span class='ocr_line' id='line_1_20' title="bbox 1880 910 3463 980; baseline 0.002 -18"><span class='ocrx_word' id='word_1_157' title='bbox 1880 924 2016 978; x_wconf 91' lang='lat' dir='ltr'><strong>quos</strong></span> <span class='ocrx_word' id='word_1_158' title='bbox 2042 923 2235 976; x_wconf 83' lang='lat' dir='ltr'><strong>magno</strong></span> <span class='ocrx_word' id='word_1_159' title='bbox 2263 911 2393 980; x_wconf 89' lang='lat' dir='ltr'><strong>regi,</strong></span> <span class='ocrx_word' id='word_1_160' title='bbox 2461 910 2697 976; x_wconf 86' lang='lat' dir='ltr'><strong>Christo,</strong></span> <span class='ocrx_word' id='word_1_161' title='bbox 2749 914 2984 980; x_wconf 84' lang='lat' dir='ltr'><strong>inquam,</strong></span> <span class='ocrx_word' id='word_1_162' title='bbox 3027 912 3356 977; x_wconf 88' lang='lat' dir='ltr'><strong>obtulerunt,</strong></span> <span class='ocrx_word' id='word_1_163' title='bbox 3406 924 3463 965; x_wconf 92' lang='lat' dir='ltr'><strong>ut</strong></span> 
     </span>
    </p>
   </div>
   <div class='ocr_carea' id='block_1_21' title="bbox 1881 1001 3460 1074">
    <p class='ocr_par' dir='ltr' id='par_1_21' title="bbox 1881 1001 3460 1074">
     <span class='ocr_line' id='line_1_21' title="bbox 1881 1001 3460 1074; baseline 0.001 -19"><span class='ocrx_word' id='word_1_164' title='bbox 1881 1001 1981 1055; x_wconf 87' lang='lat' dir='ltr'><strong>sub</strong></span> <span class='ocrx_word' id='word_1_165' title='bbox 2021 1002 2136 1068; x_wconf 89' lang='lat' dir='ltr'><strong>ipso</strong></span> <span class='ocrx_word' id='word_1_166' title='bbox 2168 1012 2373 1065; x_wconf 88' lang='lat' dir='ltr'><strong>essent,</strong></span> <span class='ocrx_word' id='word_1_167' title='bbox 2420 1012 2474 1057; x_wconf 91' lang='lat' dir='ltr'><strong>et</strong></span> <span class='ocrx_word' id='word_1_168' title='bbox 2514 1018 2633 1072; x_wconf 73' lang='lat' dir='ltr'><strong>qua:</strong></span> <span class='ocrx_word' id='word_1_169' title='bbox 2672 1003 2788 1073; x_wconf 83' lang='lat' dir='ltr'><strong>ejus</strong></span> <span class='ocrx_word' id='word_1_170' title='bbox 2833 1014 2958 1058; x_wconf 87' lang='lat' dir='ltr'><strong>sunt</strong></span> <span class='ocrx_word' id='word_1_171' title='bbox 3022 1020 3214 1074; x_wconf 88' lang='lat' dir='ltr'><strong>sapere</strong></span> <span class='ocrx_word' id='word_1_172' title='bbox 3242 1006 3460 1070; x_wconf 81' lang='lat' dir='ltr'><strong>vellent,</strong></span> 
     </span>
    </p>
   </div>
   <div class='ocr_carea' id='block_1_22' title="bbox 1882 1092 3463 1163">
    <p class='ocr_par' dir='ltr' id='par_1_22' title="bbox 1882 1092 3463 1163">
     <span class='ocr_line' id='line_1_22' title="bbox 1882 1092 3463 1163; baseline 0.003 -17"><span class='ocrx_word' id='word_1_173' title='bbox 1882 1092 2155 1148; x_wconf 71' lang='lat' dir='ltr'><strong>diabolicae</strong></span> <span class='ocrx_word' id='word_1_174' title='bbox 2178 1093 2454 1147; x_wconf 87' lang='lat' dir='ltr'><strong>servitutis</strong></span> <span class='ocrx_word' id='word_1_175' title='bbox 2481 1094 2610 1163; x_wconf 85' lang='lat' dir='ltr'><strong>jngo</strong></span> <span class='ocrx_word' id='word_1_176' title='bbox 2675 1109 2816 1161; x_wconf 90' lang='lat' dir='ltr'><strong>sero,</strong></span> <span class='ocrx_word' id='word_1_177' title='bbox 2857 1104 2912 1150; x_wconf 91' lang='lat' dir='ltr'><strong>et</strong></span> <span class='ocrx_word' id='word_1_178' title='bbox 2948 1096 3035 1151; x_wconf 78' lang='lat' dir='ltr'><strong>vix</strong></span> <span class='ocrx_word' id='word_1_179' title='bbox 3098 1099 3312 1151; x_wconf 80' lang='lat' dir='ltr'><strong>tandem</strong></span> <span class='ocrx_word' id='word_1_180' title='bbox 3362 1112 3463 1151; x_wconf 81' lang='lat' dir='ltr'><strong>ex-</strong></span> 
     </span>
    </p>
   </div>
   <div class='ocr_carea' id='block_1_23' title="bbox 1880 1184 3462 1257">
    <p class='ocr_par' dir='ltr' id='par_1_23' title="bbox 1880 1184 3462 1257">
     <span class='ocr_line' id='line_1_23' title="bbox 1880 1184 3462 1257; baseline 0.003 -20"><span class='ocrx_word' id='word_1_181' title='bbox 1880 1198 2057 1238; x_wconf 89' lang='lat' dir='ltr'><strong>cusso.</strong></span> <span class='ocrx_word' id='word_1_182' title='bbox 2126 1184 2277 1239; x_wconf 89' lang='lat' dir='ltr'><strong>Adeo</strong></span> <span class='ocrx_word' id='word_1_183' title='bbox 2336 1192 2516 1239; x_wconf 86' lang='lat' dir='ltr'><strong>autem</strong></span> <span class='ocrx_word' id='word_1_184' title='bbox 2577 1196 2765 1241; x_wconf 90' lang='lat' dir='ltr'><strong>contra</strong></span> <span class='ocrx_word' id='word_1_185' title='bbox 2815 1187 3126 1242; x_wconf 67' lang='lat' dir='ltr'><strong>Graecorum</strong></span> <span class='ocrx_word' id='word_1_186' title='bbox 3189 1188 3462 1257; x_wconf 86' lang='lat' dir='ltr'><strong>sapientes</strong></span> 
     </span>
    </p>
   </div>
   <div class='ocr_carea' id='block_1_24' title="bbox 1882 1276 3458 1350">
    <p class='ocr_par' dir='ltr' id='par_1_24' title="bbox 1882 1276 3458 1350">
     <span class='ocr_line' id='line_1_24' title="bbox 1882 1276 3458 1350; baseline 0.004 -21"><span class='ocrx_word' id='word_1_187' title='bbox 1882 1283 2102 1329; x_wconf 87' lang='lat' dir='ltr'><strong>strenue</strong></span> <span class='ocrx_word' id='word_1_188' title='bbox 2128 1276 2295 1329; x_wconf 82' lang='lat' dir='ltr'><strong>divini</strong></span> <span class='ocrx_word' id='word_1_189' title='bbox 2345 1277 2588 1345; x_wconf 87' lang='lat' dir='ltr'><strong>discipuli</strong></span> <span class='ocrx_word' id='word_1_190' title='bbox 2611 1293 2669 1331; x_wconf 89' lang='lat' dir='ltr'><strong>se</strong></span> <span class='ocrx_word' id='word_1_191' title='bbox 2702 1290 3003 1347; x_wconf 88' lang='lat' dir='ltr'><strong>gesserunt,</strong></span> <span class='ocrx_word' id='word_1_192' title='bbox 3036 1290 3093 1333; x_wconf 89' lang='lat' dir='ltr'><strong>ut</strong></span> <span class='ocrx_word' id='word_1_193' title='bbox 3153 1279 3267 1350; x_wconf 86' lang='lat' dir='ltr'><strong>jam</strong></span> <span class='ocrx_word' id='word_1_194' title='bbox 3321 1298 3458 1349; x_wconf 88' lang='lat' dir='ltr'><strong>quo-</strong></span> 
     </span>
    </p>
   </div>
   <div class='ocr_carea' id='block_1_25' title="bbox 1883 1366 3463 1436">
    <p class='ocr_par' dir='ltr' id='par_1_25' title="bbox 1883 1366 3463 1436">
     <span class='ocr_line' id='line_1_25' title="bbox 1883 1366 3463 1436; baseline 0.004 -16"><span class='ocrx_word' id='word_1_195' title='bbox 1883 1367 2169 1421; x_wconf 83' lang='lat' dir='ltr'><strong>dammodo</strong></span> <span class='ocrx_word' id='word_1_196' title='bbox 2200 1366 2364 1421; x_wconf 91' lang='lat' dir='ltr'><strong>lutum</strong></span> <span class='ocrx_word' id='word_1_197' title='bbox 2408 1369 2457 1421; x_wconf 91' lang='lat' dir='ltr'><strong>in</strong></span> <span class='ocrx_word' id='word_1_198' title='bbox 2520 1369 2897 1436; x_wconf 89' lang='lat' dir='ltr'><strong>triviisjacens</strong></span> <span class='ocrx_word' id='word_1_199' title='bbox 2944 1374 3262 1428; x_wconf 89' lang='lat' dir='ltr'><strong>conculcare</strong></span> <span class='ocrx_word' id='word_1_200' title='bbox 3315 1373 3463 1427; x_wconf 81' lang='lat' dir='ltr'><strong>vide-</strong></span> 
     </span>
    </p>
   </div>
   <div class='ocr_carea' id='block_1_26' title="bbox 1882 1457 3460 1530">
    <p class='ocr_par' dir='ltr' id='par_1_26' title="bbox 1882 1457 3460 1530">
     <span class='ocr_line' id='line_1_26' title="bbox 1882 1457 3460 1530; baseline 0.004 -19"><span class='ocrx_word' id='word_1_201' title='bbox 1882 1468 2089 1513; x_wconf 87' lang='lat' dir='ltr'><strong>rentur.</strong></span> <span class='ocrx_word' id='word_1_202' title='bbox 2128 1457 2336 1512; x_wconf 86' lang='lat' dir='ltr'><strong>Etenim</strong></span> <span class='ocrx_word' id='word_1_203' title='bbox 2370 1459 2627 1514; x_wconf 87' lang='lat' dir='ltr'><strong>Dominus</strong></span> <span class='ocrx_word' id='word_1_204' title='bbox 2653 1471 2770 1514; x_wconf 87' lang='lat' dir='ltr'><strong>erat</strong></span> <span class='ocrx_word' id='word_1_205' title='bbox 2802 1476 2924 1515; x_wconf 92' lang='lat' dir='ltr'><strong>cum</strong></span> <span class='ocrx_word' id='word_1_206' title='bbox 2952 1463 3103 1530; x_wconf 87' lang='lat' dir='ltr'><strong>ipsis,</strong></span> <span class='ocrx_word' id='word_1_207' title='bbox 3151 1483 3169 1515; x_wconf 78' lang='lat' dir='ltr'><strong>r</strong></span> <span class='ocrx_word' id='word_1_208' title='bbox 3199 1462 3300 1530; x_wconf 87' lang='lat' dir='ltr'><strong>Qui</strong></span> <span class='ocrx_word' id='word_1_209' title='bbox 3332 1465 3460 1520; x_wconf 79' lang='lat' dir='ltr'><strong>facit</strong></span> 
     </span>
    </p>
   </div>
   <div class='ocr_carea' id='block_1_27' title="bbox 1884 1550 3459 1625">
    <p class='ocr_par' dir='ltr' id='par_1_27' title="bbox 1884 1550 3459 1625">
     <span class='ocr_line' id='line_1_27' title="bbox 1884 1550 3459 1625; baseline 0.006 -25"><span class='ocrx_word' id='word_1_210' title='bbox 1884 1564 2098 1618; x_wconf 88' lang='lat' dir='ltr'><strong>magna,</strong></span> <span class='ocrx_word' id='word_1_211' title='bbox 2141 1559 2196 1601; x_wconf 90' lang='lat' dir='ltr'><strong>et</strong></span> <span class='ocrx_word' id='word_1_212' title='bbox 2229 1550 2623 1613; x_wconf 87' lang='lat' dir='ltr'><strong>inscrutabilia,</strong></span> <span class='ocrx_word' id='word_1_213' title='bbox 2662 1551 2915 1620; x_wconf 86' lang='lat' dir='ltr'><strong>gloriosa,</strong></span> <span class='ocrx_word' id='word_1_214' title='bbox 2941 1561 2994 1606; x_wconf 88' lang='lat' dir='ltr'><strong>et</strong></span> <span class='ocrx_word' id='word_1_215' title='bbox 3031 1553 3285 1623; x_wconf 90' lang='lat' dir='ltr'><strong>ingentia,</strong></span> <span class='ocrx_word' id='word_1_216' title='bbox 3318 1569 3459 1625; x_wconf 85' lang='lat' dir='ltr'><strong>quo-</strong></span> 
     </span>
    </p>
   </div>
   <div class='ocr_carea' id='block_1_28' title="bbox 180 1637 1771 1725">
    <p class='ocr_par' dir='ltr' id='par_1_28' title="bbox 180 1637 1771 1718">
     <span class='ocr_line' id='line_1_28' title="bbox 180 1637 1771 1718; baseline 0.002 -20"><span class='ocrx_word' id='word_1_217' title='bbox 180 1643 371 1709; x_wconf 76' lang='grc' dir='ltr'>ἔνδοξά</span> <span class='ocrx_word' id='word_1_218' title='bbox 400 1661 459 1697; x_wconf 79' lang='grc' dir='ltr'><strong>τε</strong></span> <span class='ocrx_word' id='word_1_219' title='bbox 489 1643 581 1695; x_wconf 74' lang='grc' dir='ltr'><strong>καὶ</strong></span> <span class='ocrx_word' id='word_1_220' title='bbox 609 1642 853 1709; x_wconf 79' lang='grc' dir='ltr'>ἐξαίσια,</span> <span class='ocrx_word' id='word_1_221' title='bbox 879 1637 955 1697; x_wconf 83' lang='grc' dir='ltr'>ὧν</span> <span class='ocrx_word' id='word_1_222' title='bbox 990 1645 1090 1697; x_wconf 78' lang='grc' dir='ltr'><strong>οὐκ</strong></span> <span class='ocrx_word' id='word_1_223' title='bbox 1120 1644 1269 1698; x_wconf 77' lang='grc' dir='ltr'>ἐστιν</span> <span class='ocrx_word' id='word_1_224' title='bbox 1300 1646 1547 1718; x_wconf 83' lang='grc' dir='ltr'>ἀριθμός.</span> <span class='ocrx_word' id='word_1_225' title='bbox 1592 1665 1610 1697; x_wconf 75' lang='grc' dir='ltr'><strong>ι</strong></span> <span class='ocrx_word' id='word_1_226' title='bbox 1650 1648 1771 1701; x_wconf 76' lang='grc' dir='ltr'><strong>Ἐπ-</strong></span> 
     </span>
    </p>
   </div>
   <div class='ocr_carea' id='block_1_29' title="bbox 1876 1637 3461 1725">
    <p class='ocr_par' dir='ltr' id='par_1_29' title="bbox 1880 1642 3461 1712">
     <span class='ocr_line' id='line_1_29' title="bbox 1880 1642 3461 1712; baseline 0.006 -19"><span class='ocrx_word' id='word_1_227' title='bbox 1880 1656 1997 1694; x_wconf 91' lang='lat' dir='ltr'><strong>rum</strong></span> <span class='ocrx_word' id='word_1_228' title='bbox 2029 1651 2245 1695; x_wconf 90' lang='lat' dir='ltr'><strong>nonest</strong></span> <span class='ocrx_word' id='word_1_229' title='bbox 2285 1657 2544 1697; x_wconf 87' lang='lat' dir='ltr'><strong>numerus</strong></span> <span class='ocrx_word' id='word_1_230' title='bbox 2568 1642 2633 1696; x_wconf 73' lang='lat'><strong>“.</strong></span> <span class='ocrx_word' id='word_1_231' title='bbox 2680 1663 2698 1696; x_wconf 76' lang='grc' dir='ltr'><strong>ι</strong></span> <span class='ocrx_word' id='word_1_232' title='bbox 2758 1642 3054 1712; x_wconf 89' lang='lat' dir='ltr'><strong>Compellat</strong></span> <span class='ocrx_word' id='word_1_233' title='bbox 3109 1656 3164 1700; x_wconf 89' lang='lat' dir='ltr'><strong>et</strong></span> <span class='ocrx_word' id='word_1_234' title='bbox 3211 1647 3461 1703; x_wconf 76' lang='lat' dir='ltr'><strong>Christus</strong></span> 
     </span>
    </p>
   </div>
   <div class='ocr_carea' id='block_1_30' title="bbox 181 1734 1774 1806">
    <p class='ocr_par' dir='ltr' id='par_1_30' title="bbox 181 1734 1774 1806">
     <span class='ocr_line' id='line_1_30' title="bbox 181 1734 1774 1806; baseline 0.002 -17"><span class='ocrx_word' id='word_1_235' title='bbox 181 1734 379 1804; x_wconf 84' lang='grc' dir='ltr'>εφώνει</span> <span class='ocrx_word' id='word_1_236' title='bbox 400 1734 456 1787; x_wconf 85' lang='grc' dir='ltr'><strong>δέ</strong></span> <span class='ocrx_word' id='word_1_237' title='bbox 471 1751 573 1788; x_wconf 88' lang='grc' dir='ltr'><strong>που</strong></span> <span class='ocrx_word' id='word_1_238' title='bbox 595 1736 691 1788; x_wconf 62' lang='grc' dir='ltr'><strong>καὶ⁵</strong></span> <span class='ocrx_word' id='word_1_239' title='bbox 722 1738 749 1788; x_wconf 98' lang='lat'><strong>6</strong></span> <span class='ocrx_word' id='word_1_240' title='bbox 770 1735 1025 1806; x_wconf 83' lang='grc' dir='ltr'>Χριστὸς,</span> <span class='ocrx_word' id='word_1_241' title='bbox 1047 1740 1160 1800; x_wconf 88' lang='grc' dir='ltr'>τοῖς</span> <span class='ocrx_word' id='word_1_242' title='bbox 1191 1736 1545 1789; x_wconf 85' lang='grc' dir='ltr'>πιστεύσασιν</span> <span class='ocrx_word' id='word_1_243' title='bbox 1574 1738 1655 1802; x_wconf 84' lang='grc' dir='ltr'><strong>εἰς</strong></span> <span class='ocrx_word' id='word_1_244' title='bbox 1678 1740 1774 1792; x_wconf 83' lang='grc' dir='ltr'>αὑ-</span> 
     </span>
    </p>
   </div>
   <div class='ocr_carea' id='block_1_31' title="bbox 180 1827 1775 1898">
    <p class='ocr_par' dir='ltr' id='par_1_31' title="bbox 180 1827 1775 1898">
     <span class='ocr_line' id='line_1_31' title="bbox 180 1827 1775 1898; baseline 0.001 -17"><span class='ocrx_word' id='word_1_245' title='bbox 180 1829 302 1881; x_wconf 76' lang='grc' dir='ltr'>τόνο</span> <span class='ocrx_word' id='word_1_246' title='bbox 349 1845 367 1879; x_wconf 78' lang='grc' dir='ltr'><strong>ι</strong></span> <span class='ocrx_word' id='word_1_247' title='bbox 410 1827 540 1881; x_wconf 79' lang='grc' dir='ltr'>Ἰδοὺ</span> <span class='ocrx_word' id='word_1_248' title='bbox 587 1827 797 1881; x_wconf 81' lang='grc' dir='ltr'>δέδωκα</span> <span class='ocrx_word' id='word_1_249' title='bbox 828 1828 955 1897; x_wconf 86' lang='grc' dir='ltr'>ὑμῖν</span> <span class='ocrx_word' id='word_1_250' title='bbox 1002 1831 1195 1881; x_wconf 78' lang='grc' dir='ltr'>πατεῖν</span> <span class='ocrx_word' id='word_1_251' title='bbox 1226 1830 1412 1882; x_wconf 84' lang='grc' dir='ltr'>ἐπάνω</span> <span class='ocrx_word' id='word_1_252' title='bbox 1450 1828 1649 1898; x_wconf 79' lang='grc' dir='ltr'>ὄφεων,</span> <span class='ocrx_word' id='word_1_253' title='bbox 1680 1830 1775 1884; x_wconf 73' lang='grc' dir='ltr'>καὶ</span> 
     </span>
    </p>
   </div>
   <div class='ocr_carea' id='block_1_32' title="bbox 183 1918 1766 1991">
    <p class='ocr_par' dir='ltr' id='par_1_32' title="bbox 183 1918 1766 1991">
     <span class='ocr_line' id='line_1_32' title="bbox 183 1918 1766 1991; baseline 0.001 -20"><span class='ocrx_word' id='word_1_254' title='bbox 183 1918 485 1991; x_wconf 88' lang='grc' dir='ltr'>σκορπίων,</span> <span class='ocrx_word' id='word_1_255' title='bbox 518 1919 612 1971; x_wconf 70' lang='grc' dir='ltr'><strong>καί⁵</strong></span> <span class='ocrx_word' id='word_1_256' title='bbox 646 1919 739 1971; x_wconf 71' lang='grc' dir='ltr'><strong>ἐπὶ</strong></span> <span class='ocrx_word' id='word_1_257' title='bbox 777 1920 957 1972; x_wconf 84' lang='grc' dir='ltr'>πᾶσαν</span> <span class='ocrx_word' id='word_1_258' title='bbox 988 1919 1086 1990; x_wconf 82' lang='grc' dir='ltr'><strong>τὴν</strong></span> <span class='ocrx_word' id='word_1_259' title='bbox 1116 1919 1345 1991; x_wconf 88' lang='grc' dir='ltr'>δύναμιν</span> <span class='ocrx_word' id='word_1_260' title='bbox 1375 1920 1468 1973; x_wconf 85' lang='grc' dir='ltr'><strong>τοῦ</strong></span> <span class='ocrx_word' id='word_1_261' title='bbox 1494 1920 1712 1991; x_wconf 80' lang='grc' dir='ltr'>ἐχθροῦ.</span> <span class='ocrx_word' id='word_1_262' title='bbox 1748 1940 1766 1973; x_wconf 67' lang='grc' dir='ltr'><strong>ρ</strong></span> 
     </span>
    </p>
   </div>
   <div class='ocr_carea' id='block_1_33' title="bbox 192 2009 1773 2082">
    <p class='ocr_par' dir='ltr' id='par_1_33' title="bbox 192 2009 1773 2082">
     <span class='ocr_line' id='line_1_33' title="bbox 192 2009 1773 2082; baseline 0.001 -17"><span class='ocrx_word' id='word_1_263' title='bbox 192 2011 392 2065; x_wconf 77' lang='grc' dir='ltr'>’ἰστέον</span> <span class='ocrx_word' id='word_1_264' title='bbox 427 2011 483 2064; x_wconf 86' lang='grc' dir='ltr'><strong>δὲ</strong></span> <span class='ocrx_word' id='word_1_265' title='bbox 510 2011 590 2062; x_wconf 80' lang='grc' dir='ltr'>ὅτι</span> <span class='ocrx_word' id='word_1_266' title='bbox 636 2010 1010 2082; x_wconf 80' lang='grc' dir='ltr'>πνευματικὴν</span> <span class='ocrx_word' id='word_1_267' title='bbox 1046 2011 1146 2080; x_wconf 79' lang='grc' dir='ltr'>μὲν</span> <span class='ocrx_word' id='word_1_268' title='bbox 1178 2014 1343 2081; x_wconf 81' lang='grc' dir='ltr'>ἡμεῖς</span> <span class='ocrx_word' id='word_1_269' title='bbox 1390 2009 1773 2079; x_wconf 77' lang='grc' dir='ltr'>ἐξυφαίνοντες</span> 
     </span>
    </p>
   </div>
   <div class='ocr_carea' id='block_1_34' title="bbox 180 2101 1020 2173">
    <p class='ocr_par' dir='ltr' id='par_1_34' title="bbox 180 2101 1020 2173">
     <span class='ocr_line' id='line_1_34' title="bbox 180 2101 1020 2173; baseline 0.001 -19"><span class='ocrx_word' id='word_1_270' title='bbox 180 2103 439 2173; x_wconf 82' lang='grc' dir='ltr'>θεωρίαν,</span> <span class='ocrx_word' id='word_1_271' title='bbox 466 2103 535 2155; x_wconf 82' lang='grc' dir='ltr'>τὰ</span> <span class='ocrx_word' id='word_1_272' title='bbox 561 2101 791 2157; x_wconf 82' lang='grc' dir='ltr'>τοιαῦτά</span> <span class='ocrx_word' id='word_1_273' title='bbox 816 2120 1020 2171; x_wconf 81' lang='grc' dir='ltr'>φαμεν.</span> 
     </span>
    </p>
   </div>
   <div class='ocr_carea' id='block_1_35' title="bbox 263 2189 1772 2267">
    <p class='ocr_par' dir='ltr' id='par_1_35' title="bbox 263 2189 1772 2267">
     <span class='ocr_line' id='line_1_35' title="bbox 263 2189 1772 2267; baseline 0.002 -20"><span class='ocrx_word' id='word_1_274' title='bbox 263 2194 537 2258; x_wconf 81' lang='grc' dir='ltr'>Ἰουδαίοις</span> <span class='ocrx_word' id='word_1_275' title='bbox 561 2212 621 2263; x_wconf 87' lang='grc' dir='ltr'><strong>γε</strong></span> <span class='ocrx_word' id='word_1_276' title='bbox 656 2196 762 2266; x_wconf 85' lang='grc' dir='ltr'>μὴν</span> <span class='ocrx_word' id='word_1_277' title='bbox 785 2196 882 2264; x_wconf 75' lang='grc' dir='ltr'><strong>οὐχ</strong></span> <span class='ocrx_word' id='word_1_278' title='bbox 910 2189 1011 2249; x_wconf 80' lang='grc' dir='ltr'>ὧδε</span> <span class='ocrx_word' id='word_1_279' title='bbox 1036 2196 1179 2266; x_wconf 78' lang='grc' dir='ltr'>ἔχειν</span> <span class='ocrx_word' id='word_1_280' title='bbox 1207 2196 1267 2250; x_wconf 82' lang='grc' dir='ltr'>τὸ</span> <span class='ocrx_word' id='word_1_281' title='bbox 1286 2198 1477 2267; x_wconf 85' lang='grc' dir='ltr'>χρῆμα</span> <span class='ocrx_word' id='word_1_282' title='bbox 1492 2197 1657 2261; x_wconf 83' lang='grc' dir='ltr'>δοκεῖ,</span> <span class='ocrx_word' id='word_1_283' title='bbox 1688 2198 1772 2250; x_wconf 83' lang='grc' dir='ltr'>δέ-</span> 
     </span>
    </p>
   </div>
   <div class='ocr_carea' id='block_1_36' title="bbox 178 2286 1771 2359">
    <p class='ocr_par' dir='ltr' id='par_1_36' title="bbox 178 2286 1771 2359">
     <span class='ocr_line' id='line_1_36' title="bbox 178 2286 1771 2359; baseline 0.001 -20"><span class='ocrx_word' id='word_1_284' title='bbox 178 2304 365 2356; x_wconf 89' lang='grc' dir='ltr'>χονται</span> <span class='ocrx_word' id='word_1_285' title='bbox 390 2286 446 2338; x_wconf 80' lang='grc' dir='ltr'>δὲ</span> <span class='ocrx_word' id='word_1_286' title='bbox 479 2286 679 2356; x_wconf 82' lang='grc' dir='ltr'>μᾶλλον</span> <span class='ocrx_word' id='word_1_287' title='bbox 709 2287 1018 2356; x_wconf 84' lang='grc' dir='ltr'>ἰστορικῶς,</span> <span class='ocrx_word' id='word_1_288' title='bbox 1050 2289 1143 2341; x_wconf 83' lang='grc' dir='ltr'><strong>καί</strong></span> <span class='ocrx_word' id='word_1_289' title='bbox 1194 2306 1377 2357; x_wconf 77' lang='grc' dir='ltr'>φασιν,</span> <span class='ocrx_word' id='word_1_290' title='bbox 1410 2290 1491 2342; x_wconf 79' lang='grc' dir='ltr'>ὅτι</span> <span class='ocrx_word' id='word_1_291' title='bbox 1522 2291 1659 2359; x_wconf 86' lang='grc' dir='ltr'><strong>μετά</strong></span> <span class='ocrx_word' id='word_1_292' title='bbox 1681 2291 1771 2342; x_wconf 76' lang='grc' dir='ltr'>τὸν</span> 
     </span>
    </p>
   </div>
   <div class='ocr_carea' id='block_1_37' title="bbox 179 2376 1769 2449">
    <p class='ocr_par' dir='ltr' id='par_1_37' title="bbox 179 2376 1769 2449">
     <span class='ocr_line' id='line_1_37' title="bbox 179 2376 1769 2449; baseline 0.003 -20"><span class='ocrx_word' id='word_1_293' title='bbox 179 2378 278 2447; x_wconf 85' lang='grc' dir='ltr'>τῆς</span> <span class='ocrx_word' id='word_1_294' title='bbox 311 2376 689 2446; x_wconf 71' lang='grc' dir='ltr'>αἰχμαλωσίας</span> <span class='ocrx_word' id='word_1_295' title='bbox 722 2378 915 2448; x_wconf 81' lang='grc' dir='ltr'>καιρὸν</span> <span class='ocrx_word' id='word_1_296' title='bbox 952 2378 1336 2449; x_wconf 85' lang='grc' dir='ltr'>πεπολέμηκεν</span> <span class='ocrx_word' id='word_1_297' title='bbox 1358 2381 1562 2444; x_wconf 83' lang='grc' dir='ltr'>αὐτοῖς,</span> <span class='ocrx_word' id='word_1_298' title='bbox 1595 2382 1623 2432; x_wconf 89' lang='grc' dir='ltr'><strong>ὁ</strong></span> <span class='ocrx_word' id='word_1_299' title='bbox 1648 2381 1769 2434; x_wconf 84' lang='grc' dir='ltr'>ἐπί-</span> 
     </span>
    </p>
   </div>
   <div class='ocr_carea' id='block_1_38' title="bbox 177 2466 1772 2540">
    <p class='ocr_par' dir='ltr' id='par_1_38' title="bbox 177 2466 1772 2540">
     <span class='ocr_line' id='line_1_38' title="bbox 177 2466 1772 2540; baseline 0.003 -21"><span class='ocrx_word' id='word_1_300' title='bbox 177 2466 317 2535; x_wconf 86' lang='grc' dir='ltr'>κλην</span> <span class='ocrx_word' id='word_1_301' title='bbox 366 2467 662 2537; x_wconf 78' lang='grc' dir='ltr'>Ἐπιφανὴς</span> <span class='ocrx_word' id='word_1_302' title='bbox 698 2467 969 2537; x_wconf 84' lang='grc' dir='ltr'>Ἀντίοχος</span> <span class='ocrx_word' id='word_1_303' title='bbox 1009 2467 1267 2536; x_wconf 86' lang='grc' dir='ltr'>πλείστην</span> <span class='ocrx_word' id='word_1_304' title='bbox 1294 2486 1352 2521; x_wconf 88' lang='grc' dir='ltr'><strong>τε</strong></span> <span class='ocrx_word' id='word_1_305' title='bbox 1374 2470 1507 2540; x_wconf 83' lang='grc' dir='ltr'>ὅσην</span> <span class='ocrx_word' id='word_1_306' title='bbox 1536 2487 1772 2537; x_wconf 86' lang='grc' dir='ltr'>συναγα-</span> 
     </span>
    </p>
   </div>
   <div class='ocr_carea' id='block_1_39' title="bbox 176 2556 1770 2631">
    <p class='ocr_par' dir='ltr' id='par_1_39' title="bbox 176 2556 1770 2631">
     <span class='ocr_line' id='line_1_39' title="bbox 176 2556 1770 2631; baseline 0.002 -22"><span class='ocrx_word' id='word_1_307' title='bbox 176 2556 290 2625; x_wconf 88' lang='grc' dir='ltr'><strong>γὼν</strong></span> <span class='ocrx_word' id='word_1_308' title='bbox 347 2559 412 2610; x_wconf 85' lang='grc' dir='ltr'><strong>ἐκ</strong></span> <span class='ocrx_word' id='word_1_309' title='bbox 465 2557 565 2625; x_wconf 84' lang='grc' dir='ltr'>τῆς</span> <span class='ocrx_word' id='word_1_310' title='bbox 607 2557 875 2627; x_wconf 85' lang='grc' dir='ltr'>Ἐλλήνων</span> <span class='ocrx_word' id='word_1_311' title='bbox 922 2556 1107 2628; x_wconf 83' lang='grc' dir='ltr'>χώρας</span> <span class='ocrx_word' id='word_1_312' title='bbox 1147 2558 1256 2610; x_wconf 86' lang='grc' dir='ltr'><strong>τῶν</strong></span> <span class='ocrx_word' id='word_1_313' title='bbox 1307 2560 1633 2629; x_wconf 82' lang='grc' dir='ltr'>μαχομένων</span> <span class='ocrx_word' id='word_1_314' title='bbox 1673 2561 1770 2631; x_wconf 83' lang='grc' dir='ltr'>τὴν</span> 
     </span>
    </p>
   </div>
   <div class='ocr_carea' id='block_1_40' title="bbox 175 2648 1769 2721">
    <p class='ocr_par' dir='ltr' id='par_1_40' title="bbox 175 2648 1769 2721">
     <span class='ocr_line' id='line_1_40' title="bbox 175 2648 1769 2721; baseline 0 -18"><span class='ocrx_word' id='word_1_315' title='bbox 175 2648 445 2721; x_wconf 79' lang='grc' dir='ltr'>ἄθροισιν,</span> <span class='ocrx_word' id='word_1_316' title='bbox 486 2648 579 2701; x_wconf 75' lang='grc' dir='ltr'><strong>καὶ</strong></span> <span class='ocrx_word' id='word_1_317' title='bbox 617 2648 724 2717; x_wconf 80' lang='grc' dir='ltr'><strong>μὴν</strong></span> <span class='ocrx_word' id='word_1_318' title='bbox 754 2649 849 2701; x_wconf 62' lang='grc' dir='ltr'><strong>καί¹</strong></span> <span class='ocrx_word' id='word_1_319' title='bbox 882 2651 1003 2710; x_wconf 88' lang='grc' dir='ltr'>ταῖς</span> <span class='ocrx_word' id='word_1_320' title='bbox 1034 2649 1163 2718; x_wconf 88' lang='grc' dir='ltr'>παρ’</span> <span class='ocrx_word' id='word_1_321' title='bbox 1195 2650 1397 2719; x_wconf 80' lang='grc' dir='ltr'>ἑτέρων</span> <span class='ocrx_word' id='word_1_322' title='bbox 1428 2651 1769 2719; x_wconf 75' lang='grc' dir='ltr'>ἐπικουρίαις</span> 
     </span>
    </p>
   </div>
   <div class='ocr_carea' id='block_1_41' title="bbox 174 2737 1768 2811">
    <p class='ocr_par' dir='ltr' id='par_1_41' title="bbox 174 2737 1768 2811">
     <span class='ocr_line' id='line_1_41' title="bbox 174 2737 1768 2811; baseline -0.001 -19"><span class='ocrx_word' id='word_1_323' title='bbox 174 2739 566 2811; x_wconf 71' lang='grc' dir='ltr'>ὠφρυωμένος.</span> <span class='ocrx_word' id='word_1_324' title='bbox 629 2738 767 2791; x_wconf 85' lang='grc' dir='ltr'>Ἀλλ’</span> <span class='ocrx_word' id='word_1_325' title='bbox 823 2737 898 2800; x_wconf 83' lang='grc' dir='ltr'><strong>ὡς</strong></span> <span class='ocrx_word' id='word_1_326' title='bbox 957 2738 1111 2790; x_wconf 82' lang='grc' dir='ltr'><strong>αύτοί</strong></span> <span class='ocrx_word' id='word_1_327' title='bbox 1144 2748 1163 2795; x_wconf 70' lang='grc'><em>1</em></span> <span class='ocrx_word' id='word_1_328' title='bbox 1199 2755 1353 2806; x_wconf 86' lang='grc' dir='ltr'>φασι,</span> <span class='ocrx_word' id='word_1_329' title='bbox 1410 2739 1694 2807; x_wconf 77' lang='grc' dir='ltr'>νενίκηκεν</span> <span class='ocrx_word' id='word_1_330' title='bbox 1740 2740 1768 2791; x_wconf 90' lang='lat'><strong>6</strong></span> 
     </span>
    </p>
   </div>
   <div class='ocr_carea' id='block_1_42' title="bbox 188 2828 1767 2900">
    <p class='ocr_par' dir='ltr' id='par_1_42' title="bbox 188 2828 1767 2900">
     <span class='ocr_line' id='line_1_42' title="bbox 188 2828 1767 2900; baseline -0.001 -16"><span class='ocrx_word' id='word_1_331' title='bbox 188 2830 428 2900; x_wconf 80' lang='grc' dir='ltr'>Ἰσραὴλ,</span> <span class='ocrx_word' id='word_1_332' title='bbox 465 2828 684 2898; x_wconf 73' lang='grc' dir='ltr'>καὶτῆς</span> <span class='ocrx_word' id='word_1_333' title='bbox 725 2828 935 2881; x_wconf 82' lang='grc' dir='ltr'>ἐκείνου</span> <span class='ocrx_word' id='word_1_334' title='bbox 968 2828 1289 2898; x_wconf 85' lang='grc' dir='ltr'>σκαιότητος</span> <span class='ocrx_word' id='word_1_335' title='bbox 1330 2829 1429 2899; x_wconf 80' lang='grc' dir='ltr'>τὴν</span> <span class='ocrx_word' id='word_1_336' title='bbox 1451 2829 1659 2899; x_wconf 80' lang='grc' dir='ltr'>ἀμείνω</span> <span class='ocrx_word' id='word_1_337' title='bbox 1683 2830 1767 2882; x_wconf 81' lang='grc' dir='ltr'>δό·</span> 
     </span>
    </p>
   </div>
   <div class='ocr_carea' id='block_1_43' title="bbox 178 2920 1768 2992">
    <p class='ocr_par' dir='ltr' id='par_1_43' title="bbox 178 2920 1768 2992">
     <span class='ocr_line' id='line_1_43' title="bbox 178 2920 1768 2992; baseline -0.001 -16"><span class='ocrx_word' id='word_1_338' title='bbox 178 2923 274 2987; x_wconf 78' lang='grc' dir='ltr'><strong>ξαν</strong></span> <span class='ocrx_word' id='word_1_339' title='bbox 316 2922 686 2991; x_wconf 83' lang='grc' dir='ltr'>ἀπηνέγκατο.</span> <span class='ocrx_word' id='word_1_340' title='bbox 724 2920 859 2973; x_wconf 83' lang='grc' dir='ltr'>Τότε</span> <span class='ocrx_word' id='word_1_341' title='bbox 888 2920 995 2992; x_wconf 88' lang='grc' dir='ltr'>γὰρ</span> <span class='ocrx_word' id='word_1_342' title='bbox 1036 2920 1352 2991; x_wconf 79' lang='grc' dir='ltr'>συμϐέϐηκε</span> <span class='ocrx_word' id='word_1_343' title='bbox 1406 2922 1502 2974; x_wconf 55' lang='grc' dir='ltr'><strong>καὶ⁸</strong></span> <span class='ocrx_word' id='word_1_344' title='bbox 1548 2922 1672 2984; x_wconf 75' lang='grc' dir='ltr'>τοὺς</span> <span class='ocrx_word' id='word_1_345' title='bbox 1701 2924 1768 2975; x_wconf 85' lang='grc' dir='ltr'><strong>ἐκ</strong></span> 
     </span>
    </p>
   </div>
   <div class='ocr_carea' id='block_1_44' title="bbox 1882 1733 3457 1806">
    <p class='ocr_par' dir='ltr' id='par_1_44' title="bbox 1882 1733 3457 1806">
     <span class='ocr_line' id='line_1_44' title="bbox 1882 1733 3457 1806; baseline 0.004 -19"><span class='ocrx_word' id='word_1_346' title='bbox 1882 1733 2076 1788; x_wconf 84' lang='lat' dir='ltr'><strong>alicubi</strong></span> <span class='ocrx_word' id='word_1_347' title='bbox 2112 1735 2393 1789; x_wconf 85' lang='lat' dir='ltr'><strong>credentes</strong></span> <span class='ocrx_word' id='word_1_348' title='bbox 2414 1735 2463 1789; x_wconf 90' lang='lat' dir='ltr'><strong>in</strong></span> <span class='ocrx_word' id='word_1_349' title='bbox 2496 1736 2588 1804; x_wconf 77' lang='lat' dir='ltr'><strong>se:</strong></span> <span class='ocrx_word' id='word_1_350' title='bbox 2624 1736 2789 1790; x_wconf 67' lang='lat' dir='ltr'><strong>«Ecce</strong></span> <span class='ocrx_word' id='word_1_351' title='bbox 2813 1737 2931 1790; x_wconf 87' lang='lat' dir='ltr'><strong>dedi</strong></span> <span class='ocrx_word' id='word_1_352' title='bbox 2961 1737 3115 1791; x_wconf 84' lang='lat' dir='ltr'><strong>vobis</strong></span> <span class='ocrx_word' id='word_1_353' title='bbox 3132 1747 3457 1806; x_wconf 87' lang='lat' dir='ltr'><strong>potestatem</strong></span> 
     </span>
    </p>
   </div>
   <div class='ocr_carea' id='block_1_45' title="bbox 1881 1825 3457 1901">
    <p class='ocr_par' dir='ltr' id='par_1_45' title="bbox 1881 1825 3457 1901">
     <span class='ocr_line' id='line_1_45' title="bbox 1881 1825 3457 1901; baseline 0.004 -23"><span class='ocrx_word' id='word_1_354' title='bbox 1881 1825 2122 1879; x_wconf 88' lang='lat' dir='ltr'><strong>calcandi</strong></span> <span class='ocrx_word' id='word_1_355' title='bbox 2191 1841 2352 1895; x_wconf 84' lang='lat' dir='ltr'><strong>supra</strong></span> <span class='ocrx_word' id='word_1_356' title='bbox 2396 1836 2675 1894; x_wconf 83' lang='lat' dir='ltr'><strong>serpentes</strong></span> <span class='ocrx_word' id='word_1_357' title='bbox 2727 1836 2780 1882; x_wconf 89' lang='lat' dir='ltr'><strong>et</strong></span> <span class='ocrx_word' id='word_1_358' title='bbox 2820 1829 3159 1897; x_wconf 88' lang='lat' dir='ltr'><strong>scorpiones,</strong></span> <span class='ocrx_word' id='word_1_359' title='bbox 3211 1839 3265 1884; x_wconf 91' lang='lat' dir='ltr'><strong>et</strong></span> <span class='ocrx_word' id='word_1_360' title='bbox 3294 1845 3457 1901; x_wconf 81' lang='lat' dir='ltr'><strong>supra</strong></span> 
     </span>
    </p>
   </div>
   <div class='ocr_carea' id='block_1_46' title="bbox 1879 1917 3455 1987">
    <p class='ocr_par' dir='ltr' id='par_1_46' title="bbox 1879 1917 3455 1987">
     <span class='ocr_line' id='line_1_46' title="bbox 1879 1917 3455 1987; baseline 0.003 -17"><span class='ocrx_word' id='word_1_361' title='bbox 1879 1931 2094 1970; x_wconf 84' lang='lat' dir='ltr'><strong>onmem</strong></span> <span class='ocrx_word' id='word_1_362' title='bbox 2125 1917 2376 1970; x_wconf 87' lang='lat' dir='ltr'><strong>virtutem</strong></span> <span class='ocrx_word' id='word_1_363' title='bbox 2404 1917 2606 1970; x_wconf 91' lang='lat' dir='ltr'><strong>inimici</strong></span> <span class='ocrx_word' id='word_1_364' title='bbox 2636 1918 2705 1970; x_wconf 83' lang='grc'><strong>³⁸.</strong></span> <span class='ocrx_word' id='word_1_365' title='bbox 2732 1937 2751 1969; x_wconf 75' lang='grc' dir='ltr'><strong>ι</strong></span> <span class='ocrx_word' id='word_1_366' title='bbox 2802 1918 3092 1974; x_wconf 89' lang='lat' dir='ltr'><strong>Sciendum</strong></span> <span class='ocrx_word' id='word_1_367' title='bbox 3116 1934 3297 1987; x_wconf 91' lang='lat' dir='ltr'><strong>porro,</strong></span> <span class='ocrx_word' id='word_1_368' title='bbox 3335 1935 3455 1985; x_wconf 89' lang='lat' dir='ltr'><strong>nos,</strong></span> 
     </span>
    </p>
   </div>
   <div class='ocr_carea' id='block_1_47' title="bbox 1880 2007 3457 2076">
    <p class='ocr_par' dir='ltr' id='par_1_47' title="bbox 1880 2007 3457 2076">
     <span class='ocr_line' id='line_1_47' title="bbox 1880 2007 3457 2076; baseline 0.004 -16"><span class='ocrx_word' id='word_1_369' title='bbox 1880 2007 2212 2075; x_wconf 86' lang='lat' dir='ltr'><strong>spiritualem</strong></span> <span class='ocrx_word' id='word_1_370' title='bbox 2265 2007 2767 2076; x_wconf 89' lang='lat' dir='ltr'><strong>interpretationem</strong></span> <span class='ocrx_word' id='word_1_371' title='bbox 2811 2020 3166 2066; x_wconf 79' lang='lat' dir='ltr'><strong>contexentes</strong></span> <span class='ocrx_word' id='word_1_372' title='bbox 3214 2012 3327 2065; x_wconf 65' lang='lat' dir='ltr'><strong>haec</strong></span> <span class='ocrx_word' id='word_1_373' title='bbox 3375 2011 3457 2066; x_wconf 83' lang='lat' dir='ltr'><strong>di-</strong></span> 
     </span>
    </p>
   </div>
   <div class='ocr_carea' id='block_1_48' title="bbox 1876 2112 2023 2153">
    <p class='ocr_par' dir='ltr' id='par_1_48' title="bbox 1876 2112 2023 2153">
     <span class='ocr_line' id='line_1_48' title="bbox 1876 2112 2023 2153; baseline -0.02 0"><span class='ocrx_word' id='word_1_374' title='bbox 1876 2112 2023 2153; x_wconf 89' lang='lat' dir='ltr'><strong>cere.</strong></span> 
     </span>
    </p>
   </div>
   <div class='ocr_carea' id='block_1_49' title="bbox 1950 2189 3457 2263">
    <p class='ocr_par' dir='ltr' id='par_1_49' title="bbox 1950 2189 3457 2263">
     <span class='ocr_line' id='line_1_49' title="bbox 1950 2189 3457 2263; baseline 0.003 -21"><span class='ocrx_word' id='word_1_375' title='bbox 1950 2191 2017 2243; x_wconf 80' lang='lat' dir='ltr'><strong>At</strong></span> <span class='ocrx_word' id='word_1_376' title='bbox 2064 2189 2261 2245; x_wconf 72' lang='lat' dir='ltr'><strong>Iudaeis</strong></span> <span class='ocrx_word' id='word_1_377' title='bbox 2292 2190 2565 2245; x_wconf 88' lang='lat' dir='ltr'><strong>diversum</strong></span> <span class='ocrx_word' id='word_1_378' title='bbox 2593 2189 2789 2261; x_wconf 84' lang='lat' dir='ltr'><strong>placet,</strong></span> <span class='ocrx_word' id='word_1_379' title='bbox 2820 2193 2909 2262; x_wconf 86' lang='lat' dir='ltr'><strong>qui</strong></span> <span class='ocrx_word' id='word_1_380' title='bbox 2939 2194 3053 2247; x_wconf 79' lang='lat' dir='ltr'><strong>haec</strong></span> <span class='ocrx_word' id='word_1_381' title='bbox 3082 2192 3337 2250; x_wconf 86' lang='lat' dir='ltr'><strong>historice</strong></span> <span class='ocrx_word' id='word_1_382' title='bbox 3358 2208 3457 2263; x_wconf 87' lang='lat' dir='ltr'><strong>po-</strong></span> 
     </span>
    </p>
   </div>
   <div class='ocr_carea' id='block_1_50' title="bbox 1880 2281 3457 2355">
    <p class='ocr_par' dir='ltr' id='par_1_50' title="bbox 1880 2281 3457 2355">
     <span class='ocr_line' id='line_1_50' title="bbox 1880 2281 3457 2355; baseline 0.003 -21"><span class='ocrx_word' id='word_1_383' title='bbox 1880 2281 1989 2334; x_wconf 90' lang='lat' dir='ltr'><strong>tius</strong></span> <span class='ocrx_word' id='word_1_384' title='bbox 2023 2282 2313 2350; x_wconf 85' lang='lat' dir='ltr'><strong>accipinut,</strong></span> <span class='ocrx_word' id='word_1_385' title='bbox 2340 2281 2739 2352; x_wconf 79' lang='lat' dir='ltr'><strong>alﬁrmantque,</strong></span> <span class='ocrx_word' id='word_1_386' title='bbox 2772 2294 2892 2353; x_wconf 89' lang='lat' dir='ltr'><strong>post</strong></span> <span class='ocrx_word' id='word_1_387' title='bbox 2935 2292 3146 2355; x_wconf 87' lang='lat' dir='ltr'><strong>tempus</strong></span> <span class='ocrx_word' id='word_1_388' title='bbox 3172 2286 3457 2354; x_wconf 87' lang='lat' dir='ltr'><strong>captivita-</strong></span> 
     </span>
    </p>
   </div>
   <div class='ocr_carea' id='block_1_51' title="bbox 1882 2372 3456 2444">
    <p class='ocr_par' dir='ltr' id='par_1_51' title="bbox 1882 2372 3456 2444">
     <span class='ocr_line' id='line_1_51' title="bbox 1882 2372 3456 2444; baseline 0.004 -21"><span class='ocrx_word' id='word_1_389' title='bbox 1882 2372 1948 2424; x_wconf 77' lang='lat' dir='ltr'><strong>tis</strong></span> <span class='ocrx_word' id='word_1_390' title='bbox 1978 2372 2247 2425; x_wconf 89' lang='lat' dir='ltr'><strong>hostiliter</strong></span> <span class='ocrx_word' id='word_1_391' title='bbox 2280 2388 2374 2426; x_wconf 89' lang='lat' dir='ltr'><strong>eos</strong></span> <span class='ocrx_word' id='word_1_392' title='bbox 2416 2373 2684 2427; x_wconf 85' lang='lat' dir='ltr'><strong>invasisse</strong></span> <span class='ocrx_word' id='word_1_393' title='bbox 2716 2375 3039 2429; x_wconf 80' lang='lat' dir='ltr'><strong>Antiochum</strong></span> <span class='ocrx_word' id='word_1_394' title='bbox 3100 2384 3456 2444; x_wconf 78' lang='lat' dir='ltr'><strong>COgnomento</strong></span> 
     </span>
    </p>
   </div>
   <div class='ocr_carea' id='block_1_52' title="bbox 1880 2462 3456 2532">
    <p class='ocr_par' dir='ltr' id='par_1_52' title="bbox 1880 2462 3456 2532">
     <span class='ocr_line' id='line_1_52' title="bbox 1880 2462 3456 2532; baseline 0.002 -17"><span class='ocrx_word' id='word_1_395' title='bbox 1880 2462 2212 2530; x_wconf 82' lang='lat' dir='ltr'><strong>Epiphanetn</strong></span> <span class='ocrx_word' id='word_1_396' title='bbox 2282 2479 2402 2516; x_wconf 88' lang='lat' dir='ltr'><strong>cum</strong></span> <span class='ocrx_word' id='word_1_397' title='bbox 2442 2465 2614 2532; x_wconf 91' lang='lat' dir='ltr'><strong>copiis</strong></span> <span class='ocrx_word' id='word_1_398' title='bbox 2660 2479 2689 2517; x_wconf 90' lang='lat' dir='ltr'><strong>e</strong></span> <span class='ocrx_word' id='word_1_399' title='bbox 2733 2463 2938 2519; x_wconf 72' lang='lat' dir='ltr'><strong>Grrecia</strong></span> <span class='ocrx_word' id='word_1_400' title='bbox 2989 2464 3231 2530; x_wconf 82' lang='lat' dir='ltr'><strong>inﬁnitis,</strong></span> <span class='ocrx_word' id='word_1_401' title='bbox 3290 2477 3343 2521; x_wconf 91' lang='lat' dir='ltr'><strong>et</strong></span> <span class='ocrx_word' id='word_1_402' title='bbox 3387 2464 3456 2519; x_wconf 86' lang='lat' dir='ltr'><strong>ab</strong></span> 
     </span>
    </p>
   </div>
   <div class='ocr_carea' id='block_1_53' title="bbox 1877 2554 3454 2627">
    <p class='ocr_par' dir='ltr' id='par_1_53' title="bbox 1877 2554 3454 2627">
     <span class='ocr_line' id='line_1_53' title="bbox 1877 2554 3454 2627; baseline 0.004 -22"><span class='ocrx_word' id='word_1_403' title='bbox 1877 2554 1997 2607; x_wconf 85' lang='lat' dir='ltr'><strong>aliis</strong></span> <span class='ocrx_word' id='word_1_404' title='bbox 2024 2554 2271 2621; x_wconf 77' lang='lat' dir='ltr'><strong>gentibus</strong></span> <span class='ocrx_word' id='word_1_405' title='bbox 2291 2555 2571 2607; x_wconf 81' lang='lat' dir='ltr'><strong>auxiliaria</strong></span> <span class='ocrx_word' id='word_1_406' title='bbox 2598 2564 2869 2610; x_wconf 86' lang='lat' dir='ltr'><strong>contracta</strong></span> <span class='ocrx_word' id='word_1_407' title='bbox 2897 2573 3076 2621; x_wconf 88' lang='lat' dir='ltr'><strong>manu,</strong></span> <span class='ocrx_word' id='word_1_408' title='bbox 3105 2559 3246 2612; x_wconf 88' lang='lat' dir='ltr'><strong>unde</strong></span> <span class='ocrx_word' id='word_1_409' title='bbox 3267 2572 3454 2627; x_wconf 81' lang='lat' dir='ltr'><strong>super-</strong></span> 
     </span>
    </p>
   </div>
   <div class='ocr_carea' id='block_1_54' title="bbox 1877 2643 3451 2717">
    <p class='ocr_par' dir='ltr' id='par_1_54' title="bbox 1877 2643 3451 2717">
     <span class='ocr_line' id='line_1_54' title="bbox 1877 2643 3451 2717; baseline 0.005 -21"><span class='ocrx_word' id='word_1_410' title='bbox 1877 2643 2057 2696; x_wconf 88' lang='lat' dir='ltr'><strong>cilium</strong></span> <span class='ocrx_word' id='word_1_411' title='bbox 2088 2643 2328 2699; x_wconf 87' lang='lat' dir='ltr'><strong>tollebat.</strong></span> <span class='ocrx_word' id='word_1_412' title='bbox 2365 2644 2469 2697; x_wconf 85' lang='lat' dir='ltr'><strong>Sed</strong></span> <span class='ocrx_word' id='word_1_413' title='bbox 2495 2656 2552 2698; x_wconf 92' lang='lat' dir='ltr'><strong>ut</strong></span> <span class='ocrx_word' id='word_1_414' title='bbox 2576 2647 2674 2714; x_wconf 91' lang='lat' dir='ltr'><strong>ipsi</strong></span> <span class='ocrx_word' id='word_1_415' title='bbox 2706 2648 3059 2710; x_wconf 72' lang='lat' dir='ltr'><strong>confitentur,</strong></span> <span class='ocrx_word' id='word_1_416' title='bbox 3106 2650 3235 2704; x_wconf 82' lang='lat' dir='ltr'><strong>vicit</strong></span> <span class='ocrx_word' id='word_1_417' title='bbox 3263 2648 3451 2717; x_wconf 88' lang='lat' dir='ltr'><strong>IsraeI,</strong></span> 
     </span>
    </p>
   </div>
   <div class='ocr_carea' id='block_1_55' title="bbox 1875 2734 3452 2810">
    <p class='ocr_par' dir='ltr' id='par_1_55' title="bbox 1875 2734 3452 2810">
     <span class='ocr_line' id='line_1_55' title="bbox 1875 2734 3452 2810; baseline 0.004 -23"><span class='ocrx_word' id='word_1_418' title='bbox 1875 2736 2017 2788; x_wconf 88' lang='lat' dir='ltr'><strong>etde</strong></span> <span class='ocrx_word' id='word_1_419' title='bbox 2062 2734 2203 2787; x_wconf 83' lang='lat' dir='ltr'><strong>illius</strong></span> <span class='ocrx_word' id='word_1_420' title='bbox 2256 2734 2593 2790; x_wconf 86' lang='lat' dir='ltr'><strong>immanitate</strong></span> <span class='ocrx_word' id='word_1_421' title='bbox 2643 2736 2869 2804; x_wconf 80' lang='lat' dir='ltr'><strong>gloriam</strong></span> <span class='ocrx_word' id='word_1_422' title='bbox 2941 2740 3042 2793; x_wconf 88' lang='lat' dir='ltr'><strong>sibi</strong></span> <span class='ocrx_word' id='word_1_423' title='bbox 3101 2743 3452 2810; x_wconf 85' lang='lat' dir='ltr'><strong>comparavit.</strong></span> 
     </span>
    </p>
   </div>
   <div class='ocr_carea' id='block_1_56' title="bbox 1876 2824 3451 2898">
    <p class='ocr_par' dir='ltr' id='par_1_56' title="bbox 1876 2824 3451 2898">
     <span class='ocr_line' id='line_1_56' title="bbox 1876 2824 3451 2898; baseline 0.006 -21"><span class='ocrx_word' id='word_1_424' title='bbox 1876 2824 2025 2877; x_wconf 89' lang='lat' dir='ltr'><strong>Tunc</strong></span> <span class='ocrx_word' id='word_1_425' title='bbox 2048 2826 2191 2877; x_wconf 87' lang='lat' dir='ltr'><strong>enim</strong></span> <span class='ocrx_word' id='word_1_426' title='bbox 2216 2826 2442 2893; x_wconf 82' lang='lat' dir='ltr'><strong>conligit</strong></span> <span class='ocrx_word' id='word_1_427' title='bbox 2498 2824 2834 2882; x_wconf 70' lang='lat' dir='ltr'><strong>Machabzeos</strong></span> <span class='ocrx_word' id='word_1_428' title='bbox 2888 2832 3151 2898; x_wconf 85' lang='lat' dir='ltr'><strong>martyrio</strong></span> <span class='ocrx_word' id='word_1_429' title='bbox 3202 2834 3451 2887; x_wconf 77' lang='lat' dir='ltr'><strong>virtutem</strong></span> 
     </span>
    </p>
   </div>
   <div class='ocr_carea' id='block_1_57' title="bbox 1871 2914 3454 2993">
    <p class='ocr_par' dir='ltr' id='par_1_57' title="bbox 1871 2914 3454 2993">
     <span class='ocr_line' id='line_1_57' title="bbox 1871 2914 3454 2993; baseline 0.008 -25"><span class='ocrx_word' id='word_1_430' title='bbox 1871 2914 2171 2979; x_wconf 79' lang='lat' dir='ltr'><strong>confessos,</strong></span> <span class='ocrx_word' id='word_1_431' title='bbox 2202 2915 2529 2969; x_wconf 86' lang='lat' dir='ltr'><strong>celebritatis</strong></span> <span class='ocrx_word' id='word_1_432' title='bbox 2590 2932 2789 2972; x_wconf 88' lang='lat' dir='ltr'><strong>corona</strong></span> <span class='ocrx_word' id='word_1_433' title='bbox 2841 2921 3082 2974; x_wconf 87' lang='lat' dir='ltr'><strong>redimiri</strong></span> <span class='ocrx_word' id='word_1_434' title='bbox 3121 2921 3187 2975; x_wconf 87' lang='grc'><strong>³⁸.</strong></span> <span class='ocrx_word' id='word_1_435' title='bbox 3219 2924 3298 2977; x_wconf 82' lang='lat' dir='ltr'><strong>Ad</strong></span> <span class='ocrx_word' id='word_1_436' title='bbox 3327 2938 3454 2993; x_wconf 87' lang='lat' dir='ltr'><strong>pro-</strong></span> 
     </span>
    </p>
   </div>
   <div class='ocr_carea' id='block_1_58' title="bbox 174 3005 1771 3084">
    <p class='ocr_par' dir='ltr' id='par_1_58' title="bbox 174 3011 1771 3083">
     <span class='ocr_line' id='line_1_58' title="bbox 174 3011 1771 3083; baseline -0.003 -14"><span class='ocrx_word' id='word_1_437' title='bbox 174 3013 556 3069; x_wconf 73' lang='grc' dir='ltr'>Μακκαϐαίων</span> <span class='ocrx_word' id='word_1_438' title='bbox 593 3012 1086 3083; x_wconf 84' lang='grc' dir='ltr'>μεμαρτυρηκότας</span> <span class='ocrx_word' id='word_1_439' title='bbox 1116 3013 1206 3065; x_wconf 88' lang='grc' dir='ltr'><strong>τὸν</strong></span> <span class='ocrx_word' id='word_1_440' title='bbox 1228 3013 1327 3081; x_wconf 77' lang='grc' dir='ltr'>τῆς</span> <span class='ocrx_word' id='word_1_441' title='bbox 1361 3011 1771 3082; x_wconf 86' lang='grc' dir='ltr'>εύδοκιμήσεως</span> 
     </span>
    </p>
   </div>
   <div class='ocr_carea' id='block_1_59' title="bbox 1876 3005 3451 3084">
    <p class='ocr_par' dir='ltr' id='par_1_59' title="bbox 1876 3005 3451 3084">
     <span class='ocr_line' id='line_1_59' title="bbox 1876 3005 3451 3084; baseline 0.006 -25"><span class='ocrx_word' id='word_1_442' title='bbox 1876 3005 2143 3059; x_wconf 89' lang='lat' dir='ltr'><strong>bationem</strong></span> <span class='ocrx_word' id='word_1_443' title='bbox 2221 3007 2504 3062; x_wconf 68' lang='lat' dir='ltr'><strong>sententia:</strong></span> <span class='ocrx_word' id='word_1_444' title='bbox 2572 3022 2681 3061; x_wconf 71' lang='lat' dir='ltr'><strong>sua:</strong></span> <span class='ocrx_word' id='word_1_445' title='bbox 2731 3010 2892 3064; x_wconf 89' lang='lat' dir='ltr'><strong>modo</strong></span> <span class='ocrx_word' id='word_1_446' title='bbox 2933 3019 2989 3065; x_wconf 91' lang='lat' dir='ltr'><strong>et</strong></span> <span class='ocrx_word' id='word_1_447' title='bbox 3018 3013 3178 3080; x_wconf 89' lang='lat' dir='ltr'><strong>paulo</strong></span> <span class='ocrx_word' id='word_1_448' title='bbox 3222 3029 3385 3084; x_wconf 80' lang='lat' dir='ltr'><strong>supra</strong></span> <span class='ocrx_word' id='word_1_449' title='bbox 3421 3029 3451 3067; x_wconf 85' lang='lat' dir='ltr'><strong>a</strong></span> 
     </span>
    </p>
   </div>
   <div class='ocr_carea' id='block_1_60' title="bbox 174 3102 1773 3177">
    <p class='ocr_par' dir='ltr' id='par_1_60' title="bbox 174 3102 1773 3177">
     <span class='ocr_line' id='line_1_60' title="bbox 174 3102 1773 3177; baseline -0.003 -17"><span class='ocrx_word' id='word_1_450' title='bbox 174 3106 547 3177; x_wconf 82' lang='grc' dir='ltr'>ἀναδήσασθαι</span> <span class='ocrx_word' id='word_1_451' title='bbox 582 3104 865 3173; x_wconf 82' lang='grc' dir='ltr'>στέφανον.</span> <span class='ocrx_word' id='word_1_452' title='bbox 895 3103 1343 3173; x_wconf 75' lang='grc' dir='ltr'>Παρακομίζουσι</span> <span class='ocrx_word' id='word_1_453' title='bbox 1370 3102 1427 3155; x_wconf 85' lang='grc' dir='ltr'><strong>δὲ</strong></span> <span class='ocrx_word' id='word_1_454' title='bbox 1460 3102 1567 3155; x_wconf 83' lang='grc' dir='ltr'><strong>τῶν</strong></span> <span class='ocrx_word' id='word_1_455' title='bbox 1592 3104 1773 3166; x_wconf 83' lang='grc' dir='ltr'>αὐτοῖς</span> 
     </span>
    </p>
   </div>
   <div class='ocr_carea' id='block_1_61' title="bbox 174 3194 1771 3265">
    <p class='ocr_par' dir='ltr' id='par_1_61' title="bbox 174 3194 1771 3265">
     <span class='ocr_line' id='line_1_61' title="bbox 174 3194 1771 3265; baseline -0.002 -14"><span class='ocrx_word' id='word_1_456' title='bbox 174 3196 477 3251; x_wconf 86' lang='grc' dir='ltr'>δοκούντων</span> <span class='ocrx_word' id='word_1_457' title='bbox 504 3197 583 3257; x_wconf 85' lang='grc' dir='ltr'><strong>εἰς</strong></span> <span class='ocrx_word' id='word_1_458' title='bbox 611 3194 886 3259; x_wconf 82' lang='grc' dir='ltr'>ἀπόδειξιν</span> <span class='ocrx_word' id='word_1_459' title='bbox 919 3194 987 3246; x_wconf 88' lang='grc' dir='ltr'><strong>τά</strong></span> <span class='ocrx_word' id='word_1_460' title='bbox 1005 3210 1064 3245; x_wconf 89' lang='grc' dir='ltr'><strong>τε</strong></span> <span class='ocrx_word' id='word_1_461' title='bbox 1094 3194 1298 3261; x_wconf 85' lang='grc' dir='ltr'>ἀρτίως</span> <span class='ocrx_word' id='word_1_462' title='bbox 1330 3196 1461 3263; x_wconf 80' lang='grc' dir='ltr'>ἡμῖν</span> <span class='ocrx_word' id='word_1_463' title='bbox 1484 3195 1771 3265; x_wconf 79' lang='grc' dir='ltr'>εἰρημένα,</span> 
     </span>
    </p>
   </div>
   <div class='ocr_carea' id='block_1_62' title="bbox 174 3282 1776 3354">
    <p class='ocr_par' dir='ltr' id='par_1_62' title="bbox 174 3282 1776 3354">
     <span class='ocr_line' id='line_1_62' title="bbox 174 3282 1776 3354; baseline -0.002 -13"><span class='ocrx_word' id='word_1_464' title='bbox 174 3289 269 3341; x_wconf 75' lang='grc' dir='ltr'>καὶ</span> <span class='ocrx_word' id='word_1_465' title='bbox 301 3286 372 3339; x_wconf 86' lang='grc' dir='ltr'>τὰ</span> <span class='ocrx_word' id='word_1_466' title='bbox 408 3286 575 3354; x_wconf 79' lang='grc' dir='ltr'>ὀλίγῳ</span> <span class='ocrx_word' id='word_1_467' title='bbox 600 3284 851 3345; x_wconf 88' lang='grc' dir='ltr'>κατόπιν,</span> <span class='ocrx_word' id='word_1_468' title='bbox 878 3283 1059 3352; x_wconf 79' lang='grc' dir='ltr'>ἔχουσι</span> <span class='ocrx_word' id='word_1_469' title='bbox 1086 3282 1142 3335; x_wconf 83' lang='grc' dir='ltr'>δὲ</span> <span class='ocrx_word' id='word_1_470' title='bbox 1190 3282 1391 3345; x_wconf 78' lang='grc' dir='ltr'>οὓτως·</span> <span class='ocrx_word' id='word_1_471' title='bbox 1435 3304 1452 3334; x_wconf 74' lang='grc' dir='ltr'><strong>ε</strong></span> <span class='ocrx_word' id='word_1_472' title='bbox 1486 3284 1633 3336; x_wconf 89' lang='grc' dir='ltr'>Διότι</span> <span class='ocrx_word' id='word_1_473' title='bbox 1688 3285 1776 3338; x_wconf 81' lang='grc' dir='ltr'><strong>ὲν-</strong></span> 
     </span>
    </p>
   </div>
   <div class='ocr_carea' id='block_1_63' title="bbox 177 3373 1778 3446">
    <p class='ocr_par' dir='ltr' id='par_1_63' title="bbox 177 3373 1778 3446">
     <span class='ocr_line' id='line_1_63' title="bbox 177 3373 1778 3446; baseline -0.002 -14"><span class='ocrx_word' id='word_1_474' title='bbox 177 3378 362 3432; x_wconf 76' lang='grc' dir='ltr'>ἐτεινά</span> <span class='ocrx_word' id='word_1_475' title='bbox 415 3394 477 3429; x_wconf 83' lang='grc' dir='ltr'><strong>σε</strong></span> <span class='ocrx_word' id='word_1_476' title='bbox 532 3374 779 3446; x_wconf 77' lang='grc' dir='ltr'>ἐμαυτῷ,</span> <span class='ocrx_word' id='word_1_477' title='bbox 814 3373 1014 3437; x_wconf 85' lang='grc' dir='ltr'>Ἰούδα,</span> <span class='ocrx_word' id='word_1_478' title='bbox 1044 3374 1117 3436; x_wconf 87' lang='grc' dir='ltr'>ὼς</span> <span class='ocrx_word' id='word_1_479' title='bbox 1174 3373 1360 3439; x_wconf 84' lang='grc' dir='ltr'>τόξον,</span> <span class='ocrx_word' id='word_1_480' title='bbox 1416 3374 1629 3445; x_wconf 78' lang='grc' dir='ltr'>ἐπλησα</span> <span class='ocrx_word' id='word_1_481' title='bbox 1684 3374 1778 3429; x_wconf 84' lang='grc' dir='ltr'><strong>τὸν</strong></span> 
     </span>
    </p>
   </div>
   <div class='ocr_carea' id='block_1_64' title="bbox 186 3465 1772 3541">
    <p class='ocr_par' dir='ltr' id='par_1_64' title="bbox 186 3465 1772 3541">
     <span class='ocr_line' id='line_1_64' title="bbox 186 3465 1772 3541; baseline -0.003 -17"><span class='ocrx_word' id='word_1_482' title='bbox 186 3468 451 3541; x_wconf 77' lang='grc' dir='ltr'>Ἐφραῒμ,</span> <span class='ocrx_word' id='word_1_483' title='bbox 481 3468 575 3521; x_wconf 70' lang='grc' dir='ltr'><strong>καὶ</strong></span> <span class='ocrx_word' id='word_1_484' title='bbox 620 3466 870 3537; x_wconf 81' lang='grc' dir='ltr'>ἐπεγερῶ</span> <span class='ocrx_word' id='word_1_485' title='bbox 911 3466 981 3517; x_wconf 72' lang='grc' dir='ltr'>τὰ</span> <span class='ocrx_word' id='word_1_486' title='bbox 1023 3465 1189 3517; x_wconf 77' lang='grc' dir='ltr'>τέκνα</span> <span class='ocrx_word' id='word_1_487' title='bbox 1232 3482 1346 3528; x_wconf 85' lang='grc' dir='ltr'>σου,</span> <span class='ocrx_word' id='word_1_488' title='bbox 1376 3465 1535 3531; x_wconf 88' lang='grc' dir='ltr'>Σιὼν,</span> <span class='ocrx_word' id='word_1_489' title='bbox 1579 3466 1672 3519; x_wconf 72' lang='grc' dir='ltr'>ἐπὶ</span> <span class='ocrx_word' id='word_1_490' title='bbox 1705 3465 1772 3520; x_wconf 83' lang='grc' dir='ltr'>τὰ</span> 
     </span>
    </p>
   </div>
   <div class='ocr_carea' id='block_1_65' title="bbox 173 3557 1771 3631">
    <p class='ocr_par' dir='ltr' id='par_1_65' title="bbox 173 3557 1771 3631">
     <span class='ocr_line' id='line_1_65' title="bbox 173 3557 1771 3631; baseline -0.002 -16"><span class='ocrx_word' id='word_1_491' title='bbox 173 3562 343 3617; x_wconf 79' lang='grc' dir='ltr'>τέκνα</span> <span class='ocrx_word' id='word_1_492' title='bbox 375 3562 485 3616; x_wconf 85' lang='grc' dir='ltr'><strong>τῶν</strong></span> <span class='ocrx_word' id='word_1_493' title='bbox 521 3560 809 3631; x_wconf 80' lang='grc' dir='ltr'>Ἑλλήνων,</span> <span class='ocrx_word' id='word_1_494' title='bbox 857 3559 953 3612; x_wconf 72' lang='grc' dir='ltr'><strong>καὶ</strong></span> <span class='ocrx_word' id='word_1_495' title='bbox 976 3558 1285 3629; x_wconf 79' lang='grc' dir='ltr'>ψηλαφήσω</span> <span class='ocrx_word' id='word_1_496' title='bbox 1316 3576 1376 3611; x_wconf 91' lang='grc' dir='ltr'><strong>σε</strong></span> <span class='ocrx_word' id='word_1_497' title='bbox 1398 3558 1474 3621; x_wconf 84' lang='grc' dir='ltr'><strong>ὡς</strong></span> <span class='ocrx_word' id='word_1_498' title='bbox 1496 3557 1771 3628; x_wconf 75' lang='grc' dir='ltr'>ῥομφαίαν</span> 
     </span>
    </p>
   </div>
   <div class='ocr_carea' id='block_1_66' title="bbox 177 3636 1772 3724">
    <p class='ocr_par' dir='ltr' id='par_1_66' title="bbox 177 3636 1772 3724">
     <span class='ocr_line' id='line_1_66' title="bbox 177 3636 1772 3724; baseline -0.004 -16"><span class='ocrx_word' id='word_1_499' title='bbox 177 3653 455 3724; x_wconf 81' lang='grc' dir='ltr'>μαχητοῦ,</span> <span class='ocrx_word' id='word_1_500' title='bbox 477 3652 572 3705; x_wconf 66' lang='grc' dir='ltr'><strong>καὶ</strong></span> <span class='ocrx_word' id='word_1_501' title='bbox 603 3650 754 3703; x_wconf 75' lang='grc' dir='ltr'>ἔσται</span> <span class='ocrx_word' id='word_1_502' title='bbox 782 3650 986 3720; x_wconf 81' lang='grc' dir='ltr'>Κύριος</span> <span class='ocrx_word' id='word_1_503' title='bbox 1022 3650 1107 3702; x_wconf 77' lang='grc' dir='ltr'>ἐπ’</span> <span class='ocrx_word' id='word_1_504' title='bbox 1130 3649 1349 3712; x_wconf 80' lang='grc' dir='ltr'>αὐτοὺς,</span> <span class='ocrx_word' id='word_1_505' title='bbox 1382 3650 1476 3701; x_wconf 81' lang='grc' dir='ltr'>καὶ</span> <span class='ocrx_word' id='word_1_506' title='bbox 1496 3636 1772 3714; x_wconf 66' lang='grc' dir='ltr'>ἐξελεύσε-</span> 
     </span>
    </p>
   </div>
   <div class='ocr_carea' id='block_1_67' title="bbox 170 3738 1769 3814">
    <p class='ocr_par' dir='ltr' id='par_1_67' title="bbox 170 3738 1769 3814">
     <span class='ocr_line' id='line_1_67' title="bbox 170 3738 1769 3814; baseline -0.003 -16"><span class='ocrx_word' id='word_1_507' title='bbox 170 3762 265 3800; x_wconf 89' lang='grc' dir='ltr'><strong>ται</strong></span> <span class='ocrx_word' id='word_1_508' title='bbox 296 3744 373 3807; x_wconf 84' lang='grc' dir='ltr'><strong>ὡς</strong></span> <span class='ocrx_word' id='word_1_509' title='bbox 407 3742 663 3814; x_wconf 81' lang='grc' dir='ltr'>ἀστραπὴ</span> <span class='ocrx_word' id='word_1_510' title='bbox 690 3740 834 3810; x_wconf 79' lang='grc' dir='ltr'>βολίς</span> <span class='ocrx_word' id='word_1_511' title='bbox 857 3738 1043 3794; x_wconf 80' lang='grc' dir='ltr'>αὑτοῦ.</span> <span class='ocrx_word' id='word_1_512' title='bbox 1083 3740 1191 3793; x_wconf 77' lang='grc' dir='ltr'><strong>Καὶ</strong></span> <span class='ocrx_word' id='word_1_513' title='bbox 1223 3738 1427 3809; x_wconf 83' lang='grc' dir='ltr'>Κύριος</span> <span class='ocrx_word' id='word_1_514' title='bbox 1460 3740 1769 3811; x_wconf 88' lang='grc' dir='ltr'>παντοκρά-</span> 
     </span>
    </p>
   </div>
   <div class='ocr_carea' id='block_1_68' title="bbox 1875 3097 3451 3167">
    <p class='ocr_par' dir='ltr' id='par_1_68' title="bbox 1875 3097 3451 3167">
     <span class='ocr_line' id='line_1_68' title="bbox 1875 3097 3451 3167; baseline 0.004 -16"><span class='ocrx_word' id='word_1_515' title='bbox 1875 3097 2031 3153; x_wconf 89' lang='lat' dir='ltr'><strong>nobis</strong></span> <span class='ocrx_word' id='word_1_516' title='bbox 2061 3098 2202 3152; x_wconf 92' lang='lat' dir='ltr'><strong>dicta</strong></span> <span class='ocrx_word' id='word_1_517' title='bbox 2227 3102 2549 3165; x_wconf 82' lang='lat' dir='ltr'><strong>producunt,</strong></span> <span class='ocrx_word' id='word_1_518' title='bbox 2610 3115 2726 3167; x_wconf 73' lang='lat' dir='ltr'><strong>qua:</strong></span> <span class='ocrx_word' id='word_1_519' title='bbox 2781 3102 2926 3155; x_wconf 90' lang='lat' dir='ltr'><strong>hunc</strong></span> <span class='ocrx_word' id='word_1_520' title='bbox 2976 3103 3027 3156; x_wconf 92' lang='lat' dir='ltr'><strong>in</strong></span> <span class='ocrx_word' id='word_1_521' title='bbox 3088 3104 3307 3159; x_wconf 89' lang='lat' dir='ltr'><strong>modum</strong></span> <span class='ocrx_word' id='word_1_522' title='bbox 3354 3107 3451 3158; x_wconf 87' lang='lat' dir='ltr'><strong>ha-</strong></span> 
     </span>
    </p>
   </div>
   <div class='ocr_carea' id='block_1_69' title="bbox 1875 3189 3453 3262">
    <p class='ocr_par' dir='ltr' id='par_1_69' title="bbox 1875 3189 3453 3262">
     <span class='ocr_line' id='line_1_69' title="bbox 1875 3189 3453 3262; baseline 0.005 -18"><span class='ocrx_word' id='word_1_523' title='bbox 1875 3189 2045 3244; x_wconf 86' lang='lat' dir='ltr'><strong>bent:</strong></span> <span class='ocrx_word' id='word_1_524' title='bbox 2078 3208 2097 3240; x_wconf 76' lang='grc' dir='ltr'><strong>ι</strong></span> <span class='ocrx_word' id='word_1_525' title='bbox 2137 3190 2405 3255; x_wconf 84' lang='lat' dir='ltr'><strong>Quoniam</strong></span> <span class='ocrx_word' id='word_1_526' title='bbox 2443 3192 2642 3245; x_wconf 88' lang='lat' dir='ltr'><strong>tetendi</strong></span> <span class='ocrx_word' id='word_1_527' title='bbox 2683 3193 2815 3246; x_wconf 86' lang='lat' dir='ltr'><strong>mihi</strong></span> <span class='ocrx_word' id='word_1_528' title='bbox 2854 3201 2926 3256; x_wconf 91' lang='lat' dir='ltr'><strong>te,</strong></span> <span class='ocrx_word' id='word_1_529' title='bbox 2974 3193 3130 3262; x_wconf 80' lang='lat' dir='ltr'><strong>.Iuda,</strong></span> <span class='ocrx_word' id='word_1_530' title='bbox 3185 3205 3243 3250; x_wconf 92' lang='lat' dir='ltr'><strong>ut</strong></span> <span class='ocrx_word' id='word_1_531' title='bbox 3266 3212 3453 3251; x_wconf 76' lang='lat' dir='ltr'><strong>arcum</strong></span> 
     </span>
    </p>
   </div>
   <div class='ocr_carea' id='block_1_70' title="bbox 1875 3280 3454 3355">
    <p class='ocr_par' dir='ltr' id='par_1_70' title="bbox 1875 3280 3454 3355">
     <span class='ocr_line' id='line_1_70' title="bbox 1875 3280 3454 3355; baseline 0.004 -22"><span class='ocrx_word' id='word_1_532' title='bbox 1875 3280 2092 3350; x_wconf 86' lang='lat' dir='ltr'><strong>implevi</strong></span> <span class='ocrx_word' id='word_1_533' title='bbox 2126 3280 2408 3349; x_wconf 87' lang='lat' dir='ltr'><strong>Ephraim,</strong></span> <span class='ocrx_word' id='word_1_534' title='bbox 2437 3291 2491 3335; x_wconf 93' lang='lat' dir='ltr'><strong>et</strong></span> <span class='ocrx_word' id='word_1_535' title='bbox 2522 3281 2774 3336; x_wconf 78' lang='lat' dir='ltr'><strong>excitabo</strong></span> <span class='ocrx_word' id='word_1_536' title='bbox 2805 3283 2945 3337; x_wconf 88' lang='lat' dir='ltr'><strong>lilios</strong></span> <span class='ocrx_word' id='word_1_537' title='bbox 2966 3292 3084 3337; x_wconf 86' lang='lat' dir='ltr'><strong>tuos</strong></span> <span class='ocrx_word' id='word_1_538' title='bbox 3128 3285 3260 3340; x_wconf 89' lang='lat' dir='ltr'><strong>Sion</strong></span> <span class='ocrx_word' id='word_1_539' title='bbox 3291 3302 3454 3355; x_wconf 80' lang='lat' dir='ltr'><strong>super</strong></span> 
     </span>
    </p>
   </div>
   <div class='ocr_carea' id='block_1_71' title="bbox 1876 3373 3452 3446">
    <p class='ocr_par' dir='ltr' id='par_1_71' title="bbox 1876 3373 3452 3446">
     <span class='ocr_line' id='line_1_71' title="bbox 1876 3373 3452 3446; baseline 0.006 -22"><span class='ocrx_word' id='word_1_540' title='bbox 1876 3374 2012 3428; x_wconf 89' lang='lat' dir='ltr'><strong>lilios</strong></span> <span class='ocrx_word' id='word_1_541' title='bbox 2045 3373 2382 3436; x_wconf 87' lang='lat' dir='ltr'><strong>Graecorum,</strong></span> <span class='ocrx_word' id='word_1_542' title='bbox 2415 3384 2469 3427; x_wconf 93' lang='lat' dir='ltr'><strong>et</strong></span> <span class='ocrx_word' id='word_1_543' title='bbox 2493 3377 2841 3430; x_wconf 83' lang='lat' dir='ltr'><strong>contrectabo</strong></span> <span class='ocrx_word' id='word_1_544' title='bbox 2879 3385 2935 3430; x_wconf 91' lang='lat' dir='ltr'><strong>te</strong></span> <span class='ocrx_word' id='word_1_545' title='bbox 2984 3388 3040 3429; x_wconf 90' lang='lat' dir='ltr'><strong>ut</strong></span> <span class='ocrx_word' id='word_1_546' title='bbox 3071 3377 3302 3446; x_wconf 87' lang='lat' dir='ltr'><strong>gladium</strong></span> <span class='ocrx_word' id='word_1_547' title='bbox 3336 3379 3452 3433; x_wconf 89' lang='lat' dir='ltr'><strong>bel-</strong></span> 
     </span>
    </p>
   </div>
   <div class='ocr_carea' id='block_1_72' title="bbox 1878 3465 3455 3538">
    <p class='ocr_par' dir='ltr' id='par_1_72' title="bbox 1878 3465 3455 3538">
     <span class='ocr_line' id='line_1_72' title="bbox 1878 3465 3455 3538; baseline 0.004 -19"><span class='ocrx_word' id='word_1_548' title='bbox 1878 3466 2087 3519; x_wconf 88' lang='lat' dir='ltr'><strong>latoris.</strong></span> <span class='ocrx_word' id='word_1_549' title='bbox 2119 3465 2182 3519; x_wconf 87' lang='lat' dir='ltr'><strong>Et</strong></span> <span class='ocrx_word' id='word_1_550' title='bbox 2221 3465 2325 3519; x_wconf 89' lang='lat' dir='ltr'><strong>erit</strong></span> <span class='ocrx_word' id='word_1_551' title='bbox 2348 3465 2607 3520; x_wconf 87' lang='lat' dir='ltr'><strong>Dominus</strong></span> <span class='ocrx_word' id='word_1_552' title='bbox 2637 3480 2799 3536; x_wconf 87' lang='lat' dir='ltr'><strong>super</strong></span> <span class='ocrx_word' id='word_1_553' title='bbox 2830 3482 2945 3532; x_wconf 88' lang='lat' dir='ltr'><strong>eos,</strong></span> <span class='ocrx_word' id='word_1_554' title='bbox 2978 3476 3031 3521; x_wconf 89' lang='lat' dir='ltr'><strong>et</strong></span> <span class='ocrx_word' id='word_1_555' title='bbox 3054 3470 3359 3538; x_wconf 81' lang='lat' dir='ltr'><strong>egredietur</strong></span> <span class='ocrx_word' id='word_1_556' title='bbox 3395 3481 3455 3525; x_wconf 95' lang='lat' dir='ltr'><strong>ut</strong></span> 
     </span>
    </p>
   </div>
   <div class='ocr_carea' id='block_1_73' title="bbox 1882 3554 3451 3629">
    <p class='ocr_par' dir='ltr' id='par_1_73' title="bbox 1882 3554 3451 3629">
     <span class='ocr_line' id='line_1_73' title="bbox 1882 3554 3451 3629; baseline 0.004 -20"><span class='ocrx_word' id='word_1_557' title='bbox 1882 3555 2059 3621; x_wconf 79' lang='lat' dir='ltr'><strong>fulgur</strong></span> <span class='ocrx_word' id='word_1_558' title='bbox 2085 3555 2326 3625; x_wconf 85' lang='lat' dir='ltr'><strong>jaculum</strong></span> <span class='ocrx_word' id='word_1_559' title='bbox 2358 3554 2495 3624; x_wconf 90' lang='lat' dir='ltr'><strong>ejus.</strong></span> <span class='ocrx_word' id='word_1_560' title='bbox 2526 3556 2593 3610; x_wconf 89' lang='lat' dir='ltr'><strong>Et</strong></span> <span class='ocrx_word' id='word_1_561' title='bbox 2623 3555 2882 3612; x_wconf 89' lang='lat' dir='ltr'><strong>Dominus</strong></span> <span class='ocrx_word' id='word_1_562' title='bbox 2927 3558 3267 3629; x_wconf 90' lang='lat' dir='ltr'><strong>omnipotens</strong></span> <span class='ocrx_word' id='word_1_563' title='bbox 3326 3561 3451 3615; x_wconf 85' lang='lat' dir='ltr'><strong>tuba</strong></span> 
     </span>
    </p>
   </div>
   <div class='ocr_carea' id='block_1_74' title="bbox 1876 3648 3449 3718">
    <p class='ocr_par' dir='ltr' id='par_1_74' title="bbox 1876 3648 3449 3718">
     <span class='ocr_line' id='line_1_74' title="bbox 1876 3648 3449 3718; baseline 0.001 -15"><span class='ocrx_word' id='word_1_564' title='bbox 1876 3657 2055 3713; x_wconf 89' lang='lat' dir='ltr'><strong>canet,</strong></span> <span class='ocrx_word' id='word_1_565' title='bbox 2093 3657 2148 3702; x_wconf 90' lang='lat' dir='ltr'><strong>et</strong></span> <span class='ocrx_word' id='word_1_566' title='bbox 2186 3649 2287 3703; x_wconf 88' lang='lat' dir='ltr'><strong>ibit</strong></span> <span class='ocrx_word' id='word_1_567' title='bbox 2315 3648 2367 3702; x_wconf 92' lang='lat' dir='ltr'><strong>in</strong></span> <span class='ocrx_word' id='word_1_568' title='bbox 2394 3649 2753 3703; x_wconf 88' lang='lat' dir='ltr'><strong>commotione</strong></span> <span class='ocrx_word' id='word_1_569' title='bbox 2794 3648 3063 3704; x_wconf 89' lang='lat' dir='ltr'><strong>minarum</strong></span> <span class='ocrx_word' id='word_1_570' title='bbox 3104 3650 3241 3718; x_wconf 84' lang='lat' dir='ltr'><strong>ejus.</strong></span> <span class='ocrx_word' id='word_1_571' title='bbox 3269 3650 3449 3707; x_wconf 37' lang='lat' dir='ltr'><strong>Domia</strong></span> 
     </span>
    </p>
   </div>
   <div class='ocr_carea' id='block_1_75' title="bbox 1876 3740 2881 3811">
    <p class='ocr_par' dir='ltr' id='par_1_75' title="bbox 1876 3740 2881 3811">
     <span class='ocr_line' id='line_1_75' title="bbox 1876 3740 2881 3811; baseline 0 -18"><span class='ocrx_word' id='word_1_572' title='bbox 1876 3755 1978 3793; x_wconf 87' lang='lat' dir='ltr'><strong>nus</strong></span> <span class='ocrx_word' id='word_1_573' title='bbox 2004 3740 2347 3809; x_wconf 81' lang='lat' dir='ltr'><strong>omnipotens</strong></span> <span class='ocrx_word' id='word_1_574' title='bbox 2375 3749 2618 3811; x_wconf 82' lang='lat' dir='ltr'><strong>proteget</strong></span> <span class='ocrx_word' id='word_1_575' title='bbox 2644 3754 2738 3795; x_wconf 88' lang='lat' dir='ltr'><strong>eos</strong></span> <span class='ocrx_word' id='word_1_576' title='bbox 2760 3741 2823 3794; x_wconf 88' lang='grc'><strong>³⁷.</strong></span> <span class='ocrx_word' id='word_1_577' title='bbox 2862 3759 2881 3793; x_wconf 73' lang='grc' dir='ltr'><strong>ο</strong></span> 
     </span>
    </p>
   </div>
   <div class='ocr_carea' id='block_1_76' title="bbox 173 3828 3448 3909">
    <p class='ocr_par' dir='ltr' id='par_1_76' title="bbox 173 3828 3448 3909">
     <span class='ocr_line' id='line_1_76' title="bbox 173 3828 3448 3909; baseline 0.001 -23"><span class='ocrx_word' id='word_1_578' title='bbox 173 3851 292 3905; x_wconf 79' lang='grc' dir='ltr'><strong>τωρ</strong></span> <span class='ocrx_word' id='word_1_579' title='bbox 334 3835 396 3886; x_wconf 76' lang='grc' dir='ltr'><strong>ἐν</strong></span> <span class='ocrx_word' id='word_1_580' title='bbox 466 3831 727 3898; x_wconf 84' lang='grc' dir='ltr'>σάλπιγγι</span> <span class='ocrx_word' id='word_1_581' title='bbox 796 3828 1035 3893; x_wconf 89' lang='grc' dir='ltr'>σαλπιεῖ,</span> <span class='ocrx_word' id='word_1_582' title='bbox 1079 3829 1175 3882; x_wconf 76' lang='grc' dir='ltr'><strong>καὶ</strong></span> <span class='ocrx_word' id='word_1_583' title='bbox 1218 3828 1545 3899; x_wconf 87' lang='grc' dir='ltr'>πορεύσεται</span> <span class='ocrx_word' id='word_1_584' title='bbox 1589 3831 1646 3881; x_wconf 87' lang='grc' dir='ltr'><strong>ἐν</strong></span> <span class='ocrx_word' id='word_1_585' title='bbox 1689 3828 1836 3901; x_wconf 85' lang='grc' dir='ltr'>σάλῳ</span> <span class='ocrx_word' id='word_1_586' title='bbox 1872 3829 2099 3901; x_wconf 82' lang='grc' dir='ltr'>ἀπειλῆς</span> <span class='ocrx_word' id='word_1_587' title='bbox 2153 3830 2338 3885; x_wconf 80' lang='grc' dir='ltr'>αὐτοῦ.</span> <span class='ocrx_word' id='word_1_588' title='bbox 2400 3830 2605 3903; x_wconf 85' lang='grc' dir='ltr'>Κύριος</span> <span class='ocrx_word' id='word_1_589' title='bbox 2664 3835 3058 3907; x_wconf 83' lang='grc' dir='ltr'>παντοκράτωρ</span> <span class='ocrx_word' id='word_1_590' title='bbox 3120 3838 3448 3909; x_wconf 77' lang='grc' dir='ltr'>ὑπερασπιεῖ</span> 
     </span>
    </p>
   </div>
   <div class='ocr_carea' id='block_1_77' title="bbox 173 3929 435 3985">
    <p class='ocr_par' dir='ltr' id='par_1_77' title="bbox 173 3929 435 3985">
     <span class='ocr_line' id='line_1_77' title="bbox 173 3929 435 3985; baseline -0.019 -2"><span class='ocrx_word' id='word_1_591' title='bbox 173 3929 377 3985; x_wconf 77' lang='grc' dir='ltr'>αὐτῶν.</span> <span class='ocrx_word' id='word_1_592' title='bbox 414 3946 435 3978; x_wconf 74' lang='grc' dir='ltr'><strong>ι</strong></span> 
     </span>
    </p>
   </div>
   <div class='ocr_carea' id='block_1_78' title="bbox 244 4016 1764 4087">
    <p class='ocr_par' dir='ltr' id='par_1_78' title="bbox 244 4016 1764 4087">
     <span class='ocr_line' id='line_1_78' title="bbox 244 4016 1764 4087; baseline -0.005 -11"><span class='ocrx_word' id='word_1_593' title='bbox 244 4020 356 4076; x_wconf 75' lang='grc' dir='ltr'><strong>Καὶ</strong></span> <span class='ocrx_word' id='word_1_594' title='bbox 386 4017 1027 4087; x_wconf 81' lang='grc' dir='ltr'>καταισχυνθήσονται</span> <span class='ocrx_word' id='word_1_595' title='bbox 1078 4016 1366 4071; x_wconf 79' lang='grc' dir='ltr'>ἀναϐάται</span> <span class='ocrx_word' id='word_1_596' title='bbox 1409 4017 1630 4080; x_wconf 81' lang='grc' dir='ltr'>ἵππων,</span> <span class='ocrx_word' id='word_1_597' title='bbox 1666 4016 1764 4070; x_wconf 77' lang='grc' dir='ltr'>καὶ</span> 
     </span>
    </p>
   </div>
   <div class='ocr_carea' id='block_1_79' title="bbox 177 4105 1765 4180">
    <p class='ocr_par' dir='ltr' id='par_1_79' title="bbox 177 4105 1765 4180">
     <span class='ocr_line' id='line_1_79' title="bbox 177 4105 1765 4180; baseline -0.003 -14"><span class='ocrx_word' id='word_1_598' title='bbox 177 4112 531 4180; x_wconf 79' lang='grc' dir='ltr'>κατισχύσω</span> <span class='ocrx_word' id='word_1_599' title='bbox 558 4110 665 4163; x_wconf 75' lang='grc' dir='ltr'><strong>τὸν</strong></span> <span class='ocrx_word' id='word_1_600' title='bbox 705 4105 873 4162; x_wconf 78' lang='grc' dir='ltr'>οἷκον</span> <span class='ocrx_word' id='word_1_601' title='bbox 911 4108 1123 4173; x_wconf 84' lang='grc' dir='ltr'>Ἰούδα,</span> <span class='ocrx_word' id='word_1_602' title='bbox 1157 4108 1254 4161; x_wconf 81' lang='grc' dir='ltr'>καὶ</span> <span class='ocrx_word' id='word_1_603' title='bbox 1303 4109 1412 4162; x_wconf 77' lang='grc' dir='ltr'><strong>τὸν</strong></span> <span class='ocrx_word' id='word_1_604' title='bbox 1443 4106 1610 4162; x_wconf 79' lang='grc' dir='ltr'>οἷκον</span> <span class='ocrx_word' id='word_1_605' title='bbox 1649 4112 1765 4162; x_wconf 87' lang='grc' dir='ltr'><strong>Ἰω-</strong></span> 
     </span>
    </p>
   </div>
   <div class='ocr_carea' id='block_1_80' title="bbox 178 4198 1771 4271">
    <p class='ocr_par' dir='ltr' id='par_1_80' title="bbox 178 4198 1767 4271">
     <span class='ocr_line' id='line_1_80' title="bbox 178 4198 1767 4271; baseline -0.001 -16"><span class='ocrx_word' id='word_1_606' title='bbox 178 4202 307 4271; x_wconf 75' lang='grc' dir='ltr'><strong>σὴφ</strong></span> <span class='ocrx_word' id='word_1_607' title='bbox 356 4201 559 4265; x_wconf 85' lang='grc' dir='ltr'>σώσω,</span> <span class='ocrx_word' id='word_1_608' title='bbox 610 4200 706 4253; x_wconf 78' lang='grc' dir='ltr'><strong>καί</strong></span> <span class='ocrx_word' id='word_1_609' title='bbox 741 4198 1015 4253; x_wconf 71' lang='grc' dir='ltr'>κατοικιεῖ)</span> <span class='ocrx_word' id='word_1_610' title='bbox 1062 4200 1304 4265; x_wconf 85' lang='grc' dir='ltr'>αὐτοὺς,</span> <span class='ocrx_word' id='word_1_611' title='bbox 1354 4200 1443 4252; x_wconf 83' lang='grc' dir='ltr'>ὅτι</span> <span class='ocrx_word' id='word_1_612' title='bbox 1482 4200 1767 4269; x_wconf 80' lang='grc' dir='ltr'>ἠγάπηκα</span> 
     </span>
    </p>
   </div>
   <div class='ocr_carea' id='block_1_81' title="bbox 1876 4198 2966 4271">
    <p class='ocr_par' dir='ltr' id='par_1_81' title="bbox 1876 4200 2966 4269">
     <span class='ocr_line' id='line_1_81' title="bbox 1876 4200 2966 4269; baseline 0.004 -16"><span class='ocrx_word' id='word_1_613' title='bbox 1876 4200 2105 4263; x_wconf 77' lang='lat' dir='ltr'><strong>ralvabo,</strong></span> <span class='ocrx_word' id='word_1_614' title='bbox 2177 4210 2227 4253; x_wconf 81' lang='lat' dir='ltr'><strong>et</strong></span> <span class='ocrx_word' id='word_1_615' title='bbox 2289 4202 2527 4255; x_wconf 81' lang='lat' dir='ltr'><strong>habitare</strong></span> <span class='ocrx_word' id='word_1_616' title='bbox 2594 4202 2788 4269; x_wconf 77' lang='lat' dir='ltr'><strong>faciant</strong></span> <span class='ocrx_word' id='word_1_617' title='bbox 2859 4219 2966 4267; x_wconf 77' lang='lat' dir='ltr'><strong>eos,</strong></span> 
     </span>
    </p>
   </div>
   <div class='ocr_carea' id='block_1_82' title="bbox 1795 4246 1842 4301">
    <p class='ocr_par' dir='ltr' id='par_1_82' title="bbox 1795 4246 1842 4301">
     <span class='ocr_line' id='line_1_82' title="bbox 1795 4246 1842 4301; baseline 0 0"><span class='ocrx_word' id='word_1_618' title='bbox 1795 4246 1842 4301; x_wconf 90' lang='lat' dir='ltr'><strong>D</strong></span> 
     </span>
    </p>
   </div>
   <div class='ocr_carea' id='block_1_83' title="bbox 178 4294 422 4359">
    <p class='ocr_par' dir='ltr' id='par_1_83' title="bbox 178 4294 422 4359">
     <span class='ocr_line' id='line_1_83' title="bbox 178 4294 422 4359; baseline 0.004 -13"><span class='ocrx_word' id='word_1_619' title='bbox 178 4294 422 4359; x_wconf 81' lang='grc' dir='ltr'>αὐτούς.</span> 
     </span>
    </p>
   </div>
   <div class='ocr_carea' id='block_1_84' title="bbox 246 4382 1764 4453">
    <p class='ocr_par' dir='ltr' id='par_1_84' title="bbox 246 4382 1764 4453">
     <span class='ocr_line' id='line_1_84' title="bbox 246 4382 1764 4453; baseline -0.001 -16"><span class='ocrx_word' id='word_1_620' title='bbox 246 4386 364 4439; x_wconf 72' lang='grc' dir='ltr'><strong>ΞΘ.</strong></span> <span class='ocrx_word' id='word_1_621' title='bbox 419 4384 562 4438; x_wconf 82' lang='grc' dir='ltr'>Φασί</span> <span class='ocrx_word' id='word_1_622' title='bbox 606 4384 671 4453; x_wconf 81' lang='grc' dir='ltr'>δὴ</span> <span class='ocrx_word' id='word_1_623' title='bbox 720 4385 883 4436; x_wconf 85' lang='grc' dir='ltr'>πάλιν</span> <span class='ocrx_word' id='word_1_624' title='bbox 930 4384 980 4435; x_wconf 88' lang='grc' dir='ltr'><strong>οἰ</strong></span> <span class='ocrx_word' id='word_1_625' title='bbox 1031 4385 1140 4445; x_wconf 88' lang='grc' dir='ltr'>τοῖς</span> <span class='ocrx_word' id='word_1_626' title='bbox 1188 4382 1493 4444; x_wconf 78' lang='grc' dir='ltr'>Ἰουδαϊκοῖς</span> <span class='ocrx_word' id='word_1_627' title='bbox 1540 4399 1764 4451; x_wconf 84' lang='grc' dir='ltr'>συναγο-</span> 
     </span>
    </p>
   </div>
   <div class='ocr_carea' id='block_1_85' title="bbox 180 4473 1764 4548">
    <p class='ocr_par' dir='ltr' id='par_1_85' title="bbox 180 4473 1764 4548">
     <span class='ocr_line' id='line_1_85' title="bbox 180 4473 1764 4548; baseline -0.003 -18"><span class='ocrx_word' id='word_1_628' title='bbox 180 4477 426 4548; x_wconf 82' lang='grc' dir='ltr'>ρεύοντες</span> <span class='ocrx_word' id='word_1_629' title='bbox 460 4477 821 4546; x_wconf 85' lang='grc' dir='ltr'>διηγήμασιν,</span> <span class='ocrx_word' id='word_1_630' title='bbox 854 4475 935 4527; x_wconf 89' lang='grc' dir='ltr'>ὃτι</span> <span class='ocrx_word' id='word_1_631' title='bbox 969 4476 1481 4545; x_wconf 83' lang='grc' dir='ltr'>συγκεκροτημένης</span> <span class='ocrx_word' id='word_1_632' title='bbox 1506 4477 1604 4545; x_wconf 83' lang='grc' dir='ltr'>τῆς</span> <span class='ocrx_word' id='word_1_633' title='bbox 1626 4473 1764 4544; x_wconf 81' lang='grc' dir='ltr'>πρὸς</span> 
     </span>
    </p>
   </div>
   <div class='ocr_carea' id='block_1_86' title="bbox 179 4563 1761 4637">
    <p class='ocr_par' dir='ltr' id='par_1_86' title="bbox 179 4563 1761 4637">
     <span class='ocr_line' id='line_1_86' title="bbox 179 4563 1761 4637; baseline -0.001 -18"><span class='ocrx_word' id='word_1_634' title='bbox 179 4568 445 4637; x_wconf 80' lang='grc' dir='ltr'>Ἕλληνας</span> <span class='ocrx_word' id='word_1_635' title='bbox 504 4565 703 4636; x_wconf 81' lang='grc' dir='ltr'>μάχης,</span> <span class='ocrx_word' id='word_1_636' title='bbox 738 4566 787 4618; x_wconf 85' lang='grc' dir='ltr'><strong>οἰ</strong></span> <span class='ocrx_word' id='word_1_637' title='bbox 825 4565 922 4634; x_wconf 81' lang='grc' dir='ltr'><strong>μὲν</strong></span> <span class='ocrx_word' id='word_1_638' title='bbox 961 4565 1184 4618; x_wconf 85' lang='grc' dir='ltr'>ἐκείνων</span> <span class='ocrx_word' id='word_1_639' title='bbox 1234 4565 1419 4627; x_wconf 78' lang='grc' dir='ltr'>ἱππεῖς</span> <span class='ocrx_word' id='word_1_640' title='bbox 1457 4563 1761 4629; x_wconf 84' lang='grc' dir='ltr'>διολώλασι,</span> 
     </span>
    </p>
   </div>
   <div class='ocr_carea' id='block_1_87' title="bbox 178 4654 1767 4727">
    <p class='ocr_par' dir='ltr' id='par_1_87' title="bbox 178 4654 1767 4727">
     <span class='ocr_line' id='line_1_87' title="bbox 178 4654 1767 4727; baseline -0.001 -19"><span class='ocrx_word' id='word_1_641' title='bbox 178 4655 562 4727; x_wconf 82' lang='grc' dir='ltr'>κεκρατήκασι</span> <span class='ocrx_word' id='word_1_642' title='bbox 595 4671 660 4723; x_wconf 88' lang='grc' dir='ltr'><strong>γε</strong></span> <span class='ocrx_word' id='word_1_643' title='bbox 706 4655 814 4726; x_wconf 82' lang='grc' dir='ltr'>μὴν</span> <span class='ocrx_word' id='word_1_644' title='bbox 852 4656 899 4708; x_wconf 91' lang='grc' dir='ltr'><strong>οἰ</strong></span> <span class='ocrx_word' id='word_1_645' title='bbox 934 4655 992 4722; x_wconf 77' lang='grc' dir='ltr'>ἐξ</span> <span class='ocrx_word' id='word_1_646' title='bbox 1030 4655 1257 4725; x_wconf 83' lang='grc' dir='ltr'>αἵματος</span> <span class='ocrx_word' id='word_1_647' title='bbox 1298 4654 1535 4725; x_wconf 79' lang='grc' dir='ltr'>Ἰσραὴλ,</span> <span class='ocrx_word' id='word_1_648' title='bbox 1568 4654 1641 4717; x_wconf 84' lang='grc' dir='ltr'>ὡς</span> <span class='ocrx_word' id='word_1_649' title='bbox 1666 4672 1767 4707; x_wconf 81' lang='grc' dir='ltr'>κα·</span> 
     </span>
    </p>
   </div>
   <div class='ocr_carea' id='block_1_88' title="bbox 177 4746 1762 4819">
    <p class='ocr_par' dir='ltr' id='par_1_88' title="bbox 177 4746 1762 4819">
     <span class='ocr_line' id='line_1_88' title="bbox 177 4746 1762 4819; baseline -0.001 -18"><span class='ocrx_word' id='word_1_650' title='bbox 177 4750 421 4819; x_wconf 64' lang='grc' dir='ltr'>διοικῆσαι</span> <span class='ocrx_word' id='word_1_651' title='bbox 449 4748 556 4819; x_wconf 81' lang='grc' dir='ltr'><strong>τὴν</strong></span> <span class='ocrx_word' id='word_1_652' title='bbox 608 4747 788 4818; x_wconf 89' lang='grc' dir='ltr'>χώραν</span> <span class='ocrx_word' id='word_1_653' title='bbox 831 4748 1048 4810; x_wconf 81' lang='grc' dir='ltr'>αὐτοὺς,</span> <span class='ocrx_word' id='word_1_654' title='bbox 1086 4746 1244 4817; x_wconf 80' lang='grc' dir='ltr'>δῆλον</span> <span class='ocrx_word' id='word_1_655' title='bbox 1279 4746 1333 4798; x_wconf 86' lang='grc' dir='ltr'><strong>δέ</strong></span> <span class='ocrx_word' id='word_1_656' title='bbox 1366 4747 1447 4799; x_wconf 86' lang='grc' dir='ltr'><strong>ὄτι</strong></span> <span class='ocrx_word' id='word_1_657' title='bbox 1491 4746 1590 4815; x_wconf 82' lang='grc' dir='ltr'><strong>τὴν</strong></span> <span class='ocrx_word' id='word_1_658' title='bbox 1630 4747 1762 4799; x_wconf 84' lang='grc' dir='ltr'>’ἰου-</span> 
     </span>
    </p>
   </div>
   <div class='ocr_carea' id='block_1_89' title="bbox 177 4839 1770 4911">
    <p class='ocr_par' dir='ltr' id='par_1_89' title="bbox 177 4839 1770 4911">
     <span class='ocr_line' id='line_1_89' title="bbox 177 4839 1770 4911; baseline 0.001 -21"><span class='ocrx_word' id='word_1_659' title='bbox 177 4839 350 4905; x_wconf 83' lang='grc' dir='ltr'>δαίαν,</span> <span class='ocrx_word' id='word_1_660' title='bbox 400 4840 611 4903; x_wconf 81' lang='grc' dir='ltr'>παντὸς</span> <span class='ocrx_word' id='word_1_661' title='bbox 656 4839 975 4911; x_wconf 83' lang='grc' dir='ltr'>ἐλευθέρους</span> <span class='ocrx_word' id='word_1_662' title='bbox 1017 4839 1295 4909; x_wconf 88' lang='grc' dir='ltr'>δείματος,</span> <span class='ocrx_word' id='word_1_663' title='bbox 1331 4840 1424 4891; x_wconf 82' lang='grc' dir='ltr'><strong>καί</strong></span> <span class='ocrx_word' id='word_1_664' title='bbox 1464 4839 1675 4903; x_wconf 84' lang='grc' dir='ltr'>οὐδενὸς</span> <span class='ocrx_word' id='word_1_665' title='bbox 1709 4840 1770 4891; x_wconf 87' lang='grc' dir='ltr'><strong>τὸ</strong></span> 
     </span>
    </p>
   </div>
   <div class='ocr_carea' id='block_1_90' title="bbox 179 4930 1769 5002">
    <p class='ocr_par' dir='ltr' id='par_1_90' title="bbox 179 4930 1769 5002">
     <span class='ocr_line' id='line_1_90' title="bbox 179 4930 1769 5002; baseline 0.003 -22"><span class='ocrx_word' id='word_1_666' title='bbox 179 4933 437 5000; x_wconf 88' lang='grc' dir='ltr'>παράπαν</span> <span class='ocrx_word' id='word_1_667' title='bbox 482 4930 921 4998; x_wconf 77' lang='grc' dir='ltr'>ἀποικισθέντος,</span> <span class='ocrx_word' id='word_1_668' title='bbox 962 4932 1129 5001; x_wconf 74' lang='grc' dir='ltr'>ῆγουν</span> <span class='ocrx_word' id='word_1_669' title='bbox 1164 4930 1508 5001; x_wconf 73' lang='grc' dir='ltr'>αἰχμαλώτου</span> <span class='ocrx_word' id='word_1_670' title='bbox 1542 4947 1769 5002; x_wconf 84' lang='grc' dir='ltr'>γεγενη-</span> 
     </span>
    </p>
   </div>
   <div class='ocr_carea' id='block_1_91' title="bbox 187 5020 1770 5094">
    <p class='ocr_par' dir='ltr' id='par_1_91' title="bbox 187 5020 1770 5094">
     <span class='ocr_line' id='line_1_91' title="bbox 187 5020 1770 5094; baseline 0.001 -20"><span class='ocrx_word' id='word_1_671' title='bbox 187 5020 362 5089; x_wconf 80' lang='grc' dir='ltr'>μένου.</span> <span class='ocrx_word' id='word_1_672' title='bbox 408 5024 604 5094; x_wconf 81' lang='grc' dir='ltr'>Ἡμεῖς</span> <span class='ocrx_word' id='word_1_673' title='bbox 633 5022 689 5075; x_wconf 86' lang='grc' dir='ltr'><strong>δέ</strong></span> <span class='ocrx_word' id='word_1_674' title='bbox 718 5026 828 5084; x_wconf 90' lang='grc' dir='ltr'>τοῖς</span> <span class='ocrx_word' id='word_1_675' title='bbox 872 5022 1111 5093; x_wconf 88' lang='grc' dir='ltr'>πρώτοις</span> <span class='ocrx_word' id='word_1_676' title='bbox 1146 5023 1548 5093; x_wconf 84' lang='grc' dir='ltr'>συμϐαίνουσάν</span> <span class='ocrx_word' id='word_1_677' title='bbox 1582 5039 1641 5074; x_wconf 88' lang='grc' dir='ltr'><strong>τε</strong></span> <span class='ocrx_word' id='word_1_678' title='bbox 1674 5023 1770 5075; x_wconf 79' lang='grc' dir='ltr'><strong>καί</strong></span> 
     </span>
    </p>
   </div>
   <div class='ocr_carea' id='block_1_92' title="bbox 187 5113 1768 5186">
    <p class='ocr_par' dir='ltr' id='par_1_92' title="bbox 187 5113 1768 5186">
     <span class='ocr_line' id='line_1_92' title="bbox 187 5113 1768 5186; baseline 0.001 -20"><span class='ocrx_word' id='word_1_679' title='bbox 187 5113 415 5186; x_wconf 76' lang='grc' dir='ltr'>ἀδελφὴν</span> <span class='ocrx_word' id='word_1_680' title='bbox 455 5117 728 5169; x_wconf 89' lang='grc' dir='ltr'>ποιεῖσθαι</span> <span class='ocrx_word' id='word_1_681' title='bbox 775 5115 1167 5180; x_wconf 81' lang='grc' dir='ltr'>σπουδάζοντες</span> <span class='ocrx_word' id='word_1_682' title='bbox 1206 5115 1305 5185; x_wconf 82' lang='grc' dir='ltr'>τὴν</span> <span class='ocrx_word' id='word_1_683' title='bbox 1331 5115 1439 5168; x_wconf 83' lang='grc' dir='ltr'>τῶν</span> <span class='ocrx_word' id='word_1_684' title='bbox 1481 5114 1768 5185; x_wconf 90' lang='grc' dir='ltr'>νοημάτων</span> 
     </span>
    </p>
   </div>
   <div class='ocr_carea' id='block_1_93' title="bbox 185 5206 1768 5280">
    <p class='ocr_par' dir='ltr' id='par_1_93' title="bbox 185 5206 1768 5280">
     <span class='ocr_line' id='line_1_93' title="bbox 185 5206 1768 5280; baseline 0.001 -23"><span class='ocrx_word' id='word_1_685' title='bbox 185 5206 456 5272; x_wconf 88' lang='grc' dir='ltr'>ἀπόδοσιν,</span> <span class='ocrx_word' id='word_1_686' title='bbox 486 5208 762 5271; x_wconf 87' lang='grc' dir='ltr'>ἀναϐάτας</span> <span class='ocrx_word' id='word_1_687' title='bbox 795 5207 977 5261; x_wconf 80' lang='grc' dir='ltr'>ἵππων</span> <span class='ocrx_word' id='word_1_688' title='bbox 1004 5208 1132 5271; x_wconf 77' lang='grc' dir='ltr'>τοὺς</span> <span class='ocrx_word' id='word_1_689' title='bbox 1156 5208 1648 5280; x_wconf 84' lang='grc' dir='ltr'>κατῃσχυμμένους</span> <span class='ocrx_word' id='word_1_690' title='bbox 1671 5208 1768 5279; x_wconf 83' lang='grc' dir='ltr'><strong>οὐχ</strong></span> 
     </span>
    </p>
   </div>
   <div class='ocr_carea' id='block_1_94' title="bbox 188 5294 1767 5368">
    <p class='ocr_par' dir='ltr' id='par_1_94' title="bbox 188 5294 1767 5368">
     <span class='ocr_line' id='line_1_94' title="bbox 188 5294 1767 5368; baseline 0.004 -22"><span class='ocrx_word' id='word_1_691' title='bbox 188 5295 403 5366; x_wconf 76' lang='grc' dir='ltr'>ἐτέρους</span> <span class='ocrx_word' id='word_1_692' title='bbox 426 5294 566 5352; x_wconf 72' lang='grc' dir='ltr'>εἷναί</span> <span class='ocrx_word' id='word_1_693' title='bbox 598 5315 808 5368; x_wconf 84' lang='grc' dir='ltr'>φαμεν,</span> <span class='ocrx_word' id='word_1_694' title='bbox 842 5298 872 5368; x_wconf 87' lang='grc' dir='ltr'>ἤ</span> <span class='ocrx_word' id='word_1_695' title='bbox 912 5300 1037 5362; x_wconf 81' lang='grc' dir='ltr'>τοὺς</span> <span class='ocrx_word' id='word_1_696' title='bbox 1059 5299 1166 5352; x_wconf 84' lang='grc' dir='ltr'>τῶν</span> <span class='ocrx_word' id='word_1_697' title='bbox 1198 5298 1527 5368; x_wconf 84' lang='grc' dir='ltr'>Ἑλληνικῶν</span> <span class='ocrx_word' id='word_1_698' title='bbox 1562 5298 1767 5367; x_wconf 87' lang='grc' dir='ltr'>δογμά-</span> 
     </span>
    </p>
   </div>
   <div class='ocr_carea' id='block_1_95' title="bbox 187 5373 1769 5462">
    <p class='ocr_par' dir='ltr' id='par_1_95' title="bbox 187 5373 1769 5462">
     <span class='ocr_line' id='line_1_95' title="bbox 187 5373 1769 5462; baseline 0.003 -25"><span class='ocrx_word' id='word_1_699' title='bbox 187 5402 291 5439; x_wconf 85' lang='grc' dir='ltr'><strong>των</strong></span> <span class='ocrx_word' id='word_1_700' title='bbox 317 5390 747 5461; x_wconf 82' lang='grc' dir='ltr'>προεστηκότας,</span> <span class='ocrx_word' id='word_1_701' title='bbox 784 5373 875 5444; x_wconf 50' lang='lat' dir='ltr'><strong>xei</strong></span> <span class='ocrx_word' id='word_1_702' title='bbox 909 5392 1123 5462; x_wconf 84' lang='grc' dir='ltr'>ἀπάτης</span> <span class='ocrx_word' id='word_1_703' title='bbox 1165 5393 1259 5457; x_wconf 86' lang='grc' dir='ltr'>τῆς</span> <span class='ocrx_word' id='word_1_704' title='bbox 1286 5390 1576 5460; x_wconf 83' lang='grc' dir='ltr'>θεομισοῦς</span> <span class='ocrx_word' id='word_1_705' title='bbox 1603 5391 1769 5460; x_wconf 78' lang='grc' dir='ltr'>ὑπερ-</span> 
     </span>
    </p>
   </div>
   <div class='ocr_carea' id='block_1_96' title="bbox 1946 4016 3443 4092">
    <p class='ocr_par' dir='ltr' id='par_1_96' title="bbox 1946 4016 3443 4092">
     <span class='ocr_line' id='line_1_96' title="bbox 1946 4016 3443 4092; baseline 0.004 -22"><span class='ocrx_word' id='word_1_706' title='bbox 1946 4016 2187 4071; x_wconf 63' lang='lat'><strong>“5115.6.</strong></span> <span class='ocrx_word' id='word_1_707' title='bbox 2221 4016 2287 4071; x_wconf 80' lang='lat' dir='ltr'><strong>Et</strong></span> <span class='ocrx_word' id='word_1_708' title='bbox 2341 4018 2732 4087; x_wconf 73' lang='lat' dir='ltr'><strong>confundantur</strong></span> <span class='ocrx_word' id='word_1_709' title='bbox 2797 4038 3095 4076; x_wconf 75' lang='lat' dir='ltr'><strong>ascensores</strong></span> <span class='ocrx_word' id='word_1_710' title='bbox 3176 4040 3443 4092; x_wconf 79' lang='lat' dir='ltr'><strong>equorum,</strong></span> 
     </span>
    </p>
   </div>
   <div class='ocr_carea' id='block_1_97' title="bbox 1874 4108 3445 4183">
    <p class='ocr_par' dir='ltr' id='par_1_97' title="bbox 1874 4108 3445 4183">
     <span class='ocr_line' id='line_1_97' title="bbox 1874 4108 3445 4183; baseline 0.003 -20"><span class='ocrx_word' id='word_1_711' title='bbox 1874 4108 2046 4180; x_wconf 67' lang='grc'><strong>749</strong></span> <span class='ocrx_word' id='word_1_712' title='bbox 2076 4122 2122 4161; x_wconf 82' lang='lat' dir='ltr'><strong>et</strong></span> <span class='ocrx_word' id='word_1_713' title='bbox 2152 4109 2462 4176; x_wconf 66' lang='lat' dir='ltr'><strong>confer-tabo</strong></span> <span class='ocrx_word' id='word_1_714' title='bbox 2489 4110 2699 4163; x_wconf 86' lang='lat' dir='ltr'><strong>domum</strong></span> <span class='ocrx_word' id='word_1_715' title='bbox 2729 4110 2894 4176; x_wconf 84' lang='lat' dir='ltr'><strong>Juda,</strong></span> <span class='ocrx_word' id='word_1_716' title='bbox 2921 4122 2968 4164; x_wconf 81' lang='lat' dir='ltr'><strong>et</strong></span> <span class='ocrx_word' id='word_1_717' title='bbox 2998 4114 3208 4167; x_wconf 83' lang='lat' dir='ltr'><strong>domum</strong></span> <span class='ocrx_word' id='word_1_718' title='bbox 3246 4113 3445 4183; x_wconf 76' lang='lat' dir='ltr'><strong>Joseph</strong></span> 
     </span>
    </p>
   </div>
   <div class='ocr_carea' id='block_1_98' title="bbox 3058 4206 3437 4273">
    <p class='ocr_par' dir='ltr' id='par_1_98' title="bbox 3058 4206 3437 4273">
     <span class='ocr_line' id='line_1_98' title="bbox 3058 4206 3437 4273; baseline 0.008 -17"><span class='ocrx_word' id='word_1_719' title='bbox 3058 4206 3181 4273; x_wconf 87' lang='lat' dir='ltr'><strong>quia</strong></span> <span class='ocrx_word' id='word_1_720' title='bbox 3265 4206 3437 4259; x_wconf 73' lang='lat' dir='ltr'><strong>delexi</strong></span> 
     </span>
    </p>
   </div>
   <div class='ocr_carea' id='block_1_99' title="bbox 1869 4305 1976 4344">
    <p class='ocr_par' dir='ltr' id='par_1_99' title="bbox 1869 4305 1976 4344">
     <span class='ocr_line' id='line_1_99' title="bbox 1869 4305 1976 4344; baseline 0.009 -1"><span class='ocrx_word' id='word_1_721' title='bbox 1869 4305 1976 4344; x_wconf 72' lang='grc'><strong>808.</strong></span> 
     </span>
    </p>
   </div>
   <div class='ocr_carea' id='block_1_100' title="bbox 1943 4377 3445 4447">
    <p class='ocr_par' dir='ltr' id='par_1_100' title="bbox 1943 4377 3445 4447">
     <span class='ocr_line' id='line_1_100' title="bbox 1943 4377 3445 4447; baseline 0.01 -15"><span class='ocrx_word' id='word_1_722' title='bbox 1943 4377 2129 4434; x_wconf 81' lang='lat' dir='ltr'><strong>LXIX.</strong></span> <span class='ocrx_word' id='word_1_723' title='bbox 2164 4381 2489 4436; x_wconf 85' lang='lat' dir='ltr'><strong>Asseverant</strong></span> <span class='ocrx_word' id='word_1_724' title='bbox 2516 4398 2729 4438; x_wconf 88' lang='lat' dir='ltr'><strong>rursum</strong></span> <span class='ocrx_word' id='word_1_725' title='bbox 2760 4383 2998 4441; x_wconf 83' lang='lat' dir='ltr'><strong>Judaicis</strong></span> <span class='ocrx_word' id='word_1_726' title='bbox 3045 4390 3445 4447; x_wconf 87' lang='lat' dir='ltr'><strong>narrationibus</strong></span> 
     </span>
    </p>
   </div>
   <div class='ocr_carea' id='block_1_101' title="bbox 1869 4471 3444 4545">
    <p class='ocr_par' dir='ltr' id='par_1_101' title="bbox 1869 4471 3444 4545">
     <span class='ocr_line' id='line_1_101' title="bbox 1869 4471 3444 4545; baseline 0.01 -24"><span class='ocrx_word' id='word_1_727' title='bbox 1869 4471 2297 4539; x_wconf 88' lang='lat' dir='ltr'><strong>patrocinantes,</strong></span> <span class='ocrx_word' id='word_1_728' title='bbox 2351 4486 2526 4542; x_wconf 89' lang='lat' dir='ltr'><strong>pugna</strong></span> <span class='ocrx_word' id='word_1_729' title='bbox 2602 4488 2721 4527; x_wconf 89' lang='lat' dir='ltr'><strong>cum</strong></span> <span class='ocrx_word' id='word_1_730' title='bbox 2779 4475 2981 4531; x_wconf 82' lang='lat' dir='ltr'><strong>Graecis</strong></span> <span class='ocrx_word' id='word_1_731' title='bbox 3040 4478 3193 4545; x_wconf 91' lang='lat' dir='ltr'><strong>inita,</strong></span> <span class='ocrx_word' id='word_1_732' title='bbox 3229 4480 3444 4536; x_wconf 89' lang='lat' dir='ltr'><strong>illorum</strong></span> 
     </span>
    </p>
   </div>
   <div class='ocr_carea' id='block_1_102' title="bbox 1868 4562 3443 4642">
    <p class='ocr_par' dir='ltr' id='par_1_102' title="bbox 1868 4562 3443 4642">
     <span class='ocr_line' id='line_1_102' title="bbox 1868 4562 3443 4642; baseline 0.009 -28"><span class='ocrx_word' id='word_1_733' title='bbox 1868 4562 2079 4630; x_wconf 91' lang='lat' dir='ltr'><strong>equites</strong></span> <span class='ocrx_word' id='word_1_734' title='bbox 2135 4563 2382 4630; x_wconf 83' lang='lat' dir='ltr'><strong>periisse,</strong></span> <span class='ocrx_word' id='word_1_735' title='bbox 2428 4565 2623 4619; x_wconf 87' lang='lat' dir='ltr'><strong>vicisse</strong></span> <span class='ocrx_word' id='word_1_736' title='bbox 2675 4566 2966 4633; x_wconf 85' lang='lat' dir='ltr'><strong>lsraelitas,</strong></span> <span class='ocrx_word' id='word_1_737' title='bbox 3057 4579 3113 4623; x_wconf 92' lang='lat' dir='ltr'><strong>ut</strong></span> <span class='ocrx_word' id='word_1_738' title='bbox 3168 4574 3443 4642; x_wconf 79' lang='lat' dir='ltr'><strong>regionem</strong></span> 
     </span>
    </p>
   </div>
   <div class='ocr_carea' id='block_1_103' title="bbox 1869 4652 3441 4726">
    <p class='ocr_par' dir='ltr' id='par_1_103' title="bbox 1869 4652 3441 4726">
     <span class='ocr_line' id='line_1_103' title="bbox 1869 4652 3441 4726; baseline 0.008 -18"><span class='ocrx_word' id='word_1_739' title='bbox 1869 4669 2046 4717; x_wconf 89' lang='lat' dir='ltr'><strong>suam,</strong></span> <span class='ocrx_word' id='word_1_740' title='bbox 2077 4652 2317 4709; x_wconf 67' lang='lat' dir='ltr'><strong>Judmam</strong></span> <span class='ocrx_word' id='word_1_741' title='bbox 2348 4671 2559 4726; x_wconf 89' lang='lat' dir='ltr'><strong>nempe,</strong></span> <span class='ocrx_word' id='word_1_742' title='bbox 2584 4658 2889 4713; x_wconf 85' lang='lat' dir='ltr'><strong>habitarent</strong></span> <span class='ocrx_word' id='word_1_743' title='bbox 2918 4662 3064 4717; x_wconf 88' lang='lat' dir='ltr'><strong>omni</strong></span> <span class='ocrx_word' id='word_1_744' title='bbox 3104 4672 3310 4719; x_wconf 87' lang='lat' dir='ltr'><strong>terrore</strong></span> <span class='ocrx_word' id='word_1_745' title='bbox 3347 4681 3441 4719; x_wconf 88' lang='lat' dir='ltr'><strong>va-</strong></span> 
     </span>
    </p>
   </div>
   <div class='ocr_carea' id='block_1_104' title="bbox 1868 4744 3443 4821">
    <p class='ocr_par' dir='ltr' id='par_1_104' title="bbox 1868 4744 3443 4821">
     <span class='ocr_line' id='line_1_104' title="bbox 1868 4744 3443 4821; baseline 0.011 -26"><span class='ocrx_word' id='word_1_746' title='bbox 1868 4744 1978 4808; x_wconf 88' lang='lat' dir='ltr'><strong>cui,</strong></span> <span class='ocrx_word' id='word_1_747' title='bbox 2013 4746 2228 4799; x_wconf 90' lang='lat' dir='ltr'><strong>nemine</strong></span> <span class='ocrx_word' id='word_1_748' title='bbox 2248 4749 2736 4813; x_wconf 85' lang='lat' dir='ltr'><strong>omninoabducto,</strong></span> <span class='ocrx_word' id='word_1_749' title='bbox 2767 4765 2860 4804; x_wconf 90' lang='lat' dir='ltr'><strong>seu</strong></span> <span class='ocrx_word' id='word_1_750' title='bbox 2916 4755 3129 4821; x_wconf 82' lang='lat' dir='ltr'><strong>captivo</strong></span> <span class='ocrx_word' id='word_1_751' title='bbox 3171 4754 3334 4812; x_wconf 79' lang='lat' dir='ltr'><strong>facto.</strong></span> <span class='ocrx_word' id='word_1_752' title='bbox 3376 4761 3443 4813; x_wconf 79' lang='lat' dir='ltr'><strong>At</strong></span> 
     </span>
    </p>
   </div>
   <div class='ocr_carea' id='block_1_105' title="bbox 1874 4838 3443 4918">
    <p class='ocr_par' dir='ltr' id='par_1_105' title="bbox 1874 4838 3443 4918">
     <span class='ocr_line' id='line_1_105' title="bbox 1874 4838 3443 4918; baseline 0.011 -31"><span class='ocrx_word' id='word_1_753' title='bbox 1874 4851 1971 4891; x_wconf 91' lang='lat' dir='ltr'><strong>nos</strong></span> <span class='ocrx_word' id='word_1_754' title='bbox 2005 4838 2275 4905; x_wconf 90' lang='lat' dir='ltr'><strong>prioribus</strong></span> <span class='ocrx_word' id='word_1_755' title='bbox 2300 4842 2737 4909; x_wconf 88' lang='lat' dir='ltr'><strong>convenientem,</strong></span> <span class='ocrx_word' id='word_1_756' title='bbox 2766 4856 2819 4898; x_wconf 89' lang='lat' dir='ltr'><strong>et</strong></span> <span class='ocrx_word' id='word_1_757' title='bbox 2863 4861 3175 4917; x_wconf 79' lang='lat' dir='ltr'><strong>germanam</strong></span> <span class='ocrx_word' id='word_1_758' title='bbox 3207 4850 3443 4918; x_wconf 82' lang='lat' dir='ltr'><strong>explica-</strong></span> 
     </span>
    </p>
   </div>
   <div class='ocr_carea' id='block_1_106' title="bbox 1876 4931 3442 5011">
    <p class='ocr_par' dir='ltr' id='par_1_106' title="bbox 1876 4931 3442 5011">
     <span class='ocr_line' id='line_1_106' title="bbox 1876 4931 3442 5011; baseline 0.009 -28"><span class='ocrx_word' id='word_1_759' title='bbox 1876 4931 2074 4985; x_wconf 91' lang='lat' dir='ltr'><strong>tionem</strong></span> <span class='ocrx_word' id='word_1_760' title='bbox 2101 4947 2358 4986; x_wconf 86' lang='lat' dir='ltr'><strong>sensuum</strong></span> <span class='ocrx_word' id='word_1_761' title='bbox 2391 4934 2585 4990; x_wconf 69' lang='lat' dir='ltr'><strong>afferre</strong></span> <span class='ocrx_word' id='word_1_762' title='bbox 2620 4938 2919 5003; x_wconf 84' lang='lat' dir='ltr'><strong>studentes,</strong></span> <span class='ocrx_word' id='word_1_763' title='bbox 2946 4956 3263 4996; x_wconf 88' lang='lat' dir='ltr'><strong>ascensores</strong></span> <span class='ocrx_word' id='word_1_764' title='bbox 3277 4958 3442 5011; x_wconf 77' lang='lat' dir='ltr'><strong>equo-</strong></span> 
     </span>
    </p>
   </div>
   <div class='ocr_carea' id='block_1_107' title="bbox 1872 5024 3440 5101">
    <p class='ocr_par' dir='ltr' id='par_1_107' title="bbox 1872 5024 3440 5101">
     <span class='ocr_line' id='line_1_107' title="bbox 1872 5024 3440 5101; baseline 0.006 -26"><span class='ocrx_word' id='word_1_765' title='bbox 1872 5037 1989 5075; x_wconf 91' lang='lat' dir='ltr'><strong>rum</strong></span> <span class='ocrx_word' id='word_1_766' title='bbox 2038 5024 2292 5079; x_wconf 83' lang='lat' dir='ltr'><strong>confusos</strong></span> <span class='ocrx_word' id='word_1_767' title='bbox 2338 5042 2441 5079; x_wconf 92' lang='lat' dir='ltr'><strong>non</strong></span> <span class='ocrx_word' id='word_1_768' title='bbox 2505 5028 2639 5083; x_wconf 88' lang='lat' dir='ltr'><strong>alios</strong></span> <span class='ocrx_word' id='word_1_769' title='bbox 2704 5045 2826 5084; x_wconf 87' lang='lat' dir='ltr'><strong>esse</strong></span> <span class='ocrx_word' id='word_1_770' title='bbox 2874 5034 3251 5087; x_wconf 89' lang='lat' dir='ltr'><strong>contendimus</strong></span> <span class='ocrx_word' id='word_1_771' title='bbox 3281 5048 3440 5101; x_wconf 86' lang='lat' dir='ltr'><strong>quam</strong></span> 
     </span>
    </p>
   </div>
   <div class='ocr_carea' id='block_1_108' title="bbox 1869 5112 3441 5187">
    <p class='ocr_par' dir='ltr' id='par_1_108' title="bbox 1869 5112 3441 5187">
     <span class='ocr_line' id='line_1_108' title="bbox 1869 5112 3441 5187; baseline 0.005 -22"><span class='ocrx_word' id='word_1_772' title='bbox 1869 5112 2176 5169; x_wconf 70' lang='lat' dir='ltr'><strong>Graecorum</strong></span> <span class='ocrx_word' id='word_1_773' title='bbox 2196 5118 2505 5185; x_wconf 88' lang='lat' dir='ltr'><strong>dogmatum</strong></span> <span class='ocrx_word' id='word_1_774' title='bbox 2531 5119 2811 5187; x_wconf 65' lang='lat' dir='ltr'><strong>praesides,</strong></span> <span class='ocrx_word' id='word_1_775' title='bbox 2839 5128 2893 5174; x_wconf 91' lang='lat' dir='ltr'><strong>et</strong></span> <span class='ocrx_word' id='word_1_776' title='bbox 2952 5122 3281 5175; x_wconf 86' lang='lat' dir='ltr'><strong>seductionis</strong></span> <span class='ocrx_word' id='word_1_777' title='bbox 3333 5121 3441 5173; x_wconf 91' lang='lat' dir='ltr'><strong>Deo</strong></span> 
     </span>
    </p>
   </div>
   <div class='ocr_carea' id='block_1_109' title="bbox 1868 5209 3438 5279">
    <p class='ocr_par' dir='ltr' id='par_1_109' title="bbox 1868 5209 3438 5279">
     <span class='ocr_line' id='line_1_109' title="bbox 1868 5209 3438 5279; baseline 0.004 -22"><span class='ocrx_word' id='word_1_778' title='bbox 1868 5218 2046 5258; x_wconf 73' lang='lat' dir='ltr'><strong>exosa:</strong></span> <span class='ocrx_word' id='word_1_779' title='bbox 2076 5216 2527 5274; x_wconf 77' lang='lat' dir='ltr'><strong>propugnatores,</strong></span> <span class='ocrx_word' id='word_1_780' title='bbox 2551 5209 2748 5279; x_wconf 88' lang='lat' dir='ltr'><strong>quibus</strong></span> <span class='ocrx_word' id='word_1_781' title='bbox 2777 5213 3063 5278; x_wconf 88' lang='lat' dir='ltr'><strong>prostratis</strong></span> <span class='ocrx_word' id='word_1_782' title='bbox 3086 5212 3214 5266; x_wconf 89' lang='lat' dir='ltr'><strong>vicit</strong></span> <span class='ocrx_word' id='word_1_783' title='bbox 3251 5209 3438 5274; x_wconf 72' lang='lat' dir='ltr'><strong>Iudas,</strong></span> 
     </span>
    </p>
   </div>
   <div class='ocr_carea' id='block_1_110' title="bbox 1866 5297 3441 5374">
    <p class='ocr_par' dir='ltr' id='par_1_110' title="bbox 1866 5297 3441 5374">
     <span class='ocr_line' id='line_1_110' title="bbox 1866 5297 3441 5374; baseline 0.004 -25"><span class='ocrx_word' id='word_1_784' title='bbox 1866 5304 1920 5349; x_wconf 92' lang='lat' dir='ltr'><strong>et</strong></span> <span class='ocrx_word' id='word_1_785' title='bbox 1956 5297 2161 5351; x_wconf 87' lang='lat' dir='ltr'><strong>salvata</strong></span> <span class='ocrx_word' id='word_1_786' title='bbox 2195 5308 2279 5351; x_wconf 85' lang='lat' dir='ltr'><strong>est</strong></span> <span class='ocrx_word' id='word_1_787' title='bbox 2301 5313 2514 5367; x_wconf 86' lang='lat' dir='ltr'><strong>quoque</strong></span> <span class='ocrx_word' id='word_1_788' title='bbox 2550 5301 2743 5357; x_wconf 89' lang='lat' dir='ltr'><strong>domus</strong></span> <span class='ocrx_word' id='word_1_789' title='bbox 2810 5303 3030 5374; x_wconf 76' lang='lat' dir='ltr'><strong>Ioseph.</strong></span> <span class='ocrx_word' id='word_1_790' title='bbox 3093 5301 3441 5371; x_wconf 87' lang='lat' dir='ltr'><strong>Signihcatur</strong></span> 
     </span>
    </p>
   </div>
   <div class='ocr_carea' id='block_1_111' title="bbox 1867 5389 3438 5465">
    <p class='ocr_par' dir='ltr' id='par_1_111' title="bbox 1867 5389 3438 5465">
     <span class='ocr_line' id='line_1_111' title="bbox 1867 5389 3438 5465; baseline 0.011 -25"><span class='ocrx_word' id='word_1_791' title='bbox 1867 5398 2043 5442; x_wconf 92' lang='lat' dir='ltr'><strong>autem</strong></span> <span class='ocrx_word' id='word_1_792' title='bbox 2081 5404 2176 5458; x_wconf 86' lang='lat' dir='ltr'><strong>per</strong></span> <span class='ocrx_word' id='word_1_793' title='bbox 2200 5389 2313 5444; x_wconf 58' lang='lat' dir='ltr'><strong>hac</strong></span> <span class='ocrx_word' id='word_1_794' title='bbox 2348 5390 2677 5451; x_wconf 86' lang='lat' dir='ltr'><strong>Israeliticus</strong></span> <span class='ocrx_word' id='word_1_795' title='bbox 2726 5396 2965 5465; x_wconf 77' lang='lat' dir='ltr'><strong>sanguis,</strong></span> <span class='ocrx_word' id='word_1_796' title='bbox 3020 5403 3072 5449; x_wconf 86' lang='lat' dir='ltr'><strong>et</strong></span> <span class='ocrx_word' id='word_1_797' title='bbox 3100 5406 3287 5462; x_wconf 65' lang='lat' dir='ltr'><strong>genus.</strong></span> <span class='ocrx_word' id='word_1_798' title='bbox 3324 5391 3438 5446; x_wconf 66' lang='lat' dir='ltr'><strong>Sive</strong></span> 
     </span>
    </p>
   </div>
   <div class='ocr_carea' id='block_1_112' title="bbox 188 5477 1771 5563">
    <p class='ocr_par' dir='ltr' id='par_1_112' title="bbox 188 5477 1767 5563">
     <span class='ocr_line' id='line_1_112' title="bbox 188 5477 1767 5563; baseline 0.003 -34"><span class='ocrx_word' id='word_1_799' title='bbox 188 5477 361 5563; x_wconf 71' lang='grc' dir='ltr'>ἀθλεῖν</span> <span class='ocrx_word' id='word_1_800' title='bbox 394 5482 673 5547; x_wconf 85' lang='grc' dir='ltr'>εἰωθότας,</span> <span class='ocrx_word' id='word_1_801' title='bbox 722 5477 796 5534; x_wconf 80' lang='grc' dir='ltr'>ὧν</span> <span class='ocrx_word' id='word_1_802' title='bbox 853 5482 1309 5553; x_wconf 75' lang='grc' dir='ltr'>κατερῤαγμένων</span> <span class='ocrx_word' id='word_1_803' title='bbox 1356 5483 1697 5553; x_wconf 84' lang='grc' dir='ltr'>κεκράτηκεν</span> <span class='ocrx_word' id='word_1_804' title='bbox 1740 5483 1767 5533; x_wconf 91' lang='lat'><strong>6</strong></span> 
     </span>
    </p>
   </div>
   <div class='ocr_carea' id='block_1_113' title="bbox 1876 5477 3440 5563">
    <p class='ocr_par' dir='ltr' id='par_1_113' title="bbox 1876 5480 3440 5552">
     <span class='ocr_line' id='line_1_113' title="bbox 1876 5480 3440 5552; baseline 0.005 -21"><span class='ocrx_word' id='word_1_805' title='bbox 1876 5480 2273 5544; x_wconf 63' lang='lat' dir='ltr'><strong>Ltrstilicatorum</strong></span> <span class='ocrx_word' id='word_1_806' title='bbox 2308 5482 2363 5536; x_wconf 89' lang='lat' dir='ltr'><strong>in</strong></span> <span class='ocrx_word' id='word_1_807' title='bbox 2418 5484 2637 5543; x_wconf 71' lang='lat' dir='ltr'><strong>Christo</strong></span> <span class='ocrx_word' id='word_1_808' title='bbox 2695 5487 3001 5552; x_wconf 85' lang='lat' dir='ltr'><strong>multitudo,</strong></span> <span class='ocrx_word' id='word_1_809' title='bbox 3058 5485 3110 5539; x_wconf 89' lang='lat' dir='ltr'><strong>in</strong></span> <span class='ocrx_word' id='word_1_810' title='bbox 3161 5483 3341 5539; x_wconf 90' lang='lat' dir='ltr'><strong>animo</strong></span> <span class='ocrx_word' id='word_1_811' title='bbox 3382 5492 3440 5540; x_wconf 87' lang='lat' dir='ltr'><strong>et</strong></span> 
     </span>
    </p>
   </div>
   <div class='ocr_carea' id='block_1_114' title="bbox 252 5652 1771 5729">
    <p class='ocr_par' dir='ltr' id='par_1_114' title="bbox 252 5652 1767 5729">
     <span class='ocr_line' id='line_1_114' title="bbox 252 5652 1767 5729; baseline 0.001 -19"><span class='ocrx_word' id='word_1_812' title='bbox 252 5652 418 5711; x_wconf 71' lang='lat' dir='ltr'><strong>“Iob</strong></span> <span class='ocrx_word' id='word_1_813' title='bbox 453 5672 502 5724; x_wconf 73' lang='grc' dir='ltr'><strong>ν,</strong></span> <span class='ocrx_word' id='word_1_814' title='bbox 541 5657 593 5713; x_wconf 85' lang='grc'><strong>9.</strong></span> <span class='ocrx_word' id='word_1_815' title='bbox 675 5656 871 5713; x_wconf 79' lang='lat' dir='ltr'><strong>&quot;an.</strong></span> <span class='ocrx_word' id='word_1_816' title='bbox 906 5658 961 5723; x_wconf 67' lang='grc' dir='ltr'><strong>κ,</strong></span> <span class='ocrx_word' id='word_1_817' title='bbox 1000 5655 1085 5710; x_wconf 80' lang='grc'><strong>19.</strong></span> <span class='ocrx_word' id='word_1_818' title='bbox 1162 5655 1271 5712; x_wconf 75' lang='lat' dir='ltr'><strong>&quot;ll</strong></span> <span class='ocrx_word' id='word_1_819' title='bbox 1302 5657 1479 5715; x_wconf 75' lang='lat' dir='ltr'><strong>Much.</strong></span> <span class='ocrx_word' id='word_1_820' title='bbox 1518 5673 1591 5723; x_wconf 84' lang='lat' dir='ltr'><strong>vt,</strong></span> <span class='ocrx_word' id='word_1_821' title='bbox 1623 5662 1675 5712; x_wconf 84' lang='lat'><strong>7.</strong></span> <span class='ocrx_word' id='word_1_822' title='bbox 1762 5725 1767 5729; x_wconf 21' lang='grc' dir='ltr'><strong>η</strong></span> 
     </span>
    </p>
   </div>
   <div class='ocr_carea' id='block_1_115' title="bbox 1876 5652 2424 5729">
    <p class='ocr_par' dir='ltr' id='par_1_115' title="bbox 1876 5658 2424 5724">
     <span class='ocr_line' id='line_1_115' title="bbox 1876 5658 2424 5724; baseline 0.002 -14"><span class='ocrx_word' id='word_1_823' title='bbox 1876 5658 2073 5713; x_wconf 67' lang='lat' dir='ltr'><strong>Laclrar.</strong></span> <span class='ocrx_word' id='word_1_824' title='bbox 2110 5673 2188 5722; x_wconf 67' lang='lat' dir='ltr'><strong>ts,</strong></span> <span class='ocrx_word' id='word_1_825' title='bbox 2219 5658 2304 5724; x_wconf 69' lang='lat'><strong>13,</strong></span> <span class='ocrx_word' id='word_1_826' title='bbox 2342 5660 2424 5713; x_wconf 70' lang='lat' dir='ltr'><strong>I4.</strong></span> 
     </span>
    </p>
   </div>
  </div>
