4120 6606
639 270 740 326 167
1623 261 1681 316 S.
1722 255 2000 314 CYRILL-l
2038 245 2504 314 'ALEXANDRINI
2544 251 2861 313 ARCHlEP.
3811 245 3938 300 £63

634 383 799 441 corde
822 380 1061 437 «ludam
1077 376 1611 442 circumferentinm,
1631 385 1694 430 et
1737 376 2207 431 circumcisionem

2324 375 2546 440 Ἰούδας,
2579 373 2846 427 σέσωσται
2894 369 2950 424 δὲ
2989 367 3083 423 καὶ
3110 368 3139 423 6
3175 363 3321 431 οἶκος
3363 367 3583 438 Ἰωσήφ.
3621 367 3940 435 Καταστ-

634 477 951 533 sortitornm
999 473 1052 526 in
1081 471 1294 542 spiritu,
1345 479 1402 525 et
1445 475 1685 524 mentem
1729 470 2053 537 gerentium,
2091 482 2208 537 quae

2317 467 2558 538 μαίνεται
2608 465 2665 518 δὲ
2690 464 2778 518 διὰ
2827 462 3030 516 τούτων
3057 461 3120 514 τὸ
3159 459 3222 524 ἐξ
3255 458 3466 529 Ἰσραὴλ
3509 453 3652 528 αἷμά
3697 475 3764 510 τε
3819 461 3936 511 καὶ

633 567 781 620 videt
803 565 969 619 Deum
1000 562 1065 626 ³⁸,
1095 563 1195 618 hoc
1223 563 1364 615 enim
1397 558 1590 614 Latine
1643 568 1801 613 sonat
1841 558 2029 613 Israel.
2073 557 2205 624 Quia

2317 557 2482 625 γένος,
2532 555 2698 626 ἤγουν
2723 556 2758 624 ἡ
2786 552 2896 606 τῶν
2937 553 2996 604 ὲν
3019 550 3239 623 Χριστῷ
3289 549 3737 618 δεδικαιωμένων
3765 549 3937 618 πλη-

631 672 766 712 vero
789 654 970 710 dilecti
995 662 1119 707 sunt
1160 667 1188 706 a
1218 652 1350 716 Deo,
1391 651 1511 704 ideo
1533 659 1594 704 et
1619 650 1672 703 in
1709 649 2045 703 habitatione
2093 646 2202 702 col-

2317 647 2423 710 οὓς,
2451 646 2541 698 τὸν
2571 647 2646 708 είς
2669 644 2792 697 νοῦν
2823 645 2917 697 καὶ
2945 643 3170 713 καρδίαν
3195 639 3580 712 περιφέροντες
3612 639 3929 701 Ἰουδαῖον,

634 745 818 808 locati,
844 745 946 798 hoc
971 751 1052 797 est
1107 741 1314 795 firmam
1343 740 1397 794 in
1416 738 1668 793 omnibus
1693 737 2044 793 felicitatibus
2086 751 2207 806 per-

2317 737 2401 788 ιιαὶ
2435 737 2733 807 περιτομὴν
2774 735 3028 805 λαχόντες
3059 734 3158 803 τὴν
3191 734 3249 786 ὲν
3291 731 3585 801 πνεύματι,
3632 721 3743 784 καὶ
3779 731 3932 783 νοέιν

633 834 972 890 mansionem
1005 833 1180 902 adepti
1217 839 1362 886 sunt.
1395 831 1666 899 Scriptum
1693 839 1776 884 est
1799 831 1944 883 enim
1981 847 1994 883 :
2036 847 2056 880 ι
2095 831 2204 881 -l)o-

2317 831 2522 898 ἔχοντες
2567 830 2779 899 ὁρῶντα
2828 827 2993 880 Θεόν·
3051 825 3412 895 ἑρμηνεύεται
3484 823 3591 892 γὰρ
3637 823 3839 885 οὕτως
3899 824 3932 875 6

635 929 815 980 minus
844 926 1087 980 habitare
1113 923 1241 976 facit
1275 922 1556 975 unanimes
1583 921 1637 973 in
1677 921 1834 974 domu
1867 920 1931 972 ”.
1964 935 1981 969 ι
2041 919 2132 972 Ait
2154 927 2209 972 et

2319 919 2555 990 Ἰσραήλ.
2575 918 2792 988 Ἐπειδὴ
2813 917 2871 970 δὲ
2896 918 3208 986 ἠγάπηνται
3235 916 3388 987 παρὰ
3413 913 3572 980 Θεοῦ,
3599 913 3790 983 ταύτῃ
3825 929 3926 964 τοι

628 1015 830 1070 alicubi
861 1016 1074 1069 divinus
1100 1011 1265 1067 Isaias
1303 1013 1368 1066 de
1393 1023 1457 1064 eo
1487 1010 1579 1079 qui
1627 1009 1800 1062 vitam
1848 1010 1958 1076 agit
2005 1009 2208 1061 virtute

2317 1013 2401 1065 καὶ
2437 1010 2877 1080 κατῳκίσθησαν,
2925 1007 3208 1060 τουτέστιν
3265 1005 3669 1076 ἐρηρεισμένην
3717 1004 3928 1072 ἐσχή-

633 1106 958 1176 singularem
989 1123 1002 1157 :
1040 1123 1062 1154 ιι
1091 1101 1389 1158 Ambulans
1412 1100 1698 1168 injustitia
1722 1100 1814 1168 qui
1852 1099 1966 1151 odit
2009 1098 2208 1165 iniqui-

2317 1117 2436 1157 κασι
2464 1103 2562 1171 τὴν
2608 1104 2691 1169 ἐφ’
2735 1102 2907 1154 ἅπασι
2936 1102 3048 1162 τοῖς
3085 1099 3327 1170 ἀρίστοις
3357 1097 3638 1167 διαμονὴν.
3681 1095 3925 1165 Γέγρα-

639 1208 804 1252 talem
842 1206 897 1251 et.
953 1195 1301 1264 iniustitiam,
1339 1203 1398 1248 et
1437 1208 1627 1246 manus
1648 1191 1924 1244 abstinens
1955 1206 1982 1241 a
2021 1204 2207 1243 mune-

631 1289 803 1344 ribus.
826 1288 1100 1342 Obturans
1134 1301 1314 1350 aures,
1355 1293 1413 1335 ut
1440 1299 1545 1338 non
1573 1282 1755 1334 audiat
1790 1281 2053 1350 judicium
2081 1297 2207 1335 san-

628 1379 832 1450 guinis,
862 1388 917 1430 et
939 1379 1194 1431 claudens
1224 1375 1429 1435 oculos,
1453 1384 1514 1426 ut
1541 1389 1644 1426 non
1665 1372 1840 1425 videat
1866 1371 2206 1438 iniquitatem

631 1469 722 1524 hic
750 1469 1015 1522 habitabit
1045 1468 1097 1520 in
1125 1464 1334 1520 excelsa
1378 1464 1637 1533 spelunca
1670 1471 1835 1531 petrae
1895 1461 2051 1514 fortis
2075 1462 2144 1514 ‘°.-
2182 1480 2199 1512 ι

631 1558 992 1614 Probabiliter
1030 1557 1192 1610 etiam
1243 1555 1506 1619 dicemus,
1554 1553 1772 1606 domum
1810 1552 1989 1605 datam
2024 1567 2054 1605 a
2096 1551 2208 1606 Deo

629 1653 830 1707 sanctis
853 1650 1168 1712 Ecclesium,
1201 1647 1314 1700 sive
1341 1659 1602 1714 supernas
1647 1644 1997 1709 mansiones;
2043 1658 2203 1710 quam

2307 1205 2440 1248 πται
2474 1194 2605 1266 γὰρ,
2649 1195 2732 1246 ὅτι
2781 1213 2800 1243 ι
2837 1191 3039 1258 Κύριος
3083 1181 3382 1252 ’κατοικίζει
3431 1187 3816 1258 μονοτρόπους
3855 1188 3921 1239 ἐν

2305 1284 2460 1355 οίκῳ.
2495 1283 2638 1353 Ἔφη
2665 1282 2720 1335 δέ
2750 1295 2852 1334 που
2876 1279 2971 1333 καὶ
2998 1281 3027 1332 6
3057 1279 3344 1340 θεσπέσιος
3384 1273 3613 1339 Ἡσαΐας
3639 1275 3784 1343 περὶ
3814 1274 3921 1327 τοῦ

2305 1373 2582 1442 ἐξαίρετον
2615 1371 2908 1433 ἀσκοῦντος
2946 1369 3088 1440 βίον·
3131 1387 3150 1419 ι
3185 1365 3554 1439 Πορευΰμενος
3597 1369 3658 1419 ὲν
3694 1367 3919 1418 δικαιο-

2309 1464 2464 1534 σύνῃ,
2510 1462 2684 1532 μισῶν
2749 1462 2980 1530 ἀνομίαν
3018 1461 3113 1514 καὶ
3154 1460 3388 1524 ἀδικίαν,
3429 1456 3656 1522 καὶτὰς
3701 1459 3916 1526 χεῖρας

2306 1554 2646 1624 ἀπεχόμενος
2691 1553 2801 1606 ἀπὸ
2837 1552 3045 1622 δώρων.
3094 1550 3352 1621 Βαρύνων
3394 1549 3460 1601 τὰ
3504 1543 3640 1612 ὦτα,
3690 1549 3794 1600 ἵνα
3831 1547 3913 1616 μὴ

2307 1643 2516 1714 ἀκούσῃ
2548 1643 2730 1713 κρίσιν
2777 1643 3026 1712 αἵματος,
3058 1640 3156 1694 καὶ
3206 1639 3360 1710 μύων
3390 1641 3518 1700 τοὺς
3551 1637 3910 1706 ὀφθαλμοὺς,

629 1758 744 1798 rem
781 1743 929 1798 omni
989 1739 1345 1793 admiratione
1371 1709 1584 1802 dignam
1607 1745 1790 1788 censet
1812 1745 1866 1788 et
1889 1709 2074 1788 beatus
2102 1735 2205 1786 Da-

2317 1737 2398 1789 ῑνα
2427 1709 2617 1806 ἴδη
2639 1709 2874 1798 ἀδικίαν,
2907 1726 3062 1795 οὗτος
3084 1709 3296 1802 οἰκήσει
3333 1733 3395 1783 ἐν
3425 1729 3613 1800 ὑψηλῷ
3642 1729 3912 1798 σπηλαίῳ

632 1834 746 1897 vid,
774 1834 851 1888 sic
882 1832 1255 1886 universorum
1287 1827 1626 1882 Salvatorem
1659 1824 1970 1892 alloquens:
2011 1841 2028 1874 ι
2054 1822 2201 1877 Beati

631 1926 724 1994 qui
760 1924 1002 1978 habitant
1031 1922 1086 1975 in
1115 1922 1271 1976 domo
1303 1929 1413 1983 tua,
1439 1918 1494 1971 in
1527 1915 1720 1970 saecula
1743 1915 2060 1969 saeculon
2087 1915 2204 1968 lau-

633 2016 839 2070 dabunt
872 2025 922 2069 te
943 2015 1009 2067 “.
1050 2033 1068 2064 ι

2311 1826 2520 1896 πέτρας
2564 1825 2788 1894 ὀχυρᾶς.
2821 1842 2841 1875 ι
2885 1823 2999 1876 Οὐκ
3041 1821 3305 1875 ἀπίθανον
3333 1822 3392 1874 δὲ
3436 1821 3531 1875 καὶ
3561 1816 3712 1872 οἶκον
3756 1819 3912 1872 δεδό-

2311 1915 2435 1967 σθαι
2468 1915 2647 1982 λέγειν
2697 1914 2849 1985 παρὰ
2882 1912 3014 1966 Θεοῦ
3046 1916 3160 1976 τοῖς
3190 1911 3366 1980 ἁγίοις
3406 1911 3506 1981 τὴν
3541 1911 3908 1979 Ἐκκλησίαν,

2309 2008 2477 2078 ἤγουν
2519 2005 2620 2070 τὰς
2650 2005 2764 2059 ἄνω
2817 2005 3015 2076 μονάς·
3048 2005 3144 2058 καὶ
3182 2005 3247 2075 δὴ
3293 2005 3390 2059 καί⁹
3429 2003 3628 2065 παντὸς
3659 2003 3817 2066 ἀξιοῖ
3847 2003 3909 2054 τὸ

634 2108 826 2179 χρῆμα
851 2107 1124 2177 θαύματος
1150 2106 1178 2158 6
1209 2104 1473 2174 μακάριος
1501 2101 1684 2166 Δαϐἰδ,
1709 2100 1851 2153 οῦτω
1909 2100 2085 2168 λέγων
2106 2100 2241 2170 πρὸς
2278 2100 2370 2154 τὸν
2403 2101 2540 2154 ὅλων
2585 2101 2813 2172 Σωτῆρα
2870 2102 2964 2154 καὶ
3036 2100 3202 2154 Θεόν’
3236 2118 3255 2150 ι
3291 2099 3570 2169 Μακάριοι
3617 2099 3664 2149 οἱ
3715 2113 3907 2150 κατοι-

633 2198 858 2262 κοῦντες
882 2202 940 2252 ἐν
969 2199 1045 2268 τῷ
1069 2197 1202 2267 οἴκῳ
1237 2210 1353 2257 σου,
1384 2197 1464 2258 είς
1485 2195 1610 2258 τοὺς
1637 2195 1840 2258 αἰῶνας
1867 2195 1976 2247 τῶν
2004 2195 2212 2248 αἰώνων
2249 2195 2522 2248 αἰνέσουσί
2544 2213 2624 2250 σε.
2662 2214 2680 2245 ι

711 2288 872 2342 Vens.
901 2289 949 2340 7.
997 2289 1067 2341 Et
1123 2298 1271 2340 erum
1329 2287 1768 2353 quenadmodum
1835 2287 2047 2354 quando
2105 2302 2206 2338 non

631 2378 930 2447 objeceram
971 2395 1078 2441 eos,
1126 2378 1252 2446 quia
1327 2393 1420 2446 ego
1492 2375 1747 2429 Dominus
1819 2375 1955 2429 Deus
2005 2389 2206 2438 eorum,

630 2477 682 2523 et
712 2467 990 2523 exaudiam
1015 2477 1185 2531 eos,et
1211 2477 1365 2520 erunt
1392 2465 1544 2535 quasi
1570 2474 1884 2534 pugnatores
1913 2465 2190 2531 Ephraim.

711 2641 879 2699 LXX.
909 2641 1160 2697 Confusis
1190 2641 1414 2696 Graecia:
1439 2639 1791 2709 sapientibus,
1827 2639 1918 2708 qui
1973 2648 2030 2692 et
2060 2640 2211 2708 equi-

639 2744 724 2791 tes
757 2735 1004 2804 appellati
1051 2743 1195 2798 sunt,
1225 2734 1655 2789 confortatnrum
1690 2742 1812 2786 sese
1836 2731 2123 2800 promittit,
2154 2741 2211 2786 et

640 2827 975 2882 habitatione
1025 2827 1346 2880 donaturum
1407 2822 1777 2877 misericordia
1832 2823 2080 2892 gavisos,
2118 2824 2211 2877 ad-

640 2921 796 2978 dens.
828 2937 848 2970 ι
895 2918 1030 2984 Quia
1066 2915 1229 2971 dilexi
1259 2929 1372 2970 eos.
1413 2933 1430 2965 ι
1461 2914 1529 2968 Et
1589 2914 1718 2985 quid
1747 2916 2094 2969 emolumenti
2145 2930 2211 2968 ex

639 3024 708 3066 eo
738 3007 1041 3080 percepturi
1073 3007 1205 3067 sint,
1236 3006 1375 3074 quod
1403 3019 1435 3058 a
1460 3005 1568 3057 Deo
1591 3004 1772 3058 dilecti
1805 3005 1934 3068 sint,
1970 3018 2210 3072 sequen—

640 3100 785 3155 tibus
813 3098 1066 3168 explanat
1101 3113 1114 3148 :
1153 3096 1314 3166 75o
1351 3113 1369 3146 ι
1395 3094 1568 3159 Sicut,
1599 3094 1793 3162 inquit,
1820 3109 1943 3149 cum
1975 3110 2080 3149 non
2114 3095 2213 3149 ab-

636 3190 874 3258 jeceram
904 3203 1016 3243 eos.
1049 3207 1069 3238 ι
1098 3187 1210 3242 Non
1246 3187 1390 3239 enim
1425 3199 1523 3239 eos
1551 3185 1765 3254 penitus
1825 3185 2058 3256 neglexi,
2122 3186 2215 3240 sed

642 3282 881 3347 visitavi,
913 3281 1074 3336 etiam
1139 3277 1398 3349 periculis
1430 3275 1824 3342 conﬂictantes,
1897 3295 1916 3327 ι
1953 3276 2088 3342 Quia
2115 3291 2215 3347 ego

643 3371 903 3430 Dominus
935 3373 1076 3426 Deus
1117 3370 1378 3438 ipsorum,
1421 3387 1439 3420 ι
1469 3371 1569 3424 hoc
1594 3377 1677 3424 est
1729 3381 1916 3424 eorum
1947 3368 2218 3438 supplices

643 3457 834 3533 p'reces
913 3463 1221 3525 exaudiam,
1285 3479 1303 3511 ι
1368 3471 1422 3514 et
1493 3471 1654 3515 erunt
1745 3468 1805 3515 ut
1889 3471 2219 3532 pugnator-es

646 3552 926 3622 Ephraim.
961 3570 981 3604 ι
1008 3552 1086 3605 Ac
1111 3549 1158 3605 si
1195 3563 1408 3603 rursum
1430 3548 1595 3615 dicat,
1621 3548 1906 3617 aliquando
1938 3564 2034 3618 per
2053 3550 2216 3604 animi

647 3656 702 3702 et
731 3647 926 3700 mentis
953 3643 1373 3700 imbecillitatem
1398 3641 1542 3697 velut
1565 3641 1817 3697 dissoluti
1866 3651 1922 3696 et
1971 3643 2219 3710 jacentes

647 3751 713 3790 eo
735 3734 846 3802 jam
874 3733 1202 3788 fortitudinis
1242 3731 1538 3801 spiritualis
1560 3730 2001 3800 progredientur,
2045 3740 2104 3784 ut
2151 3730 2220 3785 de

647 3838 843 3881 caetero
876 3824 1243 3896 Ephraimitis,
1275 3837 1502 3893 quorum
1552 3836 1747 3876 nomen
1799 3822 1851 3876 in
1910 3822 2065 3876 laude
2111 3831 2219 3888 est,

646 3917 878 3986 aequales
909 3917 1214 3979 videantur,
1277 3915 1381 3970 hoc
1433 3921 1515 3968 est
1567 3913 1632 3968 de
1683 3928 1882 3982 genere
1914 3911 2221 3968 Iudaeorum

648 4007 926 4078 aposmlis,
951 4015 1004 4060 et
1025 4005 1389 4072 evangelistis-
1416 4004 1480 4058 Hi
1508 4003 1652 4057 enim
1675 4004 1959 4059 bellatores
1985 4005 2220 4069 fuerunt,

648 4098 1010 4169 intelligentia:
1032 4111 1134 4151 non
1163 4097 1342 4149 sensui
1397 4103 1662 4164 patentes,
1701 4106 2072 4167 oppugnantes
2121 4097 2222 4150 ini-

651 4191 842 4252 micos,
868 4187 1119 4242 ferientes
1148 4187 1510 4251 adversarios,
1538 4197 1593 4240 et
1659 4187 1931 4242 vincentes
1965 4204 1983 4238 ι
2019 4188 2221 4255 princi-

2380 2287 2490 2341 Kal
2517 2287 2689 2341 ἔσται
2729 2286 2802 2339 ὃν
2843 2286 3068 2353 τρόπον
3105 2285 3216 2339 οὐκ
3272 2283 3747 2352 ἀπεστρεψάμην
3791 2285 3902 2339 αὐ-

2310 2377 2473 2443 τοὺς,
2524 2378 2672 2431 διότι
2721 2377 2836 2446 ὲτὼ
2861 2378 3076 2444 Κύριος
3118 2379 3151 2429 ὁ
3195 2376 3339 2440 Θεὸς
3389 2373 3608 2438 αὐτῶν,
3637 2374 3741 2426 καὶ
3790 2375 3902 2427 ἐπ-

2309 2469 2646 2538 ακούσομαι
2692 2467 2910 2530 αὐτῶν,
2938 2466 3040 2520 και
3083 2466 3328 2520 ἔσονται
3373 2465 3455 2530 ὡς
3490 2463 3757 2533 μαχηταί
3786 2464 3900 2517 τοῦ

2329 2560 2595 2628 Ἐφραῒμ.

2387 2653 2465 2703 0'.
2494 2648 2985 2719 Κατῃσχυμμὲνων
3013 2648 3124 2702 τῶν
3161 2647 3289 2717 παρ’
3317 2645 3545 2716 Ἕλλησι
3566 2647 3661 2698 καὶ
3692 2646 3898 2714 σοφῶν,

2314 2743 2365 2794 οἳ
2396 2741 2490 2793 καὶ
2517 2741 2703 2801 ἱππεῖς
2732 2738 3146 2809 ὠνομάσθησαν,
3174 2736 3524 2807 κατισχύσειν
3553 2737 3896 2805 ἐπαγγέλλε-

2316 2849 2426 2895 ται,
2469 2830 2564 2882 καὶ
2610 2829 2944 2881 κατοικίσειν
2989 2829 3115 2890 τοὺς
3170 2826 3542 2896 ὴλεημένους,
3588 2827 3894 2896 ἐπιφέρων,

2321 2939 2340 2970 ι
2377 2921 2501 2972 Ὅτι
2552 2918 2818 2988 ἠγάπηκα
2842 2916 3074 2980 ἀύτούς.
3119 2934 3138 2967 ι
3184 2916 3295 2969 Καὶ
3337 2915 3390 2968 τί
3436 2913 3792 2984 κερδανοῦσιν
3834 2915 3899 2966 ἑκ

2314 3013 2406 3067 τοῦ
2455 3012 2770 3082 ὴγαπῆσθαι
2825 3010 2972 3082 παρὰ
3023 3008 3194 3074 Θεοῦ,
3249 3008 3666 3079 διερμηνεύεται
3712 3008 3896 3070 πάλιν,

2321 3122 2340 3156 ι
2377 3104 2607 3174 Ὥσπερ,
2651 3102 2840 3172 φησὶν,
2874 3103 2960 3155 ὅτε
2997 3102 3097 3154 οὐκ
3139 3099 3567 3170 ἀπεστρεψάμην
3610 3099 3831 3162 αὐτούς.
3873 3120 3891 3149 ι

2317 3197 2392 3249 υύ
2415 3195 2521 3267 γὰρ
2555 3196 2826 3266 περιεῖδον
2850 3197 2930 3258 είς
2953 3195 3120 3257 ἅπαν,
3146 3192 3535 3261 ἐπεσκεψάμην
3557 3191 3615 3244 δὲ
3647 3191 3896 3244 κεκινδυ-

2316 3287 2597 3350 νευκότας,
2627 3286 2762 3338 διότι
2797 3284 2907 3353 ἐγὼ
2952 3283 3156 3355 Κύριος
3178 3285 3207 3337 6
3231 3284 3362 3347 Θεὸς
3398 3281 3599 3344 αὐτῶν,
3653 3283 3898 3335 τουτέστι

2319 3378 2618 3448 ποιήσομαι
2645 3375 2837 3438 δεκτὰς
2864 3375 2962 3438 τὰς
2994 3373 3123 3444 παρ’
3159 3373 3339 3427 αὐτῶν
3363 3372 3535 3436 λιτὰς,
3562 3371 3656 3425 καὶ
3687 3372 3898 3425 ἔσονται

2320 3468 2396 3530 ὡς
2436 3468 2676 3538 μαχηταὶ
2703 3465 2796 3520 τοῦ
2840 3464 3099 3535 Ἐφραῖμ.
3135 3483 3154 3515 ι
3186 3465 3411 3535 Ὅμοιον
3444 3464 3520 3527 ὡς
3541 3465 3589 3516 εί
3617 3462 3772 3530 λέγοι
3794 3463 3897 3516 πι-

2320 3557 2434 3611 λιν’
2473 3557 2527 3610 οἵ
2577 3572 2707 3609 ποτε
2759 3554 2849 3608 διὰ
2881 3555 2974 3608 νοῦ
3015 3554 3112 3608 καὶ
3161 3553 3359 3624 φρενὸς
3402 3554 3690 3607 ἀσθένειαν
3737 3555 3898 3607 οἱονεὶ

2322 3646 2644 3717 παρειμένοι
2668 3662 2728 3698 τε
2750 3645 2844 3698 καὶ
2874 3645 3137 3714 κείμενοι,
3167 3643 3350 3714 ἰσχύος
3377 3645 3457 3707 είς
3490 3645 3647 3696 τοῦτο
3673 3643 3776 3712 ἢδη
3801 3643 3894 3712 τῆς

2321 3738 2697 3808 πνευματικῆς
2727 3737 3106 3807 ὲνεχθήσονται
3135 3736 3210 3798 ὡς
3231 3735 3333 3806 ήδη
3355 3744 3470 3798 πως
3497 3737 3553 3788 ὲν
3581 3736 3682 3805 [σῳ
3704 3733 3896 3803 τετάχ-

2321 3833 2413 3886 θαι
2444 3833 2620 3885 δοκεῖν
2675 3832 2785 3892 τοῖς
2813 3829 2872 3895 ἑξ
2915 3826 3155 3899 Ἐφραῖμ
3187 3827 3612 3898 ηὑδοκιμηκύσι,
3649 3827 3890 3880 τουτέστι

2321 3925 2436 3984 τοῖς
2461 3921 2520 3985 ἐξ
2564 3919 2830 3972 Ἰουδαίων
2877 3917 3195 3980 ἀποστόλοις
3235 3935 3296 3970 τε
3337 3917 3432 3971 καὶ
3461 3917 3890 3985 εύαγγελισταίς.

2324 4011 2580 4082 Mummi.
2607 4009 2717 4080 γὰρ
2741 4009 2788 4062 οἱ
2817 4009 3007 4062 τοιοίδε
3037 4007 3294 4076 γεγόνασι
3333 4007 3534 4078 νοητοὶ,
3570 4005 3894 4060 καταθλοῦν-

2322 4117 2414 4165 τες
2448 4099 2678 4171 ὲχθρῶν,
2709 4099 2992 4170 βάλλοντος
3027 4099 3154 4162 τοὺς
3186 4098 3557 4160 ὑπεναντίους,
3580 4097 3674 4150 καὶ
3700 4096 3894 4150 νικῶν-

2323 4210 2414 4255 τες
2438 4192 2537 4262 μὲν
2566 4211 2585 4242 ι
2620 4190 2815 4262 ἀρχὰς,
2841 4191 3099 4262 δυνάμεις
3125 4207 3182 4243 τε
3210 4191 3305 4244 καὶ
3327 4189 3677 4260 κυριότητας,
3706 4189 3800 4242 καὶ
3826 4188 3893 4241 τὰ

651 4291 830 4349 palus,
864 4287 1176 4348 potestates,
1230 4285 1284 4330 et
1348 4276 1765 4341 dominationes,
1819 4285 1875 4331 et
1923 4277 2214 4346 spiritualia

2325 4282 2666 4352 πνευματικὰ
2710 4282 2810 4353 τῆς
2854 4282 3138 4352 πονηρίας,
3173 4299 3192 4332 ι
3231 4279 3561 4350 κρατοῦντες
3599 4280 3657 4334 δὲ
3689 4280 3894 4350 ἀμαχεὶ

649 4371 901 4441 nequitia:
925 4372 990 4434 δ’,
1030 4388 1048 4420 ι
1083 4377 1137 4422 et
1170 4381 1336 4423 sacrae
1359 4366 1764 4436 praedicationis
1784 4365 2124 4423 adversarios
2145 4369 2226 4422 ci-

652 4472 732 4516 tra
767 4475 997 4532 pugnam
1035 4467 1373 4527 superantes.
1397 4458 1642 4513 Fuerunt
1671 4458 1801 4513 item
1849 4473 1914 4513 ex
1984 4460 2224 4527 gentium

648 4553 858 4623 pepulis
886 4549 1058 4604 vocati
1078 4564 1172 4618 per
1202 4549 1359 4605 fidem
1381 4550 1449 4604 ad
1499 4549 1830 4620 agnitionem
1879 4547 2080 4604 Christi
2123 4550 2225 4604 viri

651 4643 850 4707 sancti,
881 4650 934 4694 et
975 4639 1163 4710 spiritu
1216 4638 1310 4693 Dei
1360 4639 1524 4710 pleni,
1570 4650 1622 4694 et
1658 4650 1910 4709 tanquam
1940 4641 2226 4696 bellatores

650 4732 928 4802 Ephraim.
951 4729 1244 4785 Bellatores
1270 4730 1410 4784 enim
1442 4729 1654 4783 fuerunt
1683 4745 1699 4782 :
1730 4745 1826 4797 pro
1845 4729 2046 4784 viribus
2070 4744 2224 4783 nam-

651 4836 757 4892 que
787 4820 1149 4890 apostolorum
1195 4821 1406 4876 vivendi
1471 4835 1659 4890 genns,
1701 4821 2023 4890 illorumque
2051 4823 2223 4874 virtu-

654 4923 759 4966 tem
787 4911 975 4965 iisdem
1006 4911 1249 4979 vestigiis
1276 4911 1574 4966 incedendo
1593 4911 1935 4976 aemulantes,
1967 4912 2068 4980 ipsi
2093 4925 2225 4980 quo-

653 5014 758 5070 que
792 5000 1257 5070 intrepidecontra
1295 5001 1547 5055 veritatis
1599 5001 1867 5068 inimicos,
1926 5007 2226 5070 contraque

652 5089 783 5144 vitia
818 5098 1115 5161 cypeccata
1150 5091 1512 5145 decertarunt.

723 5180 798 5234 Et
824 5181 1090 5235 (relabitur
1105 5197 1194 5233 cor
1215 5197 1390 5234 eorum
1411 5183 1560 5251 quasi
1589 5185 1642 5235 in
1670 5183 1806 5247 vino,
1835 5189 1884 5233 et
1909 5179 2010 5246 ﬁlii
2042 5195 2223 5232 eorum

660 5273 918 5339 videbunt,
944 5285 990 5326 et
1023 5272 1362 5338 (relabuntur,
1385 5286 1431 5327 et
1456 5275 1703 5345 gaudebit
1724 5287 1813 5325 cor
1832 5286 2012 5325 eorum
2046 5271 2102 5325 in
2123 5271 2225 5324 Do-

656 5365 816 5418 mitia.

741 5623 952 5683 “llam.
984 5643 1047 5696 ιι,
1077 5628 1149 5683 25
1177 5642 1332 5697 seqq.
1449 5627 1491 5661 ³³
1517 5625 1658 5680 Psal.
1689 5641 1817 5692 cm,
1849 5626 1902 5680 9.

2000 5627 2164 5682 "*“lsa.
2199 5644 2390 5697 xxxut,
2426 5631 2515 5697 l5,
2558 5635 2636 5687 l6.
2727 5634 2769 5666 ’δ’
2797 5631 2940 5686 Psal.
2973 5647 3198 5696 Luam,
3235 5632 3290 5688 5.

2322 4373 2429 4425 τῶν
2463 4371 2876 4443 ἀνθεπηκάτων
2903 4374 3017 4434 τοῖς
3056 4371 3223 4433 ὁσίοις
3257 4370 3596 4440 κηρύγμασι.
3634 4369 3892 4437 Γεγόνασι

2321 4463 2378 4517 δὲ
2421 4463 2517 4516 καὶ
2560 4465 2625 4516 ἐκ
2665 4463 2762 4533 τῆς
2812 4461 2920 4514 τῶν
2953 4461 3123 4514 ἐθνῶν
3167 4460 3408 4531 πληθύος
3455 4460 3778 4530 κεκλημένοι
3807 4459 3892 4512 διὰ

2325 4555 2560 4618 πίστεως
2589 4555 2668 4617 είς
2702 4552 2998 4620 ἐπίγνωσιν
3015 4551 3110 4606 τοῦ
3132 4551 3392 4622 Χριστοῦ,
3422 4553 3612 4618 ἄνδρες
3635 4552 3777 4619 ἅγιοι
3798 4552 3894 4604 καὶ

2326 4642 2784 4714 πνευματοφόροι,
2819 4642 2913 4695 καὶ
2941 4641 3017 4703 ὼς
3061 4641 3303 4718 μαχηταὶ
3329 4640 3426 4693 τοῦ
3476 4641 3734 4712 Ἐφρατμ.
3771 4641 3891 4694 Μαι

2325 4734 2488 4806 χηταὶ
2516 4733 2623 4803 γὰρ
2645 4733 2900 4801 γεγόνασι
2919 4745 2936 4762 °
2959 4731 3102 4785 κατὰ
3133 4731 3242 4801 γὰρ
3270 4730 3332 4784 τὸ
3359 4731 3634 4802 ἐγχωροῦν
3659 4732 3760 4802 τὴν
3785 4730 3894 4784 τῶν

2323 4823 2636 4879 ἀποστόλων
2661 4823 2956 4888 πολιτείαν,
2992 4823 3087 4876 καὶ
3113 4821 3211 4893 τὴν
3239 4821 3465 4876 ἐκείνων
3493 4820 3891 4892 ίχνηλατοῦντες

2325 4914 2524 4984 ἀρετὴν
2547 4913 2966 4985 κατηνδρίσαντο
2994 4914 3090 4966 καὶ
3120 4913 3292 4977 αὐτοὶ,
3323 4911 3465 4965 κατὰ
3497 4912 3606 4964 τῶν
3634 4914 3733 4982 τῆς
3761 4913 3892 4983 ἀλη-

2326 5001 2474 5068 θείας
2512 5005 2743 5077 ἐχθρῶν,
2781 5008 2876 5060 καὶ
2915 5005 3124 5071 παθῶν,
3157 5004 3249 5057 καὶ
3285 5003 3580 5073 ἁμαρτίας.

2393 5179 2505 5234 Kal
2541 5180 2868 5250 χαρήσεται
2913 5184 2949 5249 ἡ
2995 5184 3208 5253 καρδία
3238 5181 3437 5236 αὐτῶν
3487 5182 3568 5246 ὡς
3615 5180 3684 5232 ἐν
3731 5182 3886 5247 οῖνφ.

2326 5276 2424 5329 καί
2463 5275 2537 5328 τὰ
2591 5271 2773 5330 τέκνα
2825 5275 3024 5330 αὐτῶν
3077 5276 3349 5344 ὄψονται,
3405 5275 3504 5328 καί
3565 5274 3890 5341 εὐφρανθή-

2327 5379 2558 5426 σονται,
2616 5363 2714 5417 καὶ
2766 5363 3050 5432 χαριεῖται
3098 5363 3137 5429 ἡ
3185 5363 3397 5431 καρδία
3444 5359 3639 5416 αὐτῶν
3688 5360 3781 5414 ἐπὶ
3816 5359 3891 5420 τῷ

2329 5453 2538 5521 Κυρίῳ.

3404 5633 3448 5664 ⁸⁸
3473 5631 3672 5702 Ephes.
3699 5645 3768 5698 vi,
3803 5629 3880 5683 l2.
