4120 6588
584 346 682 400 171

577 541 832 597 magnum
871 533 925 579 et
962 525 1194 593 insigne,
1221 521 1959 592 cruxSalvatoris,perquod
1983 520 2145 573 etiam

577 614 790 684 accepti
829 613 1101 668 evasimus
1134 612 1242 665 Deo
1269 621 1325 666 et
1372 611 1540 665 Patri.
1574 609 1844 665 Praeterea
1887 607 2145 676 redempti

576 720 789 769 sumus,
828 705 966 759 etin
995 700 1397 758 multitudinem
1427 701 1751 755 immensam
1790 698 2143 760 excrevimus,

578 794 674 864 qui
719 793 1067 849 credidimus.
1101 788 1239 855 Quia
1286 804 1417 844 vero
1462 789 1703 859 adjecit,
1727 805 1746 840 ι
1777 788 1845 843 Et
1873 788 2149 844 seminabo

576 899 672 940 eos
704 886 758 939 in
802 882 1033 953 p0pulis,
1072 890 1127 936 et
1174 880 1331 950 longe
1379 880 1644 935 distantes
1678 881 1744 936 ab
1775 880 1880 935 illis
1908 879 2147 941 venient,

577 984 635 1030 et
674 971 1101 1027 recordabuntur
1137 969 1268 1033 mei,
1300 987 1320 1020 ι
1360 984 1576 1023 rursum
1608 968 1735 1023 illud
1765 968 2009 1029 dicimus,
2051 981 2151 1021 nec

579 1064 635 1119 id
677 1078 707 1117 a
747 1077 912 1128 scopo
950 1061 1293 1124 aberrantes,
1332 1058 1567 1111 multum
1587 1058 1728 1112 enim
1760 1056 2152 1127 probabilitatis

579 1152 763 1207 habet.
791 1150 952 1220 752
975 1149 1136 1214 Quasi
1162 1147 1498 1202 disseminati
1524 1157 1649 1201 sunt
1673 1147 1725 1201 in
1768 1146 1951 1201 multis
1979 1146 2153 1214 genti-

580 1244 685 1299 bus
720 1250 774 1296 et
805 1242 857 1295 in
886 1239 1033 1294 omni
1074 1239 1301 1307 regione
1348 1246 1511 1305 atque
1542 1236 1676 1292 urbe
1707 1236 1871 1292 divini
1901 1235 2150 1304 discipuli

580 1341 638 1386 et
668 1330 940 1398 Evangelii
971 1342 1267 1396 praecones,
1292 1326 1691 1394 ell'eceruntque
1719 1334 1777 1379 ut
1805 1324 2151 1380 remotissimi

578 1437 610 1476 a
636 1420 772 1485 Deo,
813 1428 1035 1488 propter
1073 1418 1453 1487 interpositum
1493 1424 1773 1487 peccatum
1804 1424 1859 1471 et
1888 1430 2149 1481 errorem,

583 1515 998 1572 recordarentnr
1061 1512 1251 1582 ipsius,
1294 1520 1349 1567 et
1394 1511 1765 1565 universorum
1818 1506 2152 1563 Salvatorem

580 1623 644 1663 ac
681 1614 1110 1677 procreatorem,
1140 1604 1388 1674 quamvis
1413 1602 1703 1671 aliquando
1728 1609 2032 1654 creaturam
2058 1611 2154 1665 pro

578 1697 803 1753 numine
832 1694 1151 1758 coluissent,
1181 1702 1238 1749 et
1261 1694 1381 1748 ideo
1411 1691 1649 1746 amicitia
1678 1689 1773 1743 Dei
1806 1688 2149 1750 excidissent,

1556 328 1626 391 ‘s.
1653 317 1940 391 ‘Cvmtu
1984 318 2449 389 ALEXANDRINI
2491 318 2805 382 ancnnizr.
3408 410 3417 417 ἃ

579 439 721 507 piam
775 448 889 489 eos.
936 451 954 485 ι
1020 431 1322 486 Excitatum
1388 440 1469 484 est
1517 431 1659 483 enim
1723 430 1880 484 nobis
1937 429 2152 496 signum

2259 426 2319 477 ἐκ
2359 422 2453 475 τοῦ
2500 421 2744 489 γίνεσθαι
2794 420 3092 487 πεφυκότος
3128 420 3351 487 νδέχεται
3396 422 3496 489 τὴν
3549 418 3865 489 ὁμοίωσιν.

2256 534 2273 564 ι
2303 512 2537 583 Σημανῶ
2578 511 2708 582 γὰρ,
2740 510 2935 581 φησὶν,
2979 512 3198 573 αὐτοῖς,
3233 512 3326 563 καὶ
3382 509 3700 579 εἰσδέξομαι
3744 508 3861 561 αὖ-

2247 600 2390 663 τούς.
2419 618 2437 649 ι
2484 600 2812 670 Ἐγήγερται
2841 600 2951 670 γὰρ
2982 602 3203 669 σημεῖον
3228 601 3362 668 ἡμῖν
3400 599 3542 669 μέγα
3587 597 3692 649 καὶ
3722 598 3863 648 ἐπι-

2249 692 2414 762 φανὲς
2451 693 2480 745 6
2513 690 2607 744 τοῦ
2646 692 2897 762 Σωτῆρος
2928 690 3179 762 σταυρὸς,
3212 690 3279 744 δι’
3305 684 3365 745 οὗ
3398 690 3493 744 καὶ
3524 688 3862 758 γεγόναμεν

2248 782 2426 837 δεκτοὶ
2462 782 2538 853 τῷ
2575 781 2695 853 Θεῷ
2735 782 2830 835 καὶ
2864 782 3059 853 Πατρί.
3090 781 3201 835 Kal.
3232 781 3336 852 μὴν
3371 782 3464 834 καὶ
3495 779 3859 851 ἐκλελυτρώ-

2254 873 2411 944 μεθα,
2439 874 2533 927 καὶ
2560 876 2638 936 εἰς
2673 872 2885 943 πληθὺν
2918 872 3227 944 ἀμέτρητον
3263 872 3637 944 ἐξεδράμομεν
3658 872 3719 923 οἰ
3750 879 3861 923 στεα-

2253 966 2621 1031 πιστευκότες.
2656 965 2872 1035 Ἐπειδὴ
2894 965 2951 1018 δὲ
2976 964 3335 1035 προσέθηκεν,
3362 964 3443 1017 ὅτι
3473 984 3489 1014 ι
3515 965 3626 1017 Καὶ
3655 959 3860 1031 σπερῶ

2248 1058 2449 1119 αὐτοὺς
2486 1059 2544 1109 ὲν
2580 1056 2758 1119 λαοῖς,
2791 1056 2885 1109 καὶ
2915 1058 2965 1107 oi.
3004 1057 3220 1126 μακρὰν
3257 1055 3352 1109 ἀπ’
3400 1054 3580 1107 αύτῶν
3608 1052 3813 1123 ἥξουσι
3836 1092 3853 1114 ,

2253 1147 2347 1199 καὶ
2378 1146 2776 1216 μνησθήσονται
2806 1161 2931 1215 μου.
2954 1164 2972 1197 ι
3006 1145 3168 1200 πάλιν
3192 1144 3365 1198 ἐκεῖνό
3389 1156 3590 1214 φαμεν,
3612 1143 3722 1197 καὶ
3746 1144 3858 1194 οῦκ

2253 1237 2361 1290 ἀπὸ
2402 1234 2627 1291 σκοποῦσ
2662 1237 2798 1290 πολὺ
2828 1236 2937 1307 γὰρ
2982 1236 3095 1307 ἔχει
3134 1235 3195 1289 τὸ
3222 1235 3368 1300 εἰκὸς
3400 1236 3429 1287 6
3466 1234 3643 1302 λόγος.
3690 1235 3853 1286 Κατ-

2258 1328 2580 1400 εσπάρησαν
2633 1329 2744 1399 γὰρ
2802 1327 2993 1399 ὥσπερ
3047 1330 3105 1380 ἐν
3154 1328 3364 1391 πολλοῖς
3416 1327 3594 1379 έθνεσι
3641 1327 3745 1378 καὶ
3790 1328 3855 1378 ἐν

2253 1422 2438 1493 ἁπάσῃ
2482 1422 2539 1474 δὲ
2598 1421 2755 1492 χώρᾳ
2809 1421 2905 1476 καὶ
2959 1422 3110 1475 πόλει
3165 1424 3214 1475 οἰ
3249 1422 3527 1475 θεσπέσιοι
3599 1418 3853 1490 μαθηταὶ

2255 1513 2348 1565 καί
2380 1512 2489 1565 τῶν
2522 1511 2683 1567 θείων
2728 1512 3076 1580 Εὑαγγελίων
3116 1514 3386 1583 κήρυκες,
3424 1511 3519 1564 καὶ
3547 1510 3679 1572 τοὺς
3714 1509 3853 1561 ἀπο-

2254 1602 2401 1655 τάτω
2426 1602 2719 1670 γεγονότας
2746 1601 2882 1655 Θεοῦ
2910 1600 2998 1655 διὰ
3026 1601 3125 1671 τὴν
3166 1600 3615 1671 μεσολαϐήσασαν
3656 1598 3852 1667 ἀμαρ-

2255 1691 2375 1743 τίαν
2398 1691 2585 1743 τεκαὶ
2618 1690 2827 1760 πλάνην
2858 1690 3160 1760 μνησθῆναί
3189 1707 3246 1742 τε
3272 1689 3457 1753 αὐτοῦ,
3476 1689 3583 1743 ’καὶ
3609 1689 3693 1751 εἰς
3723 1685 3853 1740 νοῦν

580 1789 763 1844 animo
804 1787 1317 1855 complecterentur.
1364 1784 1552 1851 Itaque
1583 1782 1798 1835 divinus
1828 1778 2029 1834 Paulus
2059 1791 2154 1846 per

2260 1781 2401 1835 έλετν
2439 1757 2871 1851 παρεσκεύασαν
2896 1757 2988 1835 τδν
3019 1757 3131 1835 τῶν
3175 1781 3312 1834 ὅλων
3344 1780 3583 1851 Σωτῆρα
3616 1778 3718 1832 καὶ
3752 1794 3848 1846 γε-

582 1882 757 1949 ipsum
816 1887 1037 1934 vocatos
1086 1876 1140 1930 in
1193 1874 1524 1945 agnitionem
1572 1872 1777 1927 Christi
1827 1870 2106 1939 alloquens
2138 1907 2153 1933 ,

588 1990 608 2022 ι
636 1969 791 2025 Nunc
824 1977 1004 2023 autem
1052 1981 1171 2032 vos,
1228 1964 1424 2035 inquit,
1472 1964 1564 2033 qui
1614 1962 1905 2032 aliquando
1948 1960 2155 2031 procul,

583 2060 713 2116 lacti
755 2060 886 2115 estis
927 2072 1096 2127 prope
1117 2057 1183 2109 ⁸⁸.
1214 2075 1234 2108 ι
1264 2055 1491 2109 Venient
1533 2056 1698 2126 igitur
1741 2065 2007 2108 memores
2040 2052 2153 2105 Dei.

581 2144 700 2201 Non
727 2144 987 2199 dissimile
1016 2142 1268 2212 quiddam
1302 2142 1461 2197 nobis
1499 2142 1693 2197 beatus
1723 2142 1981 2212 pr0pheta
2005 2139 2159 2195 Jere-

584 2237 723 2291 mias
752 2234 1010 2299 insinuat,
1040 2232 1181 2287 velut
1212 2230 1464 2287 lsraelem
1496 2231 1778 2301 alloquens
1805 2250 1817 2285 :
1856 2249 1875 2283 ι
1904 2232 2004 2298 Qui
2034 2245 2157 2299 pro-

584 2326 671 2381 cnl
710 2324 846 2380 estis
875 2322 1236 2379 recordamini
1267 2322 1505 2389 Domini,
1535 2331 1589 2376 et
1613 2320 1921 2377 Jerusalem
1967 2335 2158 2377 ascen-

582 2418 675 2472 dat
706 2416 757 2471 in
788 2430 901 2470 ‘cor
946 2423 1184 2470 vestrum
1204 2414 1269 2468 ".
1300 2432 1319 2464 ι
1349 2412 1501 2476 Quod
1536 2412 1579 2467 si
1620 2413 1842 2468 omnino
1895 2412 2033 2482 ejus,
2066 2414 2155 2482 qui

582 2516 665 2563 est
701 2515 892 2561 natura
943 2506 1104 2569 Deus,
1150 2518 1419 2560 memores
1460 2501 1682 2569 fuerint,
1732 2513 1883 2570 tunc,
1923 2512 2052 2558 tunc
2091 2502 2159 2557 ad

581 2597 860 2668 spirituale
886 2597 1051 2653 robur
1086 2604 1263 2649 tantos
1309 2609 1632 2664 progressus
1662 2594 1956 2659 habebunt,
2000 2604 2059 2648 ut
2105 2602 2161 2648 et

582 2690 724 2743 tilios
765 2695 1046 2757 generem,
1086 2694 1142 2741 et
1168 2685 1513 2740 sermonibus
1558 2684 1774 2754 pietatis
1805 2699 1935 2740 suos
1962 2684 2160 2740 liberos

584 2780 883 2845 enutriant,
914 2787 968 2833 et
1000 2778 1053 2832 in
1097 2777 1201 2831 hoc
1227 2775 1343 2846 ipso
1375 2775 1696 2845 glorientur.
1725 2774 1926 2830 Scribit
1956 2785 2009 2832 et
2034 2776 2160 2830 bea-

589 2885 675 2928 tus
709 2870 908 2926 Paulus
937 2885 1032 2939 per
1064 2871 1237 2939 ipsum
1288 2868 1555 2934 educatis,
1596 2878 1650 2921 et
1679 2869 1731 2922 in
1772 2867 1950 2922 virum
1982 2867 2159 2935 perl‘e-

586 2975 731 3020 ctum
775 2970 937 3031 atque
991 2961 1047 3015 in
1094 2968 1308 3013 aetatem
1359 2957 1705 3026 plenitudinis
1750 2956 1947 3011 Christi
1989 2958 2160 3011 addu-

2259 1873 2609 1944 νεσιουργδν,
2653 1872 2831 1927 καίτοι
2881 1873 3047 1927 πάλαι
3095 1875 3160 1943 τῇ
3214 1872 3389 1925 κτίσει
3425 1871 3484 1924 τὸ
3537 1870 3704 1932 σέϐας
3752 1869 3848 1922 ἀν-

2259 1965 2562 2028 άπτοντας,
2606 1964 2863 2036 ταύτῃτοι
2893 1963 2989 2018 καὶ
3024 1964 3122 2035 τῆς
3168 1963 3304 2034 πρὸς
3329 1961 3462 2016 Θεδν
3511 1961 3848 2031 οἰκειάτητος

2259 2054 2744 2125 ἐκπεφοιτηκότας.
2776 2056 2886 2109 Καὶ
2922 2056 3052 2125 γοῦν
3084 2056 3113 2108 6
3156 2055 3444 2118 θεσπέσιος
3480 2052 3693 2117 Παῦλος
3734 2056 3850 2114 τοῖς

2258 2148 2326 2200 δι’
2368 2147 2533 2200 αὑτοῦ
2577 2146 2936 2216 κεκλημένοις
2993 2148 3072 2208 εἰς
3109 2146 3404 2214 ἐπίγνωσιν
3464 2144 3558 2196 τοῦ
3601 2143 3847 2217 Χριστοῦ

2261 2237 2638 2309 προσεφώνει,
2668 2238 2869 2307 λέγων’
2908 2255 2926 2290 t
2956 2238 3093 2292 ’Νυνὶ
3122 2237 3179 2290 δὲ
3209 2237 3386 2307 ὑμεῖς,
3431 2236 3486 2288 οἴ
3529 2252 3659 2288 ποτε
3692 2234 3847 2296 ὄντες

2264 2328 2498 2399 μακράν,
2522 2326 2815 2398 ἐγενήθητε
2846 2326 3031 2395 ἐγγύς.
3058 2345 3074 2376 ι
3100 2326 3329 2392 ’Ήξουσι
3358 2324 3425 2395 δὴ
3449 2319 3544 2378 οῦν
3577 2323 3848 2394 μνησθέν-

2259 2436 2353 2481 τες
2385 2417 2478 2471 τοῦ
2510 2418 2667 2473 Θεοῦ.
2697 2418 2889 2472 Καίτοι
2920 2416 3160 2470 τοιοῦτον
3194 2418 3325 2487 ἡμῖν
3353 2419 3382 2469 6
3415 2415 3685 2487 μακάριος
3718 2430 3849 2485 προ-

2271 2510 2447 2580 φήτης
2486 2508 2754 2579 Ἱερεμίας
2802 2509 3206 2571 ὑπαινίττεται,
3258 2508 3434 2575 λέγων
3474 2508 3548 2570 ὡς
3590 2506 3727 2577 πρός
3780 2522 3843 2574 γε

2261 2599 2352 2652 τὸν
2390 2598 2642 2669 Ἰσραηλ’
2682 2615 2699 2648 ι
2732 2599 2794 2651 Οἱ
2851 2598 3143 2670 μακρόθεν,
3185 2596 3457 2669 μνήσθητε
3488 2613 3582 2650 του
3610 2596 3844 2666 Κυρίου,

2262 2690 2355 2744 καὶ
2393 2689 2750 2760 Ἰερουσαλὴμ
2793 2690 3048 2760 ἀναϐήτω
3078 2690 3137 2742 ἐν
3172 2691 3238 2760 τῇ
3282 2688 3477 2760 καρδίᾳ
3520 2686 3698 2758 ὑμῶν,
3722 2705 3740 2739 ι
3782 2686 3846 2738 Εἰ

2261 2776 2316 2830 δὲ
2347 2777 2410 2847 δὴ
2458 2779 2712 2847 μνησεϊεν
2745 2778 2821 2847 (1)
2863 2779 3000 2842 ὅλως
3030 2777 3124 2832 τοῦ
3160 2777 3303 2833 κατά
3334 2778 3491 2847 φύσιν
3521 2775 3680 2840 Θεοῦ,
3721 2776 3845 2828 τότε

2261 2868 2345 2938 δὴ,
2368 2871 2489 2920 τότε
2516 2869 2611 2921 καὶ
2640 2870 3016 2941 πνευματικῆς
3038 2871 3341 2942 εὐρωστίας
3368 2868 3680 2939 βαδιοῦνται
3708 2869 3847 2940 πρὸς

2262 2957 2443 3025 τοῦτο,
2474 2958 2615 3012 ὥστε
2658 2961 2754 3013 κα)⁸
2785 2963 2993 3017 τέκνων
3041 2963 3237 3026 αὐτοὺς
3266 2961 3520 3031 γενέσθαι
3568 2960 3843 3029 πατέρας,

585 3054 690 3111 clis
730 3052 799 3117 δ’,
837 3052 949 3120 jam
999 3048 1238 3119 quidem,
1281 3045 1569 3121 [Gaudium
1612 3055 1667 3103 et
1702 3061 1902 3103 corona
1938 3062 2053 3103 mea
2091 3047 2154 3121 δ’]

2268 3050 2360 3103 καὶ
2381 3051 2495 3113 τοῖς
2522 3052 2601 3114 εἰς
2628 3052 2910 3109 εὐσέϐειαν
2933 3053 3112 3123 λόγοις
3135 3054 3396 3126 ἐκθρέψαι
3422 3053 3489 3107 τὰ
3521 3052 3627 3106 ι’δια
3656 3051 3844 3114 τέκνα,

582 3147 717 3216 iam,
775 3162 793 3195 ι
829 3142 931 3198 Per
984 3152 1222 3198 vestram
1270 3139 1644 3211 gloriationem
1684 3155 1843 3210 quam
1884 3141 2057 3196 habeo
2109 3142 2154 3194 in

2269 3146 2364 3197 καὶ
2398 3145 2485 3196 ἐπ’
2505 3143 2656 3215 αὐτῷ
2690 3145 2755 3218 δὴ
2792 3146 2967 3217 τούτῳ
3000 3147 3379 3217 σεμνύνεσθαι.
3412 3147 3620 3216 Γράφει
3650 3143 3709 3197 δέ
3742 3161 3845 3197 που

584 3237 804 3293 Christo
832 3234 958 3291 Jesu
983 3235 1063 3289 ὀι
1096 3254 1113 3284 ι
1137 3264 1208 3274 ——
1229 3250 1247 3284 ι
1277 3231 1486 3287 Corona
1517 3232 1660 3287 enim
1685 3247 1874 3288 senum
1906 3231 1999 3285 lilii
2028 3232 2161 3286 lilio-

585 3345 746 3395 rnm,
794 3336 853 3383 ut
900 3328 1163 3397 scriptum
1217 3324 1365 3380 est"
1412 3340 1429 3379 :
1476 3324 1646 3394 gloria
1697 3333 1877 3379 autem
1927 3322 2158 3378 ﬁliorum

585 3429 768 3491 patres
802 3420 1060 3489 ipsorum.
1095 3435 1114 3468 ι

2268 3233 2361 3285 καὶ
2389 3234 2417 3284 6
2444 3232 2731 3299 θεσπέσιος
2759 3235 2970 3300 Παῦλος
2997 3240 3112 3299 τοῖς
3141 3236 3208 3289 δι’
3234 3236 3395 3289 αὑτοῦ
3422 3236 3844 3307 τεθραμμένοις,

2266 3325 2360 3378 καὶ
2390 3327 2471 3388 εἰς
2509 3326 2678 3397 ἄνδρα
2709 3327 2912 3381 τέλειον
2945 3327 3342 3400 ἀναϐεϐηκόσι,
3394 3329 3485 3382 καὶ
3522 3330 3601 3391 εἰς
3653 3327 3847 3399 μέτρον

2264 3416 2478 3486 ἡλικίας
2508 3417 2703 3487 ἥκουσι
2727 3419 2825 3489 τῆς
2849 3420 2906 3473 ἐν
2934 3419 3176 3490 Χριστῷ,
3205 3419 3336 3473 ποτὲ
3370 3420 3490 3490 μὲν,
3517 3437 3538 3471 t
3566 3418 3731 3489 Χαρὰ
3756 3418 3851 3471 καὶ

506 3528 527 3586 ζ
588 3514 850 3583 στέφανός
881 3528 1019 3582 μουο
1055 3532 1073 3563 ι
1111 3513 1241 3565 ποτὲ
1274 3512 1331 3565 δὲ
1364 3513 1547 3578 πάλιν,
1588 3532 1604 3564 ε
1638 3513 1722 3584 Νὴ
1763 3513 1861 3585 τὴν
1909 3513 2187 3584 ἡμετέραν
2224 3513 2493 3585 καύχησιν
2541 3517 2607 3587 ἣν
2645 3516 2754 3587 ἔχω
2805 3519 2863 3570 ὲν
2900 3515 3123 3587 Χριστῷ
3161 3513 3369 3585 Ἰησοῦο
3396 3531 3503 3565 i—
3532 3531 3551 3565 ι
3578 3511 3848 3581 Στέφανος

502 3652 542 3697 ,ἐν
585 3603 699 3697 γὰρ
723 3602 1194 3697 γερόντων-πᾶνα
1221 3602 1446 3669 τέκνων,
1478 3603 1618 3657 κατὰ
1644 3604 1703 3657 τὸ
1744 3603 2156 3675 γεγραμμένον·
2198 3604 2461 3676 καύχημα
2489 3606 2546 3659 δὲ
2608 3608 2834 3672 τέκνων,
2873 3608 3107 3677 πατέρες
3134 3606 3333 3661 αὐτῶν.
3358 3624 3375 3656 ι

663 3690 823 3745 Vens.
856 3690 943 3744 10.
987 3689 1054 3743 Et
1083 3701 1379 3744 convertam
1407 3707 1491 3744 eos
1520 3692 1583 3745 de
1600 3701 1739 3745 terra
1761 3691 2002 3762 Egypti,
2027 3702 2073 3746 et
2096 3690 2159 3745 de

589 3784 821 3853 Assyriis
852 3783 1135 3851 suscipiant
1181 3780 1325 3847 illos,
1353 3791 1399 3835 et
1447 3784 1501 3835 in
1538 3782 1868 3849 Galaaditin,
1899 3792 1947 3836 et
1974 3785 2029 3835 in
2068 3778 2159 3837 Li-

593 3879 788 3931 banum
836 3870 1171 3928 introducunt
1209 3887 1334 3939 eos,
1376 3881 1423 3925 et
1474 3889 1575 3927 non
1620 3872 1943 3944 relinquetur
1986 3887 2051 3928 ex
2088 3873 2161 3926 eis

591 3968 752 4025 ullus.

663 4062 901 4121 LXXIII.
952 4062 1177 4130 Quando
1205 4060 1702 4117 Nabuchodonosor
1730 4061 1969 4117 Judaaam
1998 4061 2166 4116 armis

2336 3696 2447 3750 Καί
2478 3697 2842 3766 ἀποστρέψει)
2881 3697 3103 3764 αὐτοὺς
3140 3698 3207 3750 ἐκ
3242 3696 3356 3768 γῆς
3380 3696 3708 3767 Αἰγύπτου,
3750 3696 3852 3748 καί

2266 3789 2335 3854 ἐξ
2390 3792 2715 3859 Ἀσσυρίων
2766 3790 3107 3860 εἰσδέξομαι
3158 3790 3398 3855 αὐτοὺς,
3452 3788 3553 3842 καί
3605 3789 3693 3853 εἰς
3736 3786 3851 3847 τὴν

2270 3882 2653 3947 Γαλααδῖτιν,
2677 3883 2775 3937 καί
2809 3886 2897 3949 εἰς
2931 3883 3036 3937 τὸν
3060 3883 3320 3937 Λίϐανον
3347 3879 3568 3945 εἰσάξω
3603 3878 3845 3945 αὐτοὺς,

2272 3974 2369 4027 καί
2402 3976 2476 4027 οὐ
2498 3973 2584 4043 μὴ
2620 3975 2958 4044 ὑπολειφθῇ
2988 3974 3056 4040 ἐξ
3086 3974 3285 4029 αὐτῶν
3310 3974 3528 4040 οὐδείς.

2345 4066 2462 4120 Ol".
2506 4067 2633 4120 Ὅτε
2676 4067 2773 4139 τὴν
2808 4068 3063 4125 Ἰουδαίαν
3096 4064 3206 4122 εἷλε
3259 4067 3357 4139 μὲν
3404 4064 3546 4120 κατά
3594 4064 3849 4136 κράτοςό

3728 314 3872 378 ⁸173

591 4156 919 4228 subiugavit,
945 4154 1481 4224 sacratissimumque
1505 4153 1781 4221 templum,
1809 4163 1864 4206 et
1896 4153 2008 4222 ipsa
2038 4154 2154 4207 urb:

2272 4158 2775 4231 Ναϐουχοδονόσωρ,
2822 4160 3146 4233 ἐμπέπρητο
3198 4160 3255 4213 δέ
3296 4160 3391 4214 καὶ
3434 4161 3463 4214 6
3519 4159 3663 4223 θεῖος
3715 4158 3849 4222 νεὼς

594 4245 965 4316 llierOsolyma
1000 4240 1371 4311 conﬂagravit,
1409 4254 1533 4299 tunc
1578 4254 1634 4297 et
1678 4243 1965 4297 universus
2002 4242 2154 4298 lsrac‘

2276 4251 2412 4305 αὐτά
2444 4269 2503 4305 τε
2537 4252 2604 4304 τά
2635 4250 2999 4323 Ἰεροσόλυμα,
3033 4252 3156 4305 τότε
3193 4252 3286 4306 καὶ
3323 4251 3470 4315 ἅπας
3509 4248 3851 4303 τεταλαιπὼο

592 4346 680 4395 est
735 4335 1024 4391 alliictatus
1061 4334 1130 4388 ⁵³.
1204 4334 1629 4404 Aliisiquidcm
1686 4335 1738 4388 in
1809 4336 2064 4405 Assyrios
2113 4347 2154 4391 el

2272 4358 2436 4412 ρηκεν
2476 4344 2504 4395 6
2540 4342 2774 4413 Ἰσραήλ.
2818 4343 2882 4396 Οἱ
2939 4343 3037 4413 μὲν
3102 4344 3210 4414 γὰρ
3256 4344 3335 4406 εἰς
3371 4340 3693 4412 Ἀσσυρίους
3751 4342 3849 4392 καὶ

592 4428 780 4485 Medos
806 4425 1001 4496 captivi
1037 4434 1162 4481 sunt
1187 4426 1402 4482 abducti
1436 4443 1452 4480 :
1483 4426 1598 4492 alii,
1631 4426 1721 4495 qui
1752 4438 1941 4481 eorum
1977 4428 2154 4483 crude-

2268 4430 2484 4502 Μήδους
2516 4433 2850 4504 αἰχμάλωτοι
2891 4435 3172 4503 γεγονότες
3222 4433 3653 4503 ἀπεκομίζοντο⁸
3698 4431 3748 4482 οἰ
3790 4430 3850 4483 δὲ

594 4522 803 4577 litatcm
836 4518 1069 4574 evadere
1123 4526 1176 4574 et
1203 4517 1439 4589 eii‘ugere
1468 4528 1776 4588 potuerunt,
1814 4520 2086 4586 timentes,
2113 4530 2154 4575 el

2268 4523 2367 4593 τῆς
2391 4523 2612 4577 ἐκείνων
2649 4524 2931 4595 ὠμότητος
2959 4525 3063 4593 ἔξω
3106 4524 3410 4595 γεγονότες,
3442 4523 3537 4577 καὶ
3562 4522 3851 4591 διαφυγεῖν

592 4611 816 4683 paribus
860 4609 1122 4679 implicari
1165 4611 1425 4666 aerumnis
1470 4611 1775 4675 horrentes,
1808 4613 1952 4668 ultro
1991 4628 2051 4668 se
2098 4615 2154 4667 ad

2269 4615 2605 4684 ἰσχύσαντες,
2633 4615 2863 4681 δεδιότες
2918 4618 3012 4670 καὶ
3045 4615 3467 4687 παραιτούμενοι
3495 4613 3554 4667 τὸ
3583 4611 3850 4667 ἐναλῶναι

593 4702 875 4773 ,Εεγριὶοε
919 4702 1288 4767 contulerint,
1335 4701 1723 4769 servitutisque
1765 4703 1905 4772 apud
1958 4717 2055 4759 eos
2080 4705 2154 4774 jn-

2270 4708 2383 4768 τοῖς
2417 4706 2572 4771 τσοις,
2598 4708 2885 4778 αὐτόμολοί
2918 4725 2978 4761 τε
3014 4709 3146 4779 πρὸς
3171 4705 3502 4775 Αἰγυπτίους
3534 4705 3721 4776 ᾔεσαν,
3752 4705 3851 4757 καὶ

592 4806 722 4861 gum
766 4791 1089 4846 necessitate
1130 4789 1396 4861 compulsi
1441 4790 1743 4845 subierunt.
1794 4790 1979 4862 Itaque
2021 4805 2154 4865 post-

2277 4799 2373 4867 τῆς
2419 4798 2508 4850 ὑπ’
2550 4798 2778 4863 ἐκείνοις
2820 4799 3042 4869 Θητείας
3078 4799 3169 4852 τὸν
3210 4797 3510 4868 ἀϐούλητον
3546 4797 3664 4866 μὲν,
3707 4794 3851 4865 πλὴν

593 4896 761 4951 quam
807 4895 901 4936 eos
954 4893 1414 4954 congregaturum
1472 4881 1708 4950 undique
1754 4883 2027 4953 pollicitus
2064 4896 2167 4951 est,

596 4972 842 5028 meminit
895 4984 950 5030 et
994 4972 1234 5029 locorum
1293 4973 1346 5027 in
1397 4987 1532 5041 quos
1592 4972 1805 5029 abducti
1876 4988 2004 5031 sunt
2035 4997 2047 5033 :
2078 4979 2145 5032 ali

2276 4979 2483 5033 Οὐκοῦν
2532 4980 2825 5052 ἐπειδήπερ
2876 4980 3217 5050 συναγείρειν
3268 4978 3466 5040 αὐτοὺς
3515 4972 3892 5045 πανταχόθεν²

596 5065 792 5135 captivi
822 5066 974 5129 facti,
1008 5076 1064 5120 ut
1085 5065 1231 5131 dixi;
1259 5063 1350 5120 alii
1392 5065 1749 5123 intolerandis
1780 5070 2082 5126 terroribus
2106 5087 2154 5127 at

2276 5069 2663 5139 ἐπηγγέλλετο,
2711 5070 3100 5142 διαμέμνηταιΔ
3132 5071 3227 5124 καὶ
3267 5070 3450 5124 τόπων
3494 5071 3575 5131 εἰς
3620 5068 3713 5130 οὓς
3753 5071 3851 5121 καὶ

598 5170 659 5211 ea
693 5170 812 5225 qua
836 5156 1086 5211 nolebant
1119 5154 1460 5221 exsequenda
1491 5156 1685 5208 adacti.

2269 5158 2745 5229 ἀπεκομίσθησαψ
2778 5162 2825 5214 οί
2885 5161 3004 5231 μὲν,
3048 5160 3380 5232 αἰχμάλωτοι
3429 5158 3741 5229 γεγονότες,
3770 5159 3853 5221 ὡς

2266 5249 2426 5319 ἔφην,
2453 5251 2503 5302 οἰ
2529 5250 2584 5303 δὲ
2613 5252 2903 5322 ἀφορήτοις
2932 5253 3148 5322 δείμασι
3182 5253 3316 5322 πρὸς
3347 5251 3416 5304 τὰ
3448 5250 3595 5321 παρὰ
3624 5248 3852 5319 γνώμην

2184 5360 2189 5371 η·
2268 5340 2449 5403 αὐτοῖς
2481 5341 2896 5411 συνωθούμενοι.

670 5506 713 5536 ⁸⁸
738 5504 932 5572 Ephes.
964 5519 1022 5564 ιι,
1060 5504 1142 5557 15.

670 5506 713 5536 ⁸⁸
738 5504 932 5572 Ephes.
964 5519 1022 5564 ιι,
1060 5504 1142 5557 15.
1234 5506 1275 5535 ⁵⁷
1327 5504 1526 5563 Jerem.
1558 5525 1629 5575 LI,
1659 5512 1748 5571 50.
1796 5516 1872 5564 ῤ’
1897 5518 2091 5588 Eplies.
2134 5536 2206 5585 tv,
2242 5522 2327 5583 l5.

600 5591 733 5629 xvn.
770 5575 821 5629 6.
919 5576 963 5603 "
990 5573 1051 5629 ιγ
1076 5574 1205 5629 lien.
1239 5592 1358 5629 ur.
1396 5576 1427 5629 8
1455 5595 1607 5629 seua.

719 5615 733 5641 ’
772 5615 821 5629 νο

919 5517 1142 5629 ὗιὶᾯιιῗ.
1234 5517 1274 5535 υ
1327 5517 1526 5605 .Ierem.
1558 5525 1629 5575 LI,
1659 5517 1748 5571 50.
1796 5517 2091 5588 J'Eplies.
2134 5536 2206 5585 iv,
2242 5522 2327 5583 15.
2438 5523 2734 5595 "Philipp.
2772 5524 2928 5592 iv,l.
3008 5526 3233 5585 "Rom.
3294 5539 3385 5593 xv,
3447 5522 3534 5577 17.
3612 5517 3849 5576 ἰΡῐοκ

1125 5591 1205 5643 eg.
1239 5592 1358 5641 ut,
1396 5576 1427 5631 8
1454 5595 1607 5652 seqq.

670 5734 750 5804 (ι)
774 5731 915 5803 Lego
945 5732 1345 5804 διαμνησθεῖεν.

2276 4883 2337 4949 ἐξ
2384 4885 2629 4956 ἀνάγκης
2677 4888 3080 4959 ἐπερριμμένον
3130 4887 3610 4958 ύποδεδραμήκασι
3662 4884 3883 4959 ζυγόνη

4022 2978 4029 3011 ι

4022 3042 4031 3109 ‘E
