4120 6570
184 350 323 408 1Ἱὸ

1041 352 1596 411 COMMENTARIUS
1634 355 1699 408 IN
1735 356 2135 412 ZACHARIAM
2181 357 2620 436 ΡΒΟΡΗΕΤᾼΜ.

3375 357 3477 412 173

302 463 521 533 Ἐπειδὴ
545 463 601 515 δὲ
626 464 725 534 τῆς
762 467 1131 534 πνευματικῆς
1169 467 1462 536 ἑρμηνείας
1490 471 1798 537 μεταποιεῖ-

1974 468 2132 540 753
2154 468 2290 535 Quia
2322 484 2450 524 vero
2478 467 2817 539 spiritualem
2847 464 3349 538 interpretationem
3383 466 3476 521 Dei

192 552 348 608 σθαι
391 554 588 624 πρέπει
636 557 746 618 τοῖς
807 556 886 607 ὅτι
941 555 1176 625 μάλιστα
1233 556 1647 625 φιλοθεωτάτοις
1706 558 1800 611 καὶ

189 648 643 717 πνευματικοῖς,
686 645 885 715 φαμὲν,
915 646 995 700 ὃτι
1029 647 1125 715 τῆς
1156 647 1264 700 τῶν
1306 648 1555 719 ἀοράτων
1593 647 1801 719 ἐχθρῶν

190 733 437 808 χώρας,
480 736 596 805 ἤτοι
634 736 817 805 χειρὸς
858 734 1099 802 ἐξέλκειν
1145 738 1340 798 αὐτοὺς
1374 736 1797 805 ἐπαγγέλλεται,

191 828 320 879 καλ⁸
361 826 558 888 παντὸς
605 826 703 896 μὲν
743 826 996 897 δείματος
1038 826 1392 900 ὲλευθεροῦνο
1426 827 1801 898 αἰχμαλώτους

188 915 267 969 δὲ
310 918 487 979 ὄντας,
526 918 621 969 καὶ
649 911 758 971 οἷον
791 919 882 986 ὑφ’
904 918 1127 989 ἑτέρους
1158 920 1468 988 κειμένους,
1518 920 1800 989 μονονουχὶ

186 1006 317 1059 καὶ
356 1005 704 1077 ἀναμορφοῦν
739 1009 817 1070 είς
848 1008 1181 1078 ἐλευθερίαν.
1223 1010 1294 1062 Ἢ
1334 1009 1429 1063 καὶ
1462 1010 1584 1062 καθ’
1615 1010 1801 1081 ἕτερον

1908 559 2312 614 amantissimos
2342 568 2396 614 et
2436 558 2747 628 spirituales
2789 570 3074 626 capessere
3119 570 3334 627 aequum
3371 567 3478 622 est,

1908 649 2142 705 dicimus
2173 665 2293 705 eum
2336 650 2658 718 promittere
2693 663 2753 703 se
2788 647 2855 703 de
2894 647 3138 717 regione,
3167 647 3285 700 sive
3315 658 3480 700 manu

1909 740 2143 796 hostium
2190 740 2656 810 iuaSpectabilium
2706 753 2801 794 eos
2849 746 3184 807 erepturum,
3228 743 3286 791 et
3333 735 3480 790 omni

1907 831 2199 886 formidine
2230 832 2536 886 soluturum
2567 849 2582 886 :
2616 831 2860 901 captivos
2893 839 3074 882 autem
3098 836 3154 883 et
3180 826 3329 880 velut
3357 824 3482 878 aliis
3518 880 3525 885 _

1908 923 2251 993 subiacentes
2288 924 2442 993 quasi
2494 923 2548 977 in
2592 922 2897 977 libertatem
2942 918 3481 975 transformaturum.

1907 1012 2016 1068 Ant
2042 1015 2203 1067 etiam
2240 1013 2535 1067 secundum
2578 1014 2739 1066 aliam
2776 1011 3209 1080 intelligentiam,
3242 1005 3482 1062 tenebris

150 1096 442 1165 ’τρόπον,
477 1097 771 1167 σκοτισμοῦ
819 1102 914 1152 καὶ
959 1098 1272 1169 συγχῦσεως
1318 1099 1801 1171 ἀπαλλαγήσεσθαί

184 1203 422 1257 φησιν·
457 1187 731 1257 Αἴγυπτος
786 1189 885 1259 μὲν
918 1189 1029 1258 γάρ
1060 1189 1406 1259 σκοτισμὸς,
1450 1189 1705 1243 Βαϐυλὼν
1744 1190 1801 1243 δὲ

178 1278 525 1347 σύγχυσις
550 1279 935 1350 ἑρμηνεῦεται.
973 1280 1278 1352 Ἀδιαφορεῖ
1316 1281 1370 1333 δὲ
1417 1281 1733 1346 πλειστάκις
1772 1282 1802 1331 ὁ

181 1366 413 1436 λόγος,
464 1369 782 1440 Ἀσσυρίους
831 1389 891 1423 τε
939 1372 1034 1424 καὶ
1084 1372 1457 1434 Βαϐυλωνίους
1516 1374 1595 1436 είς
1651 1372 1802 1435 ἔθνος

179 1459 713 1529 καταλογιζόμενος
776 1461 871 1525 ἓν,
926 1462 1014 1515 διά
1060 1479 1141 1515 τοι
1188 1463 1247 1515 τὸ
1314 1462 1403 1530 ὑφ’
1452 1464 1533 1514 ἐνὶ
1589 1463 1800 1515 κεῖσθαι

184 1550 514 1621 σκήπτρῳ,
546 1551 642 1604 καὶ
676 1551 806 1621 μίαν
846 1551 932 1605 ἐπ’
973 1553 1168 1616 αὐτοὺς
1209 1552 1467 1622 τετάχθαι
1512 1553 1611 1624 τὴν
1644 1554 1802 1623 βασι-

178 1640 388 1695 λείαν.
440 1642 899 1713 Λελυτρωμένους
945 1640 1155 1715 δὴ,οὖν
1203 1645 1267 1697 ὲκ
1310 1645 1408 1714 τῆς
1453 1645 1562 1697 τῶν
1614 1645 1803 1698 πλεον-

1909 1647 2184 1702 fructuum
2234 1649 2415 1703 omnis
2478 1650 2695 1718 generis
2753 1646 3110 1719 feracissima)
3163 1655 3217 1700 et
3264 1645 3486 1713 insuper

180 1731 524 1787 εκτούντων
550 1734 751 1806 χειρὸς,
775 1738 1074 1807 είσκομιεῖν
1099 1736 1496 1806 ἐπαγγέλλεται
1519 1738 1598 1800 είς
1622 1756 1680 1792 τε
1703 1738 1802 1807 τὴν

1911 1739 1962 1791 in
1984 1737 2249 1793 Libanum
2279 1740 2711 1794 introducturum
2739 1741 3001 1809 spondet;
3031 1749 3086 1793 et
3116 1738 3205 1791 hic
3228 1750 3380 1790 mons
3403 1743 3488 1790 est

180 1821 229 1875 Γ
234 1821 544 1875 αλααδῖτιν
606 1823 808 1894 (μοῖρα
860 1824 917 1877 δὲ
969 1823 1108 1895 αὕτη
1160 1826 1260 1894 τῆς
1314 1828 1583 1881 Ἰουδαίων
1636 1828 1806 1897 γῆςή

1912 1832 2102 1899 ingens
2149 1839 2205 1884 et
2256 1831 2513 1898 speciosis
2548 1830 2779 1884 refertus
2810 1829 3116 1891 arboribus,
3165 1827 3219 1881 in
3257 1824 3487 1880 conﬂui-

182 1913 637 1984 παμφορωτάτη
685 1916 780 1968 καὶ
810 1914 1121 1988 εὖκαρπος)
1168 1916 1261 1970 καὶ
1308 1918 1414 1988 μὴν
1464 1919 1557 1971 καὶ¹
1590 1920 1671 1980 εἰς
1713 1917 1805 1970 τὸν

1910 1922 2008 1975 bus
2034 1919 2345 1974 Judaenrum
2386 1934 2451 1974 ac
2490 1918 2809 1973 Platonicum
2856 1917 3013 1972 situs.
3044 1917 3149 1970 Per
3195 1923 3485 1982 utrumque

177 2002 474 2070 Λίϐανον,
518 2004 612 2058 καὶ
653 2003 811 2058 τοῦτο
856 2006 983 2077 ὅρος
1034 2005 1255 2073 εὒξυλόν
1287 2024 1348 2061 τε
1393 2009 1487 2062 καὶ
1531 2009 1673 2080 μέγα
1706 2010 1807 2079 τῆς

1907 2023 2069 2079 porro
2102 2008 2255 2072 illud,
2292 2010 2501 2077 opinor,
2531 2008 2885 2074 signiﬁcatur.
2927 2006 3062 2061 Cum
3102 2020 3200 2060 nos
3223 2004 3487 2059 Dominus

196 2091 507 2146 Ἰουδαίων
545 2110 605 2145 τε
641 2094 737 2147 καὶ
769 2094 1033 2150 Φοινίκων
1068 2098 1176 2167 γῆς
1206 2099 1266 2150 ὲν
1312 2097 1584 2167 μεθορίοις
1616 2098 1804 2168 κείμε-

1907 2111 2093 2154 noster
2115 2099 2275 2156 Iesus
2306 2100 2556 2156 Christus
2586 2110 2841 2170 tanquam
2870 2114 2935 2155 ex
2964 2098 3199 2168 Egypto
3236 2105 3292 2151 et
3322 2098 3488 2165 Assy-

180 2196 317 2235 νον.
393 2182 728 2251 Σημαίνεται
773 2184 831 2237 δὲ
882 2184 950 2237 δι’
995 2186 1194 2255 ἀμφοῖν
1243 2188 1440 2251 έκεῖνο,
1481 2187 1633 2255 οἶμαί
1681 2206 1802 2241 που.

1910 2191 2007 2246 riis
2037 2190 2342 2257 liberasset,
2369 2192 2471 2247 hoc
2496 2201 2602 2257 est,
2647 2206 2715 2246 ex
2741 2200 3008 2261 potestate
3034 2204 3223 2244 eorum
3255 2201 3487 2257 quorum

196 2271 579 2339 ’Δπαλλάξας
616 2274 726 2344 γὰρ
759 2276 907 2345 ἡμᾶς
939 2278 967 2328 ὁ
1001 2278 1205 2348 Κύριος
1237 2280 1394 2349 ἡμῶν
1433 2278 1641 2348 Ἰησοῦς
1674 2282 1808 2351 Χρι-

1908 2284 2103 2352 captivi
2149 2298 2391 2347 eramus,
2428 2294 2559 2351 puta
2592 2282 2953 2352 malignorum
2982 2290 3038 2336 et
3081 2280 3486 2335 immundorum

187 2362 340 2426 στδς
382 2365 461 2427 ὡς
493 2363 553 2428 ἐξ
585 2364 864 2433 Αἰγύπτου
917 2367 1010 2419 καὶ
1044 2367 1365 2438 Ἀσσυρίων,
1395 2370 1664 2431 τουτέστι,
1708 2370 1810 2439 τῆς

1910 2375 2234 2438 daemonum,
2276 2390 2374 2430 ceu
2410 2375 2462 2429 in
2498 2383 2699 2429 terram
2750 2387 3088 2428 nemorosam
3123 2380 3179 2426 et
3216 2368 3491 2439 opimissi-

180 2455 318 2510 τῶν
354 2458 883 2526 αἰχμαλωτισάντων
937 2458 1272 2527 πλεονεξίας,
1308 2462 1536 2531 πονηροὶ
1580 2461 1637 2514 δὲ
1665 2453 1808 2514 οὗτοι

1912 2482 2077 2532 nam,
2137 2469 2191 2521 in
2254 2466 2550 2521 Ecclesiam
2596 2464 2920 2529 introduxit,
2969 2466 3022 2519 in
3068 2477 3175 2533 qua
3225 2460 3487 2517 uberrimi

183 2548 299 2603 καὶ
373 2548 683 2619 ἀκάθαρτοι
742 2550 1025 2621 δαίμονες,
1071 2552 1452 2621 είσκεκόμικεν
1504 2549 1700 2622 οἷάπερ
1732 2555 1811 2616 είς

1912 2568 2278 2627 spectatorum
2311 2558 2589 2613 hominum
2625 2557 2834 2612 fruetus
2862 2566 2917 2611 et
2948 2552 3363 2610 innumerabilia
3393 2567 3486 2605 ca-

110 2706 111 2711 η
182 2641 305 2711 γῆν
334 2638 568 2705 εῠξυλόν
593 2657 653 2693 τε
682 2641 778 2693 καὶ
824 2641 1215 2714 λιπαρωτάτην
1244 2644 1343 2714 τὴν
1378 2643 1723 2714 Ἐκκλησίαν,
1753 2645 1811 2697 ὲν

1911 2651 2019 2719 pita
2046 2659 2375 2713 sanctorum,
2416 2665 2513 2718 per
2540 2651 2795 2703 virtutem
2832 2650 2887 2703 in
2923 2648 3142 2717 fastigio
3166 2647 3486 2708 locatorum,

160 2804 163 2805 ν
262 2731 453 2794 πολὺς
486 2732 583 2801 μὲν
628 2731 749 2784 λίαν
780 2733 809 2784 ό
846 2732 957 2785 τῶν
990 2733 1421 2803 εὐδοκιμούντων
1449 2734 1682 2805 καρπὸς,
1710 2735 1811 2787 οὐκ

184 2822 578 2895 εὐαρίθμητοι
607 2822 663 2876 δὲ
695 2822 804 2876 τῶν
835 2823 1007 2893 ἁγίων
1034 2824 1289 2893 κεφαλαὶ,
1319 2824 1453 2894 ὑψοῦ
1484 2843 1543 2878 τε
1574 2826 1809 2896 ῂρμέναι

188 2915 263 2969 δι’
292 2913 534 2986 ἀρετὴν,
566 2916 661 2968 καὶ
684 2908 797 2967 οἷον
824 2916 882 2967 ὲν
905 2914 1056 2980 τάξει
1079 2916 1273 2987 κέδρου
1301 2917 1685 2989 ἀνατεθηλυῖαι
1709 2920 1807 2989 (1),

187 3007 296 3059 καὶ
334 3006 478 3076 περὶ
517 3005 696 3058 αὐτῶν
734 3004 966 3075 λέγοιτο,
995 3007 1088 3060 καί
1124 3007 1328 3077 σφόδρα
1361 3009 1610 3076 εἰκότως,
1634 3009 1695 3063 τὺ
1722 3008 1811 3063 διά

1913 3012 2003 3066 Dei
2037 3016 2178 3067 enim
2229 3015 2617 3083 agriculturam
2654 3012 2706 3065 in
2738 3011 2844 3066 ﬁde
2870 3010 3198 3080 justiﬁcatos
3230 3018 3489 3077 expresse

189 3101 401 3171 φωνῆς
456 3099 552 3153 τοῦ
602 3098 792 3164 Δαϐὶδ,
844 3099 980 3171 πρὸς
1020 3099 1111 3151 τὸν
1156 3098 1264 3151 τῶν
1309 3099 1444 3152 ὅλων
1483 3100 1646 3153 Θεόνο
1692 3119 1709 3151 ι
1739 3101 1809 3152 At

1912 3105 2071 3157 etiam
2112 3105 2325 3159 divinus
2350 3103 2549 3159 Paulus
2573 3104 2876 3157 nominavit
2897 3104 2965 3157 ⁸⁸.

189 3190 393 3260 κέδροι
436 3187 531 3241 τοῧ
560 3188 813 3253 Λιδάνου,
855 3186 921 3251 ἃς
979 3186 1299 3256 ἐφύτευσας.
1334 3208 1353 3239 ο
1398 3186 1532 3239 Θεοῧ
1571 3188 1679 3258 γὰρ
1727 3187 1991 3260 γεώργιον
2030 3195 2156 3257 τοὺς
2199 3195 2257 3246 ὲν
2303 3193 2483 3248 πίστει
2516 3193 2965 3264 δεδικαιωμένους
3007 3192 3257 3264 ὠνόμαζε
3304 3190 3491 3261 σαφῶς

190 3283 294 3336 καὶ
326 3284 356 3336 ό
395 3282 688 3345 θεσπέσιος
729 3280 958 3344 Παῦλος.

265 3377 392 3433 Καὶ
428 3377 843 3431 διελεύσονται
876 3377 944 3430 ἐν
983 3378 1266 3445 θαλάσσῃ
1304 3378 1513 3447 στενῇ,
1552 3378 1651 3432 καί
1698 3392 1810 3432 πα-

1986 3376 2150 3432 Vsns.
2188 3377 2275 3444 ll,
2321 3376 2409 3430 l2.
2453 3375 2522 3431 Et
2557 3377 2947 3446 pertransibunt
2975 3376 3031 3430 in
3065 3393 3200 3431 mars
3235 3390 3484 3450 angusto,

194 3470 516 3535 τάεουσιν
539 3469 608 3522 ὲν
636 3467 918 3537 θαλάσσῃ
953 3468 1210 3537 κύματα,
1238 3467 1334 3521 καὶ
1366 3468 1807 3537 ξηρανθήσεται

1908 3482 1957 3527 et
1994 3472 2280 3541 percutiant
2321 3470 2377 3522 in
2427 3469 2564 3523 mari
2592 3470 2804 3538 ﬂuctus,
2850 3476 2896 3521 et
2946 3467 3285 3522 siccabuntur
3308 3471 3488 3525 omnia

194 3555 416 3619 πάντα
448 3561 523 3614 τὰ
546 3559 708 3628 ,βάθη
742 3557 861 3613 τῶν
888 3558 1189 3627 ποταμῶν,
1224 3560 1320 3613 καὶ
1348 3560 1808 3629 ἀφαιρεθήσεται

1908 3557 2175 3627 profunda
2221 3557 2522 3627 ﬂuviorum,
2586 3566 2635 3611 et
2679 3556 2952 3625 auferetur
3014 3558 3185 3612 omnis
3241 3560 3490 3628 superbia

1908 1114 1963 1159 et
1999 1103 2317 1159 confusione
2364 1104 2650 1159 liberatum
2680 1104 2747 1159 iri
2792 1103 2925 1157 dicit
2958 1120 2970 1157 :
3004 1100 3294 1171 Egyptum
3333 1097 3481 1152 enim
3512 1104 3527 1145 '.

1909 1196 2165 1259 tenebras,
2220 1193 2545 1266 Babylonem
2592 1194 2951 1263 confusionem
3003 1193 3254 1247 reddunt.
3283 1187 3485 1258 Saepisc

1909 1286 2045 1341 sime
2069 1295 2247 1341 autem
2276 1287 2394 1341 sine
2414 1286 2727 1341 discrimine
2756 1285 2967 1356 Assyrii
2993 1295 3050 1338 et
3076 1281 3353 1354 Babylonii
3386 1293 3485 1350 pro

1910 1392 2013 1430 una
2049 1386 2210 1448 gente
2254 1386 2603 1449 usurpantur,
2626 1378 2770 1449 quod
2805 1378 2897 1431 uni
2946 1384 3165 1443 sceptro
3194 1372 3393 1429 subditi
3427 1380 3485 1427 et
3520 1409 3527 1420 ι

1908 1470 2011 1525 sub
2064 1485 2170 1524 uno
2211 1485 2376 1540 regno
2415 1479 2617 1524 essent.
2669 1468 2950 1523 Liberatos
2995 1467 3163 1537 igitur
3219 1467 3284 1520 de
3321 1477 3483 1517 manu

1910 1560 2325 1625 demiuantium,
2369 1570 2423 1615 et
2472 1560 2527 1615 in
2577 1559 2887 1614 Galaaditin
2939 1558 3088 1628 (pars
3125 1556 3226 1609 fuit
3259 1553 3482 1618 Judtnte,

1910 2749 1965 2794 et
2008 2741 2181 2794 instar
2232 2740 2520 2794 cedrorum
2572 2741 2625 2794 in
2674 2740 2841 2792 altum
2888 2735 3375 2799 el‘ﬂorescenlium,
3420 2734 3489 2786 de

1910 2831 2112 2902 quibus
2150 2831 2433 2886 verissime
2475 2830 2601 2885 illud
2641 2829 2864 2883 Davidis
2909 2831 2977 2882 ad
3017 2827 3183 2881 Deum
3217 2825 3490 2878 universo-

1913 2938 2029 2976 rum
2075 2920 2365 2990 protuleris
2396 2936 2410 2974 :
2445 2939 2462 2971 ι
2491 2920 2651 2975 Cedri
2689 2919 2880 2974 Libani
2923 2933 3058 2987 quas
3083 2916 3333 2987 plantasti
3359 2916 3429 2966 ³³.
3460 2932 3481 2964 ι

194 3652 383 3711 πᾶσα
427 3653 598 3720 ὕϐρις
634 3653 984 3720 Ἀσσυρίων,
1026 3652 1122 3706 καὶ
1160 3651 1475 3720 σκῆπτρον
1505 3653 1807 3722 Αἰγύπτου

1909 3649 2270 3719 Assyriorum,
2326 3660 2372 3703 et
2408 3660 2669 3717 sceptrum
2717 3647 2943 3719 ﬂgypti
2988 3648 3220 3712 tolletur,
3266 3658 3316 3704 et
3361 3668 3487 3706 con-

193 3746 756 3815 περιαιρεθήσεται,
795 3742 893 3796 καί
927 3744 1278 3811 κατισχύσω
1324 3742 1545 3807 αὐτοὺς
1580 3742 1649 3796 ὲν
1687 3745 1805 3796 Κυ-

1909 3739 2117 3807 fortabo
2158 3755 2246 3793 eos
2274 3741 2328 3792 in
2378 3738 2601 3792 Domino
2645 3737 2753 3791 Deo
2804 3740 3056 3807 ipsorum,
3103 3741 3233 3794 etin
3278 3744 3487 3799 nomine

183 3840 309 3907 ρίῳ
344 3835 478 3903 Θεῷ
512 3836 731 3899 αὐτῶν,
779 3834 878 3888 καὶ
906 3834 977 3888 ἐν
1015 3834 1096 3900 τῷ
1129 3835 1370 3904 ὀνόματι
1406 3834 1591 3889 αὐτοῦ
1631 3852 1807 3889 κατα-

1905 3829 2017 3900 ejus
2040 3830 2433 3901 gloriabuntur,
2467 3830 2594 3885 dicit
2628 3829 2905 3886 Dominus.

192 3930 653 4000 καυχήσονται,
696 3926 857 3999 λέγει
889 3930 1121 3997 Κύριος.

269 4024 395 4076 ΟΔ⁹.
454 4021 546 4084 Ὠς
580 4019 639 4085 ἐξ
684 4020 1000 4090 ὁμοιότητος
1028 4018 1138 4072 τῶν
1172 4022 1285 4083 τοῖς
1316 4019 1693 4091 ἀρχαιοτέροις
1719 4017 1802 4072 δεο

193 4115 548 4186 δωρημένων
576 4113 689 4175 τοῖς
715 4112 793 4175 είς
832 4111 1066 4182 Χριστὸν
1106 4110 1421 4166 πιστεύουσι
1449 4110 1550 4179 τῆς
1577 4112 1801 4164 ἐπικουο

1977 4007 2211 4066 LXXIV.
2254 4008 2416 4065 Juxta
2460 4024 2523 4064 ea
2567 4024 2688 4080 quae
2730 4012 2929 4067 donata
2981 4022 3105 4067 sunt
3165 4017 3479 4080 veteribus,

1904 4100 2257 4156 similitudine
2281 4101 2514 4171 quadam
2548 4102 2809 4156 auxilium
2845 4103 2898 4156 in
2929 4103 3206 4159 Christum
3256 4107 3484 4161 creden-

202 4207 327 4277 ρίας
373 4208 408 4277 ἡ
460 4202 778 4273 ὑπόσχεσις.
815 4203 1026 4272 ’Ὥσπερ
1055 4202 1163 4274 γὰρ
1188 4202 1287 4273 τὴν
1326 4202 1594 4274 Ἐρυθρὰν
1636 4201 1801 4255 διεϐι-

195 4296 381 4366 6άσθη
420 4295 706 4349 θάλασσαν
732 4296 761 4348 ὁ
801 4293 1039 4366 Ἰσραὴλ,
1069 4294 1177 4347 τῶν
1208 4295 1265 4347 ὲν
1302 4294 1439 4365 αὐτῇ
1470 4309 1801 4363 κατευμεγε⁹

198 4386 377 4457 Θὴσας
416 4387 706 4457 κυμάτων,
747 4385 927 4457 ἐπάγη
972 4385 1083 4456 γὰρ
1119 4384 1251 4437 ὡσεὶ
1279 4386 1456 4455 τεῖχος
1489 4385 1556 4437 τὰ
1586 4383 1799 4444 ὕδατα,

196 4476 336 4530 Θεοῦ
367 4476 433 4529 τὸ
466 4477 662 4548 χρῆμα
694 4475 1011 4546 παραδόξως
1058 4476 1405 4548 περαίνοντος
1426 4515 1440 4538 ,
1474 4474 1566 4529 καὶ
1611 4474 1799 4545 ὥσπερ

200 4569 325 4621 ποδὶ
366 4566 689 4621 διεόίὸασαν
729 4567 819 4620 τὸν
864 4566 1163 4638 Ἰορδάνην·
1207 4565 1373 4630 οὕτω,
1405 4566 1589 4635 φησὶν,
1631 4567 1679 4617 οἱ
1713 4564 1799 4619 διὰ

198 4660 449 4723 Μωσέως
508 4658 842 4729 κεκλημένοι
893 4658 1028 4729 πρὸς
1070 4658 1365 4726 ἐπίγνωσιν
1412 4655 1505 4709 τοῦ
1539 4656 1795 4727 Χριστοῦ,

1905 4191 2048 4247 tibus
2091 4194 2446 4261 promittitur.
2491 4190 2955 4257 Quemadmodum
3004 4194 3150 4248 enim
3199 4198 3479 4251 traductus

1903 4293 1985 4338 est
2008 4298 2103 4352 per
2126 4297 2277 4338 mare
2313 4284 2557 4338 Rubrum
2588 4284 2771 4351 lsrael,
2804 4293 2859 4339 et
2886 4283 3137 4341 ﬂuetibus
3161 4286 3280 4356 ejus
3311 4286 3482 4357 impe-

1905 4378 2075 4438 ravit.
2138 4376 2417 4446 iustarque
2471 4376 2608 4430 muri
2665 4391 2819 4446 aquae
2870 4380 3187 4445 riguerunt,
3252 4377 3364 4434 Deo
3427 4381 3479 4433 id

1903 4468 2226 4523 mirabiliter
2276 4478 2469 4539 agente
2491 4469 2574 4535 '3;
2633 4477 2688 4523 et
2748 4468 2888 4524 sicut
2933 4469 3096 4544 756,
3138 4471 3285 4527 sicco
3342 4472 3481 4543 pede

1899 4561 2191 4617 Jordanem
2252 4562 2649 4616 transierunt"
2691 4579 2706 4619 :
2741 4562 2837 4627 ita,
2890 4562 3084 4632 inquit,
3131 4577 3227 4634 per
3291 4561 3477 4619 Mosen

1900 4654 2081 4707 vocati
2102 4653 2168 4708 ad
2199 4652 2532 4723 agnitionem
2561 4653 2790 4719 Christi,
2825 4664 2879 4708 et
2909 4664 3220 4711 sanctorum
3262 4664 3479 4724 aposto-

200 4748 295 4800 καὶ
317 4751 440 4812 ταῖς
473 4746 590 4801 τῶν
622 4727 793 4816 ἀγίων
821 4727 1132 4801 ἀποστόλων
1169 4746 1577 4817 μυσταγωγίαις
1603 4749 1797 4800 ἀνασε-

1905 4745 2077 4800 Iorum
2136 4746 2312 4801 sacris
2374 4745 2802 4801 institutionibus
2864 4746 3094 4801 salutem
3152 4746 3473 4811 consecuti,

204 4840 513 4908 σωσμένοι,
565 4838 1054 4909 διαπεραιώσονται
1095 4839 1193 4909 μὲν
1239 4833 1328 4892 οἷά
1362 4855 1483 4892 τινα
1523 4838 1796 4893 θάλασσαν

202 4930 409 5001 ἀγρίως
441 4932 967 5000 κατακυμαίνουσαν
991 4930 1086 4984 τοῦ
1119 4931 1381 5001 παρόντος
1413 4930 1529 5001 βίου
1554 4931 1644 4984 τὸν
1674 4931 1798 4985 κλύ-

203 5017 367 5083 δωνα,
397 5026 494 5075 καὶ
526 5019 737 5091 τύρῦης
772 5019 876 5085 ἔξω
901 5020 1184 5088 γεγονότες
1220 5020 1515 5092 κοσμικῆς,
1560 5020 1792 5091 σχολαῖοι

205 5108 534 5182 λατρεύουσι
563 5111 643 5182 τῷ
672 5112 810 5165 κατά
842 5097 1003 5180 ὲρύσιν
1040 5111 1152 5165 θντι
1192 5112 1329 5183 Θεῷ.
1352 5114 1710 5184 Διαϐήσονται
1738 5113 1795 5167 δὲ

212 5204 303 5255 καὶ
336 5205 710 5274 πειρασμοὺς,
755 5198 842 5258 οἶά
871 5221 1023 5267 τινας
1060 5206 1339 5274 ποταμοὺς
1372 5203 1795 5269 ἐπικλύζοντας,

209 5290 281 5353 ὡς
309 5294 396 5345 ἐπ’
423 5293 578 5364 αὑτῷ
603 5292 666 5363 δὴ
696 5293 867 5364 τούτῳ
894 5293 1179 5364 χαίροντας
1214 5292 1422 5362 λέγειν’
1466 5311 1483 5342 ι
1512 5293 1575 5347 Et
1619 5292 1693 5363 μὴ
1718 5294 1797 5346 ὃτι

215 5382 412 5453 Κύριος
446 5380 517 5455 ἧν
562 5386 619 5436 ἐν
663 5386 814 5453 ἡμῖν,
862 5384 1072 5438 είπάτω
1116 5384 1181 5454 δὴ
1208 5382 1479 5454 Ἲσραὴλ,
1513 5384 1563 5435 εί
1606 5382 1680 5454 μὴ
1718 5384 1799 5436 ὅτι

1905 4836 2057 4902 quasi
2100 4849 2249 4889 mare
2281 4834 2549 4906 quoddam
2581 4834 2886 4890 turbinibus
2928 4845 2981 4889 et
3017 4836 3269 4905 procellis
3309 4836 3478 4908 agita-

1908 4935 2041 4985 tttm,
2075 4924 2356 4991 praesentis
2376 4925 2500 4978 vita:
2528 4922 2722 4979 ﬂuctus
2748 4925 3140 4992 transmittent,
3163 4935 3217 4981 et
3244 4926 3474 4981 tumultu

1899 5018 2169 5071 mundano
2194 5016 2452 5085 expediti,
2494 5017 2648 5072 vacui
2677 5017 2916 5073 servient
2949 5018 2998 5075 ei
3032 5019 3122 5095 qui
3167 5028 3251 5074 est
3281 5030 3473 5076 natura

1899 5109 2057 5164 Deus.
2089 5106 2421 5168 Transibunt
2467 5108 2592 5162 item
2644 5110 2972 5164 tentationes
3005 5110 3169 5166 veluti
3207 5111 3473 5180 quosdam

1899 5199 2093 5255 lluvios
2118 5198 2463 5264 inundantes,
2496 5207 2556 5253 ut
2604 5199 2709 5255 hoc
2758 5200 2879 5270 ipso
2908 5201 3205 5269 gaudentes
3241 5201 3423 5256 dicant
3453 5217 3483 5254 ε·

1905 5287 2064 5344 «Nisi
2118 5289 2244 5359 quia
2296 5289 2556 5344 Dominus
2612 5300 2732 5345 erat
2778 5291 2830 5347 in
2888 5291 3087 5357 nobis,
3137 5292 3280 5347 dicat
3327 5305 3473 5345 nunc

1901 5380 2098 5447 Israel;
2152 5381 2254 5436 nisi
2302 5382 2427 5452 quia
2458 5379 2717 5440 Dominus
2747 5391 2867 5439 erat
2910 5383 2965 5437 in
3010 5382 3186 5450 nobis,
3221 5380 3349 5437 dum
3382 5379 3471 5437 in-

252 5560 297 5591 "
320 5559 464 5616 Psal.
504 5561 742 5631 cm,,l6.
818 5564 865 5595 ⁸⁸
888 5562 907 5618 l
930 5561 1058 5619 Cor.
1088 5579 1170 5631 ιιι,
1198 5562 1251 5618 9.
1338 5562 1385 5595 "
1408 5562 1577 5618 Exod.
1614 5575 1726 5626 xlv,
1754 5560 1821 5615 l5
1855 5573 2010 5629 seqq.
2087 5560 2136 5592 ”
2161 5560 2321 5617 .lostte
2349 5577 2428 5628 ιιι,
2465 5563 2481 5615 l
2519 5578 2668 5633 seqq.

288 5745 361 5815 (l)
396 5745 525 5803 Erat
552 5746 906 5818 ἀνατεθήλας,
944 5744 1084 5815 quod
1118 5759 1221 5800 non
1256 5742 1612 5814 respondebat
1644 5740 1926 5813 participio
1955 5742 2299 5811 praecedenti.
