4120 6538
667 344 769 398 175

1667 349 1727 403 s.
1767 340 2043 402 manu
2082 326 2546 401 ALExAuomm
2585 340 2907 400 ARClllEP.

3835 341 3957 396 178

665 472 952 531 surgerent
988 462 1237 519 homines
1281 472 1469 518 contra
1511 478 1631 531 nos,
1660 452 1908 520 forsitan
1964 464 2113 520 vivos
2149 462 2227 521 de-

2342 464 2543 536 Κύριος
2582 456 2650 534 ἦν
2694 476 2753 517 εν
2793 465 2949 534 ἡμῖν,
2989 465 3046 517 ἐν
3079 461 3155 533 τῷ
3194 463 3559 532 ἐπαναστῆναι
3595 460 3957 533 ἀνθρώπους

662 553 954 624 glutissent
1005 568 1125 609 nos.
1184 556 1320 610 Dum
1378 557 1712 611 irasceretur
1750 554 1904 612 l‘uror
1938 570 2125 612 eorum
2178 557 2235 613 in

666 659 786 711 nos,
844 645 1071 701 forsitan
1125 660 1266 715 aqua
1315 646 1687 703 absorbuisset
1739 661 1857 704 nos.
1915 646 2233 703 Torrentem

664 738 1017 809 pertransivit
1064 739 1253 793 anima
1302 747 1485 795 nostra
1512 779 1529 802 ,
1575 736 1804 794 lorsitan
1851 737 2235 808 pertransisset

663 831 847 887 anima
874 838 1061 886 nostra
1082 844 1278 899 aquam
1315 829 1703 885 intolerabilem
1730 830 1796 886 ⁸⁷.
1827 847 1847 883 ι
1878 829 2234 897 Quemadmo-

663 921 792 977 dum
814 934 997 991 porro,
1026 921 1223 991 inquit,
1256 921 1508 991 captivus
1534 920 1711 976 factus
1747 919 1932 988 Israel,
1964 929 2131 991 atque
2165 921 2234 977 ad

660 1013 913 1085 Assyrios
945 1022 1003 1069 et
1050 1013 1233 1075 Medos
1284 1013 1584 1078 abductus,
1631 1011 1845 1068 illorum
1890 1012 2231 1069 insolentiam

660 1106 779 1162 sive
804 1104 1139 1161 dominatum
1176 1102 1386 1175 eﬂ‘ugit,
1431 1105 1523 1175 qui
1563 1118 1686 1158 eum
1725 1117 1977 1174 premere
2019 1112 2234 1172 semper

659 1198 934 1269 armisque
992 1198 1264 1255 lacessere
1314 1203 1714 1253 consueverant
1762 1213 1777 1251 :
1820 1196 2012 1252 eodem
2072 1196 2232 1253 modo

656 1286 871 1345 liberati
934 1303 1031 1358 per
1085 1286 1360 1344 Christum
1422 1286 1794 1358 praevalebunt
1842 1287 2073 1343 inimicis
2130 1287 2232 1343 sub

657 1387 935 1450 aspectum
971 1380 1312 1435 venientibus
1337 1386 1395 1434 et
1430 1374 1538 1433 non
1568 1376 1929 1442 venientibus,
1958 1386 2015 1434 et
2044 1377 2135 1448 qui
2164 1378 2231 1433 ad

656 1470 974 1526 servitutem
1006 1471 1250 1526 nolentes
1276 1470 1586 1540 adigebant,
1618 1479 1673 1526 et
1696 1478 1755 1526 ut
1775 1468 2018 1539 captivos
2046 1469 2234 1525 vincu-

654 1560 722 1617 lis
767 1575 799 1615 ο
837 1561 1001 1617 stulta
1057 1575 1244 1617 eorum
1290 1561 1568 1618 voluntate
1611 1561 1847 1634 sumptis
1883 1561 2228 1617 coercebant.

654 1652 761 1708 Sed
808 1661 864 1708 et
902 1652 990 1708 his
1035 1652 1424 1723 praevalebunt,
1472 1668 1771 1723 eorumque
1816 1652 2121 1723 superbiam
2175 1662 2232 1709 et

652 1744 1078 1800 dominationem
1110 1742 1395 1813 eﬁugient,
1424 1743 1533 1798 Deo
1560 1744 1925 1810 conlortante,
1956 1744 2010 1799 in
2040 1758 2146 1813 quo
2172 1751 2228 1798 et

651 1834 1047 1905 gloriabuntur.
1096 1834 1381 1891 Placemus
1409 1836 1554 1890 enim
1601 1837 1759 1892 nobis
1798 1839 1851 1892 in
1889 1835 2129 1902 Christo,
2169 1847 2226 1891 et

649 1926 835 1997 ipsum.
858 1927 1024 1982 robur
1062 1938 1309 1984 nostrum
1349 1927 1619 1991 ducimus,
1656 1936 1712 1982 et
1745 1927 1863 1993 ipso
1890 1926 2135 1995 nitimur,
2171 1935 2227 1983 et

652 2027 821 2075 totam
852 2019 979 2075 vita:
1012 2026 1212 2076 nostra:
1238 2035 1387 2091 spem
1423 2020 1477 2074 in
1504 2035 1571 2077 eo
1603 2019 1906 2091 deﬁgimus.
1931 2016 2049 2074 Non
2078 2018 2224 2074 enim

647 2109 877 2178 legatus,
929 2125 1036 2167 non
1078 2111 1317 2181 angelus,
1365 2112 1462 2167 sed
1520 2111 1635 2182 ipse
1683 2110 1944 2167 Dominus
1996 2108 2227 2165 salvavit

647 2215 748 2255 nos
769 2200 848 2268 ";
880 2210 937 2257 et
963 2210 1024 2256 ut
1053 2202 1187 2257 dicit
1223 2202 1411 2256 beatus
1457 2200 1783 2265 Psalmiceu,
1823 2218 1843 2251 ι
1871 2199 2017 2255 Deus
2038 2207 2226 2255 noster

646 2289 917 2362 refugium
969 2302 1023 2348 et
1071 2294 1284 2356 virtus,
1343 2292 1630 2347 auxiliator
1686 2292 1741 2344 in
1788 2290 2224 2345 tribulationibus

642 2397 767 2455 qua
803 2384 1126 2441 invenerunt
1147 2395 1248 2441 nos
1282 2383 1443 2440 nimis
1462 2384 1529 2437 ⁸⁸.
1560 2400 1581 2435 ι

1283 2698 1436 2759 CAP.
1479 2696 1574 2754 XI.

716 2837 876 2893 Vens.
918 2837 972 2901 1,
1002 2836 1059 2891 2.
1100 2834 1284 2905 Aperi,
1321 2833 1547 2897 Libane,
1598 2840 1774 2901 portas
1813 2840 1957 2895 tuas,
1995 2838 2044 2883 et
2081 2844 2222 2882 como

643 2931 763 2983 edat
788 2928 927 2999 ignis
955 2927 1140 2981 csdres
1164 2934 1306 2979 tuas.
1340 2921 1516 2977 Uiulet
1553 2921 1736 2991 pinus,
1759 2920 1886 2989 quia
1918 2918 2105 2972 cecidit
2140 2932 2223 2970 ce-

642 3023 796 3085 drus,
826 3018 949 3090 quia
994 3018 1323 3071 vehementer
1356 3013 1538 3068 miseri
1582 3011 1714 3081 facti
1762 3017 1886 3065 sunt
1918 3008 2214 3077 optimates.

560 3122 561 3125 ‘
644 3107 884 3174 vlulata,
907 3121 1135 3179 quercus
1156 3103 1510 3170 Basam'tidis,
1538 3102 1665 3173 quia
1696 3101 1930 3156 succisus
1947 3108 2022 3156 est
2051 3099 2220 3179 saltus
2249 3143 2293 3202 Β

642 3198 889 3255 consitus.

713 3377 928 3437 LXXV.
970 3379 1244 3435 Dictorum
1293 3374 1747 3448 signiﬁcationem
1792 3386 1935 3428 nunc
1975 3372 2043 3429 ad
2088 3371 2224 3430 alios

646 3473 914 3543 quosdam
947 3485 1140 3527 sensus
1178 3470 1574 3526 accommodat.
1605 3466 1740 3521 Nam
1769 3477 1891 3521 cum
1916 3465 2062 3535 quod
2092 3465 2223 3520 satis

644 3575 752 3632 est,
784 3576 841 3621 et
868 3564 1146 3637 aptissime
1170 3571 1447 3618 narrasset
1480 3561 1547 3617 de
1580 3560 1861 3615 vocatione
1903 3558 2138 3628 gentium
2169 3557 2221 3611 in

644 3657 865 3714 Christo
903 3671 1000 3727 per
1042 3655 1228 3720 tidem,
1280 3652 1519 3708 futuram
1567 3666 1732 3722 super
1766 3664 1833 3706 eo
1876 3647 2225 3704 incredulita-

647 3761 757 3806 tem
806 3747 1198 3814 lsraelitarum,
1227 3743 1390 3819 755
1426 3756 1670 3815 tempore
1715 3757 1824 3813 quo
1870 3741 2033 3796 homo
2084 3741 2225 3795 inter

644 3856 747 3897 nos
774 3839 876 3895 fuit
904 3840 1179 3905 videlicet,
1204 3838 1512 3893 luculenter
1546 3835 1908 3906 praenuntiat,
1935 3843 1989 3888 et
2022 3834 2124 3887 hac
2158 3832 2225 3887 de

645 3949 811 3989 causa
856 3930 1251 3988 incendendum
1301 3928 1564 3999 templum
1610 3928 1806 3997 ipsum,
1848 3934 2016 3993 atque
2057 3925 2222 3979 etiam

648 4023 1103 4095 Hierosolymam,
1151 4030 1209 4078 et
1257 4022 1477 4090 insuper
1512 4016 1841 4089 subigendas
1880 4018 2023 4086 ipsas
2062 4019 2224 4072 urbes

645 4117 838 4184 Israel,
885 4129 942 4173 et
983 4130 1107 4173 cum
1141 4115 1272 4185 ipsis
1302 4112 1500 4169 incolis
1531 4112 1819 4182 perituras.
1878 4108 2003 4164 Haec
2044 4119 2221 4163 autem

646 4226 745 4279 per
785 4222 985 4263 manus
1008 4206 1377 4261 Romanorum
1424 4211 1636 4272 patrata
1673 4207 1821 4266 sunt,
1853 4197 2138 4267 aliquando
2168 4196 2222 4251 in

645 4301 889 4357 J‘udmam
951 4297 1285 4367 Vespasiane
1316 4306 1371 4351 et
1400 4293 1526 4349 Tito
1553 4307 1703 4348 arma
1747 4290 2112 4346 moventibus.
2152 4288 2223 4343 Et

646 4399 815 4455 esl,ut
833 4398 1537 4459 apparet,supervacaneum
1560 4383 1862 4439 minutatim
1878 4380 2083 4450 singula
2102 4394 2222 4449 per-

2260 1802 2301 1858 Β

2339 554 2425 623 ἐφ’
2448 555 2614 626 ἡμᾶς,
2642 556 2750 626 ἄρα
2776 550 2982 619 ζῶντας
3010 551 3362 607 ἄν’κατέπιον
3394 553 3564 625 ἡμᾶς.
3605 554 3692 608 Ἐν
3724 571 3809 625 τῳ
3844 557 3952 627 ὀρ-

2337 642 2591 715 γισθῆναι
2620 645 2709 697 τὸν
2741 643 2910 715 θυμὸν
2935 643 3113 697 αὐτῶν
3139 642 3223 713 ἐφ’
3252 643 3418 715 ἡμᾶς,
3444 644 3550 716 ἄρα
3576 643 3638 698 τὸ
3668 644 3826 718 ὕδωρ
3870 647 3947 701 ἂν

2336 738 2717 790 κατεπόντισεν
2739 739 2904 808 ἡμᾶς.
2930 736 3244 808 Χείμαρρον
3264 737 3475 808 διῆλθεν
3498 739 3532 809 ἡ
3558 740 3704 811 ψυχὴ
3733 739 3939 811 ἡμῶν,

2336 825 2443 896 ἄρα
2465 824 2679 895 διῆλθεν
2706 826 2737 895 ἡ
2762 826 2907 897 ψυχὴ
2942 822 3098 896 ἡμῶν
3128 826 3187 879 τὸ
3219 824 3361 899 ὕδωρ
3387 827 3447 880 τὸ
3474 829 3886 884 ἀνυπόστατον.
3914 850 3934 881 s

2338 912 2544 988 Ὠσπερ
2577 917 2669 983 δὲ,
2713 916 2899 988 φησὶν,
2947 916 3288 989 αἰχμάλωτος
3324 918 3563 988 γεγονὼς
3607 920 3636 974 6
3671 918 3933 995 Ἰσραὴλδ

2334 1010 2430 1064 καὶ
2461 1012 2543 1074 εἰς
2596 1009 2911 1081 Ἀσσυρίους
2940 1027 2999 1064 τε
3045 1011 3139 1065 καὶ
3179 1011 3400 1082 Μήδους
3440 1013 3935 1086 ἀπενηνεγμένας,

2332 1101 2517 1174 διέδρα
2564 1101 2666 1165 τὰς
2718 1102 2939 1156 ἐκείνων
2997 1101 3183 1175 ὕϐρεις
3240 1103 3363 1174 ἦτοι
3428 1103 3778 1174 πλεονεξίας,
3831 1109 3934 1162 ἀεὶ

2335 1194 2745 1265 προσκειμένων
2774 1195 2869 1249 καὶ
2924 1193 3179 1265 πολεμεῖν
3217 1194 3487 1250 εἰωθότων
3520 1197 3739 1261 αὐτοῖς·
3773 1202 3932 1254 κατᾶ

2330 1282 2423 1336 τὸν
2455 1282 2568 1337 ἴσον
2612 1286 2833 1356 τρόπον,
2882 1285 3066 1356 φησιν,
3112 1284 3164 1337 oi
3196 1278 3593 1358 λελυτρωμένοι
3639 1285 3731 1341 διὰ
3775 1288 3929 1361 Χριο

2334 1373 2485 1440 στοῦ,
2520 1376 2802 1447 κρείττους
2833 1377 3046 1430 ἔσονται
3086 1375 3194 1430 τῶν
3211 1377 3441 1449 ἐχθρῶν,
3476 1377 3687 1449 ὁρατῶν
3707 1379 3929 1450 ’δηλονδ

2330 1465 2413 1518 ότι
2458 1466 2553 1521 καὶ
2616 1466 2883 1539 ἀοράτων,
2925 1468 2976 1521 οἳ
3040 1468 3320 1540 μονονουχὶ
3382 1469 3477 1523 καὶ
3524 1467 3930 1536 κατεϐιάζονυ

2332 1556 2467 1630 πρὸς
2491 1556 2787 1628 ἀϐούλητον
2826 1557 3072 1612 δουλείαν
3115 1559 3331 1626 αὐτοὺς,
3364 1562 3457 1613 καὶ
3490 1553 3600 1614 οἷον
3629 1560 3925 1632 αἰχμαλώ-

2330 1664 2457 1711 τους
2502 1648 2795 1717 γεγονότας
2835 1649 2934 1720 τῆς
2980 1649 3038 1716 ἐξ
3097 1650 3233 1713 ἰδίας
3292 1651 3610 1723 σκαιότητος
3664 1649 3925 1725 συνεῖχον

2327 1738 2564 1811 δεσμοῖς.
2602 1740 2762 1795 Ἀλλὰ
2785 1740 2881 1795 καὶ
2909 1741 3113 1796 τούτων
3138 1741 3348 1797 ἔσονται
3379 1743 3678 1815 κρείττους,
3719 1744 3922 1817 ὕϐρεις

2324 1848 2386 1884 τε
2422 1830 2522 1895 τὰς
2561 1832 2693 1904 παρ’
2727 1833 2953 1887 ἐκείνων
3001 1834 3379 1905 διαφεύξονται
3417 1838 3513 1890 καὶ
3558 1837 3919 1907 πλεονεξίαςδ

2326 1922 2461 1978 Θεοῦ
2511 1923 2931 1995 κατισχύοντος,
2980 1926 3064 1994 ἐφ’
3104 1919 3149 1994 ᾧ
3182 1928 3275 1980 καὶ
3310 1931 3699 2000 καυχησονται.
3747 1928 3923 1999 Μέγα

2324 2013 2433 2084 γὰρ
2464 2011 2771 2086 φρονοῦμεν
2799 2016 2892 2070 ἐπὶ
2916 2017 3156 2088 Χριστῷ,
3185 2018 3279 2071 καὶ
3306 2019 3468 2073 αὐτὸν
3500 2021 3650 2091 ἰσχὺν
3679 2022 3925 2093 πεποιή-

2327 2102 2501 2173 μεθα,
2534 2101 2628 2157 καὶ
2656 2106 2741 2157 ἐπ’
2780 2104 2932 2175 αὐτῷ
2964 2104 3407 2179 τεθαρρήκαμεν,
3438 2109 3533 2161 καὶ
3566 2108 3664 2177 τῆς
3696 2110 3918 2165 ἑαυτῶν

2325 2191 2470 2261 ζωῆς
2497 2192 2625 2256 ὅλας
2654 2193 2848 2264 ἔχομεν
2871 2195 2970 2258 τὰς
3001 2194 3244 2258 ἐλπίδας.
3270 2195 3345 2249 Οὐ
3377 2196 3485 2268 γὰρ
3513 2196 3775 2267 πρέσϐυς,
3813 2198 3920 2252 οὐκ

2322 2281 2572 2350 ἄγγελος,
2614 2282 2729 2336 ἀλλ’
2767 2284 2930 2347 αὐτὸς
2962 2285 2991 2337 6
3029 2285 3232 2357 Κύριος
3275 2285 3477 2340 ἔσωσεν
3520 2284 3700 2357 ἡμᾶς’
3745 2290 3850 2342 καὶ
3882 2280 3918 2362 ᾗ

2324 2388 2488 2445 φησιν
2512 2375 2541 2427 6
2581 2374 2851 2447 μακάριος
2871 2376 3195 2448 Ψαλμῳδὸς,
3228 2397 3245 2430 ι
3287 2378 3511 2450 ’0,Θεὸς
3540 2378 3696 2450 ἡμῶν
3736 2397 3918 2435 κατα-

2325 2466 2495 2537 φυγὴ,
2524 2468 2617 2521 καὶ
2642 2467 2891 2540 δύναμις,
2924 2466 3117 2541 βοηθὸς
3143 2471 3200 2523 ἐν
3230 2468 3438 2540 etiam
3467 2474 3585 2535 ταῖς
3613 2471 3917 2542 εὐρούσαις

2325 2556 2471 2627 ἡμᾶς
2507 2556 2736 2629 σφόδρα.

2914 2692 3164 2752 ΚΕΦᾹΛ.
3215 2695 3317 2750 1Λ’.

2392 2827 2724 2898 Διάνοιξον,
2773 2832 2806 2887 ό
2839 2834 3116 2900 Λίϐανος,
3167 2843 3274 2900 τας
3319 2834 3501 2903 θύρας
3547 2849 3684 2899 σου,
3726 2848 3914 2888 arata-

2324 2921 2555 2991 φαγέτω
2591 2923 2711 2992 πῦρ
2757 2926 2865 2987 τὰς
2898 2923 3150 2992 κέδρους
3202 2937 3341 2979 σου.
3391 2922 3765 2988 Ὀλολυξάτω
3812 2927 3916 2978 πί-

2324 3032 2453 3081 τυς,
2494 3014 2646 3069 διότι
2693 3015 2968 3069 πέπτωκε
3005 3014 3233 3084 κέδρος,
3287 3016 3378 3069 ὅτι
3419 3015 3695 3086 μεγάλως
3740 3032 3916 3085 μετιε-

2323 3104 2546 3173 στᾶνες
2585 3106 3104 3177 ἐταλαιπώρησαν.
3157 3108 3533 3176 Ὸλολύξατε,
3585 3109 3763 3178 δρύες
3800 3108 3914 3177 τῆς

2323 3196 2741 3265 Βασανίτιδος,
2790 3199 2879 3253 ὅτι
2921 3200 3312 3270 κατεσπάσθη
3364 3204 3398 3255 ό
3429 3200 3654 3272 δρυμὸς
3685 3203 3719 3255 ὁ
3753 3203 3911 3271 σύμο

2322 3306 2532 3359 φυτος.

2394 3383 2516 3438 ()Ε¹.
2558 3380 2862 3452 Μεθίστησι
2915 3383 3008 3438 νῦν
3060 3384 3143 3453 ἐφ’
3189 3384 3391 3456 ἐτέρων
3445 3384 3568 3437 τινὰ
3618 3386 3914 3456 νοημάτων

2322 3472 2442 3528 ὁδὸν
2468 3473 2575 3527 τῶν
2598 3473 2906 3546 λεγομένων
2934 3475 3030 3546 τὴν
3055 3475 3306 3548 δήλωσιν.
3346 3477 3699 3551 Ἀποχρῶσαν
3725 3479 3783 3533 δὲ
3809 3481 3914 3553 τὴν

2324 3567 2602 3637 ἀφήγησιν
2629 3561 2689 3620 εὖ
2723 3566 2869 3638 μάλα
2895 3568 3265 3639 πεποιημένος
3292 3569 3392 3640 τὴν
3421 3570 3548 3640 περί
3578 3587 3640 3639 γε
3674 3572 3776 3642 τῆς
3801 3571 3912 3624 τῶν

2325 3656 2496 3711 ἐθνῶν
2545 3658 2786 3731 κλήσεως
2840 3658 2939 3728 τῆς
2991 3660 3048 3712 ἐν
3086 3658 3305 3731 Χριστῷ
3358 3661 3447 3715 διὰ
3490 3663 3760 3727 πίστεως,
3811 3664 3912 3735 τὴν

2326 3748 2590 3820 ἐσομένην
2620 3749 2709 3801 ἐπ’
2739 3749 2888 3820 αὐτῷ
2919 3750 3264 3805 δυσπείθειαν
3298 3746 3407 3804 τῶν
3430 3749 3488 3816 ἐξ
3524 3750 3738 3825 Ἰσραὴλ
3764 3756 3910 3809 κατὰ

2325 3841 2415 3893 τὸν
2457 3840 2557 3906 τῆς
2625 3839 3091 3913 ἐνανθρωπήσεως
3137 3842 3377 3913 δηλονότι
3429 3844 3642 3916 καιρὸν,
3692 3858 3911 3916 προαφ-

2327 3934 2542 4002 ηγεῖται
2576 3932 2783 4002 σαφῶς,
2824 3934 2920 3987 καὶ
2947 3935 3028 3987 ὃτι
3051 3934 3253 4005 ταύτης
3269 3934 3432 3990 ἓνεκα
3449 3935 3547 4008 τῆς
3573 3936 3753 4001 αἰτίας
3784 3948 3910 3993 κατ⁴

2326 4020 2709 4094 εμπρησθῆναι
2744 4023 2826 4077 δεῖ
2856 4023 2945 4077 τὸν
2974 4023 3099 4079 ναόν
3130 4026 3290 4079 αὑτὸν
3311 4067 3327 4092 ,
3369 4028 3461 4081 καὶ
3493 4028 3674 4098 μέντοι
3701 4029 3771 4082 τὰ
3812 4031 3912 4082 Ἰε-

2329 4114 2624 4185 ροσόλυμα,
2656 4114 2999 4186 πῳσαλῶναι
3026 4114 3082 4169 δὲ
3118 4117 3212 4170 καὶ
3239 4116 3408 4181 αὑτὰς
3435 4117 3527 4171 τοῦ
3563 4119 3777 4190 Ἰσραὴλ
3808 4122 3910 4186 τὰς

2326 4201 2530 4271 πόλεις,
2559 4204 2654 4256 καὶ
2682 4198 3069 4258 συνδιολεῖσθαι
3099 4206 3209 4269 τοῖς
3250 4205 3549 4263 ἐνοικοῦσιν
3582 4208 3769 4269 αὐτάς.
3806 4210 3910 4262 ns.

2326 4312 2568 4365 πρακται
2604 4295 2661 4347 δὲ
2689 4294 2857 4348 ταῦτα
2890 4294 2979 4349 διὰ
3010 4295 3189 4367 χειρὸς
3216 4294 3326 4351 τῶν
3360 4297 3666 4368 Ῥωμαίων,
3703 4316 3901 4369 στρατ-

2325 4387 2602 4459 ηγούντων
2645 4387 2788 4441 κατὰ
2833 4388 3024 4460 καιρὸν
3064 4389 3469 4443 Οὐεσπασιανοῦ
3503 4407 3563 4443 τε
3592 4392 3683 4444 καὶ
3713 4392 3904 4446 Τίτου.

647 4498 892 4548 censere,
918 4498 1037 4553 qua:
1073 4479 1383 4536 Judmorum
1416 4478 1662 4544 urbibus,
1694 4476 1807 4531 sive
1838 4474 2071 4544 populis.
2095 4488 2221 4544 pro-

2327 4478 2440 4532 Kat‘t
2472 4478 2745 4563 περιττὸν,
2773 4478 2849 4542 ὡς
2880 4478 3076 4546 ἔοικεν,
3106 4480 3431 4551 ἀφηγεῖσθαι
3460 4480 3670 4545 λεπτῶς
3695 4482 3906 4537 ἕκαστα

578 4618 581 4621 ς
646 4584 769 4644 pter
801 4571 1277 4627 debacchationem
1309 4570 1361 4624 in
1411 4568 1684 4624 Christum
1733 4573 2050 4631 evenerunt,
2097 4579 2221 4619 cum

648 4662 955 4719 volentibus
977 4659 1196 4730 Joseplii
1236 4659 1518 4714 historiam
1564 4658 1745 4729 legere
1776 4655 1958 4723 liceat,
1994 4666 2047 4710 ct
2097 4656 2223 4710 inde

648 4766 769 4822 qua
811 4752 1032 4808 libuerit
1074 4752 1281 4821 singula
1333 4760 1585 4807 accurate
1614 4763 1960 4820 cognoscere.
2007 4746 2224 4802 Transit

650 4845 814 4915 igitur
844 4844 912 4898 ad
953 4857 1050 4898 eos
1074 4842 1165 4910 qui
1198 4851 1355 4897 erant
1401 4843 1467 4897 de
1513 4841 1772 4913 sanguine
1814 4839 2001 4895 Israel.
2044 4839 2108 4893 Et
2138 4839 2225 4892 Li-

649 4938 792 4990 bano
815 4932 1033 5003 quidem
1072 4941 1350 5003 comparat
1376 4931 1615 4989 Judaam
1646 4951 1661 4987 :
1690 4932 2087 5003 quamobrem?
2130 4928 2225 4985 Est

652 5026 801 5081 enim
841 5023 1080 5081 Libanus
1142 5040 1298 5083 mons
1349 5028 1562 5084 decoris
1629 5026 1913 5083 arboribus
1968 5031 2022 5077 et
2074 5022 2225 5079 silvis

650 5116 992 5174 densissimis
1021 5118 1362 5188 conspicuos.
1400 5118 1709 5176 Iudaeorum
1737 5128 1920 5174 autem
1950 5115 2093 5187 regio
2126 5131 2224 5185 po.

652 5206 1001 5277 puiosissima
1031 5247 1046 5272 ,
1075 5216 1133 5262 et
1162 5208 1654 5262 innumerabilibus
1691 5205 1884 5261 incolis
1916 5204 2221 5274 frequentis

651 5302 814 5367 sima,
851 5309 907 5357 et
945 5301 1099 5371 quasi
1142 5302 1332 5357 cedros
1363 5309 1457 5356 aut
1503 5300 1662 5369 pinus
1697 5298 2130 5369 procerissimas,
2169 5308 2224 5353 et

650 5390 774 5445 aliis
814 5392 984 5460 magis
1024 5391 1293 5456 visendas,
1346 5391 1677 5455 sacerdotes,
1729 5390 1968 5460 inquam,
2011 5399 2065 5443 et
2109 5391 2222 5445 suis

652 5482 986 5549 temporibus
1017 5496 1081 5537 ex
1110 5481 1251 5537 tribu
1280 5480 1422 5537 Juda
1465 5490 1779 5551 regnantes,
1823 5491 1879 5536 et
1901 5482 1990 5552 qui
2026 5482 2228 5551 princio

647 5580 807 5642 palus
852 5574 1185 5631 ornamentis
1234 5573 1590 5636 eminentes,-
1624 5580 1731 5627 tota
1774 5573 2052 5643 provincia
2108 5573 2221 5628 noti

717 5750 768 5785 "
792 5754 936 5811 Psal.
967 5753 1290 5824 canini-5.
1371 5753 1418 5789 ⁸⁸
1439 5752 1604 5811 Hebr.
1636 5769 1695 5819 ιι,
1727 5753 1813 5809 l6.
1892 5754 2096 5813 "l’sal.
2126 5753 2292 5823 χιι-,1

2319 4567 2429 4622 τῶν
2456 4566 2878 4640 συμὸεόηκότων
2908 4573 3025 4633 ταῖς
3058 4569 3167 4623 τῶν
3201 4571 3469 4625 Ἰουδαίων
3501 4572 3739 4638 πόλεσιν,
3785 4576 3908 4646 ἦτοι

2319 4659 2533 4731 “ili-0K:
2562 4660 2661 4731 τῆς
2707 4663 2785 4725 εἰς
2829 4661 3062 4732 Χριστὸν
3097 4662 3260 4716 ἕνεκα
3291 4664 3603 4736 παροινίαςο
3639 4664 3758 4730 ἐξὸν
3791 4669 3909 4732 τοῖς

2322 4751 2563 4805 ἐθέλουσι
2587 4755 2697 4818 τοῖς
2734 4752 2998 4825 Ἰωσήπου
3028 4754 3459 4826 συγγράμμασιν
3482 4755 3746 4826 ἐντυχεῖν,
3775 4756 3911 4811 ἀνα-

2325 4842 2516 4913 μαθεῖν
2551 4861 2610 4896 τε
2640 4844 2848 4913 σαφῶς,
2890 4844 3033 4916 ἅπερ
3064 4844 3130 4900 ἂν
3162 4845 3364 4899 ἕλοιντο
3391 4845 3621 4910 λεπτῶς.
3658 4846 3908 4902 Μετακοο
3946 4871 3952 4880 ·

2336 4933 2480 5003 μίξει
2507 4932 2572 5003 δὴ
2598 4926 2689 4985 οῦν
2714 4934 2805 4986 τὸν
2843 4932 2997 5001 λόγον
3036 4934 3127 4987 ἐπὶ
3157 4935 3285 4996 τοὺς
3309 4931 3368 4998 ἐξ
3399 4934 3630 5006 αἵματος
3666 4935 3909 5007 Ἰσραήλ.

2333 5026 2441 5077 Καὶ
2472 5025 2689 5095 Λιὸάνῳ
2719 5024 2818 5093 μὲν
2846 5025 3165 5096 παρεικάζει
3195 5025 3290 5095 τὴν
3326 5024 3603 5092 Ἰουδαίαν,
3630 5026 3716 5081 διὰ
3746 5028 3914 5082 ποίαν

2334 5117 2545 5184 αἰτίαν;
2594 5117 2829 5185 Εῦξυλον
2860 5118 2957 5186 μὲν
3001 5118 3109 5188 γὰρ
3144 5118 3267 5188 ὅρος
3293 5122 3320 5172 6
3351 5116 3611 5184 Λίϐανος,
3652 5119 3745 5172 καὶ
3783 5118 3913 5191 δρυ-

2328 5212 2448 5279 μοῖς
2500 5210 2841 5279 ἀμφιλαφέσι
2889 5211 3221 5281 κατάκομον.
3269 5210 3807 5282 Πολυανθρωποτάτη
3851 5212 3913 5265 δὲ

2326 5301 2419 5355 καὶ
2450 5303 2482 5372 η
2515 5302 2622 5356 τῶν
2658 5302 2929 5356 Ἰουδαίων
2972 5300 3159 5375 χώρα,
3205 5304 3296 5355 καὶ
3336 5300 3572 5373 ἀριθμοῦ
3621 5302 3915 5372 κρείττονα

2324 5392 2422 5464 τὴν
2455 5390 2565 5448 τῶν
2612 5394 2964 5448 ἐνοικούντων
3014 5394 3213 5466 ἔχουσα
3260 5395 3489 5465 πληθὺν,
3538 5395 3631 5449 καὶ
3670 5392 3785 5449 οἷον
3818 5399 3917 5450 κέ-

2325 5484 2483 5556 δρους
2513 5486 2548 5557 ἢ
2606 5486 2767 5551 πίτυς
2795 5486 3235 5557 εὐμηκεστάτας,
3258 5486 3385 5551 τοὺς
3412 5485 3519 5541 τῶν
3549 5486 3724 5541 ἄλλων
3752 5502 3916 5557 περι·

2330 5578 2728 5651 φανεστέρους,
2774 5578 2957 5649 ἱερέας
3001 5578 3061 5633 τέ
3112 5596 3254 5650 φημι
3301 5579 3396 5634 καὶ
3442 5576 3570 5644 τοὺς
3619 5580 3685 5633 ἐκ
3735 5577 3916 5649 φυλῆς
