  <div class='ocr_page' id='page_1' title='image "/cluster/home/n/w/nwhite01/storage/ocr_20150623/72/hvd.32044019207893/097.png"; bbox 0 0 4120 6598; ppageno 0'>
   <div class='ocr_carea' id='block_1_1' title="bbox 628 466 3952 545">
    <p class='ocr_par' dir='ltr' id='par_1_1' title="bbox 628 466 3952 545">
     <span class='ocr_line' id='line_1_1' title="bbox 628 466 3952 545; baseline -0.007 -2"><span class='ocrx_word' id='word_1_1' title='bbox 628 490 748 545; x_wconf 59' lang='grc'><strong>’179</strong></span> <span class='ocrx_word' id='word_1_2' title='bbox 1098 492 1101 493; x_wconf 64' lang='grc'><strong><em>⁷</em></strong></span> <span class='ocrx_word' id='word_1_3' title='bbox 1674 482 1735 538; x_wconf 79' lang='lat' dir='ltr'><strong>S.</strong></span> <span class='ocrx_word' id='word_1_4' title='bbox 1778 478 2065 535; x_wconf 70' lang='lat' dir='ltr'><strong>CYRILH</strong></span> <span class='ocrx_word' id='word_1_5' title='bbox 2098 474 2582 533; x_wconf 51' lang='lat' dir='ltr'><strong>ALEXRNDRINI</strong></span> <span class='ocrx_word' id='word_1_6' title='bbox 2611 473 2933 533; x_wconf 74' lang='lat' dir='ltr'><strong>ARCHIEP.</strong></span> <span class='ocrx_word' id='word_1_7' title='bbox 3834 466 3952 519; x_wconf 73' lang='grc' dir='ltr'>ηο</span> 
     </span>
    </p>
   </div>
   <div class='ocr_carea' id='block_1_2' title="bbox 644 580 2232 675">
    <p class='ocr_par' dir='ltr' id='par_1_2' title="bbox 644 596 2214 675">
     <span class='ocr_line' id='line_1_2' title="bbox 644 596 2214 675; baseline -0.007 -15"><span class='ocrx_word' id='word_1_8' title='bbox 644 606 888 675; x_wconf 87' lang='lat' dir='ltr'><strong>ipsorum</strong></span> <span class='ocrx_word' id='word_1_9' title='bbox 926 599 1399 672; x_wconf 80' lang='lat' dir='ltr'><strong>&#39;rnagniticentiam</strong></span> <span class='ocrx_word' id='word_1_10' title='bbox 1432 606 1681 656; x_wconf 74' lang='lat' dir='ltr'><strong>testatur.</strong></span> <span class='ocrx_word' id='word_1_11' title='bbox 1721 597 1875 656; x_wconf 75' lang='lat' dir='ltr'><strong>Facti</strong></span> <span class='ocrx_word' id='word_1_12' title='bbox 1908 608 2038 656; x_wconf 81' lang='lat' dir='ltr'><strong>sunt</strong></span> <span class='ocrx_word' id='word_1_13' title='bbox 2071 596 2214 652; x_wconf 89' lang='lat' dir='ltr'><strong>enim</strong></span> 
     </span>
    </p>
   </div>
   <div class='ocr_carea' id='block_1_3' title="bbox 2334 580 3945 675">
    <p class='ocr_par' dir='ltr' id='par_1_3' title="bbox 2334 580 3945 675">
     <span class='ocr_line' id='line_1_3' title="bbox 2334 580 3945 675; baseline -0.01 -27"><span class='ocrx_word' id='word_1_14' title='bbox 2334 613 2488 666; x_wconf 67' lang='grc' dir='ltr'>οηκεν</span> <span class='ocrx_word' id='word_1_15' title='bbox 2529 598 2563 668; x_wconf 81' lang='grc' dir='ltr'><strong>ή</strong></span> <span class='ocrx_word' id='word_1_16' title='bbox 2609 592 2954 666; x_wconf 80' lang='grc' dir='ltr'>μεγαλοσύνη</span> <span class='ocrx_word' id='word_1_17' title='bbox 2987 586 3187 643; x_wconf 80' lang='grc' dir='ltr'>αὐτῶν.</span> <span class='ocrx_word' id='word_1_18' title='bbox 3226 584 3488 651; x_wconf 77' lang='grc' dir='ltr'>Γεγόνασι</span> <span class='ocrx_word' id='word_1_19' title='bbox 3530 580 3644 675; x_wconf 76' lang='grc' dir='ltr'><strong>γὰρ</strong></span> <span class='ocrx_word' id='word_1_20' title='bbox 3673 580 3945 675; x_wconf 44' lang='grc' dir='ltr'>σίκτροῖι,</span> 
     </span>
    </p>
   </div>
   <div class='ocr_carea' id='block_1_4' title="bbox 628 672 2232 763">
    <p class='ocr_par' dir='ltr' id='par_1_4' title="bbox 628 672 2215 763">
     <span class='ocr_line' id='line_1_4' title="bbox 628 672 2215 763; baseline -0.006 -13"><span class='ocrx_word' id='word_1_21' title='bbox 628 672 988 750; x_wconf 77' lang='lat' dir='ltr'><strong>miserabiles</strong></span> <span class='ocrx_word' id='word_1_22' title='bbox 1030 704 1086 750; x_wconf 86' lang='lat' dir='ltr'><strong>et</strong></span> <span class='ocrx_word' id='word_1_23' title='bbox 1117 693 1337 763; x_wconf 74' lang='lat' dir='ltr'><strong>abiecti,</strong></span> <span class='ocrx_word' id='word_1_24' title='bbox 1371 693 1669 762; x_wconf 81' lang='lat' dir='ltr'><strong>miserique</strong></span> <span class='ocrx_word' id='word_1_25' title='bbox 1689 701 1744 749; x_wconf 88' lang='lat' dir='ltr'><strong>et</strong></span> <span class='ocrx_word' id='word_1_26' title='bbox 1776 690 2215 763; x_wconf 79' lang='lat' dir='ltr'><strong>despicatissimi,</strong></span> 
     </span>
    </p>
   </div>
   <div class='ocr_carea' id='block_1_5' title="bbox 2334 672 3944 763">
    <p class='ocr_par' dir='ltr' id='par_1_5' title="bbox 2334 672 3944 759">
     <span class='ocr_line' id='line_1_5' title="bbox 2334 672 3944 759; baseline -0.012 -17"><span class='ocrx_word' id='word_1_27' title='bbox 2334 688 2419 741; x_wconf 77' lang='grc' dir='ltr'>καὶ</span> <span class='ocrx_word' id='word_1_28' title='bbox 2453 684 2905 759; x_wconf 78' lang='grc' dir='ltr'>κατερῤιμμένοι-,</span> <span class='ocrx_word' id='word_1_29' title='bbox 2929 678 3150 736; x_wconf 73' lang='grc' dir='ltr'><strong>ἐλεεινοί</strong></span> <span class='ocrx_word' id='word_1_30' title='bbox 3174 695 3234 733; x_wconf 89' lang='grc' dir='ltr'><strong>τε</strong></span> <span class='ocrx_word' id='word_1_31' title='bbox 3269 677 3363 730; x_wconf 74' lang='grc' dir='ltr'>καὶ</span> <span class='ocrx_word' id='word_1_32' title='bbox 3392 672 3764 746; x_wconf 78' lang='grc' dir='ltr'>ἀτιμὼτατοι,</span> <span class='ocrx_word' id='word_1_33' title='bbox 3804 672 3944 725; x_wconf 71' lang='grc' dir='ltr'>καί-</span> 
     </span>
    </p>
   </div>
   <div class='ocr_carea' id='block_1_6' title="bbox 646 781 2217 856">
    <p class='ocr_par' dir='ltr' id='par_1_6' title="bbox 646 781 2217 856">
     <span class='ocr_line' id='line_1_6' title="bbox 646 781 2217 856; baseline -0.003 -16"><span class='ocrx_word' id='word_1_34' title='bbox 646 787 895 856; x_wconf 81' lang='lat' dir='ltr'><strong>quamvis</strong></span> <span class='ocrx_word' id='word_1_35' title='bbox 932 786 1063 842; x_wconf 91' lang='lat' dir='ltr'><strong>olim</strong></span> <span class='ocrx_word' id='word_1_36' title='bbox 1102 785 1397 841; x_wconf 86' lang='lat' dir='ltr'><strong>honoribus</strong></span> <span class='ocrx_word' id='word_1_37' title='bbox 1427 783 1885 840; x_wconf 80' lang='lat' dir='ltr'><strong>circumﬂuerent.</strong></span> <span class='ocrx_word' id='word_1_38' title='bbox 1925 781 2217 852; x_wconf 82' lang='lat' dir='ltr'><strong>Postquam</strong></span> 
     </span>
    </p>
   </div>
   <div class='ocr_carea' id='block_1_7' title="bbox 630 874 2219 946">
    <p class='ocr_par' dir='ltr' id='par_1_7' title="bbox 630 874 2219 946">
     <span class='ocr_line' id='line_1_7' title="bbox 630 874 2219 946; baseline -0.003 -15"><span class='ocrx_word' id='word_1_39' title='bbox 630 876 792 931; x_wconf 73' lang='lat' dir='ltr'><strong>enim</strong></span> <span class='ocrx_word' id='word_1_40' title='bbox 837 884 1201 946; x_wconf 85' lang='lat' dir='ltr'><strong>apparuerunt</strong></span> <span class='ocrx_word' id='word_1_41' title='bbox 1229 884 1473 944; x_wconf 85' lang='lat' dir='ltr'><strong>pastores</strong></span> <span class='ocrx_word' id='word_1_42' title='bbox 1510 890 1605 944; x_wconf 89' lang='lat' dir='ltr'><strong>per</strong></span> <span class='ocrx_word' id='word_1_43' title='bbox 1636 875 1932 940; x_wconf 86' lang='lat' dir='ltr'><strong>Christum,</strong></span> <span class='ocrx_word' id='word_1_44' title='bbox 1995 874 2100 928; x_wconf 83' lang='lat' dir='ltr'><strong>hoc</strong></span> <span class='ocrx_word' id='word_1_45' title='bbox 2135 882 2219 927; x_wconf 89' lang='lat' dir='ltr'><strong>est</strong></span> 
     </span>
    </p>
   </div>
   <div class='ocr_carea' id='block_1_8' title="bbox 630 966 2218 1039">
    <p class='ocr_par' dir='ltr' id='par_1_8' title="bbox 630 966 2218 1039">
     <span class='ocr_line' id='line_1_8' title="bbox 630 966 2218 1039; baseline -0.002 -16"><span class='ocrx_word' id='word_1_46' title='bbox 630 967 815 1023; x_wconf 84' lang='lat' dir='ltr'><strong>divini</strong></span> <span class='ocrx_word' id='word_1_47' title='bbox 846 967 1119 1038; x_wconf 85' lang='lat' dir='ltr'><strong>discipuli,</strong></span> <span class='ocrx_word' id='word_1_48' title='bbox 1153 971 1346 1022; x_wconf 85' lang='lat' dir='ltr'><strong>merito</strong></span> <span class='ocrx_word' id='word_1_49' title='bbox 1377 967 1633 1022; x_wconf 88' lang='lat' dir='ltr'><strong>falsorum</strong></span> <span class='ocrx_word' id='word_1_50' title='bbox 1658 978 1933 1039; x_wconf 81' lang='lat' dir='ltr'><strong>pastorum</strong></span> <span class='ocrx_word' id='word_1_51' title='bbox 1968 966 2218 1038; x_wconf 83' lang='lat' dir='ltr'><strong>magnifi-</strong></span> 
     </span>
    </p>
   </div>
   <div class='ocr_carea' id='block_1_9' title="bbox 652 1058 2218 1114">
    <p class='ocr_par' dir='ltr' id='par_1_9' title="bbox 652 1058 2218 1114">
     <span class='ocr_line' id='line_1_9' title="bbox 652 1058 2218 1114; baseline -0.001 -1"><span class='ocrx_word' id='word_1_52' title='bbox 652 1059 831 1114; x_wconf 85' lang='lat' dir='ltr'><strong>centia</strong></span> <span class='ocrx_word' id='word_1_53' title='bbox 873 1059 1091 1114; x_wconf 81' lang='lat' dir='ltr'><strong>redacta</strong></span> <span class='ocrx_word' id='word_1_54' title='bbox 1138 1066 1220 1112; x_wconf 90' lang='lat' dir='ltr'><strong>est</strong></span> <span class='ocrx_word' id='word_1_55' title='bbox 1268 1058 1334 1112; x_wconf 90' lang='lat' dir='ltr'><strong>ad</strong></span> <span class='ocrx_word' id='word_1_56' title='bbox 1391 1058 1686 1113; x_wconf 82' lang='lat' dir='ltr'><strong>miseriam.</strong></span> <span class='ocrx_word' id='word_1_57' title='bbox 1732 1058 2032 1113; x_wconf 85' lang='lat' dir='ltr'><strong>Accusabat</strong></span> <span class='ocrx_word' id='word_1_58' title='bbox 2076 1060 2218 1112; x_wconf 88' lang='lat' dir='ltr'><strong>enim</strong></span> 
     </span>
    </p>
   </div>
   <div class='ocr_carea' id='block_1_10' title="bbox 649 1146 2218 1219">
    <p class='ocr_par' dir='ltr' id='par_1_10' title="bbox 649 1146 2218 1219">
     <span class='ocr_line' id='line_1_10' title="bbox 649 1146 2218 1219; baseline 0 -17"><span class='ocrx_word' id='word_1_59' title='bbox 649 1160 749 1202; x_wconf 88' lang='lat' dir='ltr'><strong>eos</strong></span> <span class='ocrx_word' id='word_1_60' title='bbox 796 1147 974 1217; x_wconf 87' lang='lat' dir='ltr'><strong>gregis</strong></span> <span class='ocrx_word' id='word_1_61' title='bbox 1032 1146 1293 1202; x_wconf 88' lang='lat' dir='ltr'><strong>Dominus</strong></span> <span class='ocrx_word' id='word_1_62' title='bbox 1350 1161 1446 1217; x_wconf 91' lang='lat' dir='ltr'><strong>per</strong></span> <span class='ocrx_word' id='word_1_63' title='bbox 1502 1147 1795 1219; x_wconf 81' lang='lat' dir='ltr'><strong>prophetas</strong></span> <span class='ocrx_word' id='word_1_64' title='bbox 1836 1157 2090 1215; x_wconf 85' lang='lat' dir='ltr'><strong>sanctos,</strong></span> <span class='ocrx_word' id='word_1_65' title='bbox 2144 1148 2218 1202; x_wconf 74' lang='lat' dir='ltr'><strong>ita</strong></span> 
     </span>
    </p>
   </div>
   <div class='ocr_carea' id='block_1_11' title="bbox 652 1237 2225 1311">
    <p class='ocr_par' dir='ltr' id='par_1_11' title="bbox 652 1237 2225 1311">
     <span class='ocr_line' id='line_1_11' title="bbox 652 1237 2225 1311; baseline 0.002 -19"><span class='ocrx_word' id='word_1_66' title='bbox 652 1238 880 1310; x_wconf 91' lang='lat' dir='ltr'><strong>loquens</strong></span> <span class='ocrx_word' id='word_1_67' title='bbox 907 1256 921 1293; x_wconf 89' lang='lat'><strong>:</strong></span> <span class='ocrx_word' id='word_1_68' title='bbox 960 1257 979 1291; x_wconf 80' lang='grc' dir='ltr'><strong>ι</strong></span> <span class='ocrx_word' id='word_1_69' title='bbox 1011 1237 1057 1295; x_wconf 89' lang='lat'><strong>0</strong></span> <span class='ocrx_word' id='word_1_70' title='bbox 1086 1248 1331 1309; x_wconf 81' lang='lat' dir='ltr'><strong>pastores</strong></span> <span class='ocrx_word' id='word_1_71' title='bbox 1364 1239 1734 1310; x_wconf 81' lang='lat' dir='ltr'><strong>dispergentes</strong></span> <span class='ocrx_word' id='word_1_72' title='bbox 1765 1250 1820 1295; x_wconf 91' lang='lat' dir='ltr'><strong>et</strong></span> <span class='ocrx_word' id='word_1_73' title='bbox 1848 1240 2225 1311; x_wconf 86' lang='lat' dir='ltr'><strong>disperdeotes</strong></span> 
     </span>
    </p>
   </div>
   <div class='ocr_carea' id='block_1_12' title="bbox 652 1331 2225 1402">
    <p class='ocr_par' dir='ltr' id='par_1_12' title="bbox 652 1331 2225 1402">
     <span class='ocr_line' id='line_1_12' title="bbox 652 1331 2225 1402; baseline 0.002 -16"><span class='ocrx_word' id='word_1_74' title='bbox 652 1345 782 1386; x_wconf 84' lang='lat' dir='ltr'><strong>oves</strong></span> <span class='ocrx_word' id='word_1_75' title='bbox 810 1345 1026 1401; x_wconf 76' lang='lat' dir='ltr'><strong>pascuae</strong></span> <span class='ocrx_word' id='word_1_76' title='bbox 1066 1345 1252 1386; x_wconf 88' lang='lat' dir='ltr'><strong>eorum</strong></span> <span class='ocrx_word' id='word_1_77' title='bbox 1275 1332 1342 1387; x_wconf 72' lang='grc' dir='ltr'><strong>θ’.</strong></span> <span class='ocrx_word' id='word_1_78' title='bbox 1377 1350 1397 1383; x_wconf 70' lang='grc' dir='ltr'><strong>ι</strong></span> <span class='ocrx_word' id='word_1_79' title='bbox 1434 1332 1500 1386; x_wconf 80' lang='lat' dir='ltr'><strong>Et</strong></span> <span class='ocrx_word' id='word_1_80' title='bbox 1537 1332 1733 1387; x_wconf 87' lang='lat' dir='ltr'><strong>iterum</strong></span> <span class='ocrx_word' id='word_1_81' title='bbox 1768 1351 1781 1386; x_wconf 91' lang='lat'><strong>:</strong></span> <span class='ocrx_word' id='word_1_82' title='bbox 1816 1349 1844 1384; x_wconf 70' lang='grc' dir='ltr'>«ι</span> <span class='ocrx_word' id='word_1_83' title='bbox 1868 1331 2004 1400; x_wconf 85' lang='lat' dir='ltr'><strong>Quia</strong></span> <span class='ocrx_word' id='word_1_84' title='bbox 2042 1341 2225 1402; x_wconf 85' lang='lat' dir='ltr'><strong>pasto-</strong></span> 
     </span>
    </p>
   </div>
   <div class='ocr_carea' id='block_1_13' title="bbox 654 1421 2223 1494">
    <p class='ocr_par' dir='ltr' id='par_1_13' title="bbox 654 1421 2223 1494">
     <span class='ocr_line' id='line_1_13' title="bbox 654 1421 2223 1494; baseline 0.001 -19"><span class='ocrx_word' id='word_1_85' title='bbox 654 1435 743 1476; x_wconf 85' lang='lat' dir='ltr'><strong>rcs</strong></span> <span class='ocrx_word' id='word_1_86' title='bbox 787 1421 949 1477; x_wconf 86' lang='lat' dir='ltr'><strong>stulte</strong></span> <span class='ocrx_word' id='word_1_87' title='bbox 1001 1431 1249 1494; x_wconf 88' lang='lat' dir='ltr'><strong>egerunt,</strong></span> <span class='ocrx_word' id='word_1_88' title='bbox 1301 1423 1687 1479; x_wconf 71' lang='lat' dir='ltr'><strong>et&#39;Dominum</strong></span> <span class='ocrx_word' id='word_1_89' title='bbox 1737 1438 1840 1479; x_wconf 89' lang='lat' dir='ltr'><strong>non</strong></span> <span class='ocrx_word' id='word_1_90' title='bbox 1870 1425 2223 1494; x_wconf 73' lang='lat' dir='ltr'><strong>quaesierunt,</strong></span> 
     </span>
    </p>
   </div>
   <div class='ocr_carea' id='block_1_14' title="bbox 655 1511 2228 1585">
    <p class='ocr_par' dir='ltr' id='par_1_14' title="bbox 655 1511 2228 1585">
     <span class='ocr_line' id='line_1_14' title="bbox 655 1511 2228 1585; baseline 0.003 -21"><span class='ocrx_word' id='word_1_91' title='bbox 655 1521 880 1581; x_wconf 86' lang='lat' dir='ltr'><strong>propter</strong></span> <span class='ocrx_word' id='word_1_92' title='bbox 911 1511 1015 1568; x_wconf 89' lang='lat' dir='ltr'><strong>hoc</strong></span> <span class='ocrx_word' id='word_1_93' title='bbox 1052 1527 1158 1567; x_wconf 91' lang='lat' dir='ltr'><strong>non</strong></span> <span class='ocrx_word' id='word_1_94' title='bbox 1192 1512 1457 1568; x_wconf 76' lang='lat' dir='ltr'><strong>intellexit</strong></span> <span class='ocrx_word' id='word_1_95' title='bbox 1488 1513 1664 1568; x_wconf 89' lang='lat' dir='ltr'><strong>omnis</strong></span> <span class='ocrx_word' id='word_1_96' title='bbox 1692 1527 1845 1583; x_wconf 82' lang='lat' dir='ltr'><strong>grex,</strong></span> <span class='ocrx_word' id='word_1_97' title='bbox 1874 1523 1928 1570; x_wconf 90' lang='lat' dir='ltr'><strong>et</strong></span> <span class='ocrx_word' id='word_1_98' title='bbox 1953 1515 2228 1585; x_wconf 87' lang='lat' dir='ltr'><strong>dispersus</strong></span> 
     </span>
    </p>
   </div>
   <div class='ocr_carea' id='block_1_15' title="bbox 655 1600 2224 1670">
    <p class='ocr_par' dir='ltr' id='par_1_15' title="bbox 655 1600 2224 1670">
     <span class='ocr_line' id='line_1_15' title="bbox 655 1600 2224 1670; baseline 0.003 -16"><span class='ocrx_word' id='word_1_99' title='bbox 655 1600 832 1655; x_wconf 78' lang='lat' dir='ltr'><strong>est”.</strong></span> <span class='ocrx_word' id='word_1_100' title='bbox 873 1620 893 1652; x_wconf 78' lang='grc' dir='ltr'><strong>ι</strong></span> <span class='ocrx_word' id='word_1_101' title='bbox 950 1601 1222 1656; x_wconf 86' lang='lat' dir='ltr'><strong>Promittit</strong></span> <span class='ocrx_word' id='word_1_102' title='bbox 1285 1610 1465 1656; x_wconf 72' lang='lat' dir='ltr'><strong>autem</strong></span> <span class='ocrx_word' id='word_1_103' title='bbox 1519 1602 1869 1658; x_wconf 82' lang='lat' dir='ltr'><strong>credentibus</strong></span> <span class='ocrx_word' id='word_1_104' title='bbox 1927 1602 1982 1657; x_wconf 91' lang='lat' dir='ltr'><strong>in</strong></span> <span class='ocrx_word' id='word_1_105' title='bbox 2049 1604 2224 1670; x_wconf 87' lang='lat' dir='ltr'><strong>ipsum</strong></span> 
     </span>
    </p>
   </div>
   <div class='ocr_carea' id='block_1_16' title="bbox 657 1693 2229 1764">
    <p class='ocr_par' dir='ltr' id='par_1_16' title="bbox 657 1693 2229 1764">
     <span class='ocr_line' id='line_1_16' title="bbox 657 1693 2229 1764; baseline 0.001 -18"><span class='ocrx_word' id='word_1_106' title='bbox 657 1707 946 1761; x_wconf 88' lang='lat' dir='ltr'><strong>germanos</strong></span> <span class='ocrx_word' id='word_1_107' title='bbox 986 1702 1234 1762; x_wconf 88' lang='lat' dir='ltr'><strong>pastores</strong></span> <span class='ocrx_word' id='word_1_108' title='bbox 1276 1695 1550 1760; x_wconf 87' lang='lat' dir='ltr'><strong>daturum,</strong></span> <span class='ocrx_word' id='word_1_109' title='bbox 1597 1694 1675 1748; x_wconf 82' lang='lat' dir='ltr'><strong>sic</strong></span> <span class='ocrx_word' id='word_1_110' title='bbox 1710 1708 1923 1749; x_wconf 86' lang='lat' dir='ltr'><strong>rursum</strong></span> <span class='ocrx_word' id='word_1_111' title='bbox 1948 1693 2111 1764; x_wconf 80' lang='grc'><strong>757</strong></span> <span class='ocrx_word' id='word_1_112' title='bbox 2147 1693 2229 1748; x_wconf 87' lang='lat' dir='ltr'><strong>di-</strong></span> 
     </span>
    </p>
   </div>
   <div class='ocr_carea' id='block_1_17' title="bbox 658 1783 2232 1852">
    <p class='ocr_par' dir='ltr' id='par_1_17' title="bbox 658 1783 2232 1852">
     <span class='ocr_line' id='line_1_17' title="bbox 658 1783 2232 1852; baseline 0.001 -13"><span class='ocrx_word' id='word_1_113' title='bbox 658 1798 789 1840; x_wconf 86' lang='lat' dir='ltr'><strong>cens</strong></span> <span class='ocrx_word' id='word_1_114' title='bbox 830 1802 844 1839; x_wconf 92' lang='lat'><strong>:</strong></span> <span class='ocrx_word' id='word_1_115' title='bbox 877 1804 896 1838; x_wconf 87' lang='grc' dir='ltr'><strong>ι</strong></span> <span class='ocrx_word' id='word_1_116' title='bbox 929 1783 998 1839; x_wconf 83' lang='grc' dir='ltr'>Ει</span> <span class='ocrx_word' id='word_1_117' title='bbox 1038 1784 1288 1840; x_wconf 89' lang='lat' dir='ltr'><strong>inducam</strong></span> <span class='ocrx_word' id='word_1_118' title='bbox 1333 1801 1428 1840; x_wconf 89' lang='lat' dir='ltr'><strong>vos</strong></span> <span class='ocrx_word' id='word_1_119' title='bbox 1475 1787 1528 1839; x_wconf 89' lang='lat' dir='ltr'><strong>in</strong></span> <span class='ocrx_word' id='word_1_120' title='bbox 1578 1783 1747 1852; x_wconf 85' lang='lat' dir='ltr'><strong>Sion,</strong></span> <span class='ocrx_word' id='word_1_121' title='bbox 1803 1794 1860 1840; x_wconf 86' lang='lat' dir='ltr'><strong>et</strong></span> <span class='ocrx_word' id='word_1_122' title='bbox 1899 1785 2038 1840; x_wconf 88' lang='lat' dir='ltr'><strong>dabo</strong></span> <span class='ocrx_word' id='word_1_123' title='bbox 2079 1785 2232 1841; x_wconf 87' lang='lat' dir='ltr'><strong>vobis</strong></span> 
     </span>
    </p>
   </div>
   <div class='ocr_carea' id='block_1_18' title="bbox 658 1875 2228 1947">
    <p class='ocr_par' dir='ltr' id='par_1_18' title="bbox 658 1875 2228 1947">
     <span class='ocr_line' id='line_1_18' title="bbox 658 1875 2228 1947; baseline 0.002 -18"><span class='ocrx_word' id='word_1_124' title='bbox 658 1885 903 1946; x_wconf 88' lang='lat' dir='ltr'><strong>pastores</strong></span> <span class='ocrx_word' id='word_1_125' title='bbox 929 1875 1221 1931; x_wconf 79' lang='lat' dir='ltr'><strong>secundum</strong></span> <span class='ocrx_word' id='word_1_126' title='bbox 1248 1891 1343 1931; x_wconf 82' lang='lat' dir='ltr'><strong>COI’</strong></span> <span class='ocrx_word' id='word_1_127' title='bbox 1370 1891 1570 1941; x_wconf 89' lang='lat' dir='ltr'><strong>meum,</strong></span> <span class='ocrx_word' id='word_1_128' title='bbox 1600 1883 1655 1930; x_wconf 90' lang='lat' dir='ltr'><strong>et</strong></span> <span class='ocrx_word' id='word_1_129' title='bbox 1684 1884 1905 1943; x_wconf 86' lang='lat' dir='ltr'><strong>pascent</strong></span> <span class='ocrx_word' id='word_1_130' title='bbox 1927 1891 2026 1931; x_wconf 76' lang='lat' dir='ltr'><strong>VOS</strong></span> <span class='ocrx_word' id='word_1_131' title='bbox 2044 1887 2228 1947; x_wconf 84' lang='lat' dir='ltr'><strong>pasto-</strong></span> 
     </span>
    </p>
   </div>
   <div class='ocr_carea' id='block_1_19' title="bbox 662 1966 2229 2040">
    <p class='ocr_par' dir='ltr' id='par_1_19' title="bbox 662 1966 2229 2040">
     <span class='ocr_line' id='line_1_19' title="bbox 662 1966 2229 2040; baseline 0.003 -20"><span class='ocrx_word' id='word_1_132' title='bbox 662 1982 753 2023; x_wconf 87' lang='lat' dir='ltr'><strong>res</strong></span> <span class='ocrx_word' id='word_1_133' title='bbox 778 1982 899 2022; x_wconf 93' lang='lat' dir='ltr'><strong>cum</strong></span> <span class='ocrx_word' id='word_1_134' title='bbox 937 1968 1163 2023; x_wconf 80' lang='lat' dir='ltr'><strong>scientia</strong></span> <span class='ocrx_word' id='word_1_135' title='bbox 1187 1966 1254 2021; x_wconf 76' lang='lat'><strong>“.</strong></span> <span class='ocrx_word' id='word_1_136' title='bbox 1290 1985 1311 2020; x_wconf 69' lang='grc' dir='ltr'><strong>ι</strong></span> <span class='ocrx_word' id='word_1_137' title='bbox 1351 1969 1578 2036; x_wconf 86' lang='lat' dir='ltr'><strong>Quinam</strong></span> <span class='ocrx_word' id='word_1_138' title='bbox 1608 1967 1933 2024; x_wconf 58' lang='lat' dir='ltr'><strong>istiiDivini</strong></span> <span class='ocrx_word' id='word_1_139' title='bbox 1959 1968 2229 2040; x_wconf 88' lang='lat' dir='ltr'><strong>discipuli,</strong></span> 
     </span>
    </p>
   </div>
   <div class='ocr_carea' id='block_1_20' title="bbox 660 2056 2233 2131">
    <p class='ocr_par' dir='ltr' id='par_1_20' title="bbox 660 2056 2233 2131">
     <span class='ocr_line' id='line_1_20' title="bbox 660 2056 2233 2131; baseline 0.003 -20"><span class='ocrx_word' id='word_1_140' title='bbox 660 2067 717 2112; x_wconf 87' lang='lat' dir='ltr'><strong>et</strong></span> <span class='ocrx_word' id='word_1_141' title='bbox 760 2056 1122 2114; x_wconf 83' lang='lat' dir='ltr'><strong>Ecclesiarum</strong></span> <span class='ocrx_word' id='word_1_142' title='bbox 1173 2059 1288 2115; x_wconf 89' lang='lat' dir='ltr'><strong>suis</strong></span> <span class='ocrx_word' id='word_1_143' title='bbox 1344 2058 1546 2129; x_wconf 81' lang='lat' dir='ltr'><strong>quique</strong></span> <span class='ocrx_word' id='word_1_144' title='bbox 1593 2059 1924 2129; x_wconf 85' lang='lat' dir='ltr'><strong>temporibus</strong></span> <span class='ocrx_word' id='word_1_145' title='bbox 1976 2060 2233 2131; x_wconf 72' lang='lat' dir='ltr'><strong>praesides</strong></span> 
     </span>
    </p>
   </div>
   <div class='ocr_carea' id='block_1_21' title="bbox 660 2150 2236 2219">
    <p class='ocr_par' dir='ltr' id='par_1_21' title="bbox 660 2150 2236 2219">
     <span class='ocr_line' id='line_1_21' title="bbox 660 2150 2236 2219; baseline 0.001 -16"><span class='ocrx_word' id='word_1_146' title='bbox 660 2157 828 2219; x_wconf 82' lang='lat' dir='ltr'><strong>atque</strong></span> <span class='ocrx_word' id='word_1_147' title='bbox 872 2158 1134 2215; x_wconf 87' lang='lat' dir='ltr'><strong>rectores,</strong></span> <span class='ocrx_word' id='word_1_148' title='bbox 1188 2166 1208 2201; x_wconf 78' lang='grc' dir='ltr'><strong>ι</strong></span> <span class='ocrx_word' id='word_1_149' title='bbox 1238 2157 1387 2205; x_wconf 83' lang='lat' dir='ltr'><strong>recte</strong></span> <span class='ocrx_word' id='word_1_150' title='bbox 1429 2158 1734 2205; x_wconf 89' lang='lat' dir='ltr'><strong>tractantes</strong></span> <span class='ocrx_word' id='word_1_151' title='bbox 1770 2151 1992 2206; x_wconf 81' lang='lat' dir='ltr'><strong>verbum</strong></span> <span class='ocrx_word' id='word_1_152' title='bbox 2036 2150 2236 2205; x_wconf 85' lang='lat' dir='ltr'><strong>verita-</strong></span> 
     </span>
    </p>
   </div>
   <div class='ocr_carea' id='block_1_22' title="bbox 663 2240 2232 2313">
    <p class='ocr_par' dir='ltr' id='par_1_22' title="bbox 663 2240 2232 2313">
     <span class='ocr_line' id='line_1_22' title="bbox 663 2240 2232 2313; baseline 0.002 -20"><span class='ocrx_word' id='word_1_153' title='bbox 663 2240 821 2305; x_wconf 76' lang='lat' dir='ltr'><strong>tis&quot;,</strong></span> <span class='ocrx_word' id='word_1_154' title='bbox 854 2258 874 2293; x_wconf 74' lang='grc' dir='ltr'><strong>ι</strong></span> <span class='ocrx_word' id='word_1_155' title='bbox 923 2249 977 2296; x_wconf 90' lang='lat' dir='ltr'><strong>et</strong></span> <span class='ocrx_word' id='word_1_156' title='bbox 1008 2242 1103 2310; x_wconf 90' lang='lat' dir='ltr'><strong>qui</strong></span> <span class='ocrx_word' id='word_1_157' title='bbox 1154 2240 1334 2295; x_wconf 80' lang='lat' dir='ltr'><strong>sciant</strong></span> <span class='ocrx_word' id='word_1_158' title='bbox 1376 2241 1680 2311; x_wconf 81' lang='lat' dir='ltr'><strong>subjectum</strong></span> <span class='ocrx_word' id='word_1_159' title='bbox 1746 2242 1848 2297; x_wconf 88' lang='lat' dir='ltr'><strong>sibi</strong></span> <span class='ocrx_word' id='word_1_160' title='bbox 1893 2255 2113 2313; x_wconf 84' lang='lat' dir='ltr'><strong>gregem</strong></span> <span class='ocrx_word' id='word_1_161' title='bbox 2164 2243 2232 2296; x_wconf 92' lang='lat' dir='ltr'><strong>ad</strong></span> 
     </span>
    </p>
   </div>
   <div class='ocr_carea' id='block_1_23' title="bbox 635 2330 2233 2402">
    <p class='ocr_par' dir='ltr' id='par_1_23' title="bbox 635 2330 2233 2402">
     <span class='ocr_line' id='line_1_23' title="bbox 635 2330 2233 2402; baseline -0.001 -16"><span class='ocrx_word' id='word_1_162' title='bbox 635 2331 911 2402; x_wconf 78' lang='lat' dir='ltr'><strong>quamvis</strong></span> <span class='ocrx_word' id='word_1_163' title='bbox 964 2330 1249 2394; x_wconf 87' lang='lat' dir='ltr'><strong>utilitatem</strong></span> <span class='ocrx_word' id='word_1_164' title='bbox 1310 2330 1645 2401; x_wconf 86' lang='lat' dir='ltr'><strong>spiritualem</strong></span> <span class='ocrx_word' id='word_1_165' title='bbox 1703 2333 1988 2387; x_wconf 84' lang='lat' dir='ltr'><strong>deducere.</strong></span> <span class='ocrx_word' id='word_1_166' title='bbox 2048 2330 2233 2401; x_wconf 84' lang='lat' dir='ltr'><strong>Itaque</strong></span> 
     </span>
    </p>
   </div>
   <div class='ocr_carea' id='block_1_24' title="bbox 658 2422 2236 2493">
    <p class='ocr_par' dir='ltr' id='par_1_24' title="bbox 658 2422 2236 2493">
     <span class='ocr_line' id='line_1_24' title="bbox 658 2422 2236 2493; baseline -0.001 -15"><span class='ocrx_word' id='word_1_167' title='bbox 658 2422 933 2478; x_wconf 82' lang='lat' dir='ltr'><strong>lamentati</strong></span> <span class='ocrx_word' id='word_1_168' title='bbox 956 2432 1081 2478; x_wconf 91' lang='lat' dir='ltr'><strong>sunt</strong></span> <span class='ocrx_word' id='word_1_169' title='bbox 1103 2422 1221 2478; x_wconf 86' lang='lat' dir='ltr'><strong>falsi</strong></span> <span class='ocrx_word' id='word_1_170' title='bbox 1243 2431 1509 2491; x_wconf 80' lang='lat' dir='ltr'><strong>pastores,</strong></span> <span class='ocrx_word' id='word_1_171' title='bbox 1541 2424 1662 2493; x_wconf 87' lang='lat' dir='ltr'><strong>quia</strong></span> <span class='ocrx_word' id='word_1_172' title='bbox 1687 2424 1741 2479; x_wconf 91' lang='lat' dir='ltr'><strong>in</strong></span> <span class='ocrx_word' id='word_1_173' title='bbox 1766 2424 2039 2480; x_wconf 80' lang='lat' dir='ltr'><strong>miseriam</strong></span> <span class='ocrx_word' id='word_1_174' title='bbox 2069 2425 2236 2479; x_wconf 80' lang='lat' dir='ltr'><strong>vertit</strong></span> 
     </span>
    </p>
   </div>
   <div class='ocr_carea' id='block_1_25' title="bbox 658 2515 2235 2589">
    <p class='ocr_par' dir='ltr' id='par_1_25' title="bbox 658 2515 2235 2589">
     <span class='ocr_line' id='line_1_25' title="bbox 658 2515 2235 2589; baseline 0.001 -19"><span class='ocrx_word' id='word_1_175' title='bbox 658 2530 846 2571; x_wconf 83' lang='lat' dir='ltr'><strong>eorum</strong></span> <span class='ocrx_word' id='word_1_176' title='bbox 892 2515 1321 2589; x_wconf 63' lang='lat' dir='ltr'><strong>magnificentia,</strong></span> <span class='ocrx_word' id='word_1_177' title='bbox 1362 2515 1413 2569; x_wconf 92' lang='lat' dir='ltr'><strong>id</strong></span> <span class='ocrx_word' id='word_1_178' title='bbox 1453 2516 1595 2585; x_wconf 81' lang='lat' dir='ltr'><strong>quod</strong></span> <span class='ocrx_word' id='word_1_179' title='bbox 1635 2516 1790 2572; x_wconf 86' lang='lat' dir='ltr'><strong>nobis</strong></span> <span class='ocrx_word' id='word_1_180' title='bbox 1826 2524 1882 2572; x_wconf 91' lang='lat' dir='ltr'><strong>et</strong></span> <span class='ocrx_word' id='word_1_181' title='bbox 1924 2516 2030 2571; x_wconf 90' lang='lat' dir='ltr'><strong>alio</strong></span> <span class='ocrx_word' id='word_1_182' title='bbox 2076 2518 2235 2573; x_wconf 90' lang='lat' dir='ltr'><strong>modo</strong></span> 
     </span>
    </p>
   </div>
   <div class='ocr_carea' id='block_1_26' title="bbox 659 2605 2232 2677">
    <p class='ocr_par' dir='ltr' id='par_1_26' title="bbox 659 2605 2232 2677">
     <span class='ocr_line' id='line_1_26' title="bbox 659 2605 2232 2677; baseline -0.001 -14"><span class='ocrx_word' id='word_1_183' title='bbox 659 2607 956 2677; x_wconf 85' lang='lat' dir='ltr'><strong>significat,</strong></span> <span class='ocrx_word' id='word_1_184' title='bbox 978 2607 1272 2675; x_wconf 80' lang='lat' dir='ltr'><strong>adiungens</strong></span> <span class='ocrx_word' id='word_1_185' title='bbox 1289 2624 1301 2662; x_wconf 92' lang='lat'><strong>:</strong></span> <span class='ocrx_word' id='word_1_186' title='bbox 1321 2625 1345 2657; x_wconf 70' lang='grc' dir='ltr'><strong>ι</strong></span> <span class='ocrx_word' id='word_1_187' title='bbox 1363 2605 1477 2661; x_wconf 77' lang='lat' dir='ltr'><strong>Vox</strong></span> <span class='ocrx_word' id='word_1_188' title='bbox 1497 2606 1823 2676; x_wconf 78' lang='lat' dir='ltr'><strong>rugientium</strong></span> <span class='ocrx_word' id='word_1_189' title='bbox 1847 2606 2091 2673; x_wconf 89' lang='lat' dir='ltr'><strong>leonum,</strong></span> <span class='ocrx_word' id='word_1_190' title='bbox 2107 2608 2232 2676; x_wconf 88' lang='lat' dir='ltr'><strong>quia</strong></span> 
     </span>
    </p>
   </div>
   <div class='ocr_carea' id='block_1_27' title="bbox 658 2695 2233 2754">
    <p class='ocr_par' dir='ltr' id='par_1_27' title="bbox 658 2695 2233 2754">
     <span class='ocr_line' id='line_1_27' title="bbox 658 2695 2233 2754; baseline 0.001 -2"><span class='ocrx_word' id='word_1_191' title='bbox 658 2698 829 2753; x_wconf 85' lang='lat' dir='ltr'><strong>miser</strong></span> <span class='ocrx_word' id='word_1_192' title='bbox 881 2696 1056 2752; x_wconf 86' lang='lat' dir='ltr'><strong>factus</strong></span> <span class='ocrx_word' id='word_1_193' title='bbox 1101 2706 1184 2752; x_wconf 89' lang='lat' dir='ltr'><strong>est</strong></span> <span class='ocrx_word' id='word_1_194' title='bbox 1237 2695 1487 2751; x_wconf 53' lang='lat' dir='ltr'><strong>fremitus</strong></span> <span class='ocrx_word' id='word_1_195' title='bbox 1527 2695 1800 2751; x_wconf 62' lang='lat' dir='ltr'><strong>hrdanis.</strong></span> <span class='ocrx_word' id='word_1_196' title='bbox 1834 2715 1853 2749; x_wconf 74' lang='grc' dir='ltr'><strong>ι</strong></span> <span class='ocrx_word' id='word_1_197' title='bbox 1910 2695 2044 2753; x_wconf 66' lang='lat' dir='ltr'><strong>Vere</strong></span> <span class='ocrx_word' id='word_1_198' title='bbox 2088 2699 2233 2754; x_wconf 90' lang='lat' dir='ltr'><strong>enim</strong></span> 
     </span>
    </p>
   </div>
   <div class='ocr_carea' id='block_1_28' title="bbox 659 2786 2236 2858">
    <p class='ocr_par' dir='ltr' id='par_1_28' title="bbox 659 2786 2236 2858">
     <span class='ocr_line' id='line_1_28' title="bbox 659 2786 2236 2858; baseline 0.002 -17"><span class='ocrx_word' id='word_1_199' title='bbox 659 2786 871 2858; x_wconf 85' lang='lat' dir='ltr'><strong>rugitus</strong></span> <span class='ocrx_word' id='word_1_200' title='bbox 904 2795 989 2842; x_wconf 85' lang='lat' dir='ltr'><strong>est</strong></span> <span class='ocrx_word' id='word_1_201' title='bbox 1032 2786 1247 2843; x_wconf 90' lang='lat' dir='ltr'><strong>leonum</strong></span> <span class='ocrx_word' id='word_1_202' title='bbox 1291 2801 1417 2850; x_wconf 76' lang='lat' dir='ltr'><strong>vox,</strong></span> <span class='ocrx_word' id='word_1_203' title='bbox 1463 2801 1625 2856; x_wconf 90' lang='lat' dir='ltr'><strong>quam</strong></span> <span class='ocrx_word' id='word_1_204' title='bbox 1671 2788 1862 2851; x_wconf 90' lang='lat' dir='ltr'><strong>edunt,</strong></span> <span class='ocrx_word' id='word_1_205' title='bbox 1895 2797 2117 2858; x_wconf 88' lang='lat' dir='ltr'><strong>propter</strong></span> <span class='ocrx_word' id='word_1_206' title='bbox 2163 2789 2236 2844; x_wconf 86' lang='lat' dir='ltr'><strong>fa-</strong></span> 
     </span>
    </p>
   </div>
   <div class='ocr_carea' id='block_1_29' title="bbox 661 2876 2235 2947">
    <p class='ocr_par' dir='ltr' id='par_1_29' title="bbox 661 2876 2235 2947">
     <span class='ocr_line' id='line_1_29' title="bbox 661 2876 2235 2947; baseline 0.001 -14"><span class='ocrx_word' id='word_1_207' title='bbox 661 2892 827 2942; x_wconf 89' lang='lat' dir='ltr'><strong>mem,</strong></span> <span class='ocrx_word' id='word_1_208' title='bbox 854 2884 910 2932; x_wconf 80' lang='lat' dir='ltr'><strong>et</strong></span> <span class='ocrx_word' id='word_1_209' title='bbox 933 2876 1055 2947; x_wconf 86' lang='lat' dir='ltr'><strong>quia</strong></span> <span class='ocrx_word' id='word_1_210' title='bbox 1092 2877 1215 2933; x_wconf 87' lang='lat' dir='ltr'><strong>cibo</strong></span> <span class='ocrx_word' id='word_1_211' title='bbox 1237 2884 1425 2933; x_wconf 80' lang='lat' dir='ltr'><strong>carent</strong></span> <span class='ocrx_word' id='word_1_212' title='bbox 1460 2876 1757 2946; x_wconf 78' lang='lat' dir='ltr'><strong>plorantes.</strong></span> <span class='ocrx_word' id='word_1_213' title='bbox 1791 2876 1859 2933; x_wconf 86' lang='lat' dir='ltr'><strong>Et</strong></span> <span class='ocrx_word' id='word_1_214' title='bbox 1890 2879 1956 2934; x_wconf 91' lang='lat' dir='ltr'><strong>de</strong></span> <span class='ocrx_word' id='word_1_215' title='bbox 1988 2879 2235 2936; x_wconf 90' lang='lat' dir='ltr'><strong>leonibus</strong></span> 
     </span>
    </p>
   </div>
   <div class='ocr_carea' id='block_1_30' title="bbox 660 2968 2236 3041">
    <p class='ocr_par' dir='ltr' id='par_1_30' title="bbox 660 2968 2236 3041">
     <span class='ocr_line' id='line_1_30' title="bbox 660 2968 2236 3041; baseline 0.004 -18"><span class='ocrx_word' id='word_1_216' title='bbox 660 2971 825 3026; x_wconf 83' lang='lat' dir='ltr'><strong>etiam</strong></span> <span class='ocrx_word' id='word_1_217' title='bbox 856 2970 1040 3024; x_wconf 89' lang='lat' dir='ltr'><strong>divina</strong></span> <span class='ocrx_word' id='word_1_218' title='bbox 1073 2968 1356 3039; x_wconf 84' lang='lat' dir='ltr'><strong>Scriptura</strong></span> <span class='ocrx_word' id='word_1_219' title='bbox 1397 2968 1475 3023; x_wconf 90' lang='lat' dir='ltr'><strong>sic</strong></span> <span class='ocrx_word' id='word_1_220' title='bbox 1514 2968 1775 3038; x_wconf 87' lang='lat' dir='ltr'><strong>loquitur.</strong></span> <span class='ocrx_word' id='word_1_221' title='bbox 1808 2970 2082 3041; x_wconf 84' lang='lat' dir='ltr'><strong>Comperti</strong></span> <span class='ocrx_word' id='word_1_222' title='bbox 2111 2985 2236 3029; x_wconf 85' lang='lat' dir='ltr'><strong>sunt</strong></span> 
     </span>
    </p>
   </div>
   <div class='ocr_carea' id='block_1_31' title="bbox 660 3059 2235 3132">
    <p class='ocr_par' dir='ltr' id='par_1_31' title="bbox 660 3059 2235 3132">
     <span class='ocr_line' id='line_1_31' title="bbox 660 3059 2235 3132; baseline 0.003 -16"><span class='ocrx_word' id='word_1_223' title='bbox 660 3064 827 3132; x_wconf 84' lang='lat' dir='ltr'><strong>igitur</strong></span> <span class='ocrx_word' id='word_1_224' title='bbox 872 3059 1218 3117; x_wconf 80' lang='lat' dir='ltr'><strong>Judaicorum</strong></span> <span class='ocrx_word' id='word_1_225' title='bbox 1248 3061 1501 3116; x_wconf 87' lang='lat' dir='ltr'><strong>ordinum</strong></span> <span class='ocrx_word' id='word_1_226' title='bbox 1535 3063 1806 3132; x_wconf 90' lang='lat' dir='ltr'><strong>principes</strong></span> <span class='ocrx_word' id='word_1_227' title='bbox 1832 3072 1891 3118; x_wconf 94' lang='lat' dir='ltr'><strong>ut</strong></span> <span class='ocrx_word' id='word_1_228' title='bbox 1919 3065 2101 3121; x_wconf 87' lang='lat' dir='ltr'><strong>leones</strong></span> <span class='ocrx_word' id='word_1_229' title='bbox 2145 3083 2235 3121; x_wconf 85' lang='lat' dir='ltr'><strong>ru-</strong></span> 
     </span>
    </p>
   </div>
   <div class='ocr_carea' id='block_1_32' title="bbox 661 3152 2235 3226">
    <p class='ocr_par' dir='ltr' id='par_1_32' title="bbox 661 3152 2235 3226">
     <span class='ocr_line' id='line_1_32' title="bbox 661 3152 2235 3226; baseline 0.006 -19"><span class='ocrx_word' id='word_1_230' title='bbox 661 3152 893 3222; x_wconf 86' lang='lat' dir='ltr'><strong>gientes,</strong></span> <span class='ocrx_word' id='word_1_231' title='bbox 920 3152 1229 3209; x_wconf 87' lang='lat' dir='ltr'><strong>esurientes</strong></span> <span class='ocrx_word' id='word_1_232' title='bbox 1278 3162 1332 3208; x_wconf 91' lang='lat' dir='ltr'><strong>et</strong></span> <span class='ocrx_word' id='word_1_233' title='bbox 1354 3154 1650 3224; x_wconf 86' lang='lat' dir='ltr'><strong>plorantes,</strong></span> <span class='ocrx_word' id='word_1_234' title='bbox 1676 3159 1816 3226; x_wconf 83' lang='lat' dir='ltr'><strong>quod</strong></span> <span class='ocrx_word' id='word_1_235' title='bbox 1846 3171 1950 3212; x_wconf 87' lang='lat' dir='ltr'><strong>non</strong></span> <span class='ocrx_word' id='word_1_236' title='bbox 1975 3158 2235 3216; x_wconf 84' lang='lat' dir='ltr'><strong>haberent</strong></span> 
     </span>
    </p>
   </div>
   <div class='ocr_carea' id='block_1_33' title="bbox 2322 766 3941 850">
    <p class='ocr_par' dir='ltr' id='par_1_33' title="bbox 2322 766 3941 850">
     <span class='ocr_line' id='line_1_33' title="bbox 2322 766 3941 850; baseline -0.01 -17"><span class='ocrx_word' id='word_1_237' title='bbox 2322 796 2403 833; x_wconf 85' lang='grc' dir='ltr'><strong>τοι</strong></span> <span class='ocrx_word' id='word_1_238' title='bbox 2449 779 2617 832; x_wconf 81' lang='grc' dir='ltr'>πάλαι</span> <span class='ocrx_word' id='word_1_239' title='bbox 2670 773 3147 850; x_wconf 79' lang='grc' dir='ltr'>περιφανεστέραν</span> <span class='ocrx_word' id='word_1_240' title='bbox 3207 770 3421 842; x_wconf 79' lang='grc' dir='ltr'>ἔχοντες</span> <span class='ocrx_word' id='word_1_241' title='bbox 3465 768 3648 833; x_wconf 80' lang='grc' dir='ltr'>δόξαν.</span> <span class='ocrx_word' id='word_1_242' title='bbox 3690 766 3941 834; x_wconf 70' lang='grc' dir='ltr'>Ἐπειδὴ</span> 
     </span>
    </p>
   </div>
   <div class='ocr_carea' id='block_1_34' title="bbox 2325 858 3941 941">
    <p class='ocr_par' dir='ltr' id='par_1_34' title="bbox 2325 858 3941 941">
     <span class='ocr_line' id='line_1_34' title="bbox 2325 858 3941 941; baseline -0.009 -18"><span class='ocrx_word' id='word_1_243' title='bbox 2325 869 2433 941; x_wconf 84' lang='grc' dir='ltr'><strong>γὰρ</strong></span> <span class='ocrx_word' id='word_1_244' title='bbox 2467 868 2854 939; x_wconf 83' lang='grc' dir='ltr'>ἀνεδείχθησαν</span> <span class='ocrx_word' id='word_1_245' title='bbox 2899 867 2950 920; x_wconf 84' lang='grc' dir='ltr'>οἱ</span> <span class='ocrx_word' id='word_1_246' title='bbox 2994 865 3083 918; x_wconf 78' lang='grc' dir='ltr'>διὰ</span> <span class='ocrx_word' id='word_1_247' title='bbox 3124 860 3364 933; x_wconf 77' lang='grc' dir='ltr'><strong>Χριστοῦ</strong></span> <span class='ocrx_word' id='word_1_248' title='bbox 3414 858 3715 931; x_wconf 76' lang='grc' dir='ltr'><strong>ποιμένες,</strong></span> <span class='ocrx_word' id='word_1_249' title='bbox 3770 873 3941 910; x_wconf 80' lang='grc' dir='ltr'>τουτ-</span> 
     </span>
    </p>
   </div>
   <div class='ocr_carea' id='block_1_35' title="bbox 2328 946 3935 1028">
    <p class='ocr_par' dir='ltr' id='par_1_35' title="bbox 2328 946 3935 1028">
     <span class='ocr_line' id='line_1_35' title="bbox 2328 946 3935 1028; baseline -0.011 -13"><span class='ocrx_word' id='word_1_250' title='bbox 2328 963 2494 1025; x_wconf 76' lang='grc' dir='ltr'>έστιν,</span> <span class='ocrx_word' id='word_1_251' title='bbox 2523 961 2574 1014; x_wconf 81' lang='lat' dir='ltr'><strong>oi</strong></span> <span class='ocrx_word' id='word_1_252' title='bbox 2612 959 2888 1013; x_wconf 82' lang='grc' dir='ltr'>θεσπέσιοι</span> <span class='ocrx_word' id='word_1_253' title='bbox 2935 956 3204 1028; x_wconf 69' lang='grc' dir='ltr'>μαθηταὶ,</span> <span class='ocrx_word' id='word_1_254' title='bbox 3247 950 3743 1021; x_wconf 83' lang='grc' dir='ltr'>τεταλαιπώρηκεν</span> <span class='ocrx_word' id='word_1_255' title='bbox 3781 946 3935 1000; x_wconf 78' lang='grc' dir='ltr'>εἰκό-</span> 
     </span>
    </p>
   </div>
   <div class='ocr_carea' id='block_1_36' title="bbox 2325 1038 3938 1124">
    <p class='ocr_par' dir='ltr' id='par_1_36' title="bbox 2325 1038 3938 1124">
     <span class='ocr_line' id='line_1_36' title="bbox 2325 1038 3938 1124; baseline -0.01 -17"><span class='ocrx_word' id='word_1_256' title='bbox 2325 1070 2431 1117; x_wconf 83' lang='grc' dir='ltr'><strong>τως</strong></span> <span class='ocrx_word' id='word_1_257' title='bbox 2461 1056 2495 1124; x_wconf 80' lang='grc' dir='ltr'><strong>ἠ</strong></span> <span class='ocrx_word' id='word_1_258' title='bbox 2530 1052 2638 1106; x_wconf 83' lang='grc' dir='ltr'><strong>τῶν</strong></span> <span class='ocrx_word' id='word_1_259' title='bbox 2668 1048 3108 1123; x_wconf 83' lang='grc' dir='ltr'>ψευδοποιμένων</span> <span class='ocrx_word' id='word_1_260' title='bbox 3154 1044 3515 1118; x_wconf 77' lang='grc' dir='ltr'>μεγαλοσύνη.</span> <span class='ocrx_word' id='word_1_261' title='bbox 3555 1042 3793 1115; x_wconf 79' lang='grc' dir='ltr'>ᾘτιᾶτο</span> <span class='ocrx_word' id='word_1_262' title='bbox 3832 1038 3938 1109; x_wconf 74' lang='grc' dir='ltr'>μὲν</span> 
     </span>
    </p>
   </div>
   <div class='ocr_carea' id='block_1_37' title="bbox 2326 1130 3935 1217">
    <p class='ocr_par' dir='ltr' id='par_1_37' title="bbox 2326 1130 3935 1217">
     <span class='ocr_line' id='line_1_37' title="bbox 2326 1130 3935 1217; baseline -0.011 -18"><span class='ocrx_word' id='word_1_263' title='bbox 2326 1146 2436 1217; x_wconf 79' lang='grc' dir='ltr'><strong>γὰρ</strong></span> <span class='ocrx_word' id='word_1_264' title='bbox 2475 1143 2673 1207; x_wconf 76' lang='grc' dir='ltr'>αὐτοὺς</span> <span class='ocrx_word' id='word_1_265' title='bbox 2702 1144 2731 1195; x_wconf 85' lang='grc' dir='ltr'><strong>ὁ</strong></span> <span class='ocrx_word' id='word_1_266' title='bbox 2756 1142 2859 1213; x_wconf 80' lang='grc' dir='ltr'>τῆς</span> <span class='ocrx_word' id='word_1_267' title='bbox 2888 1140 3091 1211; x_wconf 80' lang='grc' dir='ltr'><strong>ἀγέλης</strong></span> <span class='ocrx_word' id='word_1_268' title='bbox 3122 1138 3399 1204; x_wconf 80' lang='grc' dir='ltr'><strong>Δεσπότης</strong></span> <span class='ocrx_word' id='word_1_269' title='bbox 3418 1178 3431 1199; x_wconf 90' lang='grc'><strong>,</strong></span> <span class='ocrx_word' id='word_1_270' title='bbox 3479 1134 3568 1189; x_wconf 79' lang='grc' dir='ltr'>διὰ</span> <span class='ocrx_word' id='word_1_271' title='bbox 3609 1130 3935 1204; x_wconf 68' lang='grc' dir='ltr'>προφητῶν</span> 
     </span>
    </p>
   </div>
   <div class='ocr_carea' id='block_1_38' title="bbox 2329 1221 3936 1305">
    <p class='ocr_par' dir='ltr' id='par_1_38' title="bbox 2329 1221 3936 1305">
     <span class='ocr_line' id='line_1_38' title="bbox 2329 1221 3936 1305; baseline -0.011 -16"><span class='ocrx_word' id='word_1_272' title='bbox 2329 1235 2501 1305; x_wconf 79' lang='grc' dir='ltr'>ἁγίων</span> <span class='ocrx_word' id='word_1_273' title='bbox 2539 1233 2681 1287; x_wconf 78' lang='grc' dir='ltr'>οὓτω</span> <span class='ocrx_word' id='word_1_274' title='bbox 2712 1232 2884 1301; x_wconf 87' lang='grc' dir='ltr'>λέγων</span> <span class='ocrx_word' id='word_1_275' title='bbox 2903 1247 2918 1262; x_wconf 77' lang='grc'><strong>⁰</strong></span> <span class='ocrx_word' id='word_1_276' title='bbox 2959 1249 2977 1282; x_wconf 80' lang='grc' dir='ltr'><strong>ι</strong></span> <span class='ocrx_word' id='word_1_277' title='bbox 3003 1226 3075 1282; x_wconf 74' lang='grc' dir='ltr'><strong><em>Ἦ</em></strong></span> <span class='ocrx_word' id='word_1_278' title='bbox 3105 1230 3155 1282; x_wconf 77' lang='grc' dir='ltr'>οἱ</span> <span class='ocrx_word' id='word_1_279' title='bbox 3201 1226 3462 1297; x_wconf 77' lang='grc' dir='ltr'><strong>ποιμένες</strong></span> <span class='ocrx_word' id='word_1_280' title='bbox 3512 1224 3562 1278; x_wconf 77' lang='grc' dir='ltr'>οἱ</span> <span class='ocrx_word' id='word_1_281' title='bbox 3590 1221 3936 1293; x_wconf 69' lang='grc' dir='ltr'>διασκορπί-</span> 
     </span>
    </p>
   </div>
   <div class='ocr_carea' id='block_1_39' title="bbox 2304 1314 3935 1393">
    <p class='ocr_par' dir='ltr' id='par_1_39' title="bbox 2304 1314 3935 1393">
     <span class='ocr_line' id='line_1_39' title="bbox 2304 1314 3935 1393; baseline -0.015 -9"><span class='ocrx_word' id='word_1_282' title='bbox 2304 1327 2511 1393; x_wconf 63' lang='grc' dir='ltr'>’ζοντες</span> <span class='ocrx_word' id='word_1_283' title='bbox 2555 1327 2651 1380; x_wconf 73' lang='grc' dir='ltr'>καὶ</span> <span class='ocrx_word' id='word_1_284' title='bbox 2691 1323 3023 1388; x_wconf 79' lang='grc' dir='ltr'><strong>ἀπολλύντες</strong></span> <span class='ocrx_word' id='word_1_285' title='bbox 3064 1321 3135 1376; x_wconf 84' lang='grc' dir='ltr'><strong>τὰ</strong></span> <span class='ocrx_word' id='word_1_286' title='bbox 3170 1320 3414 1393; x_wconf 74' lang='grc' dir='ltr'>πρόόατα</span> <span class='ocrx_word' id='word_1_287' title='bbox 3454 1319 3554 1389; x_wconf 81' lang='grc' dir='ltr'>τῆς</span> <span class='ocrx_word' id='word_1_288' title='bbox 3595 1315 3784 1387; x_wconf 78' lang='grc' dir='ltr'>νομῆς</span> <span class='ocrx_word' id='word_1_289' title='bbox 3837 1314 3935 1367; x_wconf 67' lang='grc' dir='ltr'><strong>αὖ.</strong></span> 
     </span>
    </p>
   </div>
   <div class='ocr_carea' id='block_1_40' title="bbox 2326 1406 3932 1483">
    <p class='ocr_par' dir='ltr' id='par_1_40' title="bbox 2326 1406 3932 1483">
     <span class='ocr_line' id='line_1_40' title="bbox 2326 1406 3932 1483; baseline -0.01 -10"><span class='ocrx_word' id='word_1_290' title='bbox 2326 1419 2453 1473; x_wconf 83' lang='grc' dir='ltr'>τῶν.</span> <span class='ocrx_word' id='word_1_291' title='bbox 2479 1439 2503 1471; x_wconf 69' lang='grc' dir='ltr'><strong>ι</strong></span> <span class='ocrx_word' id='word_1_292' title='bbox 2534 1419 2647 1473; x_wconf 72' lang='grc' dir='ltr'><strong>Καὶ</strong></span> <span class='ocrx_word' id='word_1_293' title='bbox 2679 1418 2843 1472; x_wconf 85' lang='grc' dir='ltr'>πάλιν</span> <span class='ocrx_word' id='word_1_294' title='bbox 2862 1435 2876 1447; x_wconf 73' lang='grc' dir='ltr'><strong>ο</strong></span> <span class='ocrx_word' id='word_1_295' title='bbox 2913 1435 2931 1468; x_wconf 79' lang='grc' dir='ltr'><strong>ι</strong></span> <span class='ocrx_word' id='word_1_296' title='bbox 2963 1417 3089 1468; x_wconf 86' lang='grc' dir='ltr'>Ὅτι</span> <span class='ocrx_word' id='word_1_297' title='bbox 3118 1414 3169 1467; x_wconf 84' lang='grc' dir='ltr'>οἱ</span> <span class='ocrx_word' id='word_1_298' title='bbox 3199 1412 3457 1483; x_wconf 80' lang='grc' dir='ltr'>ποιμένες</span> <span class='ocrx_word' id='word_1_299' title='bbox 3482 1406 3932 1479; x_wconf 77' lang='grc' dir='ltr'>ἠφρονεῦσαντο,</span> 
     </span>
    </p>
   </div>
   <div class='ocr_carea' id='block_1_41' title="bbox 2329 1501 3931 1580">
    <p class='ocr_par' dir='ltr' id='par_1_41' title="bbox 2329 1501 3931 1580">
     <span class='ocr_line' id='line_1_41' title="bbox 2329 1501 3931 1580; baseline -0.008 -17"><span class='ocrx_word' id='word_1_300' title='bbox 2329 1512 2422 1563; x_wconf 73' lang='grc' dir='ltr'>καὶ</span> <span class='ocrx_word' id='word_1_301' title='bbox 2458 1509 2550 1562; x_wconf 78' lang='grc' dir='ltr'>τὸν</span> <span class='ocrx_word' id='word_1_302' title='bbox 2583 1506 2784 1580; x_wconf 80' lang='grc' dir='ltr'>Κύριον</span> <span class='ocrx_word' id='word_1_303' title='bbox 2812 1508 2911 1561; x_wconf 81' lang='grc' dir='ltr'>οὐκ</span> <span class='ocrx_word' id='word_1_304' title='bbox 2943 1506 3249 1577; x_wconf 73' lang='grc' dir='ltr'>ἐζήτησανο</span> <span class='ocrx_word' id='word_1_305' title='bbox 3285 1502 3371 1557; x_wconf 80' lang='grc' dir='ltr'><strong>διὰ</strong></span> <span class='ocrx_word' id='word_1_306' title='bbox 3402 1502 3557 1556; x_wconf 69' lang='grc' dir='ltr'>τώτο</span> <span class='ocrx_word' id='word_1_307' title='bbox 3584 1502 3692 1555; x_wconf 75' lang='grc' dir='ltr'><strong>οὐκ</strong></span> <span class='ocrx_word' id='word_1_308' title='bbox 3725 1501 3931 1569; x_wconf 73' lang='grc' dir='ltr'>ἐνόησε</span> 
     </span>
    </p>
   </div>
   <div class='ocr_carea' id='block_1_42' title="bbox 2330 1591 3933 1674">
    <p class='ocr_par' dir='ltr' id='par_1_42' title="bbox 2330 1591 3933 1674">
     <span class='ocr_line' id='line_1_42' title="bbox 2330 1591 3933 1674; baseline -0.007 -18"><span class='ocrx_word' id='word_1_309' title='bbox 2330 1604 2479 1656; x_wconf 83' lang='grc' dir='ltr'>πᾶσα</span> <span class='ocrx_word' id='word_1_310' title='bbox 2509 1604 2541 1674; x_wconf 80' lang='grc' dir='ltr'><strong>ἡ</strong></span> <span class='ocrx_word' id='word_1_311' title='bbox 2577 1602 2747 1673; x_wconf 81' lang='grc' dir='ltr'>νομὴ,</span> <span class='ocrx_word' id='word_1_312' title='bbox 2787 1602 2881 1655; x_wconf 71' lang='grc' dir='ltr'>καὶ</span> <span class='ocrx_word' id='word_1_313' title='bbox 2921 1598 3329 1669; x_wconf 84' lang='grc' dir='ltr'>διεσκορπίσθη.</span> <span class='ocrx_word' id='word_1_314' title='bbox 3356 1617 3374 1647; x_wconf 76' lang='grc' dir='ltr'><strong>ι</strong></span> <span class='ocrx_word' id='word_1_315' title='bbox 3418 1594 3839 1665; x_wconf 78' lang='grc' dir='ltr'>Ἑπηγγέλλετο</span> <span class='ocrx_word' id='word_1_316' title='bbox 3878 1591 3933 1644; x_wconf 67' lang='grc' dir='ltr'>ἃ</span> 
     </span>
    </p>
   </div>
   <div class='ocr_carea' id='block_1_43' title="bbox 2329 1682 3935 1759">
    <p class='ocr_par' dir='ltr' id='par_1_43' title="bbox 2329 1682 3935 1759">
     <span class='ocr_line' id='line_1_43' title="bbox 2329 1682 3935 1759; baseline -0.009 -11"><span class='ocrx_word' id='word_1_317' title='bbox 2329 1698 2440 1759; x_wconf 80' lang='grc' dir='ltr'>τοῖς</span> <span class='ocrx_word' id='word_1_318' title='bbox 2469 1697 2547 1757; x_wconf 82' lang='grc' dir='ltr'><strong>είς</strong></span> <span class='ocrx_word' id='word_1_319' title='bbox 2589 1693 2753 1747; x_wconf 75' lang='grc' dir='ltr'>αὑτὸν</span> <span class='ocrx_word' id='word_1_320' title='bbox 2791 1691 3105 1746; x_wconf 84' lang='grc' dir='ltr'>πιστεύουσι</span> <span class='ocrx_word' id='word_1_321' title='bbox 3152 1691 3280 1753; x_wconf 82' lang='grc' dir='ltr'>τοὺς</span> <span class='ocrx_word' id='word_1_322' title='bbox 3322 1687 3576 1757; x_wconf 76' lang='grc' dir='ltr'><strong>γνησίους</strong></span> <span class='ocrx_word' id='word_1_323' title='bbox 3612 1682 3935 1746; x_wconf 77' lang='grc' dir='ltr'><strong>ἀναδείξειν</strong></span> 
     </span>
    </p>
   </div>
   <div class='ocr_carea' id='block_1_44' title="bbox 2332 1776 3931 1859">
    <p class='ocr_par' dir='ltr' id='par_1_44' title="bbox 2332 1776 3931 1859">
     <span class='ocr_line' id='line_1_44' title="bbox 2332 1776 3931 1859; baseline -0.011 -17"><span class='ocrx_word' id='word_1_324' title='bbox 2332 1787 2612 1859; x_wconf 81' lang='grc' dir='ltr'>ποιμένας,</span> <span class='ocrx_word' id='word_1_325' title='bbox 2638 1785 2782 1840; x_wconf 80' lang='grc' dir='ltr'>οὕτω</span> <span class='ocrx_word' id='word_1_326' title='bbox 2814 1785 2975 1838; x_wconf 73' lang='grc' dir='ltr'>πάλιν</span> <span class='ocrx_word' id='word_1_327' title='bbox 3004 1782 3194 1836; x_wconf 80' lang='grc' dir='ltr'>εἰπών·</span> <span class='ocrx_word' id='word_1_328' title='bbox 3232 1801 3250 1833; x_wconf 79' lang='grc' dir='ltr'><strong>ι</strong></span> <span class='ocrx_word' id='word_1_329' title='bbox 3278 1781 3390 1834; x_wconf 76' lang='grc' dir='ltr'><strong>Καὶ</strong></span> <span class='ocrx_word' id='word_1_330' title='bbox 3420 1777 3619 1843; x_wconf 73' lang='grc' dir='ltr'>εἰσάξω</span> <span class='ocrx_word' id='word_1_331' title='bbox 3656 1777 3818 1845; x_wconf 72' lang='grc' dir='ltr'>ὑμᾶς</span> <span class='ocrx_word' id='word_1_332' title='bbox 3852 1776 3931 1836; x_wconf 82' lang='grc' dir='ltr'><strong>είς</strong></span> 
     </span>
    </p>
   </div>
   <div class='ocr_carea' id='block_1_45' title="bbox 2333 1865 3931 1945">
    <p class='ocr_par' dir='ltr' id='par_1_45' title="bbox 2333 1865 3931 1945">
     <span class='ocr_line' id='line_1_45' title="bbox 2333 1865 3931 1945; baseline -0.008 -15"><span class='ocrx_word' id='word_1_333' title='bbox 2333 1877 2491 1943; x_wconf 84' lang='grc' dir='ltr'>Σιὼν,</span> <span class='ocrx_word' id='word_1_334' title='bbox 2539 1877 2634 1933; x_wconf 77' lang='grc' dir='ltr'>καὶ</span> <span class='ocrx_word' id='word_1_335' title='bbox 2680 1875 2834 1930; x_wconf 84' lang='grc' dir='ltr'>δώσω</span> <span class='ocrx_word' id='word_1_336' title='bbox 2868 1875 2999 1945; x_wconf 82' lang='grc' dir='ltr'>ὑμῖν</span> <span class='ocrx_word' id='word_1_337' title='bbox 3044 1872 3306 1944; x_wconf 78' lang='grc' dir='ltr'>ποιμένας</span> <span class='ocrx_word' id='word_1_338' title='bbox 3350 1869 3494 1924; x_wconf 84' lang='grc' dir='ltr'><strong>κατά</strong></span> <span class='ocrx_word' id='word_1_339' title='bbox 3537 1869 3635 1938; x_wconf 75' lang='grc' dir='ltr'>τὴν</span> <span class='ocrx_word' id='word_1_340' title='bbox 3691 1865 3931 1937; x_wconf 70' lang='grc' dir='ltr'>καρδίαν</span> 
     </span>
    </p>
   </div>
   <div class='ocr_carea' id='block_1_46' title="bbox 2336 1955 3929 2041">
    <p class='ocr_par' dir='ltr' id='par_1_46' title="bbox 2336 1955 3929 2041">
     <span class='ocr_line' id='line_1_46' title="bbox 2336 1955 3929 2041; baseline -0.011 -17"><span class='ocrx_word' id='word_1_341' title='bbox 2336 1987 2461 2041; x_wconf 88' lang='grc' dir='ltr'>μου,</span> <span class='ocrx_word' id='word_1_342' title='bbox 2501 1968 2597 2022; x_wconf 72' lang='grc' dir='ltr'><strong>καὶ</strong></span> <span class='ocrx_word' id='word_1_343' title='bbox 2640 1964 2996 2038; x_wconf 86' lang='grc' dir='ltr'>ποιμανοῦσιν</span> <span class='ocrx_word' id='word_1_344' title='bbox 3030 1965 3175 2035; x_wconf 82' lang='grc' dir='ltr'>ὑμᾶς</span> <span class='ocrx_word' id='word_1_345' title='bbox 3218 1961 3596 2033; x_wconf 82' lang='grc' dir='ltr'>ποιμαίνοντες</span> <span class='ocrx_word' id='word_1_346' title='bbox 3633 1956 3754 2027; x_wconf 80' lang='grc' dir='ltr'>μετ’</span> <span class='ocrx_word' id='word_1_347' title='bbox 3803 1955 3929 2007; x_wconf 76' lang='grc' dir='ltr'>ἑπι-</span> 
     </span>
    </p>
   </div>
   <div class='ocr_carea' id='block_1_47' title="bbox 2336 2048 3929 2132">
    <p class='ocr_par' dir='ltr' id='par_1_47' title="bbox 2336 2048 3929 2132">
     <span class='ocr_line' id='line_1_47' title="bbox 2336 2048 3929 2132; baseline -0.011 -18"><span class='ocrx_word' id='word_1_348' title='bbox 2336 2062 2569 2132; x_wconf 77' lang='grc' dir='ltr'>στήμης.</span> <span class='ocrx_word' id='word_1_349' title='bbox 2596 2078 2616 2111; x_wconf 69' lang='grc' dir='ltr'><strong>ι</strong></span> <span class='ocrx_word' id='word_1_350' title='bbox 2649 2057 2805 2121; x_wconf 81' lang='grc' dir='ltr'>Τίνες</span> <span class='ocrx_word' id='word_1_351' title='bbox 2833 2058 2891 2110; x_wconf 76' lang='grc' dir='ltr'>δὲ</span> <span class='ocrx_word' id='word_1_352' title='bbox 2922 2049 3097 2123; x_wconf 54' lang='grc' dir='ltr'>οῦτοιςη</span> <span class='ocrx_word' id='word_1_353' title='bbox 3124 2056 3186 2108; x_wconf 79' lang='lat' dir='ltr'><strong>0i</strong></span> <span class='ocrx_word' id='word_1_354' title='bbox 3221 2051 3497 2107; x_wconf 76' lang='grc' dir='ltr'>θεσπέσιοι</span> <span class='ocrx_word' id='word_1_355' title='bbox 3530 2048 3804 2120; x_wconf 77' lang='grc' dir='ltr'>μαθηταὶ,</span> <span class='ocrx_word' id='word_1_356' title='bbox 3837 2048 3929 2098; x_wconf 70' lang='grc' dir='ltr'>καὶ</span> 
     </span>
    </p>
   </div>
   <div class='ocr_carea' id='block_1_48' title="bbox 2334 2135 3930 2216">
    <p class='ocr_par' dir='ltr' id='par_1_48' title="bbox 2334 2135 3930 2216">
     <span class='ocr_line' id='line_1_48' title="bbox 2334 2135 3930 2216; baseline -0.009 -12"><span class='ocrx_word' id='word_1_357' title='bbox 2334 2153 2382 2204; x_wconf 82' lang='grc' dir='ltr'>οἱ</span> <span class='ocrx_word' id='word_1_358' title='bbox 2423 2150 2531 2204; x_wconf 85' lang='grc' dir='ltr'><strong>τῶν</strong></span> <span class='ocrx_word' id='word_1_359' title='bbox 2586 2147 2920 2216; x_wconf 84' lang='grc' dir='ltr'>Ἐκκλησιῶν</span> <span class='ocrx_word' id='word_1_360' title='bbox 2957 2146 3100 2201; x_wconf 82' lang='grc' dir='ltr'><strong>κατά</strong></span> <span class='ocrx_word' id='word_1_361' title='bbox 3144 2144 3371 2215; x_wconf 80' lang='grc' dir='ltr'>καιροὺς</span> <span class='ocrx_word' id='word_1_362' title='bbox 3421 2140 3741 2214; x_wconf 77' lang='grc' dir='ltr'>ἡγούμενοι,</span> <span class='ocrx_word' id='word_1_363' title='bbox 3779 2155 3802 2188; x_wconf 78' lang='grc' dir='ltr'><strong>ι</strong></span> <span class='ocrx_word' id='word_1_364' title='bbox 3838 2135 3930 2190; x_wconf 75' lang='grc' dir='ltr'><strong>τὸν</strong></span> 
     </span>
    </p>
   </div>
   <div class='ocr_carea' id='block_1_49' title="bbox 2332 2226 3927 2313">
    <p class='ocr_par' dir='ltr' id='par_1_49' title="bbox 2332 2226 3927 2313">
     <span class='ocr_line' id='line_1_49' title="bbox 2332 2226 3927 2313; baseline -0.011 -16"><span class='ocrx_word' id='word_1_365' title='bbox 2332 2243 2433 2313; x_wconf 79' lang='grc' dir='ltr'>τῆς</span> <span class='ocrx_word' id='word_1_366' title='bbox 2480 2239 2738 2311; x_wconf 80' lang='grc' dir='ltr'><strong>ἀληθείας</strong></span> <span class='ocrx_word' id='word_1_367' title='bbox 2788 2236 3212 2310; x_wconf 84' lang='grc' dir='ltr'>ὀρθοτομοῦντες</span> <span class='ocrx_word' id='word_1_368' title='bbox 3258 2235 3435 2305; x_wconf 83' lang='grc' dir='ltr'>λόγον,</span> <span class='ocrx_word' id='word_1_369' title='bbox 3462 2251 3479 2284; x_wconf 76' lang='grc' dir='ltr'><strong>ι</strong></span> <span class='ocrx_word' id='word_1_370' title='bbox 3533 2234 3628 2285; x_wconf 76' lang='grc' dir='ltr'><strong>καὶ</strong></span> <span class='ocrx_word' id='word_1_371' title='bbox 3675 2230 3762 2292; x_wconf 76' lang='grc' dir='ltr'><strong>είς</strong></span> <span class='ocrx_word' id='word_1_372' title='bbox 3818 2226 3927 2280; x_wconf 72' lang='grc' dir='ltr'><strong>πᾶδ</strong></span> 
     </span>
    </p>
   </div>
   <div class='ocr_carea' id='block_1_50' title="bbox 2333 2321 3925 2398">
    <p class='ocr_par' dir='ltr' id='par_1_50' title="bbox 2333 2321 3925 2398">
     <span class='ocr_line' id='line_1_50' title="bbox 2333 2321 3925 2398; baseline -0.011 -10"><span class='ocrx_word' id='word_1_373' title='bbox 2333 2333 2511 2389; x_wconf 79' lang='grc' dir='ltr'>ὁτιοῦν</span> <span class='ocrx_word' id='word_1_374' title='bbox 2555 2332 2662 2387; x_wconf 85' lang='grc' dir='ltr'><strong>τῶν</strong></span> <span class='ocrx_word' id='word_1_375' title='bbox 2696 2331 2994 2384; x_wconf 82' lang='grc' dir='ltr'>τελούντων</span> <span class='ocrx_word' id='word_1_376' title='bbox 3026 2329 3106 2392; x_wconf 83' lang='grc' dir='ltr'><strong>είς</strong></span> <span class='ocrx_word' id='word_1_377' title='bbox 3138 2328 3323 2398; x_wconf 75' lang='grc' dir='ltr'>ὄνησιν</span> <span class='ocrx_word' id='word_1_378' title='bbox 3368 2326 3465 2396; x_wconf 79' lang='grc' dir='ltr'>τὴν</span> <span class='ocrx_word' id='word_1_379' title='bbox 3516 2321 3925 2393; x_wconf 75' lang='grc' dir='ltr'>πνευματικὴν,</span> 
     </span>
    </p>
   </div>
   <div class='ocr_carea' id='block_1_51' title="bbox 2334 2410 3925 2497">
    <p class='ocr_par' dir='ltr' id='par_1_51' title="bbox 2334 2410 3925 2497">
     <span class='ocr_line' id='line_1_51' title="bbox 2334 2410 3925 2497; baseline -0.014 -14"><span class='ocrx_word' id='word_1_380' title='bbox 2334 2428 2691 2497; x_wconf 80' lang='grc' dir='ltr'>ἀποκομίζειν</span> <span class='ocrx_word' id='word_1_381' title='bbox 2715 2425 2913 2488; x_wconf 79' lang='grc' dir='ltr'>εἰδότες</span> <span class='ocrx_word' id='word_1_382' title='bbox 2938 2426 3007 2477; x_wconf 81' lang='grc' dir='ltr'>τὰ</span> <span class='ocrx_word' id='word_1_383' title='bbox 3034 2423 3140 2477; x_wconf 79' lang='grc' dir='ltr'><strong>ὑπὸ</strong></span> <span class='ocrx_word' id='word_1_384' title='bbox 3168 2424 3327 2492; x_wconf 83' lang='grc' dir='ltr'>χεῖρα</span> <span class='ocrx_word' id='word_1_385' title='bbox 3355 2417 3669 2489; x_wconf 80' lang='grc' dir='ltr'>Θρέμματα.</span> <span class='ocrx_word' id='word_1_386' title='bbox 3709 2410 3925 2464; x_wconf 66' lang='grc' dir='ltr'>Οὐκοῦν</span> 
     </span>
    </p>
   </div>
   <div class='ocr_carea' id='block_1_52' title="bbox 2334 2502 3925 2591">
    <p class='ocr_par' dir='ltr' id='par_1_52' title="bbox 2334 2502 3925 2591">
     <span class='ocr_line' id='line_1_52' title="bbox 2334 2502 3925 2591; baseline -0.013 -17"><span class='ocrx_word' id='word_1_387' title='bbox 2334 2519 2732 2591; x_wconf 81' lang='grc' dir='ltr'>τεθρηνήκασιν</span> <span class='ocrx_word' id='word_1_388' title='bbox 2760 2518 2811 2570; x_wconf 80' lang='grc' dir='ltr'>οἱ</span> <span class='ocrx_word' id='word_1_389' title='bbox 2845 2515 3293 2587; x_wconf 74' lang='grc' dir='ltr'>ψευδοποίμενες,</span> <span class='ocrx_word' id='word_1_390' title='bbox 3321 2512 3403 2564; x_wconf 83' lang='grc' dir='ltr'>ὅτι</span> <span class='ocrx_word' id='word_1_391' title='bbox 3433 2502 3925 2575; x_wconf 77' lang='grc' dir='ltr'>τεταλαιπὼρηκεν</span> 
     </span>
    </p>
   </div>
   <div class='ocr_carea' id='block_1_53' title="bbox 2335 2594 3925 2681">
    <p class='ocr_par' dir='ltr' id='par_1_53' title="bbox 2335 2594 3925 2681">
     <span class='ocr_line' id='line_1_53' title="bbox 2335 2594 3925 2681; baseline -0.011 -17"><span class='ocrx_word' id='word_1_392' title='bbox 2335 2612 2370 2681; x_wconf 80' lang='grc' dir='ltr'>ἡ</span> <span class='ocrx_word' id='word_1_393' title='bbox 2404 2608 2744 2680; x_wconf 82' lang='grc' dir='ltr'>μεγαλοσύνη</span> <span class='ocrx_word' id='word_1_394' title='bbox 2783 2607 2963 2661; x_wconf 80' lang='grc' dir='ltr'>αὐτῶν</span> <span class='ocrx_word' id='word_1_395' title='bbox 2990 2622 3003 2637; x_wconf 90' lang='grc'><strong>·</strong></span> <span class='ocrx_word' id='word_1_396' title='bbox 3054 2605 3310 2677; x_wconf 83' lang='grc' dir='ltr'>σημαίνει</span> <span class='ocrx_word' id='word_1_397' title='bbox 3358 2601 3417 2655; x_wconf 73' lang='grc' dir='ltr'>δὲ</span> <span class='ocrx_word' id='word_1_398' title='bbox 3459 2600 3615 2654; x_wconf 87' lang='grc' dir='ltr'>τοῦτο</span> <span class='ocrx_word' id='word_1_399' title='bbox 3657 2597 3756 2651; x_wconf 70' lang='grc' dir='ltr'>καὶ</span> <span class='ocrx_word' id='word_1_400' title='bbox 3800 2594 3925 2647; x_wconf 66' lang='grc' dir='ltr'>καθ’</span> 
     </span>
    </p>
   </div>
   <div class='ocr_carea' id='block_1_54' title="bbox 2335 2688 3937 2773">
    <p class='ocr_par' dir='ltr' id='par_1_54' title="bbox 2335 2688 3937 2773">
     <span class='ocr_line' id='line_1_54' title="bbox 2335 2688 3937 2773; baseline -0.011 -18"><span class='ocrx_word' id='word_1_401' title='bbox 2335 2702 2520 2772; x_wconf 74' lang='grc' dir='ltr'>ἕτερον</span> <span class='ocrx_word' id='word_1_402' title='bbox 2565 2702 2769 2773; x_wconf 85' lang='grc' dir='ltr'>τρόπον</span> <span class='ocrx_word' id='word_1_403' title='bbox 2798 2701 2950 2771; x_wconf 84' lang='grc' dir='ltr'>ἡμῖν,</span> <span class='ocrx_word' id='word_1_404' title='bbox 2998 2699 3273 2768; x_wconf 77' lang='grc' dir='ltr'>ἐπιφέρων</span> <span class='ocrx_word' id='word_1_405' title='bbox 3298 2714 3313 2725; x_wconf 72' lang='grc' dir='ltr'><strong>ο</strong></span> <span class='ocrx_word' id='word_1_406' title='bbox 3352 2713 3371 2745; x_wconf 77' lang='grc' dir='ltr'><strong>ι</strong></span> <span class='ocrx_word' id='word_1_407' title='bbox 3397 2692 3552 2759; x_wconf 75' lang='grc' dir='ltr'>Φωνὴ</span> <span class='ocrx_word' id='word_1_408' title='bbox 3586 2688 3937 2761; x_wconf 71' lang='grc' dir='ltr'>ὠρυομένων.</span> 
     </span>
    </p>
   </div>
   <div class='ocr_carea' id='block_1_55' title="bbox 2335 2781 3929 2862">
    <p class='ocr_par' dir='ltr' id='par_1_55' title="bbox 2335 2781 3929 2862">
     <span class='ocr_line' id='line_1_55' title="bbox 2335 2781 3929 2862; baseline -0.01 -15"><span class='ocrx_word' id='word_1_409' title='bbox 2335 2793 2580 2859; x_wconf 82' lang='grc' dir='ltr'>λεόντων,</span> <span class='ocrx_word' id='word_1_410' title='bbox 2607 2795 2689 2847; x_wconf 83' lang='grc' dir='ltr'>ὅτι</span> <span class='ocrx_word' id='word_1_411' title='bbox 2715 2790 3165 2862; x_wconf 83' lang='grc' dir='ltr'>τεταλαιπώρηκε</span> <span class='ocrx_word' id='word_1_412' title='bbox 3198 2789 3261 2842; x_wconf 58' lang='lat' dir='ltr'><strong>“ab</strong></span> <span class='ocrx_word' id='word_1_413' title='bbox 3289 2786 3555 2859; x_wconf 79' lang='grc' dir='ltr'>φρύαγμα</span> <span class='ocrx_word' id='word_1_414' title='bbox 3586 2781 3697 2836; x_wconf 86' lang='grc' dir='ltr'><strong>τοῦ</strong></span> <span class='ocrx_word' id='word_1_415' title='bbox 3726 2781 3929 2848; x_wconf 79' lang='grc' dir='ltr'>Ἰορδά-</span> 
     </span>
    </p>
   </div>
   <div class='ocr_carea' id='block_1_56' title="bbox 2336 2871 3926 2954">
    <p class='ocr_par' dir='ltr' id='par_1_56' title="bbox 2336 2871 3926 2954">
     <span class='ocr_line' id='line_1_56' title="bbox 2336 2871 3926 2954; baseline -0.009 -17"><span class='ocrx_word' id='word_1_416' title='bbox 2336 2900 2447 2938; x_wconf 91' lang='grc' dir='ltr'>νου.</span> <span class='ocrx_word' id='word_1_417' title='bbox 2475 2902 2493 2935; x_wconf 76' lang='grc' dir='ltr'><strong>ι</strong></span> <span class='ocrx_word' id='word_1_418' title='bbox 2532 2882 2800 2954; x_wconf 86' lang='grc' dir='ltr'>Ὠρυγμὺς</span> <span class='ocrx_word' id='word_1_419' title='bbox 2831 2881 2930 2953; x_wconf 81' lang='grc' dir='ltr'>μὲν</span> <span class='ocrx_word' id='word_1_420' title='bbox 2962 2881 3071 2951; x_wconf 87' lang='grc' dir='ltr'>γάρ</span> <span class='ocrx_word' id='word_1_421' title='bbox 3100 2881 3215 2932; x_wconf 81' lang='grc' dir='ltr'>ἐστι</span> <span class='ocrx_word' id='word_1_422' title='bbox 3244 2876 3451 2949; x_wconf 78' lang='grc' dir='ltr'>κυρίως</span> <span class='ocrx_word' id='word_1_423' title='bbox 3480 2876 3521 2945; x_wconf 74' lang='grc' dir='ltr'>ἡ</span> <span class='ocrx_word' id='word_1_424' title='bbox 3540 2873 3651 2926; x_wconf 85' lang='grc' dir='ltr'><strong>τῶν</strong></span> <span class='ocrx_word' id='word_1_425' title='bbox 3688 2871 3926 2925; x_wconf 78' lang='grc' dir='ltr'>λεόντων</span> 
     </span>
    </p>
   </div>
   <div class='ocr_carea' id='block_1_57' title="bbox 2337 2960 3927 3044">
    <p class='ocr_par' dir='ltr' id='par_1_57' title="bbox 2337 2960 3927 3044">
     <span class='ocr_line' id='line_1_57' title="bbox 2337 2960 3927 3044; baseline -0.009 -18"><span class='ocrx_word' id='word_1_426' title='bbox 2337 2973 2523 3044; x_wconf 80' lang='grc' dir='ltr'>φωνὴ,</span> <span class='ocrx_word' id='word_1_427' title='bbox 2564 2974 2630 3044; x_wconf 74' lang='grc' dir='ltr'>ἣν</span> <span class='ocrx_word' id='word_1_428' title='bbox 2678 2972 2743 3025; x_wconf 85' lang='grc' dir='ltr'>ἂν</span> <span class='ocrx_word' id='word_1_429' title='bbox 2780 2973 3036 3037; x_wconf 82' lang='grc' dir='ltr'>ποιοῖντο,</span> <span class='ocrx_word' id='word_1_430' title='bbox 3080 2968 3364 3030; x_wconf 76' lang='grc' dir='ltr'>κλαίοντες</span> <span class='ocrx_word' id='word_1_431' title='bbox 3407 2965 3497 3018; x_wconf 75' lang='grc' dir='ltr'><strong>ἐπὶ</strong></span> <span class='ocrx_word' id='word_1_432' title='bbox 3544 2960 3687 3032; x_wconf 85' lang='grc' dir='ltr'>λιμῷ</span> <span class='ocrx_word' id='word_1_433' title='bbox 3719 2977 3784 3013; x_wconf 87' lang='grc' dir='ltr'><strong>τε</strong></span> <span class='ocrx_word' id='word_1_434' title='bbox 3833 2960 3927 3012; x_wconf 72' lang='grc' dir='ltr'><strong>καὶ</strong></span> 
     </span>
    </p>
   </div>
   <div class='ocr_carea' id='block_1_58' title="bbox 2337 3050 3927 3136">
    <p class='ocr_par' dir='ltr' id='par_1_58' title="bbox 2337 3050 3927 3136">
     <span class='ocr_line' id='line_1_58' title="bbox 2337 3050 3927 3136; baseline -0.011 -16"><span class='ocrx_word' id='word_1_435' title='bbox 2337 3065 2541 3136; x_wconf 71' lang='grc' dir='ltr'>ἀσιτίᾳ.</span> <span class='ocrx_word' id='word_1_436' title='bbox 2590 3065 2815 3134; x_wconf 74' lang='grc' dir='ltr'>Δέχεται</span> <span class='ocrx_word' id='word_1_437' title='bbox 2853 3063 2909 3116; x_wconf 78' lang='grc' dir='ltr'>δὲ</span> <span class='ocrx_word' id='word_1_438' title='bbox 2956 3062 3118 3116; x_wconf 87' lang='grc' dir='ltr'>τοῦτο</span> <span class='ocrx_word' id='word_1_439' title='bbox 3160 3060 3254 3115; x_wconf 73' lang='grc' dir='ltr'><strong>καὶ</strong></span> <span class='ocrx_word' id='word_1_440' title='bbox 3300 3061 3393 3112; x_wconf 72' lang='grc' dir='ltr'><strong>ἐπὶ</strong></span> <span class='ocrx_word' id='word_1_441' title='bbox 3444 3056 3672 3108; x_wconf 81' lang='grc' dir='ltr'>λεόντων</span> <span class='ocrx_word' id='word_1_442' title='bbox 3710 3056 3748 3124; x_wconf 77' lang='grc' dir='ltr'><strong>ἡ</strong></span> <span class='ocrx_word' id='word_1_443' title='bbox 3806 3050 3927 3103; x_wconf 82' lang='grc' dir='ltr'>θεία</span> 
     </span>
    </p>
   </div>
   <div class='ocr_carea' id='block_1_59' title="bbox 2336 3144 3927 3230">
    <p class='ocr_par' dir='ltr' id='par_1_59' title="bbox 2336 3144 3927 3230">
     <span class='ocr_line' id='line_1_59' title="bbox 2336 3144 3927 3230; baseline -0.012 -17"><span class='ocrx_word' id='word_1_444' title='bbox 2336 3160 2550 3230; x_wconf 81' lang='grc' dir='ltr'>Γραφή,</span> <span class='ocrx_word' id='word_1_445' title='bbox 2614 3155 3028 3227; x_wconf 81' lang='grc' dir='ltr'>Κατεφωρῶντο</span> <span class='ocrx_word' id='word_1_446' title='bbox 3083 3152 3261 3206; x_wconf 80' lang='grc' dir='ltr'>τοίνυν</span> <span class='ocrx_word' id='word_1_447' title='bbox 3334 3152 3382 3203; x_wconf 84' lang='lat' dir='ltr'><strong>0i</strong></span> <span class='ocrx_word' id='word_1_448' title='bbox 3438 3148 3546 3201; x_wconf 83' lang='grc' dir='ltr'><strong>τῶν</strong></span> <span class='ocrx_word' id='word_1_449' title='bbox 3600 3144 3927 3198; x_wconf 73' lang='grc' dir='ltr'>Ἰουδαϊκῶν</span> 
     </span>
    </p>
   </div>
   <div class='ocr_carea' id='block_1_60' title="bbox 661 3238 2232 3320">
    <p class='ocr_par' dir='ltr' id='par_1_60' title="bbox 661 3245 2232 3320">
     <span class='ocr_line' id='line_1_60' title="bbox 661 3245 2232 3320; baseline 0.003 -17"><span class='ocrx_word' id='word_1_450' title='bbox 661 3261 691 3303; x_wconf 83' lang='lat' dir='ltr'><strong>a</strong></span> <span class='ocrx_word' id='word_1_451' title='bbox 747 3246 963 3317; x_wconf 92' lang='lat' dir='ltr'><strong>populis</strong></span> <span class='ocrx_word' id='word_1_452' title='bbox 1008 3245 1344 3312; x_wconf 86' lang='lat' dir='ltr'><strong>oblationes,</strong></span> <span class='ocrx_word' id='word_1_453' title='bbox 1406 3247 1673 3314; x_wconf 87' lang='lat' dir='ltr'><strong>decimas,</strong></span> <span class='ocrx_word' id='word_1_454' title='bbox 1725 3250 2034 3320; x_wconf 86' lang='lat' dir='ltr'><strong>primitias,</strong></span> <span class='ocrx_word' id='word_1_455' title='bbox 2091 3254 2232 3308; x_wconf 91' lang='lat' dir='ltr'><strong>dona</strong></span> 
     </span>
    </p>
   </div>
   <div class='ocr_carea' id='block_1_61' title="bbox 2334 3238 3923 3320">
    <p class='ocr_par' dir='ltr' id='par_1_61' title="bbox 2338 3238 3923 3320">
     <span class='ocr_line' id='line_1_61' title="bbox 2338 3238 3923 3320; baseline -0.012 -16"><span class='ocrx_word' id='word_1_456' title='bbox 2338 3248 2735 3320; x_wconf 80' lang='grc' dir='ltr'>προεστηκότες</span> <span class='ocrx_word' id='word_1_457' title='bbox 2761 3247 3057 3316; x_wconf 84' lang='grc' dir='ltr'>ταγμάτων</span> <span class='ocrx_word' id='word_1_458' title='bbox 3086 3244 3161 3307; x_wconf 85' lang='grc' dir='ltr'>ὡς</span> <span class='ocrx_word' id='word_1_459' title='bbox 3196 3243 3407 3303; x_wconf 87' lang='grc' dir='ltr'>λέοντες</span> <span class='ocrx_word' id='word_1_460' title='bbox 3435 3238 3763 3309; x_wconf 82' lang='grc' dir='ltr'>ὠρυόμενοι,</span> <span class='ocrx_word' id='word_1_461' title='bbox 3808 3251 3923 3287; x_wconf 76' lang='grc' dir='ltr'>πετ-</span> 
     </span>
    </p>
   </div>
   <div class='ocr_carea' id='block_1_62' title="bbox 659 3335 2236 3412">
    <p class='ocr_par' dir='ltr' id='par_1_62' title="bbox 659 3335 2236 3412">
     <span class='ocr_line' id='line_1_62' title="bbox 659 3335 2236 3412; baseline 0.008 -24"><span class='ocrx_word' id='word_1_462' title='bbox 659 3336 800 3406; x_wconf 78' lang='lat' dir='ltr'><strong>grati</strong></span> <span class='ocrx_word' id='word_1_463' title='bbox 832 3335 1019 3391; x_wconf 87' lang='lat' dir='ltr'><strong>animi.</strong></span> <span class='ocrx_word' id='word_1_464' title='bbox 1048 3335 1342 3408; x_wconf 74' lang='lat' dir='ltr'><strong>Postquam</strong></span> <span class='ocrx_word' id='word_1_465' title='bbox 1383 3337 1538 3393; x_wconf 87' lang='lat' dir='ltr'><strong>enim-</strong></span> <span class='ocrx_word' id='word_1_466' title='bbox 1564 3355 1780 3412; x_wconf 86' lang='lat' dir='ltr'><strong>gregem</strong></span> <span class='ocrx_word' id='word_1_467' title='bbox 1816 3344 2137 3410; x_wconf 89' lang='lat' dir='ltr'><strong>amiserunt,</strong></span> <span class='ocrx_word' id='word_1_468' title='bbox 2171 3347 2236 3402; x_wconf 89' lang='lat' dir='ltr'><strong>de</strong></span> 
     </span>
    </p>
   </div>
   <div class='ocr_carea' id='block_1_63' title="bbox 660 3425 2241 3501">
    <p class='ocr_par' dir='ltr' id='par_1_63' title="bbox 660 3425 2241 3501">
     <span class='ocr_line' id='line_1_63' title="bbox 660 3425 2241 3501; baseline 0.008 -22"><span class='ocrx_word' id='word_1_469' title='bbox 660 3436 857 3484; x_wconf 81' lang='lat' dir='ltr'><strong>caetero</strong></span> <span class='ocrx_word' id='word_1_470' title='bbox 886 3425 1095 3493; x_wconf 84' lang='lat' dir='ltr'><strong>fenore,</strong></span> <span class='ocrx_word' id='word_1_471' title='bbox 1119 3429 1261 3500; x_wconf 78' lang='lat' dir='ltr'><strong>quod</strong></span> <span class='ocrx_word' id='word_1_472' title='bbox 1290 3443 1357 3484; x_wconf 78' lang='lat' dir='ltr'><strong>ex</strong></span> <span class='ocrx_word' id='word_1_473' title='bbox 1403 3443 1468 3485; x_wconf 89' lang='lat' dir='ltr'><strong>eo</strong></span> <span class='ocrx_word' id='word_1_474' title='bbox 1500 3430 1810 3501; x_wconf 84' lang='lat' dir='ltr'><strong>capiebant,</strong></span> <span class='ocrx_word' id='word_1_475' title='bbox 1853 3435 2095 3491; x_wconf 86' lang='lat' dir='ltr'><strong>recreati</strong></span> <span class='ocrx_word' id='word_1_476' title='bbox 2129 3451 2241 3491; x_wconf 87' lang='lat' dir='ltr'><strong>non</strong></span> 
     </span>
    </p>
   </div>
   <div class='ocr_carea' id='block_1_64' title="bbox 660 3525 806 3572">
    <p class='ocr_par' dir='ltr' id='par_1_64' title="bbox 660 3525 806 3572">
     <span class='ocr_line' id='line_1_64' title="bbox 660 3525 806 3572; baseline 0.007 -1"><span class='ocrx_word' id='word_1_477' title='bbox 660 3525 806 3572; x_wconf 86' lang='lat' dir='ltr'><strong>sunt.</strong></span> 
     </span>
    </p>
   </div>
   <div class='ocr_carea' id='block_1_65' title="bbox 730 3699 2237 3771">
    <p class='ocr_par' dir='ltr' id='par_1_65' title="bbox 730 3699 2237 3771">
     <span class='ocr_line' id='line_1_65' title="bbox 730 3699 2237 3771; baseline 0.005 -17"><span class='ocrx_word' id='word_1_478' title='bbox 730 3699 885 3766; x_wconf 87' lang='lat' dir='ltr'><strong>Quod</strong></span> <span class='ocrx_word' id='word_1_479' title='bbox 926 3700 977 3756; x_wconf 89' lang='lat' dir='ltr'><strong>si</strong></span> <span class='ocrx_word' id='word_1_480' title='bbox 1017 3700 1139 3771; x_wconf 82' lang='lat' dir='ltr'><strong>quis</strong></span> <span class='ocrx_word' id='word_1_481' title='bbox 1179 3710 1435 3767; x_wconf 82' lang='lat' dir='ltr'><strong>censeat,</strong></span> <span class='ocrx_word' id='word_1_482' title='bbox 1476 3702 1641 3758; x_wconf 85' lang='lat' dir='ltr'><strong>etiam</strong></span> <span class='ocrx_word' id='word_1_483' title='bbox 1683 3702 1853 3759; x_wconf 82' lang='lat' dir='ltr'><strong>instar</strong></span> <span class='ocrx_word' id='word_1_484' title='bbox 1891 3704 2103 3761; x_wconf 82' lang='lat' dir='ltr'><strong>leonum</strong></span> <span class='ocrx_word' id='word_1_485' title='bbox 2151 3724 2237 3761; x_wconf 73' lang='lat' dir='ltr'><strong>ru~</strong></span> 
     </span>
    </p>
   </div>
   <div class='ocr_carea' id='block_1_66' title="bbox 661 3791 2240 3869">
    <p class='ocr_par' dir='ltr' id='par_1_66' title="bbox 661 3791 2240 3869">
     <span class='ocr_line' id='line_1_66' title="bbox 661 3791 2240 3869; baseline 0.007 -26"><span class='ocrx_word' id='word_1_486' title='bbox 661 3791 825 3859; x_wconf 81' lang='lat' dir='ltr'><strong>giisse</strong></span> <span class='ocrx_word' id='word_1_487' title='bbox 858 3800 1053 3847; x_wconf 76' lang='lat' dir='ltr'><strong>contra</strong></span> <span class='ocrx_word' id='word_1_488' title='bbox 1085 3792 1361 3848; x_wconf 89' lang='lat' dir='ltr'><strong>Christum</strong></span> <span class='ocrx_word' id='word_1_489' title='bbox 1401 3793 1625 3851; x_wconf 86' lang='lat' dir='ltr'><strong>Scribas</strong></span> <span class='ocrx_word' id='word_1_490' title='bbox 1660 3804 1714 3852; x_wconf 92' lang='lat' dir='ltr'><strong>et</strong></span> <span class='ocrx_word' id='word_1_491' title='bbox 1754 3795 2054 3854; x_wconf 81' lang='lat' dir='ltr'><strong>Pharisaeos</strong></span> <span class='ocrx_word' id='word_1_492' title='bbox 2090 3799 2240 3869; x_wconf 76' lang='lat' dir='ltr'><strong>(cla-</strong></span> 
     </span>
    </p>
   </div>
   <div class='ocr_carea' id='block_1_67' title="bbox 661 3882 2236 3954">
    <p class='ocr_par' dir='ltr' id='par_1_67' title="bbox 661 3882 2236 3954">
     <span class='ocr_line' id='line_1_67' title="bbox 661 3882 2236 3954; baseline 0.004 -17"><span class='ocrx_word' id='word_1_493' title='bbox 661 3882 883 3938; x_wconf 91' lang='lat' dir='ltr'><strong>mabant</strong></span> <span class='ocrx_word' id='word_1_494' title='bbox 910 3884 1055 3939; x_wconf 85' lang='lat' dir='ltr'><strong>enim</strong></span> <span class='ocrx_word' id='word_1_495' title='bbox 1089 3885 1143 3940; x_wconf 82' lang='lat' dir='ltr'><strong>in</strong></span> <span class='ocrx_word' id='word_1_496' title='bbox 1175 3887 1374 3953; x_wconf 88' lang='lat' dir='ltr'><strong>ipsum,</strong></span> <span class='ocrx_word' id='word_1_497' title='bbox 1406 3894 1462 3940; x_wconf 86' lang='lat' dir='ltr'><strong>et</strong></span> <span class='ocrx_word' id='word_1_498' title='bbox 1494 3899 1650 3942; x_wconf 87' lang='lat' dir='ltr'><strong>voces</strong></span> <span class='ocrx_word' id='word_1_499' title='bbox 1678 3902 1745 3943; x_wconf 81' lang='lat' dir='ltr'><strong>ex</strong></span> <span class='ocrx_word' id='word_1_500' title='bbox 1775 3889 1900 3944; x_wconf 83' lang='lat' dir='ltr'><strong>odio</strong></span> <span class='ocrx_word' id='word_1_501' title='bbox 1928 3900 1982 3944; x_wconf 91' lang='lat' dir='ltr'><strong>et</strong></span> <span class='ocrx_word' id='word_1_502' title='bbox 2012 3890 2236 3954; x_wconf 80' lang='lat' dir='ltr'><strong>invidia,</strong></span> 
     </span>
    </p>
   </div>
   <div class='ocr_carea' id='block_1_68' title="bbox 659 3975 2239 4049">
    <p class='ocr_par' dir='ltr' id='par_1_68' title="bbox 659 3975 2239 4049">
     <span class='ocr_line' id='line_1_68' title="bbox 659 3975 2239 4049; baseline 0.006 -21"><span class='ocrx_word' id='word_1_503' title='bbox 659 3984 714 4029; x_wconf 88' lang='lat' dir='ltr'><strong>et</strong></span> <span class='ocrx_word' id='word_1_504' title='bbox 738 3989 885 4030; x_wconf 91' lang='lat' dir='ltr'><strong>mera</strong></span> <span class='ocrx_word' id='word_1_505' title='bbox 913 3975 1121 4031; x_wconf 88' lang='lat' dir='ltr'><strong>insania</strong></span> <span class='ocrx_word' id='word_1_506' title='bbox 1146 3976 1435 4042; x_wconf 76' lang='lat' dir='ltr'><strong>iaciebant,</strong></span> <span class='ocrx_word' id='word_1_507' title='bbox 1465 3977 1866 4035; x_wconf 89' lang='lat' dir='ltr'><strong>Samaritanum</strong></span> <span class='ocrx_word' id='word_1_508' title='bbox 1889 3981 1955 4049; x_wconf 82' lang='grc'><strong>⁸⁸,</strong></span> <span class='ocrx_word' id='word_1_509' title='bbox 1980 3990 2035 4037; x_wconf 83' lang='lat' dir='ltr'><strong>et</strong></span> <span class='ocrx_word' id='word_1_510' title='bbox 2059 3984 2239 4038; x_wconf 65' lang='lat' dir='ltr'><strong>ebrio~</strong></span> 
     </span>
    </p>
   </div>
   <div class='ocr_carea' id='block_1_69' title="bbox 659 4066 2237 4139">
    <p class='ocr_par' dir='ltr' id='par_1_69' title="bbox 659 4066 2237 4139">
     <span class='ocr_line' id='line_1_69' title="bbox 659 4066 2237 4139; baseline 0.007 -20"><span class='ocrx_word' id='word_1_511' title='bbox 659 4082 800 4131; x_wconf 85' lang='lat' dir='ltr'><strong>sum,</strong></span> <span class='ocrx_word' id='word_1_512' title='bbox 813 4076 867 4122; x_wconf 88' lang='lat' dir='ltr'><strong>et</strong></span> <span class='ocrx_word' id='word_1_513' title='bbox 883 4083 947 4122; x_wconf 80' lang='lat' dir='ltr'><strong>ex</strong></span> <span class='ocrx_word' id='word_1_514' title='bbox 968 4066 1322 4124; x_wconf 84' lang='lat' dir='ltr'><strong>fornicatione</strong></span> <span class='ocrx_word' id='word_1_515' title='bbox 1340 4078 1520 4123; x_wconf 89' lang='lat' dir='ltr'><strong>natum</strong></span> <span class='ocrx_word' id='word_1_516' title='bbox 1536 4071 1938 4139; x_wconf 70' lang='lat' dir='ltr'><strong>&quot;afﬁrmantes,</strong></span> <span class='ocrx_word' id='word_1_517' title='bbox 1954 4082 2014 4128; x_wconf 81' lang='lat' dir='ltr'><strong>et</strong></span> <span class='ocrx_word' id='word_1_518' title='bbox 2027 4093 2045 4127; x_wconf 77' lang='grc' dir='ltr'><strong>ι</strong></span> <span class='ocrx_word' id='word_1_519' title='bbox 2067 4073 2237 4138; x_wconf 80' lang='lat' dir='ltr'><strong>Tolle,</strong></span> 
     </span>
    </p>
   </div>
   <div class='ocr_carea' id='block_1_70' title="bbox 660 4158 2241 4234">
    <p class='ocr_par' dir='ltr' id='par_1_70' title="bbox 660 4158 2241 4234">
     <span class='ocr_line' id='line_1_70' title="bbox 660 4158 2241 4234; baseline 0.007 -24"><span class='ocrx_word' id='word_1_520' title='bbox 660 4160 814 4223; x_wconf 86' lang='lat' dir='ltr'><strong>tolle,</strong></span> <span class='ocrx_word' id='word_1_521' title='bbox 854 4158 1111 4229; x_wconf 77' lang='lat' dir='ltr'><strong>crucifige</strong></span> <span class='ocrx_word' id='word_1_522' title='bbox 1130 4158 1192 4222; x_wconf 81' lang='grc'><strong>⁸⁸,</strong></span> <span class='ocrx_word' id='word_1_523' title='bbox 1240 4177 1265 4212; x_wconf 81' lang='grc'><strong>›</strong></span> <span class='ocrx_word' id='word_1_524' title='bbox 1298 4160 1601 4234; x_wconf 80' lang='lat' dir='ltr'><strong>dicentes),</strong></span> <span class='ocrx_word' id='word_1_525' title='bbox 1643 4164 2008 4220; x_wconf 80' lang='lat' dir='ltr'><strong>verisimiliter</strong></span> <span class='ocrx_word' id='word_1_526' title='bbox 2042 4168 2241 4223; x_wconf 86' lang='lat' dir='ltr'><strong>sentiet</strong></span> 
     </span>
    </p>
   </div>
   <div class='ocr_carea' id='block_1_71' title="bbox 658 4247 2239 4326">
    <p class='ocr_par' dir='ltr' id='par_1_71' title="bbox 658 4247 2239 4326">
     <span class='ocr_line' id='line_1_71' title="bbox 658 4247 2239 4326; baseline 0.007 -24"><span class='ocrx_word' id='word_1_527' title='bbox 658 4250 822 4303; x_wconf 84' lang='lat' dir='ltr'><strong>etiam</strong></span> <span class='ocrx_word' id='word_1_528' title='bbox 865 4248 973 4304; x_wconf 90' lang='lat' dir='ltr'><strong>hic.</strong></span> <span class='ocrx_word' id='word_1_529' title='bbox 1010 4247 1398 4305; x_wconf 78' lang='lat' dir='ltr'><strong>Verumtamen</strong></span> <span class='ocrx_word' id='word_1_530' title='bbox 1437 4253 1685 4321; x_wconf 85' lang='lat' dir='ltr'><strong>quamvis</strong></span> <span class='ocrx_word' id='word_1_531' title='bbox 1726 4268 1890 4323; x_wconf 89' lang='lat' dir='ltr'><strong>super</strong></span> <span class='ocrx_word' id='word_1_532' title='bbox 1926 4271 1991 4311; x_wconf 89' lang='lat' dir='ltr'><strong>eo</strong></span> <span class='ocrx_word' id='word_1_533' title='bbox 2032 4258 2239 4326; x_wconf 85' lang='lat' dir='ltr'><strong>rugitus</strong></span> 
     </span>
    </p>
   </div>
   <div class='ocr_carea' id='block_1_72' title="bbox 658 4338 2235 4416">
    <p class='ocr_par' dir='ltr' id='par_1_72' title="bbox 658 4338 2235 4416">
     <span class='ocr_line' id='line_1_72' title="bbox 658 4338 2235 4416; baseline 0.01 -27"><span class='ocrx_word' id='word_1_534' title='bbox 658 4339 924 4403; x_wconf 83' lang='lat' dir='ltr'><strong>dederint,</strong></span> <span class='ocrx_word' id='word_1_535' title='bbox 952 4338 1084 4394; x_wconf 72' lang='lat' dir='ltr'><strong>facti</strong></span> <span class='ocrx_word' id='word_1_536' title='bbox 1115 4348 1239 4395; x_wconf 87' lang='lat' dir='ltr'><strong>sunt</strong></span> <span class='ocrx_word' id='word_1_537' title='bbox 1262 4342 1457 4414; x_wconf 82' lang='lat' dir='ltr'><strong>miseri</strong></span> <span class='ocrx_word' id='word_1_538' title='bbox 1493 4358 1597 4398; x_wconf 88' lang='lat' dir='ltr'><strong>non</strong></span> <span class='ocrx_word' id='word_1_539' title='bbox 1636 4346 2004 4415; x_wconf 84' lang='lat' dir='ltr'><strong>mediocriter,</strong></span> <span class='ocrx_word' id='word_1_540' title='bbox 2040 4366 2059 4399; x_wconf 79' lang='grc' dir='ltr'><strong>ι</strong></span> <span class='ocrx_word' id='word_1_541' title='bbox 2103 4349 2235 4416; x_wconf 89' lang='lat' dir='ltr'><strong>Quia</strong></span> 
     </span>
    </p>
   </div>
   <div class='ocr_carea' id='block_1_73' title="bbox 656 4429 2235 4510">
    <p class='ocr_par' dir='ltr' id='par_1_73' title="bbox 656 4429 2235 4510">
     <span class='ocr_line' id='line_1_73' title="bbox 656 4429 2235 4510; baseline 0.009 -28"><span class='ocrx_word' id='word_1_542' title='bbox 656 4432 825 4484; x_wconf 81' lang='lat' dir='ltr'><strong>miser</strong></span> <span class='ocrx_word' id='word_1_543' title='bbox 858 4430 1034 4487; x_wconf 88' lang='lat' dir='ltr'><strong>factus</strong></span> <span class='ocrx_word' id='word_1_544' title='bbox 1055 4441 1139 4487; x_wconf 91' lang='lat' dir='ltr'><strong>est</strong></span> <span class='ocrx_word' id='word_1_545' title='bbox 1162 4429 1408 4489; x_wconf 83' lang='lat' dir='ltr'><strong>fremitus</strong></span> <span class='ocrx_word' id='word_1_546' title='bbox 1440 4434 1711 4493; x_wconf 82' lang='lat' dir='ltr'><strong>Jordanis.</strong></span> <span class='ocrx_word' id='word_1_547' title='bbox 1738 4456 1756 4489; x_wconf 76' lang='grc' dir='ltr'><strong>ι</strong></span> <span class='ocrx_word' id='word_1_548' title='bbox 1796 4438 1946 4505; x_wconf 87' lang='lat' dir='ltr'><strong>Quod</strong></span> <span class='ocrx_word' id='word_1_549' title='bbox 1983 4440 2108 4510; x_wconf 87' lang='lat' dir='ltr'><strong>quid</strong></span> <span class='ocrx_word' id='word_1_550' title='bbox 2135 4441 2235 4496; x_wconf 87' lang='lat' dir='ltr'><strong>sibi</strong></span> 
     </span>
    </p>
   </div>
   <div class='ocr_carea' id='block_1_74' title="bbox 657 4521 2234 4594">
    <p class='ocr_par' dir='ltr' id='par_1_74' title="bbox 657 4521 2234 4594">
     <span class='ocr_line' id='line_1_74' title="bbox 657 4521 2234 4594; baseline 0.011 -23"><span class='ocrx_word' id='word_1_551' title='bbox 657 4524 805 4586; x_wconf 78' lang='lat' dir='ltr'><strong>velit,</strong></span> <span class='ocrx_word' id='word_1_552' title='bbox 830 4521 1004 4577; x_wconf 87' lang='lat' dir='ltr'><strong>dicam</strong></span> <span class='ocrx_word' id='word_1_553' title='bbox 1029 4539 1264 4594; x_wconf 85' lang='lat' dir='ltr'><strong>quoque.</strong></span> <span class='ocrx_word' id='word_1_554' title='bbox 1292 4525 1609 4582; x_wconf 63' lang='lat' dir='ltr'><strong>Prteterlluit</strong></span> <span class='ocrx_word' id='word_1_555' title='bbox 1630 4528 1880 4585; x_wconf 82' lang='lat' dir='ltr'><strong>Jordanis</strong></span> <span class='ocrx_word' id='word_1_556' title='bbox 1906 4530 2234 4588; x_wconf 85' lang='lat' dir='ltr'><strong>Hierichun-</strong></span> 
     </span>
    </p>
   </div>
   <div class='ocr_carea' id='block_1_75' title="bbox 657 4614 2234 4686">
    <p class='ocr_par' dir='ltr' id='par_1_75' title="bbox 657 4614 2234 4686">
     <span class='ocr_line' id='line_1_75' title="bbox 657 4614 2234 4686; baseline 0.009 -21"><span class='ocrx_word' id='word_1_557' title='bbox 657 4624 788 4673; x_wconf 86' lang='lat' dir='ltr'><strong>tem.</strong></span> <span class='ocrx_word' id='word_1_558' title='bbox 818 4614 1022 4669; x_wconf 89' lang='lat' dir='ltr'><strong>circum</strong></span> <span class='ocrx_word' id='word_1_559' title='bbox 1052 4630 1213 4685; x_wconf 84' lang='lat' dir='ltr'><strong>quem</strong></span> <span class='ocrx_word' id='word_1_560' title='bbox 1246 4631 1437 4686; x_wconf 84' lang='lat' dir='ltr'><strong>magna</strong></span> <span class='ocrx_word' id='word_1_561' title='bbox 1469 4618 1550 4673; x_wconf 88' lang='lat' dir='ltr'><strong>vis</strong></span> <span class='ocrx_word' id='word_1_562' title='bbox 1580 4620 1791 4674; x_wconf 90' lang='lat' dir='ltr'><strong>leonum</strong></span> <span class='ocrx_word' id='word_1_563' title='bbox 1826 4622 2153 4678; x_wconf 87' lang='lat' dir='ltr'><strong>horrendum</strong></span> <span class='ocrx_word' id='word_1_564' title='bbox 2184 4625 2234 4679; x_wconf 89' lang='lat' dir='ltr'><strong>in</strong></span> 
     </span>
    </p>
   </div>
   <div class='ocr_carea' id='block_1_76' title="bbox 658 4704 2241 4776">
    <p class='ocr_par' dir='ltr' id='par_1_76' title="bbox 658 4704 2241 4776">
     <span class='ocr_line' id='line_1_76' title="bbox 658 4704 2241 4776; baseline 0.011 -21"><span class='ocrx_word' id='word_1_565' title='bbox 658 4704 875 4758; x_wconf 83' lang='lat' dir='ltr'><strong>modum</strong></span> <span class='ocrx_word' id='word_1_566' title='bbox 918 4707 1279 4776; x_wconf 85' lang='lat' dir='ltr'><strong>rugientium,</strong></span> <span class='ocrx_word' id='word_1_567' title='bbox 1322 4718 1376 4763; x_wconf 89' lang='lat' dir='ltr'><strong>et</strong></span> <span class='ocrx_word' id='word_1_568' title='bbox 1420 4713 1635 4765; x_wconf 86' lang='lat' dir='ltr'><strong>accolas</strong></span> <span class='ocrx_word' id='word_1_569' title='bbox 1678 4711 1981 4767; x_wconf 87' lang='lat' dir='ltr'><strong>incredibili</strong></span> <span class='ocrx_word' id='word_1_570' title='bbox 2032 4726 2241 4773; x_wconf 88' lang='lat' dir='ltr'><strong>terrore</strong></span> 
     </span>
    </p>
   </div>
   <div class='ocr_carea' id='block_1_77' title="bbox 656 4797 2240 4861">
    <p class='ocr_par' dir='ltr' id='par_1_77' title="bbox 656 4797 2240 4861">
     <span class='ocr_line' id='line_1_77' title="bbox 656 4797 2240 4861; baseline 0.007 -11"><span class='ocrx_word' id='word_1_571' title='bbox 656 4797 1105 4853; x_wconf 89' lang='lat' dir='ltr'><strong>concutientium.</strong></span> <span class='ocrx_word' id='word_1_572' title='bbox 1137 4798 1298 4854; x_wconf 84' lang='lat' dir='ltr'><strong>Tales</strong></span> <span class='ocrx_word' id='word_1_573' title='bbox 1324 4809 1482 4855; x_wconf 87' lang='lat' dir='ltr'><strong>erant</strong></span> <span class='ocrx_word' id='word_1_574' title='bbox 1514 4802 1753 4858; x_wconf 87' lang='lat' dir='ltr'><strong>moribus</strong></span> <span class='ocrx_word' id='word_1_575' title='bbox 1781 4803 1985 4859; x_wconf 62' lang='lat' dir='ltr'><strong>Scriba</strong></span> <span class='ocrx_word' id='word_1_576' title='bbox 2016 4815 2070 4859; x_wconf 90' lang='lat' dir='ltr'><strong>et</strong></span> <span class='ocrx_word' id='word_1_577' title='bbox 2100 4804 2240 4861; x_wconf 86' lang='lat' dir='ltr'><strong>Pha-</strong></span> 
     </span>
    </p>
   </div>
   <div class='ocr_carea' id='block_1_78' title="bbox 659 4883 2240 4964">
    <p class='ocr_par' dir='ltr' id='par_1_78' title="bbox 659 4883 2240 4964">
     <span class='ocr_line' id='line_1_78' title="bbox 659 4883 2240 4964; baseline 0.012 -28"><span class='ocrx_word' id='word_1_578' title='bbox 659 4883 821 4949; x_wconf 73' lang='grc' dir='ltr'>τῑεωί,</span> <span class='ocrx_word' id='word_1_579' title='bbox 854 4894 1045 4940; x_wconf 90' lang='lat' dir='ltr'><strong>contra</strong></span> <span class='ocrx_word' id='word_1_580' title='bbox 1077 4887 1319 4956; x_wconf 91' lang='lat' dir='ltr'><strong>plebeios</strong></span> <span class='ocrx_word' id='word_1_581' title='bbox 1348 4898 1403 4943; x_wconf 91' lang='lat' dir='ltr'><strong>et</strong></span> <span class='ocrx_word' id='word_1_582' title='bbox 1435 4893 1710 4961; x_wconf 82' lang='lat' dir='ltr'><strong>gregarios</strong></span> <span class='ocrx_word' id='word_1_583' title='bbox 1742 4894 2037 4964; x_wconf 80' lang='lat' dir='ltr'><strong>rugientes,</strong></span> <span class='ocrx_word' id='word_1_584' title='bbox 2075 4906 2131 4953; x_wconf 92' lang='lat' dir='ltr'><strong>et</strong></span> <span class='ocrx_word' id='word_1_585' title='bbox 2160 4907 2240 4954; x_wconf 90' lang='lat' dir='ltr'><strong>te-</strong></span> 
     </span>
    </p>
   </div>
   <div class='ocr_carea' id='block_1_79' title="bbox 2342 3324 3935 3404">
    <p class='ocr_par' dir='ltr' id='par_1_79' title="bbox 2342 3324 3935 3404">
     <span class='ocr_line' id='line_1_79' title="bbox 2342 3324 3935 3404; baseline -0.013 -7"><span class='ocrx_word' id='word_1_586' title='bbox 2342 3340 2539 3404; x_wconf 82' lang='grc' dir='ltr'>νῶντές</span> <span class='ocrx_word' id='word_1_587' title='bbox 2566 3358 2625 3392; x_wconf 88' lang='grc' dir='ltr'><strong>τε</strong></span> <span class='ocrx_word' id='word_1_588' title='bbox 2652 3339 2755 3393; x_wconf 63' lang='grc' dir='ltr'>καὶ</span> <span class='ocrx_word' id='word_1_589' title='bbox 2774 3338 3050 3399; x_wconf 80' lang='grc' dir='ltr'>κλαίοντες</span> <span class='ocrx_word' id='word_1_590' title='bbox 3069 3379 3083 3398; x_wconf 86' lang='grc'><strong>,</strong></span> <span class='ocrx_word' id='word_1_591' title='bbox 3114 3335 3204 3388; x_wconf 81' lang='grc' dir='ltr'>διά</span> <span class='ocrx_word' id='word_1_592' title='bbox 3235 3350 3317 3387; x_wconf 85' lang='grc' dir='ltr'><strong>τοι</strong></span> <span class='ocrx_word' id='word_1_593' title='bbox 3344 3332 3404 3384; x_wconf 77' lang='grc' dir='ltr'><strong>τὺ</strong></span> <span class='ocrx_word' id='word_1_594' title='bbox 3439 3329 3511 3401; x_wconf 85' lang='grc' dir='ltr'>μὴ</span> <span class='ocrx_word' id='word_1_595' title='bbox 3546 3328 3692 3398; x_wconf 80' lang='grc' dir='ltr'>ἔχειν</span> <span class='ocrx_word' id='word_1_596' title='bbox 3727 3324 3830 3387; x_wconf 79' lang='grc' dir='ltr'><strong>τὰς</strong></span> <span class='ocrx_word' id='word_1_597' title='bbox 3862 3327 3935 3377; x_wconf 71' lang='grc' dir='ltr'>ὲκ</span> 
     </span>
    </p>
   </div>
   <div class='ocr_carea' id='block_1_80' title="bbox 2339 3418 3927 3503">
    <p class='ocr_par' dir='ltr' id='par_1_80' title="bbox 2339 3418 3927 3503">
     <span class='ocr_line' id='line_1_80' title="bbox 2339 3418 3927 3503; baseline -0.013 -15"><span class='ocrx_word' id='word_1_598' title='bbox 2339 3435 2448 3489; x_wconf 84' lang='grc' dir='ltr'><strong>τῶν</strong></span> <span class='ocrx_word' id='word_1_599' title='bbox 2477 3434 2622 3486; x_wconf 82' lang='grc' dir='ltr'>λαῶν</span> <span class='ocrx_word' id='word_1_600' title='bbox 2649 3429 3051 3503; x_wconf 81' lang='grc' dir='ltr'>καρποφορίας,</span> <span class='ocrx_word' id='word_1_601' title='bbox 3080 3428 3331 3491; x_wconf 78' lang='grc' dir='ltr'>δεκάτας,</span> <span class='ocrx_word' id='word_1_602' title='bbox 3378 3419 3652 3493; x_wconf 79' lang='grc' dir='ltr'>ἀπαρχὰς,</span> <span class='ocrx_word' id='word_1_603' title='bbox 3701 3418 3927 3488; x_wconf 71' lang='grc' dir='ltr'>εὐχαρι-</span> 
     </span>
    </p>
   </div>
   <div class='ocr_carea' id='block_1_81' title="bbox 2343 3507 3925 3597">
    <p class='ocr_par' dir='ltr' id='par_1_81' title="bbox 2343 3507 3925 3597">
     <span class='ocr_line' id='line_1_81' title="bbox 2343 3507 3925 3597; baseline -0.015 -18"><span class='ocrx_word' id='word_1_604' title='bbox 2343 3528 2561 3597; x_wconf 77' lang='grc' dir='ltr'>στήρια.</span> <span class='ocrx_word' id='word_1_605' title='bbox 2603 3521 2820 3592; x_wconf 79' lang='grc' dir='ltr'>Ἐπειδὴ</span> <span class='ocrx_word' id='word_1_606' title='bbox 2853 3521 2962 3591; x_wconf 81' lang='grc' dir='ltr'><strong>γὰρ</strong></span> <span class='ocrx_word' id='word_1_607' title='bbox 2995 3520 3095 3588; x_wconf 80' lang='grc' dir='ltr'>τῆς</span> <span class='ocrx_word' id='word_1_608' title='bbox 3121 3517 3321 3587; x_wconf 79' lang='grc' dir='ltr'>ἀγέλης</span> <span class='ocrx_word' id='word_1_609' title='bbox 3354 3510 3799 3573; x_wconf 77' lang='grc' dir='ltr'>ὲκπεπτὼκασιν,</span> <span class='ocrx_word' id='word_1_610' title='bbox 3829 3507 3925 3559; x_wconf 70' lang='grc' dir='ltr'>οὐκ</span> 
     </span>
    </p>
   </div>
   <div class='ocr_carea' id='block_1_82' title="bbox 2342 3606 3562 3683">
    <p class='ocr_par' dir='ltr' id='par_1_82' title="bbox 2342 3606 3562 3683">
     <span class='ocr_line' id='line_1_82' title="bbox 2342 3606 3562 3683; baseline -0.013 -12"><span class='ocrx_word' id='word_1_611' title='bbox 2342 3619 2421 3671; x_wconf 76' lang='grc' dir='ltr'>ἔτι</span> <span class='ocrx_word' id='word_1_612' title='bbox 2449 3618 2562 3679; x_wconf 84' lang='grc' dir='ltr'>τοῖς</span> <span class='ocrx_word' id='word_1_613' title='bbox 2588 3614 2647 3680; x_wconf 78' lang='grc' dir='ltr'>ἐξ</span> <span class='ocrx_word' id='word_1_614' title='bbox 2675 3615 2842 3683; x_wconf 76' lang='grc' dir='ltr'>αὐτῆς</span> <span class='ocrx_word' id='word_1_615' title='bbox 2874 3610 3338 3682; x_wconf 82' lang='grc' dir='ltr'>κατηυφραίνοντο</span> <span class='ocrx_word' id='word_1_616' title='bbox 3364 3606 3562 3667; x_wconf 84' lang='grc' dir='ltr'>τόκοις.</span> 
     </span>
    </p>
   </div>
   <div class='ocr_carea' id='block_1_83' title="bbox 2413 3695 3924 3777">
    <p class='ocr_par' dir='ltr' id='par_1_83' title="bbox 2413 3695 3924 3777">
     <span class='ocr_line' id='line_1_83' title="bbox 2413 3695 3924 3777; baseline -0.013 -16"><span class='ocrx_word' id='word_1_617' title='bbox 2413 3709 2477 3762; x_wconf 77' lang='grc' dir='ltr'><strong>Εἰ</strong></span> <span class='ocrx_word' id='word_1_618' title='bbox 2503 3708 2559 3760; x_wconf 82' lang='grc' dir='ltr'>δὲ</span> <span class='ocrx_word' id='word_1_619' title='bbox 2586 3707 2648 3777; x_wconf 86' lang='grc' dir='ltr'>δή</span> <span class='ocrx_word' id='word_1_620' title='bbox 2676 3722 2760 3769; x_wconf 86' lang='grc' dir='ltr'><strong>τις</strong></span> <span class='ocrx_word' id='word_1_621' title='bbox 2796 3704 2961 3756; x_wconf 78' lang='grc' dir='ltr'>οἴοιτο</span> <span class='ocrx_word' id='word_1_622' title='bbox 3000 3702 3094 3755; x_wconf 69' lang='grc' dir='ltr'>καὶ</span> <span class='ocrx_word' id='word_1_623' title='bbox 3135 3701 3211 3763; x_wconf 90' lang='grc' dir='ltr'><strong>ὡς</strong></span> <span class='ocrx_word' id='word_1_624' title='bbox 3253 3700 3310 3752; x_wconf 82' lang='grc' dir='ltr'>ὲν</span> <span class='ocrx_word' id='word_1_625' title='bbox 3342 3697 3490 3761; x_wconf 76' lang='grc' dir='ltr'>τάξει</span> <span class='ocrx_word' id='word_1_626' title='bbox 3520 3695 3754 3747; x_wconf 80' lang='grc' dir='ltr'>λεόντων</span> <span class='ocrx_word' id='word_1_627' title='bbox 3798 3709 3924 3745; x_wconf 80' lang='grc' dir='ltr'>κατ-</span> 
     </span>
    </p>
   </div>
   <div class='ocr_carea' id='block_1_84' title="bbox 2342 3783 3921 3869">
    <p class='ocr_par' dir='ltr' id='par_1_84' title="bbox 2342 3783 3921 3869">
     <span class='ocr_line' id='line_1_84' title="bbox 2342 3783 3921 3869; baseline -0.012 -17"><span class='ocrx_word' id='word_1_628' title='bbox 2342 3796 2614 3869; x_wconf 78' lang='grc' dir='ltr'>ωρύεσθαι</span> <span class='ocrx_word' id='word_1_629' title='bbox 2652 3794 2745 3848; x_wconf 83' lang='grc' dir='ltr'><strong>τοῦ</strong></span> <span class='ocrx_word' id='word_1_630' title='bbox 2784 3791 3019 3864; x_wconf 78' lang='grc' dir='ltr'>Χριστοῦ</span> <span class='ocrx_word' id='word_1_631' title='bbox 3052 3790 3179 3853; x_wconf 78' lang='grc' dir='ltr'>τοὺς</span> <span class='ocrx_word' id='word_1_632' title='bbox 3216 3789 3566 3859; x_wconf 84' lang='grc' dir='ltr'>Γραμματεῖς</span> <span class='ocrx_word' id='word_1_633' title='bbox 3597 3801 3655 3836; x_wconf 89' lang='grc' dir='ltr'><strong>τε</strong></span> <span class='ocrx_word' id='word_1_634' title='bbox 3694 3783 3792 3837; x_wconf 69' lang='grc' dir='ltr'><strong>καὶ</strong></span> <span class='ocrx_word' id='word_1_635' title='bbox 3823 3784 3921 3835; x_wconf 53' lang='lat'><strong>45¢-</strong></span> 
     </span>
    </p>
   </div>
   <div class='ocr_carea' id='block_1_85' title="bbox 2348 3875 3921 3961">
    <p class='ocr_par' dir='ltr' id='par_1_85' title="bbox 2348 3875 3921 3961">
     <span class='ocr_line' id='line_1_85' title="bbox 2348 3875 3921 3961; baseline -0.011 -17"><span class='ocrx_word' id='word_1_636' title='bbox 2348 3889 2593 3961; x_wconf 80' lang='grc' dir='ltr'>ρισαίους</span> <span class='ocrx_word' id='word_1_637' title='bbox 2631 3885 3180 3957; x_wconf 85' lang='grc' dir='ltr'>(κατεκεκράγεισαν</span> <span class='ocrx_word' id='word_1_638' title='bbox 3226 3879 3336 3951; x_wconf 85' lang='grc' dir='ltr'>γὰρ</span> <span class='ocrx_word' id='word_1_639' title='bbox 3378 3876 3565 3941; x_wconf 82' lang='grc' dir='ltr'>αὑτοῦ,</span> <span class='ocrx_word' id='word_1_640' title='bbox 3601 3878 3701 3930; x_wconf 69' lang='grc' dir='ltr'>καὶ</span> <span class='ocrx_word' id='word_1_641' title='bbox 3733 3875 3835 3939; x_wconf 77' lang='grc' dir='ltr'><strong>τὰς</strong></span> <span class='ocrx_word' id='word_1_642' title='bbox 3862 3877 3921 3927; x_wconf 77' lang='grc' dir='ltr'>ὲκ</span> 
     </span>
    </p>
   </div>
   <div class='ocr_carea' id='block_1_86' title="bbox 2344 3965 3918 4051">
    <p class='ocr_par' dir='ltr' id='par_1_86' title="bbox 2344 3965 3918 4051">
     <span class='ocr_line' id='line_1_86' title="bbox 2344 3965 3918 4051; baseline -0.011 -16"><span class='ocrx_word' id='word_1_643' title='bbox 2344 3981 2539 4051; x_wconf 84' lang='grc' dir='ltr'>φθόνου</span> <span class='ocrx_word' id='word_1_644' title='bbox 2572 3980 2665 4034; x_wconf 75' lang='grc' dir='ltr'>καὶ</span> <span class='ocrx_word' id='word_1_645' title='bbox 2705 3978 3001 4050; x_wconf 80' lang='grc' dir='ltr'>βασκανίας</span> <span class='ocrx_word' id='word_1_646' title='bbox 3030 3976 3131 4030; x_wconf 57' lang='grc' dir='ltr'>καὶ</span> <span class='ocrx_word' id='word_1_647' title='bbox 3150 3974 3393 4046; x_wconf 85' lang='grc' dir='ltr'>ἀκράτου</span> <span class='ocrx_word' id='word_1_648' title='bbox 3424 3971 3617 4041; x_wconf 85' lang='grc' dir='ltr'>μανίας</span> <span class='ocrx_word' id='word_1_649' title='bbox 3656 3965 3918 4036; x_wconf 79' lang='grc' dir='ltr'>κατηφίε-</span> 
     </span>
    </p>
   </div>
   <div class='ocr_carea' id='block_1_87' title="bbox 2347 4062 3919 4143">
    <p class='ocr_par' dir='ltr' id='par_1_87' title="bbox 2347 4062 3919 4143">
     <span class='ocr_line' id='line_1_87' title="bbox 2347 4062 3919 4143; baseline -0.01 -15"><span class='ocrx_word' id='word_1_650' title='bbox 2347 4092 2447 4128; x_wconf 87' lang='grc' dir='ltr'><strong>σαν</strong></span> <span class='ocrx_word' id='word_1_651' title='bbox 2475 4073 2682 4143; x_wconf 81' lang='grc' dir='ltr'>φωνὰς,</span> <span class='ocrx_word' id='word_1_652' title='bbox 2722 4070 3067 4142; x_wconf 86' lang='grc' dir='ltr'>Σαμαρείτην</span> <span class='ocrx_word' id='word_1_653' title='bbox 3116 4069 3385 4136; x_wconf 83' lang='grc' dir='ltr'>λέγοντες,</span> <span class='ocrx_word' id='word_1_654' title='bbox 3426 4062 3655 4135; x_wconf 78' lang='grc' dir='ltr'>μέθυσον</span> <span class='ocrx_word' id='word_1_655' title='bbox 3707 4062 3919 4115; x_wconf 82' lang='grc' dir='ltr'>ἀποκα-</span> 
     </span>
    </p>
   </div>
   <div class='ocr_carea' id='block_1_88' title="bbox 2343 4148 3916 4231">
    <p class='ocr_par' dir='ltr' id='par_1_88' title="bbox 2343 4148 3916 4231">
     <span class='ocr_line' id='line_1_88' title="bbox 2343 4148 3916 4231; baseline -0.009 -14"><span class='ocrx_word' id='word_1_656' title='bbox 2343 4162 2562 4227; x_wconf 86' lang='grc' dir='ltr'>λοῦντες</span> <span class='ocrx_word' id='word_1_657' title='bbox 2590 4161 2683 4216; x_wconf 71' lang='grc' dir='ltr'>καὶ</span> <span class='ocrx_word' id='word_1_658' title='bbox 2718 4162 2781 4213; x_wconf 82' lang='grc' dir='ltr'>ὲκ</span> <span class='ocrx_word' id='word_1_659' title='bbox 2808 4158 3067 4231; x_wconf 86' lang='grc' dir='ltr'>πορνείας</span> <span class='ocrx_word' id='word_1_660' title='bbox 3094 4156 3515 4227; x_wconf 83' lang='grc' dir='ltr'>γεγεννημένον,</span> <span class='ocrx_word' id='word_1_661' title='bbox 3550 4153 3668 4216; x_wconf 71' lang='grc' dir='ltr'>καὶ,</span> <span class='ocrx_word' id='word_1_662' title='bbox 3710 4171 3729 4204; x_wconf 83' lang='grc' dir='ltr'><strong>ι</strong></span> <span class='ocrx_word' id='word_1_663' title='bbox 3764 4148 3916 4223; x_wconf 81' lang='grc' dir='ltr'>Αῐρε,</span> 
     </span>
    </p>
   </div>
   <div class='ocr_carea' id='block_1_89' title="bbox 2344 4243 3923 4326">
    <p class='ocr_par' dir='ltr' id='par_1_89' title="bbox 2344 4243 3923 4326">
     <span class='ocr_line' id='line_1_89' title="bbox 2344 4243 3923 4326; baseline -0.009 -18"><span class='ocrx_word' id='word_1_664' title='bbox 2344 4250 2489 4326; x_wconf 77' lang='grc' dir='ltr'>αἶρε,</span> <span class='ocrx_word' id='word_1_665' title='bbox 2520 4251 2751 4323; x_wconf 80' lang='grc' dir='ltr'>σταύρου</span> <span class='ocrx_word' id='word_1_666' title='bbox 2782 4250 2939 4305; x_wconf 74' lang='grc' dir='ltr'>αὐτὸν</span> <span class='ocrx_word' id='word_1_667' title='bbox 2960 4290 2975 4315; x_wconf 91' lang='grc'><strong>,</strong></span> <span class='ocrx_word' id='word_1_668' title='bbox 3016 4267 3034 4299; x_wconf 74' lang='grc' dir='ltr'><strong>ι</strong></span> <span class='ocrx_word' id='word_1_669' title='bbox 3068 4245 3359 4320; x_wconf 85' lang='grc' dir='ltr'>[βοῶντες]</span> <span class='ocrx_word' id='word_1_670' title='bbox 3381 4246 3399 4315; x_wconf 94' lang='grc'>)</span> <span class='ocrx_word' id='word_1_671' title='bbox 3424 4287 3439 4311; x_wconf 90' lang='grc'><strong>,</strong></span> <span class='ocrx_word' id='word_1_672' title='bbox 3466 4243 3537 4297; x_wconf 76' lang='grc' dir='ltr'><strong>τὰ</strong></span> <span class='ocrx_word' id='word_1_673' title='bbox 3568 4243 3757 4296; x_wconf 69' lang='grc' dir='ltr'>εἰκότα</span> <span class='ocrx_word' id='word_1_674' title='bbox 3792 4258 3923 4313; x_wconf 78' lang='grc' dir='ltr'>φρο-</span> 
     </span>
    </p>
   </div>
   <div class='ocr_carea' id='block_1_90' title="bbox 2345 4333 3923 4415">
    <p class='ocr_par' dir='ltr' id='par_1_90' title="bbox 2345 4333 3923 4415">
     <span class='ocr_line' id='line_1_90' title="bbox 2345 4333 3923 4415; baseline -0.008 -18"><span class='ocrx_word' id='word_1_675' title='bbox 2345 4346 2498 4415; x_wconf 82' lang='grc' dir='ltr'>νήσει</span> <span class='ocrx_word' id='word_1_676' title='bbox 2527 4343 2621 4397; x_wconf 71' lang='grc' dir='ltr'>καὶ</span> <span class='ocrx_word' id='word_1_677' title='bbox 2649 4334 2822 4403; x_wconf 73' lang='grc' dir='ltr'>οὗτος.</span> <span class='ocrx_word' id='word_1_678' title='bbox 2856 4338 3000 4408; x_wconf 80' lang='grc' dir='ltr'>Πλὴν</span> <span class='ocrx_word' id='word_1_679' title='bbox 3023 4338 3071 4391; x_wconf 82' lang='grc' dir='ltr'><strong>εί</strong></span> <span class='ocrx_word' id='word_1_680' title='bbox 3100 4340 3193 4391; x_wconf 80' lang='grc' dir='ltr'>καὶ</span> <span class='ocrx_word' id='word_1_681' title='bbox 3226 4336 3561 4409; x_wconf 83' lang='grc' dir='ltr'>ὲπωρύοντο,</span> <span class='ocrx_word' id='word_1_682' title='bbox 3584 4333 3923 4387; x_wconf 70' lang='grc' dir='ltr'>τεταλαιπωο</span> 
     </span>
    </p>
   </div>
   <div class='ocr_carea' id='block_1_91' title="bbox 2349 4424 3921 4508">
    <p class='ocr_par' dir='ltr' id='par_1_91' title="bbox 2349 4424 3921 4508">
     <span class='ocr_line' id='line_1_91' title="bbox 2349 4424 3921 4508; baseline -0.009 -18"><span class='ocrx_word' id='word_1_683' title='bbox 2349 4437 2578 4508; x_wconf 80' lang='grc' dir='ltr'>ρὴκασιν</span> <span class='ocrx_word' id='word_1_684' title='bbox 2637 4435 2698 4487; x_wconf 80' lang='grc' dir='ltr'>οὐ</span> <span class='ocrx_word' id='word_1_685' title='bbox 2768 4431 3038 4503; x_wconf 85' lang='grc' dir='ltr'>μετρίως,</span> <span class='ocrx_word' id='word_1_686' title='bbox 3101 4450 3119 4483; x_wconf 80' lang='grc' dir='ltr'><strong>ι</strong></span> <span class='ocrx_word' id='word_1_687' title='bbox 3163 4432 3285 4483; x_wconf 84' lang='grc' dir='ltr'>’Ότι</span> <span class='ocrx_word' id='word_1_688' title='bbox 3347 4424 3801 4497; x_wconf 78' lang='grc' dir='ltr'>τεταλαιπωρηκε</span> <span class='ocrx_word' id='word_1_689' title='bbox 3866 4425 3921 4477; x_wconf 79' lang='grc' dir='ltr'>τὸ</span> 
     </span>
    </p>
   </div>
   <div class='ocr_carea' id='block_1_92' title="bbox 2346 4518 3921 4601">
    <p class='ocr_par' dir='ltr' id='par_1_92' title="bbox 2346 4518 3921 4601">
     <span class='ocr_line' id='line_1_92' title="bbox 2346 4518 3921 4601; baseline -0.01 -17"><span class='ocrx_word' id='word_1_690' title='bbox 2346 4529 2613 4601; x_wconf 79' lang='grc' dir='ltr'>φρύαγμα</span> <span class='ocrx_word' id='word_1_691' title='bbox 2658 4526 2751 4581; x_wconf 82' lang='grc' dir='ltr'><strong>τοῦ</strong></span> <span class='ocrx_word' id='word_1_692' title='bbox 2799 4526 3083 4599; x_wconf 78' lang='grc' dir='ltr'>Ἰορδάνου.</span> <span class='ocrx_word' id='word_1_693' title='bbox 3122 4545 3138 4576; x_wconf 79' lang='grc' dir='ltr'><strong>ι</strong></span> <span class='ocrx_word' id='word_1_694' title='bbox 3190 4523 3307 4593; x_wconf 66' lang='grc' dir='ltr'><strong>Καὶ</strong></span> <span class='ocrx_word' id='word_1_695' title='bbox 3345 4521 3397 4575; x_wconf 84' lang='grc' dir='ltr'><strong>τί</strong></span> <span class='ocrx_word' id='word_1_696' title='bbox 3442 4520 3506 4591; x_wconf 81' lang='grc' dir='ltr'>δὴ</span> <span class='ocrx_word' id='word_1_697' title='bbox 3547 4518 3707 4572; x_wconf 83' lang='grc' dir='ltr'>τοῦτό</span> <span class='ocrx_word' id='word_1_698' title='bbox 3754 4521 3921 4581; x_wconf 76' lang='grc' dir='ltr'>ἐστιν,</span> 
     </span>
    </p>
   </div>
   <div class='ocr_carea' id='block_1_93' title="bbox 2271 4602 3922 4692">
    <p class='ocr_par' dir='ltr' id='par_1_93' title="bbox 2271 4602 3922 4692">
     <span class='ocr_line' id='line_1_93' title="bbox 2271 4602 3922 4692; baseline -0.006 -20"><span class='ocrx_word' id='word_1_699' title='bbox 2271 4602 2314 4656; x_wconf 82' lang='grc' dir='ltr'>Ῑ)</span> <span class='ocrx_word' id='word_1_700' title='bbox 2344 4619 2454 4692; x_wconf 82' lang='grc' dir='ltr'><strong>ἐρῶ</strong></span> <span class='ocrx_word' id='word_1_701' title='bbox 2486 4619 2666 4673; x_wconf 85' lang='grc' dir='ltr'>πάλιν.</span> <span class='ocrx_word' id='word_1_702' title='bbox 2714 4618 3002 4690; x_wconf 80' lang='grc' dir='ltr'>Παραρρεἴ</span> <span class='ocrx_word' id='word_1_703' title='bbox 3034 4618 3131 4688; x_wconf 73' lang='grc' dir='ltr'>μὲν</span> <span class='ocrx_word' id='word_1_704' title='bbox 3166 4617 3193 4668; x_wconf 87' lang='grc' dir='ltr'><strong>ό</strong></span> <span class='ocrx_word' id='word_1_705' title='bbox 3231 4613 3500 4685; x_wconf 75' lang='grc' dir='ltr'>Ἰορδάνης</span> <span class='ocrx_word' id='word_1_706' title='bbox 3541 4610 3642 4682; x_wconf 75' lang='grc' dir='ltr'>τὴν</span> <span class='ocrx_word' id='word_1_707' title='bbox 3689 4607 3922 4680; x_wconf 83' lang='grc' dir='ltr'>Ὶεριχὼ,</span> 
     </span>
    </p>
   </div>
   <div class='ocr_carea' id='block_1_94' title="bbox 2346 4698 3925 4780">
    <p class='ocr_par' dir='ltr' id='par_1_94' title="bbox 2346 4698 3925 4780">
     <span class='ocr_line' id='line_1_94' title="bbox 2346 4698 3925 4780; baseline -0.008 -15"><span class='ocrx_word' id='word_1_708' title='bbox 2346 4711 2585 4765; x_wconf 81' lang='grc' dir='ltr'>πλεῖστοι</span> <span class='ocrx_word' id='word_1_709' title='bbox 2617 4710 2672 4763; x_wconf 84' lang='grc' dir='ltr'>δὲ</span> <span class='ocrx_word' id='word_1_710' title='bbox 2706 4710 2820 4763; x_wconf 85' lang='grc' dir='ltr'>ὅσοι</span> <span class='ocrx_word' id='word_1_711' title='bbox 2853 4710 2983 4780; x_wconf 74' lang='grc' dir='ltr'>περὶ</span> <span class='ocrx_word' id='word_1_712' title='bbox 3024 4708 3188 4763; x_wconf 82' lang='grc' dir='ltr'>αὑτὸν</span> <span class='ocrx_word' id='word_1_713' title='bbox 3218 4706 3266 4760; x_wconf 85' lang='grc' dir='ltr'>οἱ</span> <span class='ocrx_word' id='word_1_714' title='bbox 3305 4705 3545 4769; x_wconf 87' lang='grc' dir='ltr'>λέοντες,</span> <span class='ocrx_word' id='word_1_715' title='bbox 3581 4698 3925 4772; x_wconf 78' lang='grc' dir='ltr'>καταδρυχὸ-</span> 
     </span>
    </p>
   </div>
   <div class='ocr_carea' id='block_1_95' title="bbox 2347 4793 3925 4876">
    <p class='ocr_par' dir='ltr' id='par_1_95' title="bbox 2347 4793 3925 4876">
     <span class='ocr_line' id='line_1_95' title="bbox 2347 4793 3925 4876; baseline -0.008 -17"><span class='ocrx_word' id='word_1_716' title='bbox 2347 4804 2497 4876; x_wconf 86' lang='grc' dir='ltr'>μενοί</span> <span class='ocrx_word' id='word_1_717' title='bbox 2563 4820 2623 4856; x_wconf 85' lang='grc' dir='ltr'><strong>τε</strong></span> <span class='ocrx_word' id='word_1_718' title='bbox 2681 4802 2909 4865; x_wconf 84' lang='grc' dir='ltr'>δεινῶς,</span> <span class='ocrx_word' id='word_1_719' title='bbox 2972 4803 3068 4855; x_wconf 73' lang='grc' dir='ltr'><strong>καὶ</strong></span> <span class='ocrx_word' id='word_1_720' title='bbox 3122 4801 3399 4873; x_wconf 85' lang='grc' dir='ltr'>ἀφόρητον</span> <span class='ocrx_word' id='word_1_721' title='bbox 3451 4799 3564 4861; x_wconf 85' lang='grc' dir='ltr'>τοῖς</span> <span class='ocrx_word' id='word_1_722' title='bbox 3622 4793 3925 4849; x_wconf 75' lang='grc' dir='ltr'>ἐνοικοῦσιν</span> 
     </span>
    </p>
   </div>
   <div class='ocr_carea' id='block_1_96' title="bbox 2342 4888 3923 4964">
    <p class='ocr_par' dir='ltr' id='par_1_96' title="bbox 2342 4888 3923 4964">
     <span class='ocr_line' id='line_1_96' title="bbox 2342 4888 3923 4964; baseline -0.009 -12"><span class='ocrx_word' id='word_1_723' title='bbox 2342 4899 2578 4960; x_wconf 77' lang='grc' dir='ltr'>ἐνιέντες</span> <span class='ocrx_word' id='word_1_724' title='bbox 2613 4895 2673 4948; x_wconf 75' lang='grc' dir='ltr'>τὸ</span> <span class='ocrx_word' id='word_1_725' title='bbox 2701 4894 2885 4964; x_wconf 80' lang='grc' dir='ltr'>δεῖμα.</span> <span class='ocrx_word' id='word_1_726' title='bbox 2916 4892 3159 4947; x_wconf 86' lang='grc' dir='ltr'>Τοιοῦτοι</span> <span class='ocrx_word' id='word_1_727' title='bbox 3187 4892 3244 4946; x_wconf 79' lang='grc' dir='ltr'>δὲ</span> <span class='ocrx_word' id='word_1_728' title='bbox 3273 4888 3411 4961; x_wconf 76' lang='grc' dir='ltr'>ἦσαν</span> <span class='ocrx_word' id='word_1_729' title='bbox 3445 4891 3572 4952; x_wconf 83' lang='grc' dir='ltr'>τοὺς</span> <span class='ocrx_word' id='word_1_730' title='bbox 3602 4888 3842 4959; x_wconf 84' lang='grc' dir='ltr'>τρόπους</span> <span class='ocrx_word' id='word_1_731' title='bbox 3876 4888 3923 4938; x_wconf 86' lang='grc' dir='ltr'>οἱ</span> 
     </span>
    </p>
   </div>
   <div class='ocr_carea' id='block_1_97' title="bbox 657 4975 2232 5061">
    <p class='ocr_par' dir='ltr' id='par_1_97' title="bbox 657 4975 2232 5047">
     <span class='ocr_line' id='line_1_97' title="bbox 657 4975 2232 5047; baseline 0.013 -20"><span class='ocrx_word' id='word_1_732' title='bbox 657 4975 875 5031; x_wconf 86' lang='lat' dir='ltr'><strong>nuiores</strong></span> <span class='ocrx_word' id='word_1_733' title='bbox 903 4980 1162 5047; x_wconf 74' lang='lat' dir='ltr'><strong>potentiae</strong></span> <span class='ocrx_word' id='word_1_734' title='bbox 1187 4994 1298 5034; x_wconf 68' lang='lat' dir='ltr'><strong>sum</strong></span> <span class='ocrx_word' id='word_1_735' title='bbox 1326 4983 1597 5038; x_wconf 91' lang='lat' dir='ltr'><strong>terriculis</strong></span> <span class='ocrx_word' id='word_1_736' title='bbox 1623 4994 2055 5043; x_wconf 88' lang='lat' dir='ltr'><strong>consternantes.</strong></span> <span class='ocrx_word' id='word_1_737' title='bbox 2087 5007 2106 5041; x_wconf 76' lang='grc' dir='ltr'><strong>ι</strong></span> <span class='ocrx_word' id='word_1_738' title='bbox 2140 4992 2232 5046; x_wconf 72' lang='lat' dir='ltr'><strong>Ve-</strong></span> 
     </span>
    </p>
   </div>
   <div class='ocr_carea' id='block_1_98' title="bbox 2334 4975 3926 5061">
    <p class='ocr_par' dir='ltr' id='par_1_98' title="bbox 2341 4979 3926 5061">
     <span class='ocr_line' id='line_1_98' title="bbox 2341 4979 3926 5061; baseline -0.008 -20"><span class='ocrx_word' id='word_1_739' title='bbox 2341 4990 2693 5061; x_wconf 84' lang='grc' dir='ltr'>Γραμματείς</span> <span class='ocrx_word' id='word_1_740' title='bbox 2734 4985 2829 5039; x_wconf 76' lang='grc' dir='ltr'>καὶ</span> <span class='ocrx_word' id='word_1_741' title='bbox 2872 4987 2925 5039; x_wconf 73' lang='grc' dir='ltr'>οἳ</span> <span class='ocrx_word' id='word_1_742' title='bbox 2967 4986 3268 5056; x_wconf 83' lang='grc' dir='ltr'>Φαρισαῖοι,</span> <span class='ocrx_word' id='word_1_743' title='bbox 3307 4999 3413 5035; x_wconf 90' lang='grc' dir='ltr'><strong>των</strong></span> <span class='ocrx_word' id='word_1_744' title='bbox 3443 4979 3713 5049; x_wconf 85' lang='grc' dir='ltr'>ἀγελαίων</span> <span class='ocrx_word' id='word_1_745' title='bbox 3760 4995 3926 5030; x_wconf 84' lang='grc' dir='ltr'>κατα-</span> 
     </span>
    </p>
   </div>
   <div class='ocr_carea' id='block_1_99' title="bbox 656 5067 2232 5151">
    <p class='ocr_par' dir='ltr' id='par_1_99' title="bbox 656 5067 2232 5151">
     <span class='ocr_line' id='line_1_99' title="bbox 656 5067 2232 5151; baseline 0.011 -32"><span class='ocrx_word' id='word_1_746' title='bbox 656 5080 776 5120; x_wconf 86' lang='lat' dir='ltr'><strong>rum</strong></span> <span class='ocrx_word' id='word_1_747' title='bbox 809 5068 972 5122; x_wconf 88' lang='lat' dir='ltr'><strong>miser</strong></span> <span class='ocrx_word' id='word_1_748' title='bbox 998 5067 1171 5124; x_wconf 88' lang='lat' dir='ltr'><strong>factus</strong></span> <span class='ocrx_word' id='word_1_749' title='bbox 1198 5079 1285 5125; x_wconf 89' lang='lat' dir='ltr'><strong>est</strong></span> <span class='ocrx_word' id='word_1_750' title='bbox 1311 5071 1526 5127; x_wconf 89' lang='lat' dir='ltr'><strong>leonum</strong></span> <span class='ocrx_word' id='word_1_751' title='bbox 1558 5082 1751 5130; x_wconf 90' lang='lat' dir='ltr'><strong>terror.</strong></span> <span class='ocrx_word' id='word_1_752' title='bbox 1788 5096 1805 5128; x_wconf 77' lang='grc' dir='ltr'><strong>ι</strong></span> <span class='ocrx_word' id='word_1_753' title='bbox 1842 5076 1955 5134; x_wconf 83' lang='lat' dir='ltr'><strong>Hoc</strong></span> <span class='ocrx_word' id='word_1_754' title='bbox 1982 5088 2063 5135; x_wconf 90' lang='lat' dir='ltr'><strong>est</strong></span> <span class='ocrx_word' id='word_1_755' title='bbox 2093 5084 2232 5151; x_wconf 90' lang='lat' dir='ltr'><strong>quod</strong></span> 
     </span>
    </p>
   </div>
   <div class='ocr_carea' id='block_1_100' title="bbox 2334 5067 3924 5151">
    <p class='ocr_par' dir='ltr' id='par_1_100' title="bbox 2343 5069 3924 5151">
     <span class='ocr_line' id='line_1_100' title="bbox 2343 5069 3924 5151; baseline -0.008 -19"><span class='ocrx_word' id='word_1_756' title='bbox 2343 5080 2688 5151; x_wconf 78' lang='grc' dir='ltr'>ὀρυχόμενοι,</span> <span class='ocrx_word' id='word_1_757' title='bbox 2716 5078 2943 5140; x_wconf 73' lang='grc' dir='ltr'>καὶτοῖς</span> <span class='ocrx_word' id='word_1_758' title='bbox 2975 5077 3040 5129; x_wconf 84' lang='grc' dir='ltr'>ὲκ</span> <span class='ocrx_word' id='word_1_759' title='bbox 3072 5075 3172 5147; x_wconf 82' lang='grc' dir='ltr'>τῆς</span> <span class='ocrx_word' id='word_1_760' title='bbox 3198 5073 3450 5141; x_wconf 75' lang='grc' dir='ltr'>ἐξουσίας</span> <span class='ocrx_word' id='word_1_761' title='bbox 3484 5069 3924 5131; x_wconf 80' lang='grc' dir='ltr'>καταπτοοῦντες</span> 
     </span>
    </p>
   </div>
   <div class='ocr_carea' id='block_1_101' title="bbox 657 5157 2232 5240">
    <p class='ocr_par' dir='ltr' id='par_1_101' title="bbox 657 5157 2232 5238">
     <span class='ocr_line' id='line_1_101' title="bbox 657 5157 2232 5238; baseline 0.011 -29"><span class='ocrx_word' id='word_1_762' title='bbox 657 5159 764 5225; x_wconf 86' lang='lat' dir='ltr'><strong>ait,</strong></span> <span class='ocrx_word' id='word_1_763' title='bbox 804 5174 823 5208; x_wconf 81' lang='grc' dir='ltr'><strong>ι</strong></span> <span class='ocrx_word' id='word_1_764' title='bbox 865 5157 1113 5216; x_wconf 89' lang='lat' dir='ltr'><strong>fremitus</strong></span> <span class='ocrx_word' id='word_1_765' title='bbox 1143 5157 1415 5218; x_wconf 74' lang='lat' dir='ltr'><strong>Iordanis.</strong></span> <span class='ocrx_word' id='word_1_766' title='bbox 1458 5181 1481 5216; x_wconf 72' lang='grc' dir='ltr'><strong>ι</strong></span> <span class='ocrx_word' id='word_1_767' title='bbox 1514 5165 1595 5219; x_wconf 89' lang='lat' dir='ltr'><strong>Ac</strong></span> <span class='ocrx_word' id='word_1_768' title='bbox 1628 5164 1873 5223; x_wconf 85' lang='lat' dir='ltr'><strong>fremitus</strong></span> <span class='ocrx_word' id='word_1_769' title='bbox 1910 5170 2123 5238; x_wconf 89' lang='lat' dir='ltr'><strong>quidem</strong></span> <span class='ocrx_word' id='word_1_770' title='bbox 2157 5182 2232 5227; x_wconf 91' lang='lat' dir='ltr'><strong>est</strong></span> 
     </span>
    </p>
   </div>
   <div class='ocr_carea' id='block_1_102' title="bbox 2334 5157 3928 5240">
    <p class='ocr_par' dir='ltr' id='par_1_102' title="bbox 2338 5158 3928 5240">
     <span class='ocr_line' id='line_1_102' title="bbox 2338 5158 3928 5240; baseline -0.008 -17"><span class='ocrx_word' id='word_1_771' title='bbox 2338 5170 2553 5240; x_wconf 87' lang='grc' dir='ltr'>δείμασι</span> <span class='ocrx_word' id='word_1_772' title='bbox 2590 5168 2665 5239; x_wconf 84' lang='grc'><strong>(1)</strong></span> <span class='ocrx_word' id='word_1_773' title='bbox 2693 5169 2819 5231; x_wconf 77' lang='grc' dir='ltr'>τοὺς</span> <span class='ocrx_word' id='word_1_774' title='bbox 2863 5165 3307 5236; x_wconf 83' lang='grc' dir='ltr'>ἀσθενεστέρους.</span> <span class='ocrx_word' id='word_1_775' title='bbox 3344 5182 3362 5216; x_wconf 81' lang='grc' dir='ltr'><strong>ι</strong></span> <span class='ocrx_word' id='word_1_776' title='bbox 3400 5161 3563 5227; x_wconf 53' lang='grc' dir='ltr'><strong>¹ἀλλὰ</strong></span> <span class='ocrx_word' id='word_1_777' title='bbox 3591 5158 3928 5215; x_wconf 78' lang='grc' dir='ltr'>τεταλαιπω-</span> 
     </span>
    </p>
   </div>
   <div class='ocr_carea' id='block_1_103' title="bbox 656 5246 2232 5334">
    <p class='ocr_par' dir='ltr' id='par_1_103' title="bbox 656 5253 2232 5334">
     <span class='ocr_line' id='line_1_103' title="bbox 656 5253 2232 5334; baseline 0.011 -32"><span class='ocrx_word' id='word_1_778' title='bbox 656 5263 722 5302; x_wconf 82' lang='lat' dir='ltr'><strong>ex</strong></span> <span class='ocrx_word' id='word_1_779' title='bbox 752 5261 1012 5318; x_wconf 87' lang='lat' dir='ltr'><strong>equorum</strong></span> <span class='ocrx_word' id='word_1_780' title='bbox 1043 5259 1098 5306; x_wconf 92' lang='lat' dir='ltr'><strong>et</strong></span> <span class='ocrx_word' id='word_1_781' title='bbox 1129 5253 1395 5307; x_wconf 91' lang='lat' dir='ltr'><strong>mulorum</strong></span> <span class='ocrx_word' id='word_1_782' title='bbox 1432 5256 1655 5311; x_wconf 88' lang='lat' dir='ltr'><strong>naribus</strong></span> <span class='ocrx_word' id='word_1_783' title='bbox 1690 5271 1811 5312; x_wconf 90' lang='lat' dir='ltr'><strong>cum</strong></span> <span class='ocrx_word' id='word_1_784' title='bbox 1846 5259 2008 5317; x_wconf 81' lang='lat' dir='ltr'><strong>feroci</strong></span> <span class='ocrx_word' id='word_1_785' title='bbox 2043 5264 2232 5334; x_wconf 89' lang='lat' dir='ltr'><strong>spiritu</strong></span> 
     </span>
    </p>
   </div>
   <div class='ocr_carea' id='block_1_104' title="bbox 2334 5246 3923 5334">
    <p class='ocr_par' dir='ltr' id='par_1_104' title="bbox 2344 5246 3923 5333">
     <span class='ocr_line' id='line_1_104' title="bbox 2344 5246 3923 5333; baseline -0.009 -19"><span class='ocrx_word' id='word_1_786' title='bbox 2344 5277 2511 5333; x_wconf 83' lang='grc' dir='ltr'>ρηκεν</span> <span class='ocrx_word' id='word_1_787' title='bbox 2545 5262 2573 5313; x_wconf 87' lang='grc' dir='ltr'>ὁ</span> <span class='ocrx_word' id='word_1_788' title='bbox 2600 5260 2707 5313; x_wconf 84' lang='grc' dir='ltr'><strong>τῶν</strong></span> <span class='ocrx_word' id='word_1_789' title='bbox 2753 5258 2982 5312; x_wconf 88' lang='grc' dir='ltr'>λεόντων</span> <span class='ocrx_word' id='word_1_790' title='bbox 3019 5256 3202 5325; x_wconf 75' lang='grc' dir='ltr'>φόϐος.</span> <span class='ocrx_word' id='word_1_791' title='bbox 3238 5273 3258 5306; x_wconf 85' lang='grc'><strong>›</strong></span> <span class='ocrx_word' id='word_1_792' title='bbox 3297 5253 3470 5308; x_wconf 84' lang='grc' dir='ltr'>Τοῦτο</span> <span class='ocrx_word' id='word_1_793' title='bbox 3513 5252 3570 5305; x_wconf 83' lang='grc' dir='ltr'>δὲ</span> <span class='ocrx_word' id='word_1_794' title='bbox 3614 5246 3753 5304; x_wconf 80' lang='grc' dir='ltr'>εἶναὶ</span> <span class='ocrx_word' id='word_1_795' title='bbox 3794 5264 3923 5321; x_wconf 85' lang='grc' dir='ltr'>φησι</span> 
     </span>
    </p>
   </div>
   <div class='ocr_carea' id='block_1_105' title="bbox 656 5337 2232 5423">
    <p class='ocr_par' dir='ltr' id='par_1_105' title="bbox 656 5337 2232 5423">
     <span class='ocr_line' id='line_1_105' title="bbox 656 5337 2232 5423; baseline 0.012 -31"><span class='ocrx_word' id='word_1_796' title='bbox 656 5337 892 5394; x_wconf 85' lang='lat' dir='ltr'><strong>emissus</strong></span> <span class='ocrx_word' id='word_1_797' title='bbox 925 5340 1169 5408; x_wconf 83' lang='lat' dir='ltr'><strong>sonitus;</strong></span> <span class='ocrx_word' id='word_1_798' title='bbox 1208 5344 1301 5398; x_wconf 90' lang='lat' dir='ltr'><strong>sed</strong></span> <span class='ocrx_word' id='word_1_799' title='bbox 1339 5343 1501 5398; x_wconf 84' lang='lat' dir='ltr'><strong>etiam</strong></span> <span class='ocrx_word' id='word_1_800' title='bbox 1532 5344 1587 5400; x_wconf 90' lang='lat' dir='ltr'><strong>in</strong></span> <span class='ocrx_word' id='word_1_801' title='bbox 1622 5346 1689 5403; x_wconf 92' lang='lat' dir='ltr'><strong>iis</strong></span> <span class='ocrx_word' id='word_1_802' title='bbox 1722 5349 1919 5406; x_wconf 88' lang='lat' dir='ltr'><strong>dicitur</strong></span> <span class='ocrx_word' id='word_1_803' title='bbox 1952 5353 2043 5423; x_wconf 88' lang='lat' dir='ltr'><strong>qui</strong></span> <span class='ocrx_word' id='word_1_804' title='bbox 2077 5355 2145 5410; x_wconf 93' lang='lat' dir='ltr'><strong>de</strong></span> <span class='ocrx_word' id='word_1_805' title='bbox 2178 5370 2232 5411; x_wconf 88' lang='lat' dir='ltr'><strong>se</strong></span> 
     </span>
    </p>
   </div>
   <div class='ocr_carea' id='block_1_106' title="bbox 2334 5337 3926 5423">
    <p class='ocr_par' dir='ltr' id='par_1_106' title="bbox 2354 5340 3926 5422">
     <span class='ocr_line' id='line_1_106' title="bbox 2354 5340 3926 5422; baseline -0.007 -17"><span class='ocrx_word' id='word_1_806' title='bbox 2354 5371 2372 5404; x_wconf 84' lang='grc' dir='ltr'><strong>ι</strong></span> <span class='ocrx_word' id='word_1_807' title='bbox 2408 5351 2469 5405; x_wconf 80' lang='grc' dir='ltr'>τὸ</span> <span class='ocrx_word' id='word_1_808' title='bbox 2508 5350 2772 5422; x_wconf 80' lang='grc' dir='ltr'>φρύαγμα</span> <span class='ocrx_word' id='word_1_809' title='bbox 2827 5347 2921 5403; x_wconf 87' lang='grc' dir='ltr'><strong>τοῦ</strong></span> <span class='ocrx_word' id='word_1_810' title='bbox 2962 5347 3249 5420; x_wconf 81' lang='grc' dir='ltr'>Ἰορδάνου.</span> <span class='ocrx_word' id='word_1_811' title='bbox 3292 5367 3310 5397; x_wconf 72' lang='grc' dir='ltr'><em>ο</em></span> <span class='ocrx_word' id='word_1_812' title='bbox 3350 5346 3461 5399; x_wconf 75' lang='grc' dir='ltr'><strong>Καὶ</strong></span> <span class='ocrx_word' id='word_1_813' title='bbox 3510 5342 3778 5414; x_wconf 80' lang='grc' dir='ltr'>φρύαγμα</span> <span class='ocrx_word' id='word_1_814' title='bbox 3828 5340 3926 5411; x_wconf 81' lang='grc' dir='ltr'>μὲν</span> 
     </span>
    </p>
   </div>
   <div class='ocr_carea' id='block_1_107' title="bbox 659 5427 2232 5516">
    <p class='ocr_par' dir='ltr' id='par_1_107' title="bbox 659 5429 2232 5516">
     <span class='ocr_line' id='line_1_107' title="bbox 659 5429 2232 5516; baseline 0.011 -32"><span class='ocrx_word' id='word_1_815' title='bbox 659 5429 917 5497; x_wconf 64' lang='lat' dir='ltr'><strong>praeclare</strong></span> <span class='ocrx_word' id='word_1_816' title='bbox 961 5432 1224 5488; x_wconf 86' lang='lat' dir='ltr'><strong>sentiunt.</strong></span> <span class='ocrx_word' id='word_1_817' title='bbox 1270 5432 1405 5490; x_wconf 86' lang='lat' dir='ltr'><strong>liinc</strong></span> <span class='ocrx_word' id='word_1_818' title='bbox 1452 5436 1664 5493; x_wconf 88' lang='lat' dir='ltr'><strong>divinus</strong></span> <span class='ocrx_word' id='word_1_819' title='bbox 1711 5438 1877 5496; x_wconf 85' lang='lat' dir='ltr'><strong>David</strong></span> <span class='ocrx_word' id='word_1_820' title='bbox 1925 5444 1991 5499; x_wconf 90' lang='lat' dir='ltr'><strong>de</strong></span> <span class='ocrx_word' id='word_1_821' title='bbox 2036 5445 2101 5501; x_wconf 91' lang='lat' dir='ltr'><strong>iis</strong></span> <span class='ocrx_word' id='word_1_822' title='bbox 2149 5447 2232 5516; x_wconf 85' lang='lat' dir='ltr'><strong>qui</strong></span> 
     </span>
    </p>
   </div>
   <div class='ocr_carea' id='block_1_108' title="bbox 2334 5427 3924 5516">
    <p class='ocr_par' dir='ltr' id='par_1_108' title="bbox 2348 5427 3924 5513">
     <span class='ocr_line' id='line_1_108' title="bbox 2348 5427 3924 5513; baseline -0.007 -16"><span class='ocrx_word' id='word_1_823' title='bbox 2348 5443 2497 5497; x_wconf 74' lang='grc' dir='ltr'>ἔστιν</span> <span class='ocrx_word' id='word_1_824' title='bbox 2536 5446 2569 5513; x_wconf 81' lang='grc' dir='ltr'><strong>η</strong></span> <span class='ocrx_word' id='word_1_825' title='bbox 2615 5443 2796 5495; x_wconf 81' lang='grc' dir='ltr'>ἵππων</span> <span class='ocrx_word' id='word_1_826' title='bbox 2843 5457 2902 5493; x_wconf 88' lang='grc' dir='ltr'><strong>τε</strong></span> <span class='ocrx_word' id='word_1_827' title='bbox 2954 5438 3049 5493; x_wconf 71' lang='grc' dir='ltr'>καὶ</span> <span class='ocrx_word' id='word_1_828' title='bbox 3092 5437 3329 5509; x_wconf 76' lang='grc' dir='ltr'>ἡμιόνων</span> <span class='ocrx_word' id='word_1_829' title='bbox 3369 5434 3457 5489; x_wconf 82' lang='grc' dir='ltr'>διὰ</span> <span class='ocrx_word' id='word_1_830' title='bbox 3494 5434 3789 5506; x_wconf 74' lang='grc' dir='ltr'>μυκτήρων</span> <span class='ocrx_word' id='word_1_831' title='bbox 3819 5427 3924 5500; x_wconf 69' lang='grc' dir='ltr'><strong>ἠχὴ</strong></span> 
     </span>
    </p>
   </div>
   <div class='ocr_carea' id='block_1_109' title="bbox 729 5610 2232 5693">
    <p class='ocr_par' dir='ltr' id='par_1_109' title="bbox 729 5610 2232 5693">
     <span class='ocr_line' id='line_1_109' title="bbox 729 5610 2232 5693; baseline 0.012 -29"><span class='ocrx_word' id='word_1_832' title='bbox 729 5610 999 5693; x_wconf 48' lang='lat' dir='ltr'><strong>“gerem:</strong></span> <span class='ocrx_word' id='word_1_833' title='bbox 1020 5625 1182 5693; x_wconf 60' lang='lat' dir='ltr'><strong>pun,</strong></span> <span class='ocrx_word' id='word_1_834' title='bbox 1210 5614 1262 5669; x_wconf 98' lang='grc'><strong>1.</strong></span> <span class='ocrx_word' id='word_1_835' title='bbox 1338 5612 1607 5693; x_wconf 48' lang='lat' dir='ltr'><strong>&#39;fgerem.</strong></span> <span class='ocrx_word' id='word_1_836' title='bbox 1639 5633 1693 5683; x_wconf 71' lang='grc' dir='ltr'>ς,</span> <span class='ocrx_word' id='word_1_837' title='bbox 1724 5619 1812 5674; x_wconf 65' lang='lat' dir='ltr'><strong>ﬁl.</strong></span> <span class='ocrx_word' id='word_1_838' title='bbox 1892 5621 1936 5655; x_wconf 68' lang='grc'><strong>⁸⁸</strong></span> <span class='ocrx_word' id='word_1_839' title='bbox 1966 5621 2168 5681; x_wconf 86' lang='lat' dir='ltr'><strong>Jerem.</strong></span> <span class='ocrx_word' id='word_1_840' title='bbox 2198 5641 2232 5681; x_wconf 87' lang='grc' dir='ltr'><strong>ιι</strong></span> 
     </span>
    </p>
   </div>
   <div class='ocr_carea' id='block_1_110' title="bbox 2334 5610 3921 5693">
    <p class='ocr_par' dir='ltr' id='par_1_110' title="bbox 2334 5616 3921 5693">
     <span class='ocr_line' id='line_1_110' title="bbox 2334 5616 3921 5693; baseline -0.007 -12"><span class='ocrx_word' id='word_1_841' title='bbox 2334 5627 2408 5682; x_wconf 77' lang='lat' dir='ltr'><strong>l5.</strong></span> <span class='ocrx_word' id='word_1_842' title='bbox 2486 5626 2531 5659; x_wconf 79' lang='lat'>“</span> <span class='ocrx_word' id='word_1_843' title='bbox 2565 5625 2605 5681; x_wconf 84' lang='lat' dir='ltr'><strong>ll</strong></span> <span class='ocrx_word' id='word_1_844' title='bbox 2638 5628 2777 5684; x_wconf 81' lang='lat' dir='ltr'><strong>Tim.</strong></span> <span class='ocrx_word' id='word_1_845' title='bbox 2814 5640 2874 5693; x_wconf 88' lang='lat' dir='ltr'><strong>tl,</strong></span> <span class='ocrx_word' id='word_1_846' title='bbox 2918 5626 3001 5680; x_wconf 73' lang='lat' dir='ltr'><strong>i5.</strong></span> <span class='ocrx_word' id='word_1_847' title='bbox 3081 5625 3125 5659; x_wconf 72' lang='grc'>⁸⁸</span> <span class='ocrx_word' id='word_1_848' title='bbox 3154 5623 3311 5680; x_wconf 78' lang='lat' dir='ltr'><strong>Joan.</strong></span> <span class='ocrx_word' id='word_1_849' title='bbox 3340 5640 3458 5690; x_wconf 81' lang='lat' dir='ltr'><strong>vm,</strong></span> <span class='ocrx_word' id='word_1_850' title='bbox 3491 5621 3578 5678; x_wconf 66' lang='grc'><strong>48.</strong></span> <span class='ocrx_word' id='word_1_851' title='bbox 3657 5621 3702 5652; x_wconf 65' lang='grc'><strong>⁸³³</strong></span> <span class='ocrx_word' id='word_1_852' title='bbox 3733 5616 3921 5672; x_wconf 68' lang='lat' dir='ltr'><strong>Matth.</strong></span> 
     </span>
    </p>
   </div>
   <div class='ocr_carea' id='block_1_111' title="bbox 657 5681 1442 5752">
    <p class='ocr_par' dir='ltr' id='par_1_111' title="bbox 657 5681 1442 5752">
     <span class='ocr_line' id='line_1_111' title="bbox 657 5681 1442 5752; baseline -0.001 -13"><span class='ocrx_word' id='word_1_853' title='bbox 657 5699 736 5752; x_wconf 79' lang='lat' dir='ltr'><strong>xl,</strong></span> <span class='ocrx_word' id='word_1_854' title='bbox 778 5681 864 5739; x_wconf 82' lang='grc'><strong>19.</strong></span> <span class='ocrx_word' id='word_1_855' title='bbox 944 5681 1174 5741; x_wconf 78' lang='lat' dir='ltr'><strong>“Joan.</strong></span> <span class='ocrx_word' id='word_1_856' title='bbox 1204 5698 1321 5749; x_wconf 75' lang='grc' dir='ltr'>ιιι,</span> <span class='ocrx_word' id='word_1_857' title='bbox 1354 5684 1442 5738; x_wconf 83' lang='grc'><strong>15.</strong></span> 
     </span>
    </p>
   </div>
   <div class='ocr_carea' id='block_1_112' title="bbox 728 5865 2021 5940">
    <p class='ocr_par' dir='ltr' id='par_1_112' title="bbox 728 5865 2021 5940">
     <span class='ocr_line' id='line_1_112' title="bbox 728 5865 2021 5940; baseline 0.003 -17"><span class='ocrx_word' id='word_1_858' title='bbox 728 5865 809 5940; x_wconf 83' lang='grc'><strong>(1)</strong></span> <span class='ocrx_word' id='word_1_859' title='bbox 846 5865 941 5924; x_wconf 82' lang='lat' dir='ltr'><strong>Ed.</strong></span> <span class='ocrx_word' id='word_1_860' title='bbox 977 5866 1140 5938; x_wconf 81' lang='lat' dir='ltr'><strong>Aub.,</strong></span> <span class='ocrx_word' id='word_1_861' title='bbox 1173 5865 1446 5939; x_wconf 77' lang='grc' dir='ltr'>δείγμασι,</span> <span class='ocrx_word' id='word_1_862' title='bbox 1488 5869 1829 5928; x_wconf 73' lang='lat' dir='ltr'><strong>documentis.</strong></span> <span class='ocrx_word' id='word_1_863' title='bbox 1866 5871 2021 5929; x_wconf 75' lang='lat' dir='ltr'><strong>Erit.</strong></span> 
     </span>
    </p>
   </div>
  </div>
