4120 6560
292 447 382 506 181

291 563 584 636 καθημένη
629 582 688 620 τε
729 563 823 620 καὶ
844 563 1038 638 ιάγρίῳ
1065 569 1348 642 φυσήματι
1377 569 1814 628 συνεκπίπτουσα
1834 589 1846 601 ·

288 655 621 728 λαμϐάνεται
648 656 703 710 δὲ
726 655 822 710 καὶ
849 656 944 710 ἐπὶ
967 657 1063 712 τοῦ
1096 660 1694 732 μεγαλοφρονεῖν.Ἔφη
1721 661 1850 730 γοῦν

285 751 316 802 ὁ
347 747 632 811 Θεσπέσιος
660 745 825 801 Δα6¹ιδ
853 749 983 822 περὶ
1009 749 1117 802 τῶν
1145 753 1224 814 είς
1256 752 1490 822 Χριστὸν
1520 769 1850 824 πεπαρῳνη-

283 839 478 893 κότων·
505 837 652 892 ι-Ἷνα
681 837 734 891 τί
761 838 1218 912 ἐφρύαξαν-ἔθνη,
1249 842 1342 895 καὶ
1365 842 1484 895 λαοὶ
1516 840 1854 913 ἐμελέτησαν

279 927 470 994 καινάς
507 946 526 980 ι
568 930 736 984 Ὅταν
776 925 869 984 οὖν
917 931 1184 1003 φρύαγμα
1227 932 1322 986 τοῦ
1376 932 1638 1002 Ἰορδάνου
1684 934 1850 1006 λέγῃ,

261 1019 588 1090 νοήσεις-τὸ
615 1019 889 1092 φρόνημα,
924 1022 1019 1075 καὶ
1045 1023 1167 1093 οὐχὶ
1194 1025 1413 1088 πάντως
1444 1023 1540 1078 τοῦ
1581 1023 1850 1096 ποταμοῦ,

267 1110 416 1164 ἀλλὰ
439 1110 550 1164 τῶν
580 1112 902 1183 περιναύτδν
949 1115 1233 1171 λεόντωνοσ
1253 1115 1362 1170 ἀπὸ
1383 1115 1492 1186 γάρ
1519 1114 1700 1170 τόπων
1742 1115 1853 1168 ἔσθ’

266 1203 366 1256 ὅτε
393 1203 466 1258 τὰ
493 1207 552 1259 ὲν
583 1206 782 1271 αὐτοῖς
799 1207 1146 1279 σημαίνεται.

351 1294 500 1350 Τάδε
536 1294 698 1366 λέγει
732 1298 948 1366 Κύριος
998 1296 1421 1367 παντοκράτωρ
1443 1314 1458 1329 ο
1505 1298 1854 1368 Ποιμαινετε

261 1383 344 1439 τὰ
378 1386 646 1454 πρόϐατα
676 1383 785 1456 τῆς
813 1386 1058 1458 σφαγῆς
1080 1426 1095 1452 ,
1147 1385 1185 1442 ἄ
1218 1388 1275 1442 οι
1318 1386 1682 1458 κτησάμενοι
1719 1405 1854 1446 κατ-

243 1475 553 1546 έσφαζον,
586 1477 686 1534 καὶ
720 1479 794 1534 οὺ
832 1479 1231 1549 μετεμέλοντο
1251 1517 1266 1542 ,
1298 1478 1400 1532 καὶ
1420 1482 1475 1533 οὶ
1509 1479 1854 1547 πωλοῦντες

255 1566 445 1631 αὐτὰ,
468 1566 714 1638 eleg-or
744 1566 1089 1637 Εὐλογητὸς
1113 1565 1346 1634 Κύριος,
1376 1566 1475 1620 καὶ
1509 1569 1855 1639 1:83.1qu-

254 1670 490 1724 καμεν,
518 1656 617 1710 καί
659 1658 716 1710 ol
747 1654 1029 1726 ποιμένες
1060 1652 1258 1708 αὐτῶν
1290 1654 1403 1708 οὐκ
1450 1653 1728 1723 ἔπασχον
1757 1655 1855 1708 οὐ·-

245 1744 373 1798 δὲν
407 1746 501 1800 ἐπ’
527 1746 754 1813 αὐτοῖς.

327 1839 457 1893 OZ'.
498 1837 641 1908 Πρὸς
684 1840 947 1904 αὐτοὺς-ό
990 1840 1146 1909 λόγος
1173 1841 1301 1905 τοὺς
1346 1841 1680 1914 θρηνοῦντας
1729 1859 1849 1896 ποι-

251 1928 460 1999 μένας,
491 1931 586 1985 καὶ
631 1931 690 1984 ὲν
731 1930 896 1997 τάξει
936 1931 1165 1987 λεόντων
1207 1932 1590 2005 ὠρυομένους,
1634 1928 1716 1998 οἷς
1749 1934 1844 1988 καὶ

225 2021 484 2092 ’ἐφίησιν
541 2020 624 2076 ἔτι
665 2021 734 2075 τὰ
783 2023 883 2093 τῆς
930 2027 1147 2096 σφαγῆς
1193 2024 1519 2096 κατανέμειν
1575 2024 1842 2095 πρόϐατα,

249 2111 941 2184 καίτοι-κατημελημένως
981 2112 1124 2179 λίαν,
1155 2112 1233 2178 ὡς
1277 2116 1745 2185 πιπρασκομένοις
1781 2130 1842 2166 τε

226 2203 366 2256 καὶ·
399 2201 760 2273 σφαζομένοις
798 2201 920 2273 μηδ’
953 2203 1075 2257 ὅσον
1099 2205 1274 2258 εἰπεῖν
1303 2203 1610 2274 ἑπαλγῆσαι
1643 2203 1840 2276 βραχύ.

251 2291 483 2362 Ὠσπερ
515 2291 717 2362 γάμοι
764 2291 874 2344 τῶν
915 2292 1188 2362 ποιμένων
1217 2293 1714 2365 ἀνεπιεικέστεροι,
1749 2294 1844 2348 καὶ

249 2382 404 2454 πρὸς
450 2383 590 2454 μόνα
637 2381 926 2452 βλέποντες
963 2384 1032 2437 τά
1061 2399 1212 2452 σφισι
1245 2383 1368 2437 καθ’
1420 2383 1640 2455 ἡδονὴν,
1672 2385 1844 2457 μικρὰ

249 2470 650 2542 φροντίζοντες
682 2471 881 2543 κομιδῇ
911 2471 1020 2526 ’τοῦ
1053 2473 1151 2543 τῆς
1192 2473 1400 2545 ἀγέλης
1438 2475 1710 2529 Δεσπότω
1731 2515 1746 2541 ,
1777 2477 1845 2531 τά

249 2561 362 2632 μὲν
399 2563 697 2632 σφάζουσιν
737 2564 1015 2635 ἀνηλεῶς,
1065 2565 1166 2628 τὰς
1213 2564 1397 2637 θηρῶν
1446 2566 1668 2636 ἐφόδους
1707 2569 1843 2623 ἀπο-

225 2651 612 2724 μιμούμενοι,
643 2651 680 2707 ἃ
711 2653 768 2707 δὲ
791 2653 888 2707 καὶ
924 2653 1351 2725 πιπράσκουσιν,
1378 2656 1552 2720 οὐδὲν,
1581 2655 1656 2719 ὡς
1680 2655 1838 2726 ἔφην,

245 2742 626 2813 ὲπαλγοῦντες
647 2743 804 2810 ὅλως,
823 2743 1083 2813 έπιγαννύ
1091 2761 1244 2815 μενοι
1268 2745 1326 2800 δὲ
1344 2747 1458 2809 τοῖς
1478 2745 1588 2798 τῶν
1616 2746 1682 2814 λη
1690 2746 1840 2816 μμά-

220 2851 366 2888 ντων
400 2833 806 2899 ἐκτοπωτάτοις
830 2875 845 2901 ,
880 2835 974 2888 καὶ
1013 2835 1356 2907 φιλοκερδίας
1397 2836 1498 2906 τῆς
1535 2835 1708 2899 οὕτως
1753 2837 1839 2892 αί-

246 2928 432 2999 σχμᾶς
461 2925 768 2998 ἡττώμενοι
787 2941 802 2957 ·
835 2926 980 2980 κατὰ
1011 2925 1103 2979 τὸν
1140 2927 1274 2992 ίσον,
1305 2921 1481 2998 οἶμαι,
1509 2926 1710 2998 τρόπον
1744 2928 1840 2984 καὶ

247 3020 296 3072 al
337 3016 455 3070 τῶν
490 3016 798 3072 Ἰουδαϊκῶν
825 3015 1120 3088 ἡγούμενοι
1158 3016 1368 3088 δήμων,
1399 3018 1508 3072 τῶν
1541 3019 1630 3074 ὑπ’
1658 3019 1841 3082 αὐτοῖς

223 3109 910 3182 -ποιμνίωνὴφειδηκότες
933 3109 1227 3176 ἁλοῖεν-ἂν,
1259 3110 1355 3164 καὶ
1384 3109 1708 3178 ἁδρύνοντες
1740 3110 1840 3182 μὲν

240 3202 343 3277 θεὸν
379 3202 596 3257 ἑαυτῶν
617 3200 870 3266 πλοῦτον,
899 3201 1323 3273 κατευρύνοντες
1348 3201 1405 3256 δὲ
1437 3203 1631 3275 ὥσπερ
1659 3203 1838 3274 άπλή-
1871 3251 1916 3312 c

247 3312 366 3366 στῳ
418 3293 660 3365 χειρὶτὰ
695 3292 973 3364 βαλάντια.
1007 3293 1116 3347 Καὶ
1143 3292 1274 3362 γοῦν
1303 3291 1542 3362 ἔφασκεν
1570 3295 1599 3348 ό
1628 3293 1839 3366 Σωτὴρ,

221 3383 535 3448 ’τοιούτους
569 3384 732 3448 ὄντας
764 3384 1036 3455 ἐλέγχων·
1083 3401 1102 3436 ι
1136 3383 1277 3438 Ούαλ⁵
1311 3383 1462 3454 ὑμῖν,
1487 3384 1843 3456 Γραμματεϊς

217 3478 350 3530 ικαὶ
418 3477 705 3547 Φαρισαῖοι
779 3475 1113 3548 ὑποκριταὶ,
1167 3476 1251 3529 ὃτι
1320 3474 1718 3530 ἀποδεκατοῦτε
1781 3475 1843 3529 τὸ

251 3567 553 3640 ἡδύοσμον,
591 3568 688 3622 καὶ
724 3566 787 3620 τὸ
815 3566 1036 3638 ἄνηθον,
1085 3567 1180 3620 καὶ
1228 3566 1291 3619 τὸ
1333 3566 1579 3638 κύμινον,
1615 3568 1709 3621 καὶ
1734 3567 1840 3638 ἀφ-

219 3660 434 3729 ·ήκατε
471 3657 540 3710 τά
574 3656 852 3728 βαρύτερα
883 3655 976 3709 τοῦ
1024 3655 1212 3726 νόμου,
1250 3655 1347 3726 τὴν
1393 3656 1594 3729 κρίσιν,
1644 3658 1739 3710 καὶ
1781 3656 1842 3710 τὸ

213 3768 216 3770 ·
247 3748 426 3811 ἔλεος,
467 3748 560 3800 καὶ
587 3745 684 3818 τὴν
713 3746 914 3800 πίστιν.
951 3765 970 3798 ι
1021 3745 1478 3817 Ίσχνολογοῦντες
1511 3747 1620 3818 γὰρ
1647 3745 1838 3813 οὕτως,

219 3857 221 3859 ί
247 3837 328 3901 ὡς
357 3837 459 3890 καὶ
500 3836 663 3906 μέχρι
691 3835 798 3889 τῶν
824 3835 1228 3889 εὐτελεστάτων
1261 3838 1371 3899 τοῖς
1400 3835 1475 3907 μὴ
1502 3836 1840 3907 προσάγουσι

257 3926 353 3990 τὰς
381 3925 621 3989 δεκάτας
650 3925 790 3979 κατὰ
817 3926 984 3996 νόμον
1019 3926 1280 3998 ἐπιτιμᾷν
1306 3965 1320 3990 ,
1357 3925 1464 3979 τῶν
1496 3926 1838 3998 βαρυτέρων,

251 4019 375 4088 ἦτοι
409 4017 523 4070 τῶν
558 4016 1000 4088 ἀναγκαιοτέρων
1032 4017 1126 4070 κα)⁵
1153 4016 1448 4070 λυσιτελῶν
1486 4018 1569 4071 ὅτι
1605 4017 1839 4088 μάλιστα

250 4107 648 4178 θεσπισμάτων
676 4106 868 4161 ούδένα
897 4107 1174 4171 παντελῶς
1207 4106 1490 4161 ἐποιοῦντο
1523 4108 1836 4177 λόγον.”υτι

251 4201 310 4254 δὲ
349 4195 494 4271 ἦσαν
525 4198 780 4270 ποιμένες
812 4198 914 4252 ούκ
948 4198 1142 4268 ἀγαθοὶ
1167 4243 1182 4265 ,
1219 4198 1417 4268 μᾶλλον
1445 4199 1501 4252 δὲ
1531 4200 1670 4271 πρὸς
1705 4200 1841 4271 μόνα

255 4290 556 4362 βλέποντες
605 4289 772 4360 κέρδη
797 4329 811 4355 ,
855 4294 1110 4361 σαφηνιεί
1155 4289 1331 4359 λέγων
1377 4293 1472 4346 καὶ
1517 4292 1606 4345 διὰ
1655 4291 1842 4362 φωνῆς

265 4381 565 4453 Ἰεζεχιήλσ·
601 4376 772 4433 ιὮιοὶ
806 4381 1061 4451 ποιμένες
1096 4381 1332 4452 Ἰσραὴλ,
1369 4382 1444 4452 μὴ
1473 4381 1760 4452 βόσκουσιν
1789 4383 1839 4435 οἱ

221 4491 224 4494 ·
255 4474 524 4545 ποιμένες
555 4473 818 4540 ἑαυτούςς
847 4474 923 4527 Οὐ
957 4472 1025 4526 τὰ
1051 4473 1301 4544 πρόϐατα
1328 4473 1612 4543 βόσκουσιν
1637 4475 1686 4527 οἱ
1721 4492 1840 4528 ποι-

261 4566 457 4636 μένες;
497 4567 637 4620 Ἰδοὺ
678 4566 740 4619 τὸ
766 4566 906 4632 γάλα
941 4565 1276 4631 κατεσθίετε,
1315 4565 1508 4618 καὶ-τά
1538 4567 1660 4638 ἔρια
1688 4584 1844 4637 περιο

258 4657 553 4720 ϐάλλεσθε,
600 4657 695 4710 καὶ
733 4657 794 4710 τὺ
838 4658 986 4728 παχὺ
1022 4656 1277 4724 σφάζετε,
1330 4657 1424 4709 καὶ
1473 4656 1542 4709 τὰ
1592 4657 1843 4726 πρόϐατά

259 4767 358 4818 μου
403 4751 463 4804 ού
511 4750 762 4820 βόσκετε.
789 4767 806 4801 ι
839 4756 912 4789 ——'
931 4766 956 4798 ιι
975 4747 1362 4802 Καταϐὁσκετε
1389 4748 1588 4811 τοίνυν,
1607 4749 1845 4819 φησὶ,τά

258 4841 504 4910 πρόϐατα
538 4844 639 4912 τῆς
672 4839 909 4910 σφαγῆς,
943 4859 960 4889 ι
997 4838 1292 4903 τουτέστιν,
1329 4839 1360 4909 ἦ
1393 4839 1460 4892 τὰ
1483 4839 1606 4892 ὅσον
1633 4839 1844 4892 ούδέπω

256 4934 632 5005 τεθνηξόμενα
677 4936 743 5005 τῇ
799 4934 1086 5003 Ῥωμαίων
1137 4931 1314 5003 χειρί·
1365 4932 1533 5001 ἤγουν
1582 4931 1617 4985 ἃ.
1686 4932 1843 5001 ὑμεῖς

261 5027 416 5080 αὐτοὶ
467 5025 729 5096 σφάζετε,
780 5025 954 5078 καίτοι
982 5022 1132 5085 τάξιν
1176 5023 1463 5092 ἐπέχοντες
1506 5023 1604 5092 τὴν
1649 5024 1843 5093 ποιμέ-

264 5134 388 5171 νων.
421 5119 497 5171 Ob
519 5119 630 5188 γάρ
658 5134 760 5169 που
797 5115 1058 5185 πάρεστιν
1087 5115 1115 5166 ὁ
1147 5113 1353 5185 καιρὸς,
1387 5114 1506 5168 καθ’
1535 5113 1592 5167 ὃν
1621 5114 1842 5184 ἥξουσιν

268 5209 343 5270 είς
372 5211 609 5280 σφαγήν.
648 5208 802 5263 Μετὰ
832 5208 947 5285 γάρ
984 5223 1067 5260 τοι
1098 5207 1199 5278 τὴν
1227 5205 1320 5259 τοῦ
1357 5207 1607 5278 Σωτῆρος
1650 5206 1841 5277 ἐπιδη-

273 5297 396 5366 μίαν
440 5302 556 5364 τοῖς
603 5297 710 5351 τῶν
753 5296 1040 5368 Ῥωμαίων
1098 5295 1304 5365 ξίφεσιν
1349 5299 1381 5366 ἡ
1425 5297 1532 5350 τῶν
1574 5297 1841 5351 Ἰουδαίων

276 5389 479 5461 πληθὺς
502 5390 905 5459 δεδαπάνηται,
945 5389 1120 5442 καίτοι
1157 5387 1274 5441 λίαν
1308 5389 1394 5441 ἐπ’
1435 5389 1618 5452 αὐτοῖς
1663 5388 1841 5454 aveat-

274 5483 609 5551 κακήσαντος
638 5480 731 5534 τοῦ
757 5479 1045 5533 Θεοῦ.”οτι
1070 5479 1127 5532 δὲ
1151 5479 1256 5534 τῶν
1287 5479 1561 5549 ποιμένων
1587 5480 1841 5547 γεγόνασι

279 5569 468 5641 κλῆρος
513 5574 561 5625 οἱ
594 5573 697 5625 ὑπο
736 5573 892 5642 χεῖρα
941 5570 1062 5624 λαοὶ
1087 5611 1100 5636 ,
1138 5570 1443 5636 κατέδειξεν
1489 5569 1677 5624 εἰπών’
1721 5590 1737 5620 ι
1775 5572 1842 5622 Ἃ

277 5663 323 5712 oi
372 5665 700 5737 κτησάμενοι
751 5662 1107 5732 κατέσφαζον,
1156 5663 1248 5715 καὶ
1296 5664 1351 5716 οὐ
1400 5662 1778 5730 κατεμέλοντο.
1817 5680 1834 5712 ι

349 5841 392 5875 ⁸⁸
425 5841 562 5901 Psal.
593 5861 648 5912 ιι,
689 5846 734 5903 l.

1126 446 1674 512 COMMENTARIUS
1715 454 1779 511 IN
1824 454 2228 515 ZACHABIAM
2267 460 2711 519 PROPHETAM.

813 5848 857 5878 ⁷ο
901 5844 1088 5902 Matth.
1121 5858 1275 5912 xxm,
1302 5844 1390 5900 ‘25.
1467 5847 1507 5879 τ’
1552 5845 1748 5903 Ειοιτίι.
1782 5857 1964 5912 xxxtv,
1995 5843 2047 5911 9.,
2079 5845 2130 5898 5.

1878 579 1925 636 Α
1955 576 2005 630 in
2048 577 2323 635 Christum
2355 588 2483 635 sunt
2513 576 2824 635 debacchati
2866 595 2880 632 ε
2922 594 2942 628 ι
2981 578 3160 644 Quare
3197 577 3533 633 fremuerunt

1953 674 2158 733 gentes,
2190 677 2243 723 et
2279 668 2456 737 p0puli
2493 667 2737 723 meditati
2772 675 2896 723 sunt
2933 665 3111 721 inania
3133 667 3218 720 ὀἳ
3254 683 3273 718 ι
3307 665 3532 734 Quando

1954 757 2121 827 igitur
2157 758 2292 815 dicit
2336 759 2610 815 fremitum
2653 757 2939 823 Iordanis,
2988 756 3228 826 iutellige
3271 755 3493 826 spiritus
3518 801 3532 823 ,

1955 862 2060 902 non
2089 849 2272 919 utique
2296 848 2550 913 numinis,
2579 849 2672 904 sed
2701 848 2914 904 leonum
2941 849 3031 920 qui
3058 849 3212 919 juxta
3243 847 3526 902 inveniun-

1957 947 2042 994 tur
2073 957 2086 993 :
2119 954 2148 992 a
2181 939 2316 994 locis
2349 940 2492 995 enim
2530 953 2913 1009 nonnunquam
2951 953 3071 1010 qua:
3107 938 3162 994 in
3197 935 3264 994 iis
3297 943 3421 993 sunt
3451 935 3530 992 si-

1953 1028 2296 1099 guillcantur.

2026 1292 2192 1364 758
2233 1291 2393 1348 Vsus.
2435 1293 2489 1358 4,
2532 1293 2585 1348 5.
2632 1293 2760 1349 Hch
2809 1295 2934 1350 dicit
2984 1284 3242 1350 nominas
3289 1297 3528 1360 omnipo-

1955 1393 2066 1438 tens
2102 1399 2120 1438 :
2153 1382 2361 1438 Pascite
2393 1399 2509 1440 oves
2542 1385 2843 1450 occisionis,
2878 1401 3010 1455 quas
3045 1387 3132 1457 qui
3169 1387 3527 1455 possederunt.

1956 1475 2370 1543 interﬁciebant,
2405 1486 2454 1532 et
2497 1493 2602 1532 non
2645 1479 2867 1549 agebant
2909 1479 3308 1549 paenitentiam,
3347 1487 3397 1534 et
3439 1480 3532 1549 qui

1939 1566 2241 1620 vendebant
2284 1583 2405 1634 eas,
2444 1568 2683 1624 dicebant
2728 1583 2749 1623 :
2795 1569 3111 1626 Benedictus
3154 1569 3440 1637 Dominus,
3479 1580 3530 1626 el

1955 1654 2142 1710 divites
2184 1655 2319 1725 facti
2355 1672 2569 1722 suntut,
2608 1667 2658 1712 et
2697 1668 2934 1726 pastores
2979 1675 3162 1715 earum
3207 1676 3311 1715 non
3357 1661 3528 1731 patie-

1956 1745 2146 1799 bantur
2170 1746 2456 1815 quidquam
2482 1761 2639 1816 super
2661 1749 2758 1804 eis.

2027 1835 2284 1896 LXXVII.
2323 1838 2405 1893 Ad
2437 1841 2653 1895 eosdem
2687 1850 2933 1910 pastores
2967 1841 3329 1898 lamentantes
3357 1851 3414 1900 et
3445 1843 3530 1899 in-

1950 1936 2065 1982 star
2098 1927 2310 1983 leonum
2351 1929 2626 2000 rugientes
2662 1944 2844 1986 sermo
2879 1929 3155 1999 dirigitur,
3193 1933 3392 2002 quibus
3430 1933 3527 1986 ad-

1949 2018 2058 2073 huc
2081 2019 2344 2086 permittit
2372 2033 2594 2086 pascere
2617 2034 2749 2075 oves
2777 2020 3088 2087 occisionis,
3116 2022 3329 2078 tametsi
3357 2021 3527 2093 negli-

1949 2105 2282 2176 gentissime,
2320 2115 2380 2162 ut
2423 2108 2514 2178 qui
2551 2107 2786 2164 venditis
2827 2118 2884 2164 et
2921 2110 3122 2166 occisis
3165 2110 3273 2166 illis
3316 2128 3417 2169 nec
3458 2113 3527 2167 ad

1950 2205 2279 2251 momentum
2315 2198 2575 2268 temporis
2607 2198 2825 2268 quidem
2860 2198 3124 2256 dolerent.
3159 2201 3524 2269 Quemadmo-

1949 2283 2078 2339 dum
2115 2286 2261 2341 enim
2301 2297 2550 2355 pastores
2588 2287 2910 2358 iniquiores,
2944 2299 3002 2345 et
3042 2291 3188 2348 solas
3223 2292 3522 2362 voluptates

1949 2390 2077 2431 suas
2111 2385 2440 2444 spectantes,
2476 2387 2532 2434 et
2567 2379 2745 2450 gregis
2782 2379 3070 2436 Dominum
3116 2397 3216 2438 nec
3256 2381 3352 2438 hlli
3390 2397 3523 2453 pen-

1947 2465 2159 2534 dentes,
2193 2468 2330 2526 alias
2364 2483 2493 2526 oves
2525 2470 2817 2528 crudeliter
2848 2481 3109 2540 mactant,
3146 2473 3384 2530 ferarum
3421 2474 3523 2529 im-

1949 2567 2106 2630 petus
2129 2558 2430 2623 imitantes,
2453 2560 2590 2618 alias
2606 2561 2866 2627 vendunt,
2891 2563 3024 2622 nihil
3040 2565 3282 2634 penitus,
3304 2573 3366 2620 ut
3387 2565 3521 2628 dixi.

1948 2664 2132 2705 earum
2160 2650 2334 2705 vicem
2363 2650 2628 2717 dolentes,
2658 2653 2751 2708 sed
2783 2654 3198 2724 improbissimis
3227 2656 3524 2725 quaestibus

1948 2742 2261 2814 gaudentes,
2288 2753 2356 2803 et
2393 2743 2671 2813 cupiditati
2713 2746 2848 2800 adeo
2891 2745 3064 2814 turpis
3107 2745 3242 2800 lucri
3283 2762 3526 2802 succum.

1947 2831 2136 2888 bentes
2159 2847 2174 2886 :
2197 2831 2388 2887 eodem
2417 2831 2577 2888 modo
2602 2840 2656 2887 et
2681 2833 2860 2903 populi
2889 2833 3100 2890 Iudaici
3131 2834 3525 2903 gubernatores

1945 2935 2138 2994 greges
2179 2936 2308 2978 suos
2353 2920 2492 2978 male
2534 2936 2759 2978 curasse
2803 2924 3022 2988 videas,
3069 2933 3126 2980 et
3169 2938 3527 2996 exaggerasse

1945 3027 2074 3070 suas
2120 3012 2356 3078 divitias,
2405 3021 2460 3067 et
2501 3012 2653 3070 velut,
2689 3013 2995 3084 inexplebili
3039 3028 3206 3075 manu
3250 3015 3524 3087 marsupia

1947 3101 2240 3172 ingerendo
2271 3101 2843 3170 dilatasseaQuocirca
2876 3104 3055 3160 aiebat
3087 3105 3355 3172 Salvator,
3388 3106 3523 3163 tales

1949 3194 2396 3265 reprehendens:
2435 3212 2454 3245 ι
2493 3194 2584 3249 Vat
2615 3195 2791 3264 vobis,
2824 3194 3030 3253 Scribte
3057 3205 3112 3255 et
3140 3197 3399 3256 Pharisaei
3429 3199 3525 3270 hy-

1946 3284 2201 3354 pocrita,
2235 3285 2361 3355 quia
2405 3284 2688 3341 decimatis
2735 3295 2997 3352 mentam,
3043 3296 3101 3344 et
3147 3289 3426 3357 anethum,
3469 3300 3526 3346 et

1948 3371 2256 3444 cyminum,
2290 3381 2343 3428 et
2385 3374 2632 3444 graviora
2673 3375 2806 3445 legis
2846 3376 3132 3443 omittitis,
3162 3376 3426 3446 judicium
3467 3389 3523 3436 et

1950 3464 2374 3520 misericordiam
2398 3507 2412 3533 ,
2444 3475 2498 3522 et
2535 3465 2692 3522 tidem
2713 3467 2786 3524 '°.
2824 3485 2843 3519 ι
2878 3466 3014 3524 'l‘am
3048 3469 3222 3526 exacti
3257 3469 3401 3526 enim
3425 3512 3439 3538 ,
3470 3479 3526 3526 et

1949 3556 2196 3612 minutim
2232 3557 2471 3615 rationes
2505 3556 2898 3625 subducentes,
2936 3569 2996 3614 ut
3031 3559 3194 3615 etiam
3233 3575 3412 3616 rerum
3447 3562 3523 3617 vi-

1948 3645 2274 3704 lissimarum
2326 3648 2563 3707 decimas
2609 3651 2908 3707 secundum
2959 3651 3092 3722 legis
3140 3654 3516 3725 praescriptum

1948 3751 2055 3792 non
2089 3736 2376 3795 offerentes
2412 3739 2790 3810 increparent,
2850 3742 3158 3810 graviorum
3202 3745 3317 3801 sive
3350 3746 3523 3817 magis

1947 3829 2374 3885 necessariorum
2419 3840 2474 3887 et
2528 3833 2950 3890 utilissimorum.
2991 3835 3368 3891 mandatorum
3423 3836 3517 3892 Dei
3626 3866 3627 3869 η

1947 3920 2146 3976 nullam
2187 3923 2408 3978 omnino
2451 3915 2652 3980 curam.
2679 3925 3061 3993 suscipiebant.
3103 3926 3296 3983 Fuisse
3339 3935 3516 3983 autem

1947 4020 2192 4080 pastores
2218 4029 2324 4068 non
2354 4015 2543 4080 bonos,
2570 4015 2665 4070 sed
2696 4023 2900 4069 tantum
2929 4015 3077 4072 lucra
3105 4031 3199 4072 sua
3227 4026 3518 4082 sectantes.

1947 4102 2180 4159 declarat
2208 4107 2371 4161 etiam
2403 4123 2498 4176 per
2524 4105 2884 4171 Ezechielem,
2918 4107 3002 4163 his
3033 4107 3209 4163 verbis
3239 4125 3252 4161 :
3293 4125 3311 4158 ι
3347 4107 3390 4163 0
3422 4123 3519 4178 pa-

1947 4203 2121 4252 stores
2171 4196 2362 4264 lsrael,
2417 4212 2542 4252 num
2596 4205 2820 4266 pascunt
2871 4207 3116 4269 pastores
3162 4198 3524 4268 semetipsos?
3581 4230 3599 4270 ν

1945 4285 2133 4342 Nonne
2165 4296 2410 4353 pastores
2436 4302 2656 4358 pascere
2682 4285 2856 4342 solent
2886 4288 3053 4344 oves?
3085 4287 3224 4344 Ecce
3260 4288 3342 4344 lac
3371 4302 3521 4344 com-

1948 4379 2128 4444 editis,
2159 4388 2214 4434 et
2243 4380 2377 4436 lanis
2406 4380 2712 4450 operimini,
2743 4393 2796 4438 et
2824 4383 2966 4452 quod
2995 4397 3237 4439 crassum
3266 4392 3351 4439 est
3377 4385 3524 4440 occi-
3577 4392 3592 4443 ξ

1949 4471 2108 4536 ditis,
2141 4479 2194 4526 et
2226 4485 2354 4527 oves
2389 4487 2536 4527 meas
2573 4488 2678 4529 non
2715 4474 3026 4544 pascitis“.
3067 4493 3086 4526 ι
3126 4473 3304 4546 lnquit
3336 4489 3467 4546 ergo
3506 4493 3520 4529 :
3579 4479 3590 4552 ξ

1875 4605 1921 4663 υ
1954 4584 1974 4616 ι
2007 4565 2219 4621 Pascite
2243 4580 2369 4621 oves
2398 4565 2706 4630 occisionis,
2740 4584 2758 4618 ι
2792 4566 2892 4622 hoc
2917 4574 3022 4634 est,
3051 4577 3142 4621 aut
3169 4580 3291 4622 mox
3321 4565 3521 4622 Roma-

1950 4673 2141 4714 norum
2172 4673 2331 4713 manu
2361 4659 2682 4723 morituras,
2710 4668 2800 4712 aut
2831 4673 2966 4727 quas
2997 4658 3215 4728 ipsimet
3242 4659 3487 4716 occiditis
3508 4701 3521 4723 .

1947 4751 2195 4823 quamvis
2217 4760 2488 4822 pastorum
2515 4751 2705 4804 ordine
2729 4759 2780 4803 et
2810 4750 2925 4804 loco
2949 4749 3088 4804 sitis.
3107 4748 3351 4806 Nondum
3376 4752 3520 4806 enim

1949 4843 2101 4897 adest
2126 4852 2333 4912 tempus
2353 4857 2461 4912 quo
2479 4842 2886 4913 jugulabuntur.
2905 4839 3341 4899 Postadventum
3365 4857 3521 4898 nam-

1948 4949 2052 5001 que
2080 4933 2396 4998 Salvatoris,
2426 4945 2479 4989 et
2509 4935 2819 4989 diuturnam
2853 4931 2944 4986 Dei
2976 4932 3253 5002 ergaillos
3283 4932 3517 4988 toleran-

1952 5024 2102 5089 tiam,
2131 5024 2493 5080 Romanorum
2524 5025 2715 5097 gladiis
2739 5024 3045 5083 Judseorum
3078 5025 3360 5084 multitudo
3387 5039 3516 5080 cou-

1909 5149 1916 5153 -
1951 5124 2159 5183 sumpta
2193 5124 2297 5170 est.
2327 5113 2610 5171 Pastorum
2646 5125 2823 5170 autem
2858 5125 3058 5169 sortem
3096 5115 3290 5168 iactatu
3327 5112 3520 5182 quibus

1950 5216 2217 5275 praeerant
2245 5206 2478 5278 populos.
2498 5207 2569 5262 ita
2603 5208 2759 5263 docet
2796 5225 2807 5260 :
2846 5206 3060 5278 759.4
3099 5207 3242 5274 Quas
3269 5207 3360 5275 qui
3393 5219 3521 5274 pos-

1951 5297 2238 5362 sederunt,
2272 5297 2701 5362 iuterliciebant,
2742 5307 2797 5354 et
2836 5312 2940 5352 non
2984 5298 3213 5368 agebant
3254 5293 3523 5366 poeniten-

1952 5387 2101 5441 tiam.
2140 5407 2157 5436 ι
2192 5388 2340 5442 Sicut
2374 5389 2515 5444 enim
2551 5387 2884 5447 Dominicam
2925 5398 3105 5444 mente
3139 5384 3516 5456 aspectabilem

1953 5480 2184 5544 vineam,
2216 5479 2487 5547 Israelem,
2521 5481 2764 5553 inquam,
2792 5483 2903 5538 sive
2936 5480 3204 5538 hominem
3231 5475 3391 5538 Juda,
3429 5491 3516 5532 re~

1952 5587 2078 5626 cens
2118 5572 2408 5642 plantatam
2432 5575 2476 5605 ⁷³
2515 5583 2570 5628 et
2611 5573 2860 5629 dilectam
2884 5613 2898 5637 ,
2933 5585 3086 5627 suam
3130 5576 3329 5626 sortem
3373 5567 3517 5624 fece-

1957 5675 2080 5718 runt
2136 5682 2145 5717 :
2200 5667 2286 5719 ita.
2332 5676 2383 5718 et
2439 5680 2626 5735 greges
2683 5663 3076 5733 quodammodo
3129 5661 3523 5734 possederunt,

2210 5845 2251 5877 ⁷³
2292 5842 2390 5898 lsa.
2416 5857 2466 5909 ν,
2510 5842 2563 5900 7.
