4120 6556
204 436 316 502 183,

1003 424 1556 487 COMMENTARIUS
1592 424 1657 485 IN
1703 426 2107 487 ZACHARIAM
2147 428 2592 484 PROP-HEI’AM.

3344 436 3451 491 £86,

202 556 263 609 τὺ
285 550 534 622 γνήσιον·
574 567 592 600 r
615 546 753 616 Ἐγώ
784 548 902 618 εἰμι
928 548 956 600 ό
988 546 1190 617 ποιμὴν
1212 548 1241 601 ὁ
1265 546 1448 610 καλός.
1477 565 1495 598 ι
1528 547 1771 602 Ἰουδαῖοι

1874 563 1992 603 sum
2025 558 2211 618 pastor
2239 549 2411 602 bonus
2432 547 2502 600 ".
2542 564 2560 598 ι
2594 545 2841 613 infelices
2895 555 3073 603 autem
3100 548 3446 605 ludatirmero

203 645 259 701 δὲ
285 644 332 698 oi
357 641 601 704 τάλανες,
629 639 801 693 καίτοι
829 637 938 692 τῶν
972 637 1256 708 μισθωτῶν
1294 638 1567 709 ποιμένων
1606 655 1768 697 κατα-

209 735 397 805 ϐοῆσαι
423 730 560 793 δέον,
590 729 748 783 τοῦτο
787 730 885 800 μὲν
916 730 976 783 οὐ
1006 729 1318 802 δεδράκασι,
1349 729 1440 788 τὸν
1478 730 1535 783 δὲ
1564 729 1771 797 ἀγαθὸν

208 824 450 897 ποιμένα,
491 823 584 877 τὸν
631 822 985 893 ἀντάλλαγμα
1031 822 1131 892 τῆς
1175 822 1433 875 ἁπάντων
1484 819 1628 891 ζωῆς
1672 820 1771 892 τὴν

204 916 391 974 ἑαυτοῦ
419 915 635 969 τιθέντα
666 914 865 987 ψυχὴν,
904 915 1047 967 κατὰ
1082 914 1308 984 μυρίους
1338 914 1495 975 ὅσους
1536 912 1773 983 λελυπήε

200 1027 323 1065 κασι
366 1007 620 1081 τρόπους,
688 1006 1099 1071 καταλεύοντες,
1148 1004 1517 1068 ὀνειδίζοντες,
1572 1006 1667 1067 καὶ
1710 1005 1772 1058 τὸ

199 1098 531 1169 τελευταῖον,
565 1096 846 1161 ἀπύλωτον
873 1098 959 1149 ἐπ’
990 1095 1138 1166 αὐτῷ
1176 1095 1542 1161 διανοίγοντες
1574 1094 1767 1164 στόμα.

199 1189 658 1258 Κατακεκράγασι
706 1187 816 1259 γὰρ
860 1187 995 1258 ὁμοῦ
1040 1190 1153 1250 τοῖς
1202 1188 1352 1252 ἰδίοις
1398 1188 1766 1260 καθηγηταῖς,

196 1279 439 1355 λέγοντες
472 1279 550 1349 τῷ
583 1280 798 1348 Πιλάτῳ
816 1295 829 1309 ο
853 1298 871 1329 ε
893 1273 1024 1349 Αἶρε
1046 1320 1059 1343 ,
1095 1272 1217 1350 αἶρε
1236 1319 1251 1344 ,
1291 1280 1524 1351 σταύρου
1552 1281 1763 1344 alatos,»

196 1360 289 1447 agat
329 1371 465 1445 αὐτὸ
502 1372 559 1425 δὲ
608 1372 668 1425 τὸ
706 1372 910 1427 δίκαιον
941 1368 1079 1443 αἷμα
1119 1376 1237 1436 ταῖς
1283 1374 1434 1441 σφῶν
1462 1374 1640 1427 αὐτῶν
1670 1374 1771 1426 ὲπ-

193 1463 490 1537 ηντλήγαασι
513 1463 797 1531 κεφαλαξ.
820 1464 1099 1531 Ἔφασκον
1119 1448 1225 1533 γὰρ
1257 1465 1419 1518 πάλιν
1439 1482 1453 1497 ο
1483 1485 1502 1515 t
1532 1466 1605 1518 Τὸ
1634 1459 1772 1534 αἷμα

192 1554 352 1608 αὐτοῦ
372 1555 461 1624 ἐφ’
481 1557 626 1626 ἡμᾶς
650 1556 742 1609 καὶ
768 1555 861 1609 ἐπὶ
881 1555 949 1608 τά
963 1556 1127 1609 τέκνα
1151 1557 1327 1626 ἡμῶν.
1344 1576 1439 1607 »--
1460 1576 1476 1608 ι
1497 1557 1596 1611 Διά
1616 1557 1773 1619 τοῦτο

191 1647 391 1711 τοίνυν,
422 1646 609 1716 φησὶν,
639 1645 819 1700 οὐκέτι
852 1646 1110 1716 φείσομαι
1148 1647 1242 1699 ἐπὶ
1281 1649 1407 1710 τοὺς
1448 1648 1769 1703 κατοικοῦν-

189 1754 286 1807 τας
314 1737 417 1807 τὴν
449 1737 569 1807 γῆν.
613 1755 630 1787 ι
808 1737 917 1807 γὰρ
952 1736 1033 1805 ἔτι
1061 1736 1278 1805 φειδοῦς
1320 1739 1578 1808 ἠξίωνται
1619 1738 1770 1810 ποιρά

188 1828 355 1885 Θεοῦο
396 1828 640 1882 δέδονται
687 1828 743 1881 δὲ
793 1829 991 1899 μᾶλλον
1037 1829 1271 1893 ἕκαστος
1315 1831 1395 1892 εἰς
1442 1834 1632 1901 χεῖρας
1671 1829 1765 1883 τοῦ

1874 642 2120 696 cenarios
2150 649 2209 699 ut
2240 640 2541 695 debuerunt
2575 652 2679 691 non
2707 646 3033 692 accusarunt
3062 658 3076 693 :
3108 645 3318 703 contra,
3350 640 3448 694 bo-

1873 747 1999 787 num
2039 741 2328 800 pastorem,
2371 732 2460 801 qui
2507 731 2742 784 animam
2786 744 2937 786 suam
2981 744 3081 799 pro
3117 730 3296 787 ovium
3341 730 3457 787 vita,

1872 824 2053 891 posuit
2074 824 2140 889 ⁷⁷,
2176 822 2323 876 mille
2354 822 2527 877 modis
2561 822 2857 887 violarunt,
2896 820 3213 891 lapidantes,
3247 835 3450 889 expro-

1870 918 2092 972 brantes
2114 956 2128 981 ,
2162 923 2215 970 et
2254 924 2526 985 postremo
2567 915 2850 985 impudens
2886 929 2949 971 os
2981 916 3239 969 adversus
3271 915 3459 983 ipsum

1872 1008 2201 1075 aperientes,
2240 1006 2413 1062 Simul
2453 1008 2596 1062 enim
2637 1022 2760 1061 cum
2798 1005 3132 1075 primoribus
3165 1006 3279 1060 suis
3312 1010 3450 1073 apud

1872 1097 2101 1153 Pilatum
2145 1098 2250 1153 alte
2289 1100 2589 1154 clamaruut
2631 1117 2644 1153 :
2696 1117 2715 1149 ε
2762 1099 2939 1162 Tolle,
2992 1098 3149 1162 tolle,
3195 1099 3452 1169 crucifige

1871 1204 1993 1244 eum
2016 1190 2085 1253 τε,
2115 1208 2134 1242 ι
2164 1201 2217 1245 et
2249 1191 2424 1260 ipsum
2457 1205 2673 1246 sacrum
2707 1192 3033 1262 sanguinem,
3058 1192 3110 1245 in
3147 1191 3321 1259 capita
3353 1205 3451 1246 sua

1873 1281 2190 1337 hauserunt.
2216 1279 2305 1337 Sic
2327 1281 2473 1337 enim
2498 1297 2709 1337 rursum
2737 1283 2954 1337 aiebant
2982 1300 2997 1337 :
3031 1303 3050 1334 ι
3084 1281 3313 1354 Sanguis
3336 1282 3452 1353 eius

1872 1388 2037 1442 super
2085 1388 2214 1437 nos,
2269 1384 2325 1429 et
2358 1387 2520 1441 super
2551 1372 2687 1428 ﬁlios
2721 1381 2936 1430 nostros
2956 1375 3022 1427 ".
3067 1393 3085 1426 ι
3124 1373 3326 1429 Idcirco
3366 1375 3451 1428 iu-

1873 1466 1987 1535 quit
2022 1484 2035 1519 :
2076 1483 2094 1515 ‹
2136 1465 2362 1533 Propter
2390 1465 2493 1523 hoc
2529 1481 2639 1526 non
2675 1480 2893 1535 parcam
2932 1468 3070 1521 ultra
3108 1481 3269 1536 super
3300 1466 3451 1521 habi-

1875 1566 2050 1611 tantes
2094 1565 2317 1611 terram.
2364 1577 2384 1609 ι
2422 1556 2539 1611 Νοη
2584 1558 2728 1612 enim
2773 1556 3005 1627 amplius
3040 1558 3197 1612 venia
3243 1558 3446 1627 dignati

1872 1656 1998 1703 sunt
2024 1662 2053 1701 a
2084 1648 2211 1712 Deo,
2239 1649 2332 1703 sed
2359 1648 2539 1705 traditi
2570 1649 2746 1716 potius
2770 1648 3142 1718 ttnusquisque
3169 1648 3223 1703 in
3256 1663 3451 1703 manus

1873 1737 2101 1807 proximi
2143 1738 2264 1802 sui,
2297 1746 2352 1791 et
2389 1737 2439 1791 iu
2484 1752 2676 1795 manus
2718 1738 2860 1806 regis
2894 1739 3009 1793 sive
3043 1738 3306 1807 principis
3346 1738 3447 1792 sui.

1875 1828 2220 1883 Sustulerunt
2243 1829 2391 1884 enim
2420 1829 2472 1882 in
2497 1844 2712 1884 crucem
2740 1829 3144 1883 Emtnanueletn
3163 1869 3178 1893 ,
3204 1838 3258 1884 et
3284 1828 3453 1884 inter-

188 1918 417 1988 πλησίον
449 1917 634 1979 αὐτοῦ,
667 1919 762 1971 καὶ
793 1890 883 1984 ἐίς
916 1921 1107 1989 χεῖρας
1141 1890 1430 1988 βασιλέως,
1444 1890 1637 1991 ’λέων
1668 1919 1768 1990 ἄρ-

1870 1917 2104 1976 l'ectores
2132 1920 2365 1985 Domini,
2390 1935 2453 1976 ac
2480 1920 2619 1991 pleni
2651 1920 2798 1975 omni
2828 1921 3104 1990 impietate
3132 1929 3446 1975 evaserunt.

188 2024 372 2079 χοντος
418 2007 604 2064 αὐτοῦ.
647 2008 1055 2079 Ἐσταυρώχασι
1110 2011 1205 2079 μὲν
1254 2009 1365 2079 γὰρ
1411 2009 1502 2061 τὸν
1551 2010 1768 2080 Ἐμμαο

186 2088 371 2171 νουὴλ,
401 2102 498 2154 καὶ
547 2099 804 2170 γεγόνασι
830 2102 1205 2171 Κυριοκτόνοι,
1240 2099 1461 2171 ἐμπλεῴ
1490 2118 1552 2154 τε
1583 2100 1767 2170 πάσης

185 2193 554 2263 ἀνοσιότητος.
587 2192 734 2262 Πλὴν
764 2193 949 2246 ἐκάλει
981 2192 1113 2254 Θεὸς
1144 2194 1225 2255 είς
1272 2194 1636 2260 μετάγνωσιν,
1671 2193 1768 2245 καὶ

184 2287 287 2340 οὐκ
310 2285 475 2347 εὐθὺς
508 2283 745 2338 ἐπετίθει
776 2285 845 2335 τά
875 2284 932 2349 ἐξ
962 2283 1150 2353 ὀργῆς.
1183 2282 1520 2353 Τριακοστοῦ
1562 2283 1618 2334 δὲ
1667 2283 1767 2353 ἤδη

185 2376 581 2448 παρῳχηκότος
607 2376 781 2438 ἔτους,
809 2374 946 2445 μετὰ
975 2374 1066 2435 τὸν
1101 2374 1195 2426 τοῦ
1227 2374 1477 2446 Σωτῆρος
1516 2374 1768 2443 σταυρὸν,

182 2468 527 2536 ἀπεφοίτησε
568 2467 667 2536 μὲν
698 2466 890 2537 εἰρήνη
927 2464 1029 2535 τῆς
1068 2463 1339 2524 Ἰουδαίων
1370 2450 1577 2534 χώρας,
1610 2464 1771 2522 πόλε-

187 2575 279 2630 μοι
315 2556 374 2615 δὲ
405 2553 546 2630 ἦσαν
578 2556 875 2627 πανταχοῦ,
901 2555 1107 2618 πόλεως
1129 2556 1225 2613 ἐπὶ
1254 2557 1409 2610 πόλιν
1444 2554 1646 2625 ἰούσης,
1676 2555 1771 2610 καὶ

182 2651 295 2709 τῶν
319 2652 380 2709 ὲν
408 2651 613 2722 ἑκάστῃ
646 2650 999 2720 τεμνομένων
1036 2649 1117 2712 εις
1146 2648 1568 2728 διαφοράςηκαὶ
1602 2664 1770 2718 μαχοφ

185 2743 365 2816 μένων
393 2741 664 2813 ἀλλήλοις,
692 2742 767 2804 ὡς
797 2744 853 2794 ὲν
885 2742 984 2813 (cup
1015 2741 1301 2812 φαίνεσθαι
1331 2726 1487 2811 κακῷ
1516 2738 1587 2793 τὰ
1613 2738 1766 2810 παρὰ

184 2824 338 2905 σφῶν
392 2834 571 2888 αὐτῶν
626 2836 737 2898 τοῖς
793 2835 858 2887 ὲκ
922 2834 1014 2888 τοῦ
1071 2833 1307 2898 πολέμου
1373 2832 1767 2903 συμϐεϐηκόσι.

182 2925 580 2995 Κεκρατήκασι
602 2923 709 2994 γάρ
735 2924 836 2994 τῆς
873 2921 1140 2979 Ἰουδαίων
1164 2922 1347 2993 χώρας
1377 2923 1425 2974 ot
1451 2922 1767 2993 ἀνδρειότα⁴

180 3032 263 3091 τοι
306 3016 418 3069 τῶν
454 3016 740 3087 Ῥωμαίων
786 3017 1112 3089 στρατηγοὶ,
1170 3017 1265 3074 καὶ
1313 3016 1497 3080 αὐτοῖς
1540 3015 1768 3087 ἀνδράσι

179 3109 679 3184 κατεμπιπρῶντες
733 3110 956 3175 πόλεις,
1001 3111 1117 3172 τοῖς
1153 3108 1255 3179 τῆς
1302 3108 1550 3170 δουλείας
1594 3107 1765 3184 αὐτὴν

180 3197 459 3276 ὑπέθεσαν
483 3200 689 3269 ζυγοῖς.
720 3201 783 3254 Οἱ
812 3201 868 3255 δέ
897 3217 959 3269 γε
982 3200 1266 3269 διαφυγεῖν
1298 3198 1635 3270 ίσχύσαντες,
1664 3199 1765 3262 τὰς
1794 3236 1837 3295 C

177 3274 285 3353 τῶν
320 3272 492 3361 ἐθνῶν
523 3294 877 3364 κατῳκήκασι
903 3292 1101 3364 χώρας,
1131 3291 1160 3346 ὃ
1186 3293 1278 3345 καὶ
1304 3292 1463 3363 μέχρι
1495 3292 1589 3344 νῦν
1614 3291 1763 3344 ἐστιν

183 3385 331 3463 ἰδεῖν.
368 3385 491 3461 Καὶ,
508 3384 666 3461 τοῦτο
694 3381 847 3457 οἶμαι
886 3385 1100 3457 δηλοῦν,
1126 3385 1253 3438 ὅταν
1279 3384 1412 3454 λέγῃ
1435 3401 1448 3413 ·
1476 3384 1766 3453 «Ποιμανῶ

175 3478 245 3537 τὰ
271 3476 524 3548 πρόὸατα
545 3479 646 3548 τῆς
667 3479 882 3549 σφαγῆς
907 3479 983 3542 είς
1012 3478 1111 3552 τὴν
1124 3478 1437 3542 Χανανῖτιν,
1453 3476 1762 3539 τουτέστιν,

176 3571 258 3634 εἰς
287 3568 390 3639 τὴν
421 3571 747 3644 Χαναναίων
780 3570 963 3642 χώραν
992 3587 1052 3623 τε
1086 3569 1178 3624 καὶ
1216 3571 1341 3641 γῆν.
1384 3571 1683 3622 Χαναναῖοι
1709 3568 1767 3621 δὲ

173 3663 242 3721 τὰ
277 3662 406 3733 ἔθνη
432 3699 446 3722 ,
481 3662 609 3733 παρ’
640 3658 729 3739 οἷς.
768 3662 837 3715 τὰ
866 3662 1116 3731 πρόϐατα
1162 3662 1269 3732 τῆς
1304 3662 1520 3733 σφαγῆς
1554 3662 1648 3715 καὶ
1686 3663 1766 3725 εἰς

170 3750 339 3823 δεῦρό
368 3769 488 3816 πως
518 3753 603 3827 ἔτι
649 3753 800 3826 παρὰ
830 3751 964 3805 Θεοῦ
999 3755 1380 3822 ποιμαίνονται
1408 3793 1421 3817 ,
1461 3753 1628 3824 ἤγουν
1675 3752 1765 3805 δο⁴

173 3842 337 3897 κοῦσι
374 3844 780 3921 ποιμαίλνεσϐαι.
811 3844 1051 3917 Τηροῦσι
1089 3842 1197 3913 γάρ
1230 3842 1310 3898 ἔτι
1340 3844 1431 3897 τόν
1466 3859 1589 3896 τινα
1620 3842 1763 3896 κατά

173 3933 362 4004 νόμον,
395 3935 490 3993 καὶ
510 3935 611 4005 οὐχ
633 3934 939 4005 ὁλοτρόπως
964 3934 1072 3987 τῶν
1099 3933 1342 4006 ἀρχαίων
1370 3932 1759 4003 κατημεληκό-

1868 2012 2235 2068 Nihilominus
2271 2012 2411 2068 Deus
2444 2013 2509 2066 ad
2544 2011 2919 2081 paenitentiam
2951 2027 3045 2067 eos
3077 2013 3313 2078 vocavit,
3348 2028 3447 2067 nec

1869 2102 2013 2158 illico
2032 2103 2300 2174 supplicio
2316 2112 2400 2158 est
2421 2112 2758 2173 persecutus.
2777 2102 3081 2158 Tricesimo
3100 2112 3281 2158 autem
3306 2118 3449 2158 anno

1866 2193 1977 2263 jam
2010 2193 2192 2263 elapso
2226 2202 2346 2263 post
2377 2203 2555 2249 actum
2592 2195 2644 2248 iu
2681 2209 2899 2249 crucem
2935 2193 3270 2250 Salvatorem
3295 2235 3310 2261 ,
3348 2209 3454 2264 pax

1869 2284 2107 2343 Judazam
2154 2285 2410 2349 deseruit,
2462 2286 2614 2341 bellis
2659 2286 2975 2354 ﬂagrantem
3019 2286 3279 2356 undique,
3328 2288 3452 2341 dum

1870 2375 2001 2429 urbs
2034 2375 2220 2429 urbem
2255 2374 2479 2442 invadit,
2512 2374 2639 2429 dum
2673 2376 2819 2430 cives
2851 2376 3051 2445 ubique
3084 2376 3138 2429 in
3176 2376 3452 2430 contraria

1870 2467 2045 2521 studia
2081 2467 2427 2531 scinduntur,
2469 2476 2525 2521 et
2563 2466 2717 2522 bellis
2754 2467 3029 2522 intestinis
3070 2467 3351 2533 dimicant,
3395 2474 3456 2523 ut

1871 2555 2100 2614 invicem
2133 2557 2311 2609 damni
2342 2564 2571 2623 tantum,
2603 2566 2862 2626 quantum
2900 2558 2967 2612 ab
2997 2558 3244 2613 hostibus
3269 2566 3452 2613 exter-

1870 2647 1955 2701 nis
1987 2646 2313 2716 acciperent.
2350 2646 2720 2718 Subjugarunt
2753 2649 2896 2703 enim
2930 2649 3239 2704 Judteorum
3281 2651 3456 2721 regio~

1870 2754 1991 2795 nem
2032 2738 2405 2796 Romanorum
2453 2741 2616 2796 duces
2661 2740 2968 2807 fortissimi,
3005 2750 3059 2797 et
3100 2741 3291 2797 incolis
3331 2757 3457 2797 cum

1870 2830 2096 2885 urbibus
2130 2829 2378 2884 incendio
2412 2828 2631 2892 deditis,
2662 2828 2941 2884 servitutis
2972 2843 3091 2883 eam
3116 2824 3246 2899 jugo
3271 2826 3454 2894 subje-

1868 2931 2079 2978 cerunt.
2106 2923 2203 2979 Ast
2231 2921 2428 2992 quibus
2460 2920 2602 2990 [ορατ
2631 2936 2691 2976 se
2722 2920 2917 2974 obtulit
2943 2920 3176 2984 occasio,
3211 2920 3463 2990 gentium.

1868 3012 2173 3083 provincias
2206 3012 2582 3075 incoluerunt,
2616 3012 2758 3080 quod
2791 3018 2846 3065 et
2875 3010 3035 3063 hodie
3060 3009 3330 3063 videmus.
3358 3006 3453 3061 At-

1867 3120 1973 3174 que
2010 3105 2147 3169 hoc,
2183 3104 2395 3172 opinor,
2432 3102 2580 3170 vult,
2615 3118 2737 3157 cum
2778 3101 2907 3156 dicit
2944 3120 2958 3155 :
3002 3118 3020 3151 ι
3062 3099 3289 3154 Pascam
3325 3113 3456 3154 oves

1868 3197 2156 3251 occisionis
2182 3196 2233 3251 in
2260 3196 2642 3262 Chananitide,
2676 3214 2694 3247 ι
2727 3195 2778 3250 id
2806 3205 2888 3250 est
2941 3195 2996 3249 in
3024 3195 3453 3249 Chananazorum

1870 3287 2088 3357 regione
2130 3301 2194 3342 ac
2234 3297 2402 3341 terra.
2444 3286 2729 3341 Chananaei
2773 3301 2904 3355 gens
2946 3295 3063 3352 est,
3106 3286 3247 3355 apud
3292 3300 3454 3355 quam

1869 3394 1999 3435 oves
2030 3379 2322 3435 occisionis
2357 3379 2423 3433 ad
2461 3379 2607 3433 hunc
2638 3394 2812 3449 usque
2841 3380 2980 3434 diem
3016 3394 3046 3433 a
3081 3380 3189 3434 Deo
3220 3392 3453 3448 pascun-

1868 3481 1979 3538 tur,
2013 3481 2107 3526 aut
2138 3471 2390 3526 videntur
2424 3472 2616 3527 saltem
2658 3472 2827 3542 pasci.
2872 3472 3029 3543 761
3076 3471 3265 3525 Adhuc
3308 3470 3454 3525 enim

1868 3562 2124 3619 nonnulla
2154 3563 2452 3618 secundum
2483 3564 2653 3634 legem
2682 3573 2926 3629 servant,
2957 3578 3054 3618 nec
3082 3563 3290 3633 priscos
3315 3563 3455 3617 ritus

1866 3656 1932 3710 ad
1973 3671 2136 3709 unum
2179 3664 2480 3711 cernuntur
2518 3655 2802 3723 abiecisse.
2849 3655 3032 3724 Itaque
3079 3670 3299 3710 carnem
3340 3655 3452 3709 cir-

1873 3747 2208 3810 cumcidunt,
2232 3756 2286 3800 et
2310 3744 2606 3801 Sabbalum
2632 3754 2818 3817 agunt,
2843 3755 2897 3799 et
2921 3746 3027 3800 alia
3052 3746 3273 3817 insuper
3297 3746 3449 3801 cordi

1873 3839 2093 3893 habent.
2130 3838 2196 3892 Et
2240 3839 2341 3891 hoc
2382 3844 2499 3891 erat
2543 3851 2737 3907 nempe
2777 3852 2804 3890 a
2850 3838 2960 3892 Deo
3005 3852 3100 3907 per
3134 3838 3451 3908 prophetam

1860 3932 2066 3985 dictum
2096 3948 2109 3983 ε
2143 3948 2161 3981 ι
2198 3930 2261 3984 Et
2288 3944 2383 3984 ero
2410 3929 2517 3985 illis
2546 3930 2596 3984 in
2629 3930 3116 3985 sanctiﬁcationem
3147 3945 3368 3998 parvatu
3398 3929 3449 3983 in

173 4042 269 4089 τας
293 4026 437 4080 ἐθῶν
462 4025 668 4079 κατίδοι
701 4043 785 4089 τις
817 4026 902 4080 ἄν.
931 4024 1040 4078 Καὶ
1062 4024 1192 4093 γοῦν
1216 4024 1634 4096 περιτέμνονται
1656 4023 1757 4094 τὴν

1868 4022 2173 4092 regionibus
2199 4037 2306 4091 quo
2336 4021 2712 4092 iugrcdientur
2739 4020 2869 4075 illuc
2896 4021 2963 4073 ⁸ο.
3001 4040 3019 4072 ι
3053 4020 3244 4074 Civilia
3273 4029 3451 4074 autem

176 4117 387 4187 σάρκα,
447 4118 545 4171 καὶ
594 4117 1012 4193 σαϐϐατίξουσι,
1075 4117 1170 4192 καὶ
1213 4116 1381 4187 ἕτερα
1427 4118 1564 4171 ἄττα
1622 4115 1760 4187 πρὸς

1855 4115 1993 4170 bella
2024 4131 2120 4186 per
2144 4124 2312 4171 totam
2341 4114 2605 4181 Judaaam,
2631 4125 2685 4171 et
2715 4116 2767 4169 in
2803 4117 2936 4171 urbe
2965 4115 3207 4184 qualibet
3238 4113 3448 4184 perspi-

172 4207 385 4273 τούτοις
415 4211 512 4263 καὶ
542 4209 823 4283 φροντίδος
854 4208 1064 4275 ἀξιοῦσι
1106 4210 1200 4269 καὶ
1234 4209 1414 4277 λόγου.
1454 4207 1564 4261 Καὶ
1596 4206 1758 4261 τοῦτο

1868 4223 1957 4263 cue
1988 4208 2435 4263 commemoravit
2464 4207 2761 4276 Josephus,
2792 4208 2873 4261 vir
2896 4208 3156 4276 eloquens
3183 4216 3238 4261 et
3265 4206 3449 4261 erudi—

170 4294 236 4377 ἦν
271 4301 382 4370 ἄρα
406 4300 469 4352 τὸ
497 4301 587 4353 διά
615 4300 798 4377 φωνῆς
837 4301 1117 4371 προφήτου
1150 4299 1299 4371 ποιρά
1326 4299 1460 4353 Θεοῦ
1491 4299 1756 4371 λελεγμέ-

1860 4309 1964 4363 tus,
1995 4300 2085 4369 qui
2114 4298 2420 4353 Judteorum
2454 4299 2792 4354 calamitates
2824 4299 3024 4368 tragice
3052 4298 3364 4366 descripsit.

173 4394 293 4444 νον·
346 4410 366 4443 ‹
404 4392 520 4446 Καὶ
564 4390 757 4462 ἔσομαι
807 4390 988 4453 αὐτοῖς
1033 4393 1111 4454 είς
1164 4391 1412 4463 ἀγίασμα
1458 4390 1650 4463 μικρὸν
1693 4392 1750 4443 ἐν
1789 4394 1909 4453 ταῖς
1942 4390 2187 4461 χώραις,
2217 4383 2280 4443 οὗ
2324 4390 2419 4443 ἐὰν
2503 4389 2816 4445 εἰσέλθωσιν
2880 4392 3015 4445 ἐκεῖ.
3052 4409 3069 4442 ι
3126 4391 3264 4455 Τοὺς
3292 4390 3348 4445 δέ
3387 4409 3449 4458 γε

171 4486 272 4538 ἀνᾶ
303 4487 488 4540 πᾶσαν
531 4485 635 4557 τὴν
671 4484 950 4548 Ἰουδαίαν,
981 4485 1076 4538 καὶ
1121 4485 1305 4557 μέντοι
1345 4489 1443 4558 τὴν
1484 4485 1841 4567 Ἰερουσαλὴμ
1904 4486 2200 4557 ἐμφυλίους
2242 4485 2536 4555 πολέμους,
2571 4486 2667 4540 καὶ
2732 4488 2857 4551 τοὺς
2924 4488 2982 4541 ἐν
3014 4488 3217 4559 ἑκάστῃ
3276 4486 3450 4553 πόλει,

173 4581 358 4649 σαφῶς
423 4579 810 4653 ἀναγέγραφεν
869 4580 908 4651 ὀΔ
967 4579 1064 4643 τὰς
1134 4582 1404 4634 Ἰουδαίων
1461 4581 1755 4662 τραγῳδῶν
1798 4583 2120 4654 συμφορὰς,
2193 4581 2502 4654 ’ῐώσηττπος
2533 4578 2688 4647 οὗτος
2755 4579 3012 4656 ἧν,ἀνὴρ
3054 4584 3335 4655 ἐλλόγιμος
3359 4584 3451 4636 καὶ

175 4674 359 4742 σοφός.

242 4770 350 4822 Καὶ
391 4769 945 4849 λήψομαινὲμαυτῷ
995 4770 1106 4826 δύο
1141 4772 1442 4847 ῥάϐδους,
1485 4772 1599 4841 τὴν
1642 4771 1759 4841 μὲν
1793 4780 1832 4832 D

167 4860 313 4927 μίαν
345 4862 616 4916 ἐκάλεσα
651 4863 906 4928 Κάλλος,
953 4863 1049 4917 καί
1090 4865 1204 4931 τὴν
1244 4865 1455 4935 ἑτέραν
1494 4865 1760 4924 ἐκάλεσα

173 4952 218 5001 Σ
220 4951 529 5020 χοίνισμιι,
560 4954 658 5005 καὶ
694 4953 962 5021 ποιμανῶ
988 4954 1056 5007 τὰ
1086 4957 1370 5023 πρόϐατα.

242 5042 359 5097 06'.
404 5043 566 5096 Κατᾶ
600 5044 825 5108 πολλοὺς
870 5047 1003 5115 ἡμῖν
1040 5046 1272 5116 τρόπους
1305 5047 1455 5120 παρᾶ
1486 5051 1606 5112 ταῖς
1642 5049 1758 5103 θεο-

174 5132 457 5198 mmigrng
492 5136 739 5206 Γραφαῖς
770 5138 805 5204 ἡ
829 5137 1053 5204 ῥάϐδος
1083 5142 1307 5193 νοεῖται.
1348 5141 1484 5195 Ποτὲ
1518 5142 1617 5210 μὲν
1644 5142 1753 5213 γὰρ

175 5226 424 5296 σημαίνει
456 5228 558 5298 τὴν
588 5229 884 5298 βασιλείαν,
908 5230 981 5294 ὡς
1004 5232 1131 5284 ὅταν
1162 5232 1387 5302 λέγηται
1412 5233 1489 5305 τῷ
1511 5234 1751 5306 Χριστῷ·

178 5330 195 5358 ι
220 5311 437 5379 Ῥόιϐδος
478 5315 796 5387 εὐθύτητος,
823 5320 855 5385 ἡ
911 5318 1104 5389 ῥάϐδος
1137 5320 1233 5390 τῆς
1269 5320 1549 5391 βασιλείας
1576 5341 1693 5377 σου.
1730 5343 1747 5374 ι

174 5401 305 5456 Ποτὲ
337 5404 395 5456 δὲ
430 5405 608 5475 ἰσχὺν,
653 5405 727 5465 ὡς
757 5405 812 5457 ἕν
858 5423 920 5475 γε
952 5407 1028 5478 τῷ
1069 5408 1234 5477 φάναι
1256 5426 1269 5438 °
1306 5411 1565 5465 «Ῥόιϐδον
1593 5414 1753 5467 δυνά-

178 5510 319 5558 μεως
346 5496 702 5562 ἐξαποστελεῖ
735 5515 816 5550 σοι
847 5498 1046 5570 Κύριος
1075 5502 1137 5552 ἐκ
1181 5500 1337 5557 Σιών.
1373 5522 1389 5555 ι
1435 5504 1750 5576 Ἐκλαμϐἀο

173 5602 318 5639 νεται
351 5588 410 5641 δὲ
444 5590 539 5642 καὶ
565 5589 804 5654 παιδεία,
840 5591 932 5643 καὶ
959 5593 1236 5663 ἐπιστήμη
1264 5594 1376 5648 ἐσθ’
1403 5597 1490 5649 ὅτε
1521 5615 1750 5667 ποιμαν-

244 5788 481 5844 ⁷⁸νοῐοοιι
517 5810 571 5857 κ,
605 5794 684 5849 Η.
761 5798 802 5828 ⁷⁷
838 5796 907 5852 ihi
934 5798 964 5851 l.
1004 5798 1082 5853 l3.

181 5856 223 5887 "
250 5858 389 5917 l‘sal.
423 5878 535 5930 cu,
558 5856 622 5919 2.

1160 5800 1202 5829 τ’
1237 5798 1390 5855 ἅλικι.
1416 5817 1525 5865 xm,
1566 5803 1646 5857 l3.
1723 5805 1766 5836 τ’
1804 5804 1989 5859 Matth.
2026 5823 2192 5871 urit,
2225 5806 2313 5859 2‘5.

1968 4770 2030 4825 Et
2080 4787 2351 4824 assumam
2405 4770 2534 4824 nti/ti
2589 4770 2725 4823 dum
2776 4773 2975 4839 virgas,
3038 4788 3196 4824 imam
3271 4776 3451 4828 vocavi

1867 4863 2136 4930 Decorem,
2166 4873 2212 4916 et
2242 4862 2462 4918 alteram
2490 4862 2669 4920 vocavi
2725 4861 3073 4928 Funiculum,
3129 4875 3175 4920 et
3237 4882 3453 4934 pascam

1867 4973 2005 5011 oves.

1935 5048 2171 5103 LXXIX.
2216 5046 2271 5101 ln
2316 5047 2514 5105 divinis
2574 5046 2874 5117 Scripturis
2934 5048 3136 5102 variam
3176 5050 3458 5109 notionem,

1867 5140 2029 5195 habet
2082 5142 2400 5195 vocabulum
2461 5142 2626 5212 virga.
2668 5140 2973 5210 Aliquando
3016 5141 3160 5194 enim
3221 5156 3457 5212 regnum

1861 5232 2150 5302 signiﬁcat,
2182 5242 2237 5286 ut
2272 5249 2391 5287 cum
2419 5233 2638 5287 Christo
2671 5233 2904 5287 dicitur:
2936 5251 2953 5282 ‹
2988 5230 3148 5303 Virga
3190 5232 3447 5286 directio-

1860 5325 1940 5379 nis
1990 5325 2134 5394 virga
2178 5326 2322 5394 regni
2355 5327 2428 5379 tui
2459 5327 2559 5381 “.i
2609 5326 2913 5397 Aliquando
2955 5329 3121 5381 robur
3161 5343 3253 5382 seu
3282 5328 3456 5393 vires,

1858 5426 1916 5470 ut
1946 5417 2015 5471 ibi
2045 5434 2094 5468 ει
2132 5415 2346 5486 Virgam
2377 5418 2588 5474 virtutis
2618 5421 2830 5475 emittet
2859 5418 3120 5471 Dominus
3140 5433 3203 5472 cx
3223 5418 3351 5473 Sion
3377 5419 3445 5472 θ’.

1861 5509 2163 5580 Exponitur
2193 5510 2317 5563 item
2355 5525 2739 5580 nonnunquzun
2781 5510 3071 5575 institutio,
3110 5519 3163 5565 et
3206 5512 3441 5566 scientia.

1859 5599 2158 5671 pastoritia.
2193 5598 2377 5670 ltaquc
2407 5618 2619 5657 rursum
2654 5618 2785 5656 voce
2818 5600 3092 5670 prophctrc
3134 5600 3270 5656 Filio
3308 5601 3446 5656 dici-

2396 5805 2436 5835 ‘°
2468 5803 2661 5861 Bacch.
2703 5805 2869 5871 XI,l6.
2950 5807 2990 5836 ⁸¹
3026 5806 3168 5862 Psal.
3201 5823 3346 5879 λων,
3389 5809 3440 5865 7.
