4120 6556
697 397 796 452 587

1716 405 1775 463 S.
1815 408 2093 464 CYRILLI
2129 410 2599 468 ALEXANDRINI
2633 407 2955 466 ARCHIEP.

685 487 811 566 tur:
853 527 871 562 ι
899 508 1065 565 Pasce
1101 511 1352 580 populum
1377 519 1523 569 tuum
1558 530 1610 570 tn
1646 518 1794 590 virga
1817 522 1884 576 ⁸³.
1906 541 1925 574 ι
1989 525 2251 580 Caeterum

2359 528 2504 597 τική.
2533 527 2758 598 Εἴρηται
2795 524 2926 593 γοῦν
2960 520 3119 576 πάλιν
3147 517 3236 574 διὰ
3260 517 3440 587 φωνῆς
3483 515 3765 586 προφήτου
3800 514 3951 585 πρὸς

683 603 740 657 in
783 602 970 658 verbis.
992 602 1254 669 recitatis,
1289 606 1452 674 virga:
1482 610 1667 666 modos
1699 615 1989 681 pastoralis
2015 617 2253 672 scientiae

683 693 1068 764 geminumque
1096 708 1265 764 genus
1321 697 1602 756 laudabilis
1665 702 2017 762 institutionis
2050 707 2252 778 signili~

682 793 841 840 cant.
877 784 1118 840 Assumit
1167 795 1348 841 autem
1392 790 1570 860 virgas
1608 810 1627 842 ι
1685 805 1869 862 pastor
1910 797 2102 860 bonus,
2158 801 2249 868 qui

682 875 835 946 ponit
857 879 1093 932 animam
1124 893 1276 932 suam
1306 893 1403 948 pro
1427 883 1671 949 ovibus,»
1705 886 1758 940 id
1787 898 1871 941 est
1895 889 2163 954 Ghristus,
2194 902 2251 948 ut

682 969 738 1022 in
769 966 903 1036 ipsis
922 977 1108 1037 pascat
1141 983 1270 1025 oves
1297 985 1444 1027 suas.
1471 972 1610 1028 Olim
1661 979 1804 1030 enim
1853 977 1873 1048 (
1919 988 2042 1048 puta
2097 991 2251 1038 ante-

680 1074 842 1128 quam
881 1059 1121 1118 hominis
1143 1070 1330 1117 natura
1360 1078 1420 1118 se
1456 1066 1718 1138 vestiret)
1750 1111 1764 1136 ,
1795 1080 2084 1127 cumesset
2110 1073 2250 1130 Deus

679 1159 735 1206 et
773 1150 1062 1221 legislator,
1093 1167 1160 1208 ex
1189 1153 1296 1211 Deo
1323 1155 1495 1224 Λόγος
1531 1156 2044 1228 Verbumpascebat
2073 1161 2249 1221 Israe-

679 1241 1144 1307 lem,.vcluti.una
1172 1245 1322 1316 virga
1353 1245 1506 1317 legali
1552 1249 1888 1308 institutione
1925 1263 2104 1310 utens.
2158 1255 2250 1313 Sic

677 1330 820 1386 enim
852 1347 951 1402 per
979 1334 1293 1403 prophetam
1327 1351 1448 1391 eum
1476 1337 1671 1394 alicubi
1702 1342 1995 1414 alloquitur
2025 1361 2039 1400 :
2073 1366 2092 1398 ι
2138 1347 2249 1419 Ego

677 1421 1042 1490 pascebamte
1071 1423 1124 1478 in
1157 1424 1444 1482 solitudine
1471 1429 1570 1482 ⁸⁵..)
1633 1430 1736 1486 Ast
1793 1443 2080 1504 postquam
2147 1454 2248 1493 no-

680 1510 780 1565 stri
829 1512 1019 1568 similis
1059 1511 1238 1568 factus
1283 1523 1366 1571 est
1417 1517 1591 1574 homo.
1620 1520 1688 1586 ⁸⁸,
1731 1521 1865 1578 duas
1911 1525 2094 1597 virgas
2162 1544 2250 1582 as-

677 1602 930 1672 sumpsit.
957 1601 1136 1658 Pascit
1162 1604 1329 1669 enim,
1367 1615 1422 1660 ut
1446 1607 1764 1667 adoratores
1786 1627 1936 1681 suos,
1962 1630 2058 1686 per
2089 1618 2248 1674 ﬁdem

678 1693 929 1750 nimirum
967 1695 1294 1766 justilicatos
1324 1705 1387 1752 et.
1417 1700 1789 1761 sanctiﬁcatos
1845 1706 1897 1760 in
1934 1709 2124 1778 spiritu
2175 1710 2249 1766 lc-

675 1785 884 1857 galibus
909 1787 1070 1842 simul
1093 1798 1150 1845 et
1179 1789 1506 1860 evangelicis
1523 1795 1840 1864 praeceptis,
1860 1813 1965 1853 non
1993 1801 2059 1854 ad
2087 1803 2249 1858 boves

2357 619 2449 672 τὸν
2478 618 2604 671 Υίόν
2625 633 2638 646 ·
2679 637 2697 668 ι
2733 616 2995 684 Ποίμαινε
3024 612 3152 666 λαόν
3195 627 3288 663 σου
3327 611 3384 662 ἐν
3415 607 3614 678 ῥάϐδῳ.
3652 627 3669 657 ι
3711 606 3860 660 Ἀλλ’
3889 606 3950 659 ἓν

2358 725 2422 777 γε
2441 710 2553 772 τοῖς
2576 706 2990 779 προειρημένοις
3025 701 3373 774 σημαίνουσιν
3403 700 3456 753 αἱ
3488 698 3672 768 ῥάϐδοι
3699 696 3950 766 τρόπους

2361 798 2842 870 ἡμῖνποιμενικῆς
2887 795 3215 862 ἐπιστήμης,
3259 790 3354 844 καὶ
3389 790 3564 842 διττὸν
3586 785 3947 846 παιδεύσεως

2357 885 2514 951 εἶδος,
2545 887 2684 940 κατά
2721 902 2784 954 γε
2813 885 2876 938 τὸ
2917 883 3233 954 ἀμωμήτως
3275 882 3420 951 ἔχειν
3449 876 3666 933 δοκοῦν.
3708 878 3945 946 Δέχεται

2355 979 2410 1032 δὲ
2435 978 2534 1041 τὰς
2566 975 2795 1049 ῥάϐδους
2826 995 2846 1028 ‹
2892 976 2929 1028 ὁ
2953 975 3155 1046 ποιμὴν
3179 975 3206 1027 ὁ
3230 972 3424 1037 καλὸς,
3443 974 3473 1024 ὁ
3497 971 3596 1042 τὴν
3629 969 3824 1040 ψυχὴν
3847 968 3946 1020 αὑ-

2354 1065 2448 1120 τοῦ
2480 1066 2592 1130 θεὶς
2618 1066 2758 1139 ὑπὲρ
2787 1063 2896 1117 τῶν
2935 1063 3244 1134 προϐάτων,
3285 1081 3302 1113 ι
3355 1059 3620 1123 τουτέστι,
3670 1057 3940 1130 Χριστὸς,

2357 1156 2444 1211 ἵνα
2477 1158 2535 1211 ὲν
2567 1157 2757 1219 αὑταῖς
2795 1154 3178 1224 καταποιμάνη
3209 1153 3278 1206 τὰ
3312 1151 3420 1205 ἴδια
3456 1149 3725 1222 πρόϐατα.
3752 1147 3943 1202 Πάλαι

2359 1249 2456 1318 μὲν
2485 1248 2594 1318 γὰρ
2623 1246 2911 1309 (τουτέστι,
2944 1245 3040 1300 καὶ
3079 1245 3186 1316 πρὸ
3203 1243 3314 1298 τῶν
3340 1247 3441 1316 τῆς
3465 1243 3944 1314 ὲνανθρωπήσεως

2355 1337 2582 1409 χρόνων)
2609 1337 2740 1400 Θεὸς
2760 1336 2858 1402 ὢν,
2893 1337 2988 1392 καὶ
3018 1335 3314 1405 νομοθέτης
3333 1375 3348 1398 ,
3377 1335 3410 1386 ὀ
3446 1335 3510 1388 ἐκ
3549 1332 3684 1388 Θεοῦ
3720 1332 3941 1403 Πατρδς

2355 1429 2528 1497 Λόγος
2571 1427 2872 1482 κατέϐοσκε
2898 1421 3012 1480 ’τὸν
3076 1425 3326 1496 Ἰσραὴλ,
3385 1425 3562 1478 οἱονεὶ·
3599 1424 3786 1496 ῥάϐδῳ
3841 1427 3942 1493 μιᾷ

2354 1517 2654 1590 χρώμενος,
2689 1519 2754 1588 τῇ
2786 1516 2925 1570 κατὰ
2950 1518 3112 1586 νόμον
3144 1514 3540 1586 παιδείᾳ.Ἐφη
3572 1513 3681 1584 γάρ
3709 1529 3822 1565 που
3850 1512 3940 1564 διὰ

2356 1612 2631 1683 προφήτου
2659 1609 2844 1680 φωνῆς
2877 1609 3026 1680 πρὸς,
3053 1609 3237 1663 αὐτόντ
3272 1627 3290 1658 ι
3333 1606 3482 1675 Ἐγὼ
3508 1607 3840 1676 ὲποίμαινὸν
3882 1622 3938 1658 σε

2355 1704 2412 1758 ὲν
2442 1704 2506 1774 τῇ
2534 1703 2747 1773 ἐρήμῳ.
2781 1720 2801 1753 ι
2847 1700 3066 1772 Ἐπειδὴ
3099 1699 3155 1752 δὲ
3177 1699 3369 1768 γέγονε
3399 1698 3521 1752 καθ’
3546 1701 3694 1768 ἡμᾶς
3721 1697 3940 1770 ἄνθρω-

2356 1811 2478 1858 πος,
2524 1793 2636 1848 δύο.
2661 1792 2876 1863 δέχεται
2924 1791 3173 1864 ῥάϐδους.
3225 1791 3536 1860 Κατανέμει
3583 1790 3694 1861 γὰρ
3742 1791 3940 1861 ὥσπερ

679 1877 1030 1935 immolandos
1063 1881 1363 1951 impellens,
1394 1899 1563 1954 neque
1582 1895 1641 1940 ut.
1675 1887 2047 1948 oblationibus
2067 1908 2251 1950 secun-

2355 1885 2481 1949 τοὺς
2526 1883 2687 1948 ἰδίους
2719 1883 3118 1954 προσκυνητὰς,
3151 1883 3284 1946 τοὺς
3301 1881 3391 1938 διὰ
3421 1881 3657 1944 πίστεως
3684 1880 3939 1953 δηλονότι

676 1969 802 2024 dum
831 1970 1002 2040 legem
1034 1973 1346 2028 studeamus
1380 1990 1476 2032 nos
1523 1977 1740 2044 docens,
1768 1981 1862 2037 sed
1915 1981 2112 2052 iubens
2157 2001 2252 2055 po.

676 2061 806 2126 tius,
830 2062 908 2116 uti
942 2062 1147 2119 cultum
1177 2064 1228 2119 in
1257 2066 1448 2136 spiritu
1475 2075 1729 2138 tanquam
1763 2071 2102 2130 incruentum
2165 2093 2256 2132 sa-

675 2151 938 2208 criﬁcium
964 2152 1317 2211 celebremus.
1343 2156 1614 2213 Conversa
1645 2168 1735 2216 est.
1771 2163 1914 2218 enim
1963 2176 2020 2221 et
2077 2177 2254 2222 muta-

676 2251 730 2297 ta
772 2244 962 2299 umbra
992 2245 1048 2299 in
1090 2246 1416 2303 veritatem:
1449 2258 1504 2304 et
1545 2265 1664 2320 qua
1697 2251 1749 2308 in
1805 2254 1974 2324 ligura
2021 2257 2253 2322 ﬂebant,

675 2334 1066 2401 characterem,
1086 2345 1137 2392 et
1165 2335 1392 2392 formam
1413 2337 1689 2410 elegantiae
1719 2343 1879 2414 762
1902 2344 2253 2413 Christianae,

673 2430 728 2476 et
757 2422 1080 2491 evangelica:
1139 2425 1261 2481 vita:
1323 2425 1640 2482 induerunt.
1698 2430 1927 2487 Nomina
1993 2447 2254 2505 praetcrea

674 2507 838 2578 virgis
872 2511 1130 2577 sunt,.uni
1162 2513 1376 2581 quidem
1410 2513 1579 2570 Decor
1595 2532 1714 2586 qua:
1737 2529 1819 2574 est
1844 2521 2251 2579 Testamentum

674 2598 905 2667 Novum,
969 2600 1253 2671 pulchrum
1290 2611 1345 2657 et
1388 2605 1748 2662 admiratione
1811 2610 2058 2682 dignum,
2107 2616 2253 2682 quod

675 2692 791 2763 ipse
825 2692 993 2749 Filius
1021 2695 1230 2749 locutus
1263 2703 1382 2763 est,
1419 2717 1439 2750 ι
1469 2697 1757 2770 Speciosus
1787 2717 1894 2770 prae
1918 2702 2042 2758 ﬁliis
2073 2705 2252 2758 homi-

675 2799 802 2838 uutn
827 2784 867 2815 '"
899 2801 915 2851 ;
959 2803 982 2836 ι
1022 2785 1176 2840 alteri
1199 2786 1511 2854 Funiculus,
1553 2790 1603 2845 id
1631 2801 1736 2856 est,
1769 2806 1916 2861 pars,
1949 2803 2007 2848 ut
2053 2795 2251 2851 intelli-

674 2888 864 2946 gamus
900 2874 1070 2944 legem
1092 2875 1301 2932 solitam
1330 2878 1544 2934 erudire
1571 2893 1877 2950 separatum
1935 2883 2046 2938 Deo
2103 2884 2252 2939 funi-

674 2965 876 3021 culum.
937 2965 1211 3036 Scriptum
1259 2975 1342 3023 est
1389 2966 1531 3023 enim
1569 2988 1582 3024 :
1630 2988 1648 3022 ι
1699 2971 1926 3038 Quando
1984 2975 2256 3030 dividebat

673 3059 986 3115 Altissimus
1019 3069 1228 3130 gentes,
1255 3070 1312 3118 ut
1345 3061 1679 3132 dispergeret
1707 3063 1846 3119 ﬁlios
1871 3065 2074 3130 Adam,
2121 3083 2252 3121 con-

674 3151 850 3206 stituit
878 3151 1135 3208 terminos
1172 3153 1409 3223 gentium
1431 3154 1583 3223 juxta
1611 3171 1892 3211 numerum
1923 3160 2242 3229 angelorqu

678 3243 866 3308 Dei,et
891 3242 993 3298 fuit
1023 3257 1148 3311 pars
1185 3243 1394 3299 Domini
1428 3246 1654 3314 populus
1700 3247 1818 3316 ejus
1856 3247 2047 3314 Iacob,
2106 3251 2249 3306 hmi-
2280 3235 2322 3292 (ἶ

674 3335 829 3392 culus
864 3336 1196 3391 haereditatis
1225 3336 1342 3405 ejus
1371 3334 1554 3392 Israel.
1590 3357 1609 3390 ι
1647 3337 1809 3395 Ilisce
1840 3341 2002 3412 igitur
2028 3344 2238 3400 duabus

675 3427 841 3498 virgis
885 3442 1108 3498 magnus
1141 3438 1416 3497 pastorum
1448 3429 1701 3499 princeps
1729 3445 1856 3486 oves
1904 3447 2028 3487 suas
2062 3445 2246 3502 pastu-

676 3535 795 3574 rum
829 3521 1179 3589 spondet;et
1225 3535 1354 3576 vero
1407 3522 1713 3591 spopondit.
1745 3519 1802 3576 ln
1850 3538 2010 3578 unam
2054 3525 2251 3596 quippe

676 3611 884 3667 caulam
909 3611 999 3682 qui
1025 3626 1089 3668 ex
1127 3611 1314 3678 lsrael,
1345 3621 1400 3667 ct
1433 3613 1522 3682 qui
1559 3628 1626 3668 ex
1653 3614 1900 3683 gentibus
1933 3624 2086 3668 erant
2121 3630 2249 3670 cou-

675 3704 848 3770 duxit,
883 3712 938 3759 et
979 3704 1086 3761 illis
1143 3703 1366 3776 legalem
1419 3705 1896 3776 evangelicamque
1939 3706 2241 3761 doctrinam

678 3795 732 3852 in
768 3795 1153 3850 nutrimentum
1199 3795 1442 3864 apponit.
1489 3806 1543 3851 et
1598 3795 1755 3865 quasi
1807 3798 2096 3866 quamdam
2136 3797 2248 3867 spi-

679 3890 922 3946 ritualem
945 3890 1168 3946 herbam
1198 3889 1476 3944 fruendam
1504 3890 1825 3961 suppeditat,
1843 3898 1896 3946 et
1921 3889 2122 3945 all'alim
2158 3906 2251 3946 eos

678 3983 910 4052 saginat.

2354 1975 2824 2047 δεδικαιωμένους,
2849 1975 2947 2029 καὶ
2979 1973 3346 2045 ήγιασμένους
3381 1978 3439 2028 ὲν
3470 1973 3940 2044 πνεύματι,νομι-

2355 2071 2470 2132 κοῖς
2521 2085 2583 2121 τε
2617 2072 2732 2138 ἅμα
2763 2068 2856 2120 καὶ
2894 2067 3269 2134 εὐαγγελικοῖς
3303 2066 3685 2137 θεσπίσμασιν,
3711 2067 3783 2120 οὑ.
3813 2066 3939 2136 βου-υ

2354 2159 2532 2213 θυτεῖν
2563 2158 2893 2222 ἀναπείθων,
2924 2157 3054 2212 οὔτε
3085 2159 3192 2229 μὴν
3219 2160 3342 2222 ταῖς
3389 2160 3530 2213 κατὰ
3557 2158 3722 2229 νόμον
3762 2176 3942 2228 προσ-

2354 2256 2597 2323 αγωγαῖς
2631 2252 2992 2326 προσκεῖσθαι
3026 2253 3324 2307 διδάσκων·
3359 2253 3632 2306 ποιεῖσθαι
3652 2252 3948 2323 δὲμᾶλλον

2354 2343 2739 2417 προστεταχὼς
2771 2344 2869 2413 τῆς
2905 2345 2963 2396 ἐν
2996 2343 3270 2414 πνεύματι
3299 2345 3555 2412 λατρείας
3575 2345 3674 2415 τὴν
3699 2343 3944 2412 δύναμιν

2354 2437 2433 2498 είς
2456 2433 2806 2503 διναιμὰκτου.
2827 2432 3022 2495 θυσίας
3053 2432 3278 2502 τρόπον.
3310 2432 3705 2486 Μετατέθειται
3750 2431 3863 2503 γὰρ
3904 2433 3948 2499 ἡ.

2355 2525 2483 2580 σκιὰ
2529 2524 2665 2596 πρὸς
2716 2523 3004 2595 ἀλήθειαν,
3064 2524 3160 2576 καὶ
3216 2526 3693 2596 μετακεχάρακται
3744 2525 3815 2579 τὰ
3881 2526 3944 2578 ἐν

2353 2617 2542 2680 τύποις
2571 2618 2648 2679 εἰς
2676 2617 2998 2686 ἀστειότητα
3051 2615 3324 2678 πολιτείας
3352 2619 3464 2687 τῆς,
3495 2617 3560 2670 ὲν
3599 2615 3826 2686 Χριστῷ
3875 2633 3944 2669 τε

2355 2707 2448 2762 καὶ
2486 2706 2866 2777 εὐαγγελικῆς.
2915 2706 3183 2776 Ὀνόματα
3220 2706 3277 2759 δὲ
3303 2707 3397 2760 καὶ
3427 2709 3549 2770 ταῖς
3578 2706 3820 2777 ῥάϐδοις,
3867 2709 3944 2777 τῇ

2357 2799 2458 2870 μὲν
2495 2800 2595 2870 μιᾷ
2619 2797 2848 2863 Κάλλος,
2884 2798 3006 2868 ἥτις
3050 2797 3169 2850 ἐστὶ
3217 2797 3462 2868 Διαθήκη
3502 2798 3634 2863 Nec,
3669 2798 3810 2869 καλὴ
3841 2801 3943 2852 καὶ

2354 2889 2807 2960 ἀξιοθαύμαστος,
2826 2889 2893 2959 ἢν
2917 2887 3081 2953 αὐτὸς
3113 2889 3408 2960 λελάληκεν
3437 2891 3464 2943 ὁ
3491 2890 3639 2955 Υἱὸς,
3679 2909 3698 2942 ι
3720 2890 3949 2961 Ὠραῑος

2354 2981 2536 3036 κάλλει
2581 2982 2733 3052 παρὰ
2770 2982 2896 3044 τοὺς
2925 2980 3073 3045 υἱοὺς
3103 2981 3213 3034 τῶν
3263 2981 3589 3052 ἀνθρώπωνο
3619 3000 3637 3033 ι
3661 2983 3698 3052 ἦ
3728 2999 3794 3050 γε
3831 2983 3950 3052 μὴν

2353 3073 2515 3144 ἑτέρα
2562 3073 2876 3144 Σχοίνισμα,
2909 3073 3156 3128 τουτέστι
3206 3076 3394 3145 μερὶς,
3447 3074 3533 3129 ἵνα
3576 3074 3793 3142 νοῶμεν
3846 3075 3944 3128 τὸν

2355 3164 2540 3235 νόμον,
2561 3165 2622 3218 τὸ
2652 3165 2944 3236 ἀφορισθέν
2971 3164 3049 3236 τῷ
3087 3163 3209 3236 Θεῷ
3238 3164 3524 3236 σχοίνισμα
3567 3165 3949 3233 παιδαγωγεῖν

2356 3255 2603 3311 εἰωθότα.
2635 3255 2946 3325 Γέγραπται
2971 3255 3110 3328 γάρπ
3154 3257 3316 3309 (Ὅτε
3345 3255 3653 3327 διεμέριζεν
3671 3257 3950 3326 ’Υψιστος-

2357 3346 2518 3418 ἔθνη,
2569 3347 2645 3408 ὼς
2689 3346 2994 3417 διέσπειρεν
3058 3349 3206 3411 υἱοὺς
3265 3347 3435 3418 Ἀδὰμ
3463 3390 3477 3413 ,
3521 3347 3750 3418 ἔστησεν
3816 3349 3946 3420 ὅρια

2357 3434 2526 3490 ἐθνῶν
2591 3435 2732 3489 κατὰ
2781 3436 3014 3506 ἀριθμὸν
3061 3437 3311 3506 ἀγγέλων
3357 3437 3514 3504 Θεοῦ,
3564 3439 3658 3493 καὶ
3701 3439 3952 3510 ἐγενήθη-

2359 3527 2517 3598 μερὶς
2545 3526 2750 3598 Κυρίου
2799 3529 2927 3592 λαὸς
2957 3529 3122 3584 αὑτοῦ
3164 3529 3379 3595 Ἰακὼϐ,
3414 3531 3705 3602 σχοὶνισμα
3737 3531 3948 3602 κληροα.

2356 3617 2549 3686 νομίας
2596 3616 2760 3670 αὐτοῦ
2803 3617 3044 3689 Ἰσραήλ.
3082 3638 3102 3669 ι
3147 3619 3388 3684 Ταύταις
3434 3620 3498 3693 δὴ
3533 3617 3628 3674 οὖν
3655 3622 3776 3684 ταῖς
3817 3621 3945 3673 δυσὶ

2358 3708 2573 3781 ῥάϐδοις
2601 3710 2629 3761 ὁ
2661 3708 2832 3779 μέγας
2855 3709 3191 3780 ἁρχιποίμην
3228 3713 3632 3782 κατανεμήσειν
3660 3709 3956 3780 mam).-.

2355 3799 2505 3852 λεται
2539 3799 2606 3854 τὰ
2635 3798 2799 3852 αὐτοῦ
2833 3799 3106 3868 πρόϐατα,
3133 3801 3228 3853 καὶ
3258 3800 3498 3873 ἀτρεκὴς
3529 3803 3558 3854 ὁ
3581 3800 3762 3869 λόγος.
3805 3801 3954 3852 Συν--

2355 3891 2577 3962 εκόμισε
2607 3889 2714 3961 γὰρ
2747 3891 2826 3952 εἰς
2857 3889 2986 3960 μίαν
3019 3890 3189 3961 αὐλὴν
3216 3890 3342 3956 τούς
3373 3909 3429 3944 τε
3469 3891 3530 3955 ἐξ
3572 3889 3809 3962 Ἰσραὴλ,
3843 3893 3952 3944 καὶ..

2359 3982 2542 4053 μέντοι
2569 3981 2693 4045 τοὺς
2727 3981 2787 4046 ἐξ
2837 3978 3028 4042 ἐθνῶν,
3057 3983 3286 4052 νομικήν
3325 3999 3385 4036 τε
3427 3982 3545 4052 ἃμα
3578 3984 3672 4036 καὶ
3699 3983 3940 4049 εὐαγγε-

677 4076 836 4148 λικὴν
876 4076 1155 4138 παίδευσιν
1193 4075 1373 4138 αὐτοῖς
1402 4075 1719 4147 παρατιθεὶς
1753 4078 1832 4140 εἰς
1875 4075 2110 4147 τροξὴν,
2153 4075 2253 4130 καὶ,
2284 4069 2373 4129 οἷά
2434 4093 2554 4128 τινα
2618 4074 3163 4144 πόαν-πνευματικὴν
3193 4073 3442 4146 χορηγῶν
3465 4077 3544 4138 εἰς
3567 4071 3806 4144 μέθεξιν,
3849 4079 3956 4130 καὶ

677 4167 1049 4222 καταπιαίνων
1091 4165 1376 4229 πλουσίως.

751 4260 910 4314 Vens.
945 4260 978 4312 8
1005 4298 1019 4324 ,
1071 4261 1123 4312 9.
1188 4258 1256 4311 Et
1319 4257 1556 4326 auferam
1591 4268 1693 4313 tres
1735 4268 1966 4328 pastores
2001 4260 2054 4312 in
2090 4275 2258 4312 mense

678 4367 805 4416 uno,
837 4359 885 4403 et
913 4349 1220 4418 gravabitur
1271 4349 1452 4401 anima
1514 4365 1626 4403 mea
1669 4365 1826 4417 super
1886 4366 1992 4403 eos.
2044 4348 2253 4403 Etenim

2437 4247 2548 4303 Kal
2585 4245 2778 4314 ἐξαρῶ
2826 4245 2966 4312 τοὺς
3005 4246 3160 4315 τρεῖς
3198 4247 3484 4318 ποιμένας
3523 4250 3593 4304 ἐν
3631 4255 3784 4322 μηνὶ
3820 4258 3941 4325 ἐν),

2362 4340 2461 4394 καὶ
2485 4338 2938 4408 ,βαρυνθήσεται
2977 4339 3014 4407 ή
3054 4339 3224 4409 ψυχή
3260 4358 3380 4410 μου
3415 4341 3507 4394 ἐπ’
3538 4344 3784 4413 αὐτούς.
3825 4354 3940 4406 Καὶ

678 4442 868 4496 animo:
896 4457 1073 4495 eorum
1141 4441 1410 4511 rugiebant
1457 4457 1612 4509 super
1651 4457 1748 4495 me.
1790 4439 1854 4494 Et
1917 4442 2067 4495 dixi:
2127 4440 2250 4495 Non

2358 4430 2468 4502 γὰρ
2517 4435 2574 4484 αἱ
2614 4430 2805 4500 ψυχαὶ
2869 4429 3069 4484 αὐτῶν
3123 4431 3462 4501 ἐπωρὺοντο
3511 4433 3605 4487 ἐπ’
3649 4437 3772 4507 ἐμέ.
3827 4445 3941 4496 Καὶ

677 4549 891 4605 pascam
929 4548 1035 4586 vos.
1063 4530 1214 4596 Quod
1246 4532 1468 4584 moritur
1494 4533 1771 4597 moriatur,
1792 4541 1841 4587 et
1902 4533 2042 4604 quod
2069 4533 2249 4600 deﬁcit

2357 4522 2529 4580 εἶπα·
2571 4528 2653 4579 Οὺ
2697 4522 2968 4594 ποιμανῶ
3010 4525 3184 4594 ὑμᾶς.
3234 4525 3309 4579 Τὸ
3357 4527 3754 4598 ἀποθνῆσκον
3790 4534 3943 4588 ἀπο-

678 4629 908 4699 deﬁciat,
925 4637 970 4682 et
992 4627 1192 4697 reliqua
1221 4625 1486 4692 devorent,
1520 4629 1873 4698 unusquisque
1904 4643 2085 4681 carnes
2126 4643 2250 4694 pra-

677 4736 804 4774 πιηιι
832 4735 935 4775 ειη.

748 4894 961 4951 LXXX.
987 4895 1156 4951 Dante
1189 4896 1332 4952 enim
1365 4911 1424 4953 se
1447 4896 1557 4967 jam
1607 4897 1657 4952 in
1713 4906 2064 4965 conspectum
2121 4909 2250 4949 vero

2359 4617 2696 4686 θνησκέτω,
2737 4617 2834 4671 καὶ
2872 4617 2939 4669 τὸ
2972 4616 3258 4670 ἐκλεῖπον
3304 4617 3694 4689 ἑκλιπανέτω,
3736 4624 3836 4676 και
3867 4625 3945 4678 τὰ

2358 4711 2696 4765 κατιξλοιπα
2721 4707 3202 4766 κατεσθιέτωσαν
3221 4751 3235 4775 ,
3266 4709 3524 4779 ἕκαστος
3557 4713 3663 4780 τὰς
3699 4716 3940 4783 σάρκας

2358 4803 2464 4857 τοῦ
2493 4804 2761 4868 πλησίον
2781 4801 3001 4856 αὐτοῦ..

2420 4897 2498 4948 Π’.
2543 4891 2975 4963 Ἀναδειχθέντος
3015 4894 3121 4964 γὰρ
3173 4893 3274 4964 ἥδη
3321 4893 3416 4946 τοῦ
3449 4894 3702 4966 ἀληθινοῦ
3740 4913 3798 4950 τε
3842 4900 3944 4951 καὶ

677 4997 734 5043 et
759 4987 900 5042 bono
926 4997 1165 5058 pastore,
1212 4989 1585 5060 aequissimum
1615 4998 1734 5045 erat
1791 4989 2000 5058 utique,
2057 4986 2166 5040 into
2195 4995 2249 5040 et

2355 4982 2552 5052 ἀγαθοῦ
2605 4983 2881 5054 ποιμένος,
2923 4979 2990 5055 ἦν
3019 4985 3192 5054 δήπου
3231 4986 3322 5039 καὶ
3359 4986 3502 5056 μάλα
3535 4989 3702 5052 εἰκὸς,
3733 4991 3942 5059 μᾶλλον

680 5078 1046 5132 necessarium
1081 5079 1448 5134 mercenaries
1498 5091 1552 5132 ct
1582 5078 1745 5133 falsos
1791 5087 2036 5146 pastores
2068 5091 2246 5130 remo.

679 5169 817 5234 veri,
843 5169 944 5226 hoc
967 5179 1068 5237 est,
1111 5169 1417 5226 Judaaorum
1455 5171 1752 5227 secundum
1786 5169 1961 5240 legem
2009 5169 2171 5224 duces
2196 5179 2250 5223 et

681 5259 997 5330 magistros:
1025 5275 1255 5331 quorum
1285 5262 1374 5317 alii
1415 5261 1734 5318 occidebant
1763 5273 1914 5322 oves,
1971 5275 2068 5316 nec
2121 5276 2246 5328 age-

680 5351 806 5406 bant
835 5351 1234 5422 ptenitentiam:
1262 5355 1352 5411 alii
1368 5369 1466 5409 eas
1489 5351 2045 5407 vendentesdiccbaut
2069 5371 2082 5406 :
2108 5371 2126 5404 ι
2147 5351 2246 5406 Be-

681 5442 924 5498 nedictus
990 5443 1264 5510 Dominus,
1305 5454 1358 5499 et
1392 5445 1504 5511 jam
1546 5443 1739 5498 divites
1791 5443 1920 5500 facti
1973 5459 2180 5500 sumus.
2224 5461 2240 5492 ι

2345 5075 2401 5128 δὲ
2448 5076 2546 5147 ἤδη
2593 5075 2687 5129 καὶ
2731 5075 3051 5143 ἀναγκαῖον,
3105 5077 3170 5130 ὲκ
3219 5076 3386 5147 μέσου
3440 5079 3696 5146 γενέσθαι
3745 5080 3941 5134 λοιπὸν

2345 5167 2471 5228 τοὺς
2506 5165 2811 5235 μισθωτοὺς
2856 5165 2946 5219 καὶ
2981 5166 3445 5238 ψευδοποίμενας,
3476 5170 3748 5236 τουτέστι,
3809 5173 3942 5236 τοὺς

2355 5255 2460 5308 τῶν
2497 5254 2765 5310 Ἰουδαίων
2814 5255 2957 5311 κατὰ
3003 5258 3168 5327 νόμον
3215 5257 3571 5330 καθηγητάςο
3614 5254 3688 5315 ὧν
3737 5261 3788 5314 οἱ
3837 5262 3943 5332 μὲν

2355 5346 2697 5417 κατέσφαζον
2726 5348 2795 5401 τὰ
2828 5347 3094 5418 πρόϐατα,
3137 5348 3232 5402 καὶ
3259 5349 3321 5402 οὐ
3351 5351 3745 5421 μετεμέλοντο·
3791 5353 3844 5404 οἱ
3879 5352 3944 5406 δὲ

2353 5442 2418 5513 δὴ
2446 5441 2746 5504 πωλοῦντες
2773 5440 2913 5493 αὐτὰ
2942 5440 3127 5508 ἔλεγον
3145 5455 3156 5470 ·
3200 5460 3217 5491 ι
3240 5439 3546 5513 Εὐλογητὸς
3582 5442 3809 5514 Κύριος,
3844 5446 3943 5498 καὶ

677 5532 798 5588 Jam
837 5550 967 5593 vero
991 5551 1124 5607 quos
1149 5536 1366 5593 nomine
1396 5536 1553 5590 trium
1588 5545 1864 5608 pastorum
1895 5536 2158 5609 appellet,
2192 5545 2245 5591 ct

2356 5533 2829 5605 πεπλουτὴκαμεν.
2865 5553 2882 5585 ι
2922 5528 3052 5588 Εἶτα
3096 5532 3147 5585 τε
3190 5533 3251 5606 δή
3289 5552 3418 5588 ποτε
3454 5535 3544 5589 καὶ
3574 5535 3704 5606 φαίη
3746 5553 3830 5599 τις
3872 5536 3942 5589 ἂν

779 5735 982 5809 ξλιῐςὶι.
1021 5755 1115 5806 vn,
1158 5740 1238 5795 li.
1314 5742 1355 5772 ‘”
1391 5738 1543 5795 Joau.
1579 5756 1628 5807 κ,
1664 5741 1746 5797 l5.
1825 5744 1868 5774 ³⁵
1903 5741 2039 5799 Osee
2067 5757 2182 5806 xm,
2227 5739 2251 5790 Pi

2356 5739 2398 5771 ἐ
2431 5737 2660 5809 Philipp.
2703 5753 2762 5804 ιι,
2793 5738 2842 5793 7.
2926 5740 2965 5768 ⁸⁷
3003 5737 3146 5795 Psal.
3179 5753 3320 5805 κων,
3356 5736 3406 5791 5.
3489 5737 3533 5768 ⁸⁸
3559 5736 3718 5793 Deut.
3758 5748 3934 5800 χχχιι,

685 5805 737 5874 s,
768 5805 823 5861 9.
