4120 6568
293 473 412 533 ιω

1117 477 1666 540 COMMENTARIUS
1707 483 1775 541 ΙΝ
1819 483 2224 542 ZACH‘ARIAM
2258 486 2699 549 PROPllETAM.

3449 497 3549 552 τσο

294 591 563 661 ποιμένας
612 590 808 654 αὐτοὺς
858 591 1115 662 ὀνομάζει
1158 598 1346 665 τρεῖς,
1401 596 1522 652 τίνα
1570 597 1627 651 δὲ
1674 600 1873 671 τρόπον

1978 617 2214 674 quonam
2252 605 2410 660 modo
2440 607 2779 673 auferantur,
2806 617 2862 662 ut
2883 607 3033 674 dicit,
3072 624 3265 665 mense
3281 587 3552 681 uno,~age

295 681 626 753 ἑξαίρονται,
657 680 797 735 καθά
824 698 1010 753 φησιν,
1042 685 1099 737 ἐν
1131 688 1261 757 μηνὶ
1296 688 1398 753 ἐνὶ,
1432 688 1565 761 φέρε
1606 690 1669 761 δὴ
1698 691 1871 760 λέγωο

297 789 422 844 μεν,
450 771 520 825 τά
547 774 611 825 ἐκ
652 772 761 826 τῶν
792 774 951 844 ἱερῶν
983 775 1334 847 Γραμμάτων
1365 782 1759 851 παρατιθέντες
1792 786 1873 849 είς

289 862 501 916 πίστιν.
535 857 706 934 Οἶμαι
749 864 813 935 δὴ
841 863 955 930 οῦν,
990 866 1073 920 ὅτι
1110 872 1259 940 τρεῖς
1288 871 1545 942 ὀνομάζει
1581 876 1868 944 ποιμένας,

287 954 421 1017 τούς
447 971 505 1007 τε
533 955 675 1010 κατά
696 956 860 1028 νόμον
892 959 1289 1029 ίερατεύοντας,
1322 965 1416 1017 καὶ
1446 966 1572 1031 τοὺς
1596 969 1870 1039 τεταγμέ-

284 1059 419 1109 νους
469 1046 661 1117 κριτὰς
701 1048 794 1102 τοῦ
847 1050 1008 1105 λαοῦο
1061 1055 1156 1107 καὶ
1208 1057 1434 1125 προσέτι
1482 1058 1690 1124 τούτοις
1743 1062 1870 1124 τοὺς

283 1138 946 1209 γραμματοεισαγωγεῖς,
996 1144 1115 1213 ἦτοι
1145 1146 1273 1209 τοὺς
1312 1148 1603 1217 νομικούς’
1649 1150 1873 1205 κατέδο-

281 1243 425 1281 σκον
461 1228 569 1300 γὰρ
609 1224 752 1284 οὗτοι
791 1231 884 1285 τὸν
926 1235 1165 1307 Ἰσραήλ.
1201 1238 1312 1291 Καὶ
1348 1241 1394 1292 οἱ
1430 1240 1529 1309 μὲν
1571 1241 1870 1312 ἱερωσύνης

276 1316 508 1389 ἔχοντες
529 1319 711 1385 δόξαν,
746 1322 811 1376 ἐκ
839 1324 1007 1395 μόνης
1038 1321 1178 1396 ἦσαν
1215 1329 1316 1398 τῆς
1349 1329 1525 1400 φυλῆς
1565 1330 1732 1395 Λευῖ,
1773 1334 1869 1387 καὶ

273 1410 423 1482 περὶ
454 1411 634 1465 αὐτῶν
662 1412 764 1484 ἔφη
797 1415 1084 1487 Μαλαχίας
1106 1434 1120 1449 ·
1154 1436 1172 1470 ‹
1210 1420 1377 1490 Χείλη
1414 1422 1603 1493 ἱερέως
1631 1424 1868 1491 φυλάξε-

270 1517 373 1557 ται
435 1503 637 1574 κρίσιν,
690 1505 785 1559 καὶ
832 1506 995 1578 νόμον
1043 1508 1435 1581 ἐκζητήσωσιν
1493 1516 1557 1568 ἐκ
1602 1516 1869 1587 στόματος

268 1591 478 1647 αὐτοῦ.
502 1613 521 1645 ι
555 1594 619 1648 Οἱ
649 1594 705 1649 δὲ
738 1596 801 1667 δὴ
829 1596 1084 1668 λαχόντες
1109 1599 1207 1654 τοῦ
1232 1601 1439 1672 κρίνειν
1467 1604 1567 1676 τὴν
1593 1606 1864 1674 ἐξουσίαν,

266 1684 579 1740 ἀπόλεκτοι
627 1687 727 1758 μὲν
764 1690 858 1743 καὶ
896 1691 1088 1755 αὐτοὶ,
1140 1692 1279 1764 πλὴν
1324 1695 1389 1747 ἐκ
1438 1696 1618 1765 πάσης
1658 1697 1865 1751 ἀνεδεί-

267 1791 482 1831 κνυντο
510 1778 701 1850 φυλῆς.
721 1778 878 1834 Κατὰ
908 1782 1000 1835 τὸν
1030 1782 1142 1836 ίσον
1175 1783 1251 1849 δὲ,
1281 1780 1457 1857 οἶμαι,
1476 1787 1674 1858 τρόπον
1700 1789 1795 1842 καὶ
1817 1790 1866 1841 οἱ

265 1877 928 1943 γραμματοεισαγωγεῖς,
961 1876 1149 1946 ἤγουν,
1178 1877 1430 1950 καθάπερ
1467 1879 1603 1951 ἔφην
1638 1880 1861 1950 ἀρτίως,

1976 697 2043 751 ad
2078 697 2237 752 fidem
2263 698 2650 755 conciliandam
2689 702 2873 756 locise
2902 716 3059 756 sacra
3095 701 3371 771 Scriptura
3422 716 3551 771 pro—

1975 788 2097 843 latis
2123 790 2471 846 disseramus.
2506 791 2773 847 Existimo
2807 792 2970 863 igitur
2998 801 3107 848 tres
3154 801 3400 861 pastores
3456 806 3553 848 nos

1974 882 2169 935 minari
2197 897 2213 936 :
2237 892 2293 938 et
2319 883 2620 938 sacerdotio
2654 886 2931 955 fungentes
2957 884 3249 941 secundum
3281 882 3469 955 legem,
3497 893 3553 940 et

1968 970 2179 1039 jualices
2207 973 2384 1042 populi
2411 975 2760 1039 constitutos,
2792 984 2846 1030 et
2894 985 3091 1046 praeter
3129 974 3225 1029 hos
3272 986 3551 1029 sacrarum

1974 1061 2296 1117 Litterarum
2333 1066 2671 1134 interpretes,
2701 1077 2790 1120 aut
2815 1067 2990 1138 legunt
3023 1066 3224 1135 peritos
3256 1082 3270 1129 ;
3297 1064 3349 1118 hi
3380 1064 3552 1133 siqui-

1971 1155 2093 1209 dem
2129 1156 2376 1211 lsraelem
2423 1160 2733 1227 pascebant.
2768 1158 2835 1212 Et
2863 1159 3080 1228 quidem
3123 1158 3213 1226 qui
3266 1156 3550 1212 sacerdotii

1972 1247 2204 1303 honores
2233 1252 2511 1318 gerebant,
2543 1265 2605 1304 ex
2637 1249 2751 1306 sola
2782 1251 2924 1305 tribu
2970 1249 3096 1305 Levi
3151 1263 3319 1319 genus
3382 1247 3550 1304 duce-

1972 1337 2121 1400 bant,
2148 1352 2210 1391 ac
2239 1338 2307 1392 de
2338 1339 2402 1393 iis
2442 1339 2643 1394 dictum
2670 1349 2752 1394 est
2791 1354 2821 1393 a
2849 1338 3106 1393 Malachia
3134 1354 3148 1391 :
3173 1355 3191 1390 ι
3234 1337 3402 1393 Labia
3463 1352 3552 1393 sa-

1970 1431 2207 1485 cerdotis
2236 1432 2542 1486 custodient
2571 1432 2877 1496 scientiam,
2896 1439 2950 1485 et
2984 1433 3155 1499 legem
3182 1430 3461 1500 requirent
3481 1441 3548 1483 ex

1968 1533 2059 1574 ore
2091 1520 2210 1589 ejus
2241 1521 2309 1575 θ’.
2340 1539 2359 1573 ι
2382 1521 2483 1590 Qui
2513 1532 2693 1577 autem
2725 1521 3000 1592 judicandi
3043 1531 3365 1593 potestatem
3409 1521 3551 1577 obti-

1969 1613 2184 1678 nebant,
2206 1612 2304 1681 ipsi
2330 1628 2547 1683 quoque
2578 1612 2795 1681 delecti,
2820 1629 3008 1669 verum
3075 1629 3147 1668 ex
3206 1613 3355 1669 omni
3405 1612 3549 1668 tribu

1966 1703 2304 1760 creabantur.
2328 1705 2406 1760 Ad
2442 1708 2690 1762 eumdem
2712 1706 2927 1762 modum
2994 1720 3271 1762 sacrarum
3321 1703 3551 1759 Littera—

1968 1816 2084 1855 rum
2122 1801 2461 1871 interpretes,
2503 1802 2636 1866 sive,
2667 1810 2725 1855 ut
2753 1803 2919 1855 modo
2952 1799 3087 1863 dixi,
3120 1798 3280 1869 763
3322 1796 3550 1866 legispe—

1967 1891 2081 1959 riti,
2114 1893 2205 1962 qui
2232 1890 2506 1959 iudicibus
2532 1907 2748 1962 semper
2773 1890 3103 1954 assidentes,
3142 1891 3193 1943 in
3224 1901 3547 1957 unaquaque

262 1963 321 2017 oi
365 1966 608 2035 νομικοὶ,
631 1969 744 2031 τοῖς
768 1968 849 2031 είς
871 1969 930 2022 τὸ
954 1970 1162 2040 κρίνειν
1189 1972 1545 2040 τεταγμένοις
1581 1973 1669 2027 ἀεὶ
1695 1990 1865 2045 προσ-

1966 1953 2321 2039 οουειίγθίὺε
2371 1984 2505 2054 legis
2547 1984 2613 2037 ad
2653 1953 3140 2037 confirmationem
3184 1953 3545 2033 adducebant.

262 2055 594 2129 εδρεύοντες
614 2098 628 2123 ,
666 2060 759 2112 καὶ
786 2058 855 2113 τὰ
888 2061 981 2114 τοῦ
1010 2063 1176 2133 νόμου
1216 2063 1524 2134 γράμματα
1556 2065 1863 2136 παρακομί-

263 2150 468 2215 ζοντες
498 2150 577 2213 εἱς
602 2150 877 2215 ἀπόδειξιν
904 2154 1003 2223 τὴν
1033 2153 1119 2222 ἐφ’
1147 2155 1364 2225 ἑκάστῳ
1404 2156 1709 2227 πράγματι.
1733 2156 1859 2210 ’Ότι

266 2238 381 2309 μὲν
412 2235 527 2303 οὖν,
556 2240 632 2304 ὡς
653 2241 810 2313 ἔφην,
840 2243 949 2296 τῶν
981 2244 1141 2298 θείων
1173 2246 1487 2316 μυστηρίων
1504 2248 1552 2299 οί
1589 2250 1863 2319 ἱερουργοὶ

263 2329 339 2381 ἐκ
365 2326 540 2399 μόνης
558 2324 700 2399 ἦσαν
728 2330 828 2399 τῆς
851 2330 945 2383 τοῦ
977 2332 1104 2384 Λευῒ
1135 2333 1327 2402 φυλῆς,
1356 2333 1569 2399 οὐδενὸς
1596 2336 1661 2389 ἂν
1690 2336 1863 2390 δέοιτο

262 2421 424 2491 πρὸς
467 2420 740 2488 ἀπόδειξιν
772 2422 951 2491 λόγου.
982 2424 1101 2476 Ὅτι
1139 2423 1195 2477 δὲ
1221 2425 1284 2477 ἐκ
1312 2425 1494 2495 πάσης
1524 2426 1697 2497 φυλῆς
1726 2426 1860 2480 ἀπό,

263 2510 466 2565 λεκτοι
500 2513 549 2564 oi
593 2512 889 2583 κρίνοντες,
941 2515 1016 2578 ὡς
1068 2515 1420 2586 νομομαθεῖς,
1472 2516 1859 2587 ἐλαμϐάνοντο,

260 2603 689 2677 πληροφορήσει
761 2604 936 2675 λέγων
986 2609 1015 2659 ὁ
1072 2609 1344 2679 μακάριος
1404 2611 1609 2681 Μωσῆς
1675 2613 1731 2665 ἐν
1783 2612 1863 2683 τῷ

259 2697 683 2769 Δευτερονομίῳ
746 2703 861 2763 τοῖς
926 2702 1063 2763 υἱοῖς
1118 2702 1365 2774 Ἰσραήλο
1444 2720 1462 2753 ι
1496 2703 1706 2774 Κριτὰς
1768 2705 1865 2757 καὶ

259 2793 911 2862 γραμματοεισαγωγεῖς
960 2772 1331 2864 καταστήσέίς
1360 2772 1627 2865 ἐαυτῷτέν
1657 2796 1862 2859 πάσαις

257 2886 393 2947 ταῖς
431 2882 618 2937 πόλεσί
665 2901 782 2949 σου,
812 2880 901 2949 αἷς
947 2885 1151 2955 Κύριος
1194 2888 1223 2940 ὁ
1257 2886 1389 2952 Θεός
1431 2904 1526 2941 σου
1556 2888 1739 2942 δίδωσί
1776 2906 1860 2942 σοι

259 2975 418 3030 κατὰ
452 2974 644 3045 φυλάς,
680 2974 775 3029 καὶ
806 2976 1051 3045 κρινοῦσι
1084 2976 1175 3030 τὸν
1220 2977 1346 3030 λαὸν
1396 2979 1578 3049 κρίσιν
1618 2978 1856 3032 δικαίαν.

260 3068 383 3121 Οὐκ
412 3067 723 3122 ἐκκλινοῦτι
756 3068 956 3139 κρίσιν,
991 3070 1092 3122 οὐκ
1121 3068 1512 3139 ἐπιγνώσονται
1544 3072 1855 3142 πρόσωπον,

257 3161 390 3215 οὐδὲ
424 3162 710 3233 λήψονται·
740 3161 806 3214 τὰ
840 3161 947 3232 γάρ
980 3160 1128 3233 δῶρα
1160 3162 1518 3231 ἐκτυφλοῦσιν
1546 3164 1858 3237 ὀφθαλμοὺς

1965 2075 2241 2129 ιεηῐειιιοε
2277 2074 2443 2144 igitur
2475 2089 2664 2130 sacros
2695 2073 3005 2128 divinorum
3057 2069 3442 2142 mysteriorum
3482 2081 3547 2122 ex

1967 2168 2081 2224 sola
2109 2168 2249 2223 tribu
2278 2168 2403 2223 Levi
2436 2169 2723 2237 prodiisse,
2772 2166 3149 2220 demonstrare
3174 2160 3307 2217 nihil
3337 2160 3549 2214 attinet.

1965 2260 2043 2315 Ex
2074 2261 2322 2316 omnibus
2346 2269 2522 2315 autem
2555 2259 2799 2313 tribubus
2822 2258 3052 2313 selectos
3100 2256 3268 2310 fuisse
3320 2252 3547 2316 iudices,

1966 2360 2026 2405 ut
2057 2350 2219 2405 etiam
2250 2351 2383 2420 legis
2409 2364 2627 2419 gnaros,
2650 2348 2863 2403 docebit
2890 2348 3047 2417 plane
3071 2346 3247 2401 Moses
3276 2345 3329 2400 in
3357 2344 3551 2398 Dente-

1970 2442 2239 2507 ronomio,
2269 2443 2339 2496 ita
2368 2443 2550 2496 dicens
2591 2440 2713 2496 filiis
2745 2438 2911 2495 lsrael
2938 2457 2950 2492 :
2984 2458 3003 2489 ‹
3028 2437 3248 2493 Iudices
3275 2446 3326 2491 et
3381 2435 3552 2505 magi-

1964 2540 2107 2586 stros
2137 2533 2434 2588 constitues
2465 2530 2560 2584 tibi
2596 2530 2647 2583 in
2684 2528 2933 2595 omnibus
2969 2528 3199 2582 urbibus
3239 2525 3365 2591 tuis,
3414 2537 3551 2594 quas

1966 2624 2225 2680 Dominus
2259 2622 2399 2677 Deus
2430 2632 2551 2677 tuus
2584 2622 2675 2676 dat
2725 2621 2819 2675 tibi
2859 2636 2957 2690 per
3010 2619 3201 2683 tribus,
3237 2625 3291 2671 et
3340 2615 3551 2687 judica-

1968 2717 2103 2771 buut
2133 2716 2385 2786 populum
2409 2714 2671 2785 judicium
2694 2714 2918 2784 justum.
2952 2711 3064 2766 Non
3094 2708 3439 2764 declinabunt
3460 2706 3549 2779 ju—

1967 2805 2164 2860 dicium
2194 2803 2420 2872 justum,
2453 2818 2558 2857 non
2616 2808 2943 2871 cognoscent
2999 2812 3310 2870 personam,
3376 2809 3551 2861 neque

1966 2896 2231 2963 accipient
2255 2908 2523 2949 munera:
2566 2909 2689 2946 nam
2757 2906 2977 2946 munera
3048 2895 3320 2944 excaecant
3365 2884 3552 2940 oculos

1966 2988 2266 3056 sapientum
2300 3028 2315 3052 ,
2358 2994 2412 3039 et
2483 2985 2675 3039 tollunt
2737 2985 2902 3038 verba
2952 2986 3222 3049 just'orum
3242 2980 3311 3032 θοι
3358 2996 3375 3029 ι
3410 2975 3547 3030 Tres

1964 3079 2131 3148 igitur
2166 3088 2410 3149 pastores
2448 3086 2575 3133 sunt
2598 3077 2928 3139 sacerdoms,
2962 3084 3017 3130 et
3045 3071 3271 3142 iudices,
3304 3079 3356 3125 et
3376 3068 3549 3139 legum

1967 3172 2136 3225 decu.

262 3249 478 3318 σοφῶν,
514 3249 609 3303 καὶ
637 3249 839 3322 ἐξαίρει
867 3251 1061 3319 λόγους
1087 3251 1331 3305 δικαίων.
1372 3271 1394 3304 ›
1425 3254 1589 3324 Τρεῖς
1652 3252 1744 3308 οῦν
1810 3255 1918 3328 ἄρα
1983 3259 2261 3329 ποιμένες,
2308 3261 2472 3331 ἱερεῖς
2519 3277 2579 3313 τε
2620 3260 2713 3313 καὶ
2760 3259 2947 3329 κριταὶ
3019 3258 3113 3312 καὶ
3160 3256 3268 3310 τῶν
3308 3252 3550 3325 νομικῶν

259 3345 621 3418 γραμμάτων
648 3346 1031 3416 ἐπιστήμονες,
1067 3346 1346 3399 τουτέστιν
1373 3348 1419 3400 oi
1449 3350 1684 3419 νομικοί.

336 3440 667 3510 Εύρήσομεν
696 3439 753 3492 δὲ
781 3439 875 3491 καὶ
905 3437 1068 3490 αὑτὸν
1098 3438 1190 3491 τὸν
1221 3437 1425 3510 Κύριον
1453 3441 1614 3512 ἡμῶν
1651 3442 1859 3514 Ἰησοῦν

2033 3441 2216 3497 Palam
2279 3451 2542 3510 porroest
2605 3450 2659 3497 et
2718 3439 3006 3495 Dominum
3076 3451 3319 3493 nostrum
3362 3438 3547 3495 Jesum

260 3532 356 3584 τὸν
388 3531 631 3603 Χριστὸν
679 3530 1034 3596 ταλανίζοντα
1070 3532 1418 3603 διῃρημένους
1445 3533 1775 3604 Φαρισαίους
1805 3552 1867 3587 τε

235 3622 365 3694 ,καὶ
396 3623 760 3695 Γραμματεῖς
788 3623 882 3676 καὶ
914 3623 1449 3693 νομικούς.Ἔφασκε
1484 3625 1622 3697 γάρ’
1679 3644 1697 3676 ι
1731 3625 1870 3679 Οὐαὶ

261 3717 426 3785 ὑμῖν,
459 3715 815 3785 Γραμματεῖς
842 3715 934 3766 καὶ
966 3715 1269 3785 Φαρισαῖοι.
1304 3736 1320 3767 ›
1358 3716 1542 3769 Ταῦτα
1570 3717 1625 3769 δὲ
1650 3716 1868 3785 λέγοντι

261 3808 640 3877 προσηπηντα
671 3822 756 3868 τις
787 3804 932 3875 αὐτῷ
958 3804 1067 3857 τῶν
1111 3804 1371 3875 νομικῶν,
1400 3807 1573 3876 λέγων
1592 3824 1605 3839 ο
1659 3826 1676 3857 ‹
1710 3807 1867 3861 Διδά-

261 3896 467 3962 σκαλε,
501 3895 674 3950 ταῦτα
699 3896 873 3964 λέγων
907 3896 999 3949 καὶ
1026 3896 1172 3967 ἡμᾶς
1211 3896 1474 3967 ὑϐρίζεις.
1538 3898 1594 3950 '0
1634 3897 1691 3950 δὲ
1721 3891 1862 3962 εἷπε,

236 3988 441 4062 ,φησί’
494 3988 603 4041 Καὶ
660 3989 789 4058 ὑμῖν
844 3990 955 4053 τοῖς
1000 3990 1246 4058 νομικοῖς
1273 3988 1432 4053 Οὐαὶ,
1469 3990 1549 4042 ὅτι
1578 3988 1865 4060 φορτίζετε

257 4084 377 4147 τοῖς
428 4080 741 4152 ἀνθρώποις
794 4082 987 4152 φορτία
1031 4080 1434 4147 δυσϐάστακτα,
1469 4083 1561 4136 καὶ
1596 4084 1749 4137 αὐτοὶ
1783 4085 1865 4138 évl

257 4174 372 4233 τῶν
419 4173 704 4228 δακτύλων
756 4174 909 4244 ὑμῶν
955 4173 1016 4226 οὐ
1062 4173 1405 4245 προσψαύετε
1432 4175 1636 4241 αὐτοῖς.
1677 4196 1695 4228 ι
1732 4172 1862 4229 Οἶδα

264 4265 365 4336 μὲν
398 4260 495 4319 οῦν
523 4266 606 4319 ὅτι
636 4265 730 4318 καὶ
758 4264 806 4317 οἱ
839 4263 1219 4334 βασιλεύοντες
1245 4266 1387 4319 κατὰ
1413 4268 1638 4338 καιροὺς
1662 4271 1720 4321 ἐν
1748 4272 1862 4333 τοῖς

272 4357 676 4430 Ἱεροσολύμοις
707 4359 773 4411 ἐκ
797 4356 894 4427 τῆς
931 4356 1099 4410 Ἰούδα
1123 4358 1297 4428 φυλῆς
1323 4360 1475 4425 τάξιν
1505 4360 1720 4431 άπεπλή
1733 4378 1861 4432 ρουν

261 4451 549 4522 ποιμένων
578 4452 691 4512 τοῖς
731 4449 836 4503 ὑπὸ
868 4451 1026 4521 χεῖρα
1054 4449 1221 4514 λαοῖς.
1240 4452 1457 4524 Ἐπειδὴ
1483 4453 1538 4505 δὲ
1569 4454 1857 4525 γεννηθέν-

260 4560 353 4607 τος
391 4541 637 4615 Χριστοῦ
661 4543 722 4595 τὸ
743 4543 852 4595 τῶν
875 4542 1139 4613 βασιλέων
1161 4543 1464 4597 ἐκλελοίπει
1485 4546 1660 4613 γένος,
1691 4547 1859 4616 ῆγουν

264 4634 570 4706 ἔκϐέὸλητο
614 4635 710 4705 τῆς
757 4635 1051 4705 ἡγεμονίας
1100 4631 1298 4706 (ἦρχον
1330 4637 1440 4707 γὰρ
1466 4637 1564 4706 τῆς
1599 4638 1854 4703 Ἰουδαίας

238 4727 520 4799 ¹τηνικάδε.
565 4726 810 4797 Ἡρώδης
831 4743 891 4779 τε
907 4727 1267 4799 Ἀντιπάτρου
1292 4731 1421 4791 παῖς
1436 4729 1852 4802 Ἀσκαλωνίτης,

1974 3533 2246 3590 Christum
2279 3533 2587 3604 deplorasse
2630 3532 2884 3587 distincte
2913 3530 3218 3586 Pharisaaos
3240 3542 3292 3585 et
3329 3531 3550 3587 Scribas

1971 3634 2025 3679 et
2047 3623 2406 3692 legisperitos.
2441 3622 2531 3677 Sic
2562 3636 2790 3691 namque
2813 3623 2883 3675 ait
2916 3639 2927 3674 :
2971 3638 2989 3671 ι
3010 3621 3102 3676 ναι
3133 3620 3302 3687 vobis,
3345 3619 3550 3675 Scribat

1971 3726 2025 3771 et
2071 3716 2328 3771 f'barismi
2358 3716 2423 3768 ⁹¹.
2464 3734 2481 3767 ι
2527 3716 2650 3770 llaec
2681 3715 2944 3769 dicentem
2982 3714 3198 3784 quidam
3249 3713 3331 3768 his
3367 3713 3548 3769 verbis

1971 3808 2334 3878 interpellavit
2366 3827 2380 3865 :
2410 3827 2428 3859 ι
2469 3808 2749 3879 Magister,
2788 3808 2901 3860 haec
2935 3805 3124 3861 dicens
3177 3807 3339 3860 etiam
3393 3804 3549 3858 nobis

1971 3898 2219 3966 injuriam
2252 3898 2399 3953 facis.
2436 3899 2504 3951 At
2550 3897 2637 3951 ille
2682 3897 2793 3959 ait,
2820 3895 2997 3965 inquit
3038 3915 3051 3949 ε
3087 3892 3153 3949 Ει
3192 3895 3342 3951 vobis
3389 3893 3548 3963 legis-

1967 3990 2156 4058 peritis
2179 4005 2277 4055 vae,
2305 3990 2430 4060 quia
2457 3989 2696 4045 oneratis
2730 3988 2974 4042 homines
2993 3988 3250 4042 oneribus
3281 4003 3399 4057 qua:
3426 4001 3549 4056 por~

1969 4087 2085 4135 tare
2114 4094 2219 4135 non
2264 4088 2508 4149 possunt,
2535 4089 2589 4133 et
2617 4078 2716 4146 ipsi
2744 4093 2850 4132 uno
2874 4077 3041 4147 digito
3070 4089 3250 4130 vesuo
3283 4091 3387 4129 non
3424 4085 3545 4131 tau-

1965 4171 2092 4242 gitis
2119 4189 2182 4228 ea
2218 4174 2318 4228 θ’.»
2354 4171 2472 4228 Non
2527 4188 2614 4226 me
2663 4170 2802 4238 fugit
2837 4170 2994 4224 etiam
3056 4168 3346 4238 aliquando
3395 4182 3548 4238 reges

1964 4263 2358 4336 Hierosolymis
2382 4263 2447 4318 de
2477 4263 2617 4317 tribu
2659 4260 2795 4315 Juda
2822 4259 3064 4325 subjecto
3109 4257 3303 4329 populo
3358 4266 3546 4327 pasto-

1963 4372 2084 4412 rum
2113 4371 2307 4409 munus
2342 4354 2653 4425 praestitisse
2675 4352 2740 4405 ”.
2773 4352 2842 4405 At
2875 4360 3163 4420 postquam
3217 4349 3432 4405 Christo
3456 4364 3549 4405 na-

1963 4458 2216 4519 to,genus
2244 4461 2431 4516 regum
2464 4441 2683 4508 defecit,
2712 4458 2806 4499 seu
2831 4443 3139 4512 principatu
3195 4441 3426 4511 ejectum
3462 4451 3546 4497 est

1962 4542 2308 4613 (regnabant
2338 4539 2478 4594 enim
2504 4548 2631 4591 tunc
2666 4535 2921 4591 inJudaea
2981 4534 3219 4591 llerodes
3275 4536 3542 4605 Antipatri

1960 4636 2099 4690 filius
2124 4633 2453 4695 Ascalonita,
2476 4639 2528 4684 et
2553 4628 2778 4684 Pontius
2819 4628 3070 4699 Pilatus),
3101 4630 3165 4683 de
3219 4628 3358 4682 tribu
3406 4626 3544 4683 .Iuda

1959 4739 2115 4793 reges
2152 4723 2328 4777 nullos
2356 4722 2715 4776 nominamus.
2745 4719 3019 4775 Defecisse
3051 4720 3195 4773 enim
3221 4719 3341 4774 illos
3377 4719 3542 4774 Chri-

262 4794 358 4872 καὶ
385 4819 619 4882 Πόντιος
635 4794 878 4882 ’Πιλάτος
897 4819 937 4887 ),
971 4794 1344 4891 σεσιγήκαμεν
1397 4822 1709 4889 ἀναγκαίως
1734 4794 1859 4888 τοῦς

1966 4828 2049 4872 sto
2078 4817 2129 4870 in
2156 4818 2326 4869 lucem
2388 4814 2550 4878 edito,
2580 4822 2787 4867 certum
2849 4823 2934 4867 est
2965 4826 2995 4866 e
3036 4811 3337 4881 Scriptura.
3374 4828 3394 4862 ο
3424 4810 3540 4865 Νοιι

265 4911 327 4962 ἐκ
372 4909 474 4981 τῆς
515 4909 689 4963 Ἰούδα
720 4910 1043 4982 φυλῆς.”οτι
1079 4913 1186 4982 γὰρ
1226 4912 1633 4967 ἐκλελοίπεισαν
1669 4931 1859 4987 γεννη-

269 5000 449 5066 θέντος
465 5002 732 5073 Χριστοῦ,
758 5003 1242 5076 πληροφορήσειτὸ
1273 5008 1677 5077 γεγραμμένον·
1698 5027 1715 5058 ι
1744 5009 1857 5061 Ούκ

270 5090 511 5163 ἐκλείψει
546 5094 731 5166 ἄρχων
761 5094 818 5161 ἐξ
852 5094 1041 5159 Ἰούδα,
1074 5096 1169 5149 καὶ
1195 5098 1497 5169 ἡγούμενος
1528 5099 1592 5152 ἐκ
1618 5100 1725 5153 τῶν
1752 5118 1855 5172 μη-

273 5182 382 5256 ρῶν
418 5186 606 5248 αὐτοῦ,
637 5187 742 5244 ἕως
784 5186 849 5240 ἂν
897 5187 1025 5262 ἔλθῃ
1069 5189 1137 5242 τὰ
1183 5190 1518 5261 ἀποκείμενα
1547 5191 1716 5263 αὐτῷ,
1758 5192 1851 5245 καὶ

271 5272 430 5339 αὐτὸς
454 5275 753 5346 προσδοκία
784 5275 972 5331 ἐθνῶν.
1008 5295 1026 5327 ι
1061 5276 1269 5331 Οὐκοῦν
1296 5278 1593 5349 ἐπειδήπερ
1628 5280 1846 5347 ἀφ’ὸκτο,

214 5416 219 5421 .
274 5366 364 5419 καὶ
401 5368 699 5439 γεγέννητο
727 5368 915 5421 λοιπὸν
945 5369 978 5439 ή
1012 5368 1120 5421 τῶν
1150 5368 1317 5422 ἐθνῶν
1347 5370 1663 5441 προσδοκία,
1696 5388 1850 5424 τουτ-

275 5453 384 5511 έστι
433 5457 701 5528 Χριστὸς,
760 5475 777 5509 ι
807 5458 1115 5512 ἐκλέλοιπεν
1191 5460 1502 5528 ἀναγκαίως
1559 5460 1742 5532 ἄρχων
1792 5461 1850 5528 ἐξ

288 5546 474 5615 Ἰούδα,
509 5551 604 5605 καὶ
635 5549 938 5622 ἡγούμενος
968 5552 1031 5605 ἐκ
1064 5551 1171 5605 τῶν
1202 5553 1393 5623 μηρῶν
1422 5553 1604 5606 αὐτοῦ.
1638 5573 1655 5606 ι
1686 5555 1849 5625 Τρεῖς

276 5638 327 5691 δὲ
357 5636 468 5707 οὖν,
498 5642 572 5707 ὡς
606 5642 759 5715 ἔφην,
796 5641 1073 5712 ποιμένες,
1108 5644 1272 5715 ἱερεῖς
1309 5661 1367 5698 τε
1394 5645 1487 5698 καὶ
1520 5645 1721 5717 κριταὶ,
1752 5646 1847 5699 καὶ

1964 4908 2175 4963 deficiet
2209 4909 2457 4978 princeps
2478 4919 2541 4959 ex
2566 4904 2728 4971 Juda,
2758 4914 2813 4959 et
2844 4903 2951 4959 dux
2991 4904 3055 4959 de
3082 4903 3378 4958 femoribus
3402 4902 3539 4972 ejus,

1964 5002 2132 5056 donec
2167 5000 2383 5054 veniant
2417 4999 2652 5067 reposita
2679 4998 2753 5061 ei,
2781 5008 2835 5052 et
2868 4998 2984 5066 ipse
3016 4998 3353 5064 exspectatio
3410 5011 3542 5065 geu-

1965 5093 2095 5149 tium
2134 5091 2233 5144 ⁸⁵.»
2273 5091 2535 5158 Quocirca
2567 5100 2851 5161 postquam
2910 5091 3149 5152 advenit,
3183 5099 3234 5144 et
3267 5098 3390 5143 nata
3457 5098 3541 5142 est

1959 5185 2024 5241 de
2056 5192 2250 5239 caetero
2272 5184 2604 5252 exspectatio
2637 5181 2897 5252 gentium,
2935 5181 2985 5235 id
3017 5190 3099 5235 est
3128 5180 3398 5242 Christus,
3438 5192 3536 5233 ne-

1957 5274 2194 5329 cessario
2224 5292 2244 5326 (
2287 5275 2537 5343 princeps
2572 5287 2637 5327 ex
2671 5271 2830 5338 Juda,
2859 5282 2913 5327 et
2947 5272 3057 5325 dux
3117 5286 3180 5325 ex
3242 5269 3535 5324 femoribus

1960 5365 2075 5435 ejus
2114 5366 2330 5423 defecit.
2359 5386 2375 5417 ι
2412 5366 2546 5421 Tres
2577 5366 2758 5437 itaque
2787 5362 3269 5435 pastores,utdixi,
3295 5370 3420 5415 sunt
3446 5375 3535 5415 sa-

1959 5446 2468 5527 cerdotes,judices,
2498 5458 2629 5529 legis
2656 5459 2923 5522 doctores,
2950 5456 3038 5523 qui
3076 5464 3128 5508 et
3173 5453 3531 5522 principatum

1959 5565 2136 5613 suum,
2170 5550 2284 5604 sive
2330 5551 2572 5604 ordinem
2625 5558 2679 5605 et
2732 5550 2906 5603 locum
2942 5561 3114 5615 usque
3175 5544 3241 5600 ad
3285 5554 3524 5613 tempora

1958 5642 2215 5698 adventus
2246 5642 2444 5697 Christi
2477 5649 2786 5698 tenuerunt.
2829 5640 2889 5693 lli
2944 5652 3157 5693 summo
3196 5637 3317 5707 jure
3376 5638 3526 5692 aufe-

312 5811 355 5843 ⁸⁹
388 5806 611 5892 .‘llalartt.
657 5823 793 5891 ",7.
872 5827 918 5856 ”
957 5826 1109 5883 Deut.
1146 5841 1259 5889 xvi,
1298 5825 1381 5890 18,
1417 5824 1494 5881 ιι).
1574 5826 1613 5857 θ’
1645 5825 1775 5883 Luc.
1814 5841 1866 5881 χι

1966 5828 2005 5881 3.
2084 5828 2126 5857 πε
2157 5821 2286 5878 ibid.
2324 5821 2411 5888 ιδ,
2450 5821 2532 5875 ιδ.
2610 5818 3211 5890 εειιτιιρε.χκιξι,δδ.
3292 5821 3336 5853 υ

281 5896 421 5954 xm,
464 5890 543 5945 l0.
