4120 6550
190 382 293 439 195

1000 360 1553 426 COMMENTARIUS
1598 368 1659 423 IN
1702 348 2106 423 zscusntsn
2148 348 2601 425 recreauit.

3350 362 3452 421 ιθι

189 497 280 551 τὸν
306 493 437 566 περὶ
465 490 699 563 Χριστοῦ
729 488 910 556 λόγον,
936 487 1054 557 ἦτοι
1080 486 1141 539 τὸ
1172 488 1433 558 κήρυγμα
1458 486 1518 539 τὸ
1545 486 1772 554 εύαγγε-

1884 504 1901 537 ι
1941 485 2302 556 Dissipabitur
2326 486 2386 540 in
2419 488 2505 541 die
2540 486 2685 552 illa,»
2713 485 2813 540 hoc
2840 483 3048 548 cst,illo
3078 492 3318 551 tempore
3345 497 3452 552 quo

190 586 361 640 λικόν.
422 601 439 635 ι
467 577 897 649 Σκεδασθήσεται
945 577 1075 646 γὰρ,
1119 576 1316 646 φησὶν,
1365 577 1423 628 ἑν
1473 578 1537 646 τῇ
1588 575 1773 647 ἡμέρᾳ.

193 676 398 748 iusim,
432 692 450 724 ι
494 669 757 734 τουτέστι,
790 670 913 723 κατ’
945 669 1152 721 ἐκεῖνον
1185 669 1277 721 τὸν
1309 667 1520 739 καιρὸν,
1563 667 1682 720 καθ’
1714 667 1772 721 δν

193 768 261 822 ἂν
289 766 532 836 πατήσας
560 761 651 817 τοῦ
684 761 914 817 θανάτου
937 760 999 813 τὸ
1022 761 1222 831 κράτος
1246 758 1490 829 ἀναϐιῴη
1517 758 1767 831 Χριστὸς,

194 860 319 929 είπῃ
340 875 395 911 τε
416 858 529 919 τοῖς
556 854 910 918 ἀποστόλοις·
944 872 962 904 ι
994 852 1359 924 Πορευθέντες
1392 849 1771 922 μαθητεύσατε

191 950 365 1004 πάντα
395 947 462 1001 τὰ
491 946 642 1018 ἔθνη,
669 944 1021 1016 βαπτίζοντες
1048 945 1246 1007 αὐτοὺς
1271 945 1352 1007 είς
1387 943 1446 995 τὺ
1482 942 1651 1011 ὄνομα
1674 936 1770 994 τοῦ

188 1040 418 1107 Πατρὸς,
450 1038 547 1092 καὶ.
588 1037 681 1091 τοῦ
719 1036 871 1101 Υἱοῦ,
908 1037 1003 1089 καὶ
1048 1034 1143 1089 τοῦ
1192 1036 1347 1103 ἁγίου
1382 1034 1718 1104 Πνεύματος.
1747 1049 1764 1082 s

185 1130 317 1183 Τότε
346 1130 458 1200 γὰρ
484 1129 589 1183 ἀνὰ
615 1130 796 1182 πᾶσαν
828 1127 927 1195 τὴν
962 1127 1056 1181 ὑπ’
1082 1126 1312 1197 οὐρανὸν
1337 1128 1365 1179 ὁ
1391 1125 1486 1178 τοῦ
1520 1125 1772 1196 Σωτῆρος

182 1220 338 1291 ⁴ἡμῶν
369 1218 763 1289 διαπεφοίτηκε
806 1219 963 1288 λόγος
983 1233 997 1247 ⁸
1031 1217 1128 1272 καὶ
1174 1216 1409 1289 ἀτρεκὲς
1440 1218 1614 1269 είπείν
1643 1217 1771 1284 περὶ

178 1312 288 1365 τῶν
320 1312 498 1381 ἁγίων
530 1312 873 1367 ἀποστόλων·
923 1328 943 1362 t
971 1311 1067 1372 Είς
1091 1310 1271 1363 πᾶσαν
1290 1308 1388 1380 τῆν
1415 1308 1517 1379 γῆν
1546 1306 1770 1377 ἐξῆλθεν

178 1405 206 1457 ὸ
232 1402 472 1473 φθόγγος
509 1402 710 1467 αύτῶν,
746 1403 843 1456 καὶ
874 1404 954 1465 είς
980 1402 1049 1455 τὰ
1079 1402 1291 1472 πέρατα
1320 1400 1420 1471 τῆς
1447 1399 1770 1470 οίκουμένης

178 1494 247 1548 τὰ
279 1496 509 1568 ῥήματα
537 1493 739 1549 αὐτῶν.
773 1494 923 1547 »Ὅτι
948 1493 1005 1546 δὲ
1031 1491 1132 1546 ούκ
1161 1491 1420 1563 ἀνόνητον
1452 1492 1566 1551 τοῖς
1592 1489 1769 1541 ἔθνεσι

176 1587 239 1640 τὸ
266 1586 639 1659 ἀπορῤιφῆναί
676 1603 736 1639 τε
771 1586 868 1639 καὶ
896 1583 1352 1654 διασκεδασθῆναι
1382 1582 1487 1636 ἀνά
1513 1582 1612 1652 τὴν
1642 1581 1767 1650 γῆν,

177 1677 346 1747 ῆγουν
382 1677 779 1750 διανεμηθῆναι
835 1676 931 1731 καὶ
962 1678 1021 1731 ὲν
1051 1678 1171 1740 ταῖς
1215 1674 1396 1728 αὐτῶν
1427 1672 1634 1744 χώραις
1670 1674 1769 1742 τὴν

178 1769 376 1839 ῥάϐδον
402 1771 502 1842 τὴν
530 1769 721 1839 καλὴν,
746 1770 864 1841 ἦτοι
892 1769 992 1840 τὴν
1012 1767 1310 1838 Διαθήκην,
1332 1766 1400 1837 ῆν
1425 1764 1609 1817 οὐκέτι
1633 1764 1769 1835 πρὸς

1876 578 2187 634 conculcato
2208 578 2412 633 .mortis
2442 579 2669 645 imperio
2707 578 2756 630 in
2796 577 2961 629 vitam
2989 575 3239 629 Christus
3280 574 3452 629 redie—

1877 671 1967 733 rit,
1999 670 2443 739 mandaveritque
2470 668 2728 739 apostolis
2762 687 2775 722 :
2814 686 2832 719 ι
2877 668 3079 722 Euntes
3113 667 3299 720 docete
3328 680 3451 731 oms

1874 776 1974 815 nes
2006 769 2213 832 gentes,
2248 761 2590 830 baptizantes
2616 776 2709 816 eas
2750 761 2804 815 in
2870 759 3091 813 nomine
3153 756 3353 821 Patris,
3396 766 3453 811 et

1876 853 2019 917 Filii,
2048 861 2102 905 et
2140 852 2375 922 Spiritus
2408 853 2667 907 sancti".
2706 872 2724 906 ι
2765 841 2915 907 Tunc
2958 850 3105 905 ‘enim
3140 858 3307 902 totum
3354 848 3454 903 sub

1874 942 1987 997 sole
2022 945 2279 996 mundum
2320 954 2501 997 sermo
2532 943 2828 998 Salvatoris
2856 940 3024 995 nostri
3066 939 3303 1009 pervasit
3334 956 3350 1005 ;
3400 946 3455 991 et

1873 1044 1929 1089 ut
1965 1045 2151 1087 verum
2182 1034 2248 1088 de
2285 1035 2485 1090 sanctis
2516 1030 2772 1104 apostolis
2803 1034 3075 1089 dicamus:
3104 1050 3123 1084 ι
3160 1031 3215 1085 In
3238 1045 3451 1086 omnem

1876 1135 2074 1180 terram
2107 1125 2277 1179 exivit
2310 1141 2478 1180 sonus
2517 1142 2725 1193 eorum,
2756 1136 2810 1181 et
2839 1126 2889 1179 in
2928 1139 3117 1179 omnes
3147 1124 3280 1177 lines
3305 1122 3454 1178 orbis

1875 1224 2032 1269 terra:
2059 1214 2220 1268 verba
2258 1229 2445 1269 eorum
2480 1216 2552 1269 ⁸.»
2600 1215 2715 1270 Non
2749 1223 2926 1270 autem
2952 1216 3068 1269 sine
3088 1214 3325 1284 gentium
3346 1210 3453 1267 fru-

1868 1316 1985 1372 ctu,
2016 1304 2310 1376 projeclam
2344 1316 2397 1360 et
2442 1322 2539 1375 per
2574 1316 2772 1362 terram
2828 1307 3163 1375 dissipatam,
3212 1304 3327 1359 sive
3360 1318 3454 1372 per

1872 1411 2056 1451 earum
2086 1400 2335 1467 regiones
2370 1398 2713 1453 distributam
2743 1414 2863 1453 esse
2918 1398 3125 1467 virgam
3169 1395 3450 1465 pulchram

1872 1490 1988 1543 sive
2005 1486 2431 1554 Testamentum,
2450 1493 2591 1560 quod
2622 1507 2726 1545 non
2754 1491 2980 1561 amplius
2995 1492 3061 1544 ad
3074 1490 3243 1545 solum
3261 1487 3448 1555 Israel,

1871 1581 1967 1634 sed
1996 1580 2064 1634 ad
2100 1594 2290 1634 omnes
2323 1592 2510 1650 gentes
2556 1582 2732 1651 potius
2764 1583 3046 1651 disposuit,
3066 1582 3213 1637 nullo
3238 1580 3453 1651 negotio

1871 1685 1939 1723 cx
1979 1670 2338 1743 intelligentia
2384 1673 2668 1728 verborum
2732 1676 3008 1743 propheta:
3045 1674 3450 1745 perspiciemus.

1871 1762 1960 1815 Ait
1989 1761 2133 1815 enim
2162 1778 2179 1814 :
2215 1780 2235 1812 ι
2274 1760 2342 1814 Et
2371 1774 2698 1830 cognoscent
2720 1764 3010 1817 Cbananaei
3040 1779 3169 1818 oves
3196 1779 3314 1831 quae
3345 1764 3447 1818 ob-

180 1836 341 1931 μόνον
366 1836 471 1915 τὸν.
502 1836 735 1933 Ἰσραῆλ,
769 1836 974 1914 διέθετο
996 1860 1054 1913 δὲ
1091 1836 1292 1930 μᾶλλον
1330 1849 1468 1928 ’πρὸς
1494 1856 1671 1909 πάντα
1700 1855 1770 1909 τὰ

1872 1860 2089 1907 servant
2119 1868 2225 1918 me,
2254 1854 2379 1923 quia
2416 1854 2651 1924 ,verbum
2688 1855 2894 1909 Domini
2917 1865 3021 1909 est.
3054 1873 3075 1907 ι
3115 1854 3451 1910 Cliauameos

176 1950 328 2023 ἔθνη,
358 1952 815 2025 καταθρήσαιμεν
848 1951 940 2018 ἂν,
984 1951 1080 2005 καὶ
1113 1950 1235 2003 λίαν
1268 1950 1527 2020 ἀμογητὶ,
1554 1947 1646 2001 τὸν
1670 1949 1769 2019 τῆς

118 2018 125 2041 ’
172 2018 519 2115 προφητείας
540 2018 812 2107 συνιέντες
835 2042 994 2111 λόγον
1015 2056 1029 2069 '
1059 2061 1075 2092 ι
1100 2018 1405 2095 Γνώσονται
1426 2018 1555 2111 γὰρ,
1579 2018 1767 2110 φησὶν,

173 2134 226 2187 ol
268 2134 574 2190 Χαναναῖοι
617 2132 695 2187 τὰ
738 2132 1145 2203 φυλασσόμενα,
1175 2131 1311 2185 διότι
1353 2130 1513 2198 λόγος
1564 2128 1767 2200 Κυρίου

173 2226 315 2282 ἔστί.
348 2245 369 2281 ι
407 2227 753 2288 Χαναναίους
786 2224 884 2296 μὲν
925 2225 1034 2297 γὰρ
1065 2224 1136 2277 τὰ
1165 2224 1292 2295 ἔθνη
1320 2223 1475 2294 φησί.
1505 2221 1769 2291 Νοηθεῖεν

171 2318 216 2371 δ’
243 2318 314 2373 ἂν
346 2311 497 2373 οὗτοι
523 2316 771 2387 πρόϐατα
797 2318 866 2370 τὰ
898 2315 1281 2386 φυλασσόμενα
1303 2314 1380 2385 τῷ
1399 2313 1640 2385 Χριστῷ.
1666 2314 1770 2365 Τε-

170 2410 451 2481 τήρηνται
502 2410 609 2480 γάρ
655 2407 835 2478 αύτῷο
868 2408 964 2461 καὶ
1001 2408 1111 2476 γάρ
1154 2426 1172 2457 ι
1203 2408 1351 2459 ἐστιν
1396 2406 1558 2483 αύτὸς
1595 2407 1628 2475 ἠ
1663 2404 1771 2458 τῶν

172 2496 351 2553 ιθνῶν
379 2499 697 2570 προσδοκία.
736 2516 755 2549 ›
796 2497 1019 2568 Ἐπειδὴ
1054 2498 1112 2550 δὲ
1149 2488 1558 2566 κατεσκεδάσθη
1590 2496 1684 2549 καὶ
1713 2497 1770 2549 ὲν

171 2592 296 2655 ταῖς
343 2590 526 2644 αὐτῶν
558 2588 764 2661 χώραις
809 2590 843 2661 ἡ
883 2590 1022 2660 πρὸς
1068 2589 1278 2652 πάντας
1318 2589 1575 2660 διαθήκη,
1606 2603 1770 2640 πεπι⁴

174 2677 471 2733 στιύκασιν
500 2697 517 2731 t
544 2680 626 2732 ὅτι
646 2679 801 2747 λόγος
829 2681 1031 2750 Κυρίου
1060 2680 1198 2733 ὲστί.
1230 2698 1249 2731 s
1276 2679 1637 2749 Διατιθέμεθα
1660 2680 1770 2750 γὰρ

174 2774 223 2825 ei
255 2771 317 2838 ἐξ
347 2771 521 2825 ἐθνῶν
552 2771 879 2841 κεκλημένοι
911 2770 999 2824 διὰ
1032 2770 1134 2841 τῆς
1162 2770 1419 2833 πίστεως,
1450 2771 1532 2824 ὅτι
1566 2771 1770 2842 Κύριος

174 2862 268 2928 ὢν,
308 2866 403 2919 καὶ
448 2867 515 2918 ὲκ
565 2864 701 2918 Θεοῦ
752 2862 894 2918 κατὰ
939 2861 1102 2931 φύσιν
1137 2862 1535 2933 γεγεννημένος
1575 2878 1635 2914 τι
1675 2863 1770 2915 καὶ

174 2953 441 3025 ὑπάρχων
466 2956 496 3008 ό
518 2954 816 3026 μονογενὴς
842 2956 937 3007 τοῦ
963 2951 1100 3007 Θεοῦ
1125 2950 1321 3020 Λόγος,
1340 2947 1502 3015 αὐτὸς
1524 2952 1670 3021 ἡμᾶς
1690 2948 1771 3004 δι’

175 3040 371 3098 ἑαυτοῦ
396 3044 531 3108 τοὺς
570 3044 749 3107 θείους
781 3060 842 3096 τε
889 3043 984 3096 καὶ
1010 3042 1401 3111 εύαγγελικοὺς
1439 3039 1769 3109 προσπεφώ-

1869 1944 2013 1998 enim
2044 1956 2200 1999 vocat
2230 1954 2440 2013 gentes.
2473 1945 2651 2016 Atque
2688 1947 2740 2001 hi
2774 1956 3001 2017 possunt
3053 1947 3279 2014 intelligi
3319 1961 3450 2002 oves

1869 2035 2143 2090 Christum
2202 2038 2569 2092 observantes.
2632 2036 3003 2093 Observarunt
3055 2039 3197 2091 enim
3251 2039 3449 2102 illum;

1870 2129 2069 2183 etenim
2120 2147 2138 2180 ι
2170 2130 2282 2199 ipse
2316 2140 2401 2185 est
2433 2131 2769 2200 exspectatio
2798 2131 3123 2201 gentiumf.»
3160 2130 3449 2200 Postquam

1872 2231 2052 2275 autem
2078 2222 2400 2292 dissipatum
2437 2234 2521 2278 est
2545 2224 2712 2278 etiam
2771 2223 2828 2278 in
2879 2237 3070 2278 eorum
3142 2223 3451 2295 regionibus

1874 2321 2259 2368 testamentum
2293 2314 2359 2368 ad
2397 2330 2605 2379 omnes,
2629 2316 2974 2370 crediderunt
3003 2333 3022 2366 ι
3051 2316 3177 2385 quia
3226 2315 3448 2371 verbum

1873 2404 2084 2459 Domini
2124 2416 2261 2460 est.»
2304 2406 2585 2462 Sensimus
2612 2409 2757 2461 enim
2795 2408 2937 2475 apud
2965 2409 3176 2461 animos
3210 2423 3274 2461 ex
3320 2419 3450 2477 gem

1877 2498 2021 2553 tibus
2048 2500 2222 2554 vocati
2252 2514 2346 2568 per
2376 2499 2561 2564 tidem,
2602 2499 2887 2553 Dominum
2935 2514 3090 2564 esse,
3126 2509 3179 2553 et
3224 2514 3288 2553 ex
3341 2499 3452 2554 Deo

1874 2592 2167 2644 secundum
2199 2602 2448 2644 naturam
2482 2600 2689 2657 natum,
2734 2600 2789 2646 et
2825 2591 3156 2660 unigenitum
3189 2590 3282 2645 Dei
3311 2591 3450 2645 Ver-

1874 2678 1997 2733 bum
2025 2679 2202 2747 ipsum
2261 2695 2356 2748 per
2412 2680 2628 2735 divinos
2684 2691 2738 2735 et
2789 2682 3125 2751 evangelicos
3174 2696 3452 2738 sermones

1872 2783 1998 2823 suos
2024 2783 2122 2823 nos
2146 2769 2459 2824 allocutum.
2485 2770 2665 2836 Quare
2704 2771 2876 2840 ipsum
2909 2771 3271 2836 adoravimus,
3291 2773 3451 2841 eique

1870 2858 2159 2922 servimus,
2196 2858 2367 2913 veteri
2402 2859 2492 2912 illo
2527 2870 2581 2912 et
2618 2860 2847 2927 inglorio
2871 2876 3060 2916 errore
3091 2861 3371 2926 derelicto,
3397 2872 3454 2917 et

1872 2948 2121 3004 allectum
2166 2951 2233 3005 ad
2277 2950 2473 3006 multos
2532 2952 2664 3005 deos
2694 2951 2951 3007 colendos
2987 2952 3225 3010 dedocti.
3280 2953 3454 3023 Atque

1869 3039 1974 3094 hoc
2030 3052 2136 3105 εει,
2161 3042 2303 3109 quod
2352 3056 2447 3097 ore
2500 3038 2721 3097 Davidis
2780 3044 2855 3097 illi
2908 3044 3157 3100 canitur:
3194 3063 3212 3096 t
3253 3044 3454 3103 Omnes

175 3149 303 3205 νηκι
336 3133 556 3202 λόγους.
590 3133 862 3205 Ταύτῃτοι
902 3132 1431 3203 προσκεκυνήκαμεν
1473 3129 1642 3201 αύτῷ,
1672 3132 1768 3185 καὶ

1871 3139 2057 3201 gentes
2082 3147 2221 3202 quas
2250 3131 2430 3187 fecisti
2461 3134 2702 3199 venient,
2729 3144 2784 3189 et
2820 3134 3123 3190 adorabunt
3157 3151 3343 3189 coram
3376 3146 3452 3199 te.

175 3224 320 3294 αὐτῷ
367 3222 732 3295 λατρεύομεν,
762 3222 862 3294 τὴν
907 3222 1142 3292 ἀρχαίαν
1186 3221 1405 3293 ἐκείνην
1457 3222 1549 3275 καὶ
1594 3221 1767 3276 ἀκλεᾶ

1875 3223 2100 3279 Domine
2125 3223 2324 3279 '.—ln
2361 3224 2577 3279 nomine
2616 3222 2898 3279 enimlesu
2919 3224 3118 3280 Christi
3135 3241 3293 3281 omne
3314 3242 3456 3296 genu

179 3313 431 3383 μεθέντες
461 3313 699 3383 ἀπάτην,
718 3313 813 3366 καὶ
840 3312 936 3383 τὴν
967 3311 1228 3366 πολύθεον
1249 3310 1363 3378 ἕξιν
1389 3311 1769 3383 μοταδεδιδαγ-

178 3404 345 3475 μένοι.
385 3407 504 3461 Καὶ
548 3406 708 3459 τοῦτο
765 3400 836 3475 ἦν
877 3404 987 3475 ἄρα
1030 3404 1093 3457 τὸ
1140 3404 1229 3458 διὰ
1260 3406 1444 3476 φωνῆς
1476 3404 1572 3459 τοῦ
1604 3404 1773 3459 Δαδὶδ

178 3500 310 3571 πρὸς
330 3501 500 3554 αὐτὸν
520 3497 858 3572 ὑμνούμενον
881 3514 896 3528 ⁸
934 3516 953 3551 ι
980 3497 1166 3552 Πάντα
1200 3498 1269 3552 τὰ
1299 3497 1429 3568 ἔθνη
1458 3498 1557 3552 ὅσα
1582 3497 1771 3568 ἐποίη-

1872 3314 2140 3380 ﬂectetur,
2172 3315 2473 3371 cmlestium
2501 3355 2516 3379 ,
2546 3319 2887 3374 terrestrium
2917 3327 2973 3372 et
3007 3318 3340 3373 internorum
3359 3357 3375 3383 ,
3401 3328 3457 3374 et

1872 3410 2050 3465 omnis
2082 3408 2263 3478 lingua
2289 3407 2597 3474 conlltetur,
2619 3409 2745 3479 quia
2760 3408 3055 3465 DominusJ
3064 3424 3187 3466 esus
3206 3409 3457 3465 Christus

1875 3496 1926 3550 in
1965 3494 2133 3564 gloria
2163 3505 2245 3549 est
2277 3494 2369 3549 Dei
2403 3494 2579 3550 Patris
2604 3496 2647 3553 ⁸.
2686 3512 2705 3547 ι

180 3614 293 3663 σας,
329 3598 547 3671 ἥξουσι,
579 3599 674 3653 καὶ
716 3597 1188 3669 προσκυνήσουσιν
1254 3596 1487 3651 ἰνὼπιόν
1532 3613 1647 3662 σου,
1681 3592 1877 3668 Κύριε.
1910 3623 1981 3636 —
2033 3588 2122 3650 Ἐν
2151 3595 2260 3666 γὰρ
2283 3594 2361 3667 τῷ
2421 3595 2645 3665 ὀνόματι
2690 3596 2864 3668 Ἰησοῦ
2932 3595 3168 3667 Χριστοῦ
3198 3596 3306 3649 πᾶν
3322 3595 3454 3663 γόνυ

178 3691 402 3761 κάμψει,
428 3691 794 3761 ἐπουρανίων,
822 3691 916 3743 καὶ
942 3690 1222 3758 ἐπιγείων,
1246 3692 1342 3743 καὶ
1368 3687 1762 3759 καταχθονίων,
1802 3688 1897 3742 καὶ
1928 3690 2076 3741 πᾶσα
2140 3686 2362 3757 γλῶσσα
2394 3688 2865 3761 ἐξομολογήσεται,
2924 3690 3003 3741 ὃτι
3030 3674 3233 3759 Κῦριος
3249 3688 3456 3760 Ἰησοῦς

177 3781 425 3854 Χριστὸς,
457 3783 540 3846 είς
565 3780 721 3845 δόξαν
755 3780 890 3835 Θεοῦ
925 3782 1160 3852 Πατρός.
1194 3799 1214 3833 s

245 3876 354 3929 Kal
384 3875 501 3945 ἐρῶ
524 3876 675 3945 πρὸς
699 3876 923 3941 αὐτούς
941 3891 955 3905 ’
987 3876 1055 3929 ΕΙ
1084 3873 1275 3929 καλὸν
1302 3873 1561 3927 ἐνώπιον
1591 3873 1761 3943 ὑμῶν

177 3967 325 4031 ἐστι,
351 3966 493 4019 δότε
526 3967 870 4034 στήσαντες
900 3967 1006 4020 τὸν
1030 3967 1255 4035 μισθόν
1270 3982 1412 4033 μου,
1439 3965 1479 4033 ἢ
1502 3965 1759 4019 ἀπείπα-

175 4052 297 4108 σθε.
326 4050 442 4109 Kal
479 4055 754 4124 ἔστησαν
784 4057 893 4108 τὸν·
913 4058 1138 4124 μισθόν
1156 4069 1277 4122 μου
1318 4052 1634 4121 τριάκοντα
1658 4054 1763 4122 dp-

171 4146 404 4215 τυροῦς.
450 4148 559 4202 Kal
581 4148 712 4201 εἷπε
737 4148 953 4215 Κύριος
983 4145 1135 4213 πρός
1150 4158 1227 4213 με
1251 4159 1267 4175 ⁸
1308 4141 1498 4209 Κὰθες
1536 4142 1762 4209 αὐτοὺς

172 4241 256 4304 εἷς
277 4239 345 4293 τὸ
370 4238 808 4309 χωνευτήριογ,
827 4238 923 4292 καί
942 4237 1244 4306 σκέψομαι
1264 4237 1313 4288 ει
1335 4234 1583 4303 δόκιμόν
1605 4236 1761 4298 ἐστι,

1938 3871 2103 3941 766
2137 3868 2294 3924 Vens.
2338 3870 2425 3935 12,
2458 3870 2543 3924 15.
2569 3868 2636 3923 Et
2660 3871 2834 3924 dicant
2853 3872 2923 3923 ad
2948 3886 3033 3925 eos
3055 3886 3075 3925 .°
3102 3870 3165 3926 Si
3188 3872 3376 3927 bonum
3400 3876 3455 3930 in

1867 3969 2143 4029 conspectu
2219 3970 2386 4013 nstro
2459 3971 2573 4022 est,
2638 3961 2763 4015 dats
2821 3970 3108 4015 statuentes
3169 3966 3454 4019 mercedem

1868 4070 2057 4118 meam,
2105 4062 2200 4106 aut
2239 4053 2511 4123 quiescite.
2539 4051 2609 4106 Et
2655 4062 2952 4107 statuerunt
2976 4055 3259 4108 mercedem
3285 4072 3453 4119 meam

1869 4147 2087 4215 triginta
2173 4153 2469 4214 argenteos.
2562 4142 2633 4197 Et
2698 4144 2830 4197 dixit
2890 4143 3146 4198 Dominus
3205 4146 3275 4197 ad
3332 4163 3454 4203 me:

1870 4235 2078 4303 Depone
2117 4252 2205 4289 eos
2246 4237 2301 4289 iu
2348 4236 2742 4305 ronﬂatorium,
2783 4243 2833 4287 et
2866 4236 3071 4297 videbo,
3109 4237 3157 4289 si
3176 4236 3452 4302 probatum

174 4326 246 4381 ὃν
267 4330 501 4399 τρόπον
527 4329 939 4401 ἐδοκιμάσθην
964 4328 1118 4396 ὑπὲρ
1155 4326 1373 4380 αὐτῶν.
1404 4325 1512 4379 Kal
1545 4325 1765 4380 ἔλαϐον

1870 4336 1944 4381 est
1971 4368 1987 4393 ,
2039 4328 2176 4381 sicut
2234 4326 2487 4393 probatus
2528 4342 2646 4379 sum
2687 4341 2843 4394 super
2880 4327 2974 4380 eis.
3017 4325 3088 4379 Et
3136 4328 3310 4395 accepi
3352 4333 3454 4383 tri-

173 4421 308 4486 τοὺς
344 4422 675 4492 τριάκοντα
714 4419 1032 4492 ἀργυροῦς,
1064 4419 1163 4472 καί
1211 4418 1502 4472 ἐνέϐαλον
1540 4418 1764 4484 αὐτοὺς

174 4515 258 4579 εις
281 4514 386 4568 τὸν
414 4506 594 4568 οἷκον
625 4515 848 4582 Κυρίου
873 4512 961 4578 είς
994 4512 1061 4566 τὸ
1089 4510 1513 4581 χωνευτήρων.

241 4603 365 4661 llB'.
407 4603 514 4659 Διὰ
541 4603 652 4657 τῶν
677 4600 1052 4672 εύαγγελικῶν
1084 4598 1496 4667 θεσπισμάτων,
1525 4598 1642 4667 ῆτοι
1675 4596 1764 4650 διὰ

173 4699 267 4767 τῆς
294 4696 497 4768 ράὁδου
527 4696 627 4766 τῆς
680 4694 875 4765 καλῆς,
907 4692 1156 4747 τουτέστι
1183 4693 1281 4763 τῆς
1314 4689 1596 4760 ὲξαιρέτου
1635 4698 1763 4743 παι-

174 4786 333 4852 δείας,
359 4790 464 4860 τῆς
512 4788 649 4859 μετὰ
696 4785 898 4857 σαρκὸς
942 4783 1255 4855 οίκονομίας
1299 4781 1395 4835 τοῦ
1423 4780 1762 4848 Μονογενοῦς

175 4878 588 4949 πεπαιδεύμεθα
628 4877 691 4933 τὸ
744 4879 1062 4948 μυστήριον.
1126 4873 1467 4946 Ἀκηκόαμεν
1510 4871 1619 4943 γὰρ
1665 4871 1760 4924 καὶ

176 4968 641 5038 πεπιστεύκαμεν,
678 4968 762 5021 ὅτι
808 4966 940 5030 Θεὸς
986 4965 1084 5033 ὣν,
1122 4964 1195 5027 ὼς
1240 4964 1398 5034 ἔφην,
1429 4964 1460 5016 ό
1504 4965 1569 5016 ὲκ
1623 4962 1757 5016 Θεοῦ

176 5058 382 5130 Πατρθς
436 5060 629 5128 Λόγος,
673 5060 869 5128 γέγονε
921 5056 1102 5130 σὰρξ,
1153 5076 1172 5109 ι
1201 5056 1296 5112 καὶ
1347 5056 1654 5126 ἐσκήνωσεν
1701 5055 1758 5108 ὲν

178 5152 321 5219 ἡμῖν,
350 5168 369 5205 ι
409 5150 669 5207 καθίκετό
714 5167 776 5203 τε
819 5151 878 5203 ιν
910 5149 1098 5204 δούλου
1154 5151 1357 5222 μορφῇ,
1405 5149 1668 5220 ὑπάρχων
1701 5151 1759 5203 ὲν

180 5247 352 5316 μορφῇ
387 5243 486 5299 καὶ
518 5244 721 5315 ἰσότητι
752 5243 846 5298 τοῦ
900 5243 1309 5313 γεγεννηκότος,
1346 5261 1365 5293 ι
1400 5241 1625 5309 γέγονεν
1653 5242 1758 5294 ύπ-

178 5337 331 5404 ἠκοος
358 5337 521 5408 μέχρι
550 5336 804 5400 θανάτου,
835 5335 1068 5389 θανάτου
1097 5333 1156 5388 δὲ
1178 5331 1409 5404 σταυροῦ
1426 5348 1441 5365 ο
1478 5332 1571 5386 καὶ
1594 5331 1758 5386 πλού-

178 5440 286 5491 οιος
334 5426 430 5493 ὢν,
459 5426 771 5500 ιπτώχευσε
814 5428 882 5480 δι’
914 5428 1084 5498 ἡμᾶς,
1132 5425 1218 5479 ἵνα
1265 5426 1427 5494 ἡμεῖς
1480 5427 1546 5494 τῇ
1592 5424 1755 5478 αὑτοῦ

1868 4420 2015 4487 ginta
2055 4426 2424 4487 argenteos,et
2472 4418 2591 4471 misi
2647 4432 2733 4471 eos
2778 4417 2832 4470 in
2875 4418 3087 4470 domum
3136 4416 3451 4483 Domini,“

1868 4507 2259 4570 con/latorum.

1937 4594 2203 4651 LXXXII.
2230 4595 2334 4650 Per
2385 4595 2698 4665 evangelica
2732 4595 2974 4660 oracula,
3017 4596 3132 4651 sive
3187 4610 3283 4666 per
3344 4599 3454 4653 vir—

1866 4702 1989 4759 gam
2059 4689 2345 4751 decoram,
2412 4689 2515 4743 huc
2559 4696 2644 4742 est
2688 4702 2784 4757 per
2862 4688 3117 4741 eximiam
3163 4689 3454 4744 institutio-

1865 4794 2010 4843 nem,
2049 4780 2365 4835 mconomiae
2400 4793 2520 4833 cum
2567 4791 2736 4832 carne
2788 4776 3064 4848 Unigeniti
3126 4780 3445 4848 mysterium

1863 4872 2171 4928 didicimus.
2195 4872 2512 4927 Audivimus
2528 4872 2672 4926 enim
2703 4880 2757 4925 et
2779 4870 3133 4935 credidimus,
3163 4873 3304 4941 quod
3326 4886 3451 4927 cum

1865 4975 2011 5018 esset
2042 4964 2203 5029 Deus,
2232 4973 2291 5018 ut
2317 4964 2449 5029 dixi,
2480 4979 2546 5020 ex
2590 4963 2700 5019 Deo
2755 4964 2917 5018 Patre
2976 4962 3216 5018 Verbum
3273 4961 3450 5021 lactus

1865 5055 1936 5109 sit
1957 5070 2111 5120 caro,
2137 5072 2157 5107 ι
2178 5066 2232 5111 et
2265 5054 2588 5112 habitaverit
2626 5057 2680 5111 in
2719 5055 2875 5111 nobis
2901 5057 2945 5123 ',
2984 5075 3004 5108 ι
3034 5056 3351 5127 verteritque
3395 5062 3449 5112 in

1866 5147 2038 5202 forma
2064 5148 2228 5214 servi,
2246 5148 2339 5218 qui
2369 5159 2453 5204 est
2486 5149 2537 5203 in
2558 5148 2731 5204 forma
2753 5158 2810 5203 et
2828 5148 3139 5219 aequalitate
3155 5147 3445 5211 Genitoris,

1870 5258 1892 5292 ι
1929 5249 1985 5296 et
2022 5240 2203 5297 factus
2235 5241 2309 5297 sit
2341 5241 2603 5298 obediens
2646 5256 2819 5313 usque
2841 5243 2909 5296 ad
2938 5250 3188 5306 mortem,
3215 5247 3447 5293 mortem

1865 5346 2047 5390 autem
2086 5334 2268 5389 crucis
2289 5333 2311 5366 ⁸
2344 5351 2358 5399 ;
2387 5343 2441 5389 et
2468 5349 2590 5389 cum
2627 5332 2778 5388 dives
2804 5340 2971 5396 esset,
3003 5329 3181 5383 factus
3221 5327 3292 5382 sit
3321 5342 3447 5398 eger-

1864 5444 1986 5492 nus,
2013 5436 2073 5482 ut
2102 5443 2199 5482 nos
2263 5426 2380 5496 ejus
2406 5426 2584 5495 inopia
2606 5426 2906 5481 ditaremur
2937 5424 3012 5477 ⁷.›
3042 5420 3255 5478 Exemit
3298 5419 3443 5475 enim

178 5522 415 5594 πτωχείᾳ
442 5521 859 5593 πλουτήσωμεν.
895 5538 914 5573 ι
935 5518 1201 5584 Ἐξείλετο
1222 5518 1333 5589 γὰρ
1356 5520 1503 5589 ἡμᾶς
1525 5518 1635 5573 τῶν
1660 5517 1753 5573 τοῦ

1870 5535 1967 5576 nos
2010 5535 2041 5582 ε
2069 5518 2300 5575 vinculis
2329 5519 2542 5582 mortis,
2577 5516 2828 5573 liberavit
2851 5530 2882 5568 a
2917 5517 3161 5583 peccato,
3190 5510 3333 5568 ﬁlios
3350 5509 3443 5567 Del

244 5703 289 5737 θ’
318 5702 511 5759 Matth.
543 5710 737 5766 xxviii,
770 5703 859 5767 19,
884 5701 976 5756 9.0.
1062 5702 1100 5772 _’
1127 5698 1273 5772 Psal.
1297 5716 1474 5772 _xvttt,
1502 5701 1556 5755 5.
1658 5702 1784 5772 ’,ϐε

1876 5721 2023 5772 xux,
2058 5705 2145 5762 10.
2227 5704 2246 5736 ³
2277 5702 2419 5762 Psal.
2458 5716 2657 5765 Lxxxv,
2686 5698 2737 5755 l.
2814 5696 2833 5729 ⁸
2859 5694 3093 5765 Philipp.
3122 5708 3182 5763 ll,
3212 5692 3298 5763 l0,
3342 5691 3429 5750 11.

180 5772 199 5802 ⁸
224 5771 375 5829 Joan.
412 5790 447 5838 ι,
477 5776 563 5831 ll.
633 5776 663 5861 ὀ
694 5773 928 5843 Philipp.
960 5787 1021 5837 tt,
1052 5770 1167 5828 6-8.
1206 5772 1263 5864 τί
1296 5768 1338 5827 ll
1374 5770 1506 5862 μοι’.
1534 5786 1654 5836 vm,
1682 5770 1736 5831 9.
