4070 6552
640 355 747 413 195

1668 353 1731 410 S.
1772 353 2046 410 CYRILLI
2084 350 2552 409 ALEXANDRINI
2594 350 2913 411 ARCHIEP.

3806 356 3916 413 196

634 474 891 540 reddidit,
917 482 970 529 et
995 474 1123 544 quid
1157 489 1260 529 non
1290 475 1551 529 bonorum
1586 476 1799 530 tandem
1838 476 1990 530 nobis
2046 479 2198 531 donat

2320 476 2547 529 θανάτου
2571 476 2807 546 δεσμῶν,
2829 476 3134 547 ἀπήλλαξεν
3156 478 3451 547 ἁμαρτίας,
3481 478 3629 541 υἰοὺς
3651 476 3913 548 ἀπέφηνε

636 565 752 619 vit?
779 565 1137 635 Cognovimus
1177 576 1433 637 praeterea
1466 582 1562 622 nos
1617 579 1823 635 emptos
1876 584 2013 633 esse,
2052 586 2070 619 ι
2109 583 2215 621 non

639 658 1085 727 corruptibilibus
1169 673 1303 711 auro
1347 659 1427 711 vel
1480 668 1749 727 argento,
1832 665 1926 713 sed
1979 660 2216 726 pretioso

636 749 901 817 sanguine
940 749 1096 817 quasi
1158 748 1279 818 agni
1330 749 1737 804 incontaminati
1788 760 1839 805 et
1883 751 2213 805 immaculati

631 841 904 907 Christi",
930 860 949 893 ι
977 851 1137 911 atque
1174 843 1244 896 ita
1280 841 1469 896 deinde
1498 844 1656 896 vitam
1688 853 1921 897 nostram
1943 844 1991 898 ei
2019 844 2215 900 debere

638 934 925 999 coepimus.
962 950 979 983 ι
1025 933 1080 985 Si
1139 933 1278 987 enim
1329 949 1465 988 unus
1506 950 1607 1004 pro
1664 936 1913 990 omnibus
1972 947 2213 992 mortuus

636 1025 900 1093 est,fergo
928 1038 1117 1079 omnes
1140 1024 1218 1077 illi
1252 1027 1446 1079 mortui
1484 1036 1627 1091 sunt,
1651 1046 1667 1077 ι
1703 1036 1757 1081 et
1782 1028 1891 1089 jam
1930 1044 2035 1081 non
2059 1029 2212 1082 nobis

632 1116 769 1185 ipsis
803 1118 987 1170 vivere
1029 1117 1305 1182 debemus,
1332 1117 1376 1172 si
1400 1130 1541 1174 recte
1590 1120 1977 1174 ratiocinamur
2005 1162 2019 1184 ,
2063 1140 2081 1174 ι
2116 1122 2211 1176 sed

633 1208 680 1263 ei
712 1208 805 1278 qui
842 1225 939 1279 pro
978 1210 1134 1264 nobis
1184 1222 1429 1265 mortuus
1491 1222 1590 1276 est,
1651 1221 1706 1266 et
1758 1213 2133 1266 resurrexit’.
2187 1231 2205 1264 ι

634 1299 814 1367 Quare
838 1301 1049 1370 inquit:
1086 1320 1104 1352 ι
1134 1300 1191 1356 Si
1228 1304 1425 1356 bonum
1458 1304 1613 1357 estin
1646 1312 1938 1373 conspectu
1973 1314 2203 1367 vestro”

635 1392 821 1461 utique
858 1392 1173 1446 mcoaomize
1206 1395 1386 1446 carnis
1441 1395 1779 1463 mysterium,
1808 1396 1851 1447 si
1892 1411 1987 1464 per
2035 1396 2206 1465 ipsum

628 1484 816 1539 salvati
868 1484 1018 1548 estis,
1065 1491 1119 1536 et
1158 1484 1293 1536 bene
1342 1484 1496 1537 vobis
1520 1494 1622 1547 est,
1673 1495 1727 1538 et
1757 1485 2087 1553 cognmistis
2124 1501 2209 1539 me

626 1572 966 1629 Salvatorcm
993 1588 1055 1627 ac
1083 1572 1518 1643 Redemptorem,
1553 1584 1602 1629 et
1637 1590 1732 1643 pro
1803 1577 2041 1629 omnium
2098 1577 2205 1630 vita

624 1673 921 1729 mortuum,
969 1681 987 1714 ι
1024 1662 1157 1716 Date
1191 1672 1548 1728 statuentes,»
1585 1665 1687 1719 hoc
1742 1674 1846 1733 est,
1889 1666 2206 1720 delinientcs

630 1753 975 1807 cmercedem
1029 1766 1225 1818 meam,
1283 1761 1374 1805 aut
1436 1754 1718 1821 quiescite.
1754 1774 1772 1805 ι
1823 1754 2202 1809 Verumtamen

2320 566 2486 621 Θεοῦ·
2548 567 2641 620 καὶ
2694 568 2746 619 τί
2797 566 2905 637 γὰρ
2948 568 3068 637 οὐχὶ
3117 567 3415 638 δεδώρηται
3474 568 3581 622 τῶν
3632 569 3911 636 ἀγαθῶν;

2328 657 2681 728 Ἐγνώκαμεν
2703 658 2760 710 δὲ
2789 659 2925 727 πρὸς
2953 657 3183 721 τούτοις,
3217 660 3299 712 ὅτι
3348 660 3442 711 καὶ
3481 660 3651 728 τιμῆς
3692 660 3915 729 ἡγορά-

2317 750 2514 821 σμεθα,
2550 770 2567 800 ι
2598 751 2658 802 οὐ
2691 750 2970 820 φθαρτοῖς,
3002 750 3272 820 ἀργυρίῳ,
3318 751 3351 821 ἦ
3390 750 3595 820 χρυσίῳ
3616 767 3629 781 ο
3653 751 3800 803 ἀλλά
3823 767 3912 803 τι-

2316 846 2427 916 μίῳ
2462 846 2653 914 αἵματι
2685 846 2760 908 ὡς
2789 846 2985 915 ἀμνοῦ,
3022 844 3114 898 καὶ
3147 844 3375 897 ἀσπίλου
3402 843 3663 915 Χριστοῦ·
3694 864 3715 895 ι
3761 844 3911 897 οὕτω

2312 954 2372 990 τε
2403 936 2586 989 λοιπὸν
2613 938 2760 1005 αὐτῷ
2789 937 2887 1007 τὴν
2915 937 3120 989 οἰκείαν
3153 936 3556 1005 ὲπωφλήσαμεν
3582 935 3759 1005 ζωήν.
3792 954 3811 987 ι
3846 933 3910 987 Εἰ

2313 1030 2422 1100 γὰρ
2465 1025 2545 1092 εἰς
2578 1030 2715 1099 ὑπὲρ
2750 1030 2965 1082 πάντων
2999 1028 3288 1091 ἀπέθανεν,
3322 1029 3429 1099 ἀρα
3471 1030 3519 1081 οἰ
3568 1028 3782 1091 πάντες
3809 1029 3913 1080 ἀπ-

2314 1120 2500 1173 έθανον
2534 1119 2702 1189 αὐτῷ,
2736 1138 2754 1171 ι
2788 1120 2884 1172 καὶ
2919 1120 3016 1189 ζῇν
3045 1119 3331 1190 ὀφείλομεν
3374 1120 3585 1182 ἑαυτοῖς
3614 1120 3717 1189 μὲν
3778 1121 3912 1171 οὐκ·

2312 1211 2414 1275 ἐτι,
2446 1212 2587 1263 κατά
2634 1228 2698 1278 γε
2741 1211 2832 1264 τὸν
2878 1211 3061 1263 εἰκότα
3113 1210 3208 1263 καὶ
3254 1209 3430 1281 ὀρθῶς
3474 1210 3666 1279 ἔχοντα
3720 1209 3908 1276 λόγον,

2317 1320 2334 1353 ι
2369 1301 2566 1370 μᾶλλον
2619 1302 2674 1354 δὲ
2716 1302 2792 1373 τῷ
2840 1303 2979 1373 ὐπὲρ
3029 1302 3187 1373 ἡμῶν
3217 1303 3563 1362 ἀποθανόντι.
3596 1303 3697 1355 καὶ
3751 1305 3912 1370 ἐγερ-

2311 1388 2473 1446 θέντι.
2511 1394 2816 1466 »Ταύτῃτοί
2846 1412 3013 1465 φησιν
3034 1411 3046 1423 ⁸
3068 1414 3086 1445 ‹
3121 1396 3181 1447 Εἰ
3212 1394 3374 1448 καλὸν
3404 1394 3638 1446 ἐνώπιον
3676 1394 3903 1465 ὐμῶν,»

2309 1483 2467 1552 δῆλον
2497 1485 2551 1537 δὲ
2580 1484 2641 1537 τὸ
2672 1485 2773 1554 τῆς
2811 1487 2945 1556 μετὰ
2992 1487 3193 1557 σαρκὸς
3218 1487 3529 1556 οἰκονομίας
3568 1489 3905 1557 μυστήριον,

2308 1576 2356 1627 εἰ
2389 1575 2628 1628 σὲσωσθε
2674 1576 2741 1630 δι’
2774 1577 2961 1644 αὐτοῦ,
2989 1578 3082 1630 καὶ
3120 1580 3439 1648 πεπράχατε
3476 1577 3691 1643 δεξιῶς,
3728 1577 3906 1644 ἐγνώ-

2308 1683 2440 1719 κατε
2470 1667 2526 1719 δέ
2557 1684 2623 1736 με
2656 1668 2882 1738 Σωτῆρα
2908 1669 3001 1720 καὶ
3030 1668 3344 1739 Λυτρωτὴν,
3378 1669 3471 1722 καὶ
3502 1668 3593 1721 τὸν
3624 1666 3776 1739 ὑπὲρ
3806 1667 3905 1738 τῆς

2308 1759 2526 1812 πάντων
2550 1759 2695 1831 ζωῆς
2726 1760 3030 1813 ἀνατλάντα
3054 1761 3301 1823 θάνατον,
3336 1780 3353 1811 ι
3378 1762 3504 1814 Δότε
3531 1762 3897 1830 στήσαντες,ι

628 1843 765 1915 grati
796 1843 1014 1898 luerunt
1043 1843 1133 1912 qui
1162 1859 1226 1898 ex
1251 1842 1501 1914 gentibus
1530 1845 1773 1899 conversi
1809 1852 1951 1898 sunt.
1987 1844 2198 1898 Statue-

2305 1848 2601 1917 τουτέστιν,
2620 1851 2922 1920 ὁρίσαντες,
2954 1869 2971 1902 ι
2994 1851 3082 1903 τὸν
3110 1850 3299 1921 μισθόν
3323 1868 3444 1920 μου,
3465 1852 3497 1922 ἢ
3520 1849 3862 1903 ἀπείπασθε.
3878 1868 3897 1899 ι

623 1944 749 1991 runt
778 1935 919 1991 enim
954 1936 1276 2000 mercedem,
1321 1936 1466 1989 nullo
1497 1936 1710 2004 quidem
1734 1937 1889 1990 modo
1917 1936 2200 2004 aequalem,

624 2028 718 2083 sed
750 2028 1145 2098 quadamtenus
1174 2042 1382 2096 aequam
1414 2027 1691 2083 beneﬁciis
1745 2028 1811 2081 ab
1850 2042 1914 2081 eo
1946 2027 2198 2097 acceptis.

624 2119 1087 2186 Quemadmodum
1131 2121 1275 2174 enim
1303 2120 1415 2188 ipse
1436 2136 1533 2188 pro
1580 2122 1734 2175 nobis
1776 2130 2023 2177 mortuus
2071 2132 2199 2186 est,

620 2211 697 2265 ita
720 2221 773 2265 et
804 2227 901 2265 nos
932 2212 1142 2265 animas
1175 2212 1453 2282 posuimus
1495 2227 1593 2282 pro
1617 2213 1931 2268 sinceritate
1987 2222 2044 2269 et
2073 2214 2200 2268 cha-

622 2305 784 2358 ritate
837 2318 961 2374 erga
995 2304 1206 2373 ipsum;
1237 2313 1571 2375 possuntque
1608 2306 1791 2362 dicere
1820 2308 1990 2362 sancti
2052 2323 2199 2363 mar-

625 2386 773 2465 i’yres
814 2410 831 2447 :
872 2412 890 2447 ι
931 2396 1061 2463 Quis
1110 2411 1208 2451 nos
1255 2397 1528 2467 separabit
1576 2414 1604 2452 a
1640 2398 1906 2453 cbaritate
1947 2398 2200 2454 Christi?

620 2485 921 2541 Tribulatio
947 2527 963 2555 ,
998 2502 1063 2541 an
1084 2489 1331 2557 angustia
1358 2527 1373 2553 ,
1409 2503 1475 2543 an
1502 2487 1692 2557 fames,
1731 2504 1798 2544 an
1849 2492 2154 2558 persecutio
2181 2532 2194 2555 ,

619 2594 688 2631 an
722 2578 932 2633 nuditas
963 2618 978 2644 ,
1013 2592 1079 2632 an
1112 2579 1408 2648 periculum
1436 2621 1450 2645 ,
1487 2597 1552 2635 an
1600 2581 1809 2651 gladius
1842 2582 1884 2612 ¹⁰
1917 2582 1939 2634 ?
1975 2601 1993 2632 ι
2057 2583 2197 2636 Nihil

618 2671 763 2725 cnim
798 2670 850 2724 in
922 2673 1123 2725 sanctis
1168 2671 1334 2725 animi
1402 2671 1769 2727 fortitudinem
1819 2672 1967 2725 vicit.
2014 2672 2197 2741 itaque

618 2762 821 2818 Christi
859 2764 1133 2817 nobiscum
1160 2763 1455 2819 similitudo
1488 2764 1891 2834 quodammodo
1948 2764 2196 2818 subindi-

618 2865 795 2919 catur,
827 2855 954 2909 dum
988 2855 1205 2920 dicitur,
1234 2856 1391 2910 datos
1449 2870 1569 2909 esse
1621 2857 1671 2910 in
1728 2856 2031 2910 mercedem
2081 2856 2197 2924 ejus

619 2948 839 3018 triginta
880 2957 1183 3016 argenteos.
1221 2946 1474 3001 Proditor
1499 2947 1666 3012 enim,
1690 2955 1744 3000 et
1776 2962 1899 3001 vere
1954 2947 2194 2999 omnium

617 3042 852 3096 maxime
876 3042 1242 3096 exsecrandus
1291 3056 1354 3095 ac
1390 3041 1500 3095 Deo
1534 3055 1730 3095 exosus
1771 3038 1935 3093 Judas
1963 3078 1978 3103 ,
2032 3040 2193 3111 767

615 3133 838 3204 triginta
874 3132 1110 3188 denariis
1141 3134 1400 3203 acceptis,
1452 3132 1727 3187 Christum
1755 3130 2042 3186 homicidis
2084 3142 2197 3185 tra-

2306 1940 2453 2011 Πλὴν
2487 1940 2829 2011 εὐγνώμονες
2861 1944 2910 1994 οἰ
2941 1943 3001 2006 ἐξ
3032 1942 3508 2014 ὲθνῶν.”Εστησαν
3532 1942 3643 2013 γὰρ
3672 1942 3772 1995 τὸν
3811 1959 3903 2012 μι-

2306 2028 2431 2082 σθὸν
2462 2030 2861 2101 παρισούμενον
2892 2030 2989 2099 μὲν
3021 2031 3304 2102 οὐδαμῶς·
3335 2032 3550 2085 ἐοικότα
3575 2032 3633 2085 δέ
3658 2049 3787 2093 πως
3819 2026 3900 2095 οἷς

2305 2121 2618 2190 ἐσχήκαμεν
2657 2121 2787 2192 παρ’
2818 2120 3219 2191 αὐτοῦ.Ὢσπερ
3270 2120 3377 2194 γὰρ
3426 2120 3705 2175 ἀπέθανεν
3750 2123 3898 2192 ὑπὲρ

2303 2210 2480 2281 ήμῶν,
2499 2208 2640 2263 οῦτω
2663 2212 2756 2263 καὶ
2781 2212 2945 2281 ἡμεῖς
2968 2210 3291 2281 τεθείκαμεν
3311 2212 3410 2275 τὰς
3426 2211 3605 2281 ψυχὰς
3625 2212 3771 2282 ὑπὲρ
3797 2212 3899 2280 τῆς

2303 2304 2383 2364 εἰς
2427 2302 2590 2355 αὐτὸν
2641 2302 2993 2371 γνησιότητος
3037 2302 3129 2354 καὶ
3182 2302 3441 2373 ἀγάπης*
3484 2303 3689 2371 πρέποι
3740 2302 3791 2355 δ’
3832 2303 3898 2356 ἄν

2301 2393 2480 2461 λέγειν
2511 2396 2624 2457 τοῖς
2656 2393 2830 2460 ἁγίοις
2861 2393 3093 2461 μάρτυσι
3119 2410 3132 2423 ο
3172 2411 3190 2444 ι
3224 2393 3321 2457 Τίς
3349 2394 3497 2464 ἡμᾶς
3526 2393 3754 2463 χωρίσει
3784 2393 3894 2447 ἀπὸ

2300 2484 2397 2553 τῆς
2432 2482 2653 2553 ἀγάπης
2690 2481 2782 2534 τοῦ
2823 2481 3099 2552 Χριστοῦ;
3147 2464 3356 2551 eum;
3388 2483 3419 2552 ἦ
3459 2484 3821 2553 στενοχωρία,
3859 2484 3890 2551 ἢ

2300 2573 2475 2644 λιμὸς,
2511 2574 2544 2644 ἢ
2579 2572 2837 2643 διωγμὸς,
2864 2574 2896 2643 ἢ
2929 2573 3227 2642 γυμνότης,
3249 2573 3284 2642 ἢ
3321 2573 3585 2637 κίνδυνος,
3617 2573 3649 2642 ἢ
3686 2575 3893 2643 μάχαιο

2303 2681 2402 2736 ρα;
2434 2684 2452 2718 ι
2504 2663 2771 2734 Νενίκηκε
2800 2664 2907 2735 γὰρ
2942 2665 3095 2718 οὐδὲν
3122 2665 3229 2716 τῶν
3269 2666 3439 2733 ἁγίων
3470 2664 3569 2735 τὴν
3596 2664 3889 2733 εὐψυχίαν.

2300 2754 2510 2809 Οὐκοῦν
2536 2757 2568 2825 ἡ
2594 2754 2701 2807 τῶν
2732 2756 2883 2825 παρὰ
2915 2756 3152 2825 Χριστοῦ
3188 2757 3267 2819 εἰς
3291 2758 3437 2826 ἡμᾶς
3465 2757 3726 2827 ὁμοιότης
3754 2758 3893 2809 ὐπο-

2299 2847 2548 2915 φαίνεταί
2589 2864 2708 2910 πως
2764 2847 2852 2900 διὰ
2890 2846 2987 2901 τοῦ
3035 2847 3280 2900 δεδόσθαι
3331 2847 3511 2915 λέγειν
3563 2850 3643 2911 εἰς
3698 2846 3892 2917 μισθὸν

2299 2937 2465 2991 αὐτοῦ
2515 2938 2811 3009 τριάκοντα
2860 2938 3258 3009 ἀργυρίους.¹0
3298 2939 3395 3009 μὲν
3440 2938 3546 3011 γὰρ
3592 2938 3888 3009 προδότης,

2299 3028 2391 3081 καὶ
2438 3028 2841 3099 βδελυρώτατος
2888 3028 3146 3099 ἀληθῶς,
3200 3030 3293 3082 καὶ
3337 3030 3595 3100 θεομισὴς
3638 3030 3847 3093 Ἰούδας
3874 3073 3889 3096 ,

2296 3116 2588 3187 τριάκοντα
2640 3116 2872 3187 δηνάρια
2917 3116 3135 3181 λαϐὼν,
3194 3118 3474 3188 προύδωκε
3516 3122 3631 3181 τοῖς
3683 3121 3891 3189 φονῶσι

616 3224 773 3288 didit,
816 3233 870 3279 et
903 3234 1178 3278 auctorem
1220 3223 1412 3277 salutis
1457 3230 1655 3276 nostra:
1683 3221 1926 3276 scelestis
1965 3222 2198 3275 homini-

2303 3208 2557 3278 Χριστὸν,
2595 3208 2691 3262 καὶ
2718 3208 2810 3261 τὸν
2840 3209 2937 3278 τῆς
2968 3210 3243 3280 σωτηρίας
3266 3210 3428 3280 ἡμῶν
3456 3210 3895 3282 καταπέπρακεν

616 3316 718 3369 bus
749 3316 1098 3369 venumdedit
1128 3316 1191 3367 “.
1215 3314 1376 3368 Allati
1404 3322 1530 3368 sunt
1571 3323 1750 3367 autem
1775 3328 1803 3366 a
1836 3313 2086 3384 gentibus
2141 3314 2195 3369 in

616 3407 915 3462 mercedem
937 3404 1053 3474 ejus
1069 3407 1287 3477 triginta
1310 3406 1665 3475 argentei.qui
1689 3405 1984 3471 etiam,Deo
1996 3404 2193 3475 juben-

628 3509 703 3563 te,
737 3500 788 3553 in
825 3496 1197 3554 conﬂatorium
1229 3496 1591 3565 deponuntur,
1625 3497 1786 3552 etiam
1843 3506 2003 3565 atque
2033 3498 2195 3551 etiam

614 3592 902 3663 probandi,
938 3592 1082 3645 sicut
1120 3599 1173 3643 et
1200 3590 1315 3658 ipse
1349 3588 1602 3642 Christus
1632 3603 1730 3658 pro
1764 3588 1917 3642 nobis
1941 3588 2198 3657 probatus

614 3691 716 3739 est.
740 3681 854 3737 Non
878 3682 1020 3738 enim
1049 3683 1165 3737 sine
1192 3680 1542 3749 inquisitione
1572 3679 1712 3747 apud
1760 3680 1925 3733 Deum
1954 3679 2195 3733 omnium

613 3775 875 3832 scientem
907 3774 1076 3828 abibit
1107 3771 1240 3827 fides
1288 3780 1512 3826 nostra:
1547 3783 1725 3838 neque
1773 3770 1909 3823 citra
1970 3784 2195 3824 examen

614 3867 761 3933 vitae,
781 3867 873 3920 sed
908 3866 1048 3919 sicut
1073 3871 1159 3917 est
1189 3864 1329 3932 apud
1376 3864 1589 3916 beatum
1622 3861 1844 3915 Paulum
1881 3879 1894 3914 :
1948 3880 1965 3913 ι
1995 3861 2196 3916 Unius-

621 3958 885 4028 cnjusqne
913 3970 1048 4023 opus
1072 3953 1230 4023 quale
1249 3955 1339 4021 sit,
1361 3953 1501 4023 ignis
1516 3953 1764 4021 probabit
1792 3953 1854 4006 ¹².
1877 3971 1896 4005 ι
1925 3950 2193 4022 Scriptum

615 4058 697 4105 est
729 4059 906 4104 autem
945 4047 1009 4101 de
1042 4046 1296 4101 Christo:
1335 4065 1352 4097 ‹
1382 4046 1649 4111 Quoniam
1692 4047 1872 4099 statim
1916 4046 2098 4099 veniet
2141 4050 2192 4099 in

617 4140 873 4209 templum
914 4151 1070 4191 suum
1108 4151 1264 4206 quem
1295 4151 1393 4190 vos
1426 4135 1691 4205 quaeritis,
1728 4145 1778 4188 et
1809 4135 2043 4203 Angelus
2102 4147 2195 4189 te-

614 4228 866 4286 5tamenti
896 4239 1054 4297 quem
1081 4241 1175 4282 vos
1200 4226 1378 4280 vultis.
1417 4225 1555 4279 Ecce
1593 4226 1756 4289 venit,
1787 4224 2192 4279 dicitDominus

613 4320 978 4388 omnipotens,
1017 4327 1069 4371 et
1098 4318 1219 4385 quis
1250 4318 1541 4371 sustinebit
1569 4315 1710 4370 diem
1745 4317 1996 4370 introitus
2031 4314 2194 4384 ejus?

614 4409 861 4479 Autquis
893 4408 1182 4462 sustinebit
1209 4408 1260 4460 in
1299 4408 1506 4461 visione
1533 4405 1695 4473 eius?
1748 4405 1883 4472 Quia
1938 4407 2055 4475 ipse
2105 4407 2189 4459 in-

615 4502 855 4573 greditur
884 4500 1037 4569 quasi
1067 4500 1205 4568 ignis
1230 4498 1551 4563 conliatorii,
1586 4508 1642 4553 ut
1679 4498 1839 4553 herba
1868 4498 2187 4563 lavantium,

2299 3300 2541 3370 ἀρχηγὸν
2587 3302 2698 3363 τοῖς
2743 3299 3061 3370 ἀλιτηρίοις.
3099 3301 3618 3372 Προσεκομίσθησαν
3645 3302 3705 3355 δὲ
3738 3303 3892 3372 παρὰ

2298 3391 2404 3444 τῶν
2434 3391 2605 3445 ἐθνῶν
2635 3393 2716 3454 εἰς
2748 3389 2939 3461 μισθὸν
2968 3391 3133 3445 αὐτοῦ
3182 3394 3475 3463 τριάκοντα
3514 3394 3802 3463 ἀργύριοι,
3841 3395 3893 3446 οἶ

2299 3487 2393 3538 καὶ
2438 3487 2717 3540 καθίενται
2748 3485 2883 3539 Θεοῦ
2924 3485 3352 3556 προστάττοντος
3384 3488 3462 3549 εἰς
3510 3485 3573 3539 τὸ
3604 3486 3896 3558 χωνευτήο

2302 3594 2434 3648 ριον,
2464 3573 2521 3631 εὖ
2576 3577 2718 3647 μάλα
2765 3577 3207 3647 δοκιμαζόμενοι,
3258 3577 3442 3642 καθὼς
3498 3578 3593 3632 καὶ
3648 3578 3817 3642 αὐτὸς
3864 3579 3896 3629 6

2299 3669 2533 3740 Χριστὸς
2580 3669 2912 3739 ἐδοκιμάσθη
2964 3668 3105 3738 ὑπὲρ
3155 3669 3535 3739 ἠμῶν.”Εσται
3570 3669 3678 3739 γὰρ
3729 3670 3895 3741 ἡμῶν

2298 3761 2398 3812 οὐκ
2427 3760 2693 3831 ἀζήτητος
2722 3762 2753 3830 ἡ
2780 3760 2964 3823 πίστις
2993 3761 3145 3831 παρά
3167 3776 3229 3828 γε
3259 3759 3337 3829 τῷ
3358 3761 3537 3813 πάντα
3560 3759 3723 3813 εἰδότι
3746 3760 3890 3832 Θεῷ·

2297 3851 2421 3905 οὔτε
2470 3853 2575 3923 μὴν
2605 3853 2966 3913 ἀϐασάνιστος
2996 3853 3024 3904 6
3050 3851 3195 3921 βίος·
3227 3851 3343 3905 ἀλλ’
3444 3867 3609 3919 φησιν
3635 3852 3665 3903 6
3701 3852 3891 3921 μακάο

2301 3959 2414 4013 ριος
2447 3941 2679 4005 Παῦλος,
2716 3961 2734 3993 ι
2758 3942 3023 3996 Ἐκάστου
3054 3942 3115 3994 τὸ
3140 3941 3300 4013 ἔργον
3322 3941 3506 3995 ὁποῖόν
3534 3942 3672 4004 ἐστι,
3687 3940 3749 3994 τὸ
3776 3939 3893 4013 πῦρ

2295 4032 2600 4102 δοκιμάσει.
2633 4050 2651 4084 ι
2706 4031 3023 4102 Γέγραπται
3073 4030 3130 4083 δὲ
3178 4030 3274 4083 καὶ¹
3319 4029 3446 4100 περὶ
3492 4028 3760 4099 Χριστοῦ,
3807 4030 3892 4084 ὅτι

2303 4141 2321 4175 ι
2346 4121 2631 4192 Ἐξαίφνης
2659 4119 2780 4190 ἥξει
2808 4121 2888 4183 εἰς
2910 4120 2997 4173 τὸν
3019 4120 3145 4173 ναὸν
3168 4119 3352 4183 αὐτοῦ,
3381 4120 3441 4173 ὃν
3465 4120 3622 4189 ὑμεῖς
3646 4119 3889 4190 ζητεῖτε,

2295 4215 2391 4266 καὶ
2438 4214 2466 4265 6
2509 4212 2745 4281 ἅγγελος
2787 4211 2889 4282 τῆς
2921 4211 3205 4283 διαθήκης.
3238 4212 3298 4265 ὃν
3340 4213 3497 4282 ὑμεῖς
3528 4211 3891 4268 θέλετε.’1δοξι

2295 4304 2534 4374 ἔρχεται,
2557 4302 2927 4373 λέγειΚύριος
2953 4303 3369 4373 παντοκράτωρ,
3388 4304 3480 4356 καὶ
3510 4303 3593 4367 τίς
3620 4303 3895 4375 ὑπομενεῖ

2295 4397 2512 4470 ἡμέραν
2555 4395 2760 4448 εἰσόδου
2808 4394 3011 4459 αὐτοῦ;
3049 4395 3119 4448 Ἦ
3163 4394 3250 4457 τίς
3295 4395 3660 4465 ὐποστήσεται
3710 4396 3775 4448 ἐν
3822 4398 3891 4466 τῇ

2293 4488 2530 4559 ὀπτασίᾳ
2578 4487 2785 4553 αὐτοῦ;
2833 4488 2981 4541 Διότι
3027 4488 3189 4549 αὐτὸς
3221 4485 3600 4557 εἰσπορεύεται
3648 4487 3723 4550 ὡς
3775 4488 3893 4559 πῦρ

616 4600 669 4645 et
697 4589 905 4645 sedebit
932 4591 1174 4644 conllans
1216 4599 1269 4643 et
1304 4591 1603 4643 emundans
1638 4600 1691 4643 ut
1715 4600 2021 4661 argentum,
2056 4599 2192 4643 etut

2303 4579 2687 4650 χωνευτηρίου,
2722 4578 2800 4639 ὼς
2846 4579 2953 4631 πόα
2988 4577 3317 4639 πλυνόντων,
3344 4576 3439 4631 καὶ
3469 4577 3741 4631 καθιεῖται
3777 4595 3893 4648 χω-

618 4698 808 4737 anrum
832 4683 893 4735 ³³.
912 4701 929 4732 ι
958 4680 1147 4736 Psallit
1172 4681 1458 4735 etdivinus
1484 4681 1650 4735 David
1677 4683 1727 4737 in
1759 4696 1987 4751 persona
2006 4681 2189 4750 cujus-

616 4774 698 4828 vis
733 4774 784 4827 in
808 4771 1081 4826 Christum
1113 4772 1404 4835 credentis,
1452 4782 1501 4827 et
1549 4772 1839 4842 Evangelio
1872 4772 2193 4826 convenien-

618 4874 699 4917 tcr
725 4862 901 4917 vivere
935 4860 1239 4930 cupientis:
1280 4880 1299 4912 ι
1334 4861 1508 4917 Proba
1552 4876 1657 4927 me,
1684 4860 1931 4925 Domine,
1957 4869 2010 4914 et
2045 4869 2189 4916 tenta

618 4969 723 5019 me,
752 4968 847 5007 ure
882 4966 1202 5008 renesmeos
1244 4962 1297 5007 et
1328 4968 1422 5008 cor
1454 4968 1629 5008 meum
1651 4952 1748 5005 ¹⁶.›
1775 4952 2037 5008 Caeterum
2065 4967 2192 5007 con-

616 5045 883 5099 ﬂatorium
917 5046 968 5098 in
999 5046 1157 5100 domo
1188 5043 1398 5100 Domini
1421 5060 1541 5101 eSse
1569 5044 1824 5116 prapheta
1884 5044 2034 5099 dicit.
2087 5044 2191 5099 Ec-

616 5135 778 5189 clesia
810 5135 950 5188 enim
981 5134 1183 5189 Christi
1206 5135 1467 5207 cujusque
1489 5150 1669 5190 mores
1721 5144 1774 5189 et
1828 5135 2191 5191 sinceritatem

617 5224 919 5279 dilectionis
940 5238 1069 5295 erga
1115 5222 1392 5279 Christum
1428 5224 1765 5296 explorat,et
1811 5224 2189 5280 discretionem

616 5316 822 5371 habens
873 5317 1160 5386 spirituum
1201 5318 1266 5381 ιο,
1300 5318 1467 5386 probe
1503 5317 1669 5383 novit,
1723 5317 1843 5387 quis
1889 5318 1939 5373 in
1988 5317 2190 5386 Spiritu

616 5416 808 5462 sattcto
840 5406 1092 5479 loquatur
1123 5408 1407 5460 Dominum
1436 5405 1622 5460 Jesum
1656 5407 1960 5472 nominans,
1993 5407 2190 5476 etquis

615 5498 670 5553 in
714 5497 997 5554 Beelzebul
1053 5498 1230 5568 ipsum
1277 5497 1564 5553 anathema
1617 5497 1791 5563 dicat,
1828 5508 1882 5553 et
1945 5497 2037 5568 qui
2084 5497 2194 5552 sint

686 5702 755 5754 ἠ
793 5702 934 5762 Petr.
969 5720 1004 5767 I,
1042 5703 1127 5767 18,
1169 5704 1251 5759 19.

622 5772 668 5804 ’⁸
693 5772 919 5828 Malacb.
964 5790 1043 5840 ιιι,
1082 5776 1191 5830 1ο3.

1364 5706 1383 5737 θ
1411 5702 1450 5756 ιι
1478 5703 1601 5756 Cor.
1637 5719 1685 5766 v,
1723 5702 1807 5767 Η,
1850 5702 1928 5755 l5.
2011 5702 2051 5732 ’°
2088 5701 2240 5755 Rom.
2293 5718 2411 5767 vtlt,
2450 5702 2539 5757 55.

1272 5774 1313 5805 ’⁸
1350 5774 1493 5831 Psal.
1532 5788 1655 5843 xxv,
1684 5774 1734 5826 2.
1820 5775 1858 5804 ”
1895 5775 1911 5826 ι
1948 5772 2070 5826 Cor.
2112 5788 2208 5839 xu,
2256 5774 2339 5826 10.

2298 4671 2490 4734 νεύων,
2520 4672 2613 4725 καὶ
2658 4670 2968 4741 καθαρίζων
3012 4671 3087 4734 ὡς
3137 4670 3198 4722 τὸ
3242 4670 3526 4741 ἀργύριον,
3561 4671 3655 4723 καὶ
3698 4670 3781 4733 ὡς
3831 4672 3894 4723 τὸ

2299 4764 2539 4833 χρυσίον.
2567 4781 2586 4813 ι
2621 4761 2830 4816 1Ῑιιάλλιει
2856 4761 2911 4815 δέ
2944 4780 3045 4815 που
3077 4762 3171 4815 καὶ
3200 4762 3228 4812 6
3265 4761 3551 4824 θεσπέσιος
3584 4760 3776 4823 Δαϐὶδ,
3815 4763 3894 4824 ὡς

2300 4860 2363 4910 ὲκ
2405 4855 2700 4926 προσώπου
2744 4854 2941 4917 παντὸς
2971 4853 3062 4906 τοῦ
3097 4854 3484 4919 πιστεύσαντος
3521 4856 3599 4918 εἰς
3626 4855 3889 4923 Χριστὸν,

2301 4948 2394 5001 καὶ
2446 4946 2544 5018 ζῇν
2588 4944 2861 5009 ἐθέλοντος
2910 4945 3308 5015 εὐαγγελικῶς·
3369 4966 3385 4996 ι
3420 4945 3725 5014 Δοκίμασόν
3777 4962 3890 5015 με,

2302 5039 2497 5111 Κύριε,
2526 5040 2619 5092 καὶ
2647 5036 2912 5108 πείρασόν
2950 5054 3039 5107 με,
3068 5038 3320 5108 πύρωσον
3355 5038 3479 5099 τοὺς
3500 5035 3733 5107 νεφρούς
3784 5054 3890 5106 μου

2301 5131 2396 5183 καὶ
2428 5130 2526 5201 τὴν
2555 5129 2785 5199 καρδίαν
2818 5146 2939 5200 μου.
2972 5148 2990 5180 ›
3032 5128 3177 5199 Πλὴν
3214 5129 3294 5181 δτι
3338 5128 3401 5180 τὸ
3433 5129 3805 5198 χωνευτὴριον
3835 5132 3892 5182 ἐν

2297 5222 2432 5292 οἴκῳ
2478 5221 2705 5293 Κυρίου,
2740 5222 2903 5292 φησὶν
2951 5223 2981 5273 6
3030 5222 3338 5292 προφήτης.
3368 5220 3664 5291 Δοκιμάζει
3714 5220 3891 5292 γὰρὴ

2313 5313 2609 5383 Ἐκκλησία
2638 5312 2875 5385 Χριστοῦ
2908 5313 3000 5366 τὸν
3024 5314 3254 5366 ἑκάστου
3289 5315 3511 5383 τρόπον,
3543 5314 3638 5367 καὶ
3673 5311 3778 5383 τῆς
3810 5315 3892 5375 εἰς

2301 5406 2534 5477 Χριστὸν
2579 5406 2797 5476 ἀγάπης
2846 5405 2907 5459 τὸ
2950 5406 3196 5475 γνήσιον,
3227 5406 3322 5459 κα)⁵
3350 5404 3651 5474 διακρίσεις
3685 5402 3893 5472 ἔχουσα

2302 5497 2650 5568 πνευμάτων,
2686 5494 2824 5551 οἶδεν
2872 5496 3133 5567 ἀκριϐῶς,
3163 5497 3247 5560 τίς
3282 5497 3380 5567 μὲν
3416 5497 3555 5567 ἀγίῳ
3603 5494 3890 5565 Πνεύματι

2658 5702 2929 5775 “.‘Matlh.
2982 5719 3131 5768 xxvr,
3202 5703 3288 5759 15.
3369 5699 3622 5774 "_lCor.
3658 5714 3743 5767 ιιι,
3790 5696 3883 5751 £3-
