4070 6524
124 378 232 435 ‘49?

948 358 1500 418 COMMENTARIUS
1538 359 1601 413 IN
1647 352 2052 413 ZACHARIAM
2094 355 2539 415 PROPIIETABI.

3287 364 3390 421 198

136 490 298 552 λαλεῖ,
331 484 533 555 Κύριον
581 480 859 552 ὀνομάζων
906 479 1141 549 Ἰησοῦν·
1193 480 1277 540 τίς
1318 478 1373 531 δὲ
1414 477 1478 548 δὴ
1515 477 1609 530 καὶ
1643 477 1739 536 ὲν,

1820 474 1915 529 reri
1947 475 2260 529 adoratores
2289 476 2361 541 η,
2402 476 2561 545 etqui
2597 489 2808 529 rursum
2832 475 2961 545 inpr,
2984 490 3034 530 tu
3060 478 3392 536 vestimentis

138 575 478 643 Βεελζεὸοὺλ,
509 571 756 642 ἀνάθεμα
780 570 957 637 λέγων
988 569 1189 635 αύτόνξ·
1225 569 1317 621 καὶ
1357 569 1501 630 τίνες
1535 568 1634 638 μὲν
1667 567 1717 618 oi.

142 670 376 743 ἀληθινοὶ
421 663 815 737 προσκυνηταὶ,
847 661 992 721 τίνες
1023 660 1081 713 δὲ
1126 656 1194 713 αὖ
1253 662 1301 712 oi
1348 659 1422 723 ὼς
1456 658 1715 729 ἐνδύμασι

144 759 421 832 προϐάτων
451 756 585 826 πρὸς
611 756 643 824 ἡ
654 754 758 824 μᾶς
791 751 1078 821 ἐρχόμενοι
1110 748 1284 804 λύκοι.

210 849 315 907 Kal.
354 845 655 915 ἀπέρῤιψα
704 842 820 911 τὴν
853 841 1084 909 ῥάϐδον
1132 840 1248 909 τὴν
1278 840 1594 909 δευτέραν,
1647 841 1714 894 τὸ

144 941 484 1011 Σχοίνισμα,
528 935 635 988 τοῦ
660 930 1067 988 διασκεδάσαι
1098 930 1217 1001 τὴν
1245 931 1542 999 διαθήκην
1572 932 1716 985 ἀνα-

136 1035 322 1103 μέσον
352 1028 458 1082 τοῦ
495 1025 710 1089 Ἰούδα,
740 1024 839 1078 καί
870 1022 1184 1094 ἀναμέσον
1211 1023 1319 1077 τοῦ
1354 1024 1626 1091 Ἰσραήλ.

209 1120 329 1175 III".
381 1116 634 1180 Ῥάϐδους
663 1115 767 1186 ἔφη
796 1115 890 1168 δύο
915 1115 1181 1186 λήψεσθαι
1210 1115 1465 1187 Χριστὸν,
1494 1114 1633 1168 οὕτω
1655 1128 1733 1168 τέ’

139 1207 531 1277 κατανεμήσειν
558 1205 615 1257 ὲν
643 1205 834 1266 αὑταῖς
871 1204 939 1258 τὰ
967 1205 1140 1257 οίκεῖα
1180 1203 1451 1275 πρόϐατα,
1477 1204 1632 1274 δῆλον
1656 1203 1712 1255 δὲ

136 1303 214 1355 ὅτι
241 1298 345 1352 τῶν
373 1297 461 1351 διὰ
496 1295 734 1358 πίστεως
778 1295 1133 1366 κεκλημένων
1161 1297 1261 1367 τὴν
1289 1296 1450 1365 ἁγίαν
1478 1295 1709 1366 πληθύν.

136 1392 243 1448 Καὶ
273 1390 466 1461 ῥάϐδον
507 1389 606 1459 μὲν
642 1385 781 1443 εἶναι
821 1388 920 1459 τὴν
964 1387 1136 1459 καλὴν
1169 1388 1428 1460 ἐλέγομεν
1453 1389 1554 1460 τὴν
1585 1405 1712 1441 παι-

134 1484 293 1547 δείαν,
341 1482 463 1551 ἦτοι
490 1479 550 1532 τὸ
589 1480 847 1550 κήρυγμα
878 1478 941 1531 τὸ
969 1479 1344 1548 εὐαγγελικδν,
1376 1482 1476 1551 τήν
1506 1497 1568 1547 γε
1604 1480 1711 1550 μὴν

132 1575 323 1645 ἑτέραν
377 1573 474 1641 τὴν
530 1570 772 1625 Παλαιὰν
819 1570 1125 1641 Διαθήκην,
1172 1572 1453 1637 τουτέστι,
1489 1573 1588 1642 τὴν
1635 1571 1711 1641 τῷ

146 1660 360 1732 Ἰσραὴλ
395 1659 639 1713 δοθεῖσαν
663 1662 742 1723 είς
771 1659 1040 1731 βοήθειαν,
1076 1661 1216 1714 κατὰ
1244 1660 1342 1731 τὴν
1370 1660 1463 1714 τοῦ
1496 1662 1706 1733 προφή-

130 1771 221 1807 του
259 1752 464 1823 φωνήν.
504 1770 522 1803 ι
552 1751 734 1821 Νόμον
773 1751 900 1821 γὰρ,
940 1752 1122 1821 φησὶν,
1153 1754 1232 1814 είς
1268 1751 1520 1822 βοήθειαν
1546 1751 1708 1805 δέδω-

134 1862 247 1899 κεν.
279 1863 298 1895 ι
330 1844 455 1897 Ὀτι
501 1843 679 1895 τοίνυν
724 1843 843 1912 οὐχὶ
878 1842 941 1911 δὴ
977 1842 1157 1912 μόνοις
1194 1844 1304 1906 τοῖς
1340 1842 1714 1911 εὐαγγελικοῖς

131 1934 494 2004 παιδεύμασιν
535 1936 567 2004 ἠ
614 1933 721 1988 τῶν
773 1934 941 1987 ἐθνῶν
988 1934 1184 2004 ἔμελλε
1239 1934 1713 2002 παιδαγωγεῖσθαι

92 2014 103 2095 ξ
132 2027 360 2097 πληθὺς,
389 2024 525 2079 ἀλλὰ
553 2023 663 2094 γὰρ
699 2026 795 2077 καὶ
839 2026 1029 2088 αὐταῖς
1066 2027 1185 2088 ταῖς
1218 2024 1387 2078 πάλαι
1417 2041 1476 2077 τε
1506 2024 1601 2077 καὶ
1628 2023 1716 2077 διὰ

129 2116 375 2181 Μωσέως
402 2114 671 2178 δοθείσαις
702 2115 962 2177 ἐντολαῖς,
1000 2114 1513 2184 μεταπλαττομένης
1533 2112 1718 2183 δηλον-

102 2210 208 2287 .ότι
259 2208 364 2279 τῆς
399 2209 456 2260 ὲν
486 2206 637 2278 νόμῳ
680 2207 839 2268 σκιᾶς
881 2207 961 2269 είς
1012 2206 1293 2276 ἀλήθειαν,
1324 2204 1420 2258 καὶ
1472 2204 1560 2257 διὰ
1611 2203 1718 2257 τῶν

127 2300 514 2371 προκειμένων
563 2301 697 2368 ἡμῖν
747 2297 1066 2366 καθίστησιν
1107 2297 1355 2368 ἐναργές.
1389 2298 1499 2349 Καὶ
1532 2295 1720 2366 ὥσπερ

124 2390 507 2462 ἀπορῤιφῆναι
553 2390 650 2442 καὶ
681 2388 1044 2458 σκεδασθῆναι
1070 2387 1170 2455 τὴν
1194 2387 1363 2456 καλὴν
1395 2385 1498 2455 ἔφη
1527 2385 1721 2456 ῥάϐδον

126 2483 424 2553 (διεσπάρη
456 2481 565 2552 γὰρ
598 2480 786 2551 ὥσπερ
810 2480 868 2535 ὲν
888 2480 1008 2543 ταῖς
1036 2479 1145 2532 τῶν
1176 2477 1498 2532 Χαναναίων
1516 2476 1723 2547 χώραις

120 2575 159 2642 ἠ
198 2569 535 2640 εύαγγελικὴ
571 2570 875 2633 παίδευσις,
919 2569 1333 2640 περιενεχθεῖσα
1365 2569 1606 2638 δηλονότι
1635 2568 1722 2621 διὰ

127 2658 235 2711 τῶν
271 2656 443 2725 ἁγίων
479 2656 857 2725 ἀποστόλων),
903 2656 1046 2710 οὕτω
1091 2658 1182 2709 καὶ
1227 2658 1453 2727 ἠὲτέρα
1502 2656 1718 2725 ῥάϐδος,

120 2758 247 2819 ῃτοι
278 2746 586 2809 παίδευσις,
607 2745 873 2809 τουτέστι,
889 2745 948 2798 τὸ
965 2746 1278 2817 Σχοίνισμα,
1299 2748 1466 2816 ἤγουν
1488 2748 1516 2799 6
1537 2747 1718 2816 νόμος,

124 2838 158 2891 6
182 2838 240 2891 ὲν
263 2836 419 2904 τάξει
443 2836 708 2906 διαθήκης
748 2834 901 2907 παρὰ
939 2834 1074 2888 Θεοῦ
1112 2834 1291 2898 τεθεὶς
1318 2836 1594 2906 ἀναμέσον
1623 2834 1719 2888 τοῦ

143 2928 332 2993 Ἰούδα,
365 2927 460 2980 καὶ
502 2927 772 2996 ἀναμέσον
816 2926 912 2979 τοῦ
952 2925 1186 2996 Ἰσραὴλ,
1215 2925 1483 2988 τουτέστι,
1521 2926 1722 2990 παντὸς

130 3021 222 3075 τοῦ
252 3021 449 3089 γένους
475 3019 568 3072 τοῦ
594 3017 653 3083 ἐξ
681 3018 899 3089 Ἰσραήλ
918 3034 931 3048 ’
972 3017 1175 3072 Ἰούδαν
1206 3017 1301 3088 μὲν
1330 3019 1439 3089 γὰρ
1466 3017 1721 3089 ὀνομάζει

128 3112 227 3174 τὰς
299 3113 360 3163 ὲν
429 3113 541 3173 τοῖς
599 3108 995 3180 Ἰεροσολύμοις
1049 3108 1140 3161 δύο
1184 3108 1394 3177 φυλὰς,
1441 3109 1611 3178 αὐτήν
1661 3126 1721 3163 τε

129 3204 225 3275 τὴν
249 3202 425 3257 Ἰούδα
453 3202 595 3270 φημὶ
641 3199 733 3252 καὶ
769 3198 1048 3268 Βενιαμὶν,
1066 3196 1279 3270 Ἰσραὴλ
1311 3198 1369 3250 δὲ
1402 3197 1500 3261 τὰς
1528 3198 1721 3267 ἑτέρας

125 3295 279 3359 δέκα,
308 3292 414 3356 τὰς
439 3293 497 3345 ὲν
520 3294 585 3363 τῇ
613 3289 895 3361 Σαμαρείᾳ
917 3289 1265 3360 διακειμένας
1288 3288 1423 3360 ὁμοῦ
1452 3288 1530 3359 τῷ
1556 3288 1722 3357 Ἱερο-

132 3387 292 3457 6οάμ.
328 3383 553 3439 Δέδοται
590 3382 655 3454 δὴ
688 3378 780 3435 οὖν
813 3383 926 3445 τοῖς
962 3383 1025 3435 ὲκ
1055 3381 1293 3451 Χαναὰμ
1329 3380 1421 3434 καὶ
1466 3382 1495 3432 6
1537 3379 1719 3450 νόμος,

136 3468 663 3544 μυσταγωγούμενος
723 3469 852 3539 γὰρ,
904 3469 981 3531 ὼς
1025 3468 1183 3539 ἔφην,
1230 3472 1475 3539 νομικοῖς
1530 3484 1590 3521 τε
1630 3468 1724 3520 καὶ

53 3582 60 3589 ·
134 3562 513 3633 εύαγγελικοῖς
566 3559 917 3629 θεσπίσμασι.
950 3559 1221 3631 Ταύτῃτοι
1273 3560 1367 3614 καὶ
1411 3559 1647 3628 ἔφασκεν
1695 3558 1724 3611 6

134 3654 357 3726 Σωτήρ-
412 3671 430 3705 ι
463 3652 555 3723 Μὴ
611 3652 893 3721 νομίσητε,
929 3652 1012 3705 ὄτι
1067 3647 1231 3722 ἦλθον
1287 3650 1586 3705 καταλῦσαι
1633 3649 1723 3702 τὸν

134 3745 318 3815 νόμον.
350 3744 469 3799 Ούκ
494 3739 659 3815 ἦλθον
698 3741 1018 3809 καταλῦσαι,
1051 3742 1188 3796 ἀλλὰ
1218 3742 1527 3813 πληρῶσαι.
1567 3743 1724 3811 Λέγω

132 3836 243 3909 γὰρ
273 3837 426 3908 ὑμῖν,
455 3836 561 3898 ἕως
588 3836 654 3888 ἂν
693 3832 937 3905 παρέλθῃ
959 3835 986 3886 6
1010 3833 1259 3905 οὐρανὸς,
1295 3833 1389 3887 καὶ
1416 3834 1449 3904 ἡ
1478 3835 1568 3904 γῆ.
1593 3832 1724 3886 ίῶτα

136 3928 214 3995 ιν,
242 3928 276 3999 ἢ
306 3928 409 3998 μία
444 3925 640 3996 κεραία
669 3926 729 3978 ού
771 3924 847 3996 μὴ
874 3923 1120 3995 παρέλθῃ
1150 3923 1257 3977 ἀπὸ
1285 3923 1380 3977 τοῦ
1411 3924 1597 3993 νόμου,
1621 3923 1725 3988 ἕως

139 4019 204 4073 ἂν
240 4019 425 4073 πάντα
453 4017 699 4087 γένηται.
727 4034 745 4069 ι
778 4015 891 4086 Πλη
903 4018 984 4085 poi
1020 4014 1129 4086 γὰρ
1154 4014 1245 4068 τὸν
1274 4016 1438 4084 νόμον
1459 4013 1725 4067 διδάσκων

138 4106 205 4161 τὰ
237 4107 380 4179 ὑπὲρ
413 4106 596 4177 νόμον,
631 4106 723 4159 καὶ
760 4105 859 4157 ούκ
890 4104 996 4169 ἔξω
1022 4103 1188 4173 νόμου
1223 4104 1392 4166 τιθεὶς
1430 4102 1521 4157 τὸν
1569 4102 1725 4155 παιδ-

139 4198 357 4267 αγωγού
366 4214 552 4271 μενον,
573 4197 647 4261 ὡς
677 4197 734 4251 ἐν
764 4213 828 4265 γε
853 4195 932 4266 τῷ
961 4195 1126 4264 φάναι
1153 4196 1314 4265 τυχόν
1332 4211 1345 4225 ·
1389 4214 1407 4247 ι
1430 4193 1727 4249 Ἠκούσατε

138 4289 221 4342 ὅτι
263 4289 471 4361 ὲρρέθη
521 4290 634 4352 τοῖς
687 4280 968 4359 ἀρχαίοιςλ
1018 4286 1092 4339 Οὐ
1128 4285 1431 4355 φονεύσειςο
1483 4285 1541 4348 ὃς
1587 4284 1633 4338 δ’
1662 4284 1728 4338 ἂν

139 4379 399 4451 φονεύσῃ,
432 4379 614 4449 ἔνοχος
642 4376 794 4431 ἔσται
821 4380 886 4448 τῇ
915 4376 1114 4447 κρίσει.
1131 4374 1274 4443 Ἐγὼ
1305 4375 1362 4429 δὲ
1392 4374 1535 4443 λέγω
1561 4376 1687 4446 ὑμῖν
1711 4392 1724 4405 ν

1818 566 1997 621 ovium
2031 569 2095 621 ad
2136 582 2234 622 nos
2258 568 2537 622 venientes
2570 566 2635 620 ".

1892 831 2151 901 Etubjeci
2183 831 2379 901 virgam
2417 845 2584 884 meam
2631 827 2915 884 secundam
2951 843 3068 897 qua:
3102 824 3395 896 appellatur

1818 921 2137 987 Fuuiculus,
2169 931 2224 974 ut
2282 922 2594 990 dissiparem
2623 928 2984 974 testamentum
3019 919 3151 971 inter
3196 915 3394 970 Judam

1815 1018 1865 1065 et
1887 1007 2080 1064 Israel.
2468 1007 2473 1012 ’

1885 1099 2171 1156 LXXXIII.
2228 1100 2373 1155 Duas
2428 1100 2606 1171 virgas
2650 1098 2927 1155 Christum
2990 1102 3395 1164 assumpturum

1814 1192 2077 1258 narravit,
2109 1200 2270 1261 atque
2336 1190 2411 1244 ita
2473 1189 2524 1243 in
2576 1189 2695 1258 ipso
2753 1201 2882 1241 oves
2921 1200 3045 1240 suas
3093 1193 3395 1253 pasturum,

1814 1280 1958 1336 haud
1993 1280 2214 1335 dubiant
2256 1280 2384 1348 quin
2431 1294 2527 1349 per
2574 1278 2734 1332 ﬁdem
2786 1287 3098 1330 vocatorum
3152 1281 3395 1327 sanctam

1815 1372 2233 1427 multitudinem.
2264 1370 2328 1424 Ει
2350 1372 2553 1440 virgam
2582 1370 2794 1436 quidem
2849 1368 3129 1436 pulchram
3180 1363 3397 1418 diceba-

1813 1477 1935 1517 mus
1965 1475 2085 1517 esse
2115 1461 2436 1525 doctrinam,
2469 1476 2561 1514 seu
2623 1458 3060 1529 praedicationem
3118 1453 3397 1524 evangeli-

1813 1565 1970 1605 eam:
2014 1550 2240 1605 alteram
2302 1551 2469 1605 Vetus
2531 1548 2958 1612 Testamentum,
3007 1560 3205 1616 nempe
3255 1544 3395 1615 quod

1811 1634 1996 1696 Israeli
2022 1643 2207 1695 datum
2233 1652 2317 1697 est
2344 1643 2395 1695 in
2427 1642 2680 1696 auxilium
2702 1642 2850 1710 juxta
2871 1640 3143 1710 prephetae
3187 1651 3396 1692 vocem.

1811 1730 1993 1799 Inqttit
2019 1731 2163 1783 enim
2197 1747 2210 1783 :
2252 1749 2270 1781 ι
2294 1730 2492 1800 Legem
2525 1732 2577 1785 in
2604 1731 2934 1799 adiutorium
2979 1727 3212 1782 dedit".
3241 1744 3259 1778 ι
3297 1724 3400 1795 Igi-

1746 1814 1906 1873 Btur
1968 1819 2205 1888 gentium
2274 1819 2669 1873 multitudinem
2709 1834 2814 1872 non
2889 1826 3095 1870 tantum
3152 1814 3400 1869 doctrina

1816 1906 2146 1977 evangelica,
2175 1906 2267 1960 sed
2300 1907 2430 1976 ipsis
2454 1907 2618 1962 etiam
2648 1906 2884 1974 antiquis
2925 1913 2979 1960 et
3006 1920 3036 1959 a
3087 1903 3233 1958 Mose
3283 1912 3397 1957 tra-

1816 1997 1947 2053 ditis
1982 1999 2267 2067 prmceptis
2290 1998 2555 2053 imbutum
2589 1988 2675 2061 iri,
2725 1996 2919 2051 umbra
2966 1995 3218 2050 videlicet
3263 1993 3399 2064 legis

1817 2090 2171 2145 inveritatem
2206 2099 2589 2156 transmutata,
2643 2089 2823 2143 verbis
2875 2087 3172 2157 propositis
3245 2083 3402 2142 nobis

1819 2180 2077 2235 declarat.
2108 2180 2273 2250 768
2292 2181 2356 2234 Et
2390 2195 2495 2246 quo
2524 2180 2682 2235 modo
2704 2180 2970 2250 ahjectam
2994 2187 3049 2233 et
3082 2177 3399 2246 dissipatam

1820 2272 2098 2341 pulchram
2133 2272 2338 2339 virgam
2370 2272 2504 2325 dixit
2533 2270 2708 2341 (quasi
2737 2272 2881 2326 enim
2936 2285 3034 2339 per
3068 2269 3402 2323 Chanaumo-

1822 2377 1941 2416 rum
1976 2363 2223 2432 regiones
2280 2362 2523 2429 dispersa
2593 2370 2679 2416 est
2740 2361 3005 2415 institutio
3068 2357 3401 2428 evangelica,

1822 2453 2137 2508 circumlata
2170 2452 2425 2506 nimirum
2453 2467 2546 2521 per
2590 2462 2808 2507 sanctos
2852 2449 3169 2521 apostolos),
3228 2451 3299 2503 ita
3345 2457 3404 2503 et

1823 2542 1990 2597 altera
2021 2544 2194 2611 virga,
2230 2551 2357 2612 puta
2388 2541 2704 2606 Funiculus,
2742 2542 2870 2596 sive
2919 2541 3027 2607 lex,
3082 2540 3199 2595 loco
3242 2546 3406 2593 testa-

1823 2632 1988 2686 menti
2009 2648 2038 2686 a
2063 2632 2172 2686 Deo
2200 2633 2493 2688 constituta
2520 2634 2658 2686 inter
2686 2632 2877 2687 Judam
2938 2641 2993 2686 et
3023 2631 3207 2696 Israel,
3257 2631 3309 2686 id
3325 2640 3407 2686 est

1829 2726 2141 2780 universum
2174 2740 2340 2794 genus
2375 2725 2579 2779 Israel:
2625 2724 2817 2779 Iudam
2856 2726 2996 2779 enim
3034 2726 3169 2780 duas
3211 2725 3405 2779 Hiero—

1824 2817 2050 2888 solymis
2088 2817 2279 2882 tribus,
2308 2815 2659 2886 ipsamJuda,
2695 2816 2939 2885 inquam,
3001 2826 3054 2871 et
3101 2816 3403 2886 Beniamin,

1824 2911 1989 2966 Israel
2022 2919 2202 2965 autem
2238 2911 2472 2979 reliquas
2503 2911 2686 2963 decem
2722 2909 2776 2963 iu
2798 2908 3044 2963 Samaria
3100 2925 3221 2964 cum
3245 2908 3403 2965 Jero-

1822 3005 1979 3057 boam
2020 3001 2228 3056 locatas
2256 3001 2510 3071 appellat.
2542 2998 2677 3053 Data
2727 3009 2810 3054 est
2858 2999 3023 3071 igitur
3073 2999 3401 3056 Chananmis

1823 3094 1987 3147 etiam
2013 3092 2098 3146 lex
2134 3092 2425 3162 :legalibus
2446 3092 2587 3147 enim
2615 3101 2670 3146 et
2722 3090 3051 3160 evangelicis
3072 3090 3305 3146 decretis
3325 3092 3407 3147 in-

1827 3184 2091 3240 formatus
2121 3194 2224 3239 est.
2245 3184 2607 3252 Quamobrem
2660 3194 2715 3237 et
2763 3183 3012 3237 Salvator
3037 3182 3215 3237 aiebat
3251 3197 3268 3237 :
3306 3183 3407 3239 No-

1826 3277 1917 3332 lite
1938 3286 2149 3346 putare,
2177 3278 2432 3347 quoniam
2458 3277 2579 3330 veni
2630 3276 2839 3330 solvere
2890 3275 3081 3345 legem.
3127 3274 3242 3330 Non
3278 3278 3402 3331 veni

1825 3368 2059 3433 solvere,
2121 3368 2214 3421 sed
2266 3365 2582 3436 adimplere.
2641 3364 2770 3420 Dico
2817 3366 2961 3420 enim
3015 3365 3189 3431 vobis,
3238 3368 3408 3422 donec

1828 3467 2069 3513 transeat
2091 3456 2289 3511 coelum
2322 3467 2376 3510 et
2402 3466 2581 3521 terra,
2608 3456 2714 3510 iota
2750 3471 2938 3523 unum,
2966 3465 3054 3509 aut
3090 3472 3226 3511 unus
3273 3471 3409 3527 apex

1826 3564 1932 3605 non
1957 3548 2254 3617 praeteribit
2279 3563 2308 3601 a
2332 3548 2469 3616 lege,
2504 3548 2674 3601 donec
2706 3547 2889 3600 omnia
2917 3546 3048 3600 [lant
3075 3547 3140 3600 ³⁸.
3174 3564 3192 3597 ι
3222 3545 3410 3600 Adim-

1826 3640 1941 3711 plet
1968 3640 2111 3694 enim
2141 3638 2335 3707 legem,
2370 3640 2567 3691 docens
2589 3651 2711 3707 quae
2736 3644 2861 3690 sunt
2892 3652 3052 3705 supra
3085 3636 3280 3707 legem,
3308 3648 3409 3690 nec

1827 3731 2026 3800 excipit
2061 3746 2089 3784 a
2121 3730 2238 3799 lege
2260 3745 2380 3785 eum
2410 3729 2502 3799 qui
2529 3730 2771 3794 docetur,
2801 3737 2860 3783 ut
2891 3744 3011 3784 cum
3050 3729 3200 3793 dicit,
3224 3742 3409 3783 exem-

1828 3822 1897 3892 pli
1948 3836 2152 3877 causa:
2188 3840 2207 3872 ι
2253 3820 2493 3875 Audistis
2552 3819 2675 3888 quia
2742 3819 2944 3872 dictum
2980 3826 3064 3873 est
3108 3818 3394 3887 antiquis:

1825 3914 1941 3969 Non
1960 3912 2176 3968 occides
2206 3926 2223 3966 :
2253 3911 2343 3981 qui
2375 3920 2553 3965 autem
2584 3910 2863 3976 occiderit,
2894 3924 3016 3964 reus
3048 3909 3151 3963 erit
3182 3908 3408 3978 judicio.

1827 4005 1941 4075 Ego
1962 4012 2142 4059 autem
2169 4004 2291 4058 dico
2325 4002 2480 4057 vobis
2515 4019 2529 4056 :
2565 4002 2757 4056 Omnis
2792 4002 2883 4071 qui
2946 4000 3199 4054 irascitur
3257 4000 3411 4052 fratri

1828 4110 1926 4151 suo
1955 4096 2071 4150 sine
2096 4108 2283 4157 causa,
2334 4108 2458 4149 reus
2511 4093 2617 4149 erit
2651 4093 2851 4160 judicio
2888 4093 2955 4145 ’°.
2998 4110 3017 4143 ›
3050 4091 3117 4145 Ει
3150 4091 3349 4144 iterum
3389 4105 3402 4140 :

1838 4204 1857 4238 ι
1897 4185 2143 4241 Audistis
2177 4184 2301 4253 quia
2333 4184 2537 4238 dictum
2567 4194 2651 4238 est
2683 4200 2696 4237 :
2742 4183 2858 4237 Non
2885 4182 3268 4237 mcecbaheris.
3296 4180 3409 4252 Ego

1831 4288 2010 4333 autem
2036 4278 2156 4333 dico
2174 4276 2347 4343 vobis,
2386 4280 2510 4345 quia
2540 4277 2716 4330 omnis
2737 4277 2828 4344 qui
2850 4276 2995 4330 videt
3022 4274 3307 4330 mulierem
3340 4276 3409 4331 ad

1831 4368 2345 4439 concupiscendum,
2368 4368 2480 4435 jam
2518 4369 2819 4423 mtecltatus
2850 4378 2935 4422 est
2970 4381 3088 4422 eam
3137 4368 3190 4421 in
3240 4367 3412 4423 corde

144 4468 269 4523 Ὀτι
301 4471 415 4532 πᾶς
461 4470 490 4521 6
541 4467 894 4539 ὀργιζόμενος
920 4465 996 4536 τῷ
1026 4463 1439 4535 ἁδελφῷναύτοῦ
1472 4466 1616 4535 εἰκῆ,
1646 4466 1729 4518 ἐν·

1837 4480 1936 4519 suo
1962 4464 2030 4518 “.
2065 4481 2083 4514 ι
2112 4461 2366 4530 lmpletur
2388 4460 2532 4514 enim
2582 4459 2734 4526 illud,
2775 4477 2794 4512 ι
2849 4458 2964 4515 Non
3011 4460 3248 4525 occides,
3283 4477 3304 4512 ι
3361 4459 3412 4515 si

140 4577 265 4630 οχος
293 4559 453 4613 ἔσται
499 4562 566 4630 τῇ
600 4557 797 4629 κρίσει.
831 4574 848 4607 ι
899 4557 1011 4609 Καὶ
1044 4556 1237 4611 πάλιν·
1271 4575 1289 4607 ι
1314 4555 1609 4609 Ἠκούσατε
1648 4557 1729 4608 ὅτι

1838 4556 1930 4609 ira:
1953 4554 2129 4608 locum
2162 4567 2266 4607 non
2290 4550 2582 4620 relinquas.
2628 4565 2751 4620 qua:
2788 4551 2948 4604 cmdis
2976 4550 3126 4603 radix
3154 4560 3210 4605 et
3240 4559 3413 4605 mater

143 4650 379 4722 ὲρῤέθη·
432 4649 508 4703 Οὐ
545 4649 870 4719 μοιχεύσεις.
890 4646 1031 4715 Ἐγὼ
1069 4646 1127 4699 δὲ
1165 4645 1310 4716 λέγω
1340 4646 1468 4716 ὑμῖν
1501 4645 1582 4698 ὅτι
1621 4646 1728 4709 πᾶς

1835 4653 1938 4701 est.
1965 4643 2309 4698 Excludendo
2354 4653 2533 4697 autem
2564 4656 2753 4698 omnes
2807 4641 3152 4711 cupiditates,
3178 4655 3273 4694 seu
3317 4655 3412 4694 ca-

144 4743 173 4793 6
202 4741 418 4812 βλέπων
448 4743 682 4809 γυναῖκα
712 4740 849 4811 πρὸς
880 4739 943 4791 τὸ
975 4738 1332 4808 ἐπιθυμῆσαι,
1352 4737 1451 4808 ἤδη
1479 4738 1729 4808 ἐμοίχευ-

1836 4733 2087 4806 stigando
2116 4735 2440 4803 voluptates,
2504 4748 2726 4803 prorsus
2774 4733 2937 4785 etiam
2995 4730 3241 4785 adulterii
3281 4744 3409 4801 per-

149 4849 239 4887 σεν
264 4832 526 4905 αύτὴν’ὲν
557 4833 625 4902 τῇ
654 4830 853 4902 καρδίᾳ
889 4829 1076 4885 αὐτοῦ.
1108 4848 1125 4880 ι
1148 4828 1595 4899 Ἀποπεραίνεται
1622 4826 1729 4898 γὰρ

1844 4828 2092 4897 petraudi
2119 4826 2287 4881 libido
2319 4826 2564 4881 tollitur:
2600 4826 2741 4882 sicut
2764 4826 3017 4881 videlicet
3064 4839 3184 4878 cum
3219 4823 3417 4878 radici-

144 4925 225 4987 τὸ,
269 4942 289 4974 ι
323 4924 401 4976 Οὐ
434 4922 736 4989 φονεύσεις,
763 4941 782 4973 ι
815 4921 891 4984 ὡς
920 4920 979 4974 έν
1018 4937 1081 4989 γε
1110 4919 1189 4991 τῷ
1220 4918 1605 4991 παραιτεῖσθαι
1630 4918 1731 4989 τὴν

1845 4921 1945 4974 bus
1971 4920 2097 4974 inde
2120 4919 2435 4975 exsistentia
2477 4917 2719 4990 germina
2765 4931 3008 4973 marcere
3063 4912 3412 4981 afﬁrmamus,

145 5012 334 5083 ὀργὴν,
364 5014 402 5084 ἢ
428 5010 556 5083 ῥίζα
581 5012 644 5065 τέ
687 5014 805 5066 ἐστι
847 5010 940 5065 τοῦ
975 5012 1137 5078 φόνου
1166 5012 1260 5065 καὶ
1304 5012 1536 5078 γένεσις.
1576 5010 1649 5062 Τὸ
1673 5010 1728 5063 δὲ

1837 5024 1957 5079 quae
1990 5011 2170 5081 potius
2207 5011 2351 5065 nulla
2379 5012 2600 5066 omnino
2634 5019 2982 5066 enascuntur.

151 5106 271 5176 μηδ’
300 5106 442 5169 ὅλως
476 5104 811 5176 εἰσδέχεσθαι
833 5106 933 5168 τὰς
972 5105 1289 5175 ἐπιθυμίας,
1316 5106 1481 5175 ἤγουν
1503 5102 1753 5167 κολάζειν
1792 5104 1888 5166 τὰς
1919 5103 2133 5174 ἡδονὰς,
2172 5103 2572 5174 συναναιρεῖται
2636 5118 2738 5155 που
2797 5101 3015 5162 πάντως
3048 5098 3143 5168 τῆς
3174 5094 3415 5166 μοιχείας

146 5204 175 5255 6
224 5202 452 5274 τρόπος,
486 5200 740 5271 καθάπερ
782 5201 971 5271 ἀμέλει
1023 5201 1116 5254 καὶ
1164 5198 1342 5269 ῥίζαις
1377 5198 1965 5269 συναπομαραίνεσθαι.
1994 5214 2175 5267 φαμεν
2217 5197 2287 5251 τὰ
2325 5197 2384 5262 ἐξ
2456 5198 2636 5252 αὐτῶν
2705 5195 3077 5266 βλαστήματα,
3123 5191 3322 5263 μᾶλλον
3356 5190 3414 5245 δὲ

148 5295 268 5349 οὐδὲ
298 5294 591 5366 ἀνάσχοιεν
619 5294 774 5357 ὅλως.

217 5392 327 5447 Καὶ
361 5389 496 5447 εἷπε
548 5394 765 5460 Κύριος
815 5393 963 5460 πρός
1005 5408 1112 5463 με·
1150 5392 1271 5444 Ἔτι
1313 5390 1459 5445 λάϐε
1500 5388 1734 5454 σεαυτῷ

1918 5389 2080 5445 Vsus.
2117 5388 2204 5454 15,
2242 5388 2328 5443 I6.
2383 5387 2453 5441 Et
2485 5389 2621 5443 dixit
2666 5389 2923 5444 Dominus
2986 5389 3055 5441 ad
3076 5402 3154 5440 me
3184 5401 3202 5439 :
3232 5384 3415 5437 Adhuc

148 5486 342 5554 σκεύη
396 5484 713 5556 ποιμενικά
758 5485 1037 5555 ποιμένος
1082 5485 1354 5551 ἀπείρου,
1401 5482 1550 5537 διότι
1606 5480 1732 5535 ιδοὺ

1840 5495 1984 5533 sume
2009 5479 2101 5532 tibi
2163 5495 2288 5533 uasa
2351 5482 2663 5548 pastoralia,
2725 5480 2952 5549 pastoris
2994 5475 3240 5547 imperiti,
3290 5474 3413 5543 quia

146 5576 261 5645 ἐγὼ
308 5577 589 5648 ἐξεγεῖραι
616 5577 871 5647 ποιμένα
914 5578 1160 5646 ἄπειρον
1193 5575 1292 5630 ἐπὶ
1337 5575 1453 5641 τὴν
1486 5574 1620 5644 γῆν.
1662 5574 1731 5628 Τὸ

1839 5587 1953 5625 ecce
1968 5588 2059 5641 ego
2085 5576 2277 5625 suscita
2295 5582 2555 5641 pastorem
2588 5587 2742 5641 super
2770 5584 2987 5625 (errant.
3016 5568 3280 5637 Deﬁciem
3312 5582 3414 5618 non

149 5665 526 5735 έκλιμπὰνον
551 5669 622 5721 οὐ
644 5667 730 5738 μὴ
767 5667 1188 5735 ἐπισκέψηται,
1216 5665 1312 5719 καί
1343 5663 1409 5717 τὸ
1458 5663 1730 5729 διεσκορ-

1838 5660 2091 5725 uisitauit,
2116 5671 2163 5715 et
2193 5661 2489 5728 dispersum
2512 5678 2613 5715 non
2650 5662 2895 5731 requiret,
2933 5670 2977 5714 et
3007 5659 3286 5712 contritum
3310 5671 3412 5707 non

217 5755 659 5829 “Joan.tv,25.
741 5756 1007 5834 "Matth.
1039 5759 1240 5827 vn,15.
1322 5754 1739 5821 "Galat.ttt,‘26

1844 5752 1884 5783 ¹⁹
1910 5752 2164 5821 Μαιιίι.ν,
2195 5756 2279 5822 17,
2317 5754 2395 5808 IS.
2476 5756 2665 5810 "Ibid.
2695 5754 2783 5821 2!,
2812 5753 2901 5807 ‘22.
2978 5754 3022 5785 “
3058 5748 3293 5814 Ibid.97,
3320 5746 3410 5801 ‘28.
