4070 6510
684 271 777 333 199

1666 271 1734 337 ‘s.
1765 259 2048 337 'CYRILLI
2084 258 2550 335 ALEXANDBINI
2589 282 2915 339 ARCIltl-ZP.

3863 290 3963 347 200

678 398 906 461 sanabit,
936 408 983 453 et
1006 400 1263 467 integrum
1293 415 1395 453 non
1424 401 1633 468 diriget,
1664 410 1711 453 et
1730 410 1923 453 Διθιιιηιθσ
1974 403 2241 453 electorum

2356 399 2652 466 .‘t'zowéro'r
2701 404 2774 453 οὐ
2804 403 2889 469 μὴ
2925 403 3171 471 (hrrida,
3204 403 3299 456 καὶ
3331 405 3398 457 τὸ
3430 406 3961 473 συντετρᾳψένοτ

676 490 964 556 devorabit,
998 499 1043 543 et
1074 490 1400 542 lalos‘eorum
1436 500 1706 557 pervertet.

747 732 1222 815 Lxxx1v.‘t‘:oni,
1253 749 1509 820 sapientis
1536 750 1799 819 peritique
1842 752 2089 820 paswris,
2138 738 2246 805 hoc

677 852 760 896 est
792 836 1019 908 Christi,
1047 843 1227 911 virgas
1257 844 1414 910 duas,
1445 858 1580 912 quas
1606 843 1849 912 proiecit,
1888 850 1950 898 "et
1976 842 2030 897 in
2068 842 2246 913 regio-

676 933 837 987 nibus
870 931 1295 989 Cbananaeorum
1321 934 1701 1001 dissipavit,eo
1736 934 1894 988 modo
1924 932 2051 1002 {quo
2082 949 2244 1002 supra

679 1039 710 1076 a
741 1024 896 1078 nobis
926 1024 1251 1093 explicatum
1294 1031 1396 1088 est,
1439 1023 1605 1095 769
1630 1025 1844 1093 quidam
1877 1032 2248 1092 cognoverunt

679 1108 892 1171 Domini
934 1114 1166 1170 Verbum
1220 1127 1366 1172 esse.
1417 1117 1778 1171 Crediderunt
1823 1116 1988 1180 enim,
2026 1124 2083 1169 ut
2112 1114 2244 1180 dixi,

674 1204 823 1272 quod
877 1220 999 1260 cum
1028 1204 1167 1260 Deus
1228 1217 1392 1271 esset,
1419 1214 1487 1260 ex
1532 1206 1639 1259 Deo
1680 1204 1842 1259 Patre
1896 1203 2243 1257 inenarrabili

677 1295 887 1351 ratione
941 1297 1180 1366 genitum
1242 1280 1500 1361 Verbum,
1554 1306 1835 1365 postquam
1875 1295 2043 1349 nostri
2073 1294 2247 1348 simile

676 1394 860 1439 natum
918 1396 1025 1451 est,
1082 1395 1137 1442 et
1187 1387 1436 1457 princeps
1492 1393 1767 1457 pastorum
1810 1385 2132 1455 appellatum
2177 1387 2244 1451 ",

675 1474 809 1546 ipsis
844 1477 910 1531 ad
937 1479 1323 1548 mystagogiam
1347 1487 1401 1533 et
1421 1478 1487 1531 ad
1515 1479 1757 1532 notitiam
1796 1485 2102 1532 accuratam
2132 1491 2249 1547 my--

680 1567 832 1621 sterii
865 1568 971 1631 sui,
1006 1569 1370 1639 evangelicam
1398 1570 1794 1624 institutionem
1828 1577 1880 1621 et
1905 1568 2249 1623 illuminatio-

678 1668 827 1723 nem,
865 1658 1199 1729 Iegalemque
1248 1660 1416 1714 etiam
1482 1660 1826 1728 disciplinam
1883 1660 2243 1728 proposuerit.

2350 490 2420 542 οὐ
2446 489 2532 557 μὴ
2558 488 2821 557 ἰάσηται,
2854 493 2952 545 καὶ
2979 493 3045 545 τὸ
3070 494 3412 561 ὀλόκληρον
3442 496 3515 548 οὐ
3539 496 3630 563 μὴ
3656 499 3959 551 scatede-

2349 595 2449 644 νη,
2483 578 2581 632 καί
2620 579 2693 633 τὰ
2729 580 2874 648 κρέα
2900 580 3019 634 τῶν
3049 582 3353 636 ἐκλεκτῶν
3381 584 3827 655 καταφάγεται,
3860 588 3955 640 καὶ

2349 671 2490 736 τοὺς
2518 672 2940 740 ἀστραγάλους
2976 672 3175 727 αὐτῶν
3203 673 3551 742 ἐκστρέψει.

2419 756 2542 816 HA’.
2588 762 2695 815 Τοῦ
2736 764 2943 833 ἀγαθοῦ
2982 764 3260 835 ποιμένος,
3290 767 3455 834 σοφοῦ
3485 784 3547 819 τε
3582 768 3687 820 καὶ
3723 768 3959 837 ὲπιστήυ

2352 870 2531 923 μόνος,
2561 848 2807 907 τουτέστι
2850 853 3111 923 Χριστοῦ,
3139 854 3238 918 τὰς
3289 854 3382 908 δύο
3436 856 3675 925 ῥάϐδους
3710 859 3955 929 ἀπορῤἰ-
4068 910 4070 935 Ι

2347 945 2546 1015 ψαντός
2579 964 2637 999 τε
2667 945 2762 999 καὶ
2788 946 3240 1025 διασκεδάσαντος
3263 948 3321 1000 έν
3344 952 3464 1010 ταῖς
3480 948 3592 1000 τῶν
3618 949 3957 1002 Χαναναίων
4068 950 4070 997 ἓ

2306 1058 2315 1065 ”
2349 1037 2576 1109 χώραις,
2606 1041 2747 1093 κατὰ
2794 1040 2921 1102 τοὺς
2953 1040 3055 1109 ἤδη
3105 1036 3651 1110 προαποδεδομένους
3683 1040 3955 1111 τρόπους,

2347 1132 2397 1183 οἰ
2439 1131 2537 1200 μὲν
2574 1130 2877 1199 ἐγνώκασιν
2901 1132 2982 1184 ὃτι
3008 1131 3178 1199 Λόγος
3213 1130 3418 1201 Κυρίου
3458 1132 3596 1183 ὲστί.
3639 1131 3958 1184 Damnati-
4068 1152 4070 1201 ;

2350 1238 2478 1275 κασι
2504 1223 2632 1292 γὰρ,
2665 1223 2741 1286 ὡς
2786 1223 2942 1291 ἔφην,
2973 1223 3054 1276 ὅτι
3081 1222 3215 1286 Θεὸς
3256 1221 3333 1275 ὢν
3378 1224 3411 1275 ό
3448 1223 3515 1275 ὲκ
3550 1221 3697 1275 Θεοῦ
3736 1223 3957 1292 Πατρὸς

2347 1312 2673 1383 ἀπορῤήτως
2704 1311 3101 1382 γεγεννημένος
3134 1312 3331 1379 Λόγος,
3361 1311 3554 1381 ’ἐπειδὴ
3584 1312 3800 1379 γέγονε
3828 1311 3957 1363 καθ’

2349 1401 2518 1469 ἡμᾶς,
2556 1400 2929 1470 κεχρημάτικέ
2967 1417 3027 1453 τε
3058 1399 3168 1452 τῶν
3199 1400 3336 1453 ὅλων
3367 1388 3746 1471 ἀρχιποίμην,
3791 1398 3959 1468 προῦ-

2349 1491 2515 1562 θηκεν
2542 1493 2724 1554 αὐτοῖς
2749 1494 2827 1554 είς
2857 1491 3246 1562 μυσταγωγίαν
3274 1491 3367 1544 καὶ
3390 1492 3469 1552 εἰς
3500 1490 3709 1562 εἴδησιν
3743 1490 3953 1560 ἀκριίῆ

2347 1581 2440 1635 τοῦ
2472 1582 2596 1636 καθ’
2626 1582 2817 1635 ἑαυτὸν
2859 1579 3159 1653 μυστηρίου
3194 1582 3294 1651 τήν
3323 1592 3382 1632 τε
3416 1581 3805 1650 εὐαγγελικὴν
3831 1580 3953 1632 παξ-

2347 1673 2529 1727 δευσιν
2572 1675 2667 1727 καὶ
2713 1672 3115 1742 φωταγωγίαν,
3171 1672 3266 1724 καὶ
3315 1671 3496 1741 μέντοι
3540 1670 3645 1740 τὴν
3685 1672 3950 1740 νομικὴν.

676 1746 785 1805 Has
817 1752 960 1805 enim
994 1751 1129 1807 duas
1163 1766 1285 1806 esse
1315 1752 1493 1821 virgas
1515 1752 1847 1815 dicebamus,
1908 1752 2103 1818 quibus
2150 1766 2241 1806 nos

2354 1764 2569 1827 Ταύτας
2600 1763 2708 1835 γὰρ
2755 1759 2893 1816 εἶναι
2924 1762 3022 1824 τὰς
3052 1761 3146 1814 δύο
3180 1760 3407 1832 ράὗδους
3447 1758 3743 1828 ἐλέγομεν,
3779 1758 3855 1810 δι’
3885 1751 3951 1811 ὧν

672 1842 850 1909 pascit
874 1840 1124 1895 Christus
1160 1859 1179 1892 ι
1215 1841 1266 1894 in
1298 1840 1516 1910 pascuis
1572 1840 1745 1903 bonis,
1798 1848 1849 1893 et
1883 1839 1935 1892 in
1964 1840 2082 1894 loco
2123 1839 2247 1907 pin-

674 1933 785 2001 gni,
828 1948 846 1983 ι
879 1942 937 1985 ιιι
967 1934 1229 2001 scriptum
1247 1940 1422 1987 exstat
1442 1924 1510 1984 ’¹³.
1564 1930 1764 1986 Verum
1821 1930 1991 1986 Judaei
2031 1947 2137 1986 non
2166 1933 2247 1985 in-

673 2019 985 2088 ~telligentes
1046 2021 1385 2089 mysterium,
1425 2029 1481 2074 et
1532 2020 1840 2090 ignorantes
1874 2021 2081 2091 virgam
2125 2022 2247 2092 pnla

670 2113 882 2175 claram,
911 2109 1013 2165 hoc
1034 2118 1121 2165 est
1170 2112 1605 2181 przedicationem
1635 2112 2018 2183 evangelicam,
2055 2122 2109 2168 et
2159 2114 2245 2168 in-

671 2213 836 2267 super
864 2198 1089 2252 alteram
1126 2199 1350 2268 virgam,
1383 2201 1469 2255 cui
1533 2216 1731 2256 nomen
1791 2198 2104 2269 Funiculus,
2153 2205 2245 2259 do-

670 2288 880 2354 spectni
911 2288 1198 2354 habentes,
1227 2289 1399 2359 legem
1431 2304 1526 2359 per
1554 2289 1738 2346 Mosen
1784 2293 1965 2345 datam
2012 2293 2242 2360 scilicet,

669 2378 830 2434 ﬁdem
864 2379 1234 2449 repudiarunt,
1259 2390 1315 2434 et
1340 2396 1436 2452 per
1464 2382 1634 2452 legem
1670 2398 1735 2438 ac
1784 2384 2078 2454 prophetas
2108 2396 2242 2453 prte-

671 2469 977 2524 nuntiatum
1010 2472 1347 2537 nescierunt,
1386 2472 1439 2526 id
1467 2473 1608 2542 quod
1659 2473 1737 2528 eis
1785 2482 1969 2542 aperte
1999 2473 2247 2531 Salvator

670 2563 786 2630 ipse
807 2564 1194 2631 exprobravit:
1227 2584 1247 2617 ι
1275 2565 1355 2621 Ne
1374 2566 1572 2633 putetis
1595 2567 1736 2634 quod
1770 2581 1869 2635 ego
1897 2577 2247 2624 accusaturus

670 2655 773 2710 sim
806 2669 906 2710 vos
939 2657 1078 2727 apud
1107 2656 1349 2713 Patrem.
1380 2657 1580 2727 Estqui
1608 2668 1830 2713 accusat
1853 2674 1950 2713 vos
1977 2659 2168 2723 Moses,
2191 2662 2244 2714 in

671 2763 833 2817 quem
867 2763 963 2803 vos
996 2747 1248 2818 speratis.
1287 2745 1347 2802 Si
1369 2748 1511 2802 enim
1547 2748 1844 2804 crederetis
1872 2749 2026 2815 Mosi,
2054 2752 2244 2806 crede-

672 2840 806 2895 retis
841 2838 1063 2893 iortisan
1086 2847 1142 2892 et
1173 2838 1304 2893 mihi
1336 2856 1350 2891 :
1377 2839 1444 2893 de
1479 2854 1563 2893 me
1584 2841 1729 2894 enim
1765 2841 1855 2896 ille
1895 2842 2130 2912 scripsit.
2185 2842 2241 2897 Si

671 2940 855 2985 autem
889 2929 1034 2984 illius
1057 2929 1254 2984 litteris
1284 2944 1391 2984 non
1447 2931 1693 2997 creditis,
1753 2934 2021 3001 quomodo
2069 2934 2244 2989 verbis

672 3021 812 3077 meis
837 3018 1170 3076 credetis“?
1202 3039 1221 3072 ι
1244 3019 1452 3075 Nullam
1470 3021 1637 3091 igitur
1660 3024 2044 3080 dubitationem
2060 3026 2239 3091 habet,

2353 1859 2501 1927 ἡμᾶς
2534 1855 2953 1925 καταποιμαίνει
2999 1852 3234 1921 Χριστὸς
3287 1872 3305 1902 ‹
3340 1852 3396 1904 ὲν
3435 1853 3575 1920 νομῇ
3611 1850 3837 1919 ἀγαθῇ,
3866 1852 3953 1901 καὶ

2354 1953 2412 2005 ὲν
2443 1951 2594 2021 τόπῳ
2621 1949 2784 2012 πίονι,
2822 1967 2839 1998 ι
2883 1944 3028 2000 καθὰ
3059 1946 3388 2014 γέγραπται.
3407 1943 3542 1995 Ἀλλ’
3575 1943 3640 1995 οὐ
3692 1942 3949 2003 συνέντες

2367 2043 2610 2096 Ἰουδαῖοι
2634 2041 2695 2093 τὸ
2726 2041 3042 2111 μυστήριον,
3062 2035 3387 2105 ἠγνοηκότες
3414 2034 3469 2086 δὲ
3496 2035 3593 2086 καὶ
3620 2032 3729 2103 τὴν
3754 2032 3951 2103 ῥάϐδον

2351 2129 2451 2199 τὴν
2505 2127 2698 2199 καλὴν,
2733 2126 2997 2188 τουτέστι,
3030 2124 3093 2175 τὸ
3146 2123 3410 2192 κήρυγμα
3451 2120 3513 2172 τὸ
3554 2121 3947 2189 εὐαγγελικὸν,

2352 2222 2450 2274 καὶ
2477 2220 2697 2290 προσέτι
2726 2218 2932 2279 τούτοις
2957 2215 3054 2285 τὴν
3084 2215 3276 2284 ἑτέραν
3310 2211 3683 2279 ἀτιμάσαντες
3723 2212 3944 2282 ῥάϐδον,

2354 2306 2388 2385 ᾖ
2419 2312 2590 2381 ὄνομα
2624 2304 3198 2379 Σχοίνισμα,τουτέστι
3235 2304 3326 2358 τὸν
3358 2305 3447 2357 διὰ
3474 2302 3731 2366 Μωσέως
3758 2304 3943 2371 νόμον,

2353 2401 2414 2454 οὐ
2447 2399 2792 2469 προσήκαντο
2826 2397 2923 2466 μὲν
2955 2396 3051 2467 τὴν
3074 2396 3280 2458 πίστιν,
3313 2393 3619 2464 ἠγνοήκασι
3647 2392 3712 2445 δὲ
3742 2392 3841 2445 τὸν
3864 2393 3945 2445 δά

2354 2492 2521 2561 νόμου
2546 2489 2639 2542 καὶ
2676 2488 2967 2559 προφητῶν
2994 2486 3493 2558 προηγορευμένον,
3527 2484 3623 2537 καί
3652 2482 3827 2535 τοῦτο
3856 2484 3947 2537 αὖα

2353 2585 2463 2644 τοῖς
2495 2581 2732 2651 ἔφασκεν
2759 2578 3002 2649 ἐναργῶς
3031 2578 3194 2640 αὐτὸς
3218 2577 3247 2627 ό
3275 2575 3495 2645 Σωτήρο
3543 2588 3562 2624 ι
3582 2572 3679 2642 Μὴ
3710 2573 3943 2633 δοκεῖτε,

2352 2674 2433 2726 ὅτι
2470 2671 2580 2740 ἐγὼ
2614 2671 2971 2741 κατηγορήσω
3022 2668 3175 2739 ὑμῶν
3209 2667 3345 2737 πρὸς
3374 2666 3463 2719 τὸν
3492 2664 3947 2733 Πατέρα.Ἐστιν

2351 2768 2380 2817 ό
2403 2763 2722 2834 κατηγορῶν
2752 2761 2904 2826 ὑμῶν
2931 2762 3156 2830 Μωσῆς,
3176 2761 3254 2821 εἰς
3280 2759 3345 2810 ὃν
3371 2758 3527 2826 ὑμεῖς
3555 2755 3871 2825 ἠλπίκατε·
3888 2757 3945 2807 Εἰ

2352 2852 2461 2923 γὰρ
2486 2852 2798 2905 ἐπιστεύετε
2826 2850 3032 2908 Μωσεῖ,
3056 2846 3367 2901 ἐπιστεύετε
3395 2844 3461 2899 ἂν
3491 2844 3637 2913 ὲμοίδ
3674 2845 3816 2914 περὶ
3844 2844 3947 2913 γὰρ

2351 2940 2486 3013 ἐμοῦ
2513 2942 2717 3003 ἐκεῖνος
2748 2936 3008 3007 ἔγραψεν.
3041 2935 3101 2989 Εί
3134 2934 3190 2987 δὲ
3217 2936 3327 2998 τοῖς
3368 2934 3577 2987 ἐκείνου
3609 2934 3948 3004 γράμμασιν

2351 3034 2411 3087 οὐ
2446 3031 2751 3093 πιστεύετε,
2777 3029 2895 3091 πῶς
2929 3030 3039 3090 τοῖς
3063 3028 3220 3097 ἐμοῖς
3270 3028 3477 3098 ῥήμασι
3506 3024 3891 3090 πιστεύσετες
3924 3045 3941 3077 ι

670 3128 768 3170 eos
796 3127 971 3181 neque
994 3113 1189 3168 litteris
1222 3112 1492 3177 Mosaicis,
1523 3127 1699 3182 neque
1721 3115 1899 3168 verbis
1944 3114 2241 3169 Salvatoris

2349 3128 2506 3179 Ἔστι
2530 3123 2705 3179 τοίνυν
2731 3119 3031 3190 οὐδαμόθεν
3058 3119 3379 3190 ἀμφίλογον,
3411 3118 3485 3179 ὡς
3514 3116 3638 3168 οὔτε
3667 3117 3790 3179 τοῖς
3810 3117 3947 3169 Mm-

672 3206 833 3262 ﬁdem
854 3204 1184 3261 adhibuisse.
1215 3204 1354 3271 Quia
1385 3219 1512 3259 vero
1588 3206 1947 3274 cognitionem
1998 3208 2245 3263 veritatis

683 3296 957 3368 aspernati
989 3305 1138 3358 sunt,
1167 3297 1429 3366 scriptum
1453 3306 1538 3351 est
1562 3312 1591 3350 a
1613 3296 1777 3351 Paulo
1802 3298 2201 3366 sapientissimo
2226 3315 2239 3350 :

675 3401 698 3436 ι
727 3383 855 3439 ideo
875 3383 1053 3437 mittet
1098 3382 1206 3437 illis
1233 3377 1378 3438 Deus
1397 3386 1764 3453 operationem
1794 3386 2019 3453 erroris,
2045 3397 2100 3441 ut
2126 3402 2247 3442 cre-

671 3474 804 3529 dant
824 3475 1103 3529 mendacio
1132 3473 1199 3532 ".
1233 3493 1252 3526 ι
1279 3474 1659 3543 Operationem
1714 3478 1916 3533 erroris
1966 3478 2245 3534 Antichri-

671 3575 815 3619 stum
844 3577 966 3618 esse
988 3565 1139 3626 dicit.
1182 3565 1267 3619 cui
1292 3566 1491 3621 addicti
1539 3565 1706 3622 Judaei
1749 3569 2168 3635 damnabuntur,
2190 3580 2245 3625 et

683 3671 849 3711 verax
886 3657 1189 3724 reperietur
1209 3656 1457 3711 Salvator
1478 3654 1773 3713 incredulis
1796 3659 2028 3714 dicens:
2066 3677 2085 3711 ι
2133 3661 2243 3731 Ego

674 3749 800 3803 veni
825 3749 878 3802 in
924 3749 1146 3803 nomine
1168 3747 1346 3802 Patris
1367 3750 1491 3813 mei,
1521 3760 1575 3802 et
1598 3762 1703 3803 non
1755 3751 1999 3820 accipitis
2019 3765 2103 3805 me
2130 3767 2143 3802 :
2198 3753 2243 3807 si

671 3837 812 3892 alius
833 3838 1041 3891 venerit
1071 3838 1128 3890 in
1155 3839 1370 3892 nomine
1388 3852 1508 3904 suo,
1532 3836 1678 3892 illum
1695 3838 1975 3907 accipietis
2001 3842 2067 3891 “.
2094 3858 2115 3891 ι
2145 3839 2242 3894 Ju-

672 3928 819 3983 ὀποῦ
850 3929 1017 3997 igitur
1039 3926 1207 3981 illium
1249 3927 1554 3996 iniquitatis
1583 3927 1712 3983 olim
1757 3943 1880 3983 cum
1933 3932 2246 3998 apparuerit

669 4019 809 4074 citra
836 4018 1234 4073 cunctationem
1257 4028 1621 4088 suscepturos,
1683 4037 1703 4070 ι
1763 4019 2142 4075 adversantem
2174 4022 2244 4090 [et

668 4110 1021 4167 extollentem
1047 4121 1280 4179 sesupra
1304 4125 1466 4164 omne
1513 4111 1655 4180 quod
1692 4111 1891 4166 dicitur
1946 4111 2107 4175 Deus,
2151 4122 2243 4166 aut

669 4201 1048 4271 quodcolitur,
1074 4200 1149 4254 ita
1181 4210 1238 4254 ut
1275 4201 1326 4254 in
1357 4200 1553 4269 templo
1586 4200 1677 4256 Dei
1704 4204 1911 4268 sedeat,
1950 4204 2242 4258 ostendens

669 4310 732 4351 se
760 4302 1019 4363 tanquam
1051 4294 1123 4348 sit
1142 4293 1272 4349 deus
1301 4294 1367 4359 ⁸⁷,
1412 4312 1431 4346 ι
1462 4295 1789 4349 nescientem
1823 4296 1956 4350 bene
1993 4303 2044 4348 et
2086 4295 2241 4351 docte

2348 3216 2487 3278 σέως
2537 3209 2934 3265 πεπιστεύκασι
2971 3209 3314 3280 γράμμασιν,
3342 3205 3466 3257 οὒτε
3519 3205 3627 3274 μὴν
3678 3208 3803 3269 τοῖς
3848 3204 3945 3258 τοῦ

2346 3305 2596 3375 Σωτῆρος
2628 3303 2887 3374 ῥήμασιν.
2907 3299 3124 3366 Ἐπειδὴ
3153 3297 3209 3349 δὲ
3240 3296 3337 3365 τῆς
3367 3293 3629 3362 ἀληθείας
3667 3292 3777 3362 τὴν
3808 3292 3948 3361 γνῶ-

2347 3416 2431 3453 σιν
2472 3399 2534 3450 οὺ
2570 3392 2952 3467 παρεδέξαντο,
2993 3411 3013 3444 ι
3042 3390 3330 3460 Ταύτῃτοι,
3356 3386 3522 3457 φησὶν
3559 3388 3588 3439 ὁ
3619 3386 3947 3455 σοφώτατος

2346 3490 2578 3556 Παῦλος,
2613 3488 2822 3560 πέμψει
2853 3487 3037 3548 αὐτοῖς
3061 3486 3088 3537 ό
3121 3482 3252 3543 Θεὸς
3280 3480 3563 3548 ἐνέργειαν
3599 3479 3844 3550 πλάνης,
3864 3482 3947 3543 εἰς

2345 3581 2406 3635 τὸ
2431 3579 2719 3636 πιστεῦσαι
2746 3578 2945 3640 αὐτοὺς
2971 3575 3051 3645 τῷ
3075 3572 3281 3642 ψεύδει.
3313 3587 3331 3623 ι
3372 3570 3691 3640 Ἐνέργειαν
3741 3570 3805 3623 δὲ
3846 3570 3948 3639 τῆς

2338 3674 2557 3744 ,πλάνης
2582 3674 2674 3725 τὸν
2702 3669 3068 3738 Ἀντίχριστον
3098 3659 3234 3716 εἶναί
3262 3678 3447 3731 φησιν,
3468 3653 3514 3727 ᾧ
3535 3661 3943 3729 προστεθέντες

2360 3766 2601 3819 Ἰουδαῖοι
2652 3757 3189 3829 κατακριθήσονται,
3226 3752 3325 3807 καὶ
3371 3749 3706 3805 πιστώσεται
3760 3751 3942 3818 λέγων

2345 3859 2529 3919 αὐτοῖς
2553 3855 2584 3907 ὁ
2613 3852 2822 3922 Σωτὴρ,
2844 3848 3085 3903 ἀπειθεῖν
3108 3845 3404 3919 ᾑρημένοις
3424 3861 3437 3876 ’
3473 3863 3491 3896 ι
3516 3843 3660 3911 Ἐγὼ
3690 3842 3938 3914 ἐλήλυθα

2345 3952 2403 4001 ὲν
2425 3945 2505 4017 τῷ
2531 3946 2757 4015 ὀνόματι
2782 3942 2877 3996 τοῦ
2910 3940 3123 4010 Πατρός
3154 3956 3278 4010 μου,
3304 3938 3398 3991 καὶ
3417 3938 3478 3990 οὐ
3499 3934 3821 4008 λαμϐάνετέ
3847 3951 3937 4007 με’

2344 4040 2439 4093 ἐὰν
2466 4037 2625 4099 ἄλλος
2671 4035 2800 4107 ελθῃ
2827 4036 2885 4087 έν
2912 4032 2991 4103 τῷ
3016 4032 3243 4100 ὀνόματι
3289 4030 3368 4100 τῷ
3422 4029 3559 4099 ἰδίῳ,
3590 4030 3809 4081 ἐκεῖνον
3841 4028 3941 4098 λή-

2342 4128 2531 4199 ψεσθε.
2564 4127 2715 4180 »Ὅτι
2741 4125 2923 4178 τοίνυν
2960 4123 3201 4177 Ἰουδαῖοι
3237 4120 3489 4191 μέλλουσι
3525 4118 3665 4172 κατὰ
3701 4117 3943 4188 καιροὺς

2348 4218 2627 4288 πεφηνότα
2674 4217 2767 4268 τὸν
2820 4216 2920 4285 τῆς
2963 4213 3194 4283 ἀνομίας
3226 4211 3341 4264 υἱὸν
3375 4208 3639 4278 ἀμελλητὶ
3692 4207 3944 4277 παραδέ-

2342 4309 2557 4381 χεσθαι,
2597 4324 2617 4357 ι
2652 4304 2744 4358 τὸν
2776 4302 3154 4372 ἀντικείμενον
3199 4300 3296 4353 καὶ
3354 4295 3790 4367 ὑπεραιρόμενον
3844 4296 3941 4347 ἐπὶ

669 4398 918 4456 pascere,
954 4383 1125 4453 ﬁgura
1172 4385 1403 4453 quadam
1438 4401 1469 4440 a
1524 4386 1787 4455 propheta
1836 4386 2237 4454 praemonstrari

2347 4398 2524 4451 πάντα
2557 4396 2848 4465 λεγόμενον
2892 4391 3044 4457 Θεὸν,
3075 4390 3109 4460 ἢ
3155 4389 3429 4457 σέϐασμα,
3457 4385 3598 4439 ὥστε
3645 4384 3820 4438 αὑτὸν
3854 4388 3940 4447 είς

670 4475 816 4531 Deus
841 4475 1013 4545 jubet,
1051 4476 1137 4531 his
1163 4475 1343 4530 verbis
1370 4492 1382 4530 :
1414 4494 1433 4527 ‹
1473 4476 1663 4532 Adhuc
1687 4490 1839 4530 sume
1870 4475 1961 4530 tibi
1997 4490 2124 4530 vasa
2153 4489 2240 4543 pa-

669 4567 892 4622 stnralia
922 4566 1153 4636 pastoris
1179 4568 1432 4638 imperiti.
1473 4586 1490 4621 ι
1516 4566 1770 4622 Pastores
1793 4566 1934 4620 enim
1964 4567 2235 4633 meiiores,

668 4670 726 4714 et
757 4659 1056 4714 studiorum
1109 4672 1228 4729 quae
1276 4669 1507 4714 tractant
1565 4657 1788 4712 minime
1837 4657 2013 4721 rudes,
2060 4658 2236 4729 virgas

670 4751 873 4805 habent
906 4751 1154 4820 graciles,
1212 4761 1269 4805 ut
1320 4765 1447 4823 cum
1498 4749 1659 4803 fuerit
1719 4748 1882 4802 etiam
1904 4750 2233 4817 percutiendi

670 4852 900 4913 tempus,
920 4844 1059 4914 quod
1098 4844 1398 4914 percutitur
1433 4855 1536 4894 non
1562 4848 1890 4895 conteratur.
1937 4837 2105 4909 Hujus
2155 4840 2231 4895 rei

669 4934 973 5003 imperitus,
996 4941 1051 4988 et
1080 4934 1212 4989 artis
1242 4932 1537 5002 pastoritia'
1568 4931 2057 5000 ignorantissimus,
2090 4948 2236 4987 cras-

668 5026 902 5081 sioribus
936 5026 1144 5080 baculis
1176 5024 1409 5094 pecudes
1439 5022 1735 5077 contundit.
1762 5022 1825 5075 Et
1854 5023 1986 5087 haec,
2016 5025 2227 5092 opinor,

668 5117 834 5188 770
854 5128 979 5173 sunt
1003 5132 1131 5171 vasa
1162 5115 1455 5185 pastoralia
1512 5114 1743 5185 imperiti
1777 5114 2029 5184 pastoris.
2082 5115 2230 5182 Quo-

666 5213 813 5265 niam
855 5226 984 5265 vero
1022 5209 1307 5279 aliquando
1340 5207 1480 5263 illius
1512 5208 1812 5279 iniquitatis
1844 5209 1990 5279 regio
2038 5208 2230 5277 praedi-

667 5313 754 5360 tus
787 5305 993 5360 honore
1022 5302 1342 5359 mortalibus
1372 5300 1605 5371 pastoris
1634 5300 1752 5355 loco
1780 5300 2057 5354 habendus
2092 5311 2227 5363 erat,

665 5412 765 5452 nec
796 5409 1096 5467 parsurum
1116 5392 1407 5462 quidquam
1422 5392 1630 5461 papnlis
1654 5401 1759 5445 tam
1788 5390 2228 5461 subjectis,quam

738 5598 784 5628 ιι
823 5598 843 5648 l
875 5595 1018 5677 Pctr.
1062 5610 1114 5661 ν,
1143 5598 1195 5655 4.
1272 5600 1317 5633 ’³
1348 5595 1543 5655 Ezech.
1574 5612 1761 5666 xxxiv,
1804 5597 1887 5652 14.
1966 5596 2012 5677 ἐκ
2041 5595 2198 5652 Joan.
2231 5609 2241 5635 ι

2350 5593 2500 5648 5-47.
2581 5593 2626 5626 ³⁵
2658 5590 2700 5646 11
2735 5588 2923 5647 Thess.
2961 5602 3022 5652 ιι,
3052 5586 3137 5675 l0.
3222 5586 3281 5665 q“
3312 5585 3466 5642 Joan.
3501 5600 3556 5653 v,
3595 5584 3687 5639 45.

668 5664 856 5723 Thess.
899 5680 956 5731 ιι,
992 5667 1041 5718 4.

2343 4484 2436 4537 τὸν
2465 4482 2590 4537 ναὸν
2627 4481 2723 4535 τοῦ
2758 4479 2891 4535 Θεοῦ
2920 4477 3164 4540 καθίσαι,
3196 4473 3587 4530 ἀποδεικνύντα
3612 4472 3814 4527 ἑαυτὸν
3853 4473 3937 4525 ὅτι

2345 4576 2462 4629 ἐστὶ
2484 4574 2638 4638 Θεὸς,
2664 4573 2755 4626 τὸν
2782 4572 2883 4624 οὐκ
2916 4568 3094 4623 εἰδότα
3123 4568 3305 4630 καλῶς
3334 4566 3645 4637 ποιμαίνειν
3673 4565 3773 4618 καὶ
3810 4568 3938 4618 ἑπι-

2345 4669 2661 4739 στημόνως,
2708 4659 3219 4736 προανατυποῦσθαι
3276 4657 3487 4712 κελεύει
3535 4655 3614 4727 τῷ
3670 4658 3937 4727 προφήτῃ

2341 4758 2494 4823 Θεὸς,
2518 4756 2659 4810 οὕτω
2694 4755 2889 4823 λέγων·
2932 4754 3084 4805 «Ἔτι
3117 4749 3247 4803 λαϐὲ
3280 4747 3492 4817 σεαυτῷ
3524 4748 3695 4817 σκεύη
3728 4763 3933 4817 ποιμεο

2338 4851 2463 4902 νικὰ
2507 4846 2763 4915 ποιμένος
2807 4845 3056 4915 ἀπείρου.
3092 4863 3110 4894 ι
3146 4844 3208 4895 Οἰ
3244 4839 3482 4910 μὲνγὰρ
3509 4839 3620 4892 τῶν
3651 4840 3935 4908 ποιμένων

2339 4940 2754 5007 ἐπιεικέστεροι,
2792 4937 2886 4989 καὶ
2923 4935 3033 4988 τῶν
3058 4936 3116 4989 ιν
3154 4924 3312 5003 χερσὶ
3346 4930 3784 5000 σπουδασμὰτων
3808 4931 3934 4985 ἑπι-

2338 5027 2626 5096 στήμονες,
2658 5022 2843 5092 ἰσχνὰς
2868 5021 3050 5092 έχουσι
3075 5020 3175 5082 τὰς
3203 5018 3453 5090 ῥάϐδους,
3490 5019 3580 5072 ἵνα
3616 5019 3669 5070 εί
3709 5019 3933 5085 γένοιτο

2336 5117 2431 5171 atati
2481 5114 2664 5168 παίειν
2710 5111 2918 5183 καιρὸς,
2949 5110 3027 5181 μὴ
3058 5108 3423 5179 συνθραύηται
3462 5107 3525 5161 τὸ
3558 5107 3927 5177 τυπτόμενον.

2336 5210 2399 5261 Εἰ
2449 5208 2505 5260 δὲ
2554 5206 2619 5277 δή
2670 5222 2753 5268 τις
2800 5202 2884 5272 εἴη
2930 5202 3037 5254 τῶν
3075 5200 3177 5253 οὐκ
3223 5199 3439 5253 εἰδότων
3471 5198 3534 5252 τὸ
3566 5198 3781 5270 χρῆμα,
3827 5202 3932 5253 καὶ

2340 5298 2661 5369 ποιμενικῇ
2707 5296 3015 5364 ἐπιστήμης
3053 5292 3128 5355 ὡς
3160 5293 3415 5347 ἁποτόιτω
3449 5292 3726 5360 κείμενος,
3764 5291 3930 5361 (£6904-

2338 5393 2515 5463 τὲροις
2564 5388 2701 5443 αὐτὰ
2738 5387 3011 5457 συντρίϐει
3051 5385 3323 5456 ῥοπάλοις.
3354 5384 3464 5437 Καὶ
3512 5382 3709 5448 ταῦτα,
3741 5378 3924 5453 οἶμαι,

3766 5582 3811 5614 Π
