4070 6506
103 387 207 440 201

914 393 1462 453 COMMENTARIUS
1502 399 1569 453 ΙΝ
1609 400 2008 467 ΖᾼΕΗΛΒΙΑΜ
2048 402 2487 461 PROPIIETMI.

3224 418 3333 473 202

105 496 224 551 Im
250 495 316 549 τὰ
350 498 517 568 σκεύη
560 499 626 551 τὰ
669 506 956 573 ποιμενικά
986 507 1081 559 τοῦ
1123 509 1354 580 ἀπείρου
1403 513 1677 583 ποιμένος.

1783 530 1886 573 non
1917 516 2198 587 subjectis,
2236 519 2434 573 idcirco
2462 521 2534 573 ait
2558 537 2576 572 ε.
2612 540 2629 573 ι
2670 520 2806 579 Ecce
2838 539 2938 595 ego
2969 530 3214 586 excitabo
3248 550 3339 603 pa.

120 586 336 659 Ἐπειδὴ
365 588 420 639 δὲ
446 590 584 643 κατά
616 594 837 667 καιροὺς
862 593 1084 665 ἔμελλεν
1109 598 1137 650 6
1162 598 1260 667 τῆς
1301 602 1530 671 ἀνομίας
1559 604 1672 666 υἱὸς

103 678 205 747 τὴν
259 676 499 746 βασιλίδα
552 683 715 752 τιμὴν
755 687 1151 756 περικείμενος,
1182 689 1358 746 δοκεῖν
1410 694 1472 747 ἐν
1521 692 1673 757 τάξει

105 768 364 838 ποιμένος
406 769 882 842 ἀναδειχθήσεσθαι
911 780 1021 840 τοῖς
1050 780 1142 831 ἐπὶ
1173 780 1271 850 τῆς
1301 782 1424 851 γῆς,
1461 785 1673 853 φειδοῦς

104 876 168 928 γε
202 860 309 929 μὴν
337 858 591 930 οὐδεμιᾶς
622 862 805 928 ἀξιοῦν
836 867 960 929 τοὺς
990 867 1095 920 ὑπὸ
1126 872 1281 941 χεῖρα
1307 871 1542 942 λαοὺς,ἢ
1579 876 1673 927 καὶ

104 952 231 1014 τοὺς
256 949 360 1017 ἔξω
387 951 586 1023 χειρὸς,
611 953 782 1027 ταύτῃ
803 973 885 1009 τοι
920 958 1112 1027 φησίνο
1150 977 1169 1010 ι
1194 960 1323 1013 Ἰδοὺ
1359 960 1469 1030 ἐγὼ
1499 962 1674 1033 ἐγερῶ

105 1035 338 1105 ποιμένα
371 1037 463 1090 ἐπὶ
488 1039 584 1108 τὴν
610 1040 811 1109 γῆνσῒὸ
837 1043 1170 1112 ὲκλιμπάνον
1197 1048 1257 1100 οὐ
1282 1048 1356 1118 μὴ
1373 1050 1671 1122 ὲπισκέψη-

100 1139 212 1176 ται.
242 1125 499 1196 ,υόμοιον
527 1126 603 1190 ώς
635 1130 684 1181 εί
712 1129 878 1199 λέγοι.
897 1133 970 1185 Τὸ
995 1134 1287 1206 ὀλισθῆσαν
1320 1140 1398 1201 είς
1430 1138 1672 1207 ὀλιγοπι-

102 1212 281 1277 στίαν,
321 1214 419 1267 οὐκ
460 1214 524 1268 ἂν
574 1217 896 1289 ἐπιρρώσειε
935 1226 1055 1286 ταῖς
1091 1228 1518 1297 μυσταγωγίαις.
1554 1247 1572 1281 ι
1601 1231 1674 1284 Τὸ

98 1302 158 1356 δὲ
184 1305 633 1375 ἐσκορπισμένον,
665 1311 726 1362 οὐ
755 1311 828 1383 μὴ
855 1310 1085 1385 ζητήσῃ.
1109 1334 1126 1366 ι
1158 1316 1231 1369 Τὸ
1259 1318 1670 1390 ὲκπεφοιτηκδς,

100 1396 262 1466 φησὶ,
295 1398 396 1467 τῆς
424 1397 640 1461 εὐθείας
667 1400 809 1466 ὁδοῦ,
840 1404 935 1455 καὶ
966 1404 1064 1475 τὴς
1097 1405 1297 1477 ἀγέλης
1335 1409 1673 1479 ἀποσκιρτᾷν

98 1485 312 1553 εἰωθὸς,
347 1486 408 1539 οὐ
454 1487 529 1563 μὴ
572 1489 799 1565 ζητήσῃ,
826 1493 1103 1547 τουτέστιν
1156 1496 1256 1553 οὐκ
1303 1496 1369 1549 ἂν
1413 1498 1670 1569 μεταθείη

100 1578 239 1648 πρὸς
267 1577 330 1632 τὸ
362 1580 582 1647 άμεινόν
608 1598 668 1634 τε
698 1582 793 1634 καὶ
820 1582 941 1653 ἔχον
970 1583 1164 1654 ὀρθῶς.
1201 1604 1218 1636 ι
1248 1586 1321 1639 T6
1349 1603 1672 1659 συντετριμ-

102 1672 267 1740 μένον
285 1673 346 1725 οὐ
366 1671 490 1743 [μὴ]
516 1674 750 1744 ἰάσηται.
764 1694 783 1726 ι
803 1676 1151 1747 Συντρίὸεται
1172 1677 1229 1731 δέ
1257 1678 1410 1749 τις,ἧ
1435 1682 1673 1750 πονηρᾶς

100 1761 296 1835 ἡδονῆς
340 1762 670 1834 ἡττώμενος,
701 1764 794 1819 καὶ
825 1760 937 1819 οἷον
963 1766 1025 1819 οὐ
1051 1766 1232 1837 φέρων
1274 1767 1373 1836 τῆς
1416 1768 1671 1840 φιλοσαρο

1775 616 1974 661 storem
1999 623 2161 678 super
2198 619 2415 673 terram.
2449 611 2598 679 Quod
2628 612 2823 673 defecit
2864 632 2971 677 non
3018 619 3272 678 visitabit.
3311 645 3330 678 ι

1775 694 2005 750 Perinde
2028 698 2152 763 acsi
2182 699 2343 761 dicat,
2381 701 2523 770 quod
2554 702 2858 775 prolapsum
2880 716 2964 761 est
2996 707 3049 769 in
3095 709 3337 767 imbecil-

1774 784 1975 840 litatem
2016 787 2159 852 ﬁdei,
2187 790 2431 845 doctrina
2456 806 2607 847 sacra
2669 809 2775 849 non
2816 798 3180 858 confirmabit.
3215 820 3233 861 ι
3272 803 3361 859 Et.

1772 873 1913 942 quod
1946 876 2243 943 dispersum
2276 886 2378 942 est,
2419 894 2523 941 non
2553 882 2811 951 requiret.
2843 903 2862 937 ι
2891 884 3043 952 Quod
3112 902 3141 943 a
3195 900 3337 957 recta
3362 886 3371 949 ί

1774 962 1856 1023 via
1889 962 2160 1029 discessit,
2191 964 2386 1033 inquit,
2441 975 2498 1022 et
2552 984 2581 1021 a
2618 985 2780 1047 grege
2806 973 3015 1027 resilire
3046 975 3202 1043 solet,
3228 994 3334 1043 non

1775 1052 2033 1118 requiret,
2062 1053 2164 1109 hoc
2190 1067 2294 1118 est,
2317 1056 2383 1109 ad
2412 1064 2610 1113 statum
2631 1061 2909 1123 meliorem
2950 1074 2999 1119 et
3048 1066 3333 1137 probatum

1776 1156 1878 1194 non
1904 1143 2197 1203 revocabit.
2232 1163 2251 1197 ι
2285 1144 2436 1217 Quod
2463 1149 2753 1207 contritum
2775 1161 2861 1207 est
2892 1168 2996 1212 non
3043 1156 3276 1231 sanabit.
3312 1174 3332 1209 ι

1773 1230 2084 1295 Conteritur
2111 1246 2287 1303 autem
2305 1238 2449 1307 quis,
2467 1249 2553 1295 aut
2578 1240 2854 1310 voluptate
2879 1258 3038 1313 prava
3064 1230 3337 1321 expugna-

1776 1331 1862 1385 tus
1889 1333 1943 1379 et
1972 1325 2371 1394 quodammodo
2407 1331 2609 1395 amoris
2645 1348 2825 1391 rerum
2853 1336 3152 1401 carnalium
3194 1354 3334 1409 pon-

1773 1411 1874 1466 dus
1904 1430 2006 1469 non
2049 1416 2323 1475 sustinens
2350 1457 2367 1483 ,
2419 1431 2512 1485 aut
2539 1431 2689 1478 certe
2724 1423 3007 1493 impiorum
3055 1426 3337 1484 hzeretico-

1776 1517 1891 1555 rum
1922 1504 2328 1577 deceptionibtts
2361 1525 2466 1565 una
2488 1512 2740 1581 abreptus
2767 1525 2821 1570 et
2843 1516 2914 1575 .ad
2938 1526 3089 1575 recte
3112 1520 3339 1587 creden-

1773 1594 1898 1646 dum
1954 1610 2084 1649 sana
2127 1609 2305 1652 mente
2348 1600 2655 1658 destitutus.
2714 1604 2897 1661 Talem
2954 1622 3141 1667 rursus
3183 1618 3342 1669 sanat

1774 1694 1956 1751 pastor
1988 1686 2181 1741 bonus.
2242 1689 2523 1758 Imperitos
2553 1703 2731 1753 autem
2780 1712 2803 1747 ,ι
2867 1696 3007 1763 quod
3068 1696 3336 1767 integrum

1774 1783 1855 1827 est
1882 1790 1986 1826 non
2011 1776 2225 1844 diriget,
2280 1789 2334 1832 et
2390 1794 2582 1837 carnes
2625 1782 2917 1840 electorum
2941 1784 3241 1851 devorabit,
3286 1797 3340 1840 et

100 1852 223 1915 κίας
276 1853 340 1907 τὸ
384 1853 580 1924 βάρος*
617 1855 785 1925 ἤγουν
819 1858 938 1919 ταῖς
968 1857 1076 1910 τῶν
1123 1858 1350 1912 ἀνοσίων
1383 1860 1674 1929 αίρετικῶν

1778 1862 1915 1918 talos
1934 1879 2122 1927 eorum
2154 1877 2447 1935 pervertet.
2482 1888 2502 1923 ι
2531 1870 2872 1943 Oppuguabit
2928 1873 3073 1935 enim
3123 1887 3339 1939 sanctos

101 1942 339 2005 ἀπάταις
373 1944 839 2014 συνηρπασμένος,
869 1946 963 1999 καὶ
991 1946 1119 2014 ὑγιᾶ
1141 1947 1232 1999 τὸν
1258 1946 1382 2000 νοῦν
1412 1948 1511 2000 οὐκ
1534 1946 1669 2018 ἔχων

100 2030 179 2093 είς
227 2048 293 2098 γε
345 2032 406 2084 τὸ
454 2033 646 2105 χρῆναι
701 2035 973 2089 πιστεύειν
999 2036 1191 2107 ὀρθῶς.
1222 2037 1422 2090 Τοῦτον
1452 2038 1611 2090 πάλιν
1642 2040 1671 2090 ὁ

101 2117 305 2185 ἀγαθὸς
355 2121 494 2175 ίᾶται
542 2124 839 2194 ποιμήν.”0
865 2142 930 2194 γε
971 2126 1077 2197 μὴν
1116 2125 1360 2197 ἄπειρος,
1395 2146 1411 2179 ι
1440 2128 1515 2180 Τὸ
1556 2127 1671 2179 ὁλοι-

100 2208 304 2279 κληρον
328 2211 389 2263 οὐ
420 2212 493 2282 μὴ
521 2213 846 2288 κατευθύνῃ,
876 2217 971 2268 καὶ
1003 2216 1071 2271 τὰ
1102 2218 1239 2287 κρέα
1268 2219 1374 2270 τῶν
1400 2219 1671 2273 ἐκλεκτῶν

99 2300 504 2367 καταφάγεται,
535 2302 629 2357 καὶ
663 2306 789 2368 τοὺς
824 2307 1195 2376 ἀστραγάλους
1239 2308 1417 2363 αὐτῶν
1442 2311 1673 2381 -έκστρέο

96 2388 211 2457 ψει.
249 2409 268 2440 ι
317 2390 615 2463 Πολεμήσει
645 2410 752 2463 γαρ
776 2397 887 2458 τοῖς
918 2396 1089 2462 ἁγίοις
1109 2398 1138 2449 6
1160 2398 1259 2467 τῆς
1292 2398 1516 2465 ἀνομίας
1537 2400 1673 2463 υίὸς,

101 2478 194 2529 καὶ
249 2479 505 2547 ἀχάλινον
555 2483 735 2545 αὐτοῖς
787 2484 1017 2552 ἐπαφεὶς
1048 2484 1146 2553 τὴν
1178 2484 1363 2556 ὀργὴν,
1394 2488 1675 2559 μονονουχὶ¹

103 2572 195 2623 καὶ
227 2572 626 2642 κρεωνομήσει,
658 2572 751 2630 καὶ
782 2574 1159 2642 καταφάγεται
1180 2574 1346 2646 θηρὸς
1376 2577 1566 2647 ἀγρίου
1594 2578 1675 2631 δί-

103 2676 223 2731 κην.
242 2659 561 2731 ἶΕκστρέψει
592 2661 649 2713 δὲ
681 2662 775 2714 καὶ
800 2664 925 2725 τοὺς
953 2665 1346 2735 ἀστραγάλους,
1375 2667 1462 2719 ἵνα
1489 2670 1564 2739 μή
1588 2686 1671 2732 τις

106 2748 213 2821 ἔχοι
266 2749 330 2803 τὸ
382 2750 692 2819 δρθοποδεῖν
747 2751 1026 2813 δύνασθαι.
1091 2756 1499 2811 Καταὸιάσεται
1562 2758 1671 2829 γὰρ

106 2845 431 2910 προσκυνεῖν
496 2841 641 2911 αὐτῷ
675 2881 691 2906 ,
752 2843 1145 2913 καταπλήττων
1194 2848 1307 2909 τοῖς
1352 2846 1624 2917 θαύμασιν
1652 2864 1668 2879 ο

114 2931 296 3001 ιἜχιι
319 2931 431 3000 γὰρ
457 2931 553 3002 τὴν
586 2932 886 3002 παρουσίαν
914 2934 1035 2986 κατ’
1061 2933 1340 3004 ἐνέργειαν
1374 2936 1467 2990 τοῦ
1499 2938 1673 2990 Σατα-

1776 1954 1921 2009 ﬁlius
1977 1956 2298 2025 iniquitatis,
2324 1968 2380 2014 et
2403 1962 2481 2015 ira
2510 1962 2770 2019 indomita
2809 1979 2902 2019 eos
2926 1964 3185 2023 invadens
3212 1981 3339 2043 pro-

1774 2047 2057 2113 pemodum
2098 2049 2396 2114 dilaniabit,
2415 2061 2469 2106 et
2496 2053 3002 2117 instartructtlentm
3042 2057 3224 2117 bestiae
3244 2059 3340 2113 de-

1777 2138 2009 2191 vorabit.
2038 2138 2320 2209 Pervertet
2345 2144 2507 2203 etiam
2539 2145 2779 2212 talos,ne
2821 2148 2941 2218 quis
2999 2157 3148 2203 recto
3172 2163 3335 2225 passu

1778 2226 1987 2294 ingredi
2011 2238 2193 2295 queat.
2214 2231 2383 2301 Coget
2410 2234 2563 2289 enim
2592 2249 2649 2291 se
2677 2236 2903 2290 adorare
2957 2237 3113 2293 miris
3159 2241 3340 2309 operi-

1777 2316 1877 2379 bus
1896 2316 2315 2385 obstupefactos.
2340 2340 2360 2377 ι
2395 2322 2557 2392 Cujus
2590 2327 2849 2381 adventus
2877 2328 3170 2391 secundum
3199 2345 3330 2399 ope-

1779 2405 2043 2460 rationem
2069 2406 2304 2474 Satante,
2330 2420 2383 2464 et
2416 2412 2467 2465 in
2522 2412 2804 2468 Beelzebul
2832 2417 2953 2468 edet
2985 2425 3228 2485 portenta
3263 2420 3334 2485 ’⁸,

1780 2503 1840 2547 ut
1869 2495 1921 2547 in
1942 2510 2179 2551 errorem
2219 2500 2515 2565 induceret,
2542 2503 2607 2558 'si
2654 2504 2767 2559 ﬁeri
2791 2518 2991 2575 posset,
3043 2511 3203 2568 etiam
3231 2514 3342 2573 ele-

1779 2590 1896 2637 ctos
1923 2584 1999 2648 ”;
2032 2603 2049 2635 ι
2085 2594 2139 2639 et
2172 2596 2228 2639 ut
2250 2588 2323 2640 ait
2354 2587 2623 2655 Salvator,
2671 2609 2688 2642 ι
2715 2607 2818 2645 non
2848 2593 3008 2659 ﬁeret
3034 2599 3181 2659 salva
3218 2617 3341 2656 om-

1780 2670 1864 2724 nis
1892 2685 2022 2725 caro
2055 2671 2121 2736 ³ο,
2164 2692 2183 2724 ι
2217 2673 2362 2729 illius
2411 2679 2645 2745 potentia
2674 2688 2861 2732 contra
2897 2696 3084 2738 omnes
3111 2684 3337 2743 furente.

1782 2777 1801 2812 ι
1833 2760 2061 2830 Propter
2076 2763 2276 2819 electos
2301 2776 2480 2820 autem
2535 2768 2916 2841 breviabuntur
2944 2773 3060 2829 dies
3115 2776 3188 2830 illi
3210 2777 3274 2831 ".
3314 2797 3334 2828 ι

1777 2879 1848 2889 -
1887 2870 1905 2903 ι
1940 2851 2235 2908 lnterﬁciet
2284 2856 2426 2909 enim
2482 2858 2631 2912 illum
2700 2860 2958 2917 Dominus
2994 2864 3185 2933 spiritu
3227 2868 3340 2923 oris

1778 2940 1884 3005 sui,
1920 2951 1975 2998 et
2004 2945 2249 3001 destruet
2273 2946 2629 3005 illustratione
2663 2951 2925 3015 adventus
2949 2954 3030 3008 sui
3071 2955 3138 3008 ³⁸.
3173 2973 3191 3007 ι

108 3024 191 3088 νᾶ,
222 3024 316 3076 καὶ
343 3023 406 3074 ὲν
436 3021 758 3086 Βεελζεὸοῦλ
796 3023 1009 3092 ποιήσει
1042 3023 1264 3094 τέρατα,
1332 3025 1472 3081 ὥστε
1539 3029 1830 3100 πλανῆσαι,
1864 3034 1912 3085 εί
1982 3035 2227 3099 δυνατὸν,
2254 3039 2347 3097 καὶ
2400 3039 2525 3103 τοὺς
2549 3041 2857 3108 ἐκλεκτοὺς,
2886 3063 2904 3095 ι
2941 3048 3034 3099 καὶ
3129 3064 3291 3120 φησιν
3313 3050 3341 3102 6

109 3112 311 3184 Σωτὴρ,
354 3131 377 3164 ι
408 3112 521 3171 Οὐκ
563 3112 627 3166 ἂν
673 3110 850 3184 ἐσώθη
903 3115 1051 3167 πᾶσα
1096 3115 1252 3186 σὰρξ,
1284 3135 1303 3168 ι
1340 3118 1669 3187 μαινομένης
1708 3121 1846 3175 κατά
1910 3125 2125 3187 πάντων
2158 3126 2258 3196 τῆς
2326 3128 2532 3193 ἐκείνου
2575 3128 2901 3196 πλεονεξίας.
2956 3150 2975 3185 ι
3005 3110 3104 3187 Διά
3134 3110 3343 3200 δὲ’-τοὺς

108 3205 393 3269 ἐκλεκτοὺς
437 3205 894 3276 κολοϐωθήσονται
943 3208 1000 3259 αἱ
1043 3209 1244 3281 ἡμέραι
1295 3212 1517 3265 ἐκεῖναι.
1548 3229 1566 3262 ι
1601 3240 1668 3252 -
1708 3215 1954 3275 «Ἃνελεῖ
2013 3218 2123 3289 γὰρ
2186 3218 2350 3273 eam
2388 3222 2416 3272 6
2456 3219 2659 3289 Κύριος
2685 3221 2761 3291 τῷ
2789 3224 3079 3295 πνεύματι,
3114 3227 3206 3279 καὶ
3245 3244 3342 3281 κα-

108 3300 363 3368 ταργήσει
396 3300 462 3369 τῇ
489 3297 778 3370 ἐπιφανείᾳ
805 3296 903 3368 τῆς
932 3300 1233 3368 παρουσίας
1261 3301 1447 3355 αὑτοῦ.
1478 3320 1496 3351 ι

174 3430 238 3488 Ὦ
273 3437 326 3488 οἱ
370 3433 791 3502 ποιμαίνοντες
838 3434 911 3487 τὰ
935 3435 1184 3504 μάταια,
1216 3436 1312 3490 καί
1339 3440 1392 3490 οἱ
1427 3440 1677 3491 καταλε-

1850 3438 2017 3494 Vens.
2064 3440 2150 3492 17.
2184 3438 2229 3499 0
2262 3441 2351 3508 qui
2379 3438 2593 3508 pascitis
2636 3456 2789 3504 vana,
2818 3450 2870 3495 et
2941 3442 3031 3510 qui
3055 3434 3339 3514 reliquistis

109 3522 379 3586 λοιπότες
410 3520 481 3574 τὰ
509 3522 787 3589 πρόϐατα,
813 3522 1074 3591 μάχαιρα
1104 3523 1201 3576 ἐπὶ
1223 3524 1329 3577 τοῦ
1346 3525 1675 3594 βραχίονος

112 3611 306 3674 αὑτοῦ,
339 3612 443 3665 καί
465 3612 565 3664 ἐπὶ
598 3612 706 3665 τὸν
741 3614 1057 3681 ὀφθαλμὸν
1092 3613 1200 3667 τὸν
1234 3613 1437 3678 δεξιὸν
1465 3616 1672 3672 αὐτοῦ.

124 3702 181 3754 '0
196 3702 471 3771 βραχίων
501 3702 687 3756 αὐτοῦ
732 3704 1158 3772 ξηραινόμενος
1195 3704 1633 3772 ξηρανΟήσεται
1657 3746 1670 3767 ,

114 3795 203 3849 καὶ
232 3797 263 3847 ὁ
287 3794 597 3863 ὀφθαλμὸς
658 3798 691 3849 ό
741 3794 939 3861 δεξιὸς
982 3795 1167 3848 αὐτοῦ
1194 3795 1676 3865 ἐκτυφλούμενος
1700 3788 1711 3801 ³

116 3883 633 3953 ἐκτυφιίωθήσεται
644 3926 657 3940 .

177 4015 295 4070 HE'.
344 4015 638 4085 Γεγονότος
697 4015 843 4083 ἅπαξ
896 4017 988 4071 τοῦ
1032 4017 1190 4087 λόγου
1241 4018 1370 4090 περὶ
1420 4020 1676 4089 ποιμένος

137 4106 346 4177 ιπείρου,
394 4108 676 4177 μονονουχὶ
702 4108 795 4160 καὶ
821 4109 1202 4177 ὲπιστυγνάζει
1226 4109 1412 4162 λοιπὸν
1443 4112 1553 4172 τοῖς
1600 4110 1675 4180 μὴ

119 4199 321 4267 αγαθοῖς
347 4201 598 4270 ποιμέσι,
634 4201 729 4253 καὶ
759 4200 1120 4269 γενικώτατον
1159 4220 1281 4255 τινα
1324 4203 1522 4271 τρόπον
1541 4203 1677 4273 χρῆ-

117 4306 197 4344 ται
215 4291 286 4361 τῷ
304 4293 475 4362 λόγῳ,
530 4292 600 4345 τὰ
649 4296 762 4356 τοῖς
790 4286 892 4346 ὧδε
934 4292 1158 4362 γνώμης
1193 4292 1371 4361 έχουσι
1403 4292 1678 4363 συμϐησό-

120 4398 244 4449 μενα
264 4382 692 4453 προαναφωνιῖω.
711 4382 901 4452 ’Λθρει
923 4382 1031 4452 γὰρ
1052 4382 1126 4444 ὼς
1148 4381 1248 4451 ἤδη
1269 4382 1367 4445 τὰς
1392 4381 1490 4451 τῆς
1513 4379 1679 4452 ρᾳθυ-

121 4471 236 4540 μίας
258 4471 637 4526 ἀποτιννύουσι
676 4472 832 4536 δίκας
879 4473 1021 4543 τάχα
1065 4488 1172 4524 που
1207 4472 1300 4524 καὶ
1330 4471 1586 4538 συναλγεῖ
1611 4472 1677 4524 δι’

121 4559 340 4629 ιμφυτον
368 4564 401 4632 ὴ
418 4561 710 4630 μερδτητα,
740 4562 835 4614 καὶ
872 4562 1211 4615 καταιτιᾶται
1245 4559 1363 4630 μὲν,
1385 4560 1467 4611 ὅτι
1488 4559 1678 4629 ποιμέ-

1776 3546 1915 3593 oves,
1933 3531 2139 3600 gladius
2169 3545 2327 3593 super
2356 3531 2626 3583 brachium
2659 3529 2796 3597 ejus,
2846 3541 2895 3584 et
2949 3549 3106 3600 super
3130 3537 3340 3591 oculum

1775 3621 2043 3673 dexterum
2121 3620 2251 3688 ejus.
2322 3619 2604 3672 Brarltt'um
2669 3623 2783 3689 ejus
2856 3623 3110 3678 siccatum
3167 3628 3339 3681 sicca-

1776 3711 1935 3773 bitur,
1989 3721 2034 3762 et
2070 3712 2250 3763 oculus
2311 3714 2495 3764 dexter
2532 3711 2654 3780 ejus
2704 3724 2995 3768 excusatus
3054 3720 3341 3775 excwcabi-

1774 3811 1876 3853 tur.

1848 4013 2105 4068 LXXXV.
2135 4014 2396 4082 Suscepto
2418 4014 2583 4069 semel
2605 4030 2854 4079 sermone
2883 4018 2948 4072 de
2988 4028 3204 4087 pastore
3234 4021 3335 4074 itm-

1777 4100 1971 4170 perito,
1996 4101 2347 4155 contristatur
2370 4101 2645 4170 quasijatn
2679 4118 2839 4171 super
2873 4107 3179 4173 pastoribus
3227 4124 3333 4163 non

1777 4191 1951 4255 bonis,
1980 4200 2031 4243 et
2065 4191 2350 4244 admodum
2394 4194 2691 4260 generatim
2744 4194 2998 4263 loquitur,
3039 4198 3111 4250 ita
3159 4200 3339 4253 animo

1777 4280 1983 4335 affectis
2008 4293 2263 4336 eventura
2289 4283 2674 4348 praenuntiatus.
2708 4282 2839 4337 Vide
2880 4297 3057 4338 autem
3080 4290 3340 4355 quemad-

1779 4370 1993 4424 modum
2025 4386 2166 4426 nunc
2212 4386 2402 4441 pmnas
2464 4373 2671 4426 inertiae
2725 4374 3021 4441 pendentes
3061 4370 3340 4436 'fortassis

1776 4457 1940 4511 etiam
1974 4456 2404 4521 commiseratur,
2431 4466 2649 4525 propter
2692 4459 2909 4513 insitam
2963 4468 3338 4519 mansuetudi-

1780 4565 1902 4606 nem
1938 4566 1953 4603 :
2016 4565 2326 4620 quanquam
2348 4558 2564 4605 accusat
2592 4551 2878 4627 803,771
2914 4557 3053 4621 quod
3098 4566 3339 4622 pastores

121 4664 200 4710 νες
222 4651 476 4718 γεγόνασι
497 4649 605 4702 τῶν
633 4650 899 4720 ματαίων,
918 4651 1162 4704 τουτέστι
1193 4648 1302 4701 τῶν
1328 4648 1678 4719 προσκαίρων

1782 4659 2040 4699 vanorum
2066 4643 2193 4698 facti
2215 4644 2342 4710 sint,
2370 4643 2469 4697 hoc
2486 4653 2588 4708 est,
2616 4646 2990 4714 temporalium
3014 4658 3342 4717 satageutes,

124 4739 458 4810 ὶπιμεληταὶ,
486 4740 715 4811 ῥᾴθυμοι
744 4741 799 4793 δὲ
828 4740 1023 4804 οὕτως,
1051 4739 1126 4801 ὡς
1154 4736 1541 4805 ὲπιγάννυσθαι
1568 4738 1680 4799 τοῖς

1785 4734 1920 4785 adeo
1955 4742 2131 4786 autem
2159 4734 2433 4797 socordes,
2456 4732 2697 4788 utetiam
2729 4748 2892 4801 super
2931 4736 3121 4791 ovibus
3148 4738 3344 4791 misere

127 4827 398 4896 προϐάτοις
428 4829 630 4894 ἀθλίως
653 4830 977 4884 διολωλόσιν.
1027 4830 1089 4883 Ol
1129 4829 1226 4899 μὲν
1251 4828 1359 4899 γάρ
1381 4826 1680 4889 πωλοῦντες

1786 4822 2133 4892 pereuntibus
2158 4822 2488 4877 laetarentur.
2520 4824 2620 4875 Alii
2646 4839 2877 4893 namque
2924 4827 3211 4883 vendentes
3253 4843 3345 4887 eas

126 4916 315 4987 ἔλεγον*
351 4939 369 4971 ι
404 4921 712 4991 Εὐλογητὸς
741 4921 965 4991 Κύριος,
1006 4922 1097 4973 καὶ
1140 4920 1617 4989 πεπλουτήκαμεν.
1656 4937 1676 4969 ι

1787 4912 2036 4967 dicebant
2071 4931 2084 4967 ε
2150 4932 2168 4964 ι
2205 4912 2521 4973 Benedictus
2543 4913 2823 4978 Dominus,
2849 4923 2897 4967 et
2929 4915 3120 4969 divites
3163 4919 3343 4971 evasi-

128 5007 184 5060 Οί
208 5009 263 5061 δὲ
293 5013 633 5081 κατέσφαζον
670 5029 728 5065 τε
760 5014 853 5066 καὶ
883 5013 982 5075 οὐκ
1012 5011 1248 5081 ἔπασχον
1284 5010 1435 5064 οὐδὲν
1468 5011 1553 5063 ἐπ’
1586 5009 1683 5064 αῦ-

1790 5019 1908 5058 mus
1937 5004 2001 5057 ⁸³.
2033 5024 2053 5057 ι
2080 5003 2180 5059 Alii
2210 5020 2334 5059 vero
2366 5004 2700 5069 occidebant,
2727 5020 2823 5058 nec
2853 5006 3143 5073 quidquam
3194 5021 3344 5059 com-

127 5102 246 5161 τοῖς·
294 5102 386 5155 τοῦ
430 5102 539 5173 γάρ
578 5104 776 5174 χρῆναι
812 5104 1123 5173 ποιμαίνειν
1166 5101 1362 5175 ὀρθῶς,
1390 5101 1567 5164 οὐδεὶς
1612 5096 1684 5171 ἦν

1790 5096 2186 5158 movebantur;
2224 5111 2343 5148 nam
2369 5105 2426 5149 ut
2461 5104 2606 5149 recte
2640 5107 2941 5165 paseerent,
2982 5095 3032 5148 id
3078 5110 3211 5148 sane
3240 5112 3343 5149 non

127 5189 247 5257 παρ’
274 5192 447 5255 αὐτοῖς
468 5193 645 5260 λόγος.
675 5192 917 5247 Τοιοῦτοι
949 5194 1007 5247 δὲ
1031 5189 1170 5265 ἦσαν
1191 5196 1239 5247 οἱ
1263 5194 1371 5247 τῶν
1416 5193 1684 5257 Ἰουδαίων

1788 5188 2070 5240 curabant.
2128 5185 2286 5249 Tales
2320 5201 2479 5254 porro
2512 5195 2666 5238 erant
2719 5185 2965 5240 doctores
3022 5183 3359 5257 Iudaeorum,

129 5278 444 5352 καθηγηταί,
474 5283 742 5346 κλείω-τες
768 5300 829 5337 τε
854 5285 958 5354 ,τὴν
979 5284 1262 5355 βασιλείαν
1285 5284 1393 5343 τῶν
1417 5283 1679 5352 οὐρανῶν,

1797 5297 1815 5328 ι
1837 5279 2147 5337 claudentes
2167 5292 2389 5348 regnum
2413 5278 2726 5341 calorum”
2751 5280 2890 5332 sicut
2906 5278 2979 5331 ait
2997 5279 3242 5332 Christus
3266 5278 3347 5362 ἰ,

132 5367 263 5431 καθά
288 5388 447 5442 φησιν
464 5374 508 5427 ,6
533 5373 788 5444 Χριστὸς,
822 5394 841 5427 ι
882 5377 994 5429 Καὶ
1030 5376 1167 5446 μήτε
1190 5374 1342 5449 αὐτοὶ
1370 5373 1683 5444 εἰσερχόμε-

1797 5387 1815 5419 ι
1848 5378 1903 5422 et
1931 5382 2108 5441 neque
2126 5368 2225 5436 ipsi
2252 5369 2647 5433 intrantes,nec
2681 5368 3037 5423 aliosintrare
3066 5369 3304 5423 sitientes
3333 5387 3345 5400 ·

132 5470 223 5522 νοι,
251 5461 384 5531 μήτε
415 5463 525 5534 μὴν
548 5464 766 5533 ἑτέρους
782 5464 1036 5532 ἀφιέντες
1063 5465 1341 5520 είσελθείεν
1364 5462 1499 5516 ἀλλὰ
1528 5478 1683 5534 περι-

1788 5460 1882 5513 sed
1911 5459 2307 5513 circumeuntes
2334 5472 2481 5525 mare
2505 5467 2559 5512 et
2589 5460 2818 5523 aridam,
2870 5467 2927 5511 ut
2958 5457 3158 5511 faciant
3184 5473 3346 5513 unum

134 5545 340 5615 ἁγοντες
368 5553 592 5625 nev.th
636 5553 910 5609 θάλασσαν
942 5555 1036 5611 καὶ
1050 5554 1159 5625 ητὴν
1189 5552 1379 5625 ξηρὰν,
1408 5552 1495 5605 ἵνα
1526 5553 1683 5623 ποιή-

1786 5548 2240 5620 proselytum,qui
2263 5563 2382 5603 cum
2406 5547 2578 5604 factus
2604 5547 2785 5615 fuerit,
2812 5547 3013 5603 faciunt
3034 5562 3153 5603 eum
3182 5548 3346 5602 illium

197 5656 242 5688 "
277 5658 314 5713 li
345 5662 533 5718 Thess.
575 5681 651 5725 ιι..
682 5666 836 5722 5-H.
906 5667 950 5699 "
986 5664 1175 5721 Matth.
1218 5679 1366 5729 xxw,
1396 5662 1486 5719 Ἃ.
1565 5661 1695 5721 "1b

139 5724 177 5753 ³⁵
207 5726 383 5780 Matth.
408 5730 564 5780 nm.
598 5736 681 5780 15.

1798 5662 1889 5717 22.
1968 5663 2009 5696 ³¹
2043 5660 2180 5719 Ibid.
2256 5662 2298 5694 ³⁸
2330 5660 2374 5716 ΙΙ
2403 5660 2594 5719 Thess.
2630 5676 2690 5728 lt,
2723 5660 2775 5715 8.
2854 5661 2897 5692 ³³
2931 5660 3154 5718 Zachar.
3185 5676 3262 5729 ιι,
3290 5660 3340 5717 5.

207 5732 383 5784 Matth.
408 5748 564 5793 um.
598 5736 681 5787 15.

437 5824 703 5888 Pyram.
754 5826 867 5888 Gn.
922 5826 1163 5889 LXXII.
2931 5821 2961 5881 7
