4070 6554
694 414 797 464 9(ιῦ
1679 408 1735 463 S.
1780 406 2055 461 CYKILLI
2094 406 2561 461 ALEXANDRINI
2602 406 2918 463 ARCIIIEP.

3853 404 3962 456 τοι

693 531 950 599 gehennae
975 527 1188 597 duplum
1224 541 1382 597 quam
1432 526 1530 595 ipsi
1575 538 1697 581 sunt
1722 528 1784 579 ".
1828 546 1846 578 ι
1910 526 2046 591 Quid
2103 527 2247 596 igitur

2366 544 2497 579 σωσι
2538 527 2631 579 ἕνα
2674 526 3028 598 προσήλυτον,
3091 527 3136 577 εἰ
3184 524 3237 579 δὲ
3269 524 3332 595 δὴ
3396 523 3624 592 γένοιτο,
3661 520 3959 583 ποιοῦντες

692 623 828 675 adeo
859 622 1117 689 improbis
1172 619 1478 686 pastoribus
1532 619 1788 671 eveniet?
1839 637 1857 669 ι
1897 619 2145 679 Gladius,
2181 619 2259 670 in-

691 714 828 781 quit,
854 726 1016 780 super
1037 710 1316 764 brachium
1342 708 1530 777 ipsius,
1559 718 1613 762 et
1640 723 1801 778 super
1830 715 2043 763 oculum
2074 709 2261 763 dexte-

688 818 809 857 rum
834 802 967 871 ejus.
1005 819 1024 853 ι
1056 800 1333 854 Brachium
1354 815 1449 869 pro
1468 801 1673 854 viribus
1723 811 1777 854 et
1813 811 1936 870 typo
1962 797 2261 853 etﬁcientiae

689 892 984 960 spiritualis
1003 892 1285 960 accipitur.
1313 889 1497 960 Itaque
1530 892 1595 945 de
1626 890 1955 945 animalibus
1980 889 2178 945 occisis
2205 888 2256 943 in

688 995 846 1037 sacro
892 979 1235 1035 tabernaculo
1271 980 1468 1035 selecta
1510 979 1665 1033 altari
1720 989 1907 1034 sancto
1949 994 2074 1048 pars
2129 980 2258 1032 bra-

689 1070 891 1133 chium,
915 1084 1010 1124 seu
1044 1084 1228 1125 armus
1257 1080 1391 1135 erat,
1442 1079 1498 1124 et
1541 1084 1757 1124 sacrum
1807 1069 2092 1123 donarium
2126 1069 2256 1132 Deo,

686 1160 1003 1214 ostendente
1025 1160 1324 1230 Scriptura,
1352 1170 1408 1215 nt
1438 1160 1709 1225 existimo,
1731 1161 1832 1215 sub
1862 1162 2088 1230 quodam
2117 1163 2255 1215 inte-

686 1256 964 1318 gumento,
1019 1249 1130 1304 Deo
1183 1250 1429 1320 proprias
1476 1250 1718 1319 corporis
1779 1260 1832 1303 et
1854 1251 2078 1319 spiritus
2112 1250 2255 1307 vires

684 1339 1307 1419 consecrarioportere.
1367 1339 1654 1395 Brachium
1719 1351 1900 1393 autem
1951 1340 2257 1409 signiﬁcare

688 1430 848 1493 vires,
883 1429 1172 1484 testabitur
1200 1430 1417 1500 quidam
1437 1438 1769 1494 sanctorum,
1814 1430 1979 1484 Deum
2035 1432 2254 1485 univer—

681 1535 865 1574 sorum
894 1520 1212 1588 alloquens:
1253 1538 1273 1572 ‹
1323 1520 1690 1591 Magnitudine
1721 1520 1927 1573 brachii
1979 1521 2057 1573 tui
2120 1522 2254 1574 ﬁant

683 1620 740 1663 nt
777 1610 982 1677 lapides
1011 1610 1077 1666 ".
1114 1628 1131 1660 ι
1186 1609 1384 1665 Oculus
1434 1619 1613 1663 autem
1682 1610 1879 1663 mentis
1932 1610 2107 1680 imago
2146 1618 2249 1664 est.

679 1697 927 1751 Patietur
984 1697 1169 1767 itaque
1222 1699 1312 1767 qui
1364 1713 1472 1753 non
1524 1707 1669 1752 recte
1727 1697 1901 1767 pascit
1933 1698 2141 1753 brachii
2197 1708 2252 1754 et

681 1787 821 1843 oculi
856 1787 1272 1855 mutilationem,
1296 1788 1399 1843 hoc
1418 1800 1520 1851 est,
1551 1800 1604 1843 et
1627 1804 1655 1841 a
1686 1803 1946 1857 corporeo
1989 1800 2043 1841 et
2083 1805 2112 1841 a
2145 1790 2253 1857 spi-

2368 618 2531 671 αὐτὸν
2563 619 2679 672 υίὸν
2716 619 2940 687 γεέννης
2971 616 3299 689 διπλώτερον
3338 616 3565 667 ἑαυτῶν.
3606 634 3623 666 ι
3672 614 3741 666 Τί
3766 614 3837 684 δὴ
3865 610 3956 666 οὖν

2316 740 2319 745 α
2366 711 2473 779 ἄρα
2505 714 2618 773 τοῖς
2644 709 2785 763 οὕτω
2817 712 3069 783 πονηροῖς
3093 709 3315 778 ποιμέσι
3361 707 3704 777 συμϐήσεται
3733 723 3750 770 ;
3789 724 3810 757 ι
3836 705 3957 759 Μά-

2363 819 2549 871 χαιρα,
2574 803 2760 872 φησὶν,
2789 802 2881 854 ἐπὶ
2910 800 3001 854 τοῦ
3060 800 3345 871 βραχίονος
3390 798 3576 865 αὑτοῦ,
3608 798 3708 851 καὶ
3733 797 3839 850 ἐπὶ
3867 798 3957 849 τὸν

2360 897 2635 967 ὀφθαλμὸν
2660 897 2749 949 τὸν
2772 896 2941 961 δεξιὸν
2974 895 3159 951 αὑτοῦ.
3200 916 3219 947 ι
3255 893 3601 965 Λαμὸἀνεται
3645 892 3707 946 δὲ
3740 895 3780 944 ὁ
3799 892 3954 959 βραα

2359 990 2509 1057 χίων
2550 991 2630 1052 είς
2670 988 2900 1058 δύναμίν
2955 1006 3015 1041 τε
3080 988 3176 1040 καὶ
3203 988 3373 1040 τύπον
3412 986 3509 1055 τῆς
3560 984 3954 1055 πνευματικῆς

2359 1077 2661 1146 ἐνεργείας.
2695 1076 2806 1129 Καὶ
2860 1074 2992 1144 γοῦν
3042 1075 3151 1127 τῶν
3204 1073 3556 1143 σφαζομένων
3583 1071 3748 1138 ζώων
3783 1073 3848 1125 ὲν
3889 1075 3951 1141 τῇ

2359 1167 2489 1238 ἀγίᾳ
2536 1170 2707 1238 σκηνῇ
2740 1167 3035 1222 ἀπόλεκτον
3063 1166 3139 1236 τῷ
3171 1165 3299 1236 θείῳ
3346 1163 3720 1235 θυσιαστηρίῳ
3758 1163 3951 1234 μέρος,

2355 1259 2385 1312 6
2416 1259 2655 1330 βραχίων
2681 1254 2767 1330 ἧν,
2798 1258 2890 1313 καὶ
2918 1258 3060 1327 ἱερὸν
3087 1256 3341 1328 ἀνάθημα
3385 1256 3463 1326 τῷ
3485 1256 3623 1326 Θεῷ,
3657 1255 3951 1325 ὑπεμφαί-

2355 1365 2557 1412 νοντος,
2598 1346 2773 1419 οἶμαι,
2799 1348 2892 1401 τοῦ
2928 1348 3087 1417 λόγου
3118 1347 3185 1401 δι’
3219 1347 3558 1417 αἰνίγματος,
3602 1348 3688 1401 ὅτι
3712 1346 3799 1417 τῷ
3836 1346 3951 1415 Θεῷ

2354 1440 2453 1509 τὴν
2486 1439 2623 1494 ίδίαν
2674 1440 2967 1494 ἀναθετέον
3031 1440 3183 1509 ίσχὺν
3236 1438 3333 1508 τὴν
3373 1438 3697 1509 σωματικήν
3752 1452 3823 1489 τε
3861 1438 3950 1490 καὶ

2354 1533 2749 1601 πνευματικήν.
2793 1530 2915 1583 Ὅτι
2946 1530 3003 1583 δὲ
3054 1531 3082 1583 6
3135 1529 3372 1600 βραχίων
3409 1528 3825 1598 κατασημαίνει
3854 1526 3947 1595 τὴν

2350 1619 2601 1691 δύναμιν,
2634 1620 2965 1691 πιστώσεταί
2998 1638 3081 1685 τις
3134 1621 3241 1675 τῶν
3302 1620 3493 1688 ἁγίων,
3527 1620 3604 1689 τῷ
3654 1619 3770 1672 τῶν
3811 1619 3947 1671 ὅλων

2351 1712 2471 1782 Θεῷ
2516 1711 3020 1784 προσπεςρωνηκώς⁸
3058 1730 3076 1763 ι
3100 1710 3333 1780 Μεγέθει
3367 1711 3648 1782 βραχίονός
3689 1728 3786 1763 σου
3820 1711 3947 1763 ἀπο-

2353 1804 2760 1874 λιθωθήτωσαν.
2800 1823 2818 1855 ι
2905 1806 2962 1857 Ὀ
3010 1804 3066 1857 δέ
3116 1821 3179 1871 γε
3230 1802 3506 1873 ὀφθαλμὸς
3545 1805 3609 1856 ὲκ
3638 1801 3735 1856 νοῦ
3767 1802 3943 1855 τύπον

682 1879 862 1935 rituali
885 1880 1078 1934 robore
1098 1880 1395 1934 deseretur.
1426 1878 1540 1935 Non
1608 1881 1750 1936 enim
1801 1880 2076 1949 quidpiam
2131 1880 2247 1935 boni

2360 1895 2711 1963 λαμϐάνεται.
2744 1896 2995 1949 Πείσεται
3020 1894 3084 1965 δὴ
3119 1892 3210 1947 οὖν
3237 1896 3265 1947 6
3297 1893 3371 1965 μὴ
3427 1893 3735 1963 ποιμαίνων
3763 1893 3945 1965 ὀρθῶς

681 1980 941 2038 prastare
964 1967 1182 2038 poterit,
1222 1969 1330 2025 Deo
1371 1969 1517 2024 illum
1549 1984 1652 2024 non
1693 1970 2076 2024 corroborante
2120 1985 2133 2020 :
2198 1980 2250 2023 et

680 2061 863 2115 animo
877 2060 1274 2126 obscurabitur,
1292 2061 1382 2130 qui
1410 2061 1573 2115 divini
1597 2060 1813 2114 luminis
1828 2074 2022 2130 expers
2036 2070 2248 2123 autest,

678 2162 776 2207 aut
801 2163 1077 2208 censetur.
1104 2151 1257 2206 Haud
1288 2154 1432 2207 enim
1462 2168 1581 2206 cum
1619 2151 1808 2205 ﬁducia
1834 2150 2012 2204 dicet:
2055 2167 2073 2200 ι
2104 2149 2248 2215 Quo-

676 2243 824 2297 niam
859 2253 911 2297 tu
959 2243 1283 2299 illuminabis
1309 2244 1583 2298 lucernam
1616 2241 2079 2305 meam,Domine;
2112 2242 2251 2296 Dens

676 2348 853 2399 meus,
885 2333 1211 2388 illuminabis
1245 2333 1492 2387 tenebras
1530 2331 1757 2386 meas".
1782 2350 1800 2382 ι
1838 2332 2122 2384 Dexterum
2155 2345 2250 2384 au-

677 2436 785 2479 tem
817 2425 1094 2480 brachium
1120 2434 1204 2479 est
1225 2423 1366 2493 quod
1400 2424 1577 2495 gladio
1608 2421 1935 2492 praeciditur,
1967 2431 2023 2476 et
2051 2420 2246 2476 oculus

674 2521 865 2573 dexter
894 2518 986 2587 qui
1033 2527 1364 2573 excaecatur.
1416 2516 1559 2571 Nihil
1620 2515 1763 2570 enim
1791 2515 2072 2569 dexterum
2103 2515 2246 2583 apud

675 2610 925 2679 populum
950 2609 1281 2675 Iudaeorum,
1304 2624 1408 2662 non
1436 2609 1579 2662 actio
1603 2609 1815 2661 bona...
1849 2645 1863 2659 .
1890 2605 2124 2667 Etenim,
2189 2616 2246 2658 ut

674 2712 757 2757 est
789 2701 927 2769 apud
982 2700 1227 2766 Paulum,
1264 2718 1282 2751 ι
1348 2699 1529 2768 Usque
1575 2699 1734 2754 hodie
1788 2699 2003 2763 quando
2055 2697 2246 2765 legitur

674 2792 870 2857 Moses,
900 2792 1141 2846 velamen
1172 2805 1334 2860 super
1359 2805 1455 2845 cor
1486 2805 1673 2846 eorum
1734 2790 1968 2859 positum
1995 2797 2077 2842 est
2103 2787 2167 2839 ³⁸.
2222 2806 2239 2837 ι

673 2883 860 2939 l‘sallit
900 2892 956 2938 et
1008 2882 1202 2937 alicubi
1259 2882 1425 2935 David
1461 2882 1525 2936 de
1578 2881 1761 2950 ipsis:
1798 2900 1815 2931 ι
1876 2878 2246 2934 Obscnrentur

670 2975 813 3030 oculi
840 2988 1029 3029 eorum
1063 2989 1130 3029 ne
1147 2973 1363 3028 videant
1388 2972 1455 3026 ³⁸.
1496 2991 1513 3022 ι
1546 2971 1737 3027 Omnia
1792 2971 1956 3041 igitur
2028 2971 2241 3025 illorum

670 3066 914 3127 sinistra,
940 3063 1053 3118 sive
1080 3064 1338 3132 cogitata,
1365 3062 1479 3116 sive
1509 3075 1687 3116 mores
1716 3061 1885 3125 dicas,
1929 3061 2042 3114 sive
2098 3062 2242 3117 aliud

670 3170 858 3211 eorum
881 3169 998 3224 quae
1025 3154 1130 3209 illis
1161 3154 1350 3209 adesse
1371 3152 1577 3207 credita
1600 3160 1747 3206 sunt.
1772 3152 1851 3207 Ac
1896 3153 2237 3206 sinistrorum

2355 1984 2639 2055 βραχίονός
2658 2002 2716 2037 τε
2741 1986 2830 2038 καὶ
2862 1983 3142 2055 ὀφθαλμοῦ
3171 1983 3267 2051 τὴν
3330 1987 3599 2055 πήρωσιν,
3631 1986 3943 2045 τουτέστιν.

2352 2073 2558 2144 ἔρημος
2611 2075 2763 2128 ἔσται
2801 2075 3119 2145 σωματικῆς
3183 2076 3276 2129 καὶ
3321 2076 3701 2146 πνευματικῆς
3734 2076 3941 2147 ἰσχύος.

2352 2164 2427 2215 Ού
2452 2164 2561 2235 γὰρ
2618 2164 2906 2235 δυνήσεταί
2956 2182 3009 2218 τι
3046 2164 3389 2235 κατορθῶσαι
3434 2166 3541 2219 τῶν
3602 2165 3840 2234 ἀγαθῶν
3872 2167 3944 2237 μὴ

2351 2255 2691 2325 ἐνισχύοντος
2740 2255 2903 2309 Θεοῦ·
2953 2256 3513 2327 κατασκοτισθήσεται
3576 2256 3635 2310 δὲ
3692 2258 3791 2309 καὶ
3856 2256 3941 2310 τὸν

2349 2345 2495 2408 νοῦν,
2543 2347 2809 2417 ἀμέτοχος
2840 2347 2934 2401 τοῦ
2995 2347 3139 2400 θείου
3204 2348 3380 2417 φωτὸς
3435 2348 3699 2419 ὑπάρχων
3756 2365 3817 2401 τε
3855 2352 3945 2400 καὶ

2348 2438 2657 2509 νοούμενος.
2697 2441 2770 2491 Οὐ
2798 2440 2906 2509 γὰρ
2934 2439 3222 2508 δυνήσεται
3247 2440 3428 2507 λέγειν
3461 2441 3525 2493 ὲκ
3579 2441 3937 2510 παρρησίας·

2355 2550 2373 2581 r
2409 2532 2535 2584 Ὀτι
2575 2531 2638 2584 σὺ
2662 2534 2885 2599 φωτιεῖς
2940 2531 3130 2601 λύχνον
3161 2549 3284 2602 μου.
3318 2530 3511 2599 Κύριετ
3540 2533 3568 2584 6
3614 2531 3753 2594 Θεός
3811 2550 3937 2600 μου,

2348 2625 2570 2691 φωτιεῖς
2605 2622 2665 2674 τὸ
2699 2622 2888 2684 σκότος
2948 2640 3069 2692 μου.
3099 2641 3116 2672 ι
3154 2621 3336 2686 Δεξιὸς
3368 2622 3425 2674 δὲ
3451 2623 3479 2673 6
3519 2622 3769 2692 βραχίων
3811 2623 3843 2674 6
3874 2626 3939 2692 τῇ

2356 2713 2607 2782 μαχαίρᾳ
2654 2712 3017 2781 τεμνόμενος,
3066 2712 3159 2764 καὶ
3205 2711 3310 2781 μὴν
3337 2710 3432 2764 καὶ
3470 2710 3753 2781 ὀφθαλμὸς
3777 2713 3804 2764 6
3844 2729 3941 2764 τυ·

2347 2803 2666 2872 φλούμενος.
2698 2800 2880 2865 Δεξιδν
2910 2801 3019 2873 γάρ
3067 2802 3218 2854 οῦδὲν
3276 2803 3427 2872 παρά
3484 2805 3596 2866 τοῖς
3656 2802 3940 2855 Ἰουδαίων

2343 2893 2558 2963 δήμοις,
2619 2891 2679 2944 ού
2726 2891 3164 2964 πρᾶξιςάγαθὴ,
3243 2932 3259 2949 .
3340 2935 3353 2947 .
3434 2935 3448 2949 .
3526 2935 3539 2948 .
3622 2935 3636 2947 .
3724 2936 3738 2950 .
3823 2937 3843 2951 .
3924 2936 3935 2947 .

2344 2983 2419 3047 ὡς
2443 2984 2551 3054 γὰρ
2581 2986 2608 3036 6
2638 2982 2849 3047 Παῦλος
2882 3002 3067 3055 φησιν,
3129 2986 3342 3056 [Ἄχρι
3377 2988 3616 3057 σ’ήμερον
3666 2987 3840 3057 ἡνίκα
3874 2990 3939 3040 ἂν

2344 3072 2782 3142 ἀναγινώσκηται
2842 3073 3065 3142 Μωσῆς,
3121 3073 3387 3145 κάλυμμα
3445 3075 3536 3127 ἐπὶ
3569 3074 3668 3146 τὴν
3696 3078 3937 3146 καρδίαν

2342 3162 2521 3217 αὐτῶν
2542 3166 2736 3217 κεῖται.
2761 3182 2777 3214 ›
2808 3163 3017 3216 Ψάλλει
3044 3163 3099 3216 δέ
3141 3182 3242 3217 που
3271 3166 3365 3218 καὶ
3398 3166 3425 3218 6
3455 3168 3620 3220 Δαϐὶδ
3646 3169 3781 3238 περὶ
3836 3170 3936 3221 αύ-

670 3246 885 3316 quidem
920 3245 1244 3299 ablationem
1273 3244 1577 3297 conducere
1601 3255 1778 3309 posse,
1811 3255 1929 3295 eam
1967 3242 2237 3297 sustinen-

2349 3254 2470 3306 τῶν·
2533 3244 3041 3325 (Σκοτισθήτωσαν
3072 3255 3123 3306 οἱ
3171 3254 3439 3326 ὀφθαλμοὶ
3480 3256 3660 3310 αὐτῶν
3711 3226 3813 3313 τοῦ
3862 3262 3937 3331 μὴ

672 3335 834 3403 tibus,
868 3349 974 3389 non
1018 3348 1103 3389 me
1131 3333 1284 3387 latet.
1336 3331 1466 3386 Nam
1519 3331 1748 3400 abjectio
1794 3332 2035 3386 stultitiae
2088 3333 2236 3386 omni

2348 3341 2585 3412 βλέπειν.
2614 3363 2631 3393 ι
2660 3344 2832 3396 Σκαιά
2852 3343 2916 3414 δὴ
2960 3339 3052 3397 οῦν
3091 3344 3302 3398 ἅπαντα
3328 3345 3395 3399 τά
3443 3348 3572 3418 παρ’
3595 3348 3811 3411 αὐτοῖς,
3832 3351 3937 3403 κᾶν

668 3424 823 3493 culpa
861 3433 915 3480 et
942 3423 1137 3492 probro
1159 3437 1252 3478 eos
1281 3420 1628 3485 liberaverit;
1684 3422 1843 3491 772
1887 3432 2071 3478 contra
2133 3440 2235 3477 non

2349 3433 2538 3503 νόημα,
2566 3432 2666 3486 κᾶν
2705 3433 2902 3504 τρόπον
2926 3433 3086 3506 εἴπῃς
3105 3475 3119 3497 ,
3147 3436 3250 3488 κᾶν
3299 3436 3484 3507 ἔτερόν
3530 3455 3581 3491 τι
3610 3439 3724 3493 τῶν
3757 3458 3936 3512 προσ-

669 3514 1013 3569 mediocriter
1098 3514 1293 3568 laserit
1349 3512 1659 3568 dextroruui
1717 3513 1937 3568 amissio
1975 3531 1988 3568 :
2022 3515 2239 3569 omnino

2349 3526 2484 3576 εἶναι
2531 3523 2997 3591 πεπιστευμένων.
3055 3524 3176 3577 Τῶν
3247 3526 3346 3595 μὲν
3381 3527 3489 3598 γάρ
3530 3528 3851 3601 ἀριστερῶν
3900 3534 3931 3601 ἡ

668 3604 811 3658 enim
838 3605 905 3658 ad
932 3603 1214 3657 inhonesta
1265 3610 1321 3656 et
1361 3604 1593 3657 maxime
1615 3606 1968 3657 exsecrabilia
2001 3606 2232 3660 deducit.

2349 3613 2635 3683 ἀφαίρεσις
2682 3614 2922 3683 ὀνήσειεν
2956 3614 3021 3667 ἂν
3079 3609 3174 3667 οἷδ’
3216 3617 3296 3669 ὅτι
3326 3618 3451 3680 τοὺς
3525 3618 3931 3689 ὑπομένοντας.

669 3694 774 3750 Sed
800 3694 1015 3749 Judaeos
1048 3695 1257 3755 deceat,
1290 3702 1344 3747 et
1376 3708 1633 3763 perquam
1658 3696 2061 3761 convenienter,
2112 3713 2238 3766 spoa

2355 3702 2619 3770 Ἀποόολὴ
2646 3704 2754 3770 γὰρ
2786 3701 3101 3771 σκαιότητος
3127 3704 3303 3766 αἰτίας
3346 3723 3402 3757 τε
3435 3708 3526 3759 καὶ
3559 3708 3760 3777 μώμου
3796 3727 3933 3764 παν-

668 3784 825 3839 liatos
860 3783 1070 3838 dextris
1127 3791 1500 3851 paupertatem
1563 3782 1849 3850 perferre:
1902 3799 1999 3840 nos
2057 3798 2235 3840 autem

2349 3790 2428 3854 τὸς
2480 3792 2835 3855 ἀπαλλάξειεν
2900 3792 2966 3845 ἂν
3028 3794 3244 3855 αύτούς.
3300 3796 3598 3868 Ἀδικήσειε
3654 3800 3807 3854 ea».
3869 3805 3930 3855 οὐ

665 3875 755 3944 qui
809 3888 996 3927 sumus
1026 3873 1078 3927 iu
1108 3871 1348 3935 Christo,
1383 3872 1603 3926 sinistra
1625 3872 1894 3939 amittere,
1914 3884 1969 3927 et
2034 3876 2237 3932 dextris

2349 3882 2579 3952 μετρίως
2639 3884 2671 3951 ἡ
2726 3883 2831 3935 τῶν
2873 3882 3064 3947 δεξιῶν
3122 3886 3408 3953 ἀπόδειξις.
3475 3891 3771 3961 ⁹Αποφέρει
3819 3897 3931 3964 γὰρ

663 3964 903 4033 gloriari.
2340 3970 2559 4033 πάντως
2591 3972 2669 4033 είς
2698 3971 2764 4022 τὰ
2795 3971 3012 4041 αἰσχίω,
3044 3976 3137 4027 καὶ
3166 3974 3561 4048 βδελυρώτατα.
3600 3981 3743 4032 Ἀλλ’
3799 3984 3930 4038 Ἰου-

660 4060 829 4121 δαίοις
859 4057 1057 4127 πρέποι
1089 4053 1175 4145 διν,
1215 4053 1308 4103 καὶ
1345 4052 1490 4145 μάλα
1529 4051 1776 4115 εἰκότως,
1806 4054 1868 4105 τὸ
1898 4055 1955 4145 ἐν
2017 4056 2266 4125 στερήσει
2306 4059 2561 4114 πένεσθαι
2620 4062 2725 4115 τῶν
2786 4062 2996 4130 δεξιῶνο
3028 4066 3158 4137 ἡμῖν
3225 4067 3281 4124 δὲ
3312 4086 3421 4134 τοις
3458 4073 3517 4125 ὲν
3550 4072 3781 4144 Χριστῷ
3831 4077 3928 4145 τὴν

661 4147 933 4217 ἀποόολὴν
980 4143 1233 4213 γενέσθαι
1275 4141 1614 4214 σκαιότητος,
1650 4146 1743 4198 καὶ
1796 4148 1905 4208 τοῖς
1927 4143 2115 4210 δεξιοῖς
2146 4146 2553 4218 ἑναϐρύνεσθαι.

909 4296 1312 4388 TOMUS
1395 4298 1966 4400 QUINTUS.

1294 4445 1443 4502 CAP.
1478 4445 1594 4500 XII.

730 4562 894 4617 Vens.
923 4563 973 4616 i.
1022 4562 1317 4628 Assumptio
1365 4558 1508 4612 verbi
1568 4557 1777 4611 Domini
1828 4573 1982 4623 super
2032 4556 2221 4611 Israel.

658 4656 808 4710 Dixit
832 4653 1085 4706 Dominus
1111 4652 1387 4705 extendens
1418 4651 1628 4714 cwlnm,
1653 4659 1702 4703 et
1742 4650 1973 4716 [nudans
2004 4659 2221 4718 terram,

656 4745 916 4814 elﬁngcns
950 4744 1188 4810 spiritum
1209 4742 1432 4795 hominis
1466 4742 1521 4793 in
1541 4758 1615 4797 eo.

724 4852 1007 4909 LXXXVI.
1034 4853 1318 4923 Postquam
1337 4852 1481 4922 quod
1521 4851 1747 4907 sulliciat
1784 4852 2223 4908 commodissime

2616 4296 2998 4382 ΤΟΜΟΣ
3060 4300 3636 4389 ΠΕΜΠΤΟΣ.

2922 4448 3169 4502 ΚΕΦΑΛ.
3211 4451 3306 4506 ιΒ’.

2400 4554 2616 4624 Λῆμμα
2642 4559 2831 4627 λόγου
2869 4560 3089 4627 Κυρίου
3145 4562 3243 4614 ἐπὶ
3293 4565 3402 4617 τὸν
3445 4568 3698 4635 Ἰσραήλ.
3735 4575 3920 4642 Λέγει

2332 4647 2567 4714 Κύριος,
2594 4649 2875 4703 ἐκτείνων
2902 4654 3181 4719 οὐρανὸν,
3210 4654 3306 4707 καὶ
3333 4658 3619 4723 θεμελιῶν
3641 4661 3787 4729 γῆν,
3815 4668 3914 4717 καὶ

2284 4744 2289 4747 ‘
2330 4736 2630 4789 πλάσσων
2661 4739 2895 4807 πνεῦμα
2923 4742 3237 4810 ἀνθρώπου
3257 4745 3327 4798 ἐν
3352 4747 3531 4812 αὐτῷ.

2401 4850 2543 4917 nq'.
2623 4852 2974 4922 Ἀποχρῶσαν
3036 4851 3095 4908 εὖ
3160 4856 3305 4926 μάλα
3382 4860 3747 4929 ποιησάμενος
3814 4866 3917 4936 τὴν

654 4945 911 4998 disseruit
954 4945 1021 4999 de
1062 4959 1191 4997 vero
1241 4954 1475 5013 pastore,
1506 4943 1630 5007 ,hoc
1669 4952 1750 4997 est
1798 4942 2034 5006 Christo,
2058 4952 2221 5011 atque

2349 4940 2597 5010 ιφήγησιν
2628 4942 2726 5012 τὴν
2774 4944 2867 4995 ἐπί
2914 4960 2976 5011 γε
3031 4945 3110 5014 τῷ
3142 4946 3331 5016 ἀγαθῷ
3368 4949 3617 5017 ποιμένι,
3654 4954 3913 5007 τουτέστι

652 5033 817 5087 etiam
858 5035 925 5086 de
966 5033 1236 5103 imperito,
1291 5042 1345 5086 et
1404 5032 1794 5098 crudelissimo,
1846 5041 1900 5086 et
1963 5033 2218 5088 carniﬁce

2349 5031 2558 5101 [ριστῷ.
2615 5036 2710 5085 καὶ
2765 5034 2862 5103 μέν
2912 5053 2994 5087 τοι
3040 5036 3137 5106 τὴν
3199 5038 3292 5089 ἐπὶ
3345 5037 3421 5106 τῷ
3470 5040 3683 5110 ἀπείρῳ
3712 5058 3771 5093 τε
3814 5049 3915 5098 καὶ

649 5120 1041 5189 ovinm,quem
1087 5122 1475 5180 Antichristum
1536 5137 1657 5176 esse
1707 5121 1955 5185 dicimus,
2012 5121 2216 5175 utiliter

2349 5123 2604 5192 ›μοτάτῳ,
2635 5124 2725 5175 καὶ
2788 5127 3186 5195 κρεωνομοῦντι
3214 5128 3280 5179 τὰ
3313 5129 3582 5200 πρόϐατα,
3608 5131 3801 5184 τοῦτον
3852 5136 3911 5187 δὲ

647 5209 812 5263 etiam
844 5208 1145 5264 futurarum
1185 5213 1470 5280 aitquando
1528 5212 1962 5280 persecutionum
2026 5220 2210 5265 contra

2349 5204 2454 5260 ἱναί
2482 5226 2662 5279 φαμεν
2689 5212 2779 5263 τὸν
2812 5214 3195 5283 Ἀντίχριστον,
3227 5215 3589 5287 διαμέμνηται
3612 5223 3911 5290 χρησίμως

645 5301 997 5365 lsraclem,et
1018 5302 1323 5370 neutiquam
1363 5303 1575 5371 quidem
1637 5301 1850 5356 lsraelis
1917 5301 2211 5355 secundum

2349 5299 2415 5350 παὶ
2445 5299 2551 5353 τῶν
2603 5301 2876 5371 ἐσομένων
2910 5305 3051 5357 κατά
3077 5309 3301 5376 καιροὺς
3339 5308 3617 5377 διωγμῶν,
3658 5314 3805 5365 κατά
3841 5331 3905 5380 γε

645 5406 887 5458 carnem,
916 5406 1009 5446 seu
1037 5390 1393 5461 iutelligibilis
1424 5392 1566 5446 illius
1601 5401 1657 5446 et
1720 5406 1847 5445 vere
1901 5400 2100 5445 sanctzc
2121 5390 2211 5446 Je-

2351 5388 2412 5441 οῦ
2455 5390 2687 5461 Ἰσραὴλ,
2730 5394 2823 5446 καὶ
2853 5394 2974 5464 οὐχὶ
3021 5396 3083 5467 δὴ
3117 5398 3331 5461 πάντως
3381 5398 3476 5451 τοῦ
3509 5401 3647 5453 κατά
3684 5402 3905 5470 σάρκα,

644 5481 899 5545 rusalem,
925 5496 1044 5552 quae
1070 5490 1154 5537 est
1184 5502 1202 5534 ι
1239 5482 1482 5538 Ecclesia
1532 5480 1624 5535 Dei
1659 5482 1887 5538 viventis
1914 5482 1960 5514 ⁸ο
1979 5502 2029 5546 ,ι
2058 5497 2210 5537 men-

2349 5478 2521 5529 ιᾶλλον
2540 5478 2597 5531 δὲ
2627 5478 2721 5532 τοῦ
2768 5481 2981 5551 νοητοῦ,
3017 5486 3109 5535 καὶ
3140 5485 3239 5553 τῆς
3293 5486 3454 5553 ἁγίας
3481 5486 3650 5548 ὅντως
3692 5488 3903 5557 Ἰερου-

646 5571 841 5627 tionem
859 5573 1080 5630 inducit.
1107 5574 1261 5631 Sicut
1294 5576 1437 5631 enim
1462 5574 1755 5631 asserimus
1803 5590 1925 5631 esse
1952 5574 2205 5643 intelligi-

642 5686 973 5813 mugitum.
998 5705 1149 5748 χχιιι.
1186 5691 1270 5746 15.
1330 5691 1376 5723 ³⁸
1413 5688 1583 5745 Exod.
1618 5705 1707 5757 xv,
1733 5689 1817 5745 16.
1870 5690 1914 5723 ⁸⁷
1938 5688 2082 5744 Psal.
2116 5696 2247 5754 ‘xvu,

2349 5697 2375 5740 ι,
2456 5684 2499 5715 ³·
2529 5681 2572 5736 ll
2606 5683 2729 5739 Cor.
2762 5701 2844 5755 ut,
2878 5684 2963 5741 15.
3022 5687 3063 5721 ³9
3090 5687 3232 5745 Psal.
3266 5703 3456 5757 uvui,
3489 5689 3579 5743 24.
3626 5691 3670 5721 δ’
3695 5689 3714 5745 l
3744 5687 3898 5761 Tim,

2317 5570 2520 5640 σαλὴμ,
2543 5571 2664 5639 ἣτις
2695 5574 2842 5625 ἐστὶν
2870 5590 2889 5624 ι
2922 5573 3215 5645 Ἐκκλησία
3240 5575 3374 5629 θεοῦ
3405 5576 3659 5641 ζῶντος.»
3683 5578 3904 5649 Ὥσπερ
