4070 6514
194 388 301 442 Ξθό

1004 387 1551 444 COMMENTARIUS
1592 389 1655 443 IN
1697 387 2094 443 ZACIIARIAM
2131 387 2571 443 PROPIIETAM.

3319 389 3423 444 206

197 499 305 571 γὰρ
335 495 473 551 εἷναί
510 516 687 569 φαμεν
723 499 909 569 νοητὸν
950 502 1217 565 Ἰουδαῖον,
1266 501 1359 554 τὸν
1387 500 1580 570 ἔχοντα
1609 517 1757 571 περι-

1867 499 2023 554 bilem
2042 497 2307 565 Judaeum,
2331 498 2619 553 habentem
2655 494 3119 552 circumcisionem
3169 495 3220 550 in
3269 499 3428 552 corde

192 588 366 659 τομὴν
388 590 446 641 ἐν
475 589 692 661 καρδίᾳ,
717 589 814 660 τὴν
839 590 925 643 διὰ
949 590 1042 644 τοῦ
1070 589 1398 661 πνεύματος,
1426 589 1521 643 κοιλ⁸
1556 589 1674 660 οὐχὶ
1695 590 1760 658 δὴ

192 678 411 741 πάντως
436 677 533 747 τὴν
562 678 619 730 ἐν
649 680 811 746 σαρκὶ
837 678 925 732 διὰ
980 680 1325 749 γράμματος·
1359 678 1499 731 οὕτω
1528 678 1624 731 καὶ
1656 678 1759 729 ’ἰσ-

195 766 333 837 ραὴλ
358 766 595 818 νοεῖσθαι
626 766 752 835 φαίη
805 783 889 830 τις
924 766 1012 829 ἂν,
1042 767 1163 836 οὐχὶ
1215 766 1431 829 πάντως
1457 766 1550 819 τὸν
1581 764 1640 830 ἐξ
1672 766 1758 817 αἴ-

194 871 365 922 ματος
388 853 627 924 Ἰσραὴλ,
644 856 851 908 ἐκεῖνον
879 855 937 907 δὲ
963 854 1182 924 μᾶλλον,
1197 854 1255 918 ὃς
1276 853 1387 925 ἔχει
1409 852 1531 907 νοῦν
1550 855 1759 924 ὁρῶντα

190 941 344 998 Θεόν.
375 944 619 997 Τοιοῦτοι
646 945 703 997 δὲ
735 945 951 1008 πάντως
970 944 1120 997 οἰδιέι
1145 944 1378 1007 πίστεως
1402 945 1499 1014 τῆς
1519 946 1596 1007 εἰς
1626 945 1759 1014 Χρι-

190 1035 316 1086 στὸν
351 1034 679 1104 κεκλημένοι
736 1036 872 1106 πρὸς
918 1036 1210 1106 ἀγιασμὸν,
1264 1036 1564 1103 ἐγνωκότες
1607 1052 1664 1088 τε
1691 1035 1756 1088 δι’

188 1125 374 1189 αὐτοῦ,
411 1125 504 1177 καὶ
530 1126 587 1177 ὲν
633 1125 780 1196 αὐτῷ
801 1126 890 1179 τὸν
918 1126 1050 1180 Θεὸν
1108 1126 1202 1180 καί⁴
1228 1126 1464 1196 Πατέρα.
1493 1125 1757 1188 Θεοπτίας

188 1214 300 1284 γὰρ
336 1216 518 1267 οὐτοσὶ
544 1215 745 1286 τρόπος
784 1217 1023 1288 ἀτρεκὴς
1051 1218 1144 1293 καὶ
1200 1216 1493 1286 ἐξαίρετος.
1531 1215 1758 1285 Λαμϐά-

185 1322 339 1358 νεται
366 1305 544 1357 τοίνυν
564 1306 593 1358 6
620 1306 777 1374 λόγος
804 1306 897 1361 ἐπὶ
934 1307 1023 1359 τὸν
1066 1306 1267 1377 ἀρτίως
1311 1308 1442 1377 ἡμῖν
1471 1304 1755 1375 εἰρημένον

197 1398 436 1470 Ἰσραήλ.
468 1398 589 1450 Ὀτι
628 1398 687 1451 δέ
744 1400 859 1451 ἐστι
884 1398 1163 1467 παναλκὴς
1188 1399 1217 1450 6
1242 1396 1350 1450 τῶν
1375 1398 1511 1451 ὅλων
1548 1396 1697 1460 Θεὸς,
1727 1400 1755 1450 ό

181 1487 253 1539 τὰ
277 1486 369 1538 ἐπὶ
405 1485 615 1549 τούτοις
648 1487 778 1557 ἡμῖν
805 1485 1127 1557 ποιούμενος
1155 1485 1595 1555 προανάρῤησιν,
1618 1486 1755 1537 ἀπο-

180 1575 385 1644 φαίνει,
438 1575 628 1644 λέγων·
686 1594 705 1627 ι
740 1576 1024 1630 Ἐκτείνων
1050 1575 1296 1646 οὐρανὸν,
1351 1575 1444 1628 κα)⁸
1491 1575 1753 1644 θεμελιῶν

180 1668 307 1737 γῆν,
364 1666 458 1718 καὶ
504 1666 757 1719 πλάσσων
811 1664 1027 1736 πνεῦμα
1069 1665 1356 1736 ἀνθρώπου
1404 1666 1462 1717 ἐν
1522 1664 1689 1734 αὐτῷ.
1729 1684 1747 1716 s

1864 603 1959 659 per
1989 588 2264 659 spiritum,
2300 598 2354 643 et
2377 587 2600 642 minime
2637 600 2756 641 eam
2781 597 2901 654 qua:
2931 594 3014 640 est
3048 584 3101 637 in
3125 599 3288 638 carne
3334 600 3425 638 se-

1864 679 2098 735 cundum
2120 676 2411 733 ‘litteram':
2449 679 2532 732 ita
2554 688 2609 732 et
2653 676 2903 732 Israelem
2959 673 3179 745 intelligi
3233 676 3430 729 dixerit

1862 769 2155 838 quispiam,
2179 784 2287 822 non
2305 769 2488 836 utique
2510 767 2603 837 qui
2636 770 2803 821 estde
2832 766 3090 835 sanguine
3120 764 3305 830 israel,
3332 767 3425 818 sed

1864 858 2011 912 illum
2045 859 2222 928 potius
2255 859 2344 927 qui
2410 858 2573 912 habet
2622 865 2853 910 mentem
2917 855 3184 908 videntem
3238 853 3424 907 Deum.

1862 947 2018 1003 Tales
2050 950 2181 1002 citra
2206 947 2628 1002 controversiam
2663 954 2785 1000 sunt
2816 959 2911 1013 per
2958 942 3115 997 iidem
3174 941 3228 995 in
3269 940 3426 996 Chri-

1862 1049 2003 1092 stum
2032 1038 2203 1093 vocati
2230 1037 2295 1091 ad
2324 1036 2831 1102 sanctiﬁcationem,
2864 1034 3067 1103 quique
3122 1046 3218 1102 per
3245 1032 3424 1102 ipsum

1860 1138 1915 1183 et
1972 1130 2022 1183 in
2058 1130 2174 1197 ipso
2224 1128 2436 1183 Patrem
2460 1136 2847 1197 cognoverunt.
2884 1125 2982 1179 Hic
3031 1126 3174 1178 enim
3232 1125 3424 1178 modus

1859 1221 2055 1289 (livius:
2078 1221 2298 1275 visionis
2336 1234 2497 1273 verus
2552 1227 2605 1272 et
2631 1215 2860 1272 eximius
2880 1222 2980 1271 est.
3018 1212 3422 1283 Interpretanda

1859 1312 2025 1378 igitur
2056 1319 2181 1366 sunt
2221 1313 2333 1365 hate
2360 1312 2520 1366 verba
2554 1310 2619 1365 de
2641 1307 2857 1373 Israele,
2889 1308 2956 1363 de
3002 1322 3107 1375 quo
3154 1306 3263 1376 jam
3286 1305 3423 1360 dix‘i-

1858 1415 1996 1454 mus.
2031 1400 2406 1455 Fortissimum
2431 1410 2608 1453 autem
2632 1410 2752 1452 esse
2801 1395 2967 1450 Deum
3023 1395 3417 1456 universorum.

1856 1492 1945 1561 qui
1980 1492 2134 1547 nobis
2159 1491 2439 1560 sequentia
2488 1488 2752 1559 praedicit,
2794 1487 3154 1550 demonstrat,
3187 1483 3416 1539 dicens:

1860 1601 1879 1634 ί
1910 1583 2218 1637 Extendens
2243 1581 2462 1644 coelum,
2506 1588 2561 1635 et
2585 1579 2814 1634 fundatis
2856 1587 3077 1640 terram,
3114 1586 3167 1631 et
3183 1577 3421 1631 formans

1853 1674 2101 1742 spiritum
2136 1673 2368 1727 hominis
2398 1674 2449 1725 in
2495 1671 2625 1740 ipso.
2659 1688 2677 1721 ι
2735 1670 2945 1738 Accipit
2988 1667 3153 1733 enim,
3225 1666 3418 1736 inquit,

177 1760 403 1828 Δέχεται
437 1756 562 1829 γάρ,
590 1758 772 1828 φησὶν,
804 1757 896 1810 ἐπὶ
941 1757 1033 1810 τὸν
1071 1755 1283 1826 Ἰσραὴλ
1328 1755 1388 1808 τὸ
1434 1756 1626 1827 λῆμμα
1654 1756 1749 1810 τοῦ

1856 1778 2017 1831 super
2038 1761 2203 1817 Israel
2244 1762 2665 1831 assumptionem
2719 1760 2867 1814 verbi
2923 1758 3064 1813 Deus
3118 1757 3210 1826 qui
3247 1766 3420 1825 potest

178 1849 340 1916 λόγου
367 1848 496 1911 Θεὸς
547 1849 575 1900 6
630 1848 807 1901 πάντα
864 1846 1081 1917 ἰσχύων,
1150 1866 1168 1899 ι
1202 1847 1308 1901 Καὶ
1355 1847 1610 1900 ἐκτείνων
1651 1848 1748 1917 μὲν

175 1942 311 1993 ὡσεὶ
335 1939 516 2011 δέρριν
543 1939 634 1991 τὸν
662 1937 910 2010 οὐρανὸν,
955 1957 973 1989 ι
1011 1937 1151 1990 κατὰ
1188 1936 1286 2007 τὴν
1324 1936 1416 1989 τοῦ
1457 1936 1748 2005 ψάλλοντος

178 2031 382 2101 φωνὴν,
420 2030 767 2100 ἐδραιοτάτην
810 2028 867 2081 δὲ
900 2028 1070 2091 οὕτως
1121 2028 1405 2097 ἀποφήνας
1450 2026 1549 2097 τὴν
1601 2027 1707 2096 γῆν
1731 2068 1746 2093 ,

176 2121 255 2184 ὡς
280 2122 363 2174 ἀεί
407 2139 464 2175 τε
504 2121 596 2175 καὶ
646 2120 938 2183 διαπαντὸς
981 2118 1291 2189 ἀκλονήτως
1338 2117 1515 2187 ἔχειν,
1571 2118 1748 2172 καίτοι

176 2210 648 2283 τεθεμελιωμένην
675 2211 767 2264 ἐπὶ
798 2210 1101 2264 θαλασσῶν.
1145 2210 1292 2278 Ἔφη
1339 2210 1447 2278 γὰρ
1494 2208 1666 2271 οὕτως
1711 2211 1745 2279 ἡ

178 2299 533 2363 θεόπνευστος
586 2300 800 2371 Γραφὴο
855 2317 873 2350 ι
920 2298 1032 2352 Καὶ
1085 2297 1339 2352 πλάσσων
1395 2296 1611 2367 πνεῦμα
1658 2297 1751 2350 ἀνα

172 2390 398 2460 θρώπου
424 2392 480 2443 ἐν
511 2388 677 2460 αὐτῷ.
706 2409 723 2441 s
764 2390 823 2443 '0
851 2389 907 2442 δὲ
932 2389 995 2458 δὴ
1024 2387 1166 2441 οὕτω
1192 2387 1439 2460 μεγάλων
1486 2387 1749 2460 δημιουρ-

174 2480 274 2549 γὸς
324 2479 715 2551 καὶίτεχνίτης,
747 2481 864 2544 πῶς
914 2481 1014 2532 οὐκ
1051 2479 1322 2549 ἀνιδρωτὶ,
1367 2479 1462 2532 καὶ
1488 2477 1632 2547 μάλα
1661 2480 1751 2531 εὐ-

177 2573 353 2635 κόλως
381 2572 440 2625 τὸ
473 2572 622 2641 αὐτῷ
652 2571 844 2624 δοκοῦν
906 2572 1279 2639 ἀποπερανεί;
1338 2569 1642 2621 Πλάσσεται
1694 2569 1750 2623 δὲ

179 2662 395 2732 πνεῦμα
432 2662 720 2733 ἀνθρώπου
754 2664 812 2715 ἐν
837 2661 1007 2732 αὐτῷ,
1038 2662 1137 2713 οὑκ
1160 2662 1239 2723 εἰς
1268 2660 1442 2730 ἀρχὰς
1476 2660 1571 2712 τοῦ
1608 2656 1748 2715 εἶναι

178 2742 531 2823 καλούμενον,
556 2754 604 2805 εἰ
642 2753 737 2804 καὶ
762 2752 955 2820 γέγονε
993 2751 1061 2804 δι’
1090 2747 1276 2813 αὐτοῦ,
1302 2749 1417 2802 ἀλλ’
1440 2745 1550 2802 οἷον
1580 2766 1748 2819 μετα-

181 2844 575 2917 μορφούμενον,
607 2842 665 2909 ἐξ
684 2841 963 2906 ἀσθενείας
998 2842 1077 2903 εἰς
1101 2840 1351 2908 δύναμιν,
1377 2839 1437 2903 ἐξ
1465 2839 1749 2911 ἀνανδρίας

179 2937 259 2998 εἰς
289 2934 582 3005 ὑπομονὴν,
609 2934 703 2986 καὶ¹
734 2932 1089 2997 ἁπαξαπλῶς,
1127 2931 1193 2983 ἐκ
1218 2931 1324 2983 τῶν
1354 2931 1643 3000 αἰσχιόνων
1670 2932 1749 2994 εἰς

177 3029 247 3080 τὰ
270 3026 475 3095 ἀμείνω
536 3023 1106 3095 μεταστοιχειούμενον
1162 3022 1388 3091 νοητῶς.
1447 3022 1504 3074 Ψ
1506 3021 1652 3075 άλλει
1692 3022 1748 3075 δὲ

1853 1854 2058 1918 omnia,
2083 1874 2101 1907 ι
2131 1866 2183 1909 ct
2206 1855 2503 1909 extendens
2531 1852 2726 1907 coelum
2750 1849 2889 1904 sicut
2923 1849 3114 1916 pellem
3140 1846 3238 1911 “,s
3267 1846 3420 1916 juxta

1850 1960 2037 2001 vocem
2060 1944 2384 2009 Psalmistae,
2411 1941 2773 1996 ﬁrmissimam
2804 1949 2987 1993 autem
3046 1936 3275 1991 reddens
3314 1944 3423 1988 ter-

1852 2052 1966 2091 ram
1997 2046 2055 2090 ttt
2092 2050 2307 2103 semper
2337 2044 2391 2088 et
2422 2033 2776 2102 undequaque
2793 2030 2862 2084 sit
2886 2027 3198 2093 immobilis,
3226 2041 3419 2096 quam—

1854 2127 1934 2183 vis
1962 2128 2182 2182 fundata
2225 2140 2388 2194 super
2406 2124 2599 2178 maria.
2642 2120 2921 2189 Quomodo
2946 2120 3021 2174 ait
3052 2118 3308 2174 divinitus
3334 2116 3418 2171 in-

1852 2220 2055 2287 spirata
2088 2217 2365 2284 Seriptura
2401 2233 2414 2270 :
2446 2233 2464 2266 ι
2504 2212 2570 2266 Ει
2620 2212 2827 2281 ﬁngens
2879 2210 3129 2279 spiritum
3183 2206 3421 2264 hominis

1852 2310 1906 2363 in
1934 2310 2070 2377 ipso.
2104 2327 2123 2361 ι
2166 2307 2313 2362 Adeo
2340 2306 2483 2360 enim
2510 2318 2823 2372 magnarum
2848 2316 3028 2358 rerum
3071 2300 3320 2369 conditor
3366 2309 3423 2352 et

1852 2400 2052 2471 cpifex,
2070 2400 2337 2469 quomodo
2356 2412 2460 2451 non
2487 2385 2622 2451 citra
2646 2393 2895 2448 sudorem
2923 2398 2978 2447 et
3008 2389 3256 2445 facillime
3276 2391 3419 2454 quod

1852 2491 2082 2546 voluerit
2110 2489 2399 2545 conﬁciet?
2436 2486 2680 2556 Fingitur
2716 2493 2897 2538 autem
2934 2482 3155 2552 spiritus
3184 2480 3420 2536 hominis

1855 2584 1907 2637 in
1954 2585 2086 2652 ipso,
2151 2596 2256 2635 non
2317 2582 2383 2634 ad
2445 2579 2658 2633 initium
2699 2575 2952 2631 essentia
3005 2587 3117 2627 suae
3174 2580 3417 2635 vocatus,

1853 2673 2096 2742 quamvis
2125 2687 2219 2741 per
2267 2671 2437 2738 ipsum
2489 2668 2662 2721 factus
2707 2668 2777 2720 sit
2826 2680 2842 2718 :
2908 2662 3067 2735 773
3114 2662 3208 2718 sed
3264 2662 3419 2730 quasi

1854 2763 2289 2825 trausl‘ormatus,
2315 2776 2379 2815 ex
2410 2757 2775 2813 imbecillitate
2795 2755 2863 2811 ad
2886 2757 3160 2817 virtutem,
3179 2769 3243 2809 ex
3265 2755 3420 2824 igna-

1853 2855 1937 2909 via
1970 2855 2035 2909 ad
2069 2854 2409 2924 patientiam,
2433 2858 2487 2905 et
2545 2848 2810 2913 absolute,
2843 2862 2910 2902 ex
2964 2845 3298 2916 turpioribus
3351 2846 3420 2899 ad

1854 2944 2182 3007 honestiora,
2202 2941 2493 2996 secundum
2526 2939 2670 3008 quod
2705 2935 3044 3007 intelligitur,
3074 2934 3414 2989 reformatus.

1853 3033 2038 3090 Psallit
2056 3042 2111 3088 et
2137 3032 2349 3085 divinus
2382 3030 2581 3083 David:
2613 3044 2633 3078 ι
2664 3025 2773 3080 Cor
2804 3025 3059 3079 mundum
3087 3024 3280 3078 ereain
3310 3038 3419 3088 me,

182 3119 279 3170 καὶ
323 3117 350 3167 6
412 3114 699 3175 θεσπέσιος
726 3113 905 3167 Δαὸίδσ
946 3112 1225 3182 ιΚαρδίαν
1258 3111 1505 3182 καθαράν
1564 3112 1748 3165 κτίσον

1856 3125 2015 3189 Deus,
2083 3131 2139 3175 et
2191 3120 2437 3189 spiritum
2493 3124 2699 3171 rectum
2747 3114 2943 3169 innova
2994 3113 3048 3166 in
3119 3113 3418 3166 visceribus

92 3226 95 3227 '
181 3210 239 3261 ἐν
264 3208 412 3277 ἐμοὶ,
439 3209 467 3260 6
493 3205 647 3271 Θεὸς,
680 3206 773 3258 καὶ
803 3204 1017 3274 πνεῦμα
1039 3204 1190 3266 εύθὲς
1215 3204 1522 3272 ἐγκαίνισον
1555 3205 1612 3255 ἐν
1637 3206 1750 3265 τοῖς

180 3300 431 3369 ἐγκάτοις
465 3315 585 3368 μου.
620 3317 638 3350 ι
672 3298 785 3351 Καὶ
821 3297 881 3349 οὐ
934 3296 999 3367 δή
1048 3312 1151 3348 που
1201 3294 1333 3363 φαίη
1364 3312 1448 3356 τις
1477 3294 1566 3357 ἂν,
1596 3294 1750 3363 εἴπερ

180 3388 305 3442 νοῦν
326 3387 459 3458 ἔχει,
486 3385 712 3457 καρδίαν
758 3386 791 3455 ἢ
842 3383 1057 3455 πνεῦμα
1106 3382 1392 3454 βούλεσθαι
1426 3382 1610 3435 λαϐεῖν
1631 3422 1645 3445 ,
1677 3381 1752 3443 ὠς

181 3481 284 3532 οὐκ
304 3478 494 3548 ἔχοντα
519 3479 617 3548 τὴν
645 3477 841 3548 ἀρχήν·
873 3475 1084 3544 οἰηθείη
1113 3474 1158 3527 δ’
1183 3475 1248 3527 ἂν
1282 3474 1485 3543 μᾶλλον
1519 3475 1576 3525 ἐν
1604 3471 1752 3540 αὐτῷ

183 3568 460 3632 κτίζεσθαι
490 3567 828 3638 παρακαλεῖν
863 3565 1089 3636 καρδίαν
1113 3563 1381 3634 καθαράν,
1408 3563 1504 3615 καὶ
1538 3561 1753 3631 πνεῦμα

181 3660 357 3722 εύθές.
424 3660 532 3712 Καὶ
566 3656 724 3710 τοῦτό
771 3659 917 3709 ἐστιν
966 3657 995 3707 6
1045 3652 1453 3725 μεταπλασμός.
1505 3651 1664 3712 Ἐθος
1695 3650 1753 3703 δὲ

180 3753 297 3813 τοῖς
329 3750 503 3818 ἁγίοις
544 3750 866 3819 προφήταις,
899 3747 948 3798 εἰ
992 3745 1057 3815 δὴ
1113 3744 1354 3816 μέλλοιεν
1381 3743 1481 3796 οὐκ
1523 3743 1753 3794 εὐκατα-

185 3845 465 3914 φρονήτων
494 3839 833 3911 πραγμάτων
861 3836 1128 3889 ποιεῖσθαι
1182 3835 1588 3906 προαφήγησιν,
1619 3848 1753 3885 παν-

185 3934 350 4001 σθενῆ
383 3951 444 3985 τε
475 3933 567 3987 καὶ
592 3931 971 4001 ἀλκιμώτατον
1004 3928 1428 3997 προαναφαίνειν
1457 3925 1763 3997 πειρᾶσθαι

182 4026 275 4077 τὸν
295 4024 432 4077 ὅλων
462 4023 615 4087 Θεὸν,
644 4021 729 4073 ἵνα
789 4019 1121 4089 πανταχόθεν
1155 4019 1184 4070 6
1236 4016 1393 4084 λόγος
1444 4015 1626 4078 αὐτοῖς
1655 4015 1751 4085 ἔχῃ

179 4115 243 4167 τὸ
272 4113 485 4183 βέϐακον
507 4116 586 4176 είς
627 4112 828 4175 πίστιν,
888 4110 989 4163 κᾶν
1041 4110 1089 4161 εί
1138 4107 1346 4175 λέγοιεν
1382 4105 1491 4159 τῶν
1525 4104 1753 4158 ἐλπίδων

184 4206 458 4271 ἐπέκεινα,
488 4206 584 4257 καὶ
609 4203 731 4255 ὅσον
780 4202 902 4272 ἥκει
957 4201 1129 4253 εἰπεῖν
1182 4199 1262 4260 εἰς
1315 4196 1520 4249 ἔννοιαν
1572 4195 1668 4265 τὴν
1696 4197 1752 4245 ἐν

184 4298 337 4367 ἡμῖν,
375 4295 479 4359 ἔξω
510 4292 603 4347 τοῦ
626 4294 783 4361 λόγου
811 4292 903 4346 καὶ
936 4286 1308 4356 ἀπιστούμενα

268 4385 414 4439 Ἰδοὺ
441 4384 555 4454 ἐγὼ
578 4385 775 4451 τίθημι
802 4380 915 4450 τὴν
938 4376 1325 4447 Ἰερουσαλὴμ
1355 4375 1434 4439 ὡς
1465 4374 1750 4441 πρόθυρα,

1856 3215 1990 3271 meis
2018 3214 2084 3267 “.
2118 3231 2137 3264 ι
2174 3212 2358 3279 Neque
2388 3209 2527 3262 dicet
2564 3206 2825 3274 quispiam
2855 3205 3050 3259 mentis
3082 3218 3303 3272 compos
3354 3202 3418 3254 il-

1854 3307 1963 3360 lum
1999 3304 2134 3359 velle
2160 3317 2256 3358 cor
2300 3310 2356 3355 et
2389 3300 2634 3368 spiritum
2682 3295 2930 3363 adipisci,
2988 3294 3145 3363 quasi
3198 3306 3420 3361 prorsus

1856 3412 1958 3451 non
1978 3395 2213 3449 habeat:
2248 3392 2339 3446 sed
2361 3390 2777 3458 putabitpotius
2833 3399 3041 3455 rogare,
3086 3392 3145 3436 ut
3207 3384 3260 3437 in
3303 3383 3420 3451 ipso

1854 3502 1950 3542 cor
1972 3484 2224 3540 mundum
2258 3492 2314 3536 et
2350 3480 2574 3550 spiritus
2610 3487 2792 3533 rectus
2813 3484 3046 3531 creetur.
3094 3474 3270 3543 Atque
3307 3476 3420 3526 luet:

1854 3585 1936 3627 est
1964 3570 2390 3626 transformatio.
2415 3567 2825 3623 Consueverunt
2850 3572 3028 3617 autem
3059 3562 3232 3617 sancti
3290 3576 3418 3631 pro-

1854 3669 2029 3735 phetat
2058 3678 2160 3716 non
2226 3660 2463 3727 vulgaria
2523 3656 2853 3727 prmdicturi,
2906 3656 3057 3722 prius
3094 3655 3302 3717 conari,
3363 3664 3421 3707 ιιι

1858 3755 2023 3810 Deum
2057 3752 2436 3807 universorum
2468 3748 2673 3803 viribus
2717 3746 3144 3800 valentissimum
3173 3755 3229 3798 et
3260 3744 3423 3799 robu-

1855 3846 2149 3902 stissimum
2173 3844 2479 3903 ostendant,
2501 3854 2608 3908 quo
2622 3839 2995 3894 commoratio
3014 3853 3077 3892 ex
3102 3838 3245 3892 omni
3271 3845 3421 3905 parte

1855 3940 2101 3995 stabilem
2133 3938 2291 3992 iidem
2314 3944 2697 4004 consequatur,
2724 3930 2973 4000 quamvis
2991 3943 3087 3998 spe
3118 3928 3323 3995 majora
3338 3938 3414 3991 et,

1854 4032 1897 4087 si
1932 4046 2044 4085 rem
2076 4027 2400 4098 cogitatione
2436 4027 2668 4079 humana
2705 4022 3014 4085 metiamur,
3056 4028 3271 4087 captum
3325 4034 3420 4071 no.

1854 4132 2026 4178 strum
2053 4118 2369 4174 excedentia
2398 4128 2451 4171 et
2474 4112 2809 4168 incredibilia
2842 4110 3040 4164 dicant.

1928 4378 2089 4433 Vsus.
2129 4379 2184 4444 2,
2221 4376 2273 4430 5.
2309 4374 2440 4427 Ecce
2465 4388 2557 4442 ego
2584 4386 2721 4439 pono
2757 4366 3054 4422 Jerusalem
3077 4369 3212 4421 sicut
3256 4370 3416 4423 vesti-

181 4476 565 4545 σαλευόμενα
592 4473 743 4529 πᾶσι
796 4471 921 4538 τοῖς
956 4468 1127 4534 λαοῖς
1168 4468 1392 4530 κύκλῳ,
1433 4465 1531 4518 καὶ
1572 4465 1641 4517 ἐν
1676 4464 1751 4532 τῇ

1857 4471 1999 4532 bula,
2027 4486 2143 4539 quw
2164 4475 2431 4521 moventur
2455 4461 2695 4517 omnibus
2740 4458 2943 4530 populis
2977 4459 3031 4513 in
3068 4460 3334 4513 circuitu:
3369 4466 3421 4512 et

196 4565 458 4632 Ἰουδαίᾳ
500 4564 672 4619 ἔσται
727 4560 975 4631 περιοχὴ
1025 4558 1127 4613 ἐπὶ
1181 4553 1584 4624 Ἰερουσαλήμ.
1641 4553 1751 4607 Kal

174 4660 354 4714 ἔσται
383 4656 452 4709 ἐν
494 4653 571 4719 τῆ
613 4652 803 4724 ἡμέρᾳ
835 4652 1058 4717 ἐκείνῃ,
1098 4646 1353 4715 ϐήσομαι
1387 4643 1501 4710 τὴν
1536 4642 1751 4709 Ἰερου-

180 4744 398 4812 σαλὴμ
432 4743 606 4797 λίθον
644 4740 1168 4807 καταπατούμενον
1191 4734 1341 4789 πᾶσι
1368 4730 1490 4796 τοῖς
1525 4731 1747 4784 ἔθνεσι.

179 4835 312 4899 Πᾶς
336 4837 369 4888 ό
414 4829 769 4887 καταπατῶν
822 4829 1019 4896 αὐτὴν
1041 4823 1336 4895 ἐμπαίζων
1368 4820 1715 4890 ἐμπαίξεται
1734 4860 1749 4884 ,

180 4924 285 4978 καί
326 4920 816 4989 συναχθήσονται
865 4917 958 4970 ἐπ’
995 4913 1188 4980 αὐτὴν
1245 4911 1439 4965 πάντα
1493 4906 1563 4960 τὰ
1613 4906 1756 4975 ἔθνη

180 5014 294 5081 τῆς
317 5010 446 5081 γῆςο

257 5106 381 5158 ΠΖ’.
418 5104 505 5156 Ἐν
532 5104 644 5165 τοίς
668 5101 766 5171 ἠδη
818 5095 1359 5170 προαπηγγελμένοις
1408 5093 1436 5144 6
1482 5090 1620 5145 κατά
1658 5090 1757 5156 γῆς

192 5195 454 5258 Ἰουδαίας
479 5194 714 5263 πόλεμος
734 5192 821 5246 διὰ
844 5191 942 5260 τῆς
984 5186 1267 5258 Ῥωμαίων
1308 5184 1561 5253 ἐσόμενος
1593 5197 1756 5251 στρα-

178 5290 305 5350 τιᾶς
338 5288 523 5355 εἴρητο
560 5283 766 5353 σαφῶς.
802 5281 911 5336 Καὶ
935 5279 1064 5349 γοῦν
1123 5277 1348 5347 ἔφασκε·
1393 5294 1410 5324 ι
1444 5272 1598 5342 Φωνὴ
1623 5271 1754 5343 θρη-

182 5378 418 5431 νούντων
474 5375 767 5444 ποιμένων,
819 5372 903 5424 ὅτι
950 5364 1426 5435 τεταλαιπωρηκεν
1483 5364 1516 5430 ἡ
1579 5376 1750 5430 μεγα·

181 5469 381 5537 λοσύνη
409 5466 608 5520 αὐτῶν.
645 5485 664 5518 s
701 5466 809 5518 Καὶ
844 5462 959 5533 μεθ’
986 5462 1147 5529 ἕτερα
1189 5456 1369 5510 πάλιψ
1405 5475 1422 5506 ι
1456 5453 1553 5506 Διὰ
1596 5451 1753 5505 τοῦτο

180 5562 243 5614 οὑ
270 5559 522 5629 φείσομαι
546 5558 625 5611 ἔτι
656 5557 749 5610 ἐπὶ
768 5556 893 5617 τοὺς
915 5550 1295 5611 κατοικοῦντας
1329 5548 1429 5617 τὴν
1449 5546 1574 5615 γῆν,
1602 5544 1749 5611 λέγει

257 5738 298 5767 ⁵⁸
330 5734 468 5791 Psal.
496 5747 612 5798 cm,
640 5733 694 5788 2.
772 5733 814 5765 δ’
855 5730 996 5786 Psal.
1028 5745 1078 5793 ι,
1116 5727 1202 5782 12.
1280 5727 1323 5756 ⁸³
1353 5721 1579 5777 Zachar.
1615 5733 1689 5785 XI,
1722 5715 1771 5771 5.

1856 4564 1910 4616 in
1935 4561 2128 4617 Iudaea
2150 4560 2248 4612 erit
2276 4557 2473 4611 obsidio
2499 4569 2654 4624 super
2680 4551 2992 4607 Jerusalem.
3023 4550 3089 4605 Et
3119 4551 3213 4604 erit
3258 4552 3311 4605 in
3337 4552 3421 4603 die

1857 4653 2179 4720 illa,ponam
2208 4647 2501 4703 Jerusalem
2559 4645 2784 4713 lapidem
2812 4640 3173 4696 conculcalum
3220 4641 3420 4696 cunctis

1855 4741 2108 4811 gentibus.
2148 4738 2329 4791 Omnis
2358 4736 2566 4789 calcans
2585 4750 2719 4797 eam,
2742 4733 2963 4787 illudens
2985 4731 3189 4795 illudet,
3216 4743 3262 4785 et
3295 4746 3422 4784 cono

1856 4832 2209 4901 gregabuntur
2232 4844 2387 4895 super
2419 4843 2533 4881 eam
2557 4841 2730 4879 omnes
2756 4836 2929 4893 gentes
2961 4834 3138 4877 terrae.

1927 5089 2235 5147 LXXXVII.
2265 5087 2321 5141 In
2368 5083 2800 5156 prmdictionibns
2848 5081 3177 5147 antegressis
3226 5075 3419 5131 bellum

1854 5183 2050 5237 Judaeae
2076 5196 2104 5234 a
2138 5180 2380 5234 Romano
2402 5175 2640 5230 exercitu
2679 5169 3015 5226 inferendum
3049 5166 3279 5220 dilucide
3308 5179 3421 5216 mc-

1861 5281 2126 5329 moratur.
2149 5270 2370 5324 Dicebat
2392 5267 2552 5336 igitur
2576 5278 2774 5333 supra:
2802 5279 2820 5312 ι
2862 5260 2973 5315 Vox
3010 5255 3419 5313 lamentantium

1860 5369 2157 5431 pastorum,
2182 5357 2436 5427 quoniam
2466 5353 2659 5408 misera
2708 5349 2847 5405 facta
2888 5356 2971 5401 est
3025 5340 3418 5413 magniﬁcentia

1859 5452 2094 5521 ipsorum
2121 5449 2185 5501 ⁸³.
2222 5466 2239 5498 ι
2275 5447 2338 5501 Ει
2370 5444 2528 5515 paulo
2584 5451 2741 5513 post:
2785 5457 2804 5490 ι
2869 5440 3092 5504 Propter
3155 5434 3257 5486 hoc
3313 5445 3419 5484 non

1860 5520 2077 5608 paream
2112 5550 2273 5605 super
2327 5534 2631 5591 habitantes
2696 5541 2917 5591 terram,
2968 5524 3096 5580 dicit
3144 5520 3419 5575 Dominus.
