  <div class='ocr_page' id='page_1' title='image "/cluster/home/n/w/nwhite01/storage/ocr_20150623/72/hvd.32044019207893/113.png"; bbox 0 0 4070 6510; ppageno 0'>
   <div class='ocr_carea' id='block_1_1' title="bbox 721 312 820 401">
    <p class='ocr_par' dir='ltr' id='par_1_1' title="bbox 721 312 820 401">
     <span class='ocr_line' id='line_1_1' title="bbox 721 312 820 401; baseline 0.01 -1"><span class='ocrx_word' id='word_1_1' title='bbox 721 312 820 401; x_wconf 55' lang='lat' dir='ltr'><strong>sn</strong></span> 
     </span>
    </p>
   </div>
   <div class='ocr_carea' id='block_1_2' title="bbox 1735 356 3896 425">
    <p class='ocr_par' dir='ltr' id='par_1_2' title="bbox 1735 356 3896 425">
     <span class='ocr_line' id='line_1_2' title="bbox 1735 356 3896 425; baseline 0.006 -14"><span class='ocrx_word' id='word_1_2' title='bbox 1735 357 1793 412; x_wconf 88' lang='lat' dir='ltr'><strong>S.</strong></span> <span class='ocrx_word' id='word_1_3' title='bbox 1833 356 2102 416; x_wconf 80' lang='lat' dir='ltr'><strong>CYRILLI</strong></span> <span class='ocrx_word' id='word_1_4' title='bbox 2142 360 2600 416; x_wconf 70' lang='lat' dir='ltr'><strong>ALEXANDRINI</strong></span> <span class='ocrx_word' id='word_1_5' title='bbox 2643 362 2959 418; x_wconf 77' lang='lat' dir='ltr'><strong>ARCHIEP.</strong></span> <span class='ocrx_word' id='word_1_6' title='bbox 3818 367 3896 425; x_wconf 75' lang='grc'><strong>212</strong></span> 
     </span>
    </p>
   </div>
   <div class='ocr_carea' id='block_1_3' title="bbox 800 455 2293 546">
    <p class='ocr_par' dir='ltr' id='par_1_3' title="bbox 800 455 2279 525">
     <span class='ocr_line' id='line_1_3' title="bbox 800 455 2279 525; baseline 0.009 -15"><span class='ocrx_word' id='word_1_7' title='bbox 800 455 966 511; x_wconf 71' lang='lat' dir='ltr'><strong>Vens.</strong></span> <span class='ocrx_word' id='word_1_8' title='bbox 1004 457 1057 512; x_wconf 76' lang='lat'><strong>5.</strong></span> <span class='ocrx_word' id='word_1_9' title='bbox 1098 458 1167 513; x_wconf 77' lang='lat' dir='ltr'><strong>Et</strong></span> <span class='ocrx_word' id='word_1_10' title='bbox 1208 461 1380 515; x_wconf 81' lang='lat' dir='ltr'><strong>dicent</strong></span> <span class='ocrx_word' id='word_1_11' title='bbox 1408 462 1602 517; x_wconf 83' lang='lat' dir='ltr'><strong>tribuni</strong></span> <span class='ocrx_word' id='word_1_12' title='bbox 1642 463 1783 519; x_wconf 74' lang='lat' dir='ltr'><strong>Iuda</strong></span> <span class='ocrx_word' id='word_1_13' title='bbox 1814 486 1987 524; x_wconf 77' lang='lat' dir='ltr'><strong>omnes</strong></span> <span class='ocrx_word' id='word_1_14' title='bbox 2016 472 2070 523; x_wconf 81' lang='lat' dir='ltr'><strong>in</strong></span> <span class='ocrx_word' id='word_1_15' title='bbox 2108 472 2279 525; x_wconf 82' lang='lat' dir='ltr'><strong>cordi-</strong></span> 
     </span>
    </p>
   </div>
   <div class='ocr_carea' id='block_1_4' title="bbox 2401 455 3897 546">
    <p class='ocr_par' dir='ltr' id='par_1_4' title="bbox 2452 473 3897 546">
     <span class='ocr_line' id='line_1_4' title="bbox 2452 473 3897 546; baseline 0.002 -19"><span class='ocrx_word' id='word_1_16' title='bbox 2452 477 2561 528; x_wconf 74' lang='grc' dir='ltr'><strong>Καὶ</strong></span> <span class='ocrx_word' id='word_1_17' title='bbox 2594 475 2837 543; x_wconf 74' lang='grc' dir='ltr'>ἐροῦσιν</span> <span class='ocrx_word' id='word_1_18' title='bbox 2876 476 3173 543; x_wconf 76' lang='grc' dir='ltr'>χιλίαρχοι</span> <span class='ocrx_word' id='word_1_19' title='bbox 3220 473 3416 528; x_wconf 82' lang='grc' dir='ltr'><strong>Ἰούδα</strong></span> <span class='ocrx_word' id='word_1_20' title='bbox 3456 474 3676 540; x_wconf 78' lang='grc' dir='ltr'>πάντες</span> <span class='ocrx_word' id='word_1_21' title='bbox 3703 475 3766 528; x_wconf 70' lang='grc' dir='ltr'><strong><em>ἐν</em></strong></span> <span class='ocrx_word' id='word_1_22' title='bbox 3802 482 3897 546; x_wconf 75' lang='grc' dir='ltr'>ταῖς</span> 
     </span>
    </p>
   </div>
   <div class='ocr_carea' id='block_1_5' title="bbox 721 550 2276 627">
    <p class='ocr_par' dir='ltr' id='par_1_5' title="bbox 721 550 2276 627">
     <span class='ocr_line' id='line_1_5' title="bbox 721 550 2276 627; baseline 0.006 -23"><span class='ocrx_word' id='word_1_23' title='bbox 721 551 816 604; x_wconf 75' lang='lat' dir='ltr'><strong>bus</strong></span> <span class='ocrx_word' id='word_1_24' title='bbox 841 552 953 605; x_wconf 69' lang='lat' dir='ltr'><strong>suis</strong></span> <span class='ocrx_word' id='word_1_25' title='bbox 979 567 999 604; x_wconf 90' lang='lat'><strong><em>:</em></strong></span> <span class='ocrx_word' id='word_1_26' title='bbox 1032 550 1355 606; x_wconf 75' lang='lat' dir='ltr'><strong>Inveniemus</strong></span> <span class='ocrx_word' id='word_1_27' title='bbox 1381 553 1527 607; x_wconf 74' lang='lat' dir='ltr'><strong>nobis</strong></span> <span class='ocrx_word' id='word_1_28' title='bbox 1551 555 1842 611; x_wconf 73' lang='lat' dir='ltr'><strong>habitantes</strong></span> <span class='ocrx_word' id='word_1_29' title='bbox 1878 558 2193 627; x_wconf 70' lang='lat' dir='ltr'><strong>Jerusalem,</strong></span> <span class='ocrx_word' id='word_1_30' title='bbox 2222 563 2276 614; x_wconf 86' lang='lat' dir='ltr'><strong>in</strong></span> 
     </span>
    </p>
   </div>
   <div class='ocr_carea' id='block_1_6' title="bbox 720 640 1676 711">
    <p class='ocr_par' dir='ltr' id='par_1_6' title="bbox 720 640 1676 711">
     <span class='ocr_line' id='line_1_6' title="bbox 720 640 1676 711; baseline 0.002 -15"><span class='ocrx_word' id='word_1_31' title='bbox 720 640 947 697; x_wconf 80' lang='lat' dir='ltr'><strong>Domino</strong></span> <span class='ocrx_word' id='word_1_32' title='bbox 974 645 1319 711; x_wconf 78' lang='lat' dir='ltr'><strong>omnipatente</strong></span> <span class='ocrx_word' id='word_1_33' title='bbox 1350 643 1456 698; x_wconf 70' lang='lat' dir='ltr'><strong>Deo</strong></span> <span class='ocrx_word' id='word_1_34' title='bbox 1477 661 1676 699; x_wconf 82' lang='lat' dir='ltr'><strong>eorum.</strong></span> 
     </span>
    </p>
   </div>
   <div class='ocr_carea' id='block_1_7' title="bbox 791 821 2281 887">
    <p class='ocr_par' dir='ltr' id='par_1_7' title="bbox 791 821 2281 887">
     <span class='ocr_line' id='line_1_7' title="bbox 791 821 2281 887; baseline 0 -10"><span class='ocrx_word' id='word_1_35' title='bbox 791 821 1085 877; x_wconf 72' lang='lat' dir='ltr'><strong>LXXXIX.</strong></span> <span class='ocrx_word' id='word_1_36' title='bbox 1120 821 1484 887; x_wconf 90' lang='lat' dir='ltr'><strong>Chiliarchas,</strong></span> <span class='ocrx_word' id='word_1_37' title='bbox 1508 836 1599 877; x_wconf 90' lang='lat' dir='ltr'><strong>seu</strong></span> <span class='ocrx_word' id='word_1_38' title='bbox 1628 822 1869 878; x_wconf 83' lang='lat' dir='ltr'><strong>tribunos</strong></span> <span class='ocrx_word' id='word_1_39' title='bbox 1891 821 2026 877; x_wconf 80' lang='lat' dir='ltr'><strong>Juda</strong></span> <span class='ocrx_word' id='word_1_40' title='bbox 2046 833 2281 884; x_wconf 70' lang='lat' dir='ltr'><strong>,sanctos</strong></span> 
     </span>
    </p>
   </div>
   <div class='ocr_carea' id='block_1_8' title="bbox 721 913 2279 982">
    <p class='ocr_par' dir='ltr' id='par_1_8' title="bbox 721 913 2279 982">
     <span class='ocr_line' id='line_1_8' title="bbox 721 913 2279 982; baseline 0.001 -17"><span class='ocrx_word' id='word_1_41' title='bbox 721 914 992 981; x_wconf 81' lang='lat' dir='ltr'><strong>apostolos</strong></span> <span class='ocrx_word' id='word_1_42' title='bbox 1023 914 1323 981; x_wconf 87' lang='lat' dir='ltr'><strong>appellatos</strong></span> <span class='ocrx_word' id='word_1_43' title='bbox 1350 927 1751 979; x_wconf 87' lang='lat' dir='ltr'><strong>asseveramus,</strong></span> <span class='ocrx_word' id='word_1_44' title='bbox 1770 913 2006 968; x_wconf 87' lang='lat' dir='ltr'><strong>delectos</strong></span> <span class='ocrx_word' id='word_1_45' title='bbox 2025 922 2279 982; x_wconf 87' lang='lat' dir='ltr'><strong>tanquam</strong></span> 
     </span>
    </p>
   </div>
   <div class='ocr_carea' id='block_1_9' title="bbox 721 1001 2279 1074">
    <p class='ocr_par' dir='ltr' id='par_1_9' title="bbox 721 1001 2279 1074">
     <span class='ocr_line' id='line_1_9' title="bbox 721 1001 2279 1074; baseline 0.003 -20"><span class='ocrx_word' id='word_1_46' title='bbox 721 1004 887 1058; x_wconf 83' lang='lat' dir='ltr'><strong>duces</strong></span> <span class='ocrx_word' id='word_1_47' title='bbox 910 1020 940 1058; x_wconf 90' lang='lat' dir='ltr'><strong>a</strong></span> <span class='ocrx_word' id='word_1_48' title='bbox 965 1002 1204 1070; x_wconf 78' lang='lat' dir='ltr'><strong>Christo,</strong></span> <span class='ocrx_word' id='word_1_49' title='bbox 1236 1013 1291 1058; x_wconf 90' lang='lat' dir='ltr'><strong>et</strong></span> <span class='ocrx_word' id='word_1_50' title='bbox 1309 1004 1664 1073; x_wconf 90' lang='lat' dir='ltr'><strong>principatum</strong></span> <span class='ocrx_word' id='word_1_51' title='bbox 1690 1004 1742 1057; x_wconf 93' lang='lat' dir='ltr'><strong>in</strong></span> <span class='ocrx_word' id='word_1_52' title='bbox 1792 1001 1987 1058; x_wconf 85' lang='lat' dir='ltr'><strong>Judam</strong></span> <span class='ocrx_word' id='word_1_53' title='bbox 2035 1007 2279 1074; x_wconf 86' lang='lat' dir='ltr'><strong>adeptos,</strong></span> 
     </span>
    </p>
   </div>
   <div class='ocr_carea' id='block_1_10' title="bbox 722 1092 2281 1161">
    <p class='ocr_par' dir='ltr' id='par_1_10' title="bbox 722 1092 2281 1161">
     <span class='ocr_line' id='line_1_10' title="bbox 722 1092 2281 1161; baseline 0.001 -15"><span class='ocrx_word' id='word_1_54' title='bbox 722 1094 825 1146; x_wconf 87' lang='lat' dir='ltr'><strong>hoc</strong></span> <span class='ocrx_word' id='word_1_55' title='bbox 848 1102 948 1159; x_wconf 86' lang='lat' dir='ltr'><strong>est,</strong></span> <span class='ocrx_word' id='word_1_56' title='bbox 982 1093 1033 1146; x_wconf 91' lang='lat' dir='ltr'><strong>in</strong></span> <span class='ocrx_word' id='word_1_57' title='bbox 1063 1107 1157 1147; x_wconf 88' lang='lat' dir='ltr'><strong>eos</strong></span> <span class='ocrx_word' id='word_1_58' title='bbox 1184 1093 1273 1161; x_wconf 86' lang='lat' dir='ltr'><strong>qui</strong></span> <span class='ocrx_word' id='word_1_59' title='bbox 1316 1094 1381 1148; x_wconf 90' lang='lat' dir='ltr'><strong>ad</strong></span> <span class='ocrx_word' id='word_1_60' title='bbox 1404 1093 1766 1149; x_wconf 80' lang='lat' dir='ltr'><strong>conﬁtendum</strong></span> <span class='ocrx_word' id='word_1_61' title='bbox 1840 1102 1896 1148; x_wconf 92' lang='lat' dir='ltr'><strong>et</strong></span> <span class='ocrx_word' id='word_1_62' title='bbox 1953 1092 2281 1149; x_wconf 86' lang='lat' dir='ltr'><strong>laudandum</strong></span> 
     </span>
    </p>
   </div>
   <div class='ocr_carea' id='block_1_11' title="bbox 722 1182 2283 1253">
    <p class='ocr_par' dir='ltr' id='par_1_11' title="bbox 722 1182 2283 1253">
     <span class='ocr_line' id='line_1_11' title="bbox 722 1182 2283 1253; baseline 0.003 -20"><span class='ocrx_word' id='word_1_63' title='bbox 722 1184 896 1238; x_wconf 86' lang='lat' dir='ltr'><strong>vocati</strong></span> <span class='ocrx_word' id='word_1_64' title='bbox 959 1192 1127 1238; x_wconf 86' lang='lat' dir='ltr'><strong>sunt:</strong></span> <span class='ocrx_word' id='word_1_65' title='bbox 1158 1182 1323 1238; x_wconf 77' lang='lat' dir='ltr'><strong>ludas</strong></span> <span class='ocrx_word' id='word_1_66' title='bbox 1371 1184 1514 1238; x_wconf 86' lang='lat' dir='ltr'><strong>enim</strong></span> <span class='ocrx_word' id='word_1_67' title='bbox 1576 1185 1697 1239; x_wconf 74' lang='lat' dir='ltr'><strong>laus</strong></span> <span class='ocrx_word' id='word_1_68' title='bbox 1757 1184 2040 1240; x_wconf 88' lang='lat' dir='ltr'><strong>redditur:</strong></span> <span class='ocrx_word' id='word_1_69' title='bbox 2081 1184 2170 1253; x_wconf 85' lang='lat' dir='ltr'><strong>qui</strong></span> <span class='ocrx_word' id='word_1_70' title='bbox 2216 1199 2283 1238; x_wconf 80' lang='lat' dir='ltr'><strong>ex</strong></span> 
     </span>
    </p>
   </div>
   <div class='ocr_carea' id='block_1_12' title="bbox 721 1274 2285 1344">
    <p class='ocr_par' dir='ltr' id='par_1_12' title="bbox 721 1274 2285 1344">
     <span class='ocr_line' id='line_1_12' title="bbox 721 1274 2285 1344; baseline 0.001 -17"><span class='ocrx_word' id='word_1_71' title='bbox 721 1274 974 1342; x_wconf 77' lang='lat' dir='ltr'><strong>gentibus</strong></span> <span class='ocrx_word' id='word_1_72' title='bbox 1014 1275 1201 1343; x_wconf 84' lang='lat' dir='ltr'><strong>utique</strong></span> <span class='ocrx_word' id='word_1_73' title='bbox 1256 1274 1476 1339; x_wconf 78' lang='lat' dir='ltr'><strong>fuerint,</strong></span> <span class='ocrx_word' id='word_1_74' title='bbox 1520 1275 1714 1344; x_wconf 80' lang='lat' dir='ltr'><strong>quibus</strong></span> <span class='ocrx_word' id='word_1_75' title='bbox 1743 1284 1800 1329; x_wconf 90' lang='lat' dir='ltr'><strong>et</strong></span> <span class='ocrx_word' id='word_1_76' title='bbox 1829 1274 2043 1329; x_wconf 87' lang='lat' dir='ltr'><strong>divinus</strong></span> <span class='ocrx_word' id='word_1_77' title='bbox 2097 1282 2285 1329; x_wconf 86' lang='lat' dir='ltr'><strong>cantor</strong></span> 
     </span>
    </p>
   </div>
   <div class='ocr_carea' id='block_1_13' title="bbox 721 1365 2282 1434">
    <p class='ocr_par' dir='ltr' id='par_1_13' title="bbox 721 1365 2282 1434">
     <span class='ocr_line' id='line_1_13' title="bbox 721 1365 2282 1434; baseline 0 -16"><span class='ocrx_word' id='word_1_78' title='bbox 721 1365 965 1431; x_wconf 80' lang='lat' dir='ltr'><strong>mandat,</strong></span> <span class='ocrx_word' id='word_1_79' title='bbox 996 1365 1073 1421; x_wconf 91' lang='lat' dir='ltr'><strong>uti</strong></span> <span class='ocrx_word' id='word_1_80' title='bbox 1105 1365 1503 1420; x_wconf 87' lang='lat' dir='ltr'><strong>Emmanuelem</strong></span> <span class='ocrx_word' id='word_1_81' title='bbox 1543 1365 1839 1430; x_wconf 83' lang='lat' dir='ltr'><strong>celebrent,</strong></span> <span class='ocrx_word' id='word_1_82' title='bbox 1868 1365 2056 1419; x_wconf 88' lang='lat' dir='ltr'><strong>dicens</strong></span> <span class='ocrx_word' id='word_1_83' title='bbox 2085 1365 2136 1418; x_wconf 90' lang='lat' dir='ltr'><strong>in</strong></span> <span class='ocrx_word' id='word_1_84' title='bbox 2169 1365 2282 1434; x_wconf 86' lang='lat' dir='ltr'><strong>spi-</strong></span> 
     </span>
    </p>
   </div>
   <div class='ocr_carea' id='block_1_14' title="bbox 724 1457 2289 1527">
    <p class='ocr_par' dir='ltr' id='par_1_14' title="bbox 724 1457 2289 1527">
     <span class='ocr_line' id='line_1_14' title="bbox 724 1457 2289 1527; baseline 0.001 -17"><span class='ocrx_word' id='word_1_85' title='bbox 724 1459 832 1511; x_wconf 88' lang='lat' dir='ltr'><strong>ritu</strong></span> <span class='ocrx_word' id='word_1_86' title='bbox 866 1476 880 1511; x_wconf 87' lang='lat'><strong>:</strong></span> <span class='ocrx_word' id='word_1_87' title='bbox 920 1477 939 1509; x_wconf 77' lang='grc' dir='ltr'><strong>ι</strong></span> <span class='ocrx_word' id='word_1_88' title='bbox 978 1457 1303 1525; x_wconf 88' lang='lat' dir='ltr'><strong>Benedicite,</strong></span> <span class='ocrx_word' id='word_1_89' title='bbox 1329 1468 1534 1527; x_wconf 86' lang='lat' dir='ltr'><strong>gentes,</strong></span> <span class='ocrx_word' id='word_1_90' title='bbox 1561 1459 1723 1512; x_wconf 89' lang='lat' dir='ltr'><strong>Demn</strong></span> <span class='ocrx_word' id='word_1_91' title='bbox 1747 1467 2010 1521; x_wconf 87' lang='lat' dir='ltr'><strong>nostrum,</strong></span> <span class='ocrx_word' id='word_1_92' title='bbox 2056 1467 2111 1513; x_wconf 92' lang='lat' dir='ltr'><strong>et</strong></span> <span class='ocrx_word' id='word_1_93' title='bbox 2136 1458 2289 1512; x_wconf 86' lang='lat' dir='ltr'><strong>audi—</strong></span> 
     </span>
    </p>
   </div>
   <div class='ocr_carea' id='block_1_15' title="bbox 724 1547 2289 1618">
    <p class='ocr_par' dir='ltr' id='par_1_15' title="bbox 724 1547 2289 1618">
     <span class='ocr_line' id='line_1_15' title="bbox 724 1547 2289 1618; baseline 0 -18"><span class='ocrx_word' id='word_1_94' title='bbox 724 1557 832 1601; x_wconf 86' lang='lat' dir='ltr'><strong>tam</strong></span> <span class='ocrx_word' id='word_1_95' title='bbox 884 1548 1048 1605; x_wconf 80' lang='lat' dir='ltr'><strong>facite</strong></span> <span class='ocrx_word' id='word_1_96' title='bbox 1079 1563 1263 1604; x_wconf 88' lang='lat' dir='ltr'><strong>vocem</strong></span> <span class='ocrx_word' id='word_1_97' title='bbox 1325 1547 1500 1603; x_wconf 81' lang='lat' dir='ltr'><strong>laudis</strong></span> <span class='ocrx_word' id='word_1_98' title='bbox 1554 1548 1674 1618; x_wconf 83' lang='lat' dir='ltr'><strong>ejus</strong></span> <span class='ocrx_word' id='word_1_99' title='bbox 1724 1549 1794 1601; x_wconf 78' lang='lat'><strong>&quot;.</strong></span> <span class='ocrx_word' id='word_1_100' title='bbox 1835 1568 1852 1600; x_wconf 80' lang='grc' dir='ltr'><strong>ι</strong></span> <span class='ocrx_word' id='word_1_101' title='bbox 1896 1548 2063 1602; x_wconf 75' lang='lat' dir='ltr'><strong>ludas</strong></span> <span class='ocrx_word' id='word_1_102' title='bbox 2129 1548 2289 1616; x_wconf 79' lang='lat' dir='ltr'><strong>igitur</strong></span> 
     </span>
    </p>
   </div>
   <div class='ocr_carea' id='block_1_16' title="bbox 722 1636 2290 1707">
    <p class='ocr_par' dir='ltr' id='par_1_16' title="bbox 722 1636 2290 1707">
     <span class='ocr_line' id='line_1_16' title="bbox 722 1636 2290 1707; baseline 0.001 -19"><span class='ocrx_word' id='word_1_103' title='bbox 722 1636 825 1690; x_wconf 90' lang='lat' dir='ltr'><strong>hoc</strong></span> <span class='ocrx_word' id='word_1_104' title='bbox 855 1636 973 1691; x_wconf 91' lang='lat' dir='ltr'><strong>loco</strong></span> <span class='ocrx_word' id='word_1_105' title='bbox 989 1648 1112 1692; x_wconf 88' lang='lat' dir='ltr'><strong>sunt</strong></span> <span class='ocrx_word' id='word_1_106' title='bbox 1138 1636 1399 1707; x_wconf 83' lang='lat' dir='ltr'><strong>perﬁdem</strong></span> <span class='ocrx_word' id='word_1_107' title='bbox 1424 1638 1862 1692; x_wconf 84' lang='lat' dir='ltr'><strong>adlaudationem</strong></span> <span class='ocrx_word' id='word_1_108' title='bbox 1916 1646 1969 1692; x_wconf 90' lang='lat' dir='ltr'><strong>et</strong></span> <span class='ocrx_word' id='word_1_109' title='bbox 1995 1636 2290 1692; x_wconf 78' lang='lat' dir='ltr'><strong>confessio-</strong></span> 
     </span>
    </p>
   </div>
   <div class='ocr_carea' id='block_1_17' title="bbox 724 1726 2291 1807">
    <p class='ocr_par' dir='ltr' id='par_1_17' title="bbox 724 1726 2291 1807">
     <span class='ocr_line' id='line_1_17' title="bbox 724 1726 2291 1807; baseline 0.001 -27"><span class='ocrx_word' id='word_1_110' title='bbox 724 1743 845 1807; x_wconf 76' lang='lat' dir='ltr'><strong>nem</strong></span> <span class='ocrx_word' id='word_1_111' title='bbox 872 1728 1083 1785; x_wconf 83' lang='lat' dir='ltr'><strong>vocati:</strong></span> <span class='ocrx_word' id='word_1_112' title='bbox 1126 1727 1323 1781; x_wconf 91' lang='lat' dir='ltr'><strong>tribuni</strong></span> <span class='ocrx_word' id='word_1_113' title='bbox 1346 1728 1617 1796; x_wconf 87' lang='lat' dir='ltr'><strong>veroipsis</strong></span> <span class='ocrx_word' id='word_1_114' title='bbox 1638 1726 2291 1793; x_wconf 87' lang='lat' dir='ltr'><strong>constituti,centuriones</strong></span> 
     </span>
    </p>
   </div>
   <div class='ocr_carea' id='block_1_18' title="bbox 723 1796 2363 1891">
    <p class='ocr_par' dir='ltr' id='par_1_18' title="bbox 723 1796 2363 1891">
     <span class='ocr_line' id='line_1_18' title="bbox 723 1796 2363 1891; baseline -0.004 -13"><span class='ocrx_word' id='word_1_115' title='bbox 723 1834 778 1878; x_wconf 85' lang='lat' dir='ltr'><strong>et</strong></span> <span class='ocrx_word' id='word_1_116' title='bbox 797 1798 980 1888; x_wconf 84' lang='lat' dir='ltr'><strong>duces,</strong></span> <span class='ocrx_word' id='word_1_117' title='bbox 1014 1822 1461 1888; x_wconf 82' lang='lat' dir='ltr'><strong>divinidiscipuli.</strong></span> <span class='ocrx_word' id='word_1_118' title='bbox 1479 1822 1777 1878; x_wconf 81' lang='lat' dir='ltr'><strong>Observare</strong></span> <span class='ocrx_word' id='word_1_119' title='bbox 1805 1830 2028 1891; x_wconf 78' lang='lat' dir='ltr'><strong>estergo</strong></span> <span class='ocrx_word' id='word_1_120' title='bbox 2053 1836 2145 1875; x_wconf 93' lang='lat' dir='ltr'><strong>eos</strong></span> <span class='ocrx_word' id='word_1_121' title='bbox 2170 1820 2291 1875; x_wconf 85' lang='lat' dir='ltr'><strong>Sal—</strong></span> <span class='ocrx_word' id='word_1_122' title='bbox 2324 1796 2363 1850; x_wconf 74' lang='grc' dir='ltr'><strong><em>Β</em></strong></span> 
     </span>
    </p>
   </div>
   <div class='ocr_carea' id='block_1_19' title="bbox 724 1909 2293 1981">
    <p class='ocr_par' dir='ltr' id='par_1_19' title="bbox 724 1909 2293 1981">
     <span class='ocr_line' id='line_1_19' title="bbox 724 1909 2293 1981; baseline -0.001 -17"><span class='ocrx_word' id='word_1_123' title='bbox 724 1913 930 1968; x_wconf 82' lang='lat' dir='ltr'><strong>vatoris</strong></span> <span class='ocrx_word' id='word_1_124' title='bbox 951 1913 1323 1967; x_wconf 87' lang='lat' dir='ltr'><strong>adoratoribus</strong></span> <span class='ocrx_word' id='word_1_125' title='bbox 1341 1913 1483 1967; x_wconf 91' lang='lat' dir='ltr'><strong>velut</strong></span> <span class='ocrx_word' id='word_1_126' title='bbox 1502 1911 1819 1981; x_wconf 78' lang='lat' dir='ltr'><strong>quibusdam</strong></span> <span class='ocrx_word' id='word_1_127' title='bbox 1841 1910 2097 1963; x_wconf 86' lang='lat' dir='ltr'><strong>militibus</strong></span> <span class='ocrx_word' id='word_1_128' title='bbox 2114 1909 2293 1962; x_wconf 86' lang='lat' dir='ltr'><strong>accla-</strong></span> 
     </span>
    </p>
   </div>
   <div class='ocr_carea' id='block_1_20' title="bbox 727 1998 2288 2070">
    <p class='ocr_par' dir='ltr' id='par_1_20' title="bbox 727 1998 2288 2070">
     <span class='ocr_line' id='line_1_20' title="bbox 727 1998 2288 2070; baseline -0.001 -16"><span class='ocrx_word' id='word_1_129' title='bbox 727 2007 938 2055; x_wconf 85' lang='lat' dir='ltr'><strong>mantes</strong></span> <span class='ocrx_word' id='word_1_130' title='bbox 956 2010 1009 2055; x_wconf 89' lang='lat' dir='ltr'><strong>et</strong></span> <span class='ocrx_word' id='word_1_131' title='bbox 1034 2000 1275 2057; x_wconf 85' lang='lat' dir='ltr'><strong>dicentes</strong></span> <span class='ocrx_word' id='word_1_132' title='bbox 1309 2018 1323 2056; x_wconf 86' lang='lat'><strong>:</strong></span> <span class='ocrx_word' id='word_1_133' title='bbox 1361 2021 1379 2053; x_wconf 81' lang='grc' dir='ltr'><strong>ι</strong></span> <span class='ocrx_word' id='word_1_134' title='bbox 1415 2001 1566 2056; x_wconf 87' lang='lat' dir='ltr'><strong>State</strong></span> <span class='ocrx_word' id='word_1_135' title='bbox 1594 2001 1755 2070; x_wconf 82' lang='lat' dir='ltr'><strong>igitur</strong></span> <span class='ocrx_word' id='word_1_136' title='bbox 1788 1999 2046 2054; x_wconf 83' lang='lat' dir='ltr'><strong>succincti</strong></span> <span class='ocrx_word' id='word_1_137' title='bbox 2078 1998 2288 2052; x_wconf 74' lang='lat' dir='ltr'><strong>lumbos</strong></span> 
     </span>
    </p>
   </div>
   <div class='ocr_carea' id='block_1_21' title="bbox 727 2087 2291 2158">
    <p class='ocr_par' dir='ltr' id='par_1_21' title="bbox 727 2087 2291 2158">
     <span class='ocr_line' id='line_1_21' title="bbox 727 2087 2291 2158; baseline -0.001 -15"><span class='ocrx_word' id='word_1_138' title='bbox 727 2101 935 2146; x_wconf 82' lang='lat' dir='ltr'><strong>vestros</strong></span> <span class='ocrx_word' id='word_1_139' title='bbox 951 2091 1003 2145; x_wconf 92' lang='lat' dir='ltr'><strong>iu</strong></span> <span class='ocrx_word' id='word_1_140' title='bbox 1018 2091 1506 2157; x_wconf 87' lang='lat' dir='ltr'><strong>veritate,etinduti</strong></span> <span class='ocrx_word' id='word_1_141' title='bbox 1526 2090 1742 2145; x_wconf 84' lang='lat' dir='ltr'><strong>loricam</strong></span> <span class='ocrx_word' id='word_1_142' title='bbox 1753 2088 2059 2158; x_wconf 76' lang='lat' dir='ltr'><strong>justitiae,et</strong></span> <span class='ocrx_word' id='word_1_143' title='bbox 2073 2087 2291 2143; x_wconf 88' lang='lat' dir='ltr'><strong>calceati</strong></span> 
     </span>
    </p>
   </div>
   <div class='ocr_carea' id='block_1_22' title="bbox 727 2179 2293 2251">
    <p class='ocr_par' dir='ltr' id='par_1_22' title="bbox 727 2179 2293 2251">
     <span class='ocr_line' id='line_1_22' title="bbox 727 2179 2293 2251; baseline -0.001 -18"><span class='ocrx_word' id='word_1_144' title='bbox 727 2184 892 2251; x_wconf 80' lang='lat' dir='ltr'><strong>pedes</strong></span> <span class='ocrx_word' id='word_1_145' title='bbox 918 2179 971 2235; x_wconf 91' lang='lat' dir='ltr'><strong>in</strong></span> <span class='ocrx_word' id='word_1_146' title='bbox 1002 2182 1445 2250; x_wconf 73' lang='lat' dir='ltr'><strong>praeparationem</strong></span> <span class='ocrx_word' id='word_1_147' title='bbox 1467 2180 1741 2249; x_wconf 77' lang='lat' dir='ltr'><strong>Evangelii</strong></span> <span class='ocrx_word' id='word_1_148' title='bbox 1769 2179 1937 2249; x_wconf 87' lang='lat' dir='ltr'><strong>pacis,</strong></span> <span class='ocrx_word' id='word_1_149' title='bbox 1967 2180 2020 2231; x_wconf 89' lang='lat' dir='ltr'><strong>in</strong></span> <span class='ocrx_word' id='word_1_150' title='bbox 2044 2180 2293 2233; x_wconf 84' lang='lat' dir='ltr'><strong>omnibus</strong></span> 
     </span>
    </p>
   </div>
   <div class='ocr_carea' id='block_1_23' title="bbox 726 2270 2290 2340">
    <p class='ocr_par' dir='ltr' id='par_1_23' title="bbox 726 2270 2290 2340">
     <span class='ocr_line' id='line_1_23' title="bbox 726 2270 2290 2340; baseline -0.003 -13"><span class='ocrx_word' id='word_1_151' title='bbox 726 2281 1004 2327; x_wconf 80' lang='lat' dir='ltr'><strong>sumentes</strong></span> <span class='ocrx_word' id='word_1_152' title='bbox 1027 2281 1239 2327; x_wconf 88' lang='lat' dir='ltr'><strong>scutum</strong></span> <span class='ocrx_word' id='word_1_153' title='bbox 1306 2272 1453 2335; x_wconf 82' lang='lat' dir='ltr'><strong>ﬁdei,</strong></span> <span class='ocrx_word' id='word_1_154' title='bbox 1485 2272 1536 2325; x_wconf 92' lang='lat' dir='ltr'><strong>in</strong></span> <span class='ocrx_word' id='word_1_155' title='bbox 1568 2286 1674 2340; x_wconf 91' lang='lat' dir='ltr'><strong>quo</strong></span> <span class='ocrx_word' id='word_1_156' title='bbox 1705 2270 1949 2339; x_wconf 84' lang='lat' dir='ltr'><strong>poteritis</strong></span> <span class='ocrx_word' id='word_1_157' title='bbox 1980 2271 2160 2331; x_wconf 80' lang='lat' dir='ltr'><strong>omnia</strong></span> <span class='ocrx_word' id='word_1_158' title='bbox 2190 2270 2290 2323; x_wconf 88' lang='lat' dir='ltr'><strong>tela</strong></span> 
     </span>
    </p>
   </div>
   <div class='ocr_carea' id='block_1_24' title="bbox 728 2360 2290 2433">
    <p class='ocr_par' dir='ltr' id='par_1_24' title="bbox 728 2360 2290 2433">
     <span class='ocr_line' id='line_1_24' title="bbox 728 2360 2290 2433; baseline -0.004 -14"><span class='ocrx_word' id='word_1_159' title='bbox 728 2364 1043 2433; x_wconf 84' lang='lat' dir='ltr'><strong>nequissimi</strong></span> <span class='ocrx_word' id='word_1_160' title='bbox 1073 2363 1237 2432; x_wconf 80' lang='lat' dir='ltr'><strong>ignita</strong></span> <span class='ocrx_word' id='word_1_161' title='bbox 1268 2365 1616 2432; x_wconf 83' lang='lat' dir='ltr'><strong>exstinguere</strong></span> <span class='ocrx_word' id='word_1_162' title='bbox 1647 2364 1713 2416; x_wconf 82' lang='grc'><strong>⁵⁷.</strong></span> <span class='ocrx_word' id='word_1_163' title='bbox 1754 2381 1772 2413; x_wconf 72' lang='grc' dir='ltr'><strong>ι</strong></span> <span class='ocrx_word' id='word_1_164' title='bbox 1809 2362 1945 2415; x_wconf 90' lang='lat' dir='ltr'><strong>Sunt</strong></span> <span class='ocrx_word' id='word_1_165' title='bbox 1972 2376 2096 2430; x_wconf 85' lang='lat' dir='ltr'><strong>ergo</strong></span> <span class='ocrx_word' id='word_1_166' title='bbox 2128 2360 2290 2414; x_wconf 84' lang='lat' dir='ltr'><strong>divini</strong></span> 
     </span>
    </p>
   </div>
   <div class='ocr_carea' id='block_1_25' title="bbox 728 2449 2293 2525">
    <p class='ocr_par' dir='ltr' id='par_1_25' title="bbox 728 2449 2293 2525">
     <span class='ocr_line' id='line_1_25' title="bbox 728 2449 2293 2525; baseline -0.006 -15"><span class='ocrx_word' id='word_1_167' title='bbox 728 2453 978 2525; x_wconf 83' lang='lat' dir='ltr'><strong>discipuli</strong></span> <span class='ocrx_word' id='word_1_168' title='bbox 1003 2455 1222 2520; x_wconf 87' lang='lat' dir='ltr'><strong>tribuni,</strong></span> <span class='ocrx_word' id='word_1_169' title='bbox 1252 2464 1305 2508; x_wconf 89' lang='lat' dir='ltr'><strong>et</strong></span> <span class='ocrx_word' id='word_1_170' title='bbox 1340 2452 1870 2513; x_wconf 77' lang='lat' dir='ltr'><strong>convenientissima,</strong></span> <span class='ocrx_word' id='word_1_171' title='bbox 1909 2469 1927 2502; x_wconf 80' lang='grc' dir='ltr'><strong>ι</strong></span> <span class='ocrx_word' id='word_1_172' title='bbox 1967 2450 2068 2516; x_wconf 88' lang='lat' dir='ltr'><strong>Qui</strong></span> <span class='ocrx_word' id='word_1_173' title='bbox 2111 2460 2167 2504; x_wconf 93' lang='lat' dir='ltr'><strong>et</strong></span> <span class='ocrx_word' id='word_1_174' title='bbox 2213 2449 2293 2502; x_wconf 81' lang='lat' dir='ltr'><strong>di-</strong></span> 
     </span>
    </p>
   </div>
   <div class='ocr_carea' id='block_1_26' title="bbox 729 2536 2293 2613">
    <p class='ocr_par' dir='ltr' id='par_1_26' title="bbox 729 2536 2293 2613">
     <span class='ocr_line' id='line_1_26' title="bbox 729 2536 2293 2613; baseline -0.006 -14"><span class='ocrx_word' id='word_1_175' title='bbox 729 2550 877 2608; x_wconf 81' lang='lat' dir='ltr'><strong>cent,</strong></span> <span class='ocrx_word' id='word_1_176' title='bbox 903 2536 1101 2613; x_wconf 83' lang='lat' dir='ltr'><strong>inquit,</strong></span> <span class='ocrx_word' id='word_1_177' title='bbox 1143 2542 1198 2597; x_wconf 92' lang='lat' dir='ltr'><strong>in</strong></span> <span class='ocrx_word' id='word_1_178' title='bbox 1250 2543 1503 2598; x_wconf 86' lang='lat' dir='ltr'><strong>cordibus</strong></span> <span class='ocrx_word' id='word_1_179' title='bbox 1526 2542 1637 2596; x_wconf 90' lang='lat' dir='ltr'><strong>suis</strong></span> <span class='ocrx_word' id='word_1_180' title='bbox 1679 2559 1691 2593; x_wconf 87' lang='lat'><strong>:</strong></span> <span class='ocrx_word' id='word_1_181' title='bbox 1747 2538 2091 2593; x_wconf 85' lang='lat' dir='ltr'><strong>Inveniemus</strong></span> <span class='ocrx_word' id='word_1_182' title='bbox 2140 2538 2293 2591; x_wconf 87' lang='lat' dir='ltr'><strong>nobis</strong></span> 
     </span>
    </p>
   </div>
   <div class='ocr_carea' id='block_1_27' title="bbox 732 2617 2291 2704">
    <p class='ocr_par' dir='ltr' id='par_1_27' title="bbox 732 2617 2291 2704">
     <span class='ocr_line' id='line_1_27' title="bbox 732 2617 2291 2704; baseline -0.004 -19"><span class='ocrx_word' id='word_1_183' title='bbox 732 2617 865 2704; x_wconf 82' lang='lat' dir='ltr'><strong>ipsis</strong></span> <span class='ocrx_word' id='word_1_184' title='bbox 897 2632 1203 2688; x_wconf 87' lang='lat' dir='ltr'><strong>habitantes</strong></span> <span class='ocrx_word' id='word_1_185' title='bbox 1226 2633 1279 2685; x_wconf 92' lang='lat' dir='ltr'><strong>in</strong></span> <span class='ocrx_word' id='word_1_186' title='bbox 1311 2630 1629 2686; x_wconf 85' lang='lat' dir='ltr'><strong>Jerusalem.</strong></span> <span class='ocrx_word' id='word_1_187' title='bbox 1671 2649 1689 2681; x_wconf 76' lang='grc' dir='ltr'><strong>ι</strong></span> <span class='ocrx_word' id='word_1_188' title='bbox 1721 2626 2108 2683; x_wconf 87' lang='lat' dir='ltr'><strong>Desiderabant</strong></span> <span class='ocrx_word' id='word_1_189' title='bbox 2149 2628 2291 2679; x_wconf 86' lang='lat' dir='ltr'><strong>enim</strong></span> 
     </span>
    </p>
   </div>
   <div class='ocr_carea' id='block_1_28' title="bbox 732 2716 2289 2792">
    <p class='ocr_par' dir='ltr' id='par_1_28' title="bbox 732 2716 2289 2792">
     <span class='ocr_line' id='line_1_28' title="bbox 732 2716 2289 2792; baseline -0.006 -17"><span class='ocrx_word' id='word_1_190' title='bbox 732 2722 906 2778; x_wconf 84' lang='lat' dir='ltr'><strong>sancti</strong></span> <span class='ocrx_word' id='word_1_191' title='bbox 949 2721 1195 2792; x_wconf 87' lang='lat' dir='ltr'><strong>discipuli</strong></span> <span class='ocrx_word' id='word_1_192' title='bbox 1230 2736 1357 2776; x_wconf 87' lang='lat' dir='ltr'><strong>vere</strong></span> <span class='ocrx_word' id='word_1_193' title='bbox 1409 2728 1653 2773; x_wconf 90' lang='lat' dir='ltr'><strong>sanctam</strong></span> <span class='ocrx_word' id='word_1_194' title='bbox 1705 2717 2025 2781; x_wconf 84' lang='lat' dir='ltr'><strong>Jerusalem,</strong></span> <span class='ocrx_word' id='word_1_195' title='bbox 2079 2716 2130 2769; x_wconf 91' lang='lat' dir='ltr'><strong>id</strong></span> <span class='ocrx_word' id='word_1_196' title='bbox 2188 2725 2289 2778; x_wconf 88' lang='lat' dir='ltr'><strong>est,</strong></span> 
     </span>
    </p>
   </div>
   <div class='ocr_carea' id='block_1_29' title="bbox 731 2806 2290 2881">
    <p class='ocr_par' dir='ltr' id='par_1_29' title="bbox 731 2806 2290 2881">
     <span class='ocr_line' id='line_1_29' title="bbox 731 2806 2290 2881; baseline -0.005 -14"><span class='ocrx_word' id='word_1_197' title='bbox 731 2811 1050 2876; x_wconf 73' lang='lat' dir='ltr'><strong>Ecclesiam,</strong></span> <span class='ocrx_word' id='word_1_198' title='bbox 1081 2810 1334 2881; x_wconf 81' lang='lat' dir='ltr'><strong>repletam</strong></span> <span class='ocrx_word' id='word_1_199' title='bbox 1377 2810 1522 2865; x_wconf 91' lang='lat' dir='ltr'><strong>cerni</strong></span> <span class='ocrx_word' id='word_1_200' title='bbox 1553 2806 1953 2871; x_wconf 83' lang='lat' dir='ltr'><strong>adoratoribus,</strong></span> <span class='ocrx_word' id='word_1_201' title='bbox 2016 2817 2072 2861; x_wconf 88' lang='lat' dir='ltr'><strong>et</strong></span> <span class='ocrx_word' id='word_1_202' title='bbox 2125 2806 2290 2859; x_wconf 89' lang='lat' dir='ltr'><strong>veluti</strong></span> 
     </span>
    </p>
   </div>
   <div class='ocr_carea' id='block_1_30' title="bbox 734 2896 2291 2971">
    <p class='ocr_par' dir='ltr' id='par_1_30' title="bbox 734 2896 2291 2971">
     <span class='ocr_line' id='line_1_30' title="bbox 734 2896 2291 2971; baseline -0.003 -18"><span class='ocrx_word' id='word_1_203' title='bbox 734 2903 921 2956; x_wconf 86' lang='lat' dir='ltr'><strong>urbem</strong></span> <span class='ocrx_word' id='word_1_204' title='bbox 980 2901 1270 2971; x_wconf 88' lang='lat' dir='ltr'><strong>quamdam</strong></span> <span class='ocrx_word' id='word_1_205' title='bbox 1322 2899 1621 2954; x_wconf 86' lang='lat' dir='ltr'><strong>incolarum</strong></span> <span class='ocrx_word' id='word_1_206' title='bbox 1675 2897 1977 2966; x_wconf 82' lang='lat' dir='ltr'><strong>frequentia</strong></span> <span class='ocrx_word' id='word_1_207' title='bbox 2028 2896 2291 2965; x_wconf 84' lang='lat' dir='ltr'><strong>insignem</strong></span> 
     </span>
    </p>
   </div>
   <div class='ocr_carea' id='block_1_31' title="bbox 732 2985 2291 3060">
    <p class='ocr_par' dir='ltr' id='par_1_31' title="bbox 732 2985 2291 3060">
     <span class='ocr_line' id='line_1_31' title="bbox 732 2985 2291 3060; baseline -0.005 -15"><span class='ocrx_word' id='word_1_208' title='bbox 732 2990 1080 3045; x_wconf 85' lang='lat' dir='ltr'><strong>meritissime</strong></span> <span class='ocrx_word' id='word_1_209' title='bbox 1109 2989 1346 3060; x_wconf 86' lang='lat' dir='ltr'><strong>gloriari.</strong></span> <span class='ocrx_word' id='word_1_210' title='bbox 1382 2988 1642 3054; x_wconf 82' lang='lat' dir='ltr'><strong>Quocirca</strong></span> <span class='ocrx_word' id='word_1_211' title='bbox 1673 2985 2085 3055; x_wconf 87' lang='lat' dir='ltr'><strong>promulgabant</strong></span> <span class='ocrx_word' id='word_1_212' title='bbox 2110 2986 2291 3049; x_wconf 82' lang='lat' dir='ltr'><strong>ﬁdem,</strong></span> 
     </span>
    </p>
   </div>
   <div class='ocr_carea' id='block_1_32' title="bbox 732 3076 2290 3150">
    <p class='ocr_par' dir='ltr' id='par_1_32' title="bbox 732 3076 2290 3150">
     <span class='ocr_line' id='line_1_32' title="bbox 732 3076 2290 3150; baseline -0.003 -17"><span class='ocrx_word' id='word_1_213' title='bbox 732 3079 1168 3150; x_wconf 75' lang='lat' dir='ltr'><strong>evangelizames</strong></span> <span class='ocrx_word' id='word_1_214' title='bbox 1218 3078 1426 3143; x_wconf 70' lang='lat' dir='ltr'><strong>Iesum,</strong></span> <span class='ocrx_word' id='word_1_215' title='bbox 1474 3079 1749 3147; x_wconf 86' lang='lat' dir='ltr'><strong>signisque</strong></span> <span class='ocrx_word' id='word_1_216' title='bbox 1786 3076 2115 3147; x_wconf 82' lang='lat' dir='ltr'><strong>etprodigiis</strong></span> <span class='ocrx_word' id='word_1_217' title='bbox 2151 3077 2290 3131; x_wconf 87' lang='lat' dir='ltr'><strong>dicta</strong></span> 
     </span>
    </p>
   </div>
   <div class='ocr_carea' id='block_1_33' title="bbox 732 3166 2287 3236">
    <p class='ocr_par' dir='ltr' id='par_1_33' title="bbox 732 3166 2287 3236">
     <span class='ocr_line' id='line_1_33' title="bbox 732 3166 2287 3236; baseline -0.003 -13"><span class='ocrx_word' id='word_1_218' title='bbox 732 3186 826 3223; x_wconf 87' lang='lat' dir='ltr'><strong>sua</strong></span> <span class='ocrx_word' id='word_1_219' title='bbox 862 3171 1268 3225; x_wconf 82' lang='lat' dir='ltr'><strong>conﬁrmantes.</strong></span> <span class='ocrx_word' id='word_1_220' title='bbox 1298 3168 1680 3224; x_wconf 89' lang='lat' dir='ltr'><strong>Verumtamen</strong></span> <span class='ocrx_word' id='word_1_221' title='bbox 1716 3183 1821 3221; x_wconf 93' lang='lat' dir='ltr'><strong>non</strong></span> <span class='ocrx_word' id='word_1_222' title='bbox 1870 3166 2287 3236; x_wconf 87' lang='lat' dir='ltr'><strong>persuadebant.</strong></span> 
     </span>
    </p>
   </div>
   <div class='ocr_carea' id='block_1_34' title="bbox 732 3256 2295 3328">
    <p class='ocr_par' dir='ltr' id='par_1_34' title="bbox 732 3256 2295 3328">
     <span class='ocr_line' id='line_1_34' title="bbox 732 3256 2295 3328; baseline -0.003 -13"><span class='ocrx_word' id='word_1_223' title='bbox 732 3259 1045 3315; x_wconf 88' lang='lat' dir='ltr'><strong>Obdurabat</strong></span> <span class='ocrx_word' id='word_1_224' title='bbox 1065 3259 1207 3313; x_wconf 90' lang='lat' dir='ltr'><strong>enim</strong></span> <span class='ocrx_word' id='word_1_225' title='bbox 1241 3258 1467 3328; x_wconf 86' lang='lat' dir='ltr'><strong>populus</strong></span> <span class='ocrx_word' id='word_1_226' title='bbox 1502 3256 1830 3320; x_wconf 75' lang='lat' dir='ltr'><strong>inflexibilis,</strong></span> <span class='ocrx_word' id='word_1_227' title='bbox 1874 3266 1927 3313; x_wconf 91' lang='lat' dir='ltr'><strong>et</strong></span> <span class='ocrx_word' id='word_1_228' title='bbox 1946 3258 2090 3312; x_wconf 88' lang='lat' dir='ltr'><strong>velut</strong></span> <span class='ocrx_word' id='word_1_229' title='bbox 2125 3272 2295 3325; x_wconf 86' lang='lat' dir='ltr'><strong>equus</strong></span> 
     </span>
    </p>
   </div>
   <div class='ocr_carea' id='block_1_35' title="bbox 732 3348 2291 3417">
    <p class='ocr_par' dir='ltr' id='par_1_35' title="bbox 732 3348 2291 3417">
     <span class='ocr_line' id='line_1_35' title="bbox 732 3348 2291 3417; baseline -0.003 -12"><span class='ocrx_word' id='word_1_230' title='bbox 732 3351 1027 3406; x_wconf 88' lang='lat' dir='ltr'><strong>indomitus</strong></span> <span class='ocrx_word' id='word_1_231' title='bbox 1047 3348 1197 3404; x_wconf 85' lang='lat' dir='ltr'><strong>frena</strong></span> <span class='ocrx_word' id='word_1_232' title='bbox 1224 3351 1528 3405; x_wconf 86' lang='lat' dir='ltr'><strong>recusabat.</strong></span> <span class='ocrx_word' id='word_1_233' title='bbox 1553 3349 1759 3404; x_wconf 89' lang='lat' dir='ltr'><strong>Idcirco</strong></span> <span class='ocrx_word' id='word_1_234' title='bbox 1788 3348 2041 3417; x_wconf 88' lang='lat' dir='ltr'><strong>deinceps</strong></span> <span class='ocrx_word' id='word_1_235' title='bbox 2086 3357 2291 3402; x_wconf 74' lang='lat' dir='ltr'><strong>sanctae</strong></span> 
     </span>
    </p>
   </div>
   <div class='ocr_carea' id='block_1_36' title="bbox 732 3440 2297 3509">
    <p class='ocr_par' dir='ltr' id='par_1_36' title="bbox 732 3440 2297 3509">
     <span class='ocr_line' id='line_1_36' title="bbox 732 3440 2297 3509; baseline -0.004 -10"><span class='ocrx_word' id='word_1_236' title='bbox 732 3443 967 3499; x_wconf 88' lang='lat' dir='ltr'><strong>civitatis</strong></span> <span class='ocrx_word' id='word_1_237' title='bbox 998 3442 1332 3497; x_wconf 90' lang='lat' dir='ltr'><strong>habitatores</strong></span> <span class='ocrx_word' id='word_1_238' title='bbox 1357 3443 1407 3496; x_wconf 88' lang='lat' dir='ltr'><strong>in</strong></span> <span class='ocrx_word' id='word_1_239' title='bbox 1447 3459 1465 3492; x_wconf 78' lang='grc' dir='ltr'><strong>ι</strong></span> <span class='ocrx_word' id='word_1_240' title='bbox 1510 3442 1735 3495; x_wconf 88' lang='lat' dir='ltr'><strong>Domino</strong></span> <span class='ocrx_word' id='word_1_241' title='bbox 1768 3441 2135 3509; x_wconf 85' lang='lat' dir='ltr'><strong>omnipotente</strong></span> <span class='ocrx_word' id='word_1_242' title='bbox 2189 3440 2297 3493; x_wconf 91' lang='lat' dir='ltr'><strong>Deo</strong></span> 
     </span>
    </p>
   </div>
   <div class='ocr_carea' id='block_1_37' title="bbox 734 3530 2295 3606">
    <p class='ocr_par' dir='ltr' id='par_1_37' title="bbox 734 3530 2295 3606">
     <span class='ocr_line' id='line_1_37' title="bbox 734 3530 2295 3606; baseline -0.002 -17"><span class='ocrx_word' id='word_1_243' title='bbox 734 3538 999 3606; x_wconf 85' lang='lat' dir='ltr'><strong>ipsorum,</strong></span> <span class='ocrx_word' id='word_1_244' title='bbox 1047 3552 1064 3583; x_wconf 77' lang='grc' dir='ltr'><strong>ι</strong></span> <span class='ocrx_word' id='word_1_245' title='bbox 1111 3534 1211 3588; x_wconf 91' lang='lat' dir='ltr'><strong>hoc</strong></span> <span class='ocrx_word' id='word_1_246' title='bbox 1251 3544 1357 3600; x_wconf 88' lang='lat' dir='ltr'><strong>cst,</strong></span> <span class='ocrx_word' id='word_1_247' title='bbox 1412 3534 1465 3587; x_wconf 88' lang='lat' dir='ltr'><strong>in</strong></span> <span class='ocrx_word' id='word_1_248' title='bbox 1522 3533 1758 3596; x_wconf 84' lang='lat' dir='ltr'><strong>Christo,</strong></span> <span class='ocrx_word' id='word_1_249' title='bbox 1810 3531 1910 3586; x_wconf 90' lang='lat' dir='ltr'><strong>sibi</strong></span> <span class='ocrx_word' id='word_1_250' title='bbox 1960 3530 2295 3599; x_wconf 59' lang='lat' dir='ltr'><strong>quaerebant.</strong></span> 
     </span>
    </p>
   </div>
   <div class='ocr_carea' id='block_1_38' title="bbox 734 3624 2298 3697">
    <p class='ocr_par' dir='ltr' id='par_1_38' title="bbox 734 3624 2298 3697">
     <span class='ocr_line' id='line_1_38' title="bbox 734 3624 2298 3697; baseline -0.004 -14"><span class='ocrx_word' id='word_1_251' title='bbox 734 3631 873 3696; x_wconf 77' lang='lat' dir='ltr'><strong>Quin</strong></span> <span class='ocrx_word' id='word_1_252' title='bbox 905 3639 959 3681; x_wconf 89' lang='lat' dir='ltr'><strong>et</strong></span> <span class='ocrx_word' id='word_1_253' title='bbox 991 3630 1057 3681; x_wconf 89' lang='lat' dir='ltr'><strong>ad</strong></span> <span class='ocrx_word' id='word_1_254' title='bbox 1104 3638 1289 3697; x_wconf 86' lang='lat' dir='ltr'><strong>gentes</strong></span> <span class='ocrx_word' id='word_1_255' title='bbox 1337 3628 1809 3692; x_wconf 86' lang='lat' dir='ltr'><strong>convertebantur,</strong></span> <span class='ocrx_word' id='word_1_256' title='bbox 1852 3624 2156 3678; x_wconf 74' lang='lat' dir='ltr'><strong>Judmorum</strong></span> <span class='ocrx_word' id='word_1_257' title='bbox 2210 3636 2298 3689; x_wconf 84' lang='lat' dir='ltr'><strong>po-</strong></span> 
     </span>
    </p>
   </div>
   <div class='ocr_carea' id='block_1_39' title="bbox 736 3714 2295 3787">
    <p class='ocr_par' dir='ltr' id='par_1_39' title="bbox 736 3714 2295 3787">
     <span class='ocr_line' id='line_1_39' title="bbox 736 3714 2295 3787; baseline -0.004 -18"><span class='ocrx_word' id='word_1_258' title='bbox 736 3718 864 3783; x_wconf 83' lang='lat' dir='ltr'><strong>pqu</strong></span> <span class='ocrx_word' id='word_1_259' title='bbox 900 3718 1213 3773; x_wconf 88' lang='lat' dir='ltr'><strong>occinentes</strong></span> <span class='ocrx_word' id='word_1_260' title='bbox 1241 3736 1254 3771; x_wconf 91' lang='lat'>:</span> <span class='ocrx_word' id='word_1_261' title='bbox 1285 3717 1444 3787; x_wconf 81' lang='grc'><strong>⁵177</strong></span> <span class='ocrx_word' id='word_1_262' title='bbox 1485 3734 1503 3767; x_wconf 79' lang='grc' dir='ltr'><strong>ι</strong></span> <span class='ocrx_word' id='word_1_263' title='bbox 1529 3716 1693 3771; x_wconf 86' lang='lat' dir='ltr'><strong>Vobis</strong></span> <span class='ocrx_word' id='word_1_264' title='bbox 1723 3717 2009 3783; x_wconf 86' lang='lat' dir='ltr'><strong>oportebat</strong></span> <span class='ocrx_word' id='word_1_265' title='bbox 2063 3714 2295 3783; x_wconf 78' lang='lat' dir='ltr'><strong>primum</strong></span> 
     </span>
    </p>
   </div>
   <div class='ocr_carea' id='block_1_40' title="bbox 736 3800 2294 3877">
    <p class='ocr_par' dir='ltr' id='par_1_40' title="bbox 736 3800 2294 3877">
     <span class='ocr_line' id='line_1_40' title="bbox 736 3800 2294 3877; baseline -0.007 -17"><span class='ocrx_word' id='word_1_266' title='bbox 736 3806 883 3877; x_wconf 80' lang='lat' dir='ltr'><strong>loqui</strong></span> <span class='ocrx_word' id='word_1_267' title='bbox 913 3805 1136 3860; x_wconf 85' lang='lat' dir='ltr'><strong>verbum</strong></span> <span class='ocrx_word' id='word_1_268' title='bbox 1169 3805 1281 3860; x_wconf 86' lang='lat' dir='ltr'><strong>Dei.</strong></span> <span class='ocrx_word' id='word_1_269' title='bbox 1315 3806 1575 3870; x_wconf 86' lang='lat' dir='ltr'><strong>Quoniam</strong></span> <span class='ocrx_word' id='word_1_270' title='bbox 1626 3814 1804 3857; x_wconf 87' lang='lat' dir='ltr'><strong>autem</strong></span> <span class='ocrx_word' id='word_1_271' title='bbox 1846 3802 2109 3871; x_wconf 88' lang='lat' dir='ltr'><strong>repellitis</strong></span> <span class='ocrx_word' id='word_1_272' title='bbox 2147 3800 2294 3863; x_wconf 90' lang='lat' dir='ltr'><strong>illud,</strong></span> 
     </span>
    </p>
   </div>
   <div class='ocr_carea' id='block_1_41' title="bbox 735 3894 2299 3967">
    <p class='ocr_par' dir='ltr' id='par_1_41' title="bbox 735 3894 2299 3967">
     <span class='ocr_line' id='line_1_41' title="bbox 735 3894 2299 3967; baseline -0.003 -17"><span class='ocrx_word' id='word_1_273' title='bbox 735 3908 791 3952; x_wconf 86' lang='lat' dir='ltr'><strong>et</strong></span> <span class='ocrx_word' id='word_1_274' title='bbox 821 3898 1071 3967; x_wconf 87' lang='lat' dir='ltr'><strong>indignos</strong></span> <span class='ocrx_word' id='word_1_275' title='bbox 1105 3911 1200 3951; x_wconf 90' lang='lat' dir='ltr'><strong>vos</strong></span> <span class='ocrx_word' id='word_1_276' title='bbox 1226 3894 1482 3963; x_wconf 72' lang='lat' dir='ltr'><strong>iudicatis</strong></span> <span class='ocrx_word' id='word_1_277' title='bbox 1520 3898 1627 3948; x_wconf 88' lang='lat' dir='ltr'><strong>vita</strong></span> <span class='ocrx_word' id='word_1_278' title='bbox 1662 3906 1885 3959; x_wconf 77' lang='lat' dir='ltr'><strong>aeterna,</strong></span> <span class='ocrx_word' id='word_1_279' title='bbox 1916 3909 2043 3949; x_wconf 86' lang='lat' dir='ltr'><strong>ecce</strong></span> <span class='ocrx_word' id='word_1_280' title='bbox 2075 3908 2299 3947; x_wconf 79' lang='lat' dir='ltr'><strong>conver-</strong></span> 
     </span>
    </p>
   </div>
   <div class='ocr_carea' id='block_1_42' title="bbox 740 3983 2292 4056">
    <p class='ocr_par' dir='ltr' id='par_1_42' title="bbox 740 3983 2292 4056">
     <span class='ocr_line' id='line_1_42' title="bbox 740 3983 2292 4056; baseline -0.004 -18"><span class='ocrx_word' id='word_1_281' title='bbox 740 3988 903 4040; x_wconf 84' lang='lat' dir='ltr'><strong>timur</strong></span> <span class='ocrx_word' id='word_1_282' title='bbox 925 3986 991 4040; x_wconf 89' lang='lat' dir='ltr'><strong>ad</strong></span> <span class='ocrx_word' id='word_1_283' title='bbox 1018 3994 1206 4056; x_wconf 87' lang='lat' dir='ltr'><strong>gentes</strong></span> <span class='ocrx_word' id='word_1_284' title='bbox 1236 4003 1247 4038; x_wconf 92' lang='lat'><strong>:</strong></span> <span class='ocrx_word' id='word_1_285' title='bbox 1281 3984 1364 4040; x_wconf 86' lang='lat' dir='ltr'><strong>sic</strong></span> <span class='ocrx_word' id='word_1_286' title='bbox 1380 3984 1521 4038; x_wconf 88' lang='lat' dir='ltr'><strong>enim</strong></span> <span class='ocrx_word' id='word_1_287' title='bbox 1550 3985 1705 4039; x_wconf 90' lang='lat' dir='ltr'><strong>nobis</strong></span> <span class='ocrx_word' id='word_1_288' title='bbox 1728 3984 1996 4039; x_wconf 89' lang='lat' dir='ltr'><strong>mandavit</strong></span> <span class='ocrx_word' id='word_1_289' title='bbox 2015 3983 2154 4037; x_wconf 89' lang='lat' dir='ltr'><strong>Deus</strong></span> <span class='ocrx_word' id='word_1_290' title='bbox 2182 3984 2245 4035; x_wconf 83' lang='grc'><strong>⁵⁸.</strong></span> <span class='ocrx_word' id='word_1_291' title='bbox 2275 4001 2292 4032; x_wconf 75' lang='grc' dir='ltr'><strong>ι</strong></span> 
     </span>
    </p>
   </div>
   <div class='ocr_carea' id='block_1_43' title="bbox 738 4072 2299 4142">
    <p class='ocr_par' dir='ltr' id='par_1_43' title="bbox 738 4072 2299 4142">
     <span class='ocr_line' id='line_1_43' title="bbox 738 4072 2299 4142; baseline -0.004 -12"><span class='ocrx_word' id='word_1_292' title='bbox 738 4077 867 4131; x_wconf 87' lang='lat' dir='ltr'><strong>Inde</strong></span> <span class='ocrx_word' id='word_1_293' title='bbox 896 4076 1043 4131; x_wconf 87' lang='lat' dir='ltr'><strong>cives</strong></span> <span class='ocrx_word' id='word_1_294' title='bbox 1077 4073 1332 4130; x_wconf 67' lang='lat' dir='ltr'><strong>Ecclesiae</strong></span> <span class='ocrx_word' id='word_1_295' title='bbox 1358 4074 1786 4142; x_wconf 80' lang='lat' dir='ltr'><strong>Canuisieruut,</strong></span> <span class='ocrx_word' id='word_1_296' title='bbox 1815 4073 1967 4141; x_wconf 90' lang='lat' dir='ltr'><strong>cujus</strong></span> <span class='ocrx_word' id='word_1_297' title='bbox 1997 4081 2051 4126; x_wconf 90' lang='lat' dir='ltr'><strong>et</strong></span> <span class='ocrx_word' id='word_1_298' title='bbox 2088 4072 2299 4126; x_wconf 88' lang='lat' dir='ltr'><strong>divinus</strong></span> 
     </span>
    </p>
   </div>
   <div class='ocr_carea' id='block_1_44' title="bbox 737 4162 2301 4231">
    <p class='ocr_par' dir='ltr' id='par_1_44' title="bbox 737 4162 2301 4231">
     <span class='ocr_line' id='line_1_44' title="bbox 737 4162 2301 4231; baseline -0.003 -12"><span class='ocrx_word' id='word_1_299' title='bbox 737 4166 907 4220; x_wconf 83' lang='lat' dir='ltr'><strong>David</strong></span> <span class='ocrx_word' id='word_1_300' title='bbox 938 4164 1201 4227; x_wconf 89' lang='lat' dir='ltr'><strong>meminit,</strong></span> <span class='ocrx_word' id='word_1_301' title='bbox 1232 4163 1479 4231; x_wconf 84' lang='lat' dir='ltr'><strong>inquiens</strong></span> <span class='ocrx_word' id='word_1_302' title='bbox 1513 4182 1524 4215; x_wconf 90' lang='lat'><strong>:</strong></span> <span class='ocrx_word' id='word_1_303' title='bbox 1566 4182 1584 4214; x_wconf 80' lang='grc' dir='ltr'><strong>ι</strong></span> <span class='ocrx_word' id='word_1_304' title='bbox 1631 4163 1872 4217; x_wconf 88' lang='lat' dir='ltr'><strong>Gloriosa</strong></span> <span class='ocrx_word' id='word_1_305' title='bbox 1906 4162 2047 4216; x_wconf 91' lang='lat' dir='ltr'><strong>dicta</strong></span> <span class='ocrx_word' id='word_1_306' title='bbox 2074 4171 2197 4215; x_wconf 89' lang='lat' dir='ltr'><strong>sunt</strong></span> <span class='ocrx_word' id='word_1_307' title='bbox 2235 4163 2301 4215; x_wconf 88' lang='lat' dir='ltr'><strong>de</strong></span> 
     </span>
    </p>
   </div>
   <div class='ocr_carea' id='block_1_45' title="bbox 738 4240 2297 4321">
    <p class='ocr_par' dir='ltr' id='par_1_45' title="bbox 738 4240 2297 4321">
     <span class='ocr_line' id='line_1_45' title="bbox 738 4240 2297 4321; baseline -0.006 -10"><span class='ocrx_word' id='word_1_308' title='bbox 738 4267 811 4321; x_wconf 90' lang='lat' dir='ltr'><strong>te,</strong></span> <span class='ocrx_word' id='word_1_309' title='bbox 842 4254 1029 4309; x_wconf 85' lang='lat' dir='ltr'><strong>civitas</strong></span> <span class='ocrx_word' id='word_1_310' title='bbox 1053 4240 1146 4308; x_wconf 87' lang='lat' dir='ltr'><strong>Dei</strong></span> <span class='ocrx_word' id='word_1_311' title='bbox 1183 4252 1248 4303; x_wconf 68' lang='grc' dir='ltr'>δ’.</span> <span class='ocrx_word' id='word_1_312' title='bbox 1285 4271 1302 4301; x_wconf 75' lang='grc' dir='ltr'><strong>ι</strong></span> <span class='ocrx_word' id='word_1_313' title='bbox 1347 4249 1417 4304; x_wconf 90' lang='lat' dir='ltr'><strong>lis</strong></span> <span class='ocrx_word' id='word_1_314' title='bbox 1448 4251 1709 4320; x_wconf 64' lang='lat' dir='ltr'><strong>qumsitis,</strong></span> <span class='ocrx_word' id='word_1_315' title='bbox 1748 4259 1965 4319; x_wconf 82' lang='lat' dir='ltr'><strong>propter</strong></span> <span class='ocrx_word' id='word_1_316' title='bbox 2014 4267 2297 4304; x_wconf 88' lang='lat' dir='ltr'><strong>numerum</strong></span> 
     </span>
    </p>
   </div>
   <div class='ocr_carea' id='block_1_46' title="bbox 740 4340 2296 4413">
    <p class='ocr_par' dir='ltr' id='par_1_46' title="bbox 740 4340 2296 4413">
     <span class='ocr_line' id='line_1_46' title="bbox 740 4340 2296 4413; baseline -0.004 -14"><span class='ocrx_word' id='word_1_317' title='bbox 740 4345 1241 4413; x_wconf 82' lang='lat' dir='ltr'><strong>multitudinemque</strong></span> <span class='ocrx_word' id='word_1_318' title='bbox 1277 4342 1720 4396; x_wconf 87' lang='lat' dir='ltr'><strong>innumerabilem</strong></span> <span class='ocrx_word' id='word_1_319' title='bbox 1763 4341 1914 4395; x_wconf 89' lang='lat' dir='ltr'><strong>ditati</strong></span> <span class='ocrx_word' id='word_1_320' title='bbox 1966 4352 2106 4393; x_wconf 86' lang='lat' dir='ltr'><strong>sunt.</strong></span> <span class='ocrx_word' id='word_1_321' title='bbox 2158 4340 2296 4406; x_wconf 85' lang='lat' dir='ltr'><strong>Quin</strong></span> 
     </span>
    </p>
   </div>
   <div class='ocr_carea' id='block_1_47' title="bbox 2383 565 3899 634">
    <p class='ocr_par' dir='ltr' id='par_1_47' title="bbox 2383 565 3899 634">
     <span class='ocr_line' id='line_1_47' title="bbox 2383 565 3899 634; baseline 0.004 -16"><span class='ocrx_word' id='word_1_322' title='bbox 2383 566 2646 633; x_wconf 80' lang='grc' dir='ltr'><strong>καρδίαις</strong></span> <span class='ocrx_word' id='word_1_323' title='bbox 2669 565 2887 619; x_wconf 61' lang='grc' dir='ltr'>αὐτῶν</span> <span class='ocrx_word' id='word_1_324' title='bbox 2916 566 3276 634; x_wconf 82' lang='grc' dir='ltr'>Εῠρήσομεν</span> <span class='ocrx_word' id='word_1_325' title='bbox 3310 565 3546 633; x_wconf 82' lang='grc' dir='ltr'><strong>ἑαυτοῖς</strong></span> <span class='ocrx_word' id='word_1_326' title='bbox 3591 565 3727 633; x_wconf 76' lang='grc' dir='ltr'>τοὺς</span> <span class='ocrx_word' id='word_1_327' title='bbox 3746 585 3899 625; x_wconf 82' lang='grc' dir='ltr'>κατοι-</span> 
     </span>
    </p>
   </div>
   <div class='ocr_carea' id='block_1_48' title="bbox 2382 654 3899 730">
    <p class='ocr_par' dir='ltr' id='par_1_48' title="bbox 2382 654 3899 730">
     <span class='ocr_line' id='line_1_48' title="bbox 2382 654 3899 730; baseline 0.005 -23"><span class='ocrx_word' id='word_1_328' title='bbox 2382 656 2640 719; x_wconf 85' lang='grc' dir='ltr'>κοῦντας</span> <span class='ocrx_word' id='word_1_329' title='bbox 2665 657 2733 709; x_wconf 76' lang='grc' dir='ltr'><strong>ἐν</strong></span> <span class='ocrx_word' id='word_1_330' title='bbox 2759 654 3169 725; x_wconf 75' lang='grc' dir='ltr'>Ἰερουσαλὴμ,</span> <span class='ocrx_word' id='word_1_331' title='bbox 3204 655 3272 709; x_wconf 71' lang='grc' dir='ltr'>ἐν</span> <span class='ocrx_word' id='word_1_332' title='bbox 3293 657 3487 723; x_wconf 81' lang='grc' dir='ltr'>Κυρίῳ</span> <span class='ocrx_word' id='word_1_333' title='bbox 3516 658 3899 730; x_wconf 77' lang='grc' dir='ltr'>παντοκράτορι</span> 
     </span>
    </p>
   </div>
   <div class='ocr_carea' id='block_1_49' title="bbox 2385 744 2744 810">
    <p class='ocr_par' dir='ltr' id='par_1_49' title="bbox 2385 744 2744 810">
     <span class='ocr_line' id='line_1_49' title="bbox 2385 744 2744 810; baseline 0.006 -11"><span class='ocrx_word' id='word_1_334' title='bbox 2385 744 2505 810; x_wconf 85' lang='grc' dir='ltr'><strong>Θεῷ</strong></span> <span class='ocrx_word' id='word_1_335' title='bbox 2530 745 2744 801; x_wconf 75' lang='grc' dir='ltr'>αὐτῶν.</span> 
     </span>
    </p>
   </div>
   <div class='ocr_carea' id='block_1_50' title="bbox 2452 835 3899 908">
    <p class='ocr_par' dir='ltr' id='par_1_50' title="bbox 2452 835 3899 908">
     <span class='ocr_line' id='line_1_50' title="bbox 2452 835 3899 908; baseline 0 -18"><span class='ocrx_word' id='word_1_336' title='bbox 2452 836 2577 890; x_wconf 87' lang='grc' dir='ltr'><strong>ΠΘ’.</strong></span> <span class='ocrx_word' id='word_1_337' title='bbox 2613 836 2938 907; x_wconf 84' lang='grc' dir='ltr'>Χιλιάρχους</span> <span class='ocrx_word' id='word_1_338' title='bbox 2966 837 3066 908; x_wconf 85' lang='grc' dir='ltr'>μὲν</span> <span class='ocrx_word' id='word_1_339' title='bbox 3111 835 3278 891; x_wconf 76' lang='grc' dir='ltr'>’ἰούδα</span> <span class='ocrx_word' id='word_1_340' title='bbox 3327 836 3453 901; x_wconf 78' lang='grc' dir='ltr'>τοὺς</span> <span class='ocrx_word' id='word_1_341' title='bbox 3498 836 3684 905; x_wconf 80' lang='grc' dir='ltr'><strong>ἁγίους</strong></span> <span class='ocrx_word' id='word_1_342' title='bbox 3716 838 3899 892; x_wconf 81' lang='grc' dir='ltr'>ἀποστό-</span> 
     </span>
    </p>
   </div>
   <div class='ocr_carea' id='block_1_51' title="bbox 2382 920 3898 998">
    <p class='ocr_par' dir='ltr' id='par_1_51' title="bbox 2382 920 3898 998">
     <span class='ocr_line' id='line_1_51' title="bbox 2382 920 3898 998; baseline 0.005 -24"><span class='ocrx_word' id='word_1_343' title='bbox 2382 922 2946 994; x_wconf 68' lang='grc' dir='ltr'>λουςικατωνομάσθαι</span> <span class='ocrx_word' id='word_1_344' title='bbox 2968 925 3167 995; x_wconf 80' lang='grc' dir='ltr'>φαμὲν,</span> <span class='ocrx_word' id='word_1_345' title='bbox 3200 924 3323 987; x_wconf 80' lang='grc' dir='ltr'>τοὺς</span> <span class='ocrx_word' id='word_1_346' title='bbox 3343 920 3454 978; x_wconf 77' lang='grc' dir='ltr'>οἷον</span> <span class='ocrx_word' id='word_1_347' title='bbox 3483 927 3543 979; x_wconf 89' lang='grc' dir='ltr'><strong>ἐν</strong></span> <span class='ocrx_word' id='word_1_348' title='bbox 3565 926 3711 990; x_wconf 80' lang='grc' dir='ltr'><strong>τάξει</strong></span> <span class='ocrx_word' id='word_1_349' title='bbox 3738 930 3793 998; x_wconf 79' lang='grc' dir='ltr'>τῇ</span> <span class='ocrx_word' id='word_1_350' title='bbox 3822 929 3898 981; x_wconf 83' lang='grc' dir='ltr'>τῶν</span> 
     </span>
    </p>
   </div>
   <div class='ocr_carea' id='block_1_52' title="bbox 2386 1016 3898 1089">
    <p class='ocr_par' dir='ltr' id='par_1_52' title="bbox 2386 1016 3898 1089">
     <span class='ocr_line' id='line_1_52' title="bbox 2386 1016 3898 1089; baseline 0.001 -21"><span class='ocrx_word' id='word_1_351' title='bbox 2386 1018 2705 1088; x_wconf 82' lang='grc' dir='ltr'><strong>στρατηγῶν</strong></span> <span class='ocrx_word' id='word_1_352' title='bbox 2751 1017 3296 1088; x_wconf 83' lang='grc' dir='ltr'><strong>κεχειροτονημένους</strong></span> <span class='ocrx_word' id='word_1_353' title='bbox 3340 1019 3491 1089; x_wconf 90' lang='grc' dir='ltr'><strong>παρά</strong></span> <span class='ocrx_word' id='word_1_354' title='bbox 3535 1016 3795 1085; x_wconf 82' lang='grc' dir='ltr'><strong>Χριστοῦ,</strong></span> <span class='ocrx_word' id='word_1_355' title='bbox 3833 1021 3898 1071; x_wconf 83' lang='grc' dir='ltr'><strong>καί</strong></span> 
     </span>
    </p>
   </div>
   <div class='ocr_carea' id='block_1_53' title="bbox 2386 1105 3896 1176">
    <p class='ocr_par' dir='ltr' id='par_1_53' title="bbox 2386 1105 3896 1176">
     <span class='ocr_line' id='line_1_53' title="bbox 2386 1105 3896 1176; baseline 0.002 -18"><span class='ocrx_word' id='word_1_356' title='bbox 2386 1105 2743 1176; x_wconf 81' lang='grc' dir='ltr'><strong>καθηγεῖσθαι</strong></span> <span class='ocrx_word' id='word_1_357' title='bbox 2798 1106 3063 1176; x_wconf 81' lang='grc' dir='ltr'><strong>λαχόντας</strong></span> <span class='ocrx_word' id='word_1_358' title='bbox 3116 1107 3211 1161; x_wconf 91' lang='grc' dir='ltr'><strong>τοῦ</strong></span> <span class='ocrx_word' id='word_1_359' title='bbox 3275 1107 3445 1162; x_wconf 81' lang='grc' dir='ltr'>Ἰούδα</span> <span class='ocrx_word' id='word_1_360' title='bbox 3470 1148 3484 1174; x_wconf 84' lang='grc'><strong>,</strong></span> <span class='ocrx_word' id='word_1_361' title='bbox 3534 1107 3770 1160; x_wconf 80' lang='grc' dir='ltr'><strong>τουτέστι</strong></span> <span class='ocrx_word' id='word_1_362' title='bbox 3816 1109 3896 1161; x_wconf 84' lang='grc' dir='ltr'>τῶν</span> 
     </span>
    </p>
   </div>
   <div class='ocr_carea' id='block_1_54' title="bbox 2386 1193 3899 1268">
    <p class='ocr_par' dir='ltr' id='par_1_54' title="bbox 2386 1193 3899 1268">
     <span class='ocr_line' id='line_1_54' title="bbox 2386 1193 3899 1268; baseline 0.002 -20"><span class='ocrx_word' id='word_1_363' title='bbox 2386 1195 2732 1266; x_wconf 86' lang='grc' dir='ltr'>κεκλημένων</span> <span class='ocrx_word' id='word_1_364' title='bbox 2757 1196 2839 1259; x_wconf 88' lang='grc' dir='ltr'><strong>εἰς</strong></span> <span class='ocrx_word' id='word_1_365' title='bbox 2864 1196 3244 1268; x_wconf 82' lang='grc' dir='ltr'>ἐξομολόγησίν</span> <span class='ocrx_word' id='word_1_366' title='bbox 3264 1215 3323 1251; x_wconf 84' lang='grc' dir='ltr'><strong>τε</strong></span> <span class='ocrx_word' id='word_1_367' title='bbox 3352 1198 3445 1251; x_wconf 76' lang='grc' dir='ltr'>καὶ</span> <span class='ocrx_word' id='word_1_368' title='bbox 3472 1193 3642 1251; x_wconf 58' lang='grc' dir='ltr'>αἶνον</span> <span class='ocrx_word' id='word_1_369' title='bbox 3664 1193 3813 1262; x_wconf 79' lang='grc' dir='ltr'>αἶνος</span> <span class='ocrx_word' id='word_1_370' title='bbox 3823 1200 3899 1268; x_wconf 76' lang='grc' dir='ltr'><strong>γὰρ</strong></span> 
     </span>
    </p>
   </div>
   <div class='ocr_carea' id='block_1_55' title="bbox 2384 1283 3898 1357">
    <p class='ocr_par' dir='ltr' id='par_1_55' title="bbox 2384 1283 3898 1357">
     <span class='ocr_line' id='line_1_55' title="bbox 2384 1283 3898 1357; baseline 0.001 -18"><span class='ocrx_word' id='word_1_371' title='bbox 2384 1288 2413 1339; x_wconf 85' lang='grc' dir='ltr'>ὁ</span> <span class='ocrx_word' id='word_1_372' title='bbox 2446 1286 2645 1349; x_wconf 82' lang='grc' dir='ltr'><strong>Ἰούδας</strong></span> <span class='ocrx_word' id='word_1_373' title='bbox 2674 1287 3056 1357; x_wconf 75' lang='grc' dir='ltr'>ἑρμηνεύεται.</span> <span class='ocrx_word' id='word_1_374' title='bbox 3086 1284 3208 1340; x_wconf 80' lang='grc' dir='ltr'>Εῐεν</span> <span class='ocrx_word' id='word_1_375' title='bbox 3249 1288 3294 1341; x_wconf 78' lang='grc' dir='ltr'>δ’</span> <span class='ocrx_word' id='word_1_376' title='bbox 3323 1288 3388 1340; x_wconf 81' lang='grc' dir='ltr'>ἂν</span> <span class='ocrx_word' id='word_1_377' title='bbox 3418 1283 3561 1340; x_wconf 71' lang='grc' dir='ltr'>οὗτοι</span> <span class='ocrx_word' id='word_1_378' title='bbox 3596 1288 3781 1349; x_wconf 87' lang='grc' dir='ltr'>πάντες</span> <span class='ocrx_word' id='word_1_379' title='bbox 3800 1290 3839 1340; x_wconf 86' lang='grc' dir='ltr'><strong>οί</strong></span> <span class='ocrx_word' id='word_1_380' title='bbox 3860 1291 3898 1353; x_wconf 79' lang='grc' dir='ltr'>ἐξ</span> 
     </span>
    </p>
   </div>
   <div class='ocr_carea' id='block_1_56' title="bbox 2387 1372 3897 1447">
    <p class='ocr_par' dir='ltr' id='par_1_56' title="bbox 2387 1372 3897 1447">
     <span class='ocr_line' id='line_1_56' title="bbox 2387 1372 3897 1447; baseline -0.001 -19"><span class='ocrx_word' id='word_1_381' title='bbox 2387 1375 2574 1439; x_wconf 80' lang='grc' dir='ltr'><strong>ἐθνῶν,</strong></span> <span class='ocrx_word' id='word_1_382' title='bbox 2605 1372 2687 1438; x_wconf 79' lang='grc' dir='ltr'>οἷς</span> <span class='ocrx_word' id='word_1_383' title='bbox 2714 1378 2806 1429; x_wconf 76' lang='grc' dir='ltr'>καὶ</span> <span class='ocrx_word' id='word_1_384' title='bbox 2837 1377 2897 1430; x_wconf 84' lang='grc' dir='ltr'>τὸ</span> <span class='ocrx_word' id='word_1_385' title='bbox 2925 1376 3120 1447; x_wconf 88' lang='grc' dir='ltr'>χρῆναι</span> <span class='ocrx_word' id='word_1_386' title='bbox 3148 1377 3447 1445; x_wconf 81' lang='grc' dir='ltr'>δοξολογεῖν</span> <span class='ocrx_word' id='word_1_387' title='bbox 3476 1376 3566 1428; x_wconf 85' lang='grc' dir='ltr'>τὸν</span> <span class='ocrx_word' id='word_1_388' title='bbox 3608 1376 3897 1447; x_wconf 75' lang='grc' dir='ltr'>Ἐμμανουὴλ</span> 
     </span>
    </p>
   </div>
   <div class='ocr_carea' id='block_1_57' title="bbox 2386 1466 3898 1537">
    <p class='ocr_par' dir='ltr' id='par_1_57' title="bbox 2386 1466 3898 1537">
     <span class='ocr_line' id='line_1_57' title="bbox 2386 1466 3898 1537; baseline -0.001 -17"><span class='ocrx_word' id='word_1_389' title='bbox 2386 1468 2414 1520; x_wconf 85' lang='grc' dir='ltr'>ὁ</span> <span class='ocrx_word' id='word_1_390' title='bbox 2438 1467 2715 1530; x_wconf 84' lang='grc' dir='ltr'>θεσπέσιος</span> <span class='ocrx_word' id='word_1_391' title='bbox 2752 1466 3001 1537; x_wconf 80' lang='grc' dir='ltr'>Μελῳδὸς</span> <span class='ocrx_word' id='word_1_392' title='bbox 3031 1468 3305 1520; x_wconf 76' lang='grc' dir='ltr'><strong>ἐπιτάττει</strong></span> <span class='ocrx_word' id='word_1_393' title='bbox 3362 1467 3535 1535; x_wconf 84' lang='grc' dir='ltr'>λέγων</span> <span class='ocrx_word' id='word_1_394' title='bbox 3577 1468 3633 1519; x_wconf 88' lang='grc' dir='ltr'><strong>ἐν</strong></span> <span class='ocrx_word' id='word_1_395' title='bbox 3663 1468 3898 1537; x_wconf 79' lang='grc' dir='ltr'>πνεύματι·</span> 
     </span>
    </p>
   </div>
   <div class='ocr_carea' id='block_1_58' title="bbox 2394 1556 3898 1626">
    <p class='ocr_par' dir='ltr' id='par_1_58' title="bbox 2394 1556 3898 1626">
     <span class='ocr_line' id='line_1_58' title="bbox 2394 1556 3898 1626; baseline -0.001 -18"><span class='ocrx_word' id='word_1_396' title='bbox 2394 1576 2412 1608; x_wconf 80' lang='grc' dir='ltr'><strong>ι</strong></span> <span class='ocrx_word' id='word_1_397' title='bbox 2448 1556 2755 1625; x_wconf 84' lang='grc' dir='ltr'>Εὐλογεῖτε,</span> <span class='ocrx_word' id='word_1_398' title='bbox 2777 1556 2926 1626; x_wconf 78' lang='grc' dir='ltr'>ἔθνη,</span> <span class='ocrx_word' id='word_1_399' title='bbox 2959 1556 3047 1608; x_wconf 81' lang='grc' dir='ltr'>τὸν</span> <span class='ocrx_word' id='word_1_400' title='bbox 3075 1556 3206 1609; x_wconf 84' lang='grc' dir='ltr'><strong>Θεὸν</strong></span> <span class='ocrx_word' id='word_1_401' title='bbox 3243 1559 3274 1626; x_wconf 89' lang='grc' dir='ltr'><strong>ή</strong></span> <span class='ocrx_word' id='word_1_402' title='bbox 3286 1556 3419 1625; x_wconf 83' lang='grc' dir='ltr'>μῶν,</span> <span class='ocrx_word' id='word_1_403' title='bbox 3461 1557 3558 1610; x_wconf 80' lang='grc' dir='ltr'><strong>καί</strong></span> <span class='ocrx_word' id='word_1_404' title='bbox 3600 1556 3898 1609; x_wconf 74' lang='grc' dir='ltr'>ἀκουτίσασθε</span> 
     </span>
    </p>
   </div>
   <div class='ocr_carea' id='block_1_59' title="bbox 2387 1638 3899 1717">
    <p class='ocr_par' dir='ltr' id='par_1_59' title="bbox 2387 1638 3899 1717">
     <span class='ocr_line' id='line_1_59' title="bbox 2387 1638 3899 1717; baseline -0.002 -17"><span class='ocrx_word' id='word_1_405' title='bbox 2387 1647 2486 1716; x_wconf 77' lang='grc' dir='ltr'><strong>τήν</strong></span> <span class='ocrx_word' id='word_1_406' title='bbox 2513 1647 2694 1717; x_wconf 79' lang='grc' dir='ltr'>φωνὴν</span> <span class='ocrx_word' id='word_1_407' title='bbox 2744 1646 2843 1716; x_wconf 87' lang='grc' dir='ltr'><strong>τῆς</strong></span> <span class='ocrx_word' id='word_1_408' title='bbox 2868 1638 3125 1709; x_wconf 75' lang='grc' dir='ltr'><strong>αἰνέσεως</strong></span> <span class='ocrx_word' id='word_1_409' title='bbox 3168 1646 3356 1699; x_wconf 82' lang='grc' dir='ltr'>αὐτοῦ.</span> <span class='ocrx_word' id='word_1_410' title='bbox 3396 1665 3415 1700; x_wconf 77' lang='grc' dir='ltr'><strong>ι</strong></span> <span class='ocrx_word' id='word_1_411' title='bbox 3462 1646 3663 1709; x_wconf 82' lang='grc' dir='ltr'>Ἰούδας</span> <span class='ocrx_word' id='word_1_412' title='bbox 3687 1646 3839 1698; x_wconf 82' lang='grc' dir='ltr'>τοίνυν</span> <span class='ocrx_word' id='word_1_413' title='bbox 3862 1648 3899 1697; x_wconf 79' lang='grc' dir='ltr'>ὲν</span> 
     </span>
    </p>
   </div>
   <div class='ocr_carea' id='block_1_60' title="bbox 2389 1738 3898 1809">
    <p class='ocr_par' dir='ltr' id='par_1_60' title="bbox 2389 1738 3898 1809">
     <span class='ocr_line' id='line_1_60' title="bbox 2389 1738 3898 1809; baseline -0.003 -16"><span class='ocrx_word' id='word_1_414' title='bbox 2389 1740 2597 1804; x_wconf 83' lang='grc' dir='ltr'>τούτοις</span> <span class='ocrx_word' id='word_1_415' title='bbox 2633 1741 2683 1794; x_wconf 87' lang='grc' dir='ltr'><strong>οἰ</strong></span> <span class='ocrx_word' id='word_1_416' title='bbox 2714 1740 2802 1794; x_wconf 84' lang='grc' dir='ltr'><strong>διὰ</strong></span> <span class='ocrx_word' id='word_1_417' title='bbox 2830 1740 3061 1802; x_wconf 87' lang='grc' dir='ltr'>πίστεως</span> <span class='ocrx_word' id='word_1_418' title='bbox 3110 1738 3432 1809; x_wconf 82' lang='grc' dir='ltr'>κεκλημένοι</span> <span class='ocrx_word' id='word_1_419' title='bbox 3476 1738 3612 1807; x_wconf 80' lang='grc' dir='ltr'>πρὸς</span> <span class='ocrx_word' id='word_1_420' title='bbox 3651 1738 3827 1791; x_wconf 82' lang='grc' dir='ltr'>αῖνεσίν</span> <span class='ocrx_word' id='word_1_421' title='bbox 3861 1756 3898 1789; x_wconf 85' lang='grc' dir='ltr'><strong>τε</strong></span> 
     </span>
    </p>
   </div>
   <div class='ocr_carea' id='block_1_61' title="bbox 2392 1827 3899 1901">
    <p class='ocr_par' dir='ltr' id='par_1_61' title="bbox 2392 1827 3899 1901">
     <span class='ocr_line' id='line_1_61' title="bbox 2392 1827 3899 1901; baseline -0.005 -16"><span class='ocrx_word' id='word_1_422' title='bbox 2392 1832 2488 1885; x_wconf 77' lang='grc' dir='ltr'>καὶ</span> <span class='ocrx_word' id='word_1_423' title='bbox 2546 1830 2948 1901; x_wconf 80' lang='grc' dir='ltr'>ἐξομολόγησιν·</span> <span class='ocrx_word' id='word_1_424' title='bbox 3007 1829 3273 1899; x_wconf 87' lang='grc' dir='ltr'>χιλίαρχοί</span> <span class='ocrx_word' id='word_1_425' title='bbox 3321 1844 3385 1895; x_wconf 90' lang='grc' dir='ltr'><strong>γε</strong></span> <span class='ocrx_word' id='word_1_426' title='bbox 3429 1827 3537 1899; x_wconf 79' lang='grc' dir='ltr'>μὴν</span> <span class='ocrx_word' id='word_1_427' title='bbox 3566 1830 3613 1881; x_wconf 82' lang='grc' dir='ltr'>οἱ</span> <span class='ocrx_word' id='word_1_428' title='bbox 3666 1828 3743 1880; x_wconf 77' lang='grc' dir='ltr'>ἐπ’</span> <span class='ocrx_word' id='word_1_429' title='bbox 3767 1829 3899 1888; x_wconf 72' lang='grc' dir='ltr'>αὐτοῖς</span> 
     </span>
    </p>
   </div>
   <div class='ocr_carea' id='block_1_62' title="bbox 2392 1918 3896 1991">
    <p class='ocr_par' dir='ltr' id='par_1_62' title="bbox 2392 1918 3896 1991">
     <span class='ocr_line' id='line_1_62' title="bbox 2392 1918 3896 1991; baseline -0.005 -15"><span class='ocrx_word' id='word_1_430' title='bbox 2392 1923 2733 1991; x_wconf 79' lang='grc' dir='ltr'>τεταγμένοι,</span> <span class='ocrx_word' id='word_1_431' title='bbox 2765 1919 3045 1991; x_wconf 79' lang='grc' dir='ltr'>ταξίαρχοί</span> <span class='ocrx_word' id='word_1_432' title='bbox 3067 1938 3125 1972; x_wconf 87' lang='grc' dir='ltr'><strong>τε</strong></span> <span class='ocrx_word' id='word_1_433' title='bbox 3158 1921 3252 1973; x_wconf 74' lang='grc' dir='ltr'><strong>καὶ</strong></span> <span class='ocrx_word' id='word_1_434' title='bbox 3280 1920 3569 1989; x_wconf 82' lang='grc' dir='ltr'>ἡγεμόνες,</span> <span class='ocrx_word' id='word_1_435' title='bbox 3600 1919 3647 1971; x_wconf 88' lang='grc' dir='ltr'>οἱ</span> <span class='ocrx_word' id='word_1_436' title='bbox 3681 1918 3896 1971; x_wconf 73' lang='grc' dir='ltr'>θεσπέσια</span> 
     </span>
    </p>
   </div>
   <div class='ocr_carea' id='block_1_63' title="bbox 2397 2008 3898 2083">
    <p class='ocr_par' dir='ltr' id='par_1_63' title="bbox 2397 2008 3898 2083">
     <span class='ocr_line' id='line_1_63' title="bbox 2397 2008 3898 2083; baseline -0.005 -17"><span class='ocrx_word' id='word_1_437' title='bbox 2397 2013 2651 2083; x_wconf 88' lang='grc' dir='ltr'>μαθηταί.</span> <span class='ocrx_word' id='word_1_438' title='bbox 2682 2013 2837 2064; x_wconf 86' lang='grc' dir='ltr'>Ἔστι</span> <span class='ocrx_word' id='word_1_439' title='bbox 2872 2013 2999 2079; x_wconf 86' lang='grc' dir='ltr'>γοῦν</span> <span class='ocrx_word' id='word_1_440' title='bbox 3031 2013 3157 2065; x_wconf 87' lang='grc' dir='ltr'>ἰδεῖν</span> <span class='ocrx_word' id='word_1_441' title='bbox 3179 2008 3267 2065; x_wconf 76' lang='grc' dir='ltr'>οἷά</span> <span class='ocrx_word' id='word_1_442' title='bbox 3296 2028 3409 2065; x_wconf 85' lang='grc' dir='ltr'>τισι</span> <span class='ocrx_word' id='word_1_443' title='bbox 3441 2009 3800 2079; x_wconf 83' lang='grc' dir='ltr'>στρατιώταις,</span> <span class='ocrx_word' id='word_1_444' title='bbox 3820 2011 3898 2069; x_wconf 78' lang='grc' dir='ltr'>τοῖς</span> 
     </span>
    </p>
   </div>
   <div class='ocr_carea' id='block_1_64' title="bbox 2392 2099 3897 2174">
    <p class='ocr_par' dir='ltr' id='par_1_64' title="bbox 2392 2099 3897 2174">
     <span class='ocr_line' id='line_1_64' title="bbox 2392 2099 3897 2174; baseline -0.005 -18"><span class='ocrx_word' id='word_1_445' title='bbox 2392 2104 2485 2156; x_wconf 90' lang='grc' dir='ltr'><strong>τοῦ</strong></span> <span class='ocrx_word' id='word_1_446' title='bbox 2511 2103 2760 2173; x_wconf 85' lang='grc' dir='ltr'>Σωτῆρος</span> <span class='ocrx_word' id='word_1_447' title='bbox 2792 2104 3191 2174; x_wconf 85' lang='grc' dir='ltr'>προσκυνηταῖς</span> <span class='ocrx_word' id='word_1_448' title='bbox 3218 2100 3649 2171; x_wconf 85' lang='grc' dir='ltr'>διακεκραγότας</span> <span class='ocrx_word' id='word_1_449' title='bbox 3673 2117 3725 2151; x_wconf 88' lang='grc' dir='ltr'><strong>τε</strong></span> <span class='ocrx_word' id='word_1_450' title='bbox 3750 2099 3822 2151; x_wconf 74' lang='grc' dir='ltr'>καὶ</span> <span class='ocrx_word' id='word_1_451' title='bbox 3838 2099 3897 2150; x_wconf 72' lang='grc' dir='ltr'><strong>λέο</strong></span> 
     </span>
    </p>
   </div>
   <div class='ocr_carea' id='block_1_65' title="bbox 2392 2188 3899 2263">
    <p class='ocr_par' dir='ltr' id='par_1_65' title="bbox 2392 2188 3899 2263">
     <span class='ocr_line' id='line_1_65' title="bbox 2392 2188 3899 2263; baseline -0.005 -18"><span class='ocrx_word' id='word_1_452' title='bbox 2392 2209 2605 2261; x_wconf 75' lang='grc' dir='ltr'>γονταςο</span> <span class='ocrx_word' id='word_1_453' title='bbox 2643 2213 2661 2243; x_wconf 89' lang='grc'><em>‹</em></span> <span class='ocrx_word' id='word_1_454' title='bbox 2701 2192 2869 2261; x_wconf 89' lang='grc' dir='ltr'>Στῆτε</span> <span class='ocrx_word' id='word_1_455' title='bbox 2896 2188 2989 2245; x_wconf 82' lang='grc' dir='ltr'>οὖν</span> <span class='ocrx_word' id='word_1_456' title='bbox 3021 2191 3453 2263; x_wconf 78' lang='grc' dir='ltr'>περιζωσάμενοι</span> <span class='ocrx_word' id='word_1_457' title='bbox 3489 2191 3589 2261; x_wconf 82' lang='grc' dir='ltr'>τὴν</span> <span class='ocrx_word' id='word_1_458' title='bbox 3616 2191 3769 2257; x_wconf 69' lang='grc' dir='ltr'>ὀσφὺν</span> <span class='ocrx_word' id='word_1_459' title='bbox 3789 2188 3899 2256; x_wconf 69' lang='grc' dir='ltr'>ὑμῶν</span> 
     </span>
    </p>
   </div>
   <div class='ocr_carea' id='block_1_66' title="bbox 2391 2278 3898 2353">
    <p class='ocr_par' dir='ltr' id='par_1_66' title="bbox 2391 2278 3898 2353">
     <span class='ocr_line' id='line_1_66' title="bbox 2391 2278 3898 2353; baseline -0.005 -17"><span class='ocrx_word' id='word_1_460' title='bbox 2391 2286 2448 2336; x_wconf 91' lang='grc' dir='ltr'><strong>ἐν</strong></span> <span class='ocrx_word' id='word_1_461' title='bbox 2472 2283 2716 2353; x_wconf 82' lang='grc' dir='ltr'>ἀληθείᾳ,</span> <span class='ocrx_word' id='word_1_462' title='bbox 2750 2284 2843 2336; x_wconf 70' lang='grc' dir='ltr'>καὶ</span> <span class='ocrx_word' id='word_1_463' title='bbox 2891 2282 3239 2351; x_wconf 74' lang='grc' dir='ltr'>ἐνδυσάμενοι</span> <span class='ocrx_word' id='word_1_464' title='bbox 3294 2282 3385 2334; x_wconf 82' lang='grc' dir='ltr'>τὸν</span> <span class='ocrx_word' id='word_1_465' title='bbox 3440 2281 3664 2352; x_wconf 84' lang='grc' dir='ltr'>θώρακα</span> <span class='ocrx_word' id='word_1_466' title='bbox 3718 2278 3803 2347; x_wconf 87' lang='grc' dir='ltr'><strong>τῆς</strong></span> <span class='ocrx_word' id='word_1_467' title='bbox 3847 2279 3898 2330; x_wconf 72' lang='grc' dir='ltr'>διο</span> 
     </span>
    </p>
   </div>
   <div class='ocr_carea' id='block_1_67' title="bbox 2393 2370 3898 2443">
    <p class='ocr_par' dir='ltr' id='par_1_67' title="bbox 2393 2370 3898 2443">
     <span class='ocr_line' id='line_1_67' title="bbox 2393 2370 3898 2443; baseline -0.004 -18"><span class='ocrx_word' id='word_1_468' title='bbox 2393 2372 2703 2442; x_wconf 85' lang='grc' dir='ltr'>καιοσύνης.</span> <span class='ocrx_word' id='word_1_469' title='bbox 2731 2372 2825 2425; x_wconf 79' lang='grc' dir='ltr'>καὶ</span> <span class='ocrx_word' id='word_1_470' title='bbox 2859 2370 3254 2443; x_wconf 85' lang='grc' dir='ltr'>ὑποδησάμενοι</span> <span class='ocrx_word' id='word_1_471' title='bbox 3286 2371 3412 2434; x_wconf 74' lang='grc' dir='ltr'>τοὺς</span> <span class='ocrx_word' id='word_1_472' title='bbox 3464 2371 3632 2433; x_wconf 87' lang='grc' dir='ltr'>πόδας</span> <span class='ocrx_word' id='word_1_473' title='bbox 3654 2371 3706 2421; x_wconf 81' lang='grc' dir='ltr'><strong>ἐν</strong></span> <span class='ocrx_word' id='word_1_474' title='bbox 3733 2371 3898 2436; x_wconf 76' lang='grc' dir='ltr'>ἑτοιμα-</span> 
     </span>
    </p>
   </div>
   <div class='ocr_carea' id='block_1_68' title="bbox 2394 2457 3897 2530">
    <p class='ocr_par' dir='ltr' id='par_1_68' title="bbox 2394 2457 3897 2530">
     <span class='ocr_line' id='line_1_68' title="bbox 2394 2457 3897 2530; baseline -0.004 -17"><span class='ocrx_word' id='word_1_475' title='bbox 2394 2460 2484 2530; x_wconf 72' lang='grc' dir='ltr'><strong>σίᾳ</strong></span> <span class='ocrx_word' id='word_1_476' title='bbox 2511 2460 2605 2514; x_wconf 89' lang='grc' dir='ltr'><strong>τοῦ</strong></span> <span class='ocrx_word' id='word_1_477' title='bbox 2630 2459 2955 2527; x_wconf 70' lang='grc' dir='ltr'>Εὑαγγελίου</span> <span class='ocrx_word' id='word_1_478' title='bbox 3005 2459 3105 2528; x_wconf 87' lang='grc' dir='ltr'><strong>τῆς</strong></span> <span class='ocrx_word' id='word_1_479' title='bbox 3152 2460 3396 2529; x_wconf 78' lang='grc' dir='ltr'>εἰρήνης,</span> <span class='ocrx_word' id='word_1_480' title='bbox 3456 2459 3552 2512; x_wconf 70' lang='grc' dir='ltr'>ἐπὶ</span> <span class='ocrx_word' id='word_1_481' title='bbox 3584 2459 3735 2511; x_wconf 86' lang='grc' dir='ltr'>πᾶσιν</span> <span class='ocrx_word' id='word_1_482' title='bbox 3760 2457 3897 2510; x_wconf 80' lang='grc' dir='ltr'>ἀναλα-</span> 
     </span>
    </p>
   </div>
   <div class='ocr_carea' id='block_1_69' title="bbox 2392 2541 3896 2623">
    <p class='ocr_par' dir='ltr' id='par_1_69' title="bbox 2392 2541 3896 2623">
     <span class='ocr_line' id='line_1_69' title="bbox 2392 2541 3896 2623; baseline -0.003 -22"><span class='ocrx_word' id='word_1_483' title='bbox 2392 2549 2578 2623; x_wconf 78' lang='grc' dir='ltr'>ϐόντες</span> <span class='ocrx_word' id='word_1_484' title='bbox 2621 2549 2711 2602; x_wconf 73' lang='grc' dir='ltr'>τὸν</span> <span class='ocrx_word' id='word_1_485' title='bbox 2761 2549 2951 2620; x_wconf 83' lang='grc' dir='ltr'>θυρεὸν</span> <span class='ocrx_word' id='word_1_486' title='bbox 3002 2549 3100 2618; x_wconf 85' lang='grc' dir='ltr'><strong>τῆς</strong></span> <span class='ocrx_word' id='word_1_487' title='bbox 3133 2549 3399 2611; x_wconf 87' lang='grc' dir='ltr'>πίστεως,</span> <span class='ocrx_word' id='word_1_488' title='bbox 3452 2548 3514 2599; x_wconf 84' lang='grc' dir='ltr'><strong>ἐν</strong></span> <span class='ocrx_word' id='word_1_489' title='bbox 3575 2541 3618 2614; x_wconf 80' lang='grc' dir='ltr'>ᾧ</span> <span class='ocrx_word' id='word_1_490' title='bbox 3666 2546 3896 2614; x_wconf 81' lang='grc' dir='ltr'>δυνήσεσθε</span> 
     </span>
    </p>
   </div>
   <div class='ocr_carea' id='block_1_70' title="bbox 2393 2634 3894 2705">
    <p class='ocr_par' dir='ltr' id='par_1_70' title="bbox 2393 2634 3894 2705">
     <span class='ocr_line' id='line_1_70' title="bbox 2393 2634 3894 2705; baseline -0.001 -20"><span class='ocrx_word' id='word_1_491' title='bbox 2393 2635 2570 2689; x_wconf 80' lang='grc' dir='ltr'>πάντα</span> <span class='ocrx_word' id='word_1_492' title='bbox 2594 2635 2660 2687; x_wconf 78' lang='grc' dir='ltr'><strong>τὰ</strong></span> <span class='ocrx_word' id='word_1_493' title='bbox 2681 2635 2808 2705; x_wconf 84' lang='grc' dir='ltr'>βέλη</span> <span class='ocrx_word' id='word_1_494' title='bbox 2838 2635 2930 2688; x_wconf 88' lang='grc' dir='ltr'><strong>τοῦ</strong></span> <span class='ocrx_word' id='word_1_495' title='bbox 2957 2635 3194 2704; x_wconf 85' lang='grc' dir='ltr'>πονηροῦ</span> <span class='ocrx_word' id='word_1_496' title='bbox 3227 2635 3296 2688; x_wconf 84' lang='grc' dir='ltr'><strong>τὰ</strong></span> <span class='ocrx_word' id='word_1_497' title='bbox 3321 2635 3686 2705; x_wconf 77' lang='grc' dir='ltr'>πεπυρωμένα</span> <span class='ocrx_word' id='word_1_498' title='bbox 3713 2634 3894 2687; x_wconf 69' lang='grc' dir='ltr'>σϐέσαι.»</span> 
     </span>
    </p>
   </div>
   <div class='ocr_carea' id='block_1_71' title="bbox 2392 2714 3898 2796">
    <p class='ocr_par' dir='ltr' id='par_1_71' title="bbox 2392 2714 3898 2796">
     <span class='ocr_line' id='line_1_71' title="bbox 2392 2714 3898 2796; baseline -0.002 -18"><span class='ocrx_word' id='word_1_499' title='bbox 2392 2724 2669 2795; x_wconf 86' lang='grc' dir='ltr'>Χιλίαρχοι</span> <span class='ocrx_word' id='word_1_500' title='bbox 2699 2725 2762 2796; x_wconf 84' lang='grc' dir='ltr'>δὴ</span> <span class='ocrx_word' id='word_1_501' title='bbox 2814 2721 2925 2789; x_wconf 73' lang='grc' dir='ltr'>οὖν,</span> <span class='ocrx_word' id='word_1_502' title='bbox 2985 2727 3077 2778; x_wconf 79' lang='grc' dir='ltr'>καὶ</span> <span class='ocrx_word' id='word_1_503' title='bbox 3118 2726 3261 2795; x_wconf 89' lang='grc' dir='ltr'>μάλα</span> <span class='ocrx_word' id='word_1_504' title='bbox 3318 2726 3567 2792; x_wconf 81' lang='grc' dir='ltr'>εἰκότως,</span> <span class='ocrx_word' id='word_1_505' title='bbox 3607 2731 3653 2781; x_wconf 89' lang='grc' dir='ltr'><strong>οἰ</strong></span> <span class='ocrx_word' id='word_1_506' title='bbox 3682 2714 3898 2779; x_wconf 63' lang='grc' dir='ltr'>θεσπέςῶτ</span> 
     </span>
    </p>
   </div>
   <div class='ocr_carea' id='block_1_72' title="bbox 2398 2815 3897 2888">
    <p class='ocr_par' dir='ltr' id='par_1_72' title="bbox 2398 2815 3897 2888">
     <span class='ocr_line' id='line_1_72' title="bbox 2398 2815 3897 2888; baseline 0.007 -21"><span class='ocrx_word' id='word_1_507' title='bbox 2398 2815 2654 2885; x_wconf 75' lang='grc' dir='ltr'>μαθηταὶ,</span> <span class='ocrx_word' id='word_1_508' title='bbox 2683 2837 2700 2869; x_wconf 82' lang='grc' dir='ltr'><strong>ι</strong></span> <span class='ocrx_word' id='word_1_509' title='bbox 2731 2818 2792 2870; x_wconf 84' lang='grc' dir='ltr'><strong>Οἳ</strong></span> <span class='ocrx_word' id='word_1_510' title='bbox 2826 2818 2920 2870; x_wconf 79' lang='grc' dir='ltr'>καὶ</span> <span class='ocrx_word' id='word_1_511' title='bbox 2967 2816 3171 2885; x_wconf 90' lang='grc' dir='ltr'>ἐροῦσι,</span> <span class='ocrx_word' id='word_1_512' title='bbox 3198 2818 3382 2888; x_wconf 76' lang='grc' dir='ltr'>φησὶν,</span> <span class='ocrx_word' id='word_1_513' title='bbox 3438 2820 3500 2871; x_wconf 89' lang='grc' dir='ltr'><strong>ἐν</strong></span> <span class='ocrx_word' id='word_1_514' title='bbox 3559 2820 3674 2883; x_wconf 86' lang='grc' dir='ltr'>ταῖς</span> <span class='ocrx_word' id='word_1_515' title='bbox 3708 2818 3897 2885; x_wconf 74' lang='grc' dir='ltr'>καρδίαις</span> 
     </span>
    </p>
   </div>
   <div class='ocr_carea' id='block_1_73' title="bbox 2393 2905 3897 2979">
    <p class='ocr_par' dir='ltr' id='par_1_73' title="bbox 2393 2905 3897 2979">
     <span class='ocr_line' id='line_1_73' title="bbox 2393 2905 3897 2979; baseline 0 -21"><span class='ocrx_word' id='word_1_516' title='bbox 2393 2905 2588 2959; x_wconf 81' lang='grc' dir='ltr'>αὐτῶν·</span> <span class='ocrx_word' id='word_1_517' title='bbox 2620 2907 2939 2979; x_wconf 82' lang='grc' dir='ltr'>Εύρήσομεν</span> <span class='ocrx_word' id='word_1_518' title='bbox 2965 2906 3173 2970; x_wconf 82' lang='grc' dir='ltr'>ἑαυτοῖς</span> <span class='ocrx_word' id='word_1_519' title='bbox 3197 2908 3322 2971; x_wconf 80' lang='grc' dir='ltr'>τοὺς</span> <span class='ocrx_word' id='word_1_520' title='bbox 3351 2909 3729 2972; x_wconf 80' lang='grc' dir='ltr'>κατοικοῦντας</span> <span class='ocrx_word' id='word_1_521' title='bbox 3757 2911 3803 2960; x_wconf 84' lang='grc' dir='ltr'><strong>ἐν</strong></span> <span class='ocrx_word' id='word_1_522' title='bbox 3831 2909 3897 2959; x_wconf 85' lang='grc' dir='ltr'><strong>Ἰε-</strong></span> 
     </span>
    </p>
   </div>
   <div class='ocr_carea' id='block_1_74' title="bbox 2396 2995 3895 3069">
    <p class='ocr_par' dir='ltr' id='par_1_74' title="bbox 2396 2995 3895 3069">
     <span class='ocr_line' id='line_1_74' title="bbox 2396 2995 3895 3069; baseline 0.001 -22"><span class='ocrx_word' id='word_1_523' title='bbox 2396 2995 2695 3065; x_wconf 84' lang='grc' dir='ltr'>ρουσαλήμ.</span> <span class='ocrx_word' id='word_1_524' title='bbox 2741 3015 2761 3048; x_wconf 73' lang='grc' dir='ltr'><strong>ι</strong></span> <span class='ocrx_word' id='word_1_525' title='bbox 2808 2996 3144 3066; x_wconf 85' lang='grc' dir='ltr'>Ἐπεθύμουν</span> <span class='ocrx_word' id='word_1_526' title='bbox 3178 2996 3278 3066; x_wconf 85' lang='grc' dir='ltr'>μὲν</span> <span class='ocrx_word' id='word_1_527' title='bbox 3304 2998 3413 3069; x_wconf 81' lang='grc' dir='ltr'><strong>γάρ</strong></span> <span class='ocrx_word' id='word_1_528' title='bbox 3437 3001 3485 3051; x_wconf 85' lang='grc' dir='ltr'><strong>οἰ</strong></span> <span class='ocrx_word' id='word_1_529' title='bbox 3531 2999 3781 3052; x_wconf 82' lang='grc' dir='ltr'>θεσπέσιοι</span> <span class='ocrx_word' id='word_1_530' title='bbox 3823 3012 3895 3064; x_wconf 75' lang='grc' dir='ltr'>μα-</span> 
     </span>
    </p>
   </div>
   <div class='ocr_carea' id='block_1_75' title="bbox 2396 3083 3897 3157">
    <p class='ocr_par' dir='ltr' id='par_1_75' title="bbox 2396 3083 3897 3157">
     <span class='ocr_line' id='line_1_75' title="bbox 2396 3083 3897 3157; baseline -0.001 -22"><span class='ocrx_word' id='word_1_531' title='bbox 2396 3083 2555 3153; x_wconf 79' lang='grc' dir='ltr'>θηταὶ</span> <span class='ocrx_word' id='word_1_532' title='bbox 2580 3084 2676 3153; x_wconf 83' lang='grc' dir='ltr'>τὴν</span> <span class='ocrx_word' id='word_1_533' title='bbox 2705 3084 2866 3151; x_wconf 87' lang='grc' dir='ltr'>ἁγίαν</span> <span class='ocrx_word' id='word_1_534' title='bbox 2924 3084 3089 3147; x_wconf 77' lang='grc' dir='ltr'>ὅντως</span> <span class='ocrx_word' id='word_1_535' title='bbox 3124 3085 3500 3157; x_wconf 84' lang='grc' dir='ltr'>Ἰερουσαλὴμ,</span> <span class='ocrx_word' id='word_1_536' title='bbox 3560 3088 3795 3151; x_wconf 76' lang='grc' dir='ltr'>τουτέστι,</span> <span class='ocrx_word' id='word_1_537' title='bbox 3831 3085 3897 3151; x_wconf 70' lang='grc' dir='ltr'>τὴν</span> 
     </span>
    </p>
   </div>
   <div class='ocr_carea' id='block_1_76' title="bbox 2410 3172 3894 3249">
    <p class='ocr_par' dir='ltr' id='par_1_76' title="bbox 2410 3172 3894 3249">
     <span class='ocr_line' id='line_1_76' title="bbox 2410 3172 3894 3249; baseline 0.005 -24"><span class='ocrx_word' id='word_1_538' title='bbox 2410 3172 2732 3243; x_wconf 78' lang='grc' dir='ltr'>Ἐκκλησίαν</span> <span class='ocrx_word' id='word_1_539' title='bbox 2784 3176 3211 3245; x_wconf 85' lang='grc' dir='ltr'>μεμεστωμένην</span> <span class='ocrx_word' id='word_1_540' title='bbox 3259 3177 3487 3248; x_wconf 82' lang='grc' dir='ltr'>ὁρᾶσθαι</span> <span class='ocrx_word' id='word_1_541' title='bbox 3548 3175 3894 3249; x_wconf 67' lang='grc' dir='ltr'>προπυνητῶν,</span> 
     </span>
    </p>
   </div>
   <div class='ocr_carea' id='block_1_77' title="bbox 2396 3258 3896 3337">
    <p class='ocr_par' dir='ltr' id='par_1_77' title="bbox 2396 3258 3896 3337">
     <span class='ocr_line' id='line_1_77' title="bbox 2396 3258 3896 3337; baseline -0.001 -22"><span class='ocrx_word' id='word_1_542' title='bbox 2396 3264 2489 3315; x_wconf 70' lang='grc' dir='ltr'><strong>καὶ</strong></span> <span class='ocrx_word' id='word_1_543' title='bbox 2519 3258 2606 3317; x_wconf 76' lang='grc' dir='ltr'>οἷά</span> <span class='ocrx_word' id='word_1_544' title='bbox 2629 3280 2749 3315; x_wconf 90' lang='grc' dir='ltr'>τινα</span> <span class='ocrx_word' id='word_1_545' title='bbox 2780 3264 2931 3317; x_wconf 85' lang='grc' dir='ltr'>πόλιν</span> <span class='ocrx_word' id='word_1_546' title='bbox 2957 3268 3226 3337; x_wconf 84' lang='grc' dir='ltr'>περιφανῆ</span> <span class='ocrx_word' id='word_1_547' title='bbox 3259 3268 3459 3336; x_wconf 85' lang='grc' dir='ltr'>πληθύῖ</span> <span class='ocrx_word' id='word_1_548' title='bbox 3484 3269 3596 3321; x_wconf 83' lang='grc' dir='ltr'>τῶν</span> <span class='ocrx_word' id='word_1_549' title='bbox 3612 3268 3896 3321; x_wconf 82' lang='grc' dir='ltr'>ἐνοικούντων</span> 
     </span>
    </p>
   </div>
   <div class='ocr_carea' id='block_1_78' title="bbox 2398 3345 3893 3425">
    <p class='ocr_par' dir='ltr' id='par_1_78' title="bbox 2398 3345 3893 3425">
     <span class='ocr_line' id='line_1_78' title="bbox 2398 3345 3893 3425; baseline 0.001 -21"><span class='ocrx_word' id='word_1_550' title='bbox 2398 3350 2565 3421; x_wconf 77' lang='grc' dir='ltr'>αὐτὴν</span> <span class='ocrx_word' id='word_1_551' title='bbox 2601 3345 2659 3403; x_wconf 81' lang='grc' dir='ltr'>εὖ</span> <span class='ocrx_word' id='word_1_552' title='bbox 2695 3350 2839 3421; x_wconf 89' lang='grc' dir='ltr'>μάλα</span> <span class='ocrx_word' id='word_1_553' title='bbox 2897 3355 3411 3424; x_wconf 84' lang='grc' dir='ltr'>κατασεμνύνεσθαι.</span> <span class='ocrx_word' id='word_1_554' title='bbox 3442 3358 3553 3410; x_wconf 81' lang='grc' dir='ltr'><strong>Καὶ</strong></span> <span class='ocrx_word' id='word_1_555' title='bbox 3608 3357 3725 3425; x_wconf 84' lang='grc' dir='ltr'>γοῦν</span> <span class='ocrx_word' id='word_1_556' title='bbox 3762 3356 3893 3421; x_wconf 73' lang='grc' dir='ltr'>διεκήο</span> 
     </span>
    </p>
   </div>
   <div class='ocr_carea' id='block_1_79' title="bbox 2401 3441 3893 3516">
    <p class='ocr_par' dir='ltr' id='par_1_79' title="bbox 2401 3441 3893 3516">
     <span class='ocr_line' id='line_1_79' title="bbox 2401 3441 3893 3516; baseline 0.003 -24"><span class='ocrx_word' id='word_1_557' title='bbox 2401 3457 2586 3511; x_wconf 90' lang='grc' dir='ltr'>ρυττον</span> <span class='ocrx_word' id='word_1_558' title='bbox 2609 3441 2707 3510; x_wconf 81' lang='grc' dir='ltr'><strong>τήν</strong></span> <span class='ocrx_word' id='word_1_559' title='bbox 2737 3441 2936 3507; x_wconf 88' lang='grc' dir='ltr'>πίστιν,</span> <span class='ocrx_word' id='word_1_560' title='bbox 2966 3444 3435 3515; x_wconf 81' lang='grc' dir='ltr'>εὐαγγελιζόμενοι</span> <span class='ocrx_word' id='word_1_561' title='bbox 3479 3447 3569 3499; x_wconf 74' lang='grc' dir='ltr'><strong>τὸν</strong></span> <span class='ocrx_word' id='word_1_562' title='bbox 3608 3445 3804 3516; x_wconf 84' lang='grc' dir='ltr'>Ἰησοῦν.</span> <span class='ocrx_word' id='word_1_563' title='bbox 3827 3461 3893 3509; x_wconf 72' lang='grc' dir='ltr'>ση-</span> 
     </span>
    </p>
   </div>
   <div class='ocr_carea' id='block_1_80' title="bbox 2401 3530 3895 3606">
    <p class='ocr_par' dir='ltr' id='par_1_80' title="bbox 2401 3530 3895 3606">
     <span class='ocr_line' id='line_1_80' title="bbox 2401 3530 3895 3606; baseline 0 -25"><span class='ocrx_word' id='word_1_564' title='bbox 2401 3530 2571 3600; x_wconf 88' lang='grc' dir='ltr'>μείοις</span> <span class='ocrx_word' id='word_1_565' title='bbox 2603 3548 2660 3584; x_wconf 89' lang='grc' dir='ltr'><strong>τε</strong></span> <span class='ocrx_word' id='word_1_566' title='bbox 2698 3532 2789 3583; x_wconf 71' lang='grc' dir='ltr'>καὶ</span> <span class='ocrx_word' id='word_1_567' title='bbox 2810 3532 3033 3602; x_wconf 83' lang='grc' dir='ltr'>τέρασιν</span> <span class='ocrx_word' id='word_1_568' title='bbox 3072 3535 3562 3606; x_wconf 78' lang='grc' dir='ltr'>ἐπισφραγίζοντες</span> <span class='ocrx_word' id='word_1_569' title='bbox 3589 3538 3705 3597; x_wconf 78' lang='grc' dir='ltr'>τοὺς</span> <span class='ocrx_word' id='word_1_570' title='bbox 3743 3533 3895 3587; x_wconf 75' lang='grc' dir='ltr'>ἑαυτῶν</span> 
     </span>
    </p>
   </div>
   <div class='ocr_carea' id='block_1_81' title="bbox 2397 3619 3893 3693">
    <p class='ocr_par' dir='ltr' id='par_1_81' title="bbox 2397 3619 3893 3693">
     <span class='ocr_line' id='line_1_81' title="bbox 2397 3619 3893 3693; baseline -0.002 -22"><span class='ocrx_word' id='word_1_571' title='bbox 2397 3619 2603 3687; x_wconf 85' lang='grc' dir='ltr'>λόγους.</span> <span class='ocrx_word' id='word_1_572' title='bbox 2640 3620 2785 3690; x_wconf 80' lang='grc' dir='ltr'>Πλὴν</span> <span class='ocrx_word' id='word_1_573' title='bbox 2809 3622 2907 3674; x_wconf 82' lang='grc' dir='ltr'><strong>οῦκ</strong></span> <span class='ocrx_word' id='word_1_574' title='bbox 2935 3621 3167 3674; x_wconf 76' lang='grc' dir='ltr'>ἔπειθον·</span> <span class='ocrx_word' id='word_1_575' title='bbox 3203 3624 3480 3693; x_wconf 80' lang='grc' dir='ltr'>μεμένηκε</span> <span class='ocrx_word' id='word_1_576' title='bbox 3508 3624 3611 3693; x_wconf 88' lang='grc' dir='ltr'><strong>γάρ</strong></span> <span class='ocrx_word' id='word_1_577' title='bbox 3645 3621 3893 3691; x_wconf 79' lang='grc' dir='ltr'>σκληρὸςτε</span> 
     </span>
    </p>
   </div>
   <div class='ocr_carea' id='block_1_82' title="bbox 2400 3708 3894 3784">
    <p class='ocr_par' dir='ltr' id='par_1_82' title="bbox 2400 3708 3894 3784">
     <span class='ocr_line' id='line_1_82' title="bbox 2400 3708 3894 3784; baseline -0.003 -21"><span class='ocrx_word' id='word_1_578' title='bbox 2400 3711 2491 3764; x_wconf 78' lang='grc' dir='ltr'>καὶ</span> <span class='ocrx_word' id='word_1_579' title='bbox 2511 3710 2791 3781; x_wconf 83' lang='grc' dir='ltr'>ἀκαμπὴς,</span> <span class='ocrx_word' id='word_1_580' title='bbox 2832 3713 2924 3765; x_wconf 76' lang='grc' dir='ltr'><strong>καί</strong></span> <span class='ocrx_word' id='word_1_581' title='bbox 2945 3708 3055 3765; x_wconf 72' lang='grc' dir='ltr'>οἷον</span> <span class='ocrx_word' id='word_1_582' title='bbox 3080 3714 3242 3777; x_wconf 75' lang='grc' dir='ltr'>ἵππος</span> <span class='ocrx_word' id='word_1_583' title='bbox 3276 3714 3504 3784; x_wconf 81' lang='grc' dir='ltr'>ἐξήνιος.</span> <span class='ocrx_word' id='word_1_584' title='bbox 3538 3714 3708 3784; x_wconf 80' lang='grc' dir='ltr'>Ταύτῃ</span> <span class='ocrx_word' id='word_1_585' title='bbox 3734 3730 3801 3764; x_wconf 85' lang='grc' dir='ltr'><strong>τοι</strong></span> <span class='ocrx_word' id='word_1_586' title='bbox 3819 3712 3894 3761; x_wconf 80' lang='grc' dir='ltr'>λοι-</span> 
     </span>
    </p>
   </div>
   <div class='ocr_carea' id='block_1_83' title="bbox 2400 3801 3895 3874">
    <p class='ocr_par' dir='ltr' id='par_1_83' title="bbox 2400 3801 3895 3874">
     <span class='ocr_line' id='line_1_83' title="bbox 2400 3801 3895 3874; baseline 0.006 -23"><span class='ocrx_word' id='word_1_587' title='bbox 2400 3801 2499 3854; x_wconf 81' lang='grc' dir='ltr'>πὸν</span> <span class='ocrx_word' id='word_1_588' title='bbox 2555 3801 2777 3871; x_wconf 75' lang='grc' dir='ltr'>ἐζήτουν</span> <span class='ocrx_word' id='word_1_589' title='bbox 2807 3803 3021 3866; x_wconf 75' lang='grc' dir='ltr'>ἑαυτοῖς</span> <span class='ocrx_word' id='word_1_590' title='bbox 3063 3805 3186 3866; x_wconf 85' lang='grc' dir='ltr'>τοὺς</span> <span class='ocrx_word' id='word_1_591' title='bbox 3240 3804 3625 3869; x_wconf 85' lang='grc' dir='ltr'>κατοικοῦντας</span> <span class='ocrx_word' id='word_1_592' title='bbox 3658 3806 3745 3874; x_wconf 83' lang='grc' dir='ltr'>τὴν</span> <span class='ocrx_word' id='word_1_593' title='bbox 3781 3803 3895 3869; x_wconf 67' lang='grc' dir='ltr'>ἁγίαν</span> 
     </span>
    </p>
   </div>
   <div class='ocr_carea' id='block_1_84' title="bbox 2401 3891 3895 3964">
    <p class='ocr_par' dir='ltr' id='par_1_84' title="bbox 2401 3891 3895 3964">
     <span class='ocr_line' id='line_1_84' title="bbox 2401 3891 3895 3964; baseline -0.003 -21"><span class='ocrx_word' id='word_1_594' title='bbox 2401 3891 2551 3943; x_wconf 87' lang='grc' dir='ltr'>πόλιν</span> <span class='ocrx_word' id='word_1_595' title='bbox 2583 3911 2599 3942; x_wconf 82' lang='grc' dir='ltr'><strong>ι</strong></span> <span class='ocrx_word' id='word_1_596' title='bbox 2638 3892 2695 3943; x_wconf 81' lang='grc' dir='ltr'><strong>ἐν</strong></span> <span class='ocrx_word' id='word_1_597' title='bbox 2729 3892 2919 3962; x_wconf 80' lang='grc' dir='ltr'>Κυρίῳ</span> <span class='ocrx_word' id='word_1_598' title='bbox 2948 3895 3344 3964; x_wconf 86' lang='grc' dir='ltr'>παντοκράτορι</span> <span class='ocrx_word' id='word_1_599' title='bbox 3393 3896 3514 3964; x_wconf 87' lang='grc' dir='ltr'><strong>Θεῷ</strong></span> <span class='ocrx_word' id='word_1_600' title='bbox 3542 3897 3726 3956; x_wconf 78' lang='grc' dir='ltr'>αὐτῶν,</span> <span class='ocrx_word' id='word_1_601' title='bbox 3761 3913 3775 3944; x_wconf 76' lang='grc' dir='ltr'><strong>ι</strong></span> <span class='ocrx_word' id='word_1_602' title='bbox 3807 3909 3895 3942; x_wconf 70' lang='grc' dir='ltr'>τωο</span> 
     </span>
    </p>
   </div>
   <div class='ocr_carea' id='block_1_85' title="bbox 2400 3979 3896 4055">
    <p class='ocr_par' dir='ltr' id='par_1_85' title="bbox 2400 3979 3896 4055">
     <span class='ocr_line' id='line_1_85' title="bbox 2400 3979 3896 4055; baseline 0 -22"><span class='ocrx_word' id='word_1_603' title='bbox 2400 3982 2546 4033; x_wconf 88' lang='grc' dir='ltr'>τέστι</span> <span class='ocrx_word' id='word_1_604' title='bbox 2591 3983 2650 4033; x_wconf 82' lang='grc' dir='ltr'>ὲν</span> <span class='ocrx_word' id='word_1_605' title='bbox 2682 3981 2919 4051; x_wconf 83' lang='grc' dir='ltr'>Χριστῷ.</span> <span class='ocrx_word' id='word_1_606' title='bbox 2976 3983 3085 4040; x_wconf 75' lang='grc' dir='ltr'><strong>Καὶ</strong></span> <span class='ocrx_word' id='word_1_607' title='bbox 3130 3983 3194 4053; x_wconf 81' lang='grc' dir='ltr'>δὴ</span> <span class='ocrx_word' id='word_1_608' title='bbox 3248 3984 3340 4036; x_wconf 74' lang='grc' dir='ltr'>καὶ</span> <span class='ocrx_word' id='word_1_609' title='bbox 3386 3986 3678 4055; x_wconf 72' lang='grc' dir='ltr'>ἐτράποντο</span> <span class='ocrx_word' id='word_1_610' title='bbox 3712 3984 3823 4051; x_wconf 72' lang='grc' dir='ltr'>πρὸς</span> <span class='ocrx_word' id='word_1_611' title='bbox 3853 3979 3896 4027; x_wconf 70' lang='grc' dir='ltr'>τὰ</span> 
     </span>
    </p>
   </div>
   <div class='ocr_carea' id='block_1_86' title="bbox 2401 4070 3993 4146">
    <p class='ocr_par' dir='ltr' id='par_1_86' title="bbox 2401 4070 3993 4146">
     <span class='ocr_line' id='line_1_86' title="bbox 2401 4070 3993 4146; baseline 0.004 -24"><span class='ocrx_word' id='word_1_612' title='bbox 2401 4071 2550 4140; x_wconf 76' lang='grc' dir='ltr'>ἔθνη,</span> <span class='ocrx_word' id='word_1_613' title='bbox 2587 4073 2698 4133; x_wconf 89' lang='grc' dir='ltr'>τοῖς</span> <span class='ocrx_word' id='word_1_614' title='bbox 2747 4072 3008 4126; x_wconf 77' lang='grc' dir='ltr'>Ἰουδαίων</span> <span class='ocrx_word' id='word_1_615' title='bbox 3027 4073 3218 4142; x_wconf 85' lang='grc' dir='ltr'>δήμοις</span> <span class='ocrx_word' id='word_1_616' title='bbox 3256 4074 3710 4146; x_wconf 83' lang='grc' dir='ltr'>ἐπιφωνήσαντες·</span> <span class='ocrx_word' id='word_1_617' title='bbox 3739 4091 3753 4121; x_wconf 74' lang='grc' dir='ltr'><strong>ι</strong></span> <span class='ocrx_word' id='word_1_618' title='bbox 3785 4070 3897 4136; x_wconf 76' lang='grc' dir='ltr'><strong>Ὑμῖν</strong></span> 
     </span>
    </p>
   </div>
   <div class='ocr_carea' id='block_1_87' title="bbox 2400 4156 3993 4233">
    <p class='ocr_par' dir='ltr' id='par_1_87' title="bbox 2400 4156 3993 4233">
     <span class='ocr_line' id='line_1_87' title="bbox 2400 4156 3993 4233; baseline -0.003 -20"><span class='ocrx_word' id='word_1_619' title='bbox 2400 4156 2466 4229; x_wconf 84' lang='grc' dir='ltr'>ἦν</span> <span class='ocrx_word' id='word_1_620' title='bbox 2497 4162 2790 4228; x_wconf 79' lang='grc' dir='ltr'>ἀναγκαῖον</span> <span class='ocrx_word' id='word_1_621' title='bbox 2818 4162 3030 4231; x_wconf 85' lang='grc' dir='ltr'>πρῶτον</span> <span class='ocrx_word' id='word_1_622' title='bbox 3059 4162 3353 4231; x_wconf 83' lang='grc' dir='ltr'>λαληθῆναι</span> <span class='ocrx_word' id='word_1_623' title='bbox 3391 4165 3482 4218; x_wconf 81' lang='grc' dir='ltr'>τὸν</span> <span class='ocrx_word' id='word_1_624' title='bbox 3506 4166 3654 4233; x_wconf 90' lang='grc' dir='ltr'>λόγον</span> <span class='ocrx_word' id='word_1_625' title='bbox 3673 4161 3756 4217; x_wconf 85' lang='grc' dir='ltr'><strong>τοῦ</strong></span> <span class='ocrx_word' id='word_1_626' title='bbox 3783 4157 3894 4212; x_wconf 82' lang='grc' dir='ltr'>Θεοῦ.</span> <span class='ocrx_word' id='word_1_627' title='bbox 3992 4162 3993 4165; x_wconf 69' lang='grc'><em>“</em></span> 
     </span>
    </p>
   </div>
   <div class='ocr_carea' id='block_1_88' title="bbox 2414 4250 3897 4320">
    <p class='ocr_par' dir='ltr' id='par_1_88' title="bbox 2414 4250 3897 4320">
     <span class='ocr_line' id='line_1_88' title="bbox 2414 4250 3897 4320; baseline -0.004 -18"><span class='ocrx_word' id='word_1_628' title='bbox 2414 4250 2628 4320; x_wconf 83' lang='grc' dir='ltr'>Ἐπειδὴ</span> <span class='ocrx_word' id='word_1_629' title='bbox 2656 4250 2712 4303; x_wconf 84' lang='grc' dir='ltr'>δὲ</span> <span class='ocrx_word' id='word_1_630' title='bbox 2737 4251 3037 4305; x_wconf 84' lang='grc' dir='ltr'>ἀπωθεῖσθε</span> <span class='ocrx_word' id='word_1_631' title='bbox 3076 4253 3258 4317; x_wconf 84' lang='grc' dir='ltr'>αὑτὸν,</span> <span class='ocrx_word' id='word_1_632' title='bbox 3306 4255 3401 4308; x_wconf 79' lang='grc' dir='ltr'>καὶ</span> <span class='ocrx_word' id='word_1_633' title='bbox 3430 4257 3532 4308; x_wconf 81' lang='grc' dir='ltr'>οὐκ</span> <span class='ocrx_word' id='word_1_634' title='bbox 3556 4255 3721 4318; x_wconf 78' lang='grc' dir='ltr'>ἀξίους</span> <span class='ocrx_word' id='word_1_635' title='bbox 3741 4250 3897 4320; x_wconf 76' lang='grc' dir='ltr'>κρίνετε</span> 
     </span>
    </p>
   </div>
   <div class='ocr_carea' id='block_1_89' title="bbox 2404 4335 3993 4415">
    <p class='ocr_par' dir='ltr' id='par_1_89' title="bbox 2404 4335 3993 4415">
     <span class='ocr_line' id='line_1_89' title="bbox 2404 4335 3993 4415; baseline 0.001 -25"><span class='ocrx_word' id='word_1_636' title='bbox 2404 4339 2628 4400; x_wconf 76' lang='grc' dir='ltr'>ἑαυτοὺς</span> <span class='ocrx_word' id='word_1_637' title='bbox 2645 4339 2742 4409; x_wconf 90' lang='grc' dir='ltr'><strong>τῆς</strong></span> <span class='ocrx_word' id='word_1_638' title='bbox 2769 4340 2987 4393; x_wconf 77' lang='grc' dir='ltr'>αἰωνίου</span> <span class='ocrx_word' id='word_1_639' title='bbox 3019 4341 3161 4411; x_wconf 87' lang='grc' dir='ltr'>ζωῆς</span> <span class='ocrx_word' id='word_1_640' title='bbox 3186 4382 3199 4406; x_wconf 88' lang='grc'><strong>,</strong></span> <span class='ocrx_word' id='word_1_641' title='bbox 3246 4344 3355 4396; x_wconf 81' lang='grc' dir='ltr'>ἰδοῦ</span> <span class='ocrx_word' id='word_1_642' title='bbox 3404 4344 3731 4415; x_wconf 85' lang='grc' dir='ltr'>στρεφόμεθα</span> <span class='ocrx_word' id='word_1_643' title='bbox 3758 4342 3821 4400; x_wconf 86' lang='grc' dir='ltr'><strong>εἰς</strong></span> <span class='ocrx_word' id='word_1_644' title='bbox 3852 4335 3897 4387; x_wconf 70' lang='grc' dir='ltr'>τὰ</span> <span class='ocrx_word' id='word_1_645' title='bbox 3992 4364 3993 4369; x_wconf 54' lang='grc' dir='ltr'><strong>η</strong></span> 
     </span>
    </p>
   </div>
   <div class='ocr_carea' id='block_1_90' title="bbox 740 4426 2293 4502">
    <p class='ocr_par' dir='ltr' id='par_1_90' title="bbox 740 4430 2293 4491">
     <span class='ocr_line' id='line_1_90' title="bbox 740 4430 2293 4491; baseline -0.005 -1"><span class='ocrx_word' id='word_1_646' title='bbox 740 4447 793 4490; x_wconf 88' lang='lat' dir='ltr'><strong>et</strong></span> <span class='ocrx_word' id='word_1_647' title='bbox 816 4437 966 4490; x_wconf 87' lang='lat' dir='ltr'><strong>aiunt</strong></span> <span class='ocrx_word' id='word_1_648' title='bbox 1011 4444 1213 4491; x_wconf 69' lang='lat' dir='ltr'><strong>sanctae</strong></span> <span class='ocrx_word' id='word_1_649' title='bbox 1256 4433 1508 4487; x_wconf 82' lang='lat' dir='ltr'><strong>civitati:</strong></span> <span class='ocrx_word' id='word_1_650' title='bbox 1548 4450 1567 4482; x_wconf 80' lang='grc' dir='ltr'><strong>ι</strong></span> <span class='ocrx_word' id='word_1_651' title='bbox 1626 4432 1793 4485; x_wconf 88' lang='lat' dir='ltr'><strong>Dilata</strong></span> <span class='ocrx_word' id='word_1_652' title='bbox 1848 4432 2021 4485; x_wconf 88' lang='lat' dir='ltr'><strong>locum</strong></span> <span class='ocrx_word' id='word_1_653' title='bbox 2084 4430 2293 4485; x_wconf 90' lang='lat' dir='ltr'><strong>tentorii</strong></span> 
     </span>
    </p>
   </div>
   <div class='ocr_carea' id='block_1_91' title="bbox 2401 4426 3898 4502">
    <p class='ocr_par' dir='ltr' id='par_1_91' title="bbox 2408 4427 3898 4502">
     <span class='ocr_line' id='line_1_91' title="bbox 2408 4427 3898 4502; baseline -0.001 -18"><span class='ocrx_word' id='word_1_654' title='bbox 2408 4431 2553 4501; x_wconf 81' lang='grc' dir='ltr'>έθνη’</span> <span class='ocrx_word' id='word_1_655' title='bbox 2580 4430 2723 4484; x_wconf 77' lang='grc' dir='ltr'>οὓτω</span> <span class='ocrx_word' id='word_1_656' title='bbox 2751 4432 2857 4502; x_wconf 79' lang='grc' dir='ltr'><strong>γὰρ</strong></span> <span class='ocrx_word' id='word_1_657' title='bbox 2877 4434 3006 4501; x_wconf 81' lang='grc' dir='ltr'>ἡμῖν</span> <span class='ocrx_word' id='word_1_658' title='bbox 3057 4433 3365 4488; x_wconf 80' lang='grc' dir='ltr'>ἐντέταλται</span> <span class='ocrx_word' id='word_1_659' title='bbox 3403 4437 3431 4487; x_wconf 87' lang='grc' dir='ltr'>ὁ</span> <span class='ocrx_word' id='word_1_660' title='bbox 3481 4436 3626 4496; x_wconf 77' lang='grc' dir='ltr'>Θεός.</span> <span class='ocrx_word' id='word_1_661' title='bbox 3660 4453 3674 4484; x_wconf 75' lang='grc' dir='ltr'><strong>ι</strong></span> <span class='ocrx_word' id='word_1_662' title='bbox 3717 4427 3898 4484; x_wconf 79' lang='grc' dir='ltr'>Ἐκεῖθεν</span> 
     </span>
    </p>
   </div>
   <div class='ocr_carea' id='block_1_92' title="bbox 743 4522 2300 4593">
    <p class='ocr_par' dir='ltr' id='par_1_92' title="bbox 743 4522 2300 4593">
     <span class='ocr_line' id='line_1_92' title="bbox 743 4522 2300 4593; baseline -0.001 -17"><span class='ocrx_word' id='word_1_663' title='bbox 743 4527 838 4589; x_wconf 92' lang='lat' dir='ltr'><strong>tui,</strong></span> <span class='ocrx_word' id='word_1_664' title='bbox 868 4534 922 4579; x_wconf 92' lang='lat' dir='ltr'><strong>et</strong></span> <span class='ocrx_word' id='word_1_665' title='bbox 950 4522 1413 4581; x_wconf 88' lang='lat' dir='ltr'><strong>tabernaculorum</strong></span> <span class='ocrx_word' id='word_1_666' title='bbox 1472 4532 1701 4576; x_wconf 89' lang='lat' dir='ltr'><strong>tuorum.</strong></span> <span class='ocrx_word' id='word_1_667' title='bbox 1761 4522 1909 4593; x_wconf 82' lang='lat' dir='ltr'><strong>Fige,</strong></span> <span class='ocrx_word' id='word_1_668' title='bbox 1979 4538 2045 4578; x_wconf 92' lang='lat' dir='ltr'><strong>ne</strong></span> <span class='ocrx_word' id='word_1_669' title='bbox 2091 4537 2300 4591; x_wconf 88' lang='lat' dir='ltr'><strong>parcas.</strong></span> 
     </span>
    </p>
   </div>
   <div class='ocr_carea' id='block_1_93' title="bbox 740 4608 2301 4675">
    <p class='ocr_par' dir='ltr' id='par_1_93' title="bbox 740 4608 2301 4675">
     <span class='ocr_line' id='line_1_93' title="bbox 740 4608 2301 4675; baseline -0.005 -6"><span class='ocrx_word' id='word_1_670' title='bbox 740 4610 1008 4669; x_wconf 77' lang='lat' dir='ltr'><strong>Protendo</strong></span> <span class='ocrx_word' id='word_1_671' title='bbox 1054 4608 1322 4675; x_wconf 76' lang='lat' dir='ltr'><strong>luniculos</strong></span> <span class='ocrx_word' id='word_1_672' title='bbox 1361 4621 1479 4667; x_wconf 82' lang='lat' dir='ltr'><strong>tuos</strong></span> <span class='ocrx_word' id='word_1_673' title='bbox 1550 4619 1603 4664; x_wconf 90' lang='lat' dir='ltr'><strong>et</strong></span> <span class='ocrx_word' id='word_1_674' title='bbox 1641 4611 1822 4665; x_wconf 84' lang='lat' dir='ltr'><strong>clavos</strong></span> <span class='ocrx_word' id='word_1_675' title='bbox 1876 4620 2016 4673; x_wconf 91' lang='lat' dir='ltr'><strong>tuos,</strong></span> <span class='ocrx_word' id='word_1_676' title='bbox 2058 4608 2301 4663; x_wconf 81' lang='lat' dir='ltr'><strong>conforta</strong></span> 
     </span>
    </p>
   </div>
   <div class='ocr_carea' id='block_1_94' title="bbox 740 4701 2304 4767">
    <p class='ocr_par' dir='ltr' id='par_1_94' title="bbox 740 4701 2304 4767">
     <span class='ocr_line' id='line_1_94' title="bbox 740 4701 2304 4767; baseline -0.006 -8"><span class='ocrx_word' id='word_1_677' title='bbox 740 4705 919 4761; x_wconf 87' lang='lat' dir='ltr'><strong>adhuc</strong></span> <span class='ocrx_word' id='word_1_678' title='bbox 949 4704 999 4757; x_wconf 93' lang='lat' dir='ltr'><strong>in</strong></span> <span class='ocrx_word' id='word_1_679' title='bbox 1024 4704 1252 4767; x_wconf 80' lang='lat' dir='ltr'><strong>dextris,</strong></span> <span class='ocrx_word' id='word_1_680' title='bbox 1274 4712 1330 4757; x_wconf 87' lang='lat' dir='ltr'><strong>et</strong></span> <span class='ocrx_word' id='word_1_681' title='bbox 1353 4703 1402 4756; x_wconf 90' lang='lat' dir='ltr'><strong>in</strong></span> <span class='ocrx_word' id='word_1_682' title='bbox 1427 4702 1641 4758; x_wconf 90' lang='lat' dir='ltr'><strong>sinistra</strong></span> <span class='ocrx_word' id='word_1_683' title='bbox 1668 4704 1897 4757; x_wconf 78' lang='lat' dir='ltr'><strong>extende</strong></span> <span class='ocrx_word' id='word_1_684' title='bbox 1922 4702 1986 4754; x_wconf 78' lang='grc' dir='ltr'><strong>⁸ο.</strong></span> <span class='ocrx_word' id='word_1_685' title='bbox 2021 4721 2037 4749; x_wconf 82' lang='grc' dir='ltr'><strong>ι</strong></span> <span class='ocrx_word' id='word_1_686' title='bbox 2066 4701 2153 4754; x_wconf 85' lang='lat' dir='ltr'><strong>Illa</strong></span> <span class='ocrx_word' id='word_1_687' title='bbox 2178 4715 2304 4757; x_wconf 77' lang='lat' dir='ltr'><strong>vero</strong></span> 
     </span>
    </p>
   </div>
   <div class='ocr_carea' id='block_1_95' title="bbox 741 4788 2302 4857">
    <p class='ocr_par' dir='ltr' id='par_1_95' title="bbox 741 4788 2302 4857">
     <span class='ocr_line' id='line_1_95' title="bbox 741 4788 2302 4857; baseline -0.006 -8"><span class='ocrx_word' id='word_1_688' title='bbox 741 4792 1404 4849; x_wconf 85' lang='lat' dir='ltr'><strong>multitudiueiucolarum</strong></span> <span class='ocrx_word' id='word_1_689' title='bbox 1432 4807 1648 4846; x_wconf 90' lang='lat' dir='ltr'><strong>suorum</strong></span> <span class='ocrx_word' id='word_1_690' title='bbox 1701 4790 1956 4852; x_wconf 80' lang='lat' dir='ltr'><strong>exsultat,</strong></span> <span class='ocrx_word' id='word_1_691' title='bbox 2045 4797 2097 4840; x_wconf 92' lang='lat' dir='ltr'><strong>et</strong></span> <span class='ocrx_word' id='word_1_692' title='bbox 2149 4788 2302 4857; x_wconf 89' lang='lat' dir='ltr'><strong>quasi</strong></span> 
     </span>
    </p>
   </div>
   <div class='ocr_carea' id='block_1_96' title="bbox 745 4878 2301 4949">
    <p class='ocr_par' dir='ltr' id='par_1_96' title="bbox 745 4878 2301 4949">
     <span class='ocr_line' id='line_1_96' title="bbox 745 4878 2301 4949; baseline -0.004 -12"><span class='ocrx_word' id='word_1_693' title='bbox 745 4885 1020 4940; x_wconf 82' lang='lat' dir='ltr'><strong>admirans</strong></span> <span class='ocrx_word' id='word_1_694' title='bbox 1050 4899 1270 4939; x_wconf 89' lang='lat' dir='ltr'><strong>suorum</strong></span> <span class='ocrx_word' id='word_1_695' title='bbox 1312 4884 1541 4938; x_wconf 86' lang='lat' dir='ltr'><strong>liliorum</strong></span> <span class='ocrx_word' id='word_1_696' title='bbox 1586 4882 1969 4949; x_wconf 80' lang='lat' dir='ltr'><strong>frequentiam,</strong></span> <span class='ocrx_word' id='word_1_697' title='bbox 1994 4880 2106 4933; x_wconf 88' lang='lat' dir='ltr'><strong>ait:</strong></span> <span class='ocrx_word' id='word_1_698' title='bbox 2139 4897 2156 4929; x_wconf 78' lang='grc' dir='ltr'><strong>ι</strong></span> <span class='ocrx_word' id='word_1_699' title='bbox 2189 4878 2301 4945; x_wconf 83' lang='lat' dir='ltr'><strong>Ego</strong></span> 
     </span>
    </p>
   </div>
   <div class='ocr_carea' id='block_1_97' title="bbox 743 4969 2303 5037">
    <p class='ocr_par' dir='ltr' id='par_1_97' title="bbox 743 4969 2303 5037">
     <span class='ocr_line' id='line_1_97' title="bbox 743 4969 2303 5037; baseline -0.003 -10"><span class='ocrx_word' id='word_1_700' title='bbox 743 4982 922 5028; x_wconf 84' lang='lat' dir='ltr'><strong>autem</strong></span> <span class='ocrx_word' id='word_1_701' title='bbox 968 4974 1085 5029; x_wconf 91' lang='lat' dir='ltr'><strong>siue</strong></span> <span class='ocrx_word' id='word_1_702' title='bbox 1117 4975 1259 5037; x_wconf 83' lang='lat' dir='ltr'><strong>ﬁliis,</strong></span> <span class='ocrx_word' id='word_1_703' title='bbox 1294 4982 1347 5027; x_wconf 88' lang='lat' dir='ltr'><strong>et</strong></span> <span class='ocrx_word' id='word_1_704' title='bbox 1378 4973 1579 5037; x_wconf 81' lang='lat' dir='ltr'><strong>vidua;</strong></span> <span class='ocrx_word' id='word_1_705' title='bbox 1617 4973 1750 5027; x_wconf 90' lang='lat' dir='ltr'><strong>istos</strong></span> <span class='ocrx_word' id='word_1_706' title='bbox 1771 4985 1902 5025; x_wconf 90' lang='lat' dir='ltr'><strong>vero</strong></span> <span class='ocrx_word' id='word_1_707' title='bbox 1951 4969 2073 5036; x_wconf 87' lang='lat' dir='ltr'><strong>quis</strong></span> <span class='ocrx_word' id='word_1_708' title='bbox 2119 4970 2303 5037; x_wconf 76' lang='lat' dir='ltr'><strong>genuit</strong></span> 
     </span>
    </p>
   </div>
   <div class='ocr_carea' id='block_1_98' title="bbox 742 5062 1850 5122">
    <p class='ocr_par' dir='ltr' id='par_1_98' title="bbox 742 5062 1850 5122">
     <span class='ocr_line' id='line_1_98' title="bbox 742 5062 1850 5122; baseline -0.008 -1"><span class='ocrx_word' id='word_1_709' title='bbox 742 5065 914 5121; x_wconf 85' lang='lat' dir='ltr'><strong>mihi?</strong></span> <span class='ocrx_word' id='word_1_710' title='bbox 944 5067 1029 5121; x_wconf 84' lang='lat' dir='ltr'><strong>isti</strong></span> <span class='ocrx_word' id='word_1_711' title='bbox 1058 5076 1236 5122; x_wconf 88' lang='lat' dir='ltr'><strong>autem</strong></span> <span class='ocrx_word' id='word_1_712' title='bbox 1260 5066 1353 5121; x_wconf 91' lang='lat' dir='ltr'><strong>ubi</strong></span> <span class='ocrx_word' id='word_1_713' title='bbox 1385 5064 1513 5118; x_wconf 92' lang='lat' dir='ltr'><strong>mihi</strong></span> <span class='ocrx_word' id='word_1_714' title='bbox 1539 5073 1691 5117; x_wconf 89' lang='lat' dir='ltr'><strong>erant</strong></span> <span class='ocrx_word' id='word_1_715' title='bbox 1717 5062 1805 5114; x_wconf 65' lang='lat'><strong>“1&#39;</strong></span> <span class='ocrx_word' id='word_1_716' title='bbox 1833 5079 1850 5111; x_wconf 77' lang='grc' dir='ltr'><strong>ι</strong></span> 
     </span>
    </p>
   </div>
   <div class='ocr_carea' id='block_1_99' title="bbox 2404 4515 3901 4593">
    <p class='ocr_par' dir='ltr' id='par_1_99' title="bbox 2404 4515 3901 4593">
     <span class='ocr_line' id='line_1_99' title="bbox 2404 4515 3901 4593; baseline -0.016 -7"><span class='ocrx_word' id='word_1_717' title='bbox 2404 4522 2674 4592; x_wconf 72' lang='grc' dir='ltr'>ἐζήτησαν</span> <span class='ocrx_word' id='word_1_718' title='bbox 2728 4524 2850 4585; x_wconf 76' lang='grc' dir='ltr'><strong>τοὺς</strong></span> <span class='ocrx_word' id='word_1_719' title='bbox 2896 4524 2993 4591; x_wconf 82' lang='grc' dir='ltr'>τῆς</span> <span class='ocrx_word' id='word_1_720' title='bbox 3054 4524 3376 4593; x_wconf 81' lang='grc' dir='ltr'>Ἐκκλησξας</span> <span class='ocrx_word' id='word_1_721' title='bbox 3424 4526 3660 4588; x_wconf 84' lang='grc' dir='ltr'>πολίτας,</span> <span class='ocrx_word' id='word_1_722' title='bbox 3692 4518 3749 4591; x_wconf 80' lang='grc' dir='ltr'>ἦς</span> <span class='ocrx_word' id='word_1_723' title='bbox 3797 4515 3901 4570; x_wconf 75' lang='grc' dir='ltr'>καὶό</span> 
     </span>
    </p>
   </div>
   <div class='ocr_carea' id='block_1_100' title="bbox 2405 4606 3900 4683">
    <p class='ocr_par' dir='ltr' id='par_1_100' title="bbox 2405 4606 3900 4683">
     <span class='ocr_line' id='line_1_100' title="bbox 2405 4606 3900 4683; baseline -0.001 -19"><span class='ocrx_word' id='word_1_724' title='bbox 2405 4614 2690 4675; x_wconf 78' lang='grc' dir='ltr'>θεσπέσιος</span> <span class='ocrx_word' id='word_1_725' title='bbox 2720 4614 2881 4667; x_wconf 72' lang='grc' dir='ltr'><strong>Δαῦὶδ</strong></span> <span class='ocrx_word' id='word_1_726' title='bbox 2909 4614 3292 4683; x_wconf 86' lang='grc' dir='ltr'>διαμέμνηται,</span> <span class='ocrx_word' id='word_1_727' title='bbox 3322 4616 3512 4682; x_wconf 88' lang='grc' dir='ltr'>λέγων·</span> <span class='ocrx_word' id='word_1_728' title='bbox 3552 4635 3570 4666; x_wconf 77' lang='grc' dir='ltr'><strong>ι</strong></span> <span class='ocrx_word' id='word_1_729' title='bbox 3597 4606 3900 4677; x_wconf 74' lang='grc' dir='ltr'>Δεδοξασμένα</span> 
     </span>
    </p>
   </div>
   <div class='ocr_carea' id='block_1_101' title="bbox 2406 4703 3900 4775">
    <p class='ocr_par' dir='ltr' id='par_1_101' title="bbox 2406 4703 3900 4775">
     <span class='ocr_line' id='line_1_101' title="bbox 2406 4703 3900 4775; baseline -0.004 -20"><span class='ocrx_word' id='word_1_730' title='bbox 2406 4703 2637 4773; x_wconf 86' lang='grc' dir='ltr'>ἐλαλήθη</span> <span class='ocrx_word' id='word_1_731' title='bbox 2664 4705 2789 4775; x_wconf 73' lang='grc' dir='ltr'>περ).</span> <span class='ocrx_word' id='word_1_732' title='bbox 2814 4704 2927 4766; x_wconf 84' lang='grc' dir='ltr'>σοῦ,</span> <span class='ocrx_word' id='word_1_733' title='bbox 2961 4708 2993 4775; x_wconf 79' lang='grc' dir='ltr'><strong>ἡ</strong></span> <span class='ocrx_word' id='word_1_734' title='bbox 3049 4706 3197 4768; x_wconf 88' lang='grc' dir='ltr'>πόλις</span> <span class='ocrx_word' id='word_1_735' title='bbox 3239 4707 3331 4759; x_wconf 87' lang='grc' dir='ltr'><strong>τοῦ</strong></span> <span class='ocrx_word' id='word_1_736' title='bbox 3357 4709 3511 4761; x_wconf 83' lang='grc' dir='ltr'>Θεοῦ.</span> <span class='ocrx_word' id='word_1_737' title='bbox 3550 4726 3567 4757; x_wconf 74' lang='grc' dir='ltr'><strong>ι</strong></span> <span class='ocrx_word' id='word_1_738' title='bbox 3628 4706 3900 4774; x_wconf 78' lang='grc' dir='ltr'>Ζητήσαντες</span> 
     </span>
    </p>
   </div>
   <div class='ocr_carea' id='block_1_102' title="bbox 2405 4784 3899 4866">
    <p class='ocr_par' dir='ltr' id='par_1_102' title="bbox 2405 4784 3899 4866">
     <span class='ocr_line' id='line_1_102' title="bbox 2405 4784 3899 4866; baseline -0.003 -21"><span class='ocrx_word' id='word_1_739' title='bbox 2405 4794 2460 4845; x_wconf 83' lang='grc' dir='ltr'>δὲ</span> <span class='ocrx_word' id='word_1_740' title='bbox 2490 4793 2916 4861; x_wconf 85' lang='grc' dir='ltr'>πεπλουτήκασι,</span> <span class='ocrx_word' id='word_1_741' title='bbox 2936 4796 3291 4864; x_wconf 78' lang='grc' dir='ltr'>συνεκόμισαν</span> <span class='ocrx_word' id='word_1_742' title='bbox 3306 4814 3362 4848; x_wconf 86' lang='grc' dir='ltr'><strong>τε</strong></span> <span class='ocrx_word' id='word_1_743' title='bbox 3383 4797 3589 4866; x_wconf 81' lang='grc' dir='ltr'>πληθὺν</span> <span class='ocrx_word' id='word_1_744' title='bbox 3616 4796 3705 4863; x_wconf 83' lang='grc' dir='ltr'>τὴν</span> <span class='ocrx_word' id='word_1_745' title='bbox 3722 4784 3899 4859; x_wconf 80' lang='grc' dir='ltr'>ἀριθμοῦ</span> 
     </span>
    </p>
   </div>
   <div class='ocr_carea' id='block_1_103' title="bbox 2408 4875 3901 4955">
    <p class='ocr_par' dir='ltr' id='par_1_103' title="bbox 2408 4875 3901 4955">
     <span class='ocr_line' id='line_1_103' title="bbox 2408 4875 3901 4955; baseline -0.003 -21"><span class='ocrx_word' id='word_1_746' title='bbox 2408 4883 2705 4951; x_wconf 80' lang='grc' dir='ltr'>κρείττονα.</span> <span class='ocrx_word' id='word_1_747' title='bbox 2742 4884 2850 4935; x_wconf 74' lang='grc' dir='ltr'><strong>Καὶ</strong></span> <span class='ocrx_word' id='word_1_748' title='bbox 2902 4882 2966 4953; x_wconf 81' lang='grc' dir='ltr'>δὴ</span> <span class='ocrx_word' id='word_1_749' title='bbox 3004 4884 3095 4937; x_wconf 87' lang='grc' dir='ltr'><strong>καί</strong></span> <span class='ocrx_word' id='word_1_750' title='bbox 3126 4900 3255 4953; x_wconf 84' lang='grc' dir='ltr'>φασι</span> <span class='ocrx_word' id='word_1_751' title='bbox 3304 4888 3369 4954; x_wconf 80' lang='grc' dir='ltr'><strong>τῇ</strong></span> <span class='ocrx_word' id='word_1_752' title='bbox 3401 4886 3530 4955; x_wconf 74' lang='grc' dir='ltr'>ἁγίᾳ</span> <span class='ocrx_word' id='word_1_753' title='bbox 3570 4885 3726 4936; x_wconf 68' lang='grc' dir='ltr'>πόλειε</span> <span class='ocrx_word' id='word_1_754' title='bbox 3757 4900 3771 4929; x_wconf 86' lang='grc' dir='ltr'><strong>ι</strong></span> <span class='ocrx_word' id='word_1_755' title='bbox 3803 4875 3901 4930; x_wconf 76' lang='grc' dir='ltr'>Πλά-</span> 
     </span>
    </p>
   </div>
   <div class='ocr_carea' id='block_1_104' title="bbox 2410 4963 3902 5043">
    <p class='ocr_par' dir='ltr' id='par_1_104' title="bbox 2410 4963 3902 5043">
     <span class='ocr_line' id='line_1_104' title="bbox 2410 4963 3902 5043; baseline -0.007 -19"><span class='ocrx_word' id='word_1_756' title='bbox 2410 4989 2562 5024; x_wconf 86' lang='grc' dir='ltr'>τυνον</span> <span class='ocrx_word' id='word_1_757' title='bbox 2590 4972 2681 5023; x_wconf 84' lang='grc' dir='ltr'>τὸν</span> <span class='ocrx_word' id='word_1_758' title='bbox 2729 4972 2889 5025; x_wconf 87' lang='grc' dir='ltr'>τόπον</span> <span class='ocrx_word' id='word_1_759' title='bbox 2944 4974 3039 5042; x_wconf 83' lang='grc' dir='ltr'><strong>τῆς</strong></span> <span class='ocrx_word' id='word_1_760' title='bbox 3095 4976 3293 5043; x_wconf 87' lang='grc' dir='ltr'>σκηνῆς</span> <span class='ocrx_word' id='word_1_761' title='bbox 3337 4992 3451 5039; x_wconf 89' lang='grc' dir='ltr'>σου,</span> <span class='ocrx_word' id='word_1_762' title='bbox 3494 4977 3582 5028; x_wconf 69' lang='grc' dir='ltr'>καὶ</span> <span class='ocrx_word' id='word_1_763' title='bbox 3603 4974 3702 5025; x_wconf 80' lang='grc' dir='ltr'>τῶν</span> <span class='ocrx_word' id='word_1_764' title='bbox 3722 4963 3902 5023; x_wconf 76' lang='grc' dir='ltr'>αῦλαιῶν</span> 
     </span>
    </p>
   </div>
   <div class='ocr_carea' id='block_1_105' title="bbox 2414 5050 3903 5133">
    <p class='ocr_par' dir='ltr' id='par_1_105' title="bbox 2414 5050 3903 5133">
     <span class='ocr_line' id='line_1_105' title="bbox 2414 5050 3903 5133; baseline -0.011 -14"><span class='ocrx_word' id='word_1_765' title='bbox 2414 5078 2527 5114; x_wconf 80' lang='grc' dir='ltr'>σου.</span> <span class='ocrx_word' id='word_1_766' title='bbox 2564 5059 2759 5127; x_wconf 68' lang='grc' dir='ltr'>Πῆξδν,</span> <span class='ocrx_word' id='word_1_767' title='bbox 2808 5061 2881 5131; x_wconf 84' lang='grc' dir='ltr'>μὴ</span> <span class='ocrx_word' id='word_1_768' title='bbox 2928 5063 3105 5133; x_wconf 81' lang='grc' dir='ltr'>φείσῃ.</span> <span class='ocrx_word' id='word_1_769' title='bbox 3156 5064 3443 5133; x_wconf 87' lang='grc' dir='ltr'>Μάκρυνον</span> <span class='ocrx_word' id='word_1_770' title='bbox 3490 5064 3556 5117; x_wconf 82' lang='grc' dir='ltr'><strong>τὰ</strong></span> <span class='ocrx_word' id='word_1_771' title='bbox 3615 5050 3903 5131; x_wconf 74' lang='grc' dir='ltr'>σχοινὶσματά</span> 
     </span>
    </p>
   </div>
   <div class='ocr_carea' id='block_1_106' title="bbox 741 5141 3902 5227">
    <p class='ocr_par' dir='ltr' id='par_1_106' title="bbox 741 5141 3902 5227">
     <span class='ocr_line' id='line_1_106' title="bbox 741 5141 3902 5227; baseline -0.002 -16"><span class='ocrx_word' id='word_1_772' title='bbox 741 5175 858 5227; x_wconf 75' lang='grc' dir='ltr'>σου,</span> <span class='ocrx_word' id='word_1_773' title='bbox 895 5157 987 5211; x_wconf 77' lang='grc' dir='ltr'><strong>καί</strong></span> <span class='ocrx_word' id='word_1_774' title='bbox 1022 5159 1146 5220; x_wconf 81' lang='grc' dir='ltr'>τοὺς</span> <span class='ocrx_word' id='word_1_775' title='bbox 1177 5156 1481 5217; x_wconf 85' lang='grc' dir='ltr'>πασσάλους</span> <span class='ocrx_word' id='word_1_776' title='bbox 1512 5172 1625 5218; x_wconf 90' lang='grc' dir='ltr'>σου,</span> <span class='ocrx_word' id='word_1_777' title='bbox 1658 5151 1976 5222; x_wconf 83' lang='grc' dir='ltr'>κατίσχυσον</span> <span class='ocrx_word' id='word_1_778' title='bbox 2004 5152 2080 5204; x_wconf 81' lang='grc' dir='ltr'><strong>ἔτι</strong></span> <span class='ocrx_word' id='word_1_779' title='bbox 2110 5152 2188 5214; x_wconf 86' lang='grc' dir='ltr'><strong>εἰς</strong></span> <span class='ocrx_word' id='word_1_780' title='bbox 2213 5152 2278 5204; x_wconf 85' lang='grc' dir='ltr'><strong>τὰ</strong></span> <span class='ocrx_word' id='word_1_781' title='bbox 2303 5151 2471 5218; x_wconf 78' lang='grc' dir='ltr'>δεξιὰ,</span> <span class='ocrx_word' id='word_1_782' title='bbox 2504 5154 2592 5205; x_wconf 69' lang='grc' dir='ltr'>καὶ</span> <span class='ocrx_word' id='word_1_783' title='bbox 2624 5155 2700 5215; x_wconf 82' lang='grc' dir='ltr'><strong>εἰς</strong></span> <span class='ocrx_word' id='word_1_784' title='bbox 2726 5151 2791 5204; x_wconf 78' lang='grc' dir='ltr'>τὰ</span> <span class='ocrx_word' id='word_1_785' title='bbox 2815 5152 3073 5222; x_wconf 81' lang='grc' dir='ltr'>ἀριστερᾶ</span> <span class='ocrx_word' id='word_1_786' title='bbox 3100 5153 3448 5206; x_wconf 77' lang='grc' dir='ltr'>ἐκπέτασον.»</span> <span class='ocrx_word' id='word_1_787' title='bbox 3496 5154 3554 5207; x_wconf 86' lang='grc' dir='ltr'>Ἡ</span> <span class='ocrx_word' id='word_1_788' title='bbox 3583 5152 3635 5205; x_wconf 80' lang='grc' dir='ltr'>δὲ</span> <span class='ocrx_word' id='word_1_789' title='bbox 3657 5148 3728 5217; x_wconf 81' lang='grc' dir='ltr'>τῷ</span> <span class='ocrx_word' id='word_1_790' title='bbox 3761 5141 3902 5212; x_wconf 68' lang='grc' dir='ltr'>πλήθει</span> 
     </span>
    </p>
   </div>
   <div class='ocr_carea' id='block_1_107' title="bbox 740 5239 3900 5317">
    <p class='ocr_par' dir='ltr' id='par_1_107' title="bbox 740 5239 3900 5317">
     <span class='ocr_line' id='line_1_107' title="bbox 740 5239 3900 5317; baseline -0.003 -17"><span class='ocrx_word' id='word_1_791' title='bbox 740 5250 853 5303; x_wconf 85' lang='grc' dir='ltr'><strong>τῶν</strong></span> <span class='ocrx_word' id='word_1_792' title='bbox 905 5247 1297 5301; x_wconf 88' lang='grc' dir='ltr'>κατοικούντων</span> <span class='ocrx_word' id='word_1_793' title='bbox 1337 5247 1505 5315; x_wconf 78' lang='grc' dir='ltr'>αὐτὴν</span> <span class='ocrx_word' id='word_1_794' title='bbox 1549 5244 1919 5311; x_wconf 86' lang='grc' dir='ltr'>ἐπιγάννυται,</span> <span class='ocrx_word' id='word_1_795' title='bbox 1972 5243 2129 5312; x_wconf 84' lang='grc' dir='ltr'>μόνον</span> <span class='ocrx_word' id='word_1_796' title='bbox 2167 5244 2222 5297; x_wconf 87' lang='grc' dir='ltr'><strong>δέ</strong></span> <span class='ocrx_word' id='word_1_797' title='bbox 2266 5244 2386 5312; x_wconf 85' lang='grc' dir='ltr'>οὐχί</span> <span class='ocrx_word' id='word_1_798' title='bbox 2423 5243 2917 5314; x_wconf 75' lang='grc' dir='ltr'>καταθαυμάζουσα</span> <span class='ocrx_word' id='word_1_799' title='bbox 2959 5244 3067 5295; x_wconf 84' lang='grc' dir='ltr'>τῶν</span> <span class='ocrx_word' id='word_1_800' title='bbox 3109 5244 3253 5298; x_wconf 88' lang='grc' dir='ltr'>ἰδίων</span> <span class='ocrx_word' id='word_1_801' title='bbox 3301 5244 3507 5317; x_wconf 87' lang='grc' dir='ltr'>τέκνων</span> <span class='ocrx_word' id='word_1_802' title='bbox 3542 5243 3636 5313; x_wconf 81' lang='grc' dir='ltr'>τὴν</span> <span class='ocrx_word' id='word_1_803' title='bbox 3666 5239 3900 5309; x_wconf 72' lang='grc' dir='ltr'>ὁμήγυριν.</span> 
     </span>
    </p>
   </div>
   <div class='ocr_carea' id='block_1_108' title="bbox 744 5330 3563 5413">
    <p class='ocr_par' dir='ltr' id='par_1_108' title="bbox 744 5330 3563 5413">
     <span class='ocr_line' id='line_1_108' title="bbox 744 5330 3563 5413; baseline -0.003 -18"><span class='ocrx_word' id='word_1_804' title='bbox 744 5340 939 5413; x_wconf 75' lang='grc' dir='ltr'>φησιν·</span> <span class='ocrx_word' id='word_1_805' title='bbox 980 5358 997 5391; x_wconf 78' lang='grc' dir='ltr'><strong>ι</strong></span> <span class='ocrx_word' id='word_1_806' title='bbox 1037 5337 1176 5407; x_wconf 85' lang='grc' dir='ltr'><strong>Ἐγὼ</strong></span> <span class='ocrx_word' id='word_1_807' title='bbox 1203 5340 1258 5391; x_wconf 85' lang='grc' dir='ltr'>δὲ</span> <span class='ocrx_word' id='word_1_808' title='bbox 1281 5339 1524 5401; x_wconf 81' lang='grc' dir='ltr'>ἄτεκνος,</span> <span class='ocrx_word' id='word_1_809' title='bbox 1580 5339 1670 5389; x_wconf 73' lang='grc' dir='ltr'>καὶ</span> <span class='ocrx_word' id='word_1_810' title='bbox 1726 5338 1888 5406; x_wconf 71' lang='grc' dir='ltr'>χήρα*</span> <span class='ocrx_word' id='word_1_811' title='bbox 1926 5336 2143 5399; x_wconf 84' lang='grc' dir='ltr'>τούτους</span> <span class='ocrx_word' id='word_1_812' title='bbox 2185 5336 2241 5388; x_wconf 81' lang='grc' dir='ltr'>δὲ</span> <span class='ocrx_word' id='word_1_813' title='bbox 2275 5337 2357 5399; x_wconf 74' lang='grc' dir='ltr'><strong>τίς</strong></span> <span class='ocrx_word' id='word_1_814' title='bbox 2384 5336 2639 5407; x_wconf 86' lang='grc' dir='ltr'>ἐγέννησέ</span> <span class='ocrx_word' id='word_1_815' title='bbox 2670 5354 2781 5406; x_wconf 90' lang='grc' dir='ltr'>μοι;</span> <span class='ocrx_word' id='word_1_816' title='bbox 2815 5330 2960 5389; x_wconf 67' lang='grc' dir='ltr'>οὗτοι</span> <span class='ocrx_word' id='word_1_817' title='bbox 2990 5337 3174 5410; x_wconf 16' lang='grc' dir='ltr'>δέη-μοι</span> <span class='ocrx_word' id='word_1_818' title='bbox 3201 5337 3300 5391; x_wconf 88' lang='grc' dir='ltr'><strong>ποῦ</strong></span> <span class='ocrx_word' id='word_1_819' title='bbox 3333 5334 3503 5407; x_wconf 81' lang='grc' dir='ltr'>ἦσαν;</span> <span class='ocrx_word' id='word_1_820' title='bbox 3546 5356 3563 5386; x_wconf 72' lang='grc' dir='ltr'><strong>ι</strong></span> 
     </span>
    </p>
   </div>
   <div class='ocr_carea' id='block_1_109' title="bbox 814 5430 2297 5499">
    <p class='ocr_par' dir='ltr' id='par_1_109' title="bbox 814 5430 2297 5499">
     <span class='ocr_line' id='line_1_109' title="bbox 814 5430 2297 5499; baseline -0.005 -10"><span class='ocrx_word' id='word_1_821' title='bbox 814 5435 977 5489; x_wconf 65' lang='grc' dir='ltr'>γωδ.</span> <span class='ocrx_word' id='word_1_822' title='bbox 1007 5434 1057 5488; x_wconf 88' lang='lat'><strong>6.</strong></span> <span class='ocrx_word' id='word_1_823' title='bbox 1094 5432 1158 5487; x_wconf 85' lang='lat' dir='ltr'><strong>In</strong></span> <span class='ocrx_word' id='word_1_824' title='bbox 1179 5436 1262 5487; x_wconf 78' lang='lat' dir='ltr'><strong>die</strong></span> <span class='ocrx_word' id='word_1_825' title='bbox 1312 5433 1404 5484; x_wconf 81' lang='lat' dir='ltr'><strong>illa</strong></span> <span class='ocrx_word' id='word_1_826' title='bbox 1450 5448 1635 5499; x_wconf 83' lang='lat' dir='ltr'><strong>ponam</strong></span> <span class='ocrx_word' id='word_1_827' title='bbox 1692 5430 1925 5483; x_wconf 82' lang='lat' dir='ltr'><strong>tribunos</strong></span> <span class='ocrx_word' id='word_1_828' title='bbox 1968 5430 2112 5482; x_wconf 81' lang='lat' dir='ltr'><strong>Juda</strong></span> <span class='ocrx_word' id='word_1_829' title='bbox 2160 5432 2297 5484; x_wconf 75' lang='lat' dir='ltr'><strong>sicut</strong></span> 
     </span>
    </p>
   </div>
   <div class='ocr_carea' id='block_1_110' title="bbox 815 5625 1269 5685">
    <p class='ocr_par' dir='ltr' id='par_1_110' title="bbox 815 5625 1269 5685">
     <span class='ocr_line' id='line_1_110' title="bbox 815 5625 1269 5685; baseline 0.004 -8"><span class='ocrx_word' id='word_1_830' title='bbox 815 5629 858 5657; x_wconf 62' lang='grc'><strong>⁸⁸⁸</strong></span> <span class='ocrx_word' id='word_1_831' title='bbox 891 5625 1026 5679; x_wconf 80' lang='lat' dir='ltr'><strong>Psal.</strong></span> <span class='ocrx_word' id='word_1_832' title='bbox 1064 5642 1183 5685; x_wconf 68' lang='grc' dir='ltr'><strong>ων,</strong></span> <span class='ocrx_word' id='word_1_833' title='bbox 1218 5627 1269 5679; x_wconf 78' lang='lat'><strong>8.</strong></span> 
     </span>
    </p>
   </div>
   <div class='ocr_carea' id='block_1_111' title="bbox 816 5696 1283 5753">
    <p class='ocr_par' dir='ltr' id='par_1_111' title="bbox 816 5696 1283 5753">
     <span class='ocr_line' id='line_1_111' title="bbox 816 5696 1283 5753; baseline -0.004 -6"><span class='ocrx_word' id='word_1_834' title='bbox 816 5696 856 5726; x_wconf 71' lang='grc'><strong>⁵³</strong></span> <span class='ocrx_word' id='word_1_835' title='bbox 891 5696 991 5749; x_wconf 56' lang='lat' dir='ltr'><strong>is...</strong></span> <span class='ocrx_word' id='word_1_836' title='bbox 1026 5712 1168 5753; x_wconf 66' lang='lat' dir='ltr'><strong>sua.</strong></span> <span class='ocrx_word' id='word_1_837' title='bbox 1198 5698 1283 5749; x_wconf 65' lang='grc' dir='ltr'><strong>ει.</strong></span> 
     </span>
    </p>
   </div>
   <div class='ocr_carea' id='block_1_112' title="bbox 1386 5625 1969 5694">
    <p class='ocr_par' dir='ltr' id='par_1_112' title="bbox 1386 5625 1969 5694">
     <span class='ocr_line' id='line_1_112' title="bbox 1386 5625 1969 5694; baseline -0.003 -15"><span class='ocrx_word' id='word_1_838' title='bbox 1386 5629 1427 5658; x_wconf 76' lang='grc'><strong>⁸⁷</strong></span> <span class='ocrx_word' id='word_1_839' title='bbox 1462 5625 1653 5694; x_wconf 71' lang='grc' dir='ltr'>Ερίιςς.</span> <span class='ocrx_word' id='word_1_840' title='bbox 1685 5643 1749 5689; x_wconf 67' lang='grc' dir='ltr'><strong>γι,</strong></span> <span class='ocrx_word' id='word_1_841' title='bbox 1796 5626 1969 5680; x_wconf 67' lang='lat'><strong>“~18.</strong></span> 
     </span>
    </p>
   </div>
   <div class='ocr_carea' id='block_1_113' title="bbox 2079 5625 2670 5689">
    <p class='ocr_par' dir='ltr' id='par_1_113' title="bbox 2079 5625 2670 5689">
     <span class='ocr_line' id='line_1_113' title="bbox 2079 5625 2670 5689; baseline -0.003 -11"><span class='ocrx_word' id='word_1_842' title='bbox 2079 5626 2120 5655; x_wconf 69' lang='lat'><strong>&quot;“</strong></span> <span class='ocrx_word' id='word_1_843' title='bbox 2154 5626 2275 5681; x_wconf 70' lang='lat' dir='ltr'><strong>Att.</strong></span> <span class='ocrx_word' id='word_1_844' title='bbox 2318 5641 2428 5688; x_wconf 68' lang='lat' dir='ltr'><strong>xm,</strong></span> <span class='ocrx_word' id='word_1_845' title='bbox 2468 5625 2550 5689; x_wconf 78' lang='lat' dir='ltr'><strong>l6,</strong></span> <span class='ocrx_word' id='word_1_846' title='bbox 2586 5625 2670 5679; x_wconf 74' lang='grc' dir='ltr'>Π.</span> 
     </span>
    </p>
   </div>
   <div class='ocr_carea' id='block_1_114' title="bbox 2490 5423 3902 5498">
    <p class='ocr_par' dir='ltr' id='par_1_114' title="bbox 2490 5423 3902 5498">
     <span class='ocr_line' id='line_1_114' title="bbox 2490 5423 3902 5498; baseline -0.006 -14"><span class='ocrx_word' id='word_1_847' title='bbox 2490 5430 2588 5484; x_wconf 74' lang='grc' dir='ltr'><strong>Ἐν</strong></span> <span class='ocrx_word' id='word_1_848' title='bbox 2616 5429 2691 5497; x_wconf 70' lang='grc' dir='ltr'>τῇ</span> <span class='ocrx_word' id='word_1_849' title='bbox 2725 5428 2908 5498; x_wconf 70' lang='grc' dir='ltr'>ἡμέρᾳ</span> <span class='ocrx_word' id='word_1_850' title='bbox 2940 5430 3138 5497; x_wconf 78' lang='grc' dir='ltr'>ἐκείνῃ</span> <span class='ocrx_word' id='word_1_851' title='bbox 3173 5430 3427 5498; x_wconf 74' lang='grc' dir='ltr'>θήσομαι</span> <span class='ocrx_word' id='word_1_852' title='bbox 3454 5429 3589 5495; x_wconf 75' lang='grc' dir='ltr'>τοὺς</span> <span class='ocrx_word' id='word_1_853' title='bbox 3619 5423 3902 5497; x_wconf 79' lang='grc' dir='ltr'>χιλιάρχους</span> 
     </span>
    </p>
   </div>
   <div class='ocr_carea' id='block_1_115' title="bbox 2812 5610 3899 5693">
    <p class='ocr_par' dir='ltr' id='par_1_115' title="bbox 2812 5610 3899 5693">
     <span class='ocr_line' id='line_1_115' title="bbox 2812 5610 3899 5693; baseline -0.005 -14"><span class='ocrx_word' id='word_1_854' title='bbox 2812 5626 2855 5657; x_wconf 70' lang='grc'><strong>⁵⁸</strong></span> <span class='ocrx_word' id='word_1_855' title='bbox 2885 5623 3027 5679; x_wconf 77' lang='lat' dir='ltr'><strong>I‘sal.</strong></span> <span class='ocrx_word' id='word_1_856' title='bbox 3062 5640 3272 5693; x_wconf 73' lang='lat' dir='ltr'><strong>Lxxxvr,</strong></span> <span class='ocrx_word' id='word_1_857' title='bbox 3309 5627 3361 5680; x_wconf 75' lang='grc'>5.</span> <span class='ocrx_word' id='word_1_858' title='bbox 3470 5628 3513 5659; x_wconf 81' lang='grc' dir='ltr'>⁸ο</span> <span class='ocrx_word' id='word_1_859' title='bbox 3544 5626 3639 5683; x_wconf 84' lang='lat' dir='ltr'><strong>isa.</strong></span> <span class='ocrx_word' id='word_1_860' title='bbox 3672 5635 3765 5683; x_wconf 77' lang='lat' dir='ltr'><strong>Liv,</strong></span> <span class='ocrx_word' id='word_1_861' title='bbox 3791 5615 3834 5677; x_wconf 73' lang='lat'><strong>‘2.</strong></span> <span class='ocrx_word' id='word_1_862' title='bbox 3866 5610 3899 5661; x_wconf 72' lang='grc' dir='ltr'>δι</span> 
     </span>
    </p>
   </div>
  </div>
