4070 6542
249 349 313 403 ςί
326 349 359 404 3

1044 348 1616 419 COMMENTARIUS
1658 353 1722 408 1N
1763 348 2171 406 ZACIIARIAM
2209 347 2654 417 PROPHETAM.

3399 350 3504 409 ΞΗ

263 464 458 521 Ἰούδα
487 466 567 531 ὼς
604 465 792 519 δαλὸν
828 468 1018 535 πυρὸς
1047 468 1117 521 ἐν
1157 469 1387 536 ξύλοις,
1421 471 1519 525 καὶ
1561 473 1641 539 ὡς
1674 475 1825 541 λαμ-

1931 478 2121 521 torrem
2151 469 2286 539 ignis
2317 467 2373 520 in
2403 466 2585 536 lignis,
2637 475 2685 519 et
2730 467 2862 519 sicut
2910 465 3207 533 lampadem
3268 469 3403 536 ignis
3452 486 3507 523 ιιι

251 553 412 611 πάσα
475 555 667 623 πυρὸς
726 556 797 609 ἐν
874 556 1149 625 καλάμῃ,
1242 559 1687 630 καταφάγονται
1760 562 1829 615 ἐκ

250 645 465 711 δεξιῶν
518 646 617 700 καὶ
664 645 733 712 ἐξ
783 647 1105 718 εὐωνύμων
1172 649 1403 715 πάντας
1456 651 1598 721 τοὺς
1638 652 1830 718 λαοὺς

252 736 569 796 κυκλόθεν.

321 831 391 895 ιιν.
433 827 762 900 Χιλιάρχους
784 829 884 901 μὲν
916 830 1104 895 Ἰούδα,
1136 832 1389 904 καθάπερ
1409 833 1510 905 ἤδη
1546 837 1827 906 προεῖπον,

252 918 377 983 τοὺς
410 919 598 986 ἁγίους
635 920 986 985 ἀποστόλους,
1023 922 1056 993 ἢ
1089 923 1181 976 καὶ
1206 925 1453 989 ἅπαντας
1484 927 1672 990 ἁπλῶς
1703 928 1828 992 τοὺς

247 1009 357 1064 τῶν
390 1011 559 1079 ἁγίων
608 1013 944 1085 Ἐκκλησιῶν
983 1016 1321 1086 ἡγουμένους
1376 1019 1657 1074 ἀποκαλεῖ.
1692 1021 1832 1072 Κατ-

246 1102 637 1174 ευμεγεθήσειν
683 1121 741 1157 τε
789 1104 931 1161 οὕτω
966 1107 1064 1178 τῆς
1106 1107 1215 1162 τῶν
1263 1108 1433 1164 ἐθνῶν
1484 1110 1709 1181 καρδίας
1738 1111 1829 1166 τὸν

247 1193 379 1263 παρ’
405 1193 585 1248 αὐτῶν
614 1194 717 1265 ἔφη
748 1196 926 1265 λόγον,
958 1192 1127 1267 ἤγουν
1173 1200 1271 1271 τὴν
1316 1205 1722 1272 μυσταγωγίαν,
1752 1206 1829 1269 ὡς

241 1280 421 1337 δοκεῖν
450 1284 606 1338 δαλὸν
639 1286 737 1355 μὲν
772 1285 951 1351 ξύλοις
990 1289 1433 1358 ἐμπεπτωκέναι,
1462 1292 1723 1364 λαμπάδα
1764 1312 1827 1363 γε

245 1373 355 1443 μὴν
398 1375 478 1438 είς
521 1376 775 1447 καλάμην
821 1377 921 1449 τὴν
964 1378 1434 1452 εὐκατάπρηστον.
1494 1403 1512 1434 ι
1563 1385 1828 1454 Κάταφάο

240 1480 432 1530 γονται
459 1465 587 1536 γὰρ,
616 1467 772 1537 φησὶ,
805 1467 1023 1540 πάντας,
1045 1470 1172 1531 τοὺς
1203 1469 1365 1535 λαοὺς
1400 1475 1465 1525 ἐκ
1509 1474 1700 1539 δεξιῶν
1733 1477 1826 1530 καὶ

238 1552 304 1619 ἐξ
335 1553 629 1627 εὐωνύμων
679 1558 962 1638 κυκλόθεν,
999 1578 1017 1611 ι
1048 1560 1324 1615 τουτέστιν
1368 1556 1539 1635 οὗπερ
1570 1566 1635 1619 ἂν
1688 1566 1825 1621 ἰέναι

240 1642 560 1712 βούλωνται,
592 1645 772 1717 πάντη
814 1664 875 1703 τε
926 1648 1023 1702 καὶ
1072 1649 1289 1713 πάντως
1340 1652 1456 1703 ὲκεί
1483 1652 1820 1723 δυνήσονται,

238 1733 533 1799 καλοῦντες
562 1737 641 1802 εἰς
674 1738 949 1809 αἴσθησιν,
983 1741 1097 1807 καὶ,
1128 1736 1239 1795 οἷον
1283 1744 1417 1814 πυρὶ
1448 1744 1524 1814 τῷ
1570 1744 1699 1815 θείῳ
1730 1747 1824 1799 καὶ

234 1826 437 1896 νοητῷ,
466 1828 909 1893 καταθάλποντες
953 1832 1079 1895 τοὺς
1108 1832 1550 1904 ἀπεψυγμένους.
1594 1837 1740 1906 Ἔφη
1770 1855 1823 1890 τι

235 1917 479 1972 τοιοῦτον
517 1921 547 1973 6
593 1920 702 1975 τῶν
748 1922 885 1976 ὅλων
912 1922 1064 1987 Θεὸς,
1099 1926 1194 1978 καὶ
1243 1925 1380 1995 πρὸς
1411 1926 1502 1978 τὸν
1553 1929 1824 1999 μακάριον

235 2011 528 2083 προφήτην
560 2011 826 2084 Ἰερεμίαν
847 2032 861 2045 ·
895 2032 914 2067 ι
957 2015 1086 2068 Ἰδοὺ
1111 2013 1319 2069 δέδωκα
1349 2016 1475 2078 τοὺς
1505 2016 1696 2087 λόγους
1720 2036 1822 2088 μου

232 2101 317 2163 ei;
339 2101 398 2154 τὺ
432 2102 608 2173 στόμα
638 2120 732 2158 σου
762 2102 892 2175 πῦρ,
929 2106 1021 2158 καὶ⁵
1055 2106 1148 2158 τὸν
1173 2105 1300 2159 λαὸν
1324 2105 1513 2159 τοῦτον
1549 2106 1700 2173 ξύλα,
1731 2108 1824 2162 καὶ

233 2191 615 2260 καταφάγεται
660 2194 878 2258 αὐτοὺς,
915 2213 933 2247 ι
972 2196 1093 2249 ἀντὶ⁵
1128 2196 1246 2262 τοῦ,
1276 2196 1512 2251 Καλέσει
1556 2198 1825 2268 πρὸς·αἴ-

234 2280 463 2351 σθησιν,
512 2286 609 2339 καὶ
641 2287 1065 2359 ἀπεψυγμένους
1117 2290 1196 2353 εἰς
1241 2289 1542 2359 ἁμαρτίαν,
1584 2291 1823 2360 θερμοὺς

228 2371 302 2441 δὴ
350 2375 514 2430 πάλιν
552 2378 872 2433 ἀποτελέσει
908 2379 987 2450 τῷ
1017 2379 1311 2450 πνεύματι.
1360 2380 1697 2449 ’Λπέψυκται
1727 2382 1824 2451 μὲν

230 2465 346 2536 γὰρ
390 2467 423 2537 ἠ
470 2468 578 2523 τῶν
625 2470 992 2540 πλανωμένων
1027 2470 1244 2542 καρδία,
1295 2471 1388 2524 καὶ
1416 2470 1608 2540 νεκρὸν
1642 2470 1824 2541 έχουσι

231 2557 327 2610 τὸν
377 2557 522 2619 νοῦν,
578 2559 1019 2629 προσκυνοῦντες
1053 2564 1119 2631 τῇ
1171 2560 1343 2614 κτίσει
1399 2560 1550 2631 παρὰ
1588 2562 1680 2614 τὸν
1712 2561 1824 2615 κτί-

236 2663 406 2700 σαντα
450 2647 618 2714 Θεδν,
669 2650 839 2712 λίθοις
892 2668 951 2702 τε
996 2652 1090 2704 καὶ
1146 2650 1323 2717 ξύλοις
1369 2652 1716 2715 ἀνατιθέντες
1762 2653 1823 2704 τὸ

216 2736 420 2801 πέδας.
464 2738 604 2791 Ἀλλ’
631 2739 687 2792 οἵ
732 2757 795 2808 γε
827 2741 1023 2794 τοιοίδε
1048 2739 1284 2806 ζέοντες,
1326 2742 1401 2805 ὡς
1432 2742 1588 2811 ἔφην,
1626 2743 1823 2795 ἀποτε-

232 2826 560 2901 λοῦνταιτῷ
588 2830 882 2901 πνεύματι,
930 2832 1125 2901 θερμοὶ
1159 2832 1294 2903 πρὸς
1329 2831 1697 2902 δικαιοσύνην,
1729 2833 1822 2885 καὶ

238 2919 383 2975 καθά
421 2936 585 2993 φησιν
614 2922 642 2974 6
671 2922 953 2987 θεσπέσιος
992 2923 1266 2995 Ἰωάννης,
1299 2942 1318 2976 ι
1348 2923 1625 2994 Πνεύματι
1658 2926 1818 2995 ἁγίῳ,

234 3012 332 3065 καὶ
368 3012 502 3083 πυρὶ
548 3012 625 3083 τῷ
674 3012 849 3085 νοητῷ
897 3014 1270 3083 βαπτίζονται,
1330 3034 1348 3067 ι
1402 3014 1651 3087 καθάπερ
1700 3017 1823 3070 τινὰ

237 3098 504 3167 συρφετὸν
544 3100 788 3171 δαπανᾷν
832 3101 1066 3167 είωθότι,
1105 3101 1204 3172 τὴν
1236 3105 1357 3165 ταῖς
1394 3101 1689 3173 ἡμετέραις
1716 3103 1818 3174 ψυ-
1847 3136 1892 3197 C

236 3191 357 3257 χαίς
381 3189 529 3260 ὲνιζή
540 3207 709 3245 τασαν
750 3193 1044 3265 ἁμαρτίαν,
1073 3194 1167 3248 καὶ
1190 3194 1314 3257 τοὺς
1334 3194 1435 3264 τῆς
1466 3197 1821 3268 φιλοσαρκίας

234 3280 525 3351 ἑκτήκοντι
581 3282 804 3350 ῥύπουςο
868 3282 1098 3354 Εἴρηται
1150 3283 1282 3352 γοῦν
1343 3286 1436 3339 καὶ
1486 3287 1573 3342 διὰ
1635 3290 1821 3359 φωνῆς

247 3372 500 3426 Ἡσαῗουο
544 3375 760 3445 «Ἔχεις
784 3375 1062 3447 ἄνθρακας
1101 3376 1291 3447 πυρὸς,
1327 3378 1562 3449 κάθησαι
1592 3381 1679 3433 ἐπ’
1708 3381 1807 3433 αύ-

234 3464 399 3529 τοὺς,
458 3458 602 3519 οὗτοι
651 3464 864 3519 ἔσονταί
926 3483 1009 3519 σοι
1071 3466 1277 3537 βοηθοί.
1337 3486 1355 3518 ι
1412 3470 1522 3522 Καὶ
1574 3472 1680 3541 μὴν
1728 3472 1821 3523 καὶ

236 3553 399 3617 αὐτὸς
414 3552 544 3624 περὶ
560 3554 752 3607 ἑαυτοῦ
794 3572 958 3626 φησι·
999 3576 1017 3608 ι
1059 3558 1167 3610 Καὶ
1196 3558 1477 3629 ἀπεστάλη
1504 3562 1639 3631 πρός
1667 3578 1734 3631 με
1764 3562 1823 3613 ἓν

236 3646 345 3697 τῶν
382 3646 653 3717 Σεραφὶμ,
694 3648 789 3701 καὶ
815 3650 872 3701 ὲν
896 3651 961 3719 τῇ
998 3648 1139 3720 χειρὶ⁴
1171 3645 1315 3719 εἶχεν
1343 3650 1591 3721 ἄνθρακα
1627 3654 1819 3725 πυρὸς,

235 3734 298 3787 δν
318 3737 385 3806 τῇ
413 3734 593 3790 λασίδι
615 3735 806 3791 ἔλαϐεν
832 3737 941 3791 ἀπὸ
963 3737 1061 3791 τοῦ
1096 3737 1504 3811 θυσιαστηρίου,
1530 3743 1624 3795 καὶ
1648 3744 1824 3813 ἥψατο

237 3826 333 3879 τοῦ
365 3826 630 3898 στόματός
660 3846 785 3899 μου,
820 3829 915 3882 καλ⁹
946 3824 1099 3881 εἶπεν
1118 3843 1131 3856 ·
1178 3829 1308 3884 Ἰδοὺ
1336 3829 1493 3885 τοῦτο
1516 3832 1693 3901 ἥψατο
1712 3834 1822 3888 τῶν

237 3916 464 3987 χειλέων
512 3934 628 3985 σου,
664 3920 761 3973 καὶ
806 3919 999 3988 ἀφελεῖ
1029 3919 1129 3984 τὰς
1179 3920 1409 3992 ἀνομίας
1447 3939 1561 3987 σου,
1592 3926 1684 3977 καὶ
1720 3925 1821 3990 τάς

237 4006 517 4076 ἁμαρτίας
552 4024 645 4061 σου
680 4009 815 4076 πυρὶ
847 4008 1116 4080 καθαριεῖ,
1190 4027 1212 4063 ι
1247 4010 1496 4082 ἄνθρακά
1529 4030 1653 4081 που,
1681 4016 1822 4069 κατά

237 4114 304 4164 γε
332 4096 395 4150 τὸ
427 4098 594 4162 εἰκὸς,
638 4098 745 4152 τὸν
765 4099 908 4152 θεῖόν
944 4116 1007 4153 τε
1039 4100 1143 4155 καὶ
1172 4101 1484 4171 ἱερώτατον,
1516 4104 1610 4157 καὶ
1643 4106 1821 4176 ἅμαρ-

233 4189 359 4252 τίας
387 4189 690 4260 ἐκτήκοντα
736 4190 969 4261 Χριστὸν
1000 4186 1140 4245 εἶναι
1189 4192 1383 4260 λέγων.
1417 4193 1626 4249 Οὐκοῦν
1663 4195 1822 4264 γεγό-

234 4295 363 4331 νασι
412 4279 510 4349 μὲν
550 4279 627 4343 ὡς
654 4280 812 4344 δαλὸς
846 4282 1019 4352 πυρὸς
1053 4284 1133 4345 είς
1179 4284 1432 4354 καλάμην
1468 4287 1517 4338 oi
1546 4285 1822 4341 θεσπέσιοι

237 4371 502 4441 μαθηταὶ,
530 4372 631 4425 καὶ
651 4371 960 4443 κατέφαγον
984 4374 1085 4446 μὲν
1113 4374 1180 4428 τὰ
1210 4374 1338 4444 ἔθνη
1370 4377 1649 4432 κυκλόθεν.
1677 4378 1822 4450 Πλὴν

1931 554 2145 624 stipula,
2176 565 2223 609 et
2250 554 2574 609 decorabant
2602 571 2632 606 a
2671 553 2871 607 dextris
2921 565 2968 607 et
2997 573 3029 607 α
3052 555 3279 610 sinistris
3332 573 3507 611 omnes

1929 647 2148 716 populos
2181 662 2273 716 per
2300 647 2604 702 circuitum.

2003 816 2114 874 XC.
2150 815 2425 873 Tribunos
2451 815 2615 883 Juda,
2646 825 2707 870 ut
2733 828 2860 871 ante
2895 818 3076 883 docui,
3118 829 3336 875 sanctos
3379 835 3510 887 apo-

1930 911 2119 975 stolos,
2154 919 2245 964 aut
2274 910 2441 965 etiam
2469 923 2661 963 omnes
2690 908 3015 978 simpliciter
3057 920 3368 965 sanctarum
3402 910 3505 964 Ec-

1933 1002 2219 1056 clesiarnm
2256 1001 2574 1072 praepositos
2603 1001 2873 1055 nominat.
2905 1000 3056 1056 Adeo
3080 1013 3261 1057 autem
3294 1018 3507 1058 sermo—

1932 1106 2076 1155 nem,
2101 1093 2214 1147 sive
2234 1107 2446 1147 sacram
2477 1091 2778 1147 doctrinam
2816 1091 3055 1161 ipsorum
3105 1093 3376 1149 mentibus
3402 1093 3508 1147 im-

1930 1190 2235 1251 peraturam
2255 1179 2506 1247 atﬁrmat,
2538 1192 2596 1236 ut
2618 1182 2778 1237 torris
2794 1183 2845 1236 in
2868 1183 3032 1252 ligna,
3050 1194 3137 1238 aut
3163 1183 3249 1238 fax
3267 1186 3319 1239 in
3339 1184 3508 1254 stipu-

1932 1273 2034 1327 lam
2070 1290 2192 1344 qua:
2214 1272 2469 1329 facillime
2486 1275 2660 1344 ignem
2679 1274 2936 1343 concipit,
2958 1275 3211 1332 incidisse
3235 1276 3505 1336 videatur.

1936 1384 1953 1417 ι
1997 1365 2341 1421 Devorabunt
2357 1366 2524 1432 enim,
2546 1365 2741 1436 inquit,
2762 1381 2954 1421 omnes
2973 1368 3200 1436 populos
3224 1383 3252 1420 a
3276 1368 3505 1432 dextris,

1927 1466 1983 1511 et
2010 1472 2039 1511 a
2066 1456 2303 1513 sinistris
2336 1458 2391 1511 in
2419 1457 2675 1521 circuitu,
2714 1475 2733 1508 ι
2778 1457 2881 1513 hoc
2911 1467 3019 1523 est,
3063 1473 3384 1528 quocunque
3428 1459 3509 1515 ire

1928 1550 2225 1616 voluerint,
2270 1548 2375 1605 illic
2411 1549 2739 1605 omnimodis
2786 1550 3063 1617 valebunt,
3128 1562 3387 1605 vocantes
3440 1550 3507 1604 ad

1929 1640 2282 1709 agnitionem,
2312 1649 2366 1695 et
2392 1637 2650 1710 tanquam
2684 1639 2794 1708 igni
2827 1640 3012 1695 divino
3048 1650 3112 1696 et-
3157 1640 3506 1696 intellectuali

1928 1731 2151 1801 frigidos
2184 1731 2587 1786 calefacientes.
2629 1732 3063 1801 Dixit.qniddam
3098 1733 3374 1801 ejusmodi
3420 1744 3502 1787 to-

1856 1816 1897 1870 Β
1928 1820 2035 1876 tius
2069 1830 2275 1875 natura:
2312 1821 2452 1877 Deus
2485 1824 2655 1877 etiam
2692 1824 2854 1878 beato
2880 1824 3161 1893 prephetm
3204 1826 3457 1880 Jeremite
3489 1843 3503 1879 :

1933 1929 1949 1961 ι
1992 1911 2132 1966 Ecce
2155 1913 2278 1966 dedi
2310 1913 2470 1966 verba
2520 1929 2635 1967 mea
2661 1914 2717 1967 in
2749 1928 2811 1968 os
2842 1923 2991 1969 tuum
3027 1916 3227 1985 ignem,
3258 1925 3311 1971 et
3338 1932 3509 1986 popu-

1926 1998 2034 2055 lmn
2064 2002 2222 2057 istum
2249 2002 2415 2074 ligna,
2443 2014 2497 2058 et
2520 2004 2803 2059 devorabit
2828 2021 2921 2060 eos
2947 2007 3012 2072 η,
3061 2026 3079 2057 ι
3121 2023 3236 2075 pro,
3288 2010 3505 2064 vocabit

1925 2091 1989 2141 ad
2020 2093 2379 2160 agnitionem,
2421 2102 2474 2148 et
2496 2092 2811 2164 frigefactas
2860 2094 2911 2148 in
2968 2109 3249 2163 peccatum
3310 2101 3506 2155 iterum

1925 2180 2116 2249 Spiritu
2146 2182 2446 2237 calefaciet.
2485 2184 2644 2254 Alget
2687 2187 2832 2239 enim
2899 2188 3203 2243 errantium
3274 2205 3392 2253 cor,
3451 2200 3506 2245 et

1927 2284 2194 2326 mortuam
2230 2274 2430 2329 habent
2462 2286 2719 2339 mentem,
2763 2285 3071 2331 creaturam
3126 2281 3306 2347 potius
3338 2295 3501 2348 quam
3540 2316 3543 2317 ν

1926 2375 2232 2419 creatorem
2307 2367 2471 2421 Deum
2539 2368 2831 2422 adorantes
2862 2367 2948 2433 ⁸³,
3009 2368 3393 2440 lapidibusque
3449 2381 3507 2426 et

1928 2456 2089 2526 lignis
2119 2457 2359 2513 divinum
2398 2458 2595 2512 cultmn
2630 2461 2949 2515 tribuentes.
2976 2459 3079 2515 Sed
3108 2462 3261 2525 tales,
3286 2473 3341 2516 ut
3369 2463 3503 2525 dixi,

1926 2549 2199 2605 ferventes
2226 2552 2417 2620 spiritu
2447 2550 2749 2606 etlicinntur
2770 2552 2847 2618 “,7
2866 2553 3106 2609 calentes
3122 2555 3189 2607 ad
3212 2553 3501 2623 justitiam,

1924 2651 2002 2703 et,
2042 2651 2099 2693 ut
2127 2642 2300 2711 inquit
2327 2644 2542 2699 divinus
2570 2643 2829 2708 Joannes,
2883 2662 2903 2696 ι
2936 2646 3139 2714 Spiritu
3187 2657 3399 2711 sancto,
3451 2657 3506 2702 et

1926 2728 2049 2796 igne
2065 2730 2329 2796 spirituali
2354 2731 2764 2801 baptizantur",
2795 2754 2813 2786 ι
2842 2734 3007 2804 7⁵18
3024 2735 3113 2803 qui
3134 2749 3232 2789 ceu
3253 2734 3502 2804 quisqui-

1927 2822 2027 2877 lias
2053 2826 2315 2893 quasdam
2349 2828 2633 2882 animabus
2687 2830 2885 2884 nostris
2940 2831 3183 2885 insidens
3218 2841 3502 2899 peccatum

1924 2929 2268 2981 consumere,
2328 2927 2383 2971 et
2430 2919 2619 2972 sordes
2668 2920 3007 2975 carnalitatis
3053 2937 3286 2976 exurere
3343 2923 3496 2976 solet.

1928 3006 2140 3063 Dictum
2172 3018 2255 3064 est
2307 3010 2471 3080 igitur
2516 3021 2571 3065 et
2620 3011 2689 3066 ab
2720 3011 2858 3066 Isaia
2891 3027 2908 3067 :
2946 3028 2968 3064 ι
3001 3011 3178 3069 Habes
3234 3016 3503 3071 carbones

1927 3098 2087 3169 ignis,
2122 3102 2253 3156 sede
2278 3116 2442 3172 super
2456 3116 2571 3167 eos,
2599 3102 2651 3155 hi
2671 3112 2832 3157 erunt
2853 3103 2946 3157 tibi
2971 3103 3023 3158 in
3050 3104 3380 3173 adjutorium
3399 3109 3498 3160 ⁸⁸.»

1926 3190 2064 3256 Quin
2093 3192 2233 3248 idem
2262 3193 2328 3248 de
2358 3208 2417 3248 se
2447 3193 2564 3262 ipso
2592 3210 2605 3247 :
2644 3211 2663 3244 ι
2699 3194 2764 3248 Et
2794 3194 2993 3250 missus
3023 3208 3106 3251 est
3132 3198 3199 3250 ad
3247 3214 3330 3253 me
3365 3215 3504 3253 unus

1924 3283 1989 3337 de
2020 3282 2332 3353 Seraphim,
2365 3295 2419 3340 et
2446 3285 2499 3338 in
2533 3300 2694 3337 manu
2728 3285 2964 3340 habebat
2986 3286 3288 3342 tearbonem
3335 3291 3501 3360 ignis,

1924 3388 2083 3442 quem
2112 3372 2320 3444 forcipe
2352 3376 2470 3429 tulit
2506 3377 2572 3430 de
2600 3376 2779 3439 altari,
2816 3384 2870 3430 et
2903 3377 3079 3447 tetigit
3109 3393 3171 3431 os
3202 3393 3402 3445 meum,
3446 3390 3502 3433 et

1924 3463 2061 3518 dixit
2099 3482 2110 3517 :
2145 3464 2284 3520 Ecce
2326 3466 2502 3535 tetigit
2526 3466 2629 3522 hoc
2672 3467 2810 3520 labia
2844 3477 2955 3531 tua,
2987 3468 3273 3522 etauferct
3302 3469 3502 3537 iniqui-

1928 3565 2069 3609 tates
2100 3564 2239 3622 tuas,
2269 3565 2323 3611 et
2354 3568 2574 3626 peccata
2626 3566 2714 3611 tua
2746 3558 2851 3625 igni
2911 3558 3190 3613 mundahit
3220 3560 3285 3623 "',
3328 3579 3345 3611 ι
3376 3576 3500 3613 car-

1926 3646 2140 3713 bonem,
2168 3658 2228 3701 ut
2250 3649 2543 3704 verisimile
2568 3657 2670 3712 est,
2688 3649 2952 3713 divinum,
2971 3660 3025 3704 et
3046 3651 3500 3715 sacratissimum,

1925 3748 1981 3791 et
2017 3749 2236 3808 peccata
2289 3749 2700 3794 consumentem
2745 3739 2920 3809 ignem
2956 3739 3234 3795 Christum
3271 3755 3391 3795 csse
3422 3741 3505 3795 di-

1924 3840 2075 3881 cens.
2108 3829 2474 3894 Quamobrem
2502 3829 2667 3884 divini
2699 3829 2953 3898 discipuli
2986 3840 3044 3886 nt
3081 3834 3242 3888 torris
3278 3833 3418 3903 ignis
3450 3833 3505 3888 in

1924 3918 2121 3985 stipula
2152 3919 2392 3982 fuerunt,
2420 3929 2475 3975 et
2504 3930 2689 3990 gentes
2722 3922 2937 3991 quidem
2976 3924 3025 3976 in
3055 3924 3284 3978 circuitu
3323 3928 3489 3978 devo-

1926 4019 2145 4074 rarunt;
2179 4020 2551 4066 verumtamen
2590 4027 2695 4066 non
2739 4017 2953 4081 penitus
2990 4014 3361 4082 perdiderunt,
3403 4016 3496 4070 sed

1925 4100 2106 4169 potius
2131 4101 2278 4157 falsae
2313 4103 2364 4156 in
2398 4103 2532 4171 ipsis
2574 4105 2820 4161 scientia:
2853 4107 3176 4160 detestanda
3209 4116 3261 4160 et
3292 4106 3501 4176 impura

1924 4196 2176 4263 dogmata
2234 4196 2609 4259 incenderunt,
2660 4198 2967 4265 veterisque
3018 4196 3247 4252 fallaciae
3313 4198 3503 4252 sordes

1925 4285 2362 4356 absumpserunt,
2388 4296 2444 4340 et
2469 4287 2683 4341 animos
2717 4300 2908 4340 eorum
2959 4288 3051 4356 qui
3108 4287 3295 4342 semel
3328 4287 3504 4343 credi-

1927 4378 2137 4441 derant,
2161 4379 2226 4432 ad
2254 4378 2618 4446 insipientiam
2636 4386 2689 4432 et
2715 4378 3073 4432 temeritatem
3106 4378 3361 4448 frigeﬁeri
3388 4394 3505 4434 am-

236 4463 300 4516 οὐ
333 4462 684 4528 δαπανῶντες
728 4465 807 4528 είς
836 4463 1090 4536 ὄλεθρον,
1126 4466 1561 4536 καταφλέγοντες
1594 4468 1651 4522 δὲ
1684 4472 1821 4540 μᾶλ-

1928 4469 2237 4539 pliuspassi
2268 4485 2372 4523 non
2426 4478 2571 4533 sunt,
2629 4478 2686 4522 ut
2744 4469 2799 4522 in
2837 4483 2896 4522 se
2942 4469 3075 4537 ipsis
3140 4470 3504 4535 exsultantes,

238 4565 331 4607 λον
352 4553 450 4626 τῆς
477 4555 535 4607 ὲν
570 4556 752 4619 αὐτοῖς
797 4555 1147 4627 ψευδωνύμου
1176 4557 1429 4626 γνώσεως
1460 4559 1527 4613 τὰ
1559 4561 1733 4630 μιαρά
1761 4579 1818 4615 τε

239 4645 335 4697 καὶ
376 4645 579 4716 βέϐηλα
623 4646 891 4718 δόγματα,
938 4647 1156 4718 καὶτῆς
1198 4649 1430 4719 ἀρχαίας
1476 4651 1692 4722 ἀπάτης
1727 4653 1820 4707 τὸν

237 4736 412 4805 ῥύπον
466 4740 812 4810 ὲκτήκοντες,
845 4738 1222 4810 ἀποψύχεσθαί
1255 4757 1315 4793 τε
1347 4741 1447 4794 οὐκ
1496 4740 1691 4806 ἐῶντες
1735 4744 1817 4797 ἔτι

246 4829 347 4881 τῶν
377 4829 527 4896 ἅπαξ
567 4832 1014 4886 πεπιστευκότων
1064 4832 1155 4885 τὸν
1200 4831 1325 4885 νοῦν
1375 4833 1509 4903 πρὸς
1559 4836 1817 4905 ἀνοήτους

238 4922 653 4987 εἰκαιοϐουλίας,
684 4924 759 4988 ὡς
775 4922 866 4975 ὲπί
904 4923 969 4991 γέ
1018 4940 1198 4992 σφισιν
1231 4924 1415 4985 αὐτοῖς
1446 4925 1817 4996 ἀνασκιρτῶν-

245 5032 337 5079 ιιας
364 5015 542 5083 λέγειν
570 5016 707 5087 πρὸς
728 5016 821 5068 τὸν
840 5016 948 5069 τῶν
968 5016 1104 5069 ὅλων
1129 5016 1360 5086 Σωτῆρα
1387 5016 1650 5086 Χριστόνο
1675 5037 1691 5066 ι
1720 5018 1820 5069 Πε-

238 5108 565 5179 πυρωμένον
595 5106 656 5160 τὸ
697 5106 876 5175 λόγιόν
916 5124 1010 5160 σου
1062 5106 1285 5177 σφόδρα,
1322 5106 1415 5160 καὶ⁵
1447 5109 1475 5160 6
1506 5106 1693 5171 δοῦλός
1726 5125 1819 5160 σου

243 5200 524 5270 ἠγάπησεν
556 5200 706 5253 αὐτό.
752 5219 769 5250 ι
806 5199 928 5252 Ὅτι
971 5198 1080 5269 γάρ
1114 5200 1232 5252 ἐστι
1265 5199 1485 5270 θερμὸς,
1524 5201 1616 5252 καὶ
1635 5199 1818 5270 τομῶ-

236 5310 401 5356 τατος
427 5295 455 5346 6
484 5291 577 5344 τοῦ
606 5290 740 5346 Θεοῦ
769 5292 946 5359 λόγος,
988 5293 1155 5360 σαφὲς
1194 5291 1260 5345 ἂν
1289 5292 1516 5360 γένοιτο,
1551 5293 1687 5362 πρὸς
1727 5292 1820 5345 Ἰε-

238 5385 439 5456 ρεμίαν
471 5384 719 5451 λέγοντος
745 5383 939 5438 αὐτοῦ’
976 5403 993 5435 ι
1037 5385 1098 5437 (tl
1129 5383 1275 5450 λόγοι
1314 5401 1414 5453 μου
1442 5384 1516 5446 ὡς
1553 5384 1660 5453 πῦρ
1692 5384 1818 5453 φλέ-

238 5494 360 5545 γον,
384 5477 529 5547 λέγει
561 5478 785 5545 Κύριος,
830 5478 922 5530 καὶ
955 5478 1031 5540 ὡς
1066 5476 1233 5541 πέλυξ
1263 5476 1477 5531 κόπτων
1513 5477 1736 5546 πέτραν.
1795 5495 1812 5526 ι

1332 5676 1375 5706 ⁸³
1420 5675 1572 5734 lium.
1613 5690 1711 5735 xit,
1751 5678 1830 5732 ll.

1143 5750 1185 5777 “9
1221 5747 1419 5802 iurent.
1459 5762 1611 5805 wn,
1647 5747 1737 5800 2f).

316 5676 589 5731 "Ji'rcnt.
622 5693 658 5736 ι,
691 5677 744 5730 9.
824 5677 867 5706 ’⁵³
905 5673 1058 5728 Rotn.
1098 5692 1131 5738 ι,
1164 5675 1252 5728 25.

240 5748 296 5808 6.
339 5748 389 5801 7.
469 5750 511 5778 °'
554 5748 691 5805 llsal.
727 5762 913 5808 own,
948 5747 1064 5800 lto.

1929 4561 2304 4615 universorum
2334 4561 2599 4616 Salvatori
2633 4560 2851 4617 Christo
2895 4560 3177 4616 dicerent:
3218 4580 3235 4613 ι
3276 4561 3503 4631 Ignitum

1925 4648 2197 4718 eloquium
2235 4659 2386 4705 tuum
2421 4652 2793 4717 vehementer,
2821 4658 2876 4705 et
2920 4665 3110 4705 servus
3158 4663 3280 4705 tuns
3312 4651 3502 4706 dilexit

1927 4740 2057 4796 illud
2099 4742 2165 4797 ⁸⁸.
2206 4761 2224 4795 ι
2268 4743 2399 4799 Esse
2440 4745 2585 4799 enim
2640 4743 2903 4798 fervidum
2976 4752 3029 4798 et
3080 4743 3147 4797 ad
3201 4744 3498 4797 secandum

1927 4832 2300 4887 acutissimum
2331 4833 2424 4888 Dei
2456 4836 2704 4900 verbum,
2751 4832 3075 4903 planumth
3116 4849 3181 4887 ex
3240 4849 3306 4887 eo
3357 4834 3503 4902 quod

1927 4922 2178 4979 Jeremia:
2210 4925 2339 4979 dicit
2374 4943 2387 4977 :
2425 4945 2442 4977 ι
2482 4924 2655 4979 Verba
2678 4939 2795 4977 mea
2827 4925 2967 4979 sicut
2990 4923 3129 4993 ignis
3157 4924 3502 4984 comburens,

1928 5023 1982 5069 et
2007 5014 2149 5071 sicut
2180 5017 2389 5071 securis
2412 5016 2659 5070 incidens
2681 5026 2887 5086 petram
2925 5017 2989 5070 σθ.
3023 5035 3042 5067 ι
3076 5017 3170 5071 Est
3201 5017 3347 5069 enim
3380 5029 3501 5082 per-

1928 5123 2091 5176 quam
2130 5108 2355 5164 idoneus
2384 5109 2477 5163 Dei
2512 5124 2693 5165 sermo
2737 5118 2797 5162 ut
2844 5110 3016 5177 possit
3060 5118 3115 5162 et
3171 5109 3312 5177 quod
3340 5105 3506 5175 frige-

1930 5202 2130 5259 l'actum
2154 5211 2237 5255 est
2268 5201 2319 5254 in
2343 5211 2563 5270 peccato
2596 5200 2975 5266 reaccendere,
3013 5208 3065 5253 et
3103 5213 3221 5266 quae
3244 5196 3390 5250 velut
3417 5197 3502 5247 in-

1929 5286 2225 5341 duruerum
2260 5296 2312 5342 et
2346 5297 2621 5342 coarctata
2661 5296 2788 5342 sunt
2827 5303 2931 5342 non
2957 5285 3171 5341 difﬁcile
3199 5285 3496 5353 explicare.

1932 5378 2285 5447 listvnamqnc
2314 5399 2331 5431 ι
2360 5382 2512 5435 vivus
2535 5389 2588 5435 et
2613 5378 2821 5446 elﬁcax,
2854 5390 2907 5433 et
2942 5376 3324 5448 penetrabilior
3351 5376 3499 5428 omni

1928 5474 2104 5542 gladio
2156 5474 2399 5542 ancipiti,
2454 5473 2773 5542 perveniens
2830 5485 3001 5539 usque
3055 5468 3121 5521 ad
3178 5467 3497 5521 divisionem

1948 5680 1991 5709 “‘
2023 5676 2211 5733 Matth.
2245 5690 2329 5740 Ill,
2360 5674 2439 5728 ιι.
2535 5674 2577 5701 ⁶⁶
2609 5669 2739 5735 Ιιιιυ,
2771 5669 2966 5726 Ezech.
2998 5684 3050 5736 ιι,
3076 5667 3130 5720 ‘2.
3210 5668 3250 5698 ετ
3283 5666 3388 5721 lsa.
3421 5680 3494 5729 Vt.
