4070 6520
576 318 681 377 219

1561 321 1618 375 S.
1661 320 1939 381 CYRILLI
1981 320 2445 376 ALEXANDRI‘NI
2483 320 2802 377 AllClllEP.

3720 324 3833 379 210

575 436 969 506 spectatissimo
996 434 1347 504 intelligentia
1380 435 1555 491 cedet.
1579 436 1856 504 Ejusmodi
1885 438 2139 508 quiddam

2249 440 2307 491 ὲν
2334 437 2555 507 Χριστῷ
2585 439 2731 508 ζωῆς
2758 439 2825 490 τὰ
2860 439 3170 509 αὐχήματα,
3213 456 3232 489 ι
3270 438 3480 503 Ἔσται,
3523 440 3710 509 φησιν,
3752 440 3831 503 ὡς

573 537 629 583 et
657 527 1085 597 sapientissimus
1122 527 1337 590 Paulus,
1388 529 1613 597 populos
1640 528 1947 583 Judazorum
2005 530 2143 583 allo.

572 632 768 687 quens,
802 618 1059 671 insinuat.
1102 618 1195 671 Sic
1227 620 1370 672 enim
1401 620 1478 673 ait
1505 638 1519 672 :
1557 638 1575 669 ι
1608 618 1742 673 Cum
1771 619 1914 674 enim
1955 629 2143 688 gentes

575 722 695 777 quae
737 706 906 776 legem
962 721 1066 759 non
1105 706 1324 770 habent,
1375 707 1695 762 naturaliter
1734 722 1797 762 ea
1843 723 1963 777 qua:
2008 708 2141 776 legis

572 806 697 851 sunt
720 795 947 861 faciunt,
977 795 1148 865 legem
1177 811 1282 850 non
1316 797 1595 858 habentes,
1628 796 1733 865 ipsi
1756 796 1858 851 sibi
1888 805 2012 851 sunt
2034 795 2137 857 lex,

572 885 663 956 qui
724 884 1013 939 ostendunt
1060 898 1195 953 opus
1243 885 1375 954 legis
1435 886 1701 954 scriptum
1770 885 1825 939 in
1885 886 2141 940 cordibus

572 976 684 1030 suis
706 974 771 1028 ⁸³.
804 992 823 1025 ι
852 973 914 1027 Ει
946 974 1139 1028 iterum
1167 990 1183 1027 :
1218 991 1235 1023 ι
1275 973 1630 1029 Circumcisio
1658 974 1874 1042 quidem
1900 975 2137 1043 prodest,

573 1067 618 1121 si
649 1065 816 1135 legem
842 1066 1101 1119 observes
1133 1083 1146 1119 :
1182 1064 1224 1119 si
1257 1075 1434 1119 autem
1464 1066 1851 1135 praevaricator
1875 1064 2009 1135 legis
2039 1066 2136 1129 sis,

573 1156 914 1212 circumcisio
938 1165 1026 1209 tua
1056 1156 1377 1225 praaputium
1416 1155 1558 1209 facta
1595 1163 1696 1210 est.
1726 1154 1782 1209 Si
1813 1154 1973 1224 igitur
2000 1168 2139 1222 pra:-

574 1248 778 1317 putium
818 1248 1058 1315 justitias
1102 1248 1235 1316 legis
1284 1248 1572 1311 custodiat,
1612 1261 1790 1301 nonne
1819 1246 2136 1315 praeputium

573 1338 716 1392 illius
747 1337 799 1391 in
844 1337 1309 1392 circumcisioncm
1363 1335 1737 1404 reputabitur?
1771 1345 1825 1390 et
1854 1335 2134 1405 judicabit,

571 1425 625 1480 id
650 1426 793 1495 quod
822 1440 887 1480 ex
928 1435 1115 1479 natura
1165 1433 1249 1479 est
1277 1426 1622 1494 praeputium,
1668 1426 1836 1495 legem
1882 1440 2135 1480 consum-

571 1531 746 1583 mans,
796 1530 918 1569 eum
972 1516 1061 1584 qui
1118 1529 1213 1583 per
1258 1515 1490 1569 litteram
1572 1525 1627 1569 ct
1670 1514 2135 1569 circumcisionem

570 1607 954 1673 praevaricator
989 1606 1123 1675 legis
1155 1604 1275 1659 est?
1303 1603 1418 1659 Non
1446 1606 1591 1659 enim
1617 1606 1706 1674 qui
1736 1607 1788 1659 in
1828 1605 2134 1668 manifesto,

567 1693 783 1752 Judazus
833 1706 933 1762 est,
976 1710 1150 1766 neque
1208 1711 1329 1765 quae
1378 1696 1430 1749 in
1477 1696 1786 1759 manifesto,
1848 1696 1899 1748 in
1950 1711 2134 1760 carne,

2244 530 2272 580 6
2318 523 2463 589 οἶκος
2508 528 2693 591 Δαϐὶδ,
2737 548 2756 579 ι
2798 530 3037 582 τουτέστι
3090 531 3209 583 κατ’
3262 530 3416 583 οὐδὲν
3466 530 3704 584 ἐλάττων
3750 534 3831 594 εἰς

2246 618 2459 670 σύνεσιν
2486 617 2581 671 τοῦ
2612 619 2778 686 σοφοῦ
2806 636 2865 672 τε
2902 621 2997 672 καὶ
3052 620 3401 691 ἑντιμοτάτου
3440 622 3591 691 παρά
3616 639 3681 689 γε
3712 624 3830 685 τοῖς

2254 708 2542 770 Ἰουδαίοις.
2573 708 2975 763 ’Υπαινίττεταί
2993 728 3044 763 τι
3073 711 3311 765 τοιοῦτον
3338 713 3429 765 καὶ
3459 713 3488 765 6
3508 712 3831 782 σοφώτατος

2243 796 2473 863 Παῦλος,
2495 800 2604 862 τοῖς
2647 799 2913 852 Ἰουδαίων
2938 800 3129 870 δήμοις
3162 801 3498 871 προσλαλῶν.
3534 803 3679 872 Ἔφη
3710 804 3827 871 γὰρ

2241 886 2448 950 οὕτως’
2481 906 2498 939 ι
2542 890 2711 941 ’Όταν
2752 888 2859 960 γάρ
2884 889 3009 959 ἔθνη
3042 889 3108 942 τὰ
3136 892 3211 961 μὴ
3248 892 3411 960 νόμον
3439 892 3632 962 ἔχοντα
3658 892 3828 960 φύσει

2239 977 2307 1030 τὰ
2344 977 2439 1031 τοῦ
2474 979 2637 1048 νόμου
2683 982 2832 1051 ποιῇ,
2872 974 3015 1033 οὗτοι
3048 980 3210 1049 νόμον
3244 982 3317 1052 μὴ
3351 983 3566 1052 ἔχοντες
3602 985 3825 1044 ἑαυτοῖς

2240 1069 2345 1121 είσι
2363 1069 2544 1138 νόμος,
2574 1070 2769 1132 οἵτινες
2826 1072 3197 1125 ἐπιδείκνυνται
3232 1072 3292 1125 τὸ
3324 1073 3484 1142 ἔργον
3512 1074 3606 1126 τοῦ
3650 1077 3824 1143 νόμον

2239 1156 2483 1225 γραπτὸν
2505 1158 2563 1208 ὲν
2593 1159 2711 1219 ταῖς
2739 1157 2984 1228 καρδίαις
3014 1159 3213 1213 αὐτῶν.
3246 1179 3264 1211 ι
3303 1161 3410 1214 Καὶ
3435 1163 3593 1215 πάλιν
3613 1178 3627 1192 ⁸
3664 1182 3682 1214 ι
3718 1166 3826 1217 Πε-

2241 1242 2434 1312 ριτομὴ
2475 1244 2574 1313 μὲν
2611 1244 2717 1314 γάρ
2745 1245 2961 1313 ὠφελεῖ,
2995 1246 3089 1299 ὲάν
3120 1248 3285 1318 νόμον
3316 1256 3596 1323 πράσσῃς·
3629 1253 3724 1305 ἐὰν
3762 1253 3826 1305 δὲ

2240 1332 2560 1403 παραϐάτης
2597 1334 2762 1403 νόμον
2795 1330 2883 1406 ᾖς,
2932 1338 2965 1406 ὴ
3013 1339 3280 1407 περιτομή
3342 1356 3436 1392 σου
3481 1341 3822 1411 ἀκροϐυστία

2237 1422 2476 1489 γέγονεν.
2520 1422 2645 1476 Ἐἀν
2673 1419 2766 1477 οὖν
2790 1427 2822 1493 ἡ
2859 1426 3198 1497 ἀκροϐυστία
3223 1428 3293 1481 τά
3330 1429 3675 1499 δικαιώματα
3718 1431 3821 1483 τοῦ

2238 1511 2401 1581 νόμου
2439 1511 2706 1583 φυλάσσῃ,
2738 1514 2833 1583 οὐχ
2860 1516 2893 1584 ὴ
2929 1514 3261 1585 ἀκροϐυστία
3301 1516 3466 1570 αὐτοῦ
3495 1520 3574 1580 είς
3605 1536 3825 1589 περιτο·

2240 1600 2345 1671 μὴν
2388 1601 2801 1672 λογισθήσεται;
2845 1605 2940 1657 καὶ
2980 1609 3156 1675 κρινεῖ
3197 1609 3229 1675 ὴ
3274 1608 3338 1661 ὲκ
3388 1607 3603 1676 φύσεως
3643 1610 3821 1679 ἀκρο-

2239 1691 2430 1745 ϐυστία
2459 1693 2550 1747 τὸν
2590 1694 2753 1764 νόμον
2790 1696 3038 1762 τελοῦσα,
3087 1698 3179 1752 τὸν
3208 1698 3294 1751 διὰ
3336 1698 3683 1769 γράμματος,
3718 1701 3822 1754 καὶ

570 1785 912 1840 circumcisio
953 1795 1036 1841 est
1067 1809 1078 1841 :
1105 1786 1198 1841 sed
1233 1786 1323 1853 qui
1349 1786 1402 1839 in
1447 1786 1764 1840 abscondito
1792 1785 2006 1841 Judarus
2031 1794 2136 1849 est,

2241 1784 2539 1853 περιτομῆς
2583 1786 2905 1857 παραϐάτην
2941 1787 3138 1857 νόμους
3184 1790 3258 1843 Οὐ
3597 1791 3673 1861 τῷ
3708 1809 3814 1859 φα-

570 1885 627 1931 et
664 1875 1005 1932 circumcisio
1037 1876 1216 1932 cordis
1262 1878 1313 1930 in
1360 1876 1572 1945 spiritu,
1606 1891 1709 1929 non
1753 1874 1950 1937 littera,
1983 1876 2138 1942 cujus

570 1968 685 2023 laus
715 1982 820 2023 non
849 1982 915 2022 ex
948 1967 1275 2031 hominibus,
1306 1967 1399 2020 sed
1426 1980 1491 2019 ex
1522 1966 1627 2020 Deo
1648 1967 1717 2019 ⁸⁸.
1758 1986 1777 2017 ι
1814 1964 1939 2037 [Qui
1976 1966 2138 2035 igitur

569 2057 1040 2113 circumcisionem
1086 2057 1136 2110 in
1177 2071 1342 2110 carne
1395 2066 1452 2109 ut
1488 2055 1785 2109 obsoletam
1859 2064 2138 2110 aversatus

567 2148 897 2216 spiritualem
926 2147 1103 2217 potius
1120 2145 1343 2211 amabit,
1369 2154 1423 2200 et
1445 2145 1684 2199 Judaeum
1708 2146 1797 2215 qui
1837 2147 1888 2199 in
1925 2147 2138 2201 occulto

565 2234 1038 2301 est,circumferet,
1078 2252 1096 2285 ι
1126 2234 1283 2303 cujus
1320 2234 1436 2288 laus
1461 2242 1545 2287 est
1577 2248 1679 2287 non
1703 2249 1769 2287 ex
1805 2233 2133 2297 hominibus,

565 2326 657 2381 sed
686 2340 751 2381 ex
781 2328 911 2390 Deo,
942 2324 1073 2397 i(l)]
1097 2326 1364 2393 quomodo
1394 2338 1498 2377 non
1525 2332 1763 2393 praestat,
1797 2340 1918 2379 cum
1942 2326 2137 2380 virtute

563 2418 694 2487 legis
735 2416 943 2479 doctos,
982 2428 1039 2471 et
1088 2418 1179 2487 qui
1234 2418 1378 2471 inter
1420 2416 1635 2471 Judmns
1684 2418 1967 2487 praecipuae
2011 2429 2138 2473 sunt

562 2508 1000 2572 existimationis,
1046 2508 1406 2577 superaverit,
1439 2510 1687 2577 quamvis
1721 2507 1956 2563 fortasse
1988 2510 2138 2562 inliro

564 2602 765 2656 mitatis
806 2600 1082 2669 reliquias,
1129 2609 1187 2654 ut
1242 2600 1478 2654 nondum
1528 2600 1861 2668 baptizatus,
1907 2600 2135 2654 habeat?

564 2674 722 2746 Parte
760 2691 903 2745 enim
948 2691 1129 2745 cordis
1159 2691 1241 2744 sui
1276 2704 1431 2753 sana,
1480 2689 1582 2743 hoc
1618 2699 1703 2742 est
1748 2689 1873 2755 fide,
1924 2688 2137 2743 differet

566 2783 751 2850 utique
780 2781 849 2836 ab
882 2795 969 2845 eo,
999 2780 1087 2849 qui
1122 2781 1278 2835 ﬁdem
1311 2779 1579 2847 repudiat.
1611 2779 1762 2844 Quod
1794 2780 1837 2833 si
1869 2779 2135 2848 quispiam

569 2873 634 2926 de
662 2872 821 2926 domo
848 2872 1036 2937 David,
1089 2872 1192 2925 hoc
1222 2882 1325 2935 est,
1376 2871 1441 2924 de
1469 2868 1769 2924 illustribus
1820 2878 1875 2925 et
1910 2870 2140 2925 honora'

569 2963 790 3018 tissimis
819 2964 959 3030 apud
996 2963 1143 3031 ipsos
1186 2962 1343 3016 ﬁdem
1385 2960 1707 3030 susceperit,
1738 2970 1791 3015 et
1824 2961 2134 3031 mysterium

2237 1872 2377 1942 νερῷ
2415 1873 2683 1939 Ἰουδαῖος,
2713 1876 2833 1931 οὐδὲ
2865 1878 2897 1947 ἡ
2927 1879 2983 1930 ὲν
3020 1878 3098 1947 τῷ
3128 1879 3344 1949 φανερῷ
3379 1881 3437 1933 ὲν
3467 1882 3630 1951 σαρκὶ
3658 1898 3820 1951 περι-

2236 1962 2394 2033 τομὴ,
2408 1963 2521 2015 ἀλλ’
2534 1966 2562 2017 6
2579 1965 2637 2017 ὲν
2652 1964 2731 2035 τῷ
2749 1966 2976 2037 κρυπτῷ
3002 1967 3269 2032 Ἰουδαῖος,
3285 1972 3380 2022 καὶ
3395 1986 3459 2021 πε
3470 1972 3659 2041 ριτομὴ
3678 1987 3820 2041 καρ-

2237 2052 2352 2115 δίας
2384 2055 2441 2105 έν
2475 2054 2767 2124 πνεύματι,
2794 2058 2853 2109 οὺ
2888 2058 3193 2128 γράμματι,
3227 2053 3287 2112 οὗ
3317 2062 3344 2112 ὁ
3376 2060 3594 2123 ἔπαινος
3623 2061 3723 2114 οὐκ
3755 2061 3819 2126 ἐξ

2236 2140 2559 2211 ἀνθρώπων,
2591 2142 2704 2194 ἀλλ’
2736 2145 2799 2195 ὲκ
2836 2143 2991 2198 Θεοῦ.
3031 2166 3048 2195 ι
3092 2146 3211 2208 Πῶς
3248 2148 3347 2200 οὐκ
3388 2148 3647 2216 ἀμείνων,
3693 2151 3817 2201 κατ’

2236 2232 2437 2303 ἀρετὴν
2472 2234 2780 2303 ἡττώμενος
2812 2237 2918 2287 τῶν
2945 2237 3287 2307 νομομαθῶν,
3321 2240 3414 2293 καὶ
3446 2242 3818 2310 ἐντιμοτάτων

2239 2321 2390 2391 παρά
2440 2322 2730 2386 Ἰουδαίοις,
2764 2323 2865 2375 κᾶν
2899 2326 2945 2376 εί
2977 2325 3089 2394 ἔχοι
3117 2326 3276 2396 τυχὸν
3308 2328 3591 2391 ἀσθενείας
3624 2330 3816 2397 λείψα-

2237 2429 2346 2474 νον,
2397 2410 2473 2472 ὡς
2522 2411 2675 2465 οῦπω
2725 2412 3192 2485 βεϐαπτισμένος;
3244 2418 3333 2487 Τῷ
3365 2419 3473 2488 γὰρ
3516 2421 3816 2488 ὑγιαίνοντι

2241 2502 2398 2572 μέρει
2443 2503 2543 2572 τῆς
2621 2504 2811 2556 ἑαυτοῦ
2866 2506 3123 2576 καρδίας,
3177 2509 3423 2561 τουτέστι
3483 2514 3550 2579 τῇ
3610 2512 3815 2575 πίστει,

2236 2592 2423 2645 διοίσει
2454 2594 2668 2656 πάντως
2697 2594 2791 2646 τοῦ
2824 2596 2920 2664 τὴν
2952 2596 3133 2649 πίστιν
3157 2598 3217 2649 οὐ
3244 2601 3625 2670 προσιεμένου.
3663 2602 3725 2653 Ei
3756 2600 3815 2653 δὲ

2236 2680 2300 2747 δὴ
2335 2680 2441 2732 τῶν
2484 2681 2548 2732 ὲκ
2576 2680 2670 2733 τοῦ
2711 2682 2861 2735 οίκου
2896 2684 3078 2751 Δαϐὶδ,
3112 2688 3358 2739 τουτέστι
3410 2689 3520 2740 τῶν
3554 2690 3679 2757 παρ’
3714 2691 3817 2742 αῦ-

2237 2774 2351 2833 τοῖς
2396 2772 2685 2841 λαμπρῶν,
2742 2774 2836 2826 καὶ
2885 2776 3251 2844 ἐντιμοτάτων
3310 2780 3672 2848 παραδέξαιτό
3728 2797 3813 2844 τις

2235 2863 2335 2933 τὴν
2367 2864 2563 2925 πίστιν,
2592 2865 2684 2916 καὶ
2727 2866 2805 2927 είς
2835 2864 3048 2919 σύνεσιν
3086 2862 3145 2919 εὖ
3180 2868 3323 2936 μάλα
3356 2870 3416 2921 τὸ
3445 2870 3677 2940 Χριστοῦ
3711 2889 3813 2939 μυ·

2239 2956 2457 3024 στήριον
2515 2954 2662 3024 αὐτῷ
2715 2956 2956 3022 γένοιτο,
3009 2959 3381 3028 προσκυνητδς
3437 2953 3590 3023 οὗτος
3637 2961 3806 3021 ἔσται,

565 3054 767 3109 Christi
803 3052 1105 3108 rectissime
1138 3051 1482 3113 intellexerit,
1521 3052 1608 3105 hic
1634 3054 1738 3106 erit
1770 3052 2130 3115 venerandus,

2244 3064 2261 3095 ι
2309 3047 2402 3098 καὶ
2427 3041 2573 3108 οἶκος
2613 3046 2766 3109 Θεοῦ,
2815 3048 2907 3099 καὶ
2948 3048 3022 3109 ὼς
3057 3049 3285 3116 ἄγγελος
3332 3050 3537 3121 Κυρίου
3582 3051 3810 3103 ἐνώπιον

572 3165 589 3197 ι
620 3155 674 3201 et
707 3146 896 3201 domus
921 3145 1038 3207 Dei,
1070 3154 1125 3199 et
1160 3153 1218 3197 ιιι
1255 3143 1479 3214 angelus
1520 3144 1728 3198 Domini
1760 3143 1813 3197 in
1839 3152 2132 3213 conspectu

566 3251 773 3292 eorum.
804 3254 826 3290 ι
882 3235 1070 3291 Simile
1112 3235 1365 3305 quiddam
1423 3244 1478 3289 et
1539 3235 1875 3290 Salvatorem
1928 3235 2131 3289 dixisse

568 3336 749 3383 notum
793 3336 871 3381 est
921 3327 1038 3391 ;ait
1085 3326 1229 3380 enim
1265 3344 1278 3379 :
1322 3343 1340 3375 ι
1372 3324 1561 3380 Omnis
1601 3325 1777 3379 scriba
1832 3326 2023 3379 doctus
2083 3325 2132 3377 in

568 3434 731 3489 regno
761 3418 1021 3472 caalorum
1060 3416 1250 3471 similis
1297 3424 1381 3470 est
1410 3416 1614 3469 homini
1649 3415 2021 3484 patrifamilias
2043 3415 2132 3483 qui

569 3509 773 3579 profert
815 3507 883 3563 de
913 3509 1165 3562 thesauro
1205 3521 1304 3560 suo
1351 3521 1487 3559 nova
1565 3516 1621 3560 et
1668 3515 1847 3560 vetera
1865 3506 1932 3560 ⁸⁵.
1962 3524 1981 3558 ι
2031 3506 2133 3571 Qui

569 3604 714 3658 enim
762 3601 1124 3672 cognitionem
1180 3598 1313 3668 legis
1372 3598 1423 3651 in
1481 3598 1661 3668 seipso
1712 3606 1768 3650 ut
1821 3598 2133 3653 thesaurum

569 3692 852 3747 collectum
891 3690 1075 3754 habet,
1124 3687 1170 3743 si
1212 3685 1580 3755 evangelicam
1615 3685 1941 3754 adjunxerit,
1984 3687 2136 3743 dives

570 3784 787 3853 quidam
836 3779 1193 3851 intelligentia
1229 3780 1356 3845 erit,
1407 3795 1544 3851 nova
1592 3788 1648 3833 et
1689 3788 1872 3834 vetera
1924 3779 2136 3832 theore-

570 3884 740 3942 mata,
774 3887 868 3927 seu
912 3887 1000 3928 res
1040 3870 1469 3926 consideratione
1507 3868 1699 3939 dignas
1743 3869 1979 3923 discendi
2019 3878 2136 3922 stu-

570 3966 737 4022 diosis
775 3974 1028 4035 tanquam
1065 3978 1132 4019 ex
1165 3964 1467 4034 apothecis,
1497 3975 1593 4016 seu
1638 3960 1973 4028 repositoriis
2013 3973 2137 4028 pro-

570 4069 773 4124 ponens
806 4070 821 4108 :
858 4054 1036 4123 qualis
1077 4063 1196 4108 erat
1223 4053 1435 4107 divinus
1462 4049 1679 4114 Paulus,
1724 4048 1883 4103 modo
1912 4063 1974 4103 ex
2020 4048 2138 4117 lege

570 4145 750 4215 petitis
783 4143 1187 4215 probationibus
1228 4155 1532 4197 sermonem
1580 4143 1646 4195 de
1682 4138 1899 4194 Christo
1940 4138 2138 4194 conﬁr-

571 4248 719 4288 mare
758 4234 1002 4297 enitens,
1039 4232 1199 4287 modo
1229 4232 1395 4286 etiam
1444 4228 1689 4285 doctrina
1735 4240 1932 4281 arcana
1972 4240 2134 4296 supra

572 4325 741 4393 legem
764 4323 1039 4379 audientes
1061 4322 1127 4377 ad
1154 4320 1493 4377 voluntatem
1523 4320 1575 4374 iu
1607 4319 1724 4388 ejus
1745 4317 1849 4372 ﬁde
1871 4316 2134 4387 gloriandi

2236 3137 2433 3192 αὐτῶν.
2473 3156 2491 3187 ι
2529 3136 2777 3190 Τοιοῦτόν
2818 3154 2870 3191 τι
2901 3140 2993 3191 καὶ
3021 3138 3181 3201 αὐτὸς
3209 3141 3237 3191 6
3276 3139 3464 3209 Σωτὴρ
3496 3139 3809 3209 εὑρίσκεται

2235 3228 2406 3296 λέγων
2424 3245 2437 3258 ’
2465 3228 2568 3297 ἔφη
2596 3228 2724 3298 γὰρ,
2746 3230 2826 3281 ὅτι
2857 3248 2873 3279 ι
2914 3230 3025 3291 Πᾶς
3051 3229 3416 3299 Γραμματεὺς
3449 3229 3809 3298 μαθητευθεὶς

2235 3321 2291 3372 ὲν
2320 3322 2386 3389 τῇ
2417 3318 2661 3388 βασιλείᾳ
2690 3319 2796 3371 τῶν
2835 3320 3097 3389 οὐρανῶν,
3133 3321 3317 3389 ὅμοιός
3354 3322 3501 3372 ἐστιν
3541 3320 3813 3389 ἀνθρώπῳ

2234 3410 2603 3480 οίκοδεσπότῃ,
2665 3412 2817 3472 ὅστις
2841 3410 3092 3463 ἐκϐάλλει
3121 3411 3187 3463 ὲκ
3215 3410 3310 3464 τοῦ
3340 3410 3617 3480 θησαυροῦ
3648 3412 3812 3465 αὑτοῦ

2235 3499 2398 3553 καινὰ
2423 3501 2517 3551 καὶ
2542 3499 2766 3552 παλαιά.
2798 3518 2816 3549 ι
2866 3499 2924 3553 '0
2958 3500 3067 3571 γάρ
3093 3500 3231 3570 ἔχων
3260 3501 3361 3571 ἥδη
3390 3502 3816 3571 τεθησαυρισμέ-

2234 3606 2331 3658 νην
2376 3591 2432 3642 ὲν
2474 3589 2649 3658 ἑαυτῷ
2680 3589 2777 3659 τὴν
2806 3588 2899 3641 τοῦ
2944 3590 3108 3659 νόμου
3154 3590 3373 3657 γνῶσιν,
3420 3592 3468 3643 εἰ
3516 3591 3817 3662 προσλάϐοι

2234 3678 2334 3749 τὴν
2380 3678 2765 3749 εὐαγγελικὴν,
2801 3679 3054 3742 πλούσιος
3110 3680 3262 3733 ἔσται
3312 3696 3395 3743 τις
3443 3683 3522 3743 είς
3577 3681 3817 3743 σύνεσιν,

2237 3770 2400 3823 καινά
2427 3787 2485 3822 τε
2510 3771 2604 3823 καὶ
2660 3769 2866 3823 παλαιά
2908 3769 3259 3839 θεωρήματα,
3307 3770 3557 3840 καθάπερ
3585 3771 3643 3835 ἐξ
3674 3771 3815 3823 ἀπο-

2237 3859 2555 3929 θηκῶν,τοῖς
2584 3858 2906 3927 φιλομαθέσι
2967 3859 3323 3929 παρατιθείς*
3386 3860 3574 3923 ὁποῖός
3617 3877 3703 3922 τις
3745 3856 3818 3929 ἦν

2235 3949 2263 4000 6
2292 3947 2578 4011 Θεσπέσιος
2622 3945 2853 4010 Παῦλος,
2901 3948 3030 3999 ποτὲ
3078 3947 3176 4016 μὲν
3218 3950 3469 4017 νομικαῖς
3501 3947 3813 4011 ἀποδείξεσι

2234 4040 2327 4093 τὸν
2358 4040 2486 4111 περὶ
2526 4039 2762 4109 Χριστοῦ
2796 4039 2953 4107 λόγον
2998 4038 3264 4108 ἐμπεδοῦν
3309 4038 3634 4108 ἐπιχειρῶ-δι
3683 4038 3818 4091 ποτὶ

2234 4131 2291 4184 δὲ
2335 4130 2427 4185 καὶ
2473 4134 2591 4193 ταῖς
2640 4131 2779 4200 ὑπὲρ
2824 4131 2987 4200 νόμον
3028 4130 3436 4200 μυσταγωγίαις
3474 4130 3817 4183 συνελαύνων

2235 4222 2432 4293 τρόπον
2467 4223 2589 4277 τινά
2631 4224 2757 4284 τοὺς
2786 4220 3166 4291 ἀκροωμένους
3197 4223 3277 4284 εἰς
3306 4238 3369 4289 γε
3402 4221 3461 4274 τὸ
3493 4220 3711 4274 ἑλέσθαι
3744 4223 3813 4290 τῇ

2236 4315 2315 4375 είς
2362 4313 2524 4365 αὐτὸν
2573 4312 2749 4364 πίστει
2778 4310 3298 4380 κατασεμνύνεσθαι.
3352 4310 3489 4363 Ποτὲ
3544 4310 3644 4380 μὲν
3705 4310 3814 4378 γάρ

571 4392 914 4482 compellens.
960 4410 1262 4480 Aliquando
1305 4408 1571 4479 siquidem
1617 4408 1833 4463 dicebat
1865 4423 1878 4460 :
1912 4424 1930 4457 ι
1967 4405 2135 4460 Dicite

2240 4403 2477 4472 έφασκε’
2518 4422 2535 4453 ι
2572 4401 2772 4468 Λέγετὲ
2805 4416 2915 4469 μοι,
2944 4399 2994 4451 οἱ
3024 4398 3128 4451 ὑπὸ
3156 4398 3319 4466 νόμον
3360 4397 3606 4460 θέλοντες
3646 4392 3808 4460 εἶναι,

576 4504 729 4569 mihi,
762 4503 851 4569 qui
876 4502 975 4556 sub
1001 4502 1117 4572 lege
1157 4515 1279 4557 esse
1305 4500 1500 4554 vultis:
1537 4499 1732 4568 Legem
1763 4513 1869 4552 non
1900 4496 2139 4551 auditis?

578 4592 739 4662 782
767 4591 1036 4660 Scriptum
1078 4598 1163 4646 est
1196 4592 1359 4653 enim,
1401 4588 1655 4657 quoniam
1699 4586 1970 4640 Abraham
2006 4585 2140 4639 duos

575 4684 712 4738 lilios
743 4683 947 4745 habuit,
975 4696 1138 4735 unum
1165 4680 1231 4736 de
1257 4679 1472 4743 ancilla,
1502 4688 1555 4733 et
1578 4693 1739 4732 unum
1764 4677 1829 4731 de
1851 4676 2018 4730 libera
2045 4690 2140 4744 per

576 4774 1081 4844 repromissionem,
1132 4788 1249 4841 qua:
1292 4781 1420 4827 sunt
1466 4786 1563 4841 per
1609 4768 1919 4838 allegoriam
1971 4766 2135 4821 dicta.

574 4865 701 4921 Haec
737 4865 881 4918 enim
928 4875 1055 4918 sunt
1097 4862 1202 4917 duo
1237 4870 1579 4923 testamenta,
1635 4874 1796 4911 unum
1843 4856 2059 4924 quidem
2110 4870 2140 4908 a

577 4961 760 5010 mente
786 4952 937 5018 Sina,
970 4952 1022 5008 in
1054 4953 1367 5007 servitutem
1396 4962 1678 5019 generans,
1705 4961 1826 5015 qu:e
1845 4955 1927 4999 est
1963 4946 2141 5012 Agar;

2242 4494 2333 4546 τὸν
2358 4494 2522 4562 νόμον
2545 4491 2769 4545 ἀκούετε
2791 4506 2805 4553 ;
2835 4489 3145 4557 Γέγραπται
3170 4487 3297 4557 γάρ,
3320 4488 3399 4539 ὅτι
3446 4485 3695 4555 Ἀϐραάμ
3719 4486 3810 4537 δύο

2244 4582 2392 4643 υίοῦς
2439 4581 2614 4649 ἔσχεν,
2650 4578 2744 4631 ἕνα
2776 4580 2838 4629 ὲκ
2866 4580 2963 4645 τῆς
3007 4574 3314 4643 παιδίσκης,
3348 4574 3439 4625 καὶ
3471 4573 3564 4625 ἕνα
3610 4575 3674 4624 ὲκ
3714 4572 3813 4641 τῆς

2246 4672 2533 4741 ἐλευθέρας
2572 4671 2638 4722 δι’
2702 4667 3050 4736 ἐπαγγελίας,
3100 4668 3258 4720 ἅτινά
3304 4668 3449 4718 ἐστιν
3488 4664 3815 4733 ἀλληγορού-

2250 4778 2403 4831 μενα.
2451 4754 2621 4812 Λῦται
2675 4758 2777 4827 γάρ
2821 4757 2925 4808 είσι
2956 4754 3048 4807 δύο
3094 4753 3367 4822 διαθῆκαι,
3423 4752 3521 4820 μία
3571 4752 3670 4820 μὲν
3720 4750 3814 4802 ἀπ’

2246 4852 2404 4923 ὅρους
2431 4852 2579 4912 Σινᾶ,
2611 4849 2689 4911 είς
2718 4846 2964 4900 δουλείαν
2993 4844 3257 4912 γεννῶσα,
3289 4844 3407 4912 ἥτις
3440 4841 3585 4893 ἐστὶν
3616 4842 3814 4906 ’Λγαρο

2247 4943 2307 4995 τὸ
2333 4942 2441 5008 γάρ
2476 4941 2675 5009 Ἅγαρ,
2709 4938 2831 5010 ὅρος
2862 4936 3009 4989 ἐστὶν
3056 4936 3114 4988 ἐν
3156 4936 3221 5004 τῇ
3265 4932 3509 5002 Ἀραϐίᾳ,
3549 4933 3820 4998 συστοιχεῖ

577 5044 721 5113 Agar
758 5043 902 5098 enim
929 5057 1086 5097 mons
1126 5052 1207 5095 est
1237 5042 1290 5095 in
1337 5040 1559 5103 Arabia,
1595 5038 1684 5105 qui
1719 5034 2037 5103 conjunctus
2063 5042 2139 5087 est

2242 5034 2297 5087 δὲ
2336 5034 2401 5102 τῇ
2436 5030 2528 5083 νῦν
2567 5028 2937 5099 Ἰερουσαλημο
2974 5024 3213 5079 δουλεύει
3246 5023 3355 5093 γάρ
3402 5022 3540 5093 μετά
3584 5023 3692 5074 τῶν
3733 5021 3817 5073 τέο

576 5136 626 5190 ei
658 5150 776 5205 qua:
806 5149 947 5189 nunc
974 5143 1058 5189 est
1079 5132 1403 5193 Jerusalem,
1435 5140 1490 5185 ct
1517 5129 1681 5184 servit
1705 5141 1826 5182 cum
1858 5124 1983 5179 liliis
2010 5124 2140 5179 suis.

2245 5140 2385 5176 κνων
2407 5120 2593 5189 αὐτῆς.
2638 5119 2702 5171 Ἠ
2734 5118 2790 5170 δὲ
2816 5119 2926 5172 ἅνω
2958 5115 3311 5188 Ἰερουσαλὴμ
3354 5113 3614 5182 ἐλευθέρα
3645 5114 3814 5171 ἐστὶν,

579 5202 707 5290 Qua:
735 5232 909 5278 autem
949 5238 1161 5278 sursum
1202 5229 1283 5275 est
1324 5219 1649 5281 Jerusalem,
1680 5216 1847 5271 libera
1894 5223 1996 5280 esi,
2028 5225 2139 5282 quat

2243 5220 2361 5287 ἣτις
2410 5214 2525 5266 ἐστὶ
2576 5212 2754 5281 μήτηρ
2806 5208 2979 5279 ἡμῶν.
3037 5228 3054 5258 ι
3122 5208 3256 5259 [lo-:3:
3307 5207 3361 5258 δὲ
3403 5205 3496 5257 καὶ
3554 5205 3684 5274 περὶ
3728 5202 3815 5253 τοῦ

579 5325 663 5370 est
686 5324 857 5371 mater
888 5322 1068 5369 nostra
1092 5313 1159 5365 ⁸⁸.
1193 5330 1210 5364 ι
1242 5310 1547 5380 Aliquando
1586 5317 1765 5362 autem
1810 5316 1864 5362 et
1895 5306 1961 5361 dc
1989 5305 2139 5371 Filio,

2246 5306 2397 5372 Υίοῦ,
2428 5325 2445 5358 ι
2488 5308 2582 5368 Ὃς
2611 5304 2685 5356 ὢν
2715 5300 3051 5369 ἀπαύγασμα
3072 5301 3167 5369 τῆς
3195 5298 3375 5367 δόξης,
3410 5296 3502 5350 καὶ
3536 5291 3820 5366 χαρακτὴρ

651 5491 697 5523 ⁸³
720 5490 875 5549 Rom.
905 5507 964 5557 ιι,
1001 5492 1084 5559 ιι,
1120 5489 1203 5545 15.
1282 5486 1327 5519 ⁸³
1352 5484 1484 5543 Ibid.
1514 5484 1699 5539 “25-29.
1777 5486 1821 5515 ⁸⁵
1852 5482 2041 5538 Matth.
2083 5497 2199 5546 xm,
2236 5480 2323 5533 52.
2396 5481 2438 5507 ‘“
2469 5478 2641 5535 Ualul.
2674 5491 2744 5540 tv,
2770 5474 2961 5529 2l-‘26.

654 5672 729 5742 (l)
758 5670 887 5737 Quae
914 5667 1122 5725 uncinis
1152 5665 1353 5723 ἰιιιιυειι
1381 5674 1521 5732 sunt,
1564 5664 1753 5722 desunt
1791 5663 1841 5717 in
1868 5660 2073 5718 Gt‘azcu.
2120 5657 2272 5713 Enn.
