4070 6534
246 378 352 435 2’3!

1076 379 1625 438 COMMENTARIUS
1666 382 1733 436 IN
1776 383 2178 439 Z‘iCllARIAM
2217 381 2657 438 PRDPHETAM.

3383 380 3491 435 293

243 494 350 564 τῆς
378 491 728 555 ὑποστάσεως
763 492 947 556 αὑτοῦ,
981 493 1161 563 φέρων
1211 512 1272 547 τε
1303 496 1372 549 τὰ
1401 496 1579 550 πάντα
1613 498 1691 567 τῷ
1730 499 1825 569 ῥή-

1935 518 1953 551 ι
1990 499 2091 566 Qui
2124 512 2244 553 cum
2269 499 2340 553 sit
2366 496 2623 567 splendor
2654 496 2861 566 gloriae,
2886 504 2941 550 et
2972 495 3137 566 llgura
3173 494 3491 552 substantiae

248 598 382 653 ματι
404 581 504 650 τῆς
529 580 810 651 δυνάμεως
836 582 1022 647 αὑτοῦ,
1050 583 1117 636 δι’
1135 584 1326 637 ἑαυτοῦ
1353 586 1691 657 καθαρισμὸν
1710 589 1816 642 τῶν

244 673 538 745 ἁμαρτιῶν
576 672 731 743 ἡμῶν
759 674 1145 745 ποιησάμενος,
1171 676 1425 731 ἐκάθισεν
1454 679 1512 731 ἐν
1538 679 1686 751 δεξιᾷ
1724 681 1818 735 τοῦ

245 764 437 834 θρόνου
475 764 576 834 τῆς
609 765 975 836 μεγαλοσύνης
1003 770 1060 820 ὲν
1081 768 1332 837 ὑψηλοῖς.
1371 788 1389 819 ι
1423 770 1624 833 Συνιεῖς
1656 768 1815 829 οῦν...

245 854 499 917 παλαιοῖς
525 870 584 907 τε
623 854 739 924 ἅμα
770 857 865 909 καὶ
887 856 1027 920 νέοις
1067 858 1402 929 παιδεύμασι
1436 861 1535 923 τὰς
1559 861 1669 913 τῶν
1693 880 1819 915 παι-

242 943 675 1014 δαγωγουμένων
703 946 908 1016 ὀνίνησι
936 946 1131 1018 ψυχάς.
1169 969 1189 1002 ι
1248 952 1440 1005 Ἔσται
1468 954 1668 1016 τοίνυν,
1713 971 1821 1025 φη-

247 1036 434 1143 σίν,“ὀ
476 1031 621 1099 οἶκος
677 1037 861 1101 Δαϐὶδ,
916 1039 993 1105 ὼς
1046 1041 1276 1111 ἄγγελος
1327 1043 1532 1115 Κυρίου
1592 1045 1820 1100 ἐνώπιον

245 1141 452 1179 αυτων.
501 1144 520 1177 θ

319 1258 432 1314 Καὶ
469 1260 660 1328 ἔσται,
700 1265 766 1317 ἐν
790 1266 864 1334 τῇ
915 1265 1105 1336 ἡμέρᾳ
1176 1268 1377 1339 ἐκείνῃ
1433 1271 1663 1340 ζητήσω
1717 1272 1821 1328 τοῦ

238 1347 453 1417 ἐξᾶραι
499 1351 694 1407 πάντα
734 1356 806 1408 τὰ
846 1355 1013 1423 ἔθνη,
1056 1357 1127 1411 τὰ
1167 1360 1534 1429 ἐπερχόμενα
1566 1363 1664 1416 ἐπὶ
1722 1364 1825 1419 Ἰε-

234 1440 585 1511 ρουσαλὴμ,
636 1444 734 1498 καί
778 1444 934 1514 ἐκχῶ
969 1446 1067 1500 ἐπὶ
1110 1448 1218 1501 τόν
1261 1446 1431 1503 οἶκον
1474 1452 1665 1517 Δαϐὶδ,
1723 1454 1822 1506 καὶ

238 1529 344 1582 ἐπὶ
416 1531 559 1598 τοὺς
624 1534 1051 1602 κατοικοῦντας
1128 1536 1517 1609 Ἰερουσαλὴμ
1587 1542 1825 1611 πνεῦμα

236 1619 507 1688 χάριτος,
533 1622 628 1678 καὶ
645 1626 966 1695 οἰκτιρμοῦ,
989 1626 1086 1682 καί
1106 1627 1529 1698 ἐπιϐλέψονται
1550 1636 1701 1700 πρός
1721 1650 1817 1703 με.

314 1752 432 1817 ﬁl".
470 1753 676 1818 Σκοπός
706 1756 823 1808 ἐστί
859 1774 970 1826 μοι,
1021 1759 1204 1827 φησὶν,
1237 1760 1427 1831 ἐξᾶραι
1467 1762 1567 1833 μὲν
1596 1763 1661 1816 τὰ
1694 1764 1819 1836 ἔθνη

1920 589 2060 659 ejus,
2096 596 2421 658 portansque
2464 588 2643 642 omnia
2688 586 2853 641 verbo
2889 584 3103 640 virtutis
3136 598 3265 649 suae,
3305 598 3402 653 per
3430 598 3491 639 se

1920 684 2093 753 ipsum
2123 683 2490 752 purgationem
2526 687 2869 749 peccatorum
2911 687 3216 732 nostrorum
3262 676 3489 741 faciens,

1920 775 2059 829 sedit
2094 776 2145 827 in
2189 774 2407 828 dextera
2455 773 2634 827 throni
2674 770 2970 839 maiestatis
3023 769 3076 822 in
3117 766 3347 822 excelsis
3365 766 3433 821 δ’.
3467 786 3486 818 ι

1920 861 2174 931 lntelligis
2224 875 2352 930 ergo
2382 897 2395 910 .
2435 900 2449 914 .
2487 896 2500 910 .
2534 896 2549 910 .
2585 896 2598 910 .
2632 896 2646 909 .
2707 855 2979 910 veteribus
3025 851 3183 909 simul
3250 861 3305 907 et
3341 851 3492 905 novis

1921 952 2181 1007 doctrinis
2230 951 2597 1005 institutorum
2658 945 2855 999 animis
2914 944 3241 1009 commodet.
3313 955 3332 988 ι
3377 935 3493 990 Erit

1922 1043 2103 1113 igitur,
2140 1042 2333 1111 inquit,
2376 1040 2566 1096 domus
2609 1037 2797 1103 David,
2844 1042 2905 1088 ut
2937 1031 3161 1102 angelus
3194 1026 3404 1084 Domini
3437 1026 3490 1081 in

1921 1142 2212 1203 conspectu
2243 1145 2454 1186 eorum.
2484 1148 2503 1180 ι
3254 1117 3259 1123 ’

1994 1267 2157 1322 Vsus.
2194 1267 2248 1329 9,
2288 1265 2373 1319 10.
2418 1263 2486 1317 Et
2525 1264 2619 1317 erit
2645 1262 2698 1315 in
2747 1260 2831 1313 die
2863 1258 2979 1320 illa,
3013 1270 3247 1324 quicram
3282 1256 3491 1323 auferre

1924 1375 2100 1413 omnes
2154 1364 2349 1426 gentes,
2405 1368 2519 1424 qua:
2575 1352 2786 1406 veniunt
2838 1359 3020 1403 contra
3066 1346 3387 1409 Jerusalem,
3441 1354 3489 1399 et

1922 1448 2190 1516 effundam
2233 1461 2392 1514 super
2436 1444 2646 1497 domum
2685 1441 2870 1507 David,
2917 1450 2963 1492 et
3010 1453 3165 1505 super
3202 1436 3490 1490 habitantes

1924 1533 2219 1589 Jerusalem
2259 1533 2496 1601 spiritum
2536 1529 2725 1600 gratia:
2758 1538 2806 1583 et
2840 1527 3240 1593 misericordia,
3273 1534 3322 1579 et
3349 1524 3491 1593 aspi-

1924 1630 2057 1682 cient
2094 1628 2165 1680 ad
2194 1642 2294 1681 me.

1996 1758 2177 1813 XCIII.
2218 1756 2512 1811 Consilium
2538 1770 2716 1810 meum
2746 1762 2853 1819 est,
2892 1753 3089 1823 inquit,
3122 1750 3362 1814 auferre,
3394 1750 3488 1805 de-

239 1838 313 1892 τά
342 1842 707 1913 μεμαχημένα
735 1847 800 1915 τῇ
829 1845 960 1917 ἁγίᾳ
1007 1826 1179 1911 πόλει,
1208 1826 1552 1923 τουτέστι-τῇ
1599 1826 1822 1924 Ἐκκληί

1925 1851 2034 1918 lere
2064 1858 2269 1919 gentes,
2291 1864 2410 1917 qua:
2431 1848 2703 1902 civitatem
2725 1854 2993 1909 sanctam,
3015 1851 3138 1913 puta
3171 1839 3491 1905 Ecclesiam,

240 1928 373 1999 σίᾳ·
423 1932 605 2002 χάριτί
633 1951 697 2001 γε
736 1935 841 2007 μὴν
884 1938 978 1991 καὶ
1026 1940 1330 2011 οίκτιρμοῖς
1381 1944 1695 2013 περιϐαλεῖν
1732 1947 1823 1999 τὸν

236 2013 396 2072 οἷκον
459 2021 645 2089 Ἰούδα,
694 2024 789 2077 καὶ
832 2028 957 2089 τοὺς
1004 2029 1393 2094 κατοικοῦντας
1447 2032 1820 2105 ⁸ίερουσαλίῃιιη

236 2112 491 2166 τουτέστι
527 2116 653 2179 τοὺς
699 2118 798 2187 τῆς
853 2119 1176 2190 Ἐκκλησίας
1206 2122 1450 2188 πολίτας,
1500 2127 1593 2178 καὶ
1622 2128 1680 2179 ὲν
1711 2129 1823 2190 τοῖς

236 2204 416 2257 αίνεῖν
458 2205 731 2275 ὀφείλουσι
780 2213 1291 2283 κατατεταγμένους
1315 2231 1328 2245 ·
1360 2210 1469 2269 είεν
1498 2218 1543 2270 δ’
1574 2219 1639 2271 ἂν
1679 2214 1823 2274 οὗτοι

236 2292 408 2346 πάλιν
439 2296 488 2348 οἱ
517 2297 954 2367 προσκυνοῦντες
984 2300 1227 2371 Χριστῷ,
1260 2302 1354 2355 καὶ
1382 2305 1495 2366 τοῖς
1539 2306 1824 2372 εὐαγγελι-

236 2383 357 2444 κοῖς
385 2382 755 2453 θεσπίσμασιν
783 2384 1320 2460 ἓπεσθαιῄρημένοι,
1367 2392 1468 2463 τὴν
1522 2394 1720 2448 εὐκλεᾶ
1764 2412 1822 2448 τε

237 2471 336 2523 καὶ
394 2472 801 2543 ἀνεπίπληκτον
852 2476 1241 2545 κατορθοῦντες
1302 2478 1470 2550 ζωήν.
1537 2482 1661 2534 Ὅτι
1714 2483 1824 2553 γὰρ

238 2561 471 2629 ἔμελλον
500 2563 853 2633 ἀρῤωστῆσαι
876 2566 936 2618 τὸ
964 2567 1154 2620 ἄναλκι
1194 2568 1367 2639 πάντη
1396 2587 1456 2622 τε
1487 2572 1580 2624 καὶ
1607 2572 1823 2636 πάντως

238 2653 288 2703 οί
317 2651 426 2721 τῆς
451 2651 708 2722 ἀληθείας
732 2654 934 2723 ἐχθροὶ,
969 2660 1224 2727 σαφηνιεῖ
1268 2659 1441 2726 λέγων
1480 2662 1573 2713 καὶ
1603 2662 1766 2725 αὐτὸς
1795 2666 1823 2716 ὀ

241 2743 474 2812 Σωτήρ’
527 2760 547 2794 ι
603 2745 675 2797 Σὺ
720 2740 771 2797 εῐ
805 2745 1027 2817 Πέτρος,
1069 2749 1162 2799 καὶ
1208 2749 1299 2801 ἐπὶ
1330 2749 1499 2819 ταύτῃ
1535 2754 1599 2820 τῇ
1651 2753 1824 2823 πέτρᾳ

240 2830 585 2902 οἰκοδομήσω
616 2847 715 2901 μου
744 2830 841 2902 τὴν
881 2834 1226 2903 Ἐκκλησίαν,
1264 2836 1357 2888 καὶ
1392 2836 1553 2890 πύλαι
1587 2837 1714 2907 ᾅδου
1760 2840 1821 2890 ού

242 2921 669 2991 κατισχύσουσιν
694 2923 881 2994 αὐτῆς.
914 2943 932 2975 ι
969 2925 1098 2977 Ἰδοὺ
1129 2918 1228 2978 ὧδε
1255 2927 1428 2987 πύλας
1460 2928 1583 2991 τοὺς
1608 2928 1822 2983 διώκειν

240 3011 419 3081 αὐτὴν
467 3012 765 3077 ἐθέλοντας,
812 3014 996 3084 φησὶν,
1046 3009 1158 3067 οἷον
1203 3015 1457 3087 ὀλέθρους
1505 3018 1683 3082 ὄντας.
1730 3022 1821 3073 καὶ

242 3101 502 3201 φθόρους,
535 3105 625 3157 καὶ
650 3106 729 3168 εἰς
767 3105 1034 3201 πέταυρον
1062 3106 1189 3177 ᾅδου
1224 3109 1613 3179 κατακομίζειν
1645 3112 1823 3165 εἰωθό-
1848 3145 1890 3201 C

240 3210 342 3255 τας
365 3194 495 3257 τοὺς
531 3195 959 3265 προσκειμένους
988 3197 1189 3261 αὐτοῖς.
1232 3200 1578 3270 ’Δτονήσουσι
1606 3202 1669 3273 δὴ
1702 3199 1817 3270 οῦν,

245 3284 453 3353 μᾶλλον
478 3284 535 3338 δὲ
570 3286 665 3338 καὶ
689 3284 1079 3357 ἐξαρθήσονται
1108 3290 1156 3341 οί
1186 3290 1627 3360 πεπολεμηκότες
1659 3294 1818 3365 αὐτῇ,

243 3375 336 3428 καὶ
378 3377 689 3445 οἰχήσονται
736 3378 872 3448 πρὸς
916 3378 1210 3433 ἀπώλειαν.
1247 3399 1265 3431 ι
1322 3381 1520 3435 Πολλαὶ
1573 3384 1670 3453 μὲν
1714 3386 1822 3456 γὰρ

242 3466 690 3537 ὁμολογουμένως
709 3469 817 3521 τῶν
836 3469 1056 3523 δικαίων
1080 3471 1134 3522 αἱ
1152 3470 1357 3540 θλίψεις
1376 3490 1390 3503 ο
1412 3472 1524 3526 ἀλλ’
1547 3476 1612 3527 ἐκ
1635 3476 1823 3532 πασῶν

244 3554 428 3608 αὐτῶν
460 3555 681 3626 ῥύσεται
705 3557 900 3620 αὐτοὺς
919 3558 947 3610 ὀ
978 3557 1197 3628 Κύριος.
1240 3577 1257 3609 ι
1296 3546 1405 3612 Καὶ
1435 3560 1581 3614 ἔστιν
1604 3562 1822 3630 ἀληθὲς,

243 3648 326 3699 ὅτι
371 3665 392 3697 ι
448 3646 650 3711 πάντες
690 3649 735 3700 οί
770 3648 1018 3712 θέλοντες
1058 3648 1158 3719 ζῇν
1199 3651 1437 3715 εύσεὸὦς
1478 3653 1538 3705 ὲν
1581 3655 1819 3726 Χριστῷ,

245 3736 655 3806 διωχθήσονται.
693 3756 711 3788 ι
742 3739 889 3808 Πλὴν
922 3739 1159 3810 ἀνόνητα
1188 3741 1282 3794 καὶ
1320 3742 1524 3813 ἀδρανῆ
1560 3744 1667 3796 τῶν
1705 3748 1825 3800 ἐπι-

248 3826 612 3881 ϐουλευόντων
641 3828 711 3884 τὰ
740 3829 1053 3900 σκέμματα,
1090 3832 1184 3884 καὶ
1220 3831 1360 3885 αὐτὰ
1385 3832 1441 3885 δὲ
1470 3833 1539 3886 τὰ
1570 3835 1823 3906 ἐγχειρή-

251 3933 397 3985 ματα
425 3916 638 3988 τίθησιν
663 3918 692 3970 ὀ
718 3917 972 3988 Χριστὸς,
1007 3917 1065 3982 ὃς
1091 3916 1319 3974 δέδωκεν
1360 3938 1377 3973 ι
1415 3922 1547 3991 ἡμῖν
1574 3922 1823 3988 ἐξουσίαν

250 4011 441 4062 πατεῖν
479 4008 665 4063 ἐπάνω
693 4009 887 4078 ὄφεων,
919 4010 1014 4062 καὶ
1054 4010 1351 4082 σκορπίων,
1397 4013 1490 4066 καὶ
1522 4013 1615 4066 ἐπὶ
1646 4015 1825 4068 πᾶσαν

247 4099 342 4169 τὴν
373 4100 605 4170 δύναμιν
634 4099 725 4152 τοῦ
756 4099 973 4171 ὲχθροῦ.
1012 4120 1029 4153 ι
1063 4102 1478 4174 Παραθαρῤύνει
1517 4122 1577 4157 τε
1613 4104 1786 4173 λέγων
1809 4124 1821 4137 °

255 4209 273 4241 ι
318 4190 510 4259 Θλίψιν
560 4191 712 4259 ἔχετε
756 4194 814 4244 ἐν
848 4191 924 4262 τῷ
968 4193 1178 4263 κόσμῳ,
1229 4195 1364 4249 ἀλλά
1409 4197 1679 4269 θαρσεῖτε,
1715 4200 1826 4269 ἐγὼ

249 4280 510 4351 νενίκηκα
557 4280 647 4334 τὸν
681 4281 901 4350 κόσμον.
959 4303 976 4332 ι
1029 4284 1237 4338 Οὐκοῦν
1274 4284 1580 4357 ἐξαίρονται
1630 4291 1728 4358 μὲν
1775 4291 1825 4343 οί

249 4371 345 4438 τῆς
388 4368 714 4438 Ἐκκλησίας
743 4368 1253 4440 κατεξανιστάμενοι
1285 4375 1425 4427 κατὰ
1454 4379 1697 4447 καιροὺς,
1734 4380 1826 4433 ἐπὶ

1923 1947 2367 2011 oppugnaverunt
2408 1955 2421 1991 :
2473 1936 2644 2007 gratia
2695 1945 2872 1990 autem
2935 1942 2990 1988 et
3045 1930 3484 1987 miserationibus

1923 2028 2381 2098 comprehendere
2405 2026 2621 2079 domum
2653 2022 2809 2088 Juda,
2852 2032 2907 2077 et
2940 2022 3242 2077 habitantes
3266 2019 3490 2075 Jerusa—

1924 2120 2049 2184 lem,
2079 2104 2180 2172 hoc
2206 2128 2309 2177 est,
2339 2114 2592 2170 Ecclesiae
2615 2114 2780 2178 cives,
2815 2122 2870 2166 et
2892 2126 3005 2177 eos,
3048 2111 3137 2179 qui
3167 2110 3231 2162 ad
3267 2108 3492 2161 laudan-

1924 2214 2049 2266 dum
2109 2207 2384 2264 constituti
2438 2214 2606 2260 sunt:
2642 2204 2732 2273 qui
2786 2218 3001 2257 rursum
3057 2200 3226 2268 accipi
3272 2206 3496 2268 possunt

1925 2303 2211 2357 adorantes
2262 2299 2575 2359 Christum,
2624 2304 2678 2349 et
2737 2294 2995 2351 submissi
3047 2292 3281 2347 oraculis
3320 2306 3541 2347 evan-2
3596 2298 3599 2301 ‘

1924 2390 2107 2460 gelicis
2135 2428 2151 2453 ,
2193 2387 2511 2443 laudabilem
2560 2385 2799 2454 nullique
2850 2385 3019 2453 culpa:
3063 2382 3273 2436 alliuem
3326 2382 3491 2436 vitam

1925 2480 2246 2535 excolentes.
2295 2474 2589 2530 lmbecilles
2640 2474 2782 2528 enim
2829 2472 2943 2526 fore
2982 2471 3202 2525 omnino
3248 2471 3494 2525 veritatis

1926 2569 2192 2631 inimicos,
2220 2568 2553 2621 demonstrat
2584 2564 2698 2632 ipse
2724 2562 2973 2617 Salvator
2997 2577 3117 2616 cum
3149 2560 3277 2616 dicit
3310 2578 3323 2614 :
3361 2579 3381 2612 ι
3412 2559 3491 2614 Tu

1923 2675 1982 2713 es
2012 2659 2224 2720 Petrus,
2253 2664 2310 2709 et
2356 2671 2517 2722 super
2562 2655 2700 2708 hanc
2732 2663 2939 2723 petram
2989 2653 3266 2708 aediﬁcabo
3306 2652 3494 2707 Eccle-

1924 2750 2058 2804 siam
2090 2762 2285 2811 meam,
2310 2755 2364 2801 et
2394 2755 2559 2813 portae
2588 2745 2745 2799 inferi
2775 2759 2878 2798 non
2909 2743 3277 2813 praevalebunt
3304 2745 3494 2797 adver-

1924 2855 2018 2893 sus
2065 2838 2271 2893 eam“.
2312 2856 2330 2888 ›
2398 2837 2537 2891 Ecce
2602 2835 2691 2889 hic
2761 2843 3018 2889 conantes
3069 2848 3189 2887 eam
3243 2835 3493 2904 persequi

1924 2938 2108 2998 portas
2160 2938 2345 2990 vocat,
2411 2926 2573 2980 veluti
2635 2935 2848 2994 peStes,
2898 2933 2952 2979 et
2996 2925 3196 2990 exitia,
3252 2934 3307 2979 et
3366 2926 3495 2993 ipsis

1923 3022 2259 3074 adhaerentes
2291 3021 2357 3072 ad
2397 3017 2616 3086 pedicas
2661 3014 2954 3070 inferorum
2995 3016 3259 3070 deducere
3285 3016 3489 3070 solitos.

1924 3111 2238 3179 Torpebunt
2272 3108 2455 3178 igitur,
2494 3108 2601 3162 imo
2639 3106 2894 3161 tollentur
2932 3105 3020 3174 qui
3059 3106 3255 3160 bellum
3296 3107 3345 3163 ei
3380 3122 3493 3157 mn-

1922 3202 2122 3263 verint,
2153 3206 2209 3251 et
2253 3198 2306 3251 in
2343 3196 2638 3266 perniciem
2682 3195 2853 3249 ibunt.
2887 3213 2904 3245 ι
2934 3193 3113 3248 Multae
3147 3195 3312 3257 enim,
3352 3193 3492 3261 quod

1925 3306 2085 3345 nemo
2127 3288 2323 3353 nescit,
2356 3296 2482 3342 sunt
2534 3285 2912 3340 tribulationes
2945 3284 3211 3352 juslorum
3246 3303 3259 3338 :
3293 3288 3386 3339 sed
3427 3286 3492 3339 de

1924 3385 2009 3439 his
2052 3381 2305 3439 omnibus
2344 3379 2595 3433 liberabit
2637 3392 2729 3432 eos
2770 3377 3025 3430 Dominus
3048 3374 3117 3428 δν.
3151 3394 3168 3426 ι
3208 3376 3274 3429 Ει
3304 3391 3490 3430 Verum

1925 3485 2027 3539 est,
2063 3492 2081 3525 ι
2111 3487 2301 3527 omnes
2345 3470 2437 3540 qui
2468 3469 2555 3539 pie
2588 3467 2766 3522 volent
2798 3467 2976 3521 vivere
3009 3468 3060 3520 in
3092 3465 3327 3531 Christo,
3367 3481 3491 3536 per-

1925 3566 2229 3623 secutiones
2252 3577 2507 3633 passuros
2525 3562 2590 3614 ⁹⁰.
2624 3582 2641 3611 ι
2679 3558 2943 3612 Caeterum
2987 3557 3203 3611 inutiles
3253 3565 3308 3610 et
3338 3557 3491 3610 inva-

1925 3661 2063 3714 lidas
2138 3655 2510 3710 insidiantium
2578 3650 2929 3720 cOgitatioues
3001 3656 3055 3702 et
3132 3648 3494 3719 ausus_ipsos

1924 3748 2178 3805 Christus
2205 3746 2352 3809 facit,
2377 3745 2466 3813 qui
2492 3742 2639 3798 dedit
2672 3758 2691 3791 ι
2723 3740 2876 3795 nobis
2903 3746 3224 3807 potestatem
3250 3738 3493 3794 calcandi

1927 3839 2088 3910 783
2129 3852 2290 3907 supra
2345 3842 2664 3904 serpentes,
2715 3840 2770 3885 et
2816 3832 3167 3899 scorpiones,
3229 3840 3284 3884 et
3333 3844 3495 3899 supra

1925 3947 2140 3989 omnem
2168 3932 2418 3986 virtutem
2448 3927 2651 3982 inimici
2675 3924 2742 3979 ".
2773 3943 2791 3974 ι
2829 3923 2900 3978 Et
2934 3923 3220 3978 conﬁrmat
3248 3938 3348 3977 nos
3370 3937 3493 3977 cum

1926 4027 2002 4080 ait
2030 4042 2045 4079 :
2077 4043 2095 4076 ι
2128 4023 2183 4078 1η
2214 4022 2413 4077 mundo
2448 4033 2753 4090 pressuram
2784 4015 3070 4079 habebitis,
3101 4014 3193 4069 sed
3221 4014 3492 4081 conﬁdite,

1927 4118 2050 4187 quia
2081 4131 2180 4187 ego
2204 4115 2308 4170 vici
2345 4114 2600 4169 mundum
2625 4116 2693 4166 θ’.
2727 4129 2745 4162 ι
2782 4109 3060 4164 Tollenlur
3106 4108 3285 4175 itaque
3314 4122 3344 4160 e
3383 4120 3495 4160 nie-

1928 4210 2018 4263 dio
2059 4209 2149 4277 qui
2197 4206 2491 4276 aliquando
2523 4204 2574 4257 in
2628 4201 2923 4256 Ecclesium
2961 4199 3247 4267 insurgunt
3279 4213 3295 4249 :
3332 4209 3496 4263 super

1929 4299 2074 4369 ipsos
2120 4308 2322 4363 autem,
2374 4298 2476 4351 hoc
2538 4302 2641 4357 est,
2699 4307 2861 4360 super
2912 4290 3214 4349 credentes,
3265 4286 3494 4340 ubertim

1934 4406 1953 4441 ι
1986 4389 2208 4459 spiritus
2236 4387 2421 4454 gratia:
2441 4394 2495 4438 et
2533 4382 2893 4437 miserationis
2922 4400 2941 4433 ι
2994 4378 3303 4435 cﬂ'unditur.
3325 4376 3496 4431 Ornat

251 4461 303 4513 δέ
332 4478 393 4529 γε
428 4462 552 4524 τοὺς
584 4461 771 4524 αὑτοῦ,
815 4462 1058 4517 τουτέστι
1109 4466 1234 4528 τοὺς
1280 4466 1698 4534 πιστεύσαντας,
1728 4474 1818 4524 ὲκ-

1926 4481 2069 4536 cnim
2099 4493 2198 4533 uos
2234 4476 2392 4530 bonis
2422 4474 2732 4530 coelestibus
2779 4474 2918 4527 Deus
2945 4479 3003 4526 et
3036 4470 3219 4535 Pater,
3248 4478 3301 4521 et
3332 4467 3496 4535 spiri-

252 4555 422 4619 χεῖται
460 4553 726 4616 πλουσίως
771 4573 789 4603 ι
817 4553 1039 4623 Πνεῦμα
1086 4556 1304 4625 χάριτος
1333 4558 1426 4611 καὶ
1454 4561 1759 4630 οἰκτιρμοῦ.
1798 4583 1814 4614 ›

254 4644 512 4712 Στεφανοί
544 4645 653 4714 γὰρ
690 4648 836 4715 ἡμᾶς
857 4648 968 4709 τοῖς
997 4647 1201 4701 ἀνωθεν
1239 4649 1463 4716 ἀγαθοῖς
1510 4652 1538 4702 ὀ
1568 4652 1698 4716 Θεὸς
1729 4654 1821 4707 καὶ

257 4734 465 4804 Πατὴρ,
523 4736 617 4787 καὶ
663 4738 1045 4816 πνευματικῶν
1096 4738 1398 4809 ἐμπίπλησι
1445 4746 1818 4813 χαρισμάτων,

258 4824 339 4877 ίνα
366 4827 457 4879 τὸν
496 4827 596 4895 τῆς
634 4827 871 4892 διανοίας
906 4830 1182 4898 ὀφθαλμὸν
1226 4833 1360 4899 πρὸς
1399 4834 1561 4886 αὑτὸν
1606 4838 1819 4890 ἀνατεί-

254 4930 459 4980 ναντες,
492 4919 577 4971 ἐπ’
609 4919 757 4988 αύτῴ
786 4921 964 4973 πᾶσαν
989 4921 1203 4991 ἔχοιμεν
1239 4924 1445 4977 ἐλπίδα.
1486 4925 1655 4979 Τοῦτο
1690 4928 1818 4999 γὰρ,

256 4999 425 5072 οἶμαι,
466 5008 581 5060 ἔστι
622 5010 701 5073 τὸ,
746 5028 765 5061 ι
811 5010 1221 5081 Ἐπιὸλέψονται
1260 5015 1394 5084 πρός
1433 5034 1521 5085 με.
1561 5036 1578 5067 ι
1615 5020 1821 5072 Διακεί-

262 5114 407 5165 μενοι
437 5100 493 5154 δὲ
522 5102 683 5165 οὕτω,
717 5104 1027 5173 γαννύμεθα
1058 5106 1157 5175 μὲν
1184 5106 1268 5175 ἐφ’
1298 5109 1529 5171 ἑαυτοῖς,
1565 5111 1742 5180 φαμὲν
1767 5111 1820 5163 δὲ

258 5187 318 5253 δὴ
358 5188 759 5258 δοξολογοῦντες
787 5194 945 5251 Θεόν’
985 5214 1003 5246 ι
1042 5195 1286 5264 Εύλόγει,
1328 5201 1360 5267 ἡ
1393 5198 1537 5267 ψυχή
1575 5216 1698 5269 μου,
1729 5199 1819 5251 τὸν

260 5281 477 5352 Κύριον,
512 5286 602 5338 τὸν
648 5287 1024 5341 εὐῖλατεύοντα
1070 5289 1248 5353 πάσας
1285 5289 1380 5352 τὰς
1427 5290 1653 5360 ἀνομίας
1702 5309 1815 5355 σου»

1931 4569 2164 4624 tualibus
2191 4566 2346 4622 donis
2375 4564 2634 4630 cumulat,
2662 4576 2720 4619 ut
2762 4562 2958 4617 mentis
2980 4561 3192 4617 oculum
3221 4559 3286 4612 ad
3320 4559 3492 4626 ipsum

1931 4662 2199 4724 tollentes,
2252 4673 2467 4714 omnem
2520 4658 2573 4711 in
2625 4671 2690 4711 eo
2743 4655 2994 4709 liduciam
3035 4652 3378 4707 collocemus.
3441 4646 3495 4701 ιιι

1928 4753 2072 4805 enim
2112 4760 2215 4814 est,
2246 4751 2457 4819 opinor,
2492 4748 2633 4817 quod
2677 4747 2831 4813 dicit,
2870 4764 2888 4798 ι
2913 4744 3186 4815 Aspicieut
3216 4742 3303 4795 ad,
3330 4755 3431 4794 me.
3470 4760 3487 4789 ι

1930 4844 2045 4910 Quo
2073 4843 2287 4910 quidem
2323 4841 2481 4895 modo
2520 4838 2720 4901 aﬂ‘ecti,
2761 4837 3004 4892 laztamur
3032 4835 3083 4889 in
3121 4836 3261 4896 sinu,
3303 4841 3355 4886 et
3384 4831 3495 4884 lau-

1930 4934 2124 4987 dantes
2154 4933 2434 4987 Dominum
2469 4930 2700 4984 dicimus
2733 4950 2745 4983 :
2783 4947 2800 4980 ι
2830 4926 3078 4990 Benedic,
3123 4924 3301 4977 anima
3354 4936 3493 4986 mea,

1934 5024 2253 5085 Dominum,
2309 5022 2397 5089 qui
2453 5019 2773 5089 propitiatur
2817 5016 3065 5071 omnibus
3123 5011 3495 5081 iniquitatibus

1933 5115 2059 5175 tuis,
2094 5114 2181 5179 qui
2217 5120 2374 5166 sanat
2406 5126 2595 5166 omnes
2621 5109 2969 5163 inﬁrmitates
2998 5116 3134 5170 tuas,
3161 5104 3253 5173 qui
3278 5101 3494 5157 redimit

1930 5206 1993 5257 de
2037 5202 2254 5257 interitu
2291 5202 2454 5255 vitam
2498 5211 2663 5262 tuam,
2694 5198 2786 5268 qui
2830 5206 3051 5251 coronat
3099 5205 3149 5247 te
3196 5192 3247 5245 in
3282 5191 3491 5243 miseri—

1929 5296 2110 5347 cordia
2143 5303 2198 5347 et
2240 5292 2698 5356 miserationibus,
2730 5290 2819 5359 qui
2865 5289 3028 5357 rcplct
3065 5286 3115 5341 in
3158 5282 3313 5338 bonis
3352 5281 3491 5335 dcsi-

260 5370 345 5472 τδν
383 5375 606 5444 ἰώμενον
648 5378 827 5441 πάσας
859 5378 955 5441 τὰς
978 5379 1165 5441 νόσους
1197 5396 1310 5445 σου,
1339 5379 1428 5432 τὸν
1460 5380 1818 5452 λυτρούμενον

1927 5385 2133 5439 dcrium
2165 5394 2309 5438 tuum
2336 5385 2399 5435 93.
2434 5402 2451 5435 ›

262 5475 320 5513 εκ
348 5464 549 5536 φθορᾶς
592 5467 689 5538 τὴν
737 5470 881 5538 ζωήν
923 5487 1037 5534 σου,
1069 5471 1169 5539 ,τὸν
1239 5472 1604 5541 στεφανοῦντά
1652 5493 1710 5526 σε
1757 5478 1813 5528 ἐν
1854 5476 1992 5530 ἐλέει
2039 5479 2128 5530 καὶ
2188 5479 2505 5548 οἱκτιρμοῖς,
2535 5476 2626 5527 τὸν
2691 5470 3043 5543 ὲμπιπλῷντα
3066 5470 3121 5521 ἐν
3148 5466 3366 5535 ἀγαθοῖς
3391 5461 3491 5533 τὴν

262 5551 545 5629 ἐπιθυμίαν
572 5576 687 5613 σου.
725 5578 742 5610 ι

325 5669 367 5700 ⁸⁷
401 5670 563 5745 Hebr.
597 5689 633 5745 ι,
676 5673 727 5726 ὅ.
803 5670 1058 5745 ξδΜιιιιίι.
1088 5692 1195 5740 λη,
1232 5678 1309 5733 18.
1382 5682 1425 5712 δ⁹
1453 5679 1589 5734 Psul.
1626 5695 1811 5745 χχχιιι,
1838 5680 1927 5733 ‘20.

265 5733 349 5791 33.
419 5741 463 5773 “
495 5733 638 5797 Psal.
676 5758 768 5807 cn,
809 5743 914 5797 1-5.

2008 5680 2049 5710 ⁹⁰
2081 5678 2123 5734 ll
2152 5679 2288 5735 Tim.
2324 5694 2404 5743 Ill,
2464 5675 2546 5731 12.
2626 5675 2664 5706 “
2700 5672 2828 5729 Luc.
2865 5688 2914 5740 v,
2954 5672 3033 5729 19.
3111 5668 3334 5728 “103".
3367 5682 3482 5739 ενι»
