4070 6520
587 328 693 387 221

1576 324 1633 377 s.
1678 304 1956 378 cvruLLi
1994 320 2468 376 ALEXANDRINI
2507 320 2831 376 ARCIIIEP.

3752 320 3866 375 9.9.8

592 457 698 497 tem
733 439 945 496 Natban
978 440 1090 508 (hic
1117 450 1232 495 erat
1262 440 1549 510 prapheta,
1596 455 1695 493 nec
1725 441 1947 494 omnino
1978 440 2160 507 verax)

2270 439 2441 509 φυλῆς
2484 439 2666 503 Δαεὶδ,
2696 439 2813 509 ήτοι
2858 436 2949 490 τοῦ
2992 436 3188 498 Ἰούδα.
3235 436 3333 505 τῆς
3366 435 3645 505 βασιλείας
3700 437 3865 490 ὲκκοο

590 534 843 589 similiter
882 533 1136 603 plangeut
1167 551 1181 586 :
1216 547 1321 586 non
1361 532 1504 586 enim
1558 531 1741 585 licebit
1787 532 1892 584 illis
1938 530 2167 600 amplius

592 624 878 679 vaticinari
914 626 1118 693 iniqua,
1143 633 1197 678 et
1227 623 1368 693 loqui
1397 623 1466 678 de
1492 623 1655 677 corde
1684 637 1782 677 suo
1804 624 1846 686 ⁸,
1877 632 1930 676 et
1962 636 2167 677 sermo—

592 731 691 772 nes
750 730 879 770 suos
942 729 1041 784 pro
1107 714 1305 768 divinis
1364 715 1643 768 venditare
1699 712 2163 783 imprudentibus,

594 809 825 874 indeque
854 817 1011 876 turpe
1053 807 1263 860 lucrum
1296 805 1575 874 colligere.
1611 803 1782 859 Habet
1810 818 1970 873 porro
2002 803 2168 858 tradi-

594 898 690 963 tio,
724 897 940 953 Judazos
967 898 1178 967 judices
1207 911 1304 965 per
1326 905 1573 966 tempora
1604 910 1699 950 sua
1725 895 2071 961 constitutos,
2099 894 2168 949 de

594 990 734 1042 tribu
779 987 1047 1042 Simeonis
1100 987 1315 1057 legisse,
1352 986 1517 1057 786
1556 994 1738 1055 utpote
1787 999 1907 1055 quae
1950 982 2168 1039 ﬂoreret

589 1080 724 1134 viris
754 1078 1217 1149 prudentissimis,
1268 1087 1322 1132 et
1369 1078 1546 1148 legum
1588 1075 1984 1143 scientissimis,
2024 1084 2079 1129 et
2113 1075 2164 1128 in

590 1173 700 1226 vita
734 1172 799 1225 ad
843 1171 987 1241 leges
1019 1171 1425 1225 accommodata
1461 1169 1674 1223 cmteris
1708 1168 1873 1222 multo
1901 1175 2167 1237 praestan-

592 1260 842 1316 tioribus.
892 1261 1359 1316 Lamentabuntur
1409 1271 1592 1314 autem
1644 1259 1700 1314 bi
1729 1274 1961 1329 quoque.
2016 1258 2166 1314 Hauc

588 1355 659 1409 ub
720 1368 938 1408 causam
991 1352 1143 1417 dicit,
1206 1353 1405 1406 tribum
1460 1352 1679 1406 Simeon
1742 1352 2161 1404 lamentaturam

589 1458 853 1499 seorsum.
892 1442 1010 1496 Non
1056 1442 1201 1496 enim
1241 1442 1455 1496 sincere
1479 1440 1665 1510 judicii
1714 1456 1909 1495 munus
1939 1455 2167 1495 exerce~

590 1536 737 1599 baut,
782 1548 956 1601 neque
991 1532 1191 1587 divinis
1226 1531 1436 1601 legibus
1472 1532 1858 1598 obsequentes,
1888 1545 2006 1599 qua:
2057 1530 2167 1585 Deo

588 1625 880 1691 placerent,
930 1630 1189 1693 praestare
1232 1623 1593 1685 conabantur,
1632 1621 1727 1675 sed
1760 1621 1942 1690 lucris
1987 1621 2165 1689 potius

587 1714 889 1777 inhiabant,
918 1713 1192 1768 levissimo
1228 1715 1401 1781 pretio
1431 1713 1591 1767 ﬁdem
1629 1727 1782 1767 suam
1830 1713 2162 1775 addicentes,

2270 530 2484 593 πέντες,
2528 527 2959 597 κατοιμὼζουσιν
2989 528 3253 597 ἀσχέτως,
3284 527 3361 590 ὡς
3390 528 3489 598 τῆς
3522 526 3668 579 οὕτω
3704 544 3866 596 περιρ

2270 620 2470 689 φανοῦς
2499 620 2747 683 εὐκλείας
2787 619 3265 689 ἀποστερούμενοι.
3308 620 3376 670 (ιι
3409 635 3473 686 γε
3511 619 3617 689 μὴν
3656 620 3722 670 ὲκ
3759 621 3865 688 τῆς

2267 710 2362 765 τοῦ
2394 711 2547 777 Λευὶ,
2564 710 2675 785 τῶν
2705 713 2768 765 ἐκ
2802 711 2899 781 τῆς
2931 711 3231 782 ἱερωσύνης
3258 697 3626 779 ἐξωθούμενοῖ
3654 710 3863 780 γερῶν,

2267 801 2403 872 ὁμοῦ
2435 801 2649 870 γυναιξὶ
2678 801 2993 871 ποιήσονται
3032 801 3121 855 τὸν
3148 801 3379 872 κομμὸν.
3409 802 3471 854 Oi
3499 800 3556 854 δὲ
3591 802 3656 853 ὲκ
3684 800 3868 871 φυλῆς

2268 893 2361 946 τοῦ
2397 893 2606 959 Νάθαν,
2648 896 2935 966 προφήτης
2961 893 3017 945 δὲ
3046 886 3200 956 οὗτος
3224 888 3314 961 ἦν,
3356 892 3451 945 καὶ
3491 892 3612 962 οὐχὶ
3638 892 3866 952 πάντως

2267 981 2491 1053 ἀληθὴς,
2526 981 2781 1051 κόψονται
2824 981 3012 1035 πόιλιν⁹
3042 981 3103 1033 οὑ
3136 979 3245 1051 γὰρ
3282 975 3350 1051 ἦν
3381 980 3565 1043 αὐτοῖς
3605 979 3688 1031 ἔτι
3721 995 3865 1049 προ-

2270 1073 2523 1143 φητεύειν
2545 1072 2725 1136 ἀδικα,
2753 1072 2848 1125 καὶ
2884 1071 3065 1124 λαλεῖν
3098 1071 3169 1124 τὰ
3199 1069 3309 1123 ἀπὸ
3339 1070 3586 1141 καρδίας,
3619 1069 3717 1123 καὶ
3744 1073 3867 1133 τοῖς

2268 1166 2546 1228 ἀσυνέτοις
2583 1164 2923 1219 καταπωλεῖν
2946 1165 3023 1227 ὡς
3057 1162 3208 1235 παρὰ
3232 1161 3369 1216 Θεοῦ
3407 1163 3533 1225 τοὺς
3570 1161 3737 1224 ἰδίους
3773 1161 3869 1214 λό-

2268 1274 2431 1325 γους,
2475 1257 2567 1310 καὶ
2609 1256 2707 1319 τὰς
2759 1254 3008 1309 ἐντεῦθεν
3062 1253 3341 1323 συλλέγειν
3389 1252 3861 1324 αἰσχροκερδείας.

2271 1350 2425 1420 Ἔχει
2451 1348 2506 1401 δὲ
2535 1351 2569 1418 ἡ
2599 1347 2915 1419 παράδοσις,
2946 1348 3028 1400 ὅτι
3066 1348 3191 1409 τοὺς
3223 1344 3418 1417 κριτὰς
3453 1344 3701 1398 Ἰουδαῖοι
3731 1344 3865 1405 τοὺς

2268 1439 2698 1508 καθισταμένους
2732 1439 2871 1492 κατά
2898 1437 3121 1510 καιροὺς
3142 1439 3206 1490 ὲκ
3229 1437 3327 1507 τῆς
3360 1435 3584 1506 Συμεὼν
3614 1435 3867 1505 ἐδέχοντο

2268 1531 2460 1600 φυλῆς,
2488 1531 2583 1584 ἆτε
2610 1531 2675 1599 δὴ
2717 1530 3115 1592 συνετωτάτους
3172 1529 3268 1582 καὶ
3298 1527 3625 1599 νομομαθεῖς
3656 1527 3868 1597 ἄνδρας

2268 1621 2521 1693 ἐχούσης,
2550 1623 2644 1675 καὶ
2675 1621 2808 1675 πολὺ
2843 1621 2952 1673 τῶν
2973 1620 3148 1673 ἀλλων
3187 1618 3656 1690 προφερεστέρους
3678 1617 3763 1679 εἷς
3796 1633 3867 1683 γε

2267 1714 2327 1767 τὸ
2355 1713 2453 1783 ζῇν
2502 1712 2717 1766 ἑλέσθαι
2754 1713 3012 1782 ἐννόμως.
3054 1711 3154 1765 Διά
3188 1711 3347 1764 τοῦτό
3386 1726 3551 1780 φησιν
3594 1709 3676 1762 ὅτι
3710 1707 3864 1778 dtuli;

584 1815 640 1858 et
700 1815 762 1858 ut
814 1805 889 1858 ait
941 1805 1254 1873 prapheta:
1305 1803 1573 1858 «Judices
1627 1817 1813 1857 eorum
1872 1803 2016 1856 sicut
2060 1801 2160 1870 lupi

2272 1804 2495 1875 Συμεὼν
2537 1804 2762 1873 διόψεται
2798 1804 2917 1857 καθ’
2954 1804 3177 1872 ἑαυτήν.
3206 1802 3364 1865 ’Ἱδιος
3391 1801 3450 1855 δέ
3486 1818 3569 1865 τις
3602 1801 3699 1853 καὶ
3735 1802 3867 1854 τού-

586 1895 806 1949 Arabia:
853 1895 896 1947 ⁵.
928 1913 946 1944 ›
990 1893 1299 1949 Lamentari
1337 1904 1515 1949 autem
1558 1908 1664 1948 una
1696 1893 1859 1947 etiam
1891 1892 2024 1948 alias
2069 1892 2161 1946 tri.

586 1984 690 2039 bus
718 1984 1022 2054 oportebat,
1053 1984 1543 2053 ut-jucundissimis
1577 1985 1677 2038 sibi
1714 1984 1909 2037 ritibus
1952 1994 2005 2038 et
2035 1982 2169 2036 locis

585 2073 814 2142 ejectas,
855 2074 965 2128 imo
999 2083 1053 2127 et
1077 2074 1193 2143 ipsa
1239 2085 1413 2128 morte
1452 2088 1639 2128 earum
1680 2075 1945 2144 capitibus
1987 2074 2165 2127 immi-

586 2173 773 2230 nente,
819 2164 1045 2234 ipsaque
1077 2164 1223 2220 fame
1264 2165 1435 2221 instar
1478 2165 1691 2219 hostilis
1733 2163 1898 2235 gladii
1933 2179 2026 2220 eas
2071 2163 2163 2219 ab-

582 2264 847 2309 sumente.

2271 1911 2384 1957 τοις
2410 1895 2438 1945 ὁ
2469 1892 2683 1964 θρῆνος.
2713 1894 2786 1946 Οὐ
2827 1893 2934 1962 γὰρ
2964 1892 3175 1963 ἔκρινον
3214 1889 3410 1961 ὀρθῶς,
3438 1888 3561 1941 οὕτε
3602 1888 3711 1959 μὴν
3748 1891 3867 1951 τοῖς

2270 1983 2434 2046 θείοις
2476 1983 2715 2046 εἴκοντες
2746 1982 2950 2053 νόμοις,
2982 1982 3044 2035 τὸ
3072 1980 3151 2050 τῷ
3177 1979 3297 2050 Θεῷ
3323 1978 3513 2034 δοκοῦν
3552 1979 3868 2049 ἀποπεραί-

2267 2093 2378 2129 νειν
2425 2076 2778 2139 ἐσπούδαζον,
2825 2070 2965 2145 ἦσαν
3012 2073 3070 2126 δὲ
3122 2072 3320 2143 μᾶλλον
3356 2070 3727 2142 φιλοκερδεῖς,
3765 2070 3869 2123 καὶ

2263 2168 2617 2229 εὐωνότατοι,
2663 2166 2758 2219 καὶ
2882 2181 3048 2237 φησιν
3086 2166 3114 2218 ό
3160 2165 3483 2235 προφήτης,
3521 2182 3538 2213 ι
3567 2163 3631 2215 Ol
3671 2162 3865 2231 κριταὶ

2262 2259 2431 2330 αὐτῆς
2459 2258 2535 2322 ὡς
2560 2258 2713 2311 λύκοι
2746 2259 2844 2329 τῆς
2871 2256 3183 2329 Ἀραόἰας.ι
3212 2254 3614 2326 Συνοδύρεσθαι.
3637 2254 3695 2307 δὲ
3726 2252 3866 2305 ταῦ-

580 2362 699 2409 ταις
740 2349 1033 2418 ἀναγκαῖὸν
1067 2367 1182 2414 πως
1219 2346 1287 2421 ἦν
1360 2350 1455 2403 καὶ
1526 2348 1627 2412 τὰς
1667 2349 1858 2421 ἐτέρας
1895 2351 2096 2419 φυλὰς,
2134 2350 2229 2405 ἆτε
2268 2352 2331 2422 δὴ
2374 2352 2479 2405 τῶν
2517 2351 2747 2421 ἡδίστων
2785 2352 2976 2414 αὑταῖς
3014 2349 3152 2403 ὲθῶν
3187 2366 3247 2403 τε
3290 2349 3387 2402 καὶ
3428 2345 3608 2398 τόπων
3647 2346 3867 2413 ἔκπεμ-

580 2440 845 2509 πομένας,
882 2443 1082 2513 μᾶλλον
1112 2444 1167 2496 δὲ
1200 2444 1293 2496 καὶ
1324 2442 1487 2495 αὑτοῦ
1520 2443 1750 2496 θανάτου
1782 2445 2163 2515 ἐπηρτημένου
2201 2450 2321 2510 ταῖς
2388 2447 2539 2517 σφῶν
2577 2447 2839 2517 κεφαλαῖς
2873 2445 3187 2514 ,φθάνοντος
3218 2444 3275 2497 δὲ
3338 2443 3526 2512 ὥσπερ
3556 2439 3666 2493 τῶν
3695 2437 3863 2491 πολε·

585 2536 722 2601 μίων
749 2533 811 2586 τὸ
840 2533 989 2603 ξίφος
1024 2534 1118 2588 καὶ
1145 2533 1310 2588 αὑτοῦ
1342 2533 1436 2587 τοῦ
1471 2534 1651 2603 λιμοῦ.

1204 2666 1359 2722 CAP.
1402 2666 1540 2722 XIII.

655 2802 816 2855 Vnus.
874 2800 925 2853 1.
970 2798 1035 2852 In
1070 2799 1152 2852 die
1187 2798 1281 2851 illa
1326 2800 1422 2851 erit
1455 2800 1621 2853 omnis
1667 2799 1811 2852 locus
1857 2810 2065 2868 apertus
2107 2801 2160 2852 in

582 2895 738 2947 domo
786 2891 977 2956 David,
1008 2900 1057 2945 et
1096 2890 1458 2944 habitantibus
1488 2889 1806 2953 Jerusalem,
1837 2901 1884 2944 et
1909 2892 1964 2945 in
1988 2901 2162 2944 trans-

583 2984 933 3039 mutationem
984 2994 1031 3037 et
1060 2984 1433 3052 aspersionem.

654 3161 839 3217 XCVI.
878 3160 1016 3231 Post
1063 3164 1165 3218 hoc
1216 3163 1503 3217 adventum
1558 3163 1758 3218 Christi
1814 3162 2163 3233 diligentibus

586 3268 849 3311 eventura
887 3257 1182 3324 percurrit.
1213 3256 1315 3321 Qui
1348 3256 1493 3310 enim
1541 3256 1593 3309 in
1641 3270 1739 3309 sua
1790 3255 2165 3311 incredulitate

587 3348 911 3403 insolentius
957 3363 1015 3403 se
1059 3355 1371 3418 gesserunt,
1410 3346 1831 3412 obsidebantur,
1866 3348 2064 3417 inquit,
2112 3358 2166 3403 et

586 3440 639 3493 in
672 3440 907 3494 miseriis
937 3439 1049 3494 suis
1088 3438 1390 3508 cjulabunt.
1429 3439 1527 3492 Ast
1564 3439 1617 3491 in
1663 3452 1747 3502 ea,
1776 3453 1936 3507 quam
1985 3448 2165 3492 mente

584 3542 917 3603 spectamus.
980 3540 1036 3585 et
1084 3545 1213 3585 vere
1274 3540 1461 3584 sancta
1510 3528 1884 3599 Hierosolyma
1908 3529 1953 3593 ⁸,
2004 3538 2059 3582 et
2108 3528 2160 3581 in

585 3623 748 3674 domo
786 3617 973 3679 David,
1010 3618 1112 3673 hoc
1136 3628 1239 3682 est,
1277 3617 1536 3683 Ecclesia,
1581 3619 1673 3673 ubi
1706 3632 1769 3672 ex
1808 3618 2018 3672 semine
2062 3617 2164 3671 Da-

489 3702 497 3709 ’
584 3711 676 3765 vid
708 3710 1006 3765 secundum
1032 3724 1250 3763 carnem
1280 3709 1528 3764 Christus
1556 3709 1892 3777 apparuerit,
1924 3726 1943 3759 ι
1975 3706 2162 3763 Omnis

584 3801 737 3856 locus
787 3800 1013 3870 patebit,
1044 3816 1067 3851 ι
1122 3799 1225 3853 hoc
1261 3807 1367 3865 est,
1424 3799 1589 3853 multa
1639 3801 1745 3853 erit
1799 3798 2051 3863 latitudo,
2106 3808 2162 3851 et

585 3891 739 3962 quasi
767 3891 1049 3945 remissum
1073 3901 1127 3949 et
1159 3890 1362 3956 laxum,
1393 3890 1906 3959 Optatissimumque
1937 3898 1990 3943 et
2011 3889 2157 3943 omni

584 3982 829 4038 molestia
872 3981 1262 4037 solutissimum
1300 3983 1511 4035 vivendi
1556 3994 1744 4050 genus.
1796 3979 1949 4034 Scias
1999 3994 2159 4048 porro

582 4074 768 4139 velim,
820 4075 872 4128 in
910 4074 1133 4129 Hebraea
1178 4075 1414 4129 editione
1453 4074 1777 4128 sententiam
1822 4075 1962 4128 hanc
2005 4074 2159 4128 aliter

583 4176 821 4218 exstare.
852 4162 985 4218 Nam
1012 4179 1130 4234 pro,
1166 4182 1186 4215 ι
1216 4164 1334 4218 Erit
1354 4163 1533 4219 omnis
1560 4163 1710 4218 locus
1738 4173 1977 4234 apertus,
2012 4182 2029 4215 ι
2060 4164 2155 4231 ait,

583 4256 702 4312 fore
740 4267 797 4311 ut
835 4259 1013 4312 omnis
1068 4256 1191 4312 fons
1227 4257 1507 4312 scaturiat.
1543 4255 1611 4311 Et
1641 4256 1919 4326 probabile
1947 4267 2029 4311 est
2065 4258 2157 4311 ad-

585 4349 837 4412 modum,
883 4348 1048 4403 etiam
1080 4347 1220 4403 LXX
1251 4349 1752 4419 interpretationem
1798 4349 1987 4404 eodem
2040 4360 2157 4405 ten-

582 4440 734 4503 dere,
785 4439 1035 4508 quamvis
1080 4440 1245 4495 verba
1296 4454 1455 4495 secus
1496 4441 1753 4505 habeant,
1809 4451 1865 4494 ut
1900 4441 2153 4511 quiddam

585 4529 851 4599 ejusmodi
891 4529 1249 4600 signiﬁcetur.
1286 4529 1561 4585 lncredula
1608 4546 1798 4602 nempe
1852 4542 1905 4587 et
1933 4533 2155 4587 recalci-

585 4632 756 4684 trans,
808 4634 1064 4691 perversa
1143 4630 1197 4676 et
1252 4622 1546 4691 apostatrix
1600 4621 1921 4688 Jerusalem,
1985 4642 2003 4675 ι
2034 4639 2156 4694 quae

585 4715 786 4769 occidit
814 4715 1127 4783 prophetas,
1165 4724 1219 4769 et
1252 4714 1455 4784 lapidat
1482 4730 1577 4771 eos
1617 4717 1706 4786 qui
1747 4718 1813 4770 ad
1843 4731 1962 4773 eam
2005 4718 2153 4772 missi

583 4806 774 4870 sunt",
811 4824 829 4858 ι
864 4805 1161 4876 condignas
1211 4805 1435 4863 audacia
1485 4822 1582 4863 sua
1634 4823 1823 4874 ptenas
1864 4810 2154 4878 persolvet.

586 4898 950 4953 Exscindelur
982 4899 1151 4961 enim,
1184 4914 1283 4954 ceu
1321 4899 1492 4955 malus
1530 4901 1745 4970 punica.
1778 4900 2157 4956 Habitantibus

584 5002 762 5043 autem
796 4989 1091 5044 Jerusalem
1123 5005 1243 5061 qua:
1270 4990 1625 5064 intelligentia
1663 4991 2013 5058 conspicitur,
2042 4993 2157 5047 sive

581 5083 802 5137 domum
849 5081 1008 5144 Juda.
1062 5084 1112 5137 id
1166 5093 1271 5149 est,
1327 5082 1554 5147 Christi,
1602 5101 1620 5134 ι
1649 5083 1754 5136 erit
1789 5082 1965 5136 omnis
2009 5082 2157 5137 locus

582 5181 824 5241 apertus,
856 5189 875 5222 ι
912 5176 1024 5225 sive
1054 5173 1107 5227 in
1146 5175 1292 5229 omni
1325 5174 1446 5229 loco
1476 5173 1618 5237 fons,
1651 5173 1985 5242 purgationis
2016 5188 2153 5242 aqua

584 5277 831 5327 manans,
880 5264 1068 5333 utique
1117 5267 1258 5319 sacri
1318 5265 1703 5335 baptismatis,
1749 5265 1814 5318 ad
1868 5264 2152 5318 utilitatem

583 5355 941 5423 credentium,
990 5375 1008 5407 ι
1040 5364 1093 5410 et
1145 5356 1199 5410 in
1254 5355 1759 5411 transmutationem
1804 5355 1966 5425 787
1994 5364 2049 5409 et
2101 5355 2153 5408 in

584 5449 970 5515 aspersionem.
1004 5467 1023 5501 ο
1052 5448 1308 5515 Quantam
1354 5449 1455 5503 ista
1498 5448 1911 5503 transmutatio?
1945 5446 2157 5502 Judan-

584 5552 702 5591 rum
748 5553 813 5594 ex
864 5538 1202 5595 institutione
1250 5538 1403 5609 legali
1458 5539 1524 5593 ad
1567 5539 1732 5593 vitam
1792 5537 1844 5592 iu
1901 5538 2153 5602 Christo,

655 5716 675 5746 ⁸
702 5713 903 5770 Jerem.
930 5731 1087 5779 ιιιιιιι.
1118 5716 1201 5772 l6.

1280 5717 1298 5747 ⁵
1332 5716 1570 5783 Suphun.
1601 5729 1683 5782 ιιι,
1715 5716 1765 5769 5.
1808 5715 1865 5785 εδ
1893 5713 2054 5767 llebr.
2095 5727 2187 5776 xit,
2219 5713 2306 5767 ‘22.

2881 2666 3133 2719 ΚΕΦΑΛ.
3169 2664 3267 2719 ΙΓ’.

2350 2800 2446 2852 Ἐν
2473 2798 2545 2867 τῇ
2585 2800 2775 2868 ἡμέρᾳ
2811 2799 3011 2867 ἐκείνῃ
3053 2799 3225 2853 ἔσται
3257 2797 3375 2864 πᾶς
3413 2799 3597 2863 τόπος
3630 2796 3860 2852 διανοι-

2268 2889 2518 2957 γόμενυς
2558 2890 2629 2942 ἐν
2656 2889 2737 2954 τῷ
2767 2889 2912 2955 οἴκῳ
2936 2888 3133 2953 Δαϐὶὸ,
3164 2888 3263 2944 καὶ
3307 2887 3432 2953 τοῖς
3464 2887 3862 2942 κατοικοῦσιν

2279 2979 2688 3051 Ἰερουσαλὴμ,
2730 2982 2826 3034 καὶ
2868 2984 2956 3044 εὶς
3002 2979 3117 3048 τὴν
3165 2980 3583 3049 μετακίνησιν,
3624 2979 3726 3033 καὶ
3771 2982 3861 3045 εἰς

2190 3049 2230 3105 C
2263 3071 2371 3124 τὸν
2387 3049 2745 3140 par-natuita

2338 3166 2468 3230 ιιςῖι.
2525 3162 2834 3234 Ἐπιτρέχει
2868 3161 2947 3232 τῷ
2995 3162 3137 3233 λόγῳ
3168 3162 3237 3215 τὰ
3286 3163 3426 3232 μετὰ
3475 3161 3634 3217 τοῦτο
3689 3162 3859 3216 πάλιν

2265 3255 2502 3325 ἐσόμενα
2542 3257 2655 3318 τοῖς
2702 3253 3013 3323 ἠγαπηκόσι
3058 3254 3158 3325 τὴν
3204 3255 3525 3325 ἐπιφάνειαν
3570 3254 3859 3325 τοῦ-Χρι-

2269 3344 2415 3399 στοῦ.
2457 3345 2522 3398 Οἱ
2564 3344 2661 3415 μὲν
2695 3344 2803 3412 γὰρ
2847 3347 2969 3407 ταῖς
3022 3344 3331 3408 ἀπειθείαις
3376 3345 3749 3416 ὲξυϐρικότες,
3798 3349 3856 3399 ἐν

2266 3436 2601 3506 πολιορκίαις
2633 3436 2865 3503 ἔσονται,
2903 3438 3055 3507 φησὶ,
3088 3438 3182 3490 καὶ
3214 3438 3306 3490 ἐπί
3345 3455 3406 3505 γε
3436 3440 3548 3501 τοῖς
3581 3438 3731 3507 σφῶν
3758 3441 3857 3492 αὐ-

2263 3528 2372 3581 τῶν
2405 3527 2822 3598 κατοιμώξουσι,
2845 3532 3056 3591 κακοῖς.
3116 3530 3204 3582 Ἐν
3246 3530 3302 3582 δέ
3345 3547 3407 3598 γε
3442 3534 3506 3601 τῇ
3539 3534 3705 3602 νοητῇ
3758 3532 3856 3584 καὶ

2266 3621 2397 3690 ἁγίᾳ.
2430 3621 2571 3675 κατά
2608 3621 2670 3673 τὸ
2716 3620 2915 3691 ἀληθὲς
2950 3621 3341 3692 Ἰερουσαλὴμ,
3379 3622 3472 3675 καὶ
3506 3625 3565 3675 ὲν
3603 3622 3683 3693 τῷ
3714 3624 3855 3693 οἴκῳ

2263 3710 2461 3774 Δασίδ,
2510 3711 2756 3763 τουτέστι
2811 3713 2877 3781 τῇ
2934 3710 3252 3782 Ἐκκλησία,
3292 3712 3387 3764 τοῦ
3438 3713 3738 3780 πεφηνότος
3791 3715 3853 3764 ἐκ

2265 3800 2574 3871 σπέρματος
2601 3800 2765 3853 Δαΰίδ
2798 3802 2939 3854 κατά
2973 3802 3151 3871 σάρκα
3187 3801 3446 3872 Χριστοῦ,
3483 3821 3502 3854 ι
3537 3803 3654 3867 Πᾶς
3679 3803 3851 3865 τόπος

2261 3892 2413 3945 ἔσται
2473 3891 2953 3961 διανοιγόμενος,ι
3008 3894 3281 3957 τουτέστι,
3332 3894 3501 3965 πολλή
3549 3912 3633 3958 τις
3688 3896 3851 3965 εὐρυ-

2261 3983 2457 4052 χωρία,
2489 3984 2585 4035 καὶ
2612 3981 2723 4035 οἷον
2754 3984 3010 4054 ἀνειμένη
3039 3984 3218 4038 δίαιτα
3244 3985 3568 4056 τριπόθητος
3593 3986 3687 4038 καὶ
3714 3987 3851 4039 ἁπο-

2260 4075 2495 4144 νωτάτη.
2534 4075 2730 4128 ’ἰστέον
2763 4075 2818 4128 δὲ
2858 4076 2940 4128 ὅτι
2970 4077 3031 4129 τὸ
3067 4077 3231 4148 ῥητὸν
3262 4077 3502 4148 Ἑϐραῖοι
3534 4078 3699 4132 πάλιν
3729 4079 3848 4131 ἑτέ-

2263 4183 2370 4236 ρως
2395 4167 2774 4223 ὲκδεδώκασιν.
2812 4169 2959 4221 Ἀντὶ
2989 4170 3097 4241 γὰρ
3121 4169 3239 4235 τοῦ,
3274 4188 3293 4222 ι
3327 4171 3518 4223 Ἔσται
3548 4172 3656 4233 πᾶς
3680 4168 3848 4232 τόπος

2257 4258 2685 4330 διανοιγόμενος,
2717 4279 2733 4311 ι
2773 4262 2955 4314 πᾶσαν
3000 4260 3219 4314 ἔσεσθαι
3250 4259 3431 4331 πηγὴν
3468 4259 3845 4331 ἀναϐρῦουσαν

2258 4351 2467 4420 ἔφησαν
2493 4351 2664 4405 αὐτοί.
2697 4351 2806 4404 Καὶ
2845 4352 2992 4415 εἰκός
3033 4369 3097 4420 γε
3142 4354 3365 4424 σφόδρα,
3407 4352 3501 4406 καὶ
3526 4354 3626 4421 τῆς
3666 4354 3843 4424 ἑρμη-

2261 4442 2408 4505 νείας
2440 4441 2553 4493 τῶν
2595 4441 3001 4513 Ἐδδομήκοντα
3030 4442 3122 4498 τὸν
3161 4442 3361 4496 σκοπὸν
3398 4442 3478 4506 εἰς
3514 4441 3673 4495 τοῦτο
3713 4442 3846 4495 αὐτὸ

2265 4531 2653 4595 συντείνεσθαι,
2700 4533 2804 4586 κᾶν
2833 4534 2882 4586 εἰ
2928 4534 3130 4605 ἑτέρως
3162 4534 3275 4604 έχοι
3306 4535 3406 4605 τῆς
3438 4528 3548 4587 τῶν
3582 4533 3846 4605 ῥημάτων

2269 4625 2543 4695 προφορᾶς
2567 4625 2596 4676 ὁ
2630 4625 2851 4695 τρόπος,
2883 4625 2968 4679 ἵνα
2995 4643 3048 4679 τι
3079 4623 3370 4699 τοιοῦτονῇ
3400 4627 3461 4679 τὺ
3492 4625 3839 4697 δηλούμενον.

2272 4714 2337 4766 Ἦ
2388 4714 2486 4784 μὲν
2529 4715 2638 4786 γὰρ
2677 4716 2938 4786 ἀπειθὴς,
2986 4718 3081 4772 καὶ
3118 4716 3329 4786 ὲεήνιος
3379 4716 3765 4787 Ἰερουσαλὴμ,
3808 4717 3841 4787 ὴ

2264 4808 2475 4877 πονηρά
2504 4825 2564 4860 τε
2612 4808 2709 4861 καὶ
2739 4809 3070 4872 ἀποστάτις,
3121 4828 3138 4860 ι
3178 4808 3243 4862 Ἦ
3274 4809 3670 4862 ἀποκτείνουσα
3717 4814 3841 4871 τοὺς

2264 4900 2567 4967 προφήτας,
2601 4899 2697 4952 καλ⁹
2721 4899 3066 4953 λιθοϐολοῦσα
3090 4902 3213 4962 τοὺς
3237 4899 3679 4969 ἀπεσταλμένους
3708 4900 3841 4970 πρὸς

2262 4990 2451 5058 αὐτὴν,
2480 5008 2497 5041 ι
2534 4990 2635 5053 τὰς
2665 4994 2777 5054 τοῖς
2811 4974 2960 5055 ἰδίοις
2992 4990 3333 5061 τολμήμασιν
3376 4990 3653 5059 ἀναλόγως
3689 4991 3841 5061 ἑχού-

2264 5096 2361 5144 σας
2404 5082 2617 5135 ἀποτιεί
2654 5082 2830 5145 δίκας.
2868 5084 3257 5152 Ἐκκοπήσεται
3288 5081 3397 5153 γὰρ
3433 5082 3633 5151 ροῶνος
3663 5082 3835 5145 δίκην.

2263 5171 2385 5234 Τοῖς
2430 5188 2491 5239 γε
2530 5171 2637 5242 μὴν
2685 5172 2893 5225 οἰκοῦσι
2940 5173 3037 5242 τὴν
3070 5171 3264 5244 νοητὴν
3302 5171 3689 5243 Ἰερουσαλὴμ,
3721 5173 3835 5240 ἦτοι

2260 5259 2350 5311 τὸν
2380 5258 2527 5313 οἶκον
2559 5260 2749 5325 Ἰούδα,
2781 5260 3025 5313 τουτέστι
3077 5260 3336 5333 Χριστοῦ,
3376 5279 3394 5311 ι
3421 5261 3575 5313 ἔσται
3610 5262 3721 5323 πᾶς
3754 5259 3838 5311 τό·

2264 5370 2364 5415 πος
2400 5354 2822 5423 διανοιγόμενος,
2851 5372 2869 5404 ι
2916 5354 3079 5423 ἤγουν
3107 5354 3165 5405 ὲν
3202 5352 3365 5406 παντὶ
3402 5351 3554 5421 τόπῳ
3580 5351 3752 5420 πηγὴ,
3778 5350 3837 5402 τὸ

2264 5446 2363 5514 τῆς
2404 5445 2722 5513 καθάρσεως
2764 5445 2909 5517 ὕδωρ
2942 5445 3309 5517 ἀναϐρύουσα,
3341 5443 3502 5513 δῆλον
3547 5441 3604 5495 δὲ
3632 5444 3712 5494 ὅτι
3744 5440 3834 5494 τοῦ

2267 5537 2421 5604 ἁγίου
2469 5536 2870 5607 βαπτίσματος,
2914 5536 2988 5600 ὡς
3022 5533 3158 5590 εῖναι
3199 5537 3469 5607 χρήσιμον
3516 5536 3629 5596 τοῖς
3675 5547 3833 5585 πεπινη
3919 5563 3923 5566 ~

2409 5714 2425 5745 ⁷
2460 5713 2651 5769 Matth.
2676 5728 2842 5779 xxm,
2876 5718 2962 5772 57.
