4070 6532
284 371 325 424 -2
332 369 396 425 29

1098 367 1644 423 COMMENTARIUS
1682 365 1751 420 ΙΝ
1793 366 2190 421 ZACIIARIAM
2235 369 2678 425 PROPIIETAM.

3439 369 3547 424 230

297 480 580 539 στευκόσι,
641 479 781 532 «καὶ
833 481 909 541 είς
964 480 1063 549 τὴν
1113 484 1487 552 μετακίνησιν,
1537 482 1630 535 καὶ
1664 484 1743 545 είς
1785 479 1875 533 τὸν

1984 484 2052 534 ah
2093 472 2280 535 tttnbra
2321 485 2385 536 ad
2413 485 2714 547 veritatem,
2752 500 2781 538 a
2806 492 2928 555 typo
2950 492 3001 537 et
3048 484 3221 537 littera
3252 482 3316 536 ad
3343 482 3545 537 cultum

296 570 609 643 ραντισμόν.
640 588 659 620 ι
694 570 801 621 Καὶ
830 569 912 632 τίς
957 571 990 639 ἡ
1029 572 1411 640 μετακίνησις;
1456 573 1726 625 Ἰουδαίων
1775 572 1872 642 μὲν

290 665 355 715 ἐκ
386 660 617 732 νομεκῆς
648 663 871 730 ἀγωγῆς
918 663 997 723 είς
1040 662 1311 716 πολιτείαν
1347 664 1445 732 τὴν
1488 664 1581 717 ἐπὶ
1620 663 1870 734 Χριστῷο

291 752 400 807 ἀπὸ
436 755 596 816 σκιᾶς
637 754 716 815 είς
757 752 1034 822 ἀλήθειαν,
1078 756 1141 807 ὲκ
1179 753 1346 807 τύπου
1383 756 1475 807 καὶ
1519 756 1870 827 γράμματος,

292 850 371 909 είς
410 845 663 915 λατρείαν
710 846 1107 915 πνευματικήν.
1141 846 1369 917 Ἕλλησι
1418 847 1473 899 δὲ
1522 847 1874 916 μετακίνησις

291 936 374 997 τίς
404 934 590 999 ἐσταις
630 934 719 997 Ἐξ
767 934 1026 997 ἀπιστίας
1074 935 1300 1003 ἥκουσιν
1345 938 1437 988 ἐπὶ
1482 936 1541 989 τὸ
1586 935 1873 989 πιστεῦσαι

291 1021 548 1094 Χριστῷ*
589 1022 647 1088 ἐξ
692 1022 961 1091 ἀμαθείας
1012 1022 1107 1091 τῆς
1160 1022 1413 1093 πρώτης,
1458 1026 1536 1086 εἰς
1579 1024 1874 1091 ἐπίγνωσιν

292 1112 572 1182 ἀκραιφνῆ
611 1112 706 1165 τοῦ
738 1112 879 1165 κατὰ
924 1112 1178 1183 ἀλήθειαν
1213 1114 1363 1176 ὄντος
1396 1114 1562 1169 Θεοῦ·
1596 1115 1704 1168 ἀπὸ
1752 1115 1875 1168 σκόο

290 1220 413 1265 τους
472 1205 551 1266 είς
598 1203 894 1273 φωτισμόν.
956 1203 1327 1273 Μετακίνησις
1374 1205 1429 1258 δὲ
1482 1204 1663 1275 κοινὴ,
1712 1208 1874 1258 παντὶ

294 1294 579 1359 πρέπουσα
605 1291 683 1360 τῷ
711 1292 1033 1361 κεκλημένῳ
1061 1292 1148 1345 διὰ
1184 1294 1284 1363 τῆς
1323 1295 1555 1358 πίστεως
1579 1336 1592 1358 ,
1640 1296 1873 1366 Ἰουδαίῳ

293 1399 351 1434 τε
386 1383 480 1436 καὶ
502 1382 746 1451 Ἕλληνι,
774 1382 881 1435 ἀπὸ
910 1380 1003 1434 τοῦ
1045 1386 1259 1452 φρονεῖν
1302 1383 1370 1436 τά
1419 1385 1640 1456 σαρκὸς,
1685 1386 1775 1438 ἐπὶ
1814 1386 1874 1438 τὸ

294 1474 507 1526 ἑλέσθαι
538 1473 637 1543 ζῇν
668 1474 849 1538 ὁσίως,
891 1473 985 1527 καὶ
1027 1474 1303 1544 καθαρῶς,
1337 1474 1431 1527 καλ⁵
1465 1479 1785 1547 περιπατεῖν
1815 1478 1872 1528 ἐν

292 1563 599 1633 πνεύματι,
643 1564 782 1616 κατὰ
811 1566 909 1633 τὴν
939 1566 1033 1618 τοῦ
1070 1565 1344 1636 μακαρίου
1391 1565 1603 1618 Παύλου
1650 1568 1832 1635 φωνήν
1855 1582 1868 1597 ο

291 1657 355 1707 ὲκ
383 1654 476 1707 τοῦ
497 1656 660 1725 τιμᾷν
688 1654 752 1708 τά
781 1657 839 1707 ὲν
879 1658 1069 1725 κόσμῳ
1094 1657 1175 1719 εἰς
1207 1655 1266 1708 τὸ
1292 1656 1574 1726 ἀγαπῆσαι
1603 1658 1672 1711 τὰ
1702 1657 1871 1727 ύπερ-

293 1746 512 1816 κόσμια.
541 1747 661 1797 ’Ότι
691 1744 747 1797 δὲ
781 1746 839 1798 τὸ
880 1746 1020 1798 θεῖον
1058 1747 1152 1798 καὶ
1192 1747 1333 1818 ἱερὸν
1366 1746 1643 1817 δεχόμενοι
1674 1747 1870 1817 βάπτι-

1976 574 2332 642 spiritualem.
2371 576 2625 641 Quaenam
2669 587 2847 630 autem
2890 575 3197 629 Grzreorunt
3227 575 3329 627 erit
3373 583 3548 627 trans-

1978 668 2246 722 mutatio?
2302 669 2373 722 Ex
2424 668 2802 723 incredulitate
2853 666 2917 718 ad
2966 663 3185 718 Christo
3224 662 3548 717 credendum

1976 761 2219 822 veniunt,
2266 771 2319 815 et
2364 776 2430 815 ex
2472 761 2779 832 ignorantia
2824 757 3059 811 maxima
3110 755 3176 808 ad
3218 753 3549 823 agnitionem

1975 864 2163 917 puram
2217 852 2331 905 veri
2392 852 2520 919 Dei;
2568 868 2596 906 a
2661 850 2897 905 tenebris
2947 848 3011 902 ad
3068 846 3547 900 illuminatlonem.

1977 936 2381 993 Transntutatio
2412 950 2591 995 autem
2641 938 2966 1003 communis,
2998 937 3221 992 cuilibet
3262 949 3358 1006 per
3393 935 3550 991 (idem

1973 1038 2167 1081 vocato
2195 1029 2549 1094 conveniens,
2584 1028 2768 1085 Iudaeo
2794 1039 2848 1083 et
2874 1028 3082 1094 Grteco,
3124 1044 3153 1082 a
3200 1028 3459 1097 sapiendo
3486 1043 3549 1082 ea

1973 1134 2094 1186 quzc
2138 1120 2318 1173 carnis
2370 1130 2494 1175 sunt
2538 1123 2603 1174 ad
2646 1129 2832 1174 sancte
2865 1135 2928 1173 ac
2980 1134 3112 1189 pure
3159 1118 3371 1173 vivendi
3405 1130 3459 1173 et
3495 1119 3550 1173 in

1977 1213 2170 1281 spiritu
2202 1214 2511 1267 ambulandi
2539 1214 2846 1274 consilium,
2879 1213 2953 1265 nti
2987 1214 3179 1266 beatus
3208 1209 3407 1264 Paulus
3433 1211 3553 1264 hor-
3598 1280 3602 1285 '

1976 1306 2198 1370 tatur“;
2235 1321 2300 1359 ex
2334 1307 2694 1359 admiratione
2720 1319 2908 1359 eorum
2941 1316 3061 1372 qua;
3094 1301 3147 1355 in
3192 1301 3396 1355 mundo
3424 1308 3551 1353 sunt

1974 1396 2040 1448 ad
2096 1395 2362 1465 diligentia
2413 1411 2532 1463 quae
2579 1410 2739 1464 supra
2799 1394 3057 1447 mundum
3109 1398 3255 1444 sunt.
3300 1388 3547 1443 Divinum

1982 1499 2147 1552 porro
2173 1495 2228 1539 et
2276 1501 2489 1540 sacrum
2527 1486 2795 1555 baptisma
2828 1482 3182 1552 suscipientes
3210 1496 3308 1535 nos
3337 1479 3547 1550 aspergi

1974 1576 2237 1643 sanguine
2287 1576 2489 1630 Christi
2550 1576 2616 1630 ad
2668 1575 3115 1646 expurgationetn
3159 1572 3388 1642 peccati,
3426 1571 3549 1641 quis

1973 1665 2221 1720 dubitet?
2261 1666 2401 1737 Ergo
2437 1668 2521 1720 via
2573 1667 2639 1720 ad
2679 1664 3184 1721 transmutationem
3264 1671 3320 1716 et
3364 1676 3548 1730 asper-

1974 1754 2178 1809 sionem
2212 1756 2429 1810 domum
2460 1757 2599 1810 Jnda
2632 1756 3001 1810 habitantibus
3022 1755 3258 1810 salutare
3282 1753 3546 1822 baptisma

293 1854 403 1904 σμα
452 1835 813 1905 ῥαντιζόμεθα
857 1840 933 1906 τῷ
969 1837 1159 1906 αἵματι
1191 1836 1427 1909 Χριστοῦ
1477 1838 1612 1910 πρὸς
1657 1839 1867 1892 ἀποκά-

1971 1851 2073 1907 est,
2106 1844 2221 1898 sive
2260 1845 2439 1899 omnis
2476 1845 2626 1899 locus
2666 1853 2907 1913 apertus,
2942 1842 3056 1897 sive
3086 1842 3263 1896 omnis
3302 1839 3424 1895 fons
3458 1840 3544 1893 di-

292 1926 483 1996 θαρσιν
526 1928 819 1999 ἁμαρτίας,
855 1928 971 1991 πῶς
1008 1929 1073 1981 ἂν
1116 1928 1406 1984 ἐνδοιάσειέ
1438 1945 1552 1994 τις;
1583 1930 1792 1983 Οὐκοῦν
1834 1931 1868 1999 ὴ

287 2016 405 2081 ὁδὸς
441 2019 473 2087 ἡ
501 2019 581 2079 είς
613 2019 965 2087 μετακίνησιν
1004 2019 1097 2071 καὶ
1127 2021 1205 2082 είς
1240 2020 1532 2090 ῥαντισμὸν
1560 2024 1672 2084 τοῖς
1706 2022 1764 2074 ὲν
1792 2021 1869 2092 τῷ

1977 1935 2199 1999 latatus,
2257 1945 2311 1990 et
2335 1934 2674 2007 purgationis
2712 1948 2807 1988 seu
2838 1932 3168 2003 expiationis
3196 1946 3336 2001 aqua
3365 1938 3567 1986 scatuc‘

1976 2041 2142 2081 ιἰθιιε.

288 2107 421 2177 οἴκῳ
455 2106 643 2172 Ἰούδα,
672 2109 734 2160 τὸ
762 2109 1027 2176 σωτήριον
1060 2108 1363 2180 βάπτισμα,
1430 2110 1548 2179 ἦτοι
1591 2112 1697 2175 πᾶς
1742 2112 1902 2176 τόπος
1938 2116 2360 2188 διανοιγόμενος,
2425 2116 2593 2186 ἤγουν
2632 2118 2783 2170 πᾶσα
2824 2115 2974 2187 πηγὴ
3018 2111 3460 2185 κατευρυνομὲνη
3485 2124 3547 2165 τι

289 2198 382 2252 καὶ
412 2196 754 2267 ἀναῦρύουσα
779 2197 839 2250 τὸ
869 2199 969 2269 τῆς
999 2199 1319 2270 καθάρσεως
1350 2199 1510 2272 ὕδωρ.

361 2289 472 2341 Καὶ
513 2289 679 2341 ἔσται
714 2289 781 2340 ἐν
813 2287 886 2355 τῇ
944 2288 1131 2356 ἡμέρᾳ
1182 2289 1413 2357 ἐκείνῃ,
1458 2289 1619 2359 λέγει
1653 2292 1869 2361 Κύριος

291 2377 555 2443 Σαϐαὼθ,
585 2378 991 2445 ἐξολοθρεύσω
1022 2378 1094 2430 τὰ
1127 2378 1389 2447 ὀνόματα
1440 2378 1559 2432 τῶν
1610 2381 1869 2435 εἰδώλων

287 2469 409 2523 ἀπὸ
448 2468 557 2536 τῆς
598 2468 742 2538 τῆς,
781 2470 877 2522 καὶ
935 2468 1134 2523 οὐκέτι
1208 2470 1379 2522 ἔσται
1429 2471 1628 2525 αὐτῶν
1667 2475 1864 2542 μνεία.

291 2561 395 2614 Καὶ
443 2561 586 2623 τοὺς
640 2560 1173 2630 ψευδοπροφήτας,
1228 2562 1323 2613 καὶ
1383 2561 1449 2614 τὸ
1505 2564 1741 2633 πνεῦμα
1795 2564 1864 2618 τὸ

287 2652 622 2719 ἀκάθαρτον
648 2652 837 2720 ἐξαρῶ
862 2653 978 2705 ἀπὸ
1011 2651 1121 2719 τῆς
1154 2651 1283 2720 γῆς.

360 2745 470 2809 ιιΖν.
513 2743 694 2797 Πάντα
740 2743 875 2812 πρδς
920 2742 977 2795 τὸ
1029 2744 1247 2811 ἄμεινον
1306 2743 1763 2815 μετακεχώρηκεν
1809 2746 1866 2797 ἐν

290 2833 525 2904 Χριστῷ,
557 2834 648 2886 καὶ
674 2835 831 2904 καινὴ
861 2838 1035 2895 κτίσις
1064 2835 1131 2885 τά
1160 2835 1217 2885 ἐν
1244 2834 1483 2905 Χριστῷ,
1516 2836 1612 2904 τῆς
1639 2835 1867 2905 ἀρχαίας

294 2925 622 2995 σαθρότητος
651 2924 987 2977 ἀποϐαλόντα
1020 2924 1111 2977 τὸν
1153 2925 1361 2995 μῶμον.
1395 2927 1623 2996 Ἀτρεκῆ
1654 2925 1709 2979 δὲ
1745 2926 1871 2979 ὄντα

289 3015 380 3066 τὸν
401 3016 492 3067 ἐπὶ
509 3014 643 3083 τῷδε
668 3014 821 3082 λόγον
841 3015 1039 3067 κατίδοι
1061 3033 1144 3078 τις
1166 3015 1232 3068 ἂν
1256 3016 1311 3080 ἐξ
1335 3015 1585 3081 αύτῶν,εἰ
1604 3016 1865 3085 βούλοιτο,

2048 2291 2211 2347 Vens.
2244 2288 2297 2342 2.
2340 2286 2408 2341 Et
2457 2290 2555 2342 erit
2579 2289 2631 2342 in
2667 2288 2753 2342 die
2792 2288 2907 2353 illa,
2955 2288 3081 2341 dicit
3131 2286 3391 2343 Dominus
3443 2287 3546 2343 Sa-

1976 2385 2152 2445 baoth,
2191 2383 2488 2450 dispar-(lam
2519 2382 2731 2435 nomina
2770 2380 3032 2433 idolorum
3057 2381 3120 2434 de
3143 2390 3306 2445 terra,
3342 2392 3389 2434 et
3434 2398 3541 2436 non

1973 2476 2070 2528 erit
2105 2474 2246 2527 ultra
2281 2489 2461 2527 eorum
2510 2473 2786 2525 memoria.
2844 2471 2909 2524 Et
2949 2472 3453 2542 psettdopmphetas,
3491 2484 3540 2527 et

1974 2566 2218 2635 spiritum
2245 2566 2571 2619 immundum
2600 2564 2838 2633 auferam
2867 2563 2931 2619 de
2960 2574 3122 2617 terra.

2047 2740 2254 2796 XCVII.
2290 2740 2484 2795 Omnia
2519 2741 2572 2793 in
2599 2749 2797 2794 statum
2842 2740 3117 2793 meliorem
3156 2738 3455 2807 migrarunt
3489 2739 3541 2794 in

1975 2835 2213 2898 Christo,
2246 2843 2301 2889 et
2329 2850 2447 2902 quae
2482 2834 2534 2887 in
2559 2846 2625 2887 eo
2651 2842 2776 2887 sunt
2810 2846 2948 2885 nova
2973 2841 3221 2886 creatura
3252 2832 3295 2897 ’,
3326 2846 3543 2886 marco-

1983 2925 2057 2978 ris
2091 2924 2294 2993 antiqui
2333 2922 2543 2991 ahjecto
2574 2922 2856 2977 dedecore.
2892 2921 2969 2975 Ac
3002 2920 3290 2975 verborum
3320 2921 3539 2989 quidem

1980 3015 2204 3069 istorum
2234 3016 2518 3068 veritatem
2546 3029 2613 3067 ex
2657 3013 2789 3082 ipsis
2824 3028 3038 3082 quoque
3064 3012 3226 3066 rebus
3272 3011 3539 3081 quispiam

289 3105 395 3158 τῶν
442 3107 799 3175 πραγμάτων.
856 3106 967 3177 Πρὸ
1024 3106 1122 3175 μὲν
1161 3106 1269 3176 γὰρ
1300 3108 1407 3159 τῶν
1446 3107 1543 3177 τῆς
1580 3108 1871 3180 ἐπιδημίας

1977 3106 2331 3176 perspexerit.
2366 3105 2507 3158 Ante
2540 3114 2780 3171 tempora
2829 3103 2970 3157 enim
3013 3103 3294 3166 adventus,
3323 3100 3544 3170 quando

289 3196 518 3265 καιρῶν,
546 3196 697 3248 ούπω
730 3196 849 3249 καθ’
882 3199 1027 3267 ἡμᾶς
1065 3197 1349 3265 γεγονότος
1378 3196 1469 3249 τοῦ
1503 3200 1860 3267 Μονογενοῦς,

286 3285 410 3340 οὔτε
449 3288 554 3358 μὴν
580 3288 657 3358 τῷ
684 3288 812 3359 θείῳ
842 3290 980 3357 φωτὶ
1004 3288 1070 3340 τὰ
1100 3290 1275 3341 πάντα
1307 3292 1859 3361 περιαστράπτοντος,

286 3376 453 3446 ἀχλὺς
482 3373 551 3446 ἦν
595 3378 707 3440 ἔτι,
754 3381 845 3430 καὶ
885 3378 1074 3441 σκότος
1124 3380 1181 3430 ἐν
1227 3382 1346 3442 ταῖς
1382 3380 1489 3432 τῶν
1524 3380 1693 3433 ὲθνῶν
1729 3399 1864 3451 καρ-

284 3466 442 3528 δίαις.
484 3467 799 3535 Ἑλάτρευον
830 3467 937 3537 γὰρ
986 3466 1258 3530 εἰδώλοις,
1304 3468 1397 3519 καὶ
1429 3468 1743 3531 δυσϐουλίας
1784 3471 1863 3531 εἰς

283 3556 445 3609 τοῦτο
492 3556 843 3621 κατώλισθον,
874 3556 948 3619 ὡς
985 3556 1188 3621 ξύλοις,
1230 3558 1326 3609 καὶ
1367 3557 1533 3619 λίθοις
1585 3558 1861 3611 ἀναθεῖναι

286 3647 347 3699 τὸ
376 3646 558 3709 σέϐας,
585 3647 677 3699 καὶ
705 3650 812 3708 τοῖς
843 3647 1170 3717 ἀκαθάρτοις
1200 3646 1416 3716 δαίμοσι
1447 3648 1545 3709 τὰς
1586 3648 1702 3715 Θεῷ
1734 3664 1861 3716 πρεο

288 3737 492 3798 πούσας
521 3737 780 3789 ἀνάπτειν
813 3738 993 3807 τιμάς.
1022 3739 1130 3790 Καὶ
1159 3739 1317 3790 ταυτὶ
1346 3738 1443 3808 μὲν
1470 3739 1568 3807 τῆς
1593 3739 1699 3790 τῶν
1731 3738 1863 3790 πλα-

286 3826 542 3895 νωμένων
570 3827 895 3897 ἀΰελτηρίας
930 3826 996 3879 τὰ
1036 3827 1378 3897 ἐγκλήματα.
1413 3826 1571 3897 Παρὰ
1600 3828 1655 3880 δέ
1698 3846 1758 3896 γε
1787 3828 1863 3897 τῷ

297 3916 533 3987 Ἰσραὴλ,
566 3916 623 3979 ὃς
660 3917 754 3969 καὶ
782 3917 1095 3979 ἀπόδεκτος,
1132 3918 1224 3969 καὶ
1269 3918 1425 3987 μερὶς
1460 3917 1684 3988 Κυρίου,
1722 3918 1862 3971 κατά

282 4007 345 4059 τὸ
392 4009 799 4079 γεγραμμένον,
833 4008 1121 4077 σχοίνισμά
1162 4024 1221 4059 τε
1270 4007 1631 4077 κληρονομίας
1673 4009 1857 4071 αὑτοῦ,

283 4102 520 4170 τοσαύτη
554 4118 637 4164 τις
679 4097 747 4172 ἦν
788 4100 934 4171 ὴθῶν
967 4118 1027 4154 τε
1071 4103 1162 4155 καὶ
1205 4103 1421 4172 τρόπων
1470 4102 1742 4173 ὲξιτηλία,
1786 4103 1861 4165 ὡς

283 4191 466 4259 ὀλίγου
505 4192 602 4260 μὲν
630 4191 908 4256 ἀξιοῦσθαι
938 4191 1118 4259 λόγου,
1150 4192 1325 4244 καίτοι
1371 4191 1506 4262 πρὸς
1543 4194 1859 4263 ἐπικουρίαν

285 4284 471 4344 αὐτοῖς
505 4283 723 4336 δοθέντα
752 4284 843 4336 τὸν
872 4283 1055 4352 νόμον,
1098 4284 1193 4335 καὶ
1235 4284 1335 4336 ούκ
1375 4284 1641 4346 ἀνικάνως
1672 4284 1859 4353 ἔχοντα

286 4374 424 4443 πρὸς
468 4374 838 4441 παιδαγωγίαν
876 4375 975 4444 τὴν
1022 4374 1111 4425 ἐπί
1142 4390 1203 4441 γε
1233 4374 1311 4442 τῷ
1358 4373 1554 4443 χρῆναι
1590 4373 1736 4442 βιοῦν
1775 4376 1861 4444 ὀρ⁴

1974 3199 2207 3253 nondum
2238 3211 2435 3264 corpus
2468 3196 2636 3248 ullum
2674 3194 2925 3248 induerat
2976 3192 3320 3263 Unigenitus,
3367 3206 3543 3260 neque

1971 3290 2157 3343 divino
2199 3289 2402 3342 lumine
2429 3288 2611 3342 omnia
2630 3287 3112 3351 collustrabantttr,
3166 3288 3343 3341 adhuc
3368 3286 3544 3355 caligo

1970 3391 2025 3438 ct
2046 3383 2278 3436 tenebrae
2304 3381 2355 3433 in
2388 3381 2636 3434 cordibus
2660 3380 2898 3447 gentium
2924 3387 3097 3431 erant.
3119 3376 3378 3431 Colebattt
3398 3379 3540 3431 enim

1970 3472 2280 3532 simulacra,
2312 3486 2483 3538 eoque
2515 3469 2757 3523 stultitia:
2784 3469 3177 3522 descenderant
3212 3474 3271 3520 ttt
3312 3467 3454 3536 ligna
3486 3475 3541 3521 et

1971 3563 2176 3632 lapides
2206 3561 2403 3616 divinis
2433 3560 2771 3616 caeremoniis
2817 3559 3114 3623 adicerent,
3148 3567 3204 3612 et
3248 3558 3541 3612 immundis

1970 3655 2303 3709 daemonibus
2344 3654 2452 3709 Deo
2484 3662 2849 3721 congruentes
2870 3652 3103 3705 honores
3147 3650 3537 3719 impenderent.

1971 3746 2036 3800 Et
2067 3748 2179 3799 haec
2206 3745 2423 3815 quidem
2446 3745 2745 3799 errantium
2768 3744 3002 3799 vesania:
3035 3743 3265 3797 crimina
3295 3742 3535 3799 fuerunt.

1967 3838 2122 3907 Apud
2179 3836 2435 3891 lsraelent
2496 3850 2623 3889 vero
2671 3843 2950 3904 acceptum
3000 3833 3148 3888 illttm
3178 3874 3194 3899 ,
3236 3844 3290 3889 et
3330 3842 3539 3904 partem

1970 3926 2205 3991 Domini,
2242 3926 2381 3980 sicut
2406 3927 2667 3994 scriptum
2704 3933 2787 3978 est
2820 3924 2883 3989 ¹⁰,
2925 3931 2979 3977 et
3027 3922 3325 3977 funiculum
3370 3922 3539 3977 hatre-

1968 4018 2156 4072 ditatis
2202 4017 2340 4087 ejus,
2372 4026 2521 4070 tanta
2569 4023 2685 4069 erat
2719 4015 3173 4069 consuetudinum
3209 4024 3375 4081 atque
3418 4015 3537 4069 ino-

1969 4122 2087 4161 rnm
2135 4106 2381 4171 fatuitas,
2420 4114 2480 4158 ut
2512 4104 2706 4175 legem,
2739 4104 2982 4173 quamvis
3014 4104 3080 4157 ad
3132 4104 3390 4156 auxilium
3431 4105 3533 4157 sibi

1966 4198 2171 4263 datam,
2203 4210 2302 4249 nec
2325 4196 2390 4250 ad
2415 4194 2809 4249 institutionem
2837 4193 2957 4247 vitae
2981 4193 3032 4246 in
3053 4190 3269 4246 Christo
3296 4192 3535 4262 probatae

1968 4284 2374 4340 insuﬂicientem
2430 4283 2914 4353 parvipenderent,
2964 4283 3250 4350 potiusque
3304 4283 3370 4336 ad
3407 4297 3534 4353 gen-

1970 4376 2102 4428 tium
2134 4387 2348 4428 errores
2378 4372 2680 4441 sequendos
2721 4372 2913 4426 stolide
2962 4372 3329 4437 declinarent,
3368 4372 3533 4425 [initi-

287 4463 417 4525 θῶς,
447 4465 740 4517 ἀπονεῦσαι
767 4463 821 4516 δὲ
858 4463 1056 4534 μᾶλλον
1087 4464 1223 4535 πρὸς
1250 4464 1311 4515 τὸ
1337 4463 1446 4516 δεῖν
1472 4462 1713 4524 ἀϐούλως
1738 4465 1856 4524 ταῖς

1971 4478 2284 4532 morumque
2354 4461 2777 4532 superstitiones
2831 4462 2999 4532 788
3060 4461 3530 4531 amplecterentur.

282 4553 395 4606 τῶν
442 4554 610 4606 ἐθνῶν
658 4554 1088 4624 ἀποκομίζεσθαι
1141 4554 1395 4618 πλάναις,
1446 4555 1540 4607 καὶ
1588 4557 1703 4612 ταῖς
1753 4554 1858 4606 τῶν

284 4646 500 4716 ὁμόρων
543 4644 986 4715 δεισιδαιμονίαις
1041 4648 1293 4714 στοιχεῖν,
1349 4645 1708 4717 Προσέκειντο
1761 4644 1858 4715 μὲν

285 4737 416 4808 γὰρ,
449 4739 541 4789 καὶ
579 4736 696 4790 λίαν
732 4737 997 4797 ἐκτόπως,
1037 4740 1148 4801 τοῖς
1177 4737 1286 4790 τῶν
1316 4736 1681 4806 ψευδωνύμων
1726 4752 1861 4806 προ-

286 4826 471 4897 φητῶν
514 4828 902 4897 μαντεύμασιν.
931 4829 991 4880 Οἱ
1021 4828 1119 4897 μὲν
1149 4829 1257 4899 γὰρ
1291 4828 1399 4880 τῶν
1430 4827 1659 4879 εἰδώλων
1694 4826 1856 4897 θερα-

287 4921 500 4980 πευταὶ,
529 4921 640 4979 τοῖς
664 4917 907 4988 βεϐήλοις
952 4918 1200 4987 τεμένεσι
1235 4917 1684 4988 προσιζήσαντες,
1726 4934 1858 4987 χρη-

288 5008 538 5077 σμολόγοι
562 5024 620 5059 τε
650 5004 808 5077 ἦσαν,
842 5009 937 5061 καὶ
961 5008 1276 5078 ψευδοεπεῖς
1295 5025 1307 5037 ·
1336 5009 1383 5060 οἱ
1411 5007 1466 5059 δὲ
1497 5007 1692 5070 καὶτὸ,
1730 5027 1747 5056 ι
1782 5008 1856 5077 Ζῇ

284 5098 507 5168 Κύριος,
537 5118 555 5147 ›
590 5100 705 5151 ἐπὶο
726 5099 971 5168 γλώττης
1020 5098 1233 5169 ἔχοντες
1254 5138 1267 5159 ,
1313 5098 1407 5152 καὶ
1455 5098 1695 5150 εὐσεϐεῖν
1729 5097 1861 5149 ύπο-

285 5190 664 5259 πλαττόμενοι,
696 5192 787 5244 καὶ
820 5187 931 5243 οἷον
963 5191 1233 5261 προὸἀτου
1265 5190 1395 5262 δορᾷ
1430 5190 1522 5243 τὸν
1549 5189 1711 5243 λύκον
1740 5190 1859 5242 ἐπι-

283 5280 626 5342 σκιάζοντες,
664 5281 726 5333 τὸ
753 5281 852 5348 τῆς
882 5280 1217 5352 προφητείας
1256 5280 1425 5350 ὄνομα
1468 5296 1648 5348 σφισιν
1678 5278 1858 5340 αὐτοῖς

285 5371 654 5442 περιτιθέντες
684 5375 731 5425 oi
764 5372 1026 5437 τάλανες,
1073 5374 1168 5427 καὶ
1204 5373 1305 5443 τὴν
1354 5371 1445 5424 ἐπὶ
1488 5371 1660 5441 τούτῳ
1703 5370 1857 5437 δόξαν

285 5461 515 5524 ἀνοσίως
559 5462 895 5533 ἁρπάζοντες
919 5502 933 5525 ,
982 5462 1358 5532 ἀπηρεύγοντο
1401 5462 1461 5514 τὸ
1504 5460 1714 5521 δοκοῦν,
1763 5460 1858 5512 καὶ

283 5553 411 5615 τοὺς
451 5553 547 5623 τῆς
589 5552 767 5606 αὐτῶν
816 5534 1037 5623 καρδίας
1074 5553 1384 5622 λογισμοὺς,
1432 5552 1581 5605 θείαν
1622 5552 1857 5619 ἔφασκον

1966 4553 2246 4607 Falsorum
2284 4551 2429 4605 enim
2459 4552 2844 4621 prophetarum
2874 4550 3148 4605 vaticiniis
3196 4551 3526 4605 absurdissi-

1968 4657 2053 4696 tne
2117 4639 2471 4694 inhaerebant.
2536 4639 2774 4706 Quorum
2833 4637 2923 4691 alii
2982 4637 3245 4691 idolorum
3294 4637 3530 4691 ministri

1965 4730 2209 4802 profanis
2246 4729 2460 4799 templis
2484 4731 2808 4795 assidentes,
2839 4740 2892 4785 et
2925 4729 3144 4785 oracula
3173 4738 3228 4784 et
3252 4730 3532 4784 mendacia

1965 4822 2366 4890 loquebantur:
2400 4821 2512 4887 alii,
2552 4839 2571 4873 ι
2607 4818 2752 4874 Vivit
2784 4820 3044 4876 Dominus
3079 4840 3097 4874 ι
3136 4822 3188 4876 in
3222 4820 3399 4893 lingua
3435 4823 3531 4877 ha-

1965 4914 2172 4977 bentes,
2214 4923 2269 4967 et
2314 4910 2567 4982 pietatem
2613 4912 2931 4967 simulantes
2973 4922 3030 4967 et
3070 4922 3321 4983 tanquam
3371 4915 3527 4969 ovilla

1964 5005 2101 5073 pelle
2131 5005 2313 5073 lupum
2353 5012 2729 5072 contegentes,
2756 5003 3247 5072 prophetarumque
3292 5004 3528 5074 appella-

1969 5098 2167 5149 tionem
2198 5094 2297 5150 sibi
2323 5094 2455 5164 ipsis
2483 5103 2817 5163 arrogantes,
2842 5094 3047 5158 miseri,
3073 5102 3125 5148 et
3158 5093 3384 5163 gloriam
3409 5096 3527 5163 ejus

1966 5187 2173 5241 nefarie
2202 5186 2495 5256 rapientes,
2519 5187 2659 5254 quod
2687 5184 2888 5239 libebat
2911 5184 3254 5249 eructabant,
3278 5191 3332 5237 et
3368 5197 3527 5237 sensa

1964 5276 2143 5333 cordis
2172 5277 2252 5332 sui
2288 5277 2525 5331 divinum
2557 5289 2676 5329 esse
2699 5275 2982 5330 consilium
3022 5274 3394 5329 autumabant.
3422 5272 3526 5327 Su-

1965 5384 2061 5439 per
2101 5366 2407 5436 httjusmodi
2441 5377 2547 5420 tant
2591 5365 2827 5436 projects
2859 5365 3153 5419 audacibus
3182 5364 3343 5418 etiam
3387 5378 3528 5432 pro-

1966 5459 2125 5528 pheta
2168 5456 2431 5512 Jeremias
2480 5455 2856 5510 universorum
2917 5453 3200 5507 Dominum
3248 5451 3410 5505 Deum
3452 5452 3525 5506 ita

1964 5546 2248 5617 compellat
2279 5563 2291 5598 :
2332 5563 2349 5597 t
2380 5543 2480 5609 Qui
2526 5558 2605 5609 cs,
2640 5542 2883 5608 Domine,
2927 5554 3053 5597 ecce
3100 5540 3371 5610 prophetae
3395 5554 3528 5610 pro-

358 5723 558 5781 ‘Rom.
592 5727 759 5793 mni
787 5740 937 5796 seqq.
1013 5728 1033 5757 ’
1060 5726 1099 5779 ll
1131 5726 1255 5781 Cor.
1292 5742 1341 5811 v,
1380 5726 1463 5780 l7.
1545 5728 1586 5757 ¹⁰
1622 5726 1774 5780 Deut.
1802 5740 1973 5787 usu,
2000 5726 2052 5779 9.
