4070 6556
494 388 497 393 λ
582 368 692 420 251·
1560 362 1621 417 S.
1660 359 1935 418 CYRILLI
1977 360 2442 416 ALEXANDRiNI
2483 362 2799 420 ABCHIEP.

579 482 827 549 phetant,
855 491 909 536 et
939 483 1123 537 dicunt
1158 500 1171 535 :
1213 481 1330 536 Non
1387 482 1635 537 videbitis
1678 483 1935 552 gladium,
1972 492 2026 537 et
2066 483 2146 535 fa-

2251 472 2385 537 εῐναι
2419 485 2633 556 βουλήν.
2682 487 2816 557 Περί
2844 485 2953 538 τῶν
2991 484 3059 538 τά
3087 482 3263 537 τοιάδε
3306 481 3508 551 τολμᾷν
3552 476 3831 531 εἰωθότων

581 586 696 627 mes
735 589 839 627 non
891 575 996 628 erit
1044 574 1097 628 in
1140 574 1313 637 vobis,
1345 573 1471 641 quia
1530 573 1809 627 veritatem
1858 581 1913 628 et
1954 587 2141 641 pacem

578 661 718 715 dabo
739 662 792 716 in
828 670 992 726 terra,
1025 671 1080 716 et
1115 663 1166 716 in
1199 661 1316 716 loco
1345 663 1449 716 isto
1481 661 1548 715 ¹¹.
1579 679 1598 713 ι
1634 660 1697 714 Et
1726 662 1792 714 ad
1822 662 1934 716 hac
1960 660 2099 716 Deus
2128 679 2141 715 :

582 767 603 802 ι
633 748 789 805 Falsa
820 753 1095 821 propheta:
1126 753 1449 822 prophetam
1483 753 1539 808 in
1587 753 1809 807 nomine
1849 766 1988 808 meo.
2025 752 2143 807 Non

581 841 703 896 misi
732 856 846 907 eos,
880 852 935 898 et
969 858 1073 898 non
1115 845 1364 899 mandavi
1394 843 1497 910 eis,
1535 852 1590 899 et
1623 858 1727 898 non
1769 858 1888 898 sum
1934 843 2145 898 locutus

580 932 646 985 ad
693 946 808 998 eos,
840 943 895 987 et
937 934 1171 990 visiones
1205 937 1514 998 mendaces,
1560 942 1615 988 et
1663 934 2044 1000 divinationes,
2091 944 2146 989 et

580 1021 830 1091 auguria.
858 1031 916 1077 et
949 1022 1248 1079 electiones
1276 1024 1459 1079 cordis
1488 1024 1573 1078 sui
1608 1023 1709 1089 ipsi
1733 1021 1897 1077 locuti
1928 1032 2053 1077 sunt
2078 1023 2145 1075 ad

578 1125 694 1177 eos,
722 1120 776 1166 et
800 1112 902 1180 ipsi
928 1113 1091 1169 locuti
1119 1124 1245 1169 sunt
1266 1115 1368 1180 eis,
1397 1125 1453 1170 et
1479 1116 1577 1185 ipsi
1606 1115 2000 1184 prophetabant
2020 1114 2083 1169 “.
2120 1132 2137 1165 ι

580 1198 972 1269 Μεηιίεοίιοουί
1004 1202 1149 1258 enim
1204 1212 1382 1266 erant,
1425 1210 1486 1255 ut
1524 1201 1658 1267 dixi,
1688 1210 1745 1255 et
1792 1200 2036 1269 turpibus
2066 1201 2145 1253 vi-

578 1291 652 1346 cti
690 1292 1045 1360 quaesticulis,
1077 1294 1143 1348 de
1171 1293 1332 1347 corde
1351 1307 1449 1347 suo
1471 1292 1815 1347 audientibus
1844 1290 2143 1360 loqueban-

584 1390 691 1444 tur,
725 1391 781 1434 ut
812 1383 1074 1451 scriptum
1109 1391 1216 1449 est,
1254 1400 1273 1433 ι
1321 1392 1379 1437 et
1413 1396 1519 1437 non
1562 1382 1627 1437 de
1654 1396 1748 1436 ore
1778 1380 1986 1435 Domini
2017 1380 2081 1434 ¹³.
2119 1399 2137 1433 ι

579 1471 784 1527 Deinde
808 1488 930 1527 cum
967 1471 1186 1528 Judaios
1211 1473 1352 1528 istud
1381 1472 1567 1543 iniquo
1591 1472 1773 1527 animo
1804 1471 1947 1528 ferre
1982 1486 2147 1542 opor-

580 1569 739 1627 teret,
788 1561 864 1617 illi
918 1574 1108 1617 contra
1161 1578 1257 1618 eos
1298 1563 1717 1629 venerabantur,
1765 1570 1822 1617 et
1876 1563 2147 1631 supremis

582 1653 873 1709 honoribus
935 1668 1203 1709 exornare
1265 1655 1573 1711 studebant.
1625 1654 1916 1723 Postquam
1966 1664 2145 1710 autem

574 1745 874 1811 aliquando
908 1746 1246 1812 unigenitum
1281 1746 1374 1800 Dei
1414 1746 1651 1800 Verbum
1684 1747 1839 1802 nobis
1872 1748 2143 1817 apparuit,

580 1833 758 1902 inepta
809 1844 862 1889 et
919 1836 1146 1904 puerilia
1196 1835 1515 1891 idololatria
1545 1836 1744 1891 ludicra
1775 1852 1996 1904 prorsus
2022 1853 2148 1895 eva-
2175 1820 2219 1874 Β

584 1935 820 1980 nuerunt
842 1934 903 1980 et
929 1926 1195 1981 exstincta
1229 1936 1373 1991 sunt,
1408 1936 1463 1983 et
1492 1927 1759 1983 sublatum
1791 1943 1912 1983 cum
1934 1943 1998 1984 ea
2036 1942 2147 1982 ne-

581 2014 777 2070 farium
802 2031 1017 2087 quoque
1046 2025 1102 2071 et
1142 2017 1363 2086 impium
1400 2017 1985 2087 pseudOprophetarum
2018 2029 2149 2073 stu-

582 2107 728 2160 dium
753 2108 846 2175 qui
880 2107 1117 2176 maligno
1158 2118 1213 2161 et
1244 2108 1520 2161 immundo
1545 2108 1738 2176 spiritu
1775 2108 1918 2178 pleni
1965 2120 2143 2175 erant,

580 2205 777 2251 etcum
805 2198 1070 2252 idolorum
1094 2198 1390 2254 cultoribus
1411 2214 1666 2268 germano
1688 2214 1752 2253 ac
1784 2200 1943 2254 simili
1962 2216 2148 2256 errore

581 2285 766 2341 inlecti
814 2287 1097 2342 verissime
1147 2287 1364 2357 coargui
1399 2289 1719 2358 potuissent.
1763 2288 1915 2345 Uuus
1951 2291 2150 2360 quippe

580 2377 845 2432 ambobus
894 2378 1188 2445 impietatis
1230 2393 1449 2450 praises,
1495 2378 1749 2434 nimirum
1783 2379 2032 2435 Satanas.
2059 2382 2150 2435 Ait

581 2467 745 2537 igitur
772 2484 786 2525 :
814 2484 835 2519 ι
860 2466 1078 2522 ‘I‘ollam
1114 2467 1180 2522 de
1212 2478 1354 2523 terra
1386 2468 1602 2522 nomina
1649 2468 1937 2534 idolorum,
1957 2481 2013 2525 et
2044 2484 2148 2525 non

581 2558 687 2612 erit
719 2558 976 2613 memoria
1026 2558 1239 2614 illorum
1287 2560 1339 2613 in
1369 2560 1457 2613 die
1491 2560 1577 2613 illa
1609 2560 1671 2625 ι’,
1714 2579 1733 2613 ι
1775 2563 1876 2615 hoc
1905 2570 2011 2623 est,
2064 2562 2152 2616 illo

585 2662 852 2721 tempore,
874 2666 981 2719 qun
1009 2650 1246 2703 divinum
1269 2660 1323 2704 et
1355 2650 1573 2704 caeleste
1598 2651 1777 2705 lumen
1801 2652 2149 2720 splenduerit,

584 2740 720 2795 etin
748 2742 1047 2794 errantium
1084 2739 1337 2794 cordibus
1369 2740 1609 2803 Lucifer,
1642 2755 1801 2809 quem
1849 2740 2153 2811 intelligen-

586 2832 676 2886 tia:
701 2832 861 2886 oculo
890 2832 1155 2892 videmus.
1197 2842 1421 2886 exortus
1440 2831 1622 2896 fuerit,
1662 2841 1722 2885 ut
1752 2831 2012 2901 scriptum
2048 2842 2151 2897 est,

586 2933 644 2977 et
671 2922 926 2977 diluxerit
958 2922 1093 2985 dies,
1129 2922 1349 2992 antiqua
1375 2930 1532 2976 nocte
1559 2930 1615 2975 et
1639 2936 1758 2992 qua:
1785 2922 1838 2976 iu
1866 2937 1928 2977 ea
1958 2922 2156 2978 ﬂebant

587 3012 844 3082 repulsis,
874 3020 952 3079 ut,
981 3011 1152 3066 veteri
1181 3011 1520 3066 immunditia
1571 3011 1809 3078 sublata,
1840 3012 2058 3067 athletae
2102 3021 2157 3067 et

2245 574 2339 627 καὶ
2383 574 2411 624 ὁ
2445 574 2730 645 προφήτης
2774 574 3012 643 ἔφασκεν
3047 572 3341 642 Ἱερεμίας,
3395 569 3530 638 πρὸς
3574 567 3675 624 τὸν
3726 566 3827 617 τ”ῶι

2243 663 2379 717 ὅλων
2406 664 2891 731 κατεξουσιάζοντα
2923 664 3087 717 Θεόνο
3127 682 3145 714 ι
3185 663 3244 716 '0
3274 660 3370 720 ὢν.
3402 657 3597 728 Κύριει
3634 656 3760 709 ἰδοὺ
3787 657 3832 708 οδ

2238 751 2523 820 ,προφῆται
2577 752 2755 807 αὐτῶν
2795 751 3219 824 προφητεύουσι,
3267 750 3361 803 καί
3394 747 3685 816 λέγουσιν·
3718 745 3830 798 Ούγ

2243 839 2439 909 ὄψεσθε
2481 842 2777 912 μάχαιραν,
2812 843 2909 895 καὶ
2940 841 3096 913 λιμὸς
3138 841 3237 894 οὐκ
3277 839 3429 892 ἔσται
3457 838 3515 890 ἐν
3539 836 3706 906 ὑμῖν,
3750 836 3829 887 ὅτι

2243 929 2499 999 ἀλήθειαν
2533 932 2626 985 καὶ
2660 932 2881 1002 εἰρήνην
2918 931 3075 984 δώσω
3110 930 3203 983 ἐπὶ
3233 930 3330 999 τῆς
3369 928 3494 997 γῆς,
3529 927 3628 980 καὶ
3662 927 3727 978 ἐν
3756 921 3831 994 τῷ

2243 1023 2395 1092 τόπῳ
2418 1022 2609 1094 τούτῳ.
2636 1042 2655 1076 ι
2693 1023 2803 1076 Καὶ
2832 1022 2967 1094 πρός
2997 1039 3062 1091 γε
3099 1020 3268 1075 ταῦτα
3291 1020 3423 1082 Θεὸς
3444 1036 3458 1050 ο
3501 1036 3520 1069 ι
3548 1015 3751 1084 Ψευδῆ
3784 1018 3829 1068 οἰ

2246 1115 2521 1185 προφῆται
2556 1114 2986 1186 προφητεύουσιν
3036 1116 3093 1166 ἐν
3135 1112 3212 1182 τῷ
3254 1108 3479 1181 ὀνόματί
3536 1125 3667 1179 μου.
3720 1106 3832 1159 οὐκ

2244 1201 2539 1256 ἀπέστειλα
2573 1202 2800 1268 αὐτοὺς,
2831 1204 2925 1256 καὶ
2955 1202 3055 1255 οὐκ
3102 1199 3454 1268 ἐνετειλάμην
3488 1198 3709 1259 αὐτοῖς,
3743 1196 3832 1247 καὶ

2244 1294 2345 1347 οὐκ
2376 1292 2613 1366 ἐλάλησα
2645 1293 2779 1365 πρὸς
2810 1294 3024 1359 αὐτοὺς,
3064 1293 3157 1346 καὶ
3200 1293 3417 1362 ὁράσεις
3458 1289 3709 1359 ψευδεῖς,
3741 1287 3831 1340 καὶ

2248 1385 2527 1453 μαντείας,
2573 1386 2667 1438 xui
2693 1384 3052 1455 οἰωνίσματα,
3085 1383 3180 1437 καὶ
3213 1381 3563 1454 προαιρέσεις
3596 1377 3829 1451 καρδίας

2246 1475 2445 1538 αὐτῶν,
2475 1477 2628 1530 αὐτοὶ
2656 1476 2924 1546 ἐλάλησαν
2965 1474 3101 1545 πρὸς
3128 1473 3342 1537 αὐτοὺς,
3373 1473 3465 1524 καὶ
3500 1470 3662 1523 αὐτοὶ
3699 1484 3829 1538 προσ

2246 1566 2526 1635 εφήτευον.
2552 1583 2570 1617 ι
2600 1565 2929 1628 Ψευδοεπεῖς
2961 1565 3068 1635 γὰρ
3094 1562 3252 1633 ἦσαν,
3277 1562 3353 1621 ὡς
3378 1562 3537 1631 ἔφην,
3561 1560 3663 1613 καὶ
3686 1558 3830 1628 λημ-

2250 1656 2456 1725 ματίων
2481 1656 2722 1729 αἰσχρῶν
2742 1655 3060 1727 ἡττώμενοι,
3079 1654 3445 1726 προσελάλουν
3460 1655 3575 1714 τοῖς
3603 1652 3823 1720 ἀκροω-

2251 1748 2430 1817 μένοις
2463 1747 2531 1801 τά
2564 1747 2672 1802 ἀπὸ
2701 1748 2926 1818 καρδίας
2955 1746 3155 1807 αὐτῶν,
3201 1744 3343 1799 καθὰ
3368 1744 3709 1814 γέγραπται,
3737 1742 3826 1792 καὶ

2247 1841 2346 1894 οὐκ
2382 1841 2491 1894 ἀπὸ
2532 1840 2798 1909 στὸματος
2846 1841 3073 1909 Κυρίου.
3120 1834 3253 1890 Εἶτα
3297 1836 3414 1889 δέον
3474 1835 3571 1888 ἐπὶ
3616 1833 3829 1891 τούτοις

2248 1927 2578 1995 ἀγανακτεῖν
2614 1927 2928 1989 Ἰουδαίους,
2973 1927 3037 1979 ἐκ
3083 1926 3193 1978 τῶν
3237 1923 3494 1977 ἐναντίων
3543 1920 3827 1975 ἐποιοῦντο

2201 2027 2207 2033 ‘
2248 2019 2501 2080 σεπτοὺς.
2533 2020 2627 2070 καὶ
2652 2020 2840 2087 τιμαῖς
2863 2018 2985 2080 ταῖς
3012 2016 3272 2071 ἀνωτάτω
3301 2012 3603 2083 στεφανοῦν
3630 2009 3829 2063 ἐσπού-

2247 2105 2425 2170 δαζον.
2445 2106 2593 2159 Ἑπεί
2623 2108 2679 2160 δὲ
2711 2107 2893 2160 λοιπὸν
2921 2106 3187 2174 ἐπέφανεν
3210 2106 3341 2174 ἡμῖν
3362 2104 3392 2156 ὁ
3415 2101 3716 2172 μονογενὴς
3737 2099 3825 2151 τοῦ

2250 2196 2384 2249 Θεοῦ
2415 2196 2608 2263 Λόγος,
2627 2196 2797 2267 ᾤχετο
2818 2198 2915 2268 μὲν
2943 2198 3021 2261 εἰς
3044 2197 3211 2261 ἅπαν,
3236 2196 3328 2248 xui
3352 2193 3662 2264 ὼλόθρευτο
3694 2208 3828 2244 παν-

2255 2289 2426 2351 τελῶς
2458 2290 2526 2342 τὰ
2556 2288 2739 2360 ψυχρά
2766 2290 2857 2341 xui
2890 2287 3222 2359 μειρακιώδη
3245 2289 3346 2357 τῆς
3380 2283 3827 2353 είδωλολατρείας

2252 2378 2562 2449 ἀθύρματα,
2609 2378 2967 2449 συνεξῄρηται
2998 2378 3054 2431 δέ
3086 2378 3221 2447 αὐτῇ
3260 2378 3355 2429 καὶ
3387 2376 3448 2429 τὸ
3494 2375 3733 2429 ἔκτοπόν
3771 2390 3830 2425 τε

2252 2471 2347 2523 xati
2394 2469 2647 2533 δυσσεϐὲς
2698 2469 3035 2539 ἐπιτήδευμα
3085 2468 3193 2520 τῶν
3241 2464 3736 2537 ψευδοπροφητῶν,
3780 2463 3828 2517 0!

2253 2560 2490 2629 πονηροῦ
2516 2562 2610 2614 καὶ
2632 2562 2941 2630 ἀκαθάρτου
2968 2558 3275 2630 πνεύματος
3298 2557 3517 2628 ἔμπλεῳ
3540 2552 3713 2626 ἦσαν,
3740 2555 3830 2607 καὶ

2252 2652 2365 2712 τοῖς
2402 2650 2508 2703 τῶν
2550 2650 2784 2703 εἰδώλων
2827 2651 3191 2722 θεραπευταῖς
3220 2649 3451 2720 ἀδελφὴν
3483 2647 3577 2701 xui
3613 2646 3827 2715 γείτονα

2254 2739 2533 2803 νοσοῦντες
2560 2741 2657 2811 τὴν
2689 2741 2947 2812 πλάνησιν
2976 2740 3419 2811 καταφωραθεῖεν
3446 2738 3533 2802 ἂν,
3558 2737 3655 2791 καὶ
3689 2736 3830 2807 μάλα

2254 2830 2447 2901 ὀρθῶς.
2473 2826 2567 2895 Εἷς
2604 2831 2712 2900 γὰρ
2748 2833 2948 2901 ἀμφοῖν
2972 2832 3070 2902 τῆς
3097 2830 3415 2892 δυσσεϐείας
3447 2830 3475 2881 ὁ
3507 2826 3826 2897 ἐπιστάτης,

2255 2922 2535 2975 τουτέστιν
2561 2925 2590 2975 ὁ
2617 2924 2880 2986 Σατανᾶς.
2916 2942 2936 2974 ι
2978 2919 3185 2993 Ἑξαρῶ
3237 2921 3436 2984 τοίνυν,
3486 2920 3673 2990 φησὶν,
3726 2918 3829 2971 ἀπὸ

2256 3012 2356 3081 τῆς
2386 3013 2489 3083 γῆς
2535 3013 2605 3066 τὰ
2648 3014 2885 3084 ὀνόματα
2937 3014 3043 3067 τῶν
3098 3014 3350 3075 εἰδώλων,
3399 3013 3495 3066 καὶ
3542 3013 3643 3065 οὐκ
3674 3011 3825 3064 ἔσται

589 3104 763 3159 sancti
796 3104 1112 3158 adoratores
1144 3105 1210 3158 de
1252 3112 1449 3158 caetero
1497 3105 1930 3161 conversationis
1956 3115 2153 3160 sanctae

2259 3105 2438 3157 αὐτῶν
2476 3107 2633 3175 μνεία
2689 3109 2744 3158 ἐν
2788 3109 2855 3178 τῇ
2885 3105 3066 3177 ἡμέρᾳ
3103 3106 3307 3177 ἐκείνῃ.
3331 3124 3349 3157 ι
3392 3104 3662 3170 τουτέστι,
3713 3102 3826 3156 κατ’

589 3194 928 3250 ornamentis
972 3192 1244 3258 instructi,
1295 3194 1459 3247 vitam
1516 3194 1571 3248 in
1611 3193 1831 3250 Christo
1875 3196 2150 3279 suspicere

2258 3198 2462 3251 ἐκεῖνον
2476 3167 2581 3251 ’τὸν
2621 3167 2965 3268 καιρὸν
3088 3196 3153 3251 ἂν
3183 3167 3424 3250 «ιδ”θείον
3457 3198 3553 3249 καὶ
3591 3167 3828 3263 ἐπουρά-

586 3286 885 3340 νίἀοιιιῐιυτ.
2261 3305 2372 3343 νιον
2399 3288 2586 3362 λάμψῃ
2617 3288 2752 3357 φῶς,
2791 3290 2883 3341 καὶ
2912 3290 2968 3340 ἐν
2998 3291 3115 3351 ταῖς
3155 3288 3262 3341 τῶν
3292 3287 3661 3357 πλανωμένων
3691 3301 3829 3353 καρ-

580 3374 726 3437 δίαις
779 3373 809 3423 ὁ
848 3372 1035 3441 νοητὸς
1067 3372 1344 3443 ἑωσφόρος
1380 3371 1656 3444 ἀνατείλῃ,
1690 3372 1831 3426 κατά
1867 3374 1930 3427 τὸ
1961 3377 2367 3446 γεγραμμένον,
2398 3379 2666 3451 διαυγάσῃ
2694 3378 2751 3430 δέ
2791 3376 2993 3450 ἡμέρα,
3037 3378 3133 3445 τῆς
3171 3378 3337 3431 πάλαι
3377 3375 3569 3441 νυκτὸς
3622 3376 3828 3445 ἀπελη-

585 3466 946 3538 λαμένης,καὶ
968 3463 1079 3517 τῶν
1102 3465 1158 3517 ἐν
1177 3464 1312 3534 αὐτῇ
1334 3462 1656 3534 δρωμένωνο
1684 3464 1791 3531 ἴνα,
1818 3466 1917 3533 τῆς
1942 3467 2173 3537 ἀρχαίας
2209 3468 2544 3540 ἀκαθαρσίας
2609 3469 2972 3543 ἐξῃρημένης,
3009 3471 3056 3520 οἰ
3099 3467 3328 3539 ἀθληταὶ
3361 3471 3454 3522 xui
3486 3469 3632 3537 ἅγιοι
3658 3484 3827 3537 προσ-

587 3564 821 3633 κυνηταὶ
874 3559 1147 3630 φαίνοιντο
1201 3557 1387 3610 λοιπὸν
1450 3557 1551 3628 τῆς
1605 3559 1839 3627 εὐαγοῦς
1894 3562 2166 3625 πολιτείας
2205 3564 2508 3634 ἀνημμένοι
2529 3566 2594 3617 τὰ
2616 3568 2932 3637 αὐχήματα,
2957 3566 3050 3619 καὶ
3112 3564 3209 3634 τὴν
3232 3567 3287 3618 ἐν
3321 3564 3541 3635 Χριστῷ
3561 3564 3826 3634 τιμῶντες

590 3659 756 3726 ζωήν.
2360 3702 2363 3705 λ

662 3747 827 3818 789
851 3746 1010 3801 Vens.
1048 3747 1103 3801 ‘5.
1140 3745 1206 3799 Et
1240 3749 1358 3812 erit,
1400 3748 1445 3802 si
1474 3748 1853 3817 prophetauerit
1880 3749 2032 3803 homo
2070 3749 2153 3802 ul—

2332 3750 2442 3803 Kui
2474 3749 2665 3812 ἔσται,
2696 3751 2803 3803 ἐὰν
2828 3751 3215 3819 προφητεύσῃ
3245 3751 3552 3817 ἄνθρωπος
3592 3748 3700 3811 ἔτι,
3731 3749 3823 3801 καί

594 3824 697 3905 ινα,
746 3853 792 3894 et
817 3841 951 3893 dicet
975 3841 1041 3892 ad
1061 3856 1175 3892 eum
1200 3852 1347 3909 pater
1377 3851 1424 3894 et
1440 3852 1608 3895 mater
1626 3842 1738 3909 ejus
1760 3842 1849 3909 qui
1870 3853 2153 3910 genuerunt

2262 3840 2384 3907 ἐρεῖ
2420 3844 2565 3907 πρὸς
2611 3841 2795 3895 αὐτὸν
2827 3844 2859 3894 ό
2902 3840 3097 3910 πατὴρ
3131 3842 3229 3895 καὶ
3266 3842 3302 3909 ἡ
3326 3840 3521 3907 μήτηρ
3559 3837 3749 3891 αὑτοῦ
3778 3840 3825 3893 οι

592 3950 708 3986 eum
734 3948 751 3985 :
780 3930 905 3984 Non
944 3931 1100 3996 vives,
1143 3932 1392 3999 quoniam
1419 3933 1746 3985 mendacium
1778 3931 1984 3986 locutus
2014 3949 2065 3986 es
2105 3935 2153 3985 in

2264 3934 2667 4003 γεννήσαντες
2696 3934 2909 3986 αὐτόν·
2949 3935 3031 3986 Οὐ
3063 3931 3237 4001 ζήσῃ,
3268 3931 3355 3983 ὅτι
3388 3927 3584 3998 ψευδῆ
3618 3927 3827 3992 ἑλάληο

594 4026 800 4079 nomine
845 4023 1093 4087 Domini,
1137 4034 1183 4077 et
1229 4026 1552 4092 compedient
1604 4040 1723 4079 eum
1764 4035 1913 4095 pater
1948 4027 2062 4093 ejus
2110 4037 2153 4079 et

2259 4042 2374 4090 σας
2405 4025 2474 4078 ἐν
2511 4023 2751 4092 ὀνόματι
2776 4024 3017 4089 Κυρίου,
3052 4021 3148 4074 καὶ
3178 4019 3622 4089 συμποδιοῦσιν
3650 4021 3826 4072 αὐτὸν

592 4127 759 4177 mater
795 4119 908 4184 ejus
963 4115 1052 4185 qui
1105 4124 1397 4185 genuerunt
1450 4131 1599 4179 eum,
1648 4132 1764 4169 cum
1832 4116 2153 4187 prop/nataret

2260 4119 2292 4169 ὁ
2321 4113 2517 4182 πατὴρ
2561 4112 2748 4166 αὑτοῦ
2777 4112 2874 4165 καὶ
2901 4113 2939 4179 ὴ
2959 4110 3155 4181 μήτηρ
3187 4107 3373 4163 αὑτοῦ
3410 4112 3465 4163 ol
3502 4108 3828 4178 γεννήσαν-

590 4224 718 4276 ipse.
2261 4224 2359 4271 τες
2396 4205 2584 4260 αὐτὸν
2609 4204 2679 4257 ἐν
2708 4202 2789 4268 τῷ
2818 4203 3215 4271 προφητεύειν
3239 4201 3444 4254 αὐτόν.

665 4299 892 4356 XCVIII.
934 4299 1109 4355 Tanta
1156 4302 1461 4356 reverentia
1501 4300 1643 4358 illius
1680 4301 1861 4357 saeculi
1906 4302 2153 4358 mortales

2332 4300 2455 4366 ιμ’.
2496 4294 2744 4365 Τοσαύτη
2796 4311 2881 4358 τις
2915 4295 3065 4347 ἔσται
3113 4293 3241 4363 περί
3267 4293 3328 4344 τὸ
3357 4291 3499 4344 θεῖον
3527 4289 3693 4350 αἰδὼς
3728 4289 3826 4341 τῶν

593 4407 789 4446 numen
840 4403 1260 4461 prosequentur,
1306 4392 1503 4469 inquit,
1543 4393 1785 4462 adeoque
1828 4393 1894 4447 de
1928 4394 2153 4462 perfecta

2265 4388 2539 4461 τηνικάδε,
2565 4387 2718 4458 φησι,
2749 4385 3056 4457 φροντιοῦσι
3105 4384 3160 4436 δὲ
3206 4382 3352 4435 οὕτω
3397 4383 3496 4452 τῆς
3540 4384 3621 4443 εἰς
3666 4381 3826 4450 ἄκρον

594 4483 861 4553 probitate
888 4492 941 4537 et
972 4484 1079 4536 vita
1127 4483 1384 4537 laudabili
1418 4492 1578 4538 erunt
1620 4485 1859 4551 solliciti,
1896 4495 1955 4539 ut
1999 4486 2153 4541 etiam

2259 4480 2560 4541 ἐπιεικείας
2602 4478 2696 4531 καὶ
2741 4477 3067 4545 ἀξιαγάστου
3118 4474 3281 4543 ζωῆς,
3311 4471 3452 4525 ὥστε
3497 4471 3592 4523 καὶ
3641 4470 3825 4537 γονέας

595 4580 848 4643 parentes
877 4572 982 4641 ipsi
1020 4573 1095 4627 ad
1140 4573 1311 4626 zelum
1357 4583 1411 4627 et
1459 4575 1595 4629 iram
1625 4577 1911 4630 adversum
1964 4576 2165 4630 liberos

594 4674 950 4727 exacuantur,
985 4664 1126 4733 quod
1171 4677 1295 4718 cum
1332 4663 1466 4720 falsa
1514 4665 1719 4733 dicant,
1751 4681 1811 4721 se
1844 4668 2165 4736 prophetare

596 4754 825 4824 ﬁngant.
854 4764 908 4815 et
937 4755 1005 4809 de
1036 4755 1201 4808 corde
1242 4769 1340 4809 suo
1389 4754 1697 4825 loquantur,
1727 4757 1882 4825 quasi
1916 4755 2057 4809 Deus
2094 4756 2162 4808 ad

598 4846 745 4914 ipsos
782 4845 944 4899 verba
987 4842 1226 4898 fecisset.
1262 4861 1281 4894 ι
1314 4844 1699 4915 Compedibus,
1747 4845 1945 4913 inquit,
1983 4844 2153 4914 impli-

595 4937 798 4992 cabunt
837 4951 983 5000 eum,
1018 4954 1037 4986 ι
1068 4935 1173 4991 hoc
1222 4944 1326 5000 est,
1375 4945 1434 4989 ut
1487 4946 1759 4992 amentem
1812 4944 1867 4990 et
1921 4936 2164 4991 insanum

599 5027 856 5091 vincient,
896 5041 1195 5096 morasque
1248 5026 1518 5091 tollentes,
1563 5028 1724 5081 morti
1762 5042 1884 5081 eum
1936 5026 2167 5080 destina-

597 5118 751 5181 bunt,
776 5117 824 5181 si
851 5116 905 5171 in
934 5117 1036 5176 hoc
1065 5117 1253 5173 morbo
1279 5119 1386 5173 ﬁxe
1410 5118 1852 5187 impudenterque
1889 5115 2168 5169 manserit.

599 5208 746 5269 Satis
764 5207 906 5265 enim
941 5217 1027 5263 est
1053 5207 1162 5264 illis
1197 5209 1265 5267 ad
1303 5208 1532 5278 quodvis
1571 5206 1890 5278 supplicium
1914 5206 1967 5260 in
1994 5204 2161 5259 tilium

597 5299 1017 5364 decernendum,
1042 5300 1184 5369 quod
1217 5299 1355 5363 falsa
1383 5300 1438 5354 in
1465 5299 1684 5353 nomine
1710 5296 1921 5353 Domini
1956 5296 2164 5351 locutus

598 5392 686 5451 sit.
709 5389 839 5446 Vide
868 5400 1045 5445 autem
1078 5406 1241 5459 quam
1278 5404 1408 5445 vere
1440 5389 1543 5443 hoc
1576 5387 1777 5442 dictum
1803 5386 1978 5452 sit,et
2003 5400 2163 5454 quam

599 5477 847 5532 stabilem
881 5487 1151 5532 mereatur
1187 5479 1344 5534 Iidem
1372 5476 1670 5546 praedictio.
1703 5473 1837 5541 Quis
1883 5473 2024 5527 enim
2074 5488 2166 5526 no-

598 5577 771 5622 strum
823 5566 1135 5624 toleraverit
1174 5568 1333 5624 hodie
1389 5568 1471 5622 sic
1522 5565 1933 5638 prophetantem
1976 5577 2163 5631 quem-

2261 4568 2457 4631 αὐτοὺς
2510 4566 2657 4628 ἰδίοις
2706 4562 3063 4633 ἐπιθήγεσθαι
3110 4561 3319 4623 τέκνοις
3366 4558 3579 4629 ζηλοῦν,
3613 4559 3674 4611 τὸ
3708 4559 3824 4618 τοὺς

2258 4656 2571 4724 ψευδοεπεῖς
2605 4652 2968 4725 προφητεύειν
3010 4650 3547 4719 ἀποπλαττομένους,
3576 4648 3669 4701 καὶ
3698 4649 3823 4699 ἀπο-

2261 4746 2573 4816 φθέγξοιντο
2596 4746 2664 4797 τὰ
2689 4745 2797 4797 τῶν
2827 4744 2934 4797 ἀπὸ
2967 4743 3213 4813 καρδίας,
3252 4741 3327 4803 ὡς
3358 4740 3493 4792 Θεοῦ
3540 4738 3823 4807 λελαληκό-

2269 4856 2379 4900 τος.
2436 4857 2454 4888 ι
2485 4835 2842 4907 Συμποδιοῦσι
2888 4838 2997 4906 γὰρ
3047 4833 3232 4896 αὐτὸν,
3259 4850 3277 4883 ι
3335 4833 3500 4901 φησι,
3546 4832 3823 4889 τουτέστι,

2267 4926 2794 4997 καταδεσμεύσουσιν
2841 4926 2918 4989 ὡς
2962 4924 3200 4994 ἔκφρονά
3254 4937 3311 4975 τε
3368 4922 3463 4981 καὶ
3519 4919 3822 4990 μεμηνότα.

2268 5018 2632 5089 μελλήσαντες
2676 5016 2738 5075 ,δὲ
2789 5015 2961 5079 οὐδὲν,
2991 5011 3332 5086 καθοριοῦσιν
3362 5008 3524 5065 αὐτοῦ
3554 5011 3645 5063 τὸν
3672 5009 3825 5062 θάνα-

2263 5126 2377 5174 τον,
2406 5110 2456 5161 εί
2497 5107 2730 5178 ἔμμονόν
2760 5123 2819 5159 τε
2848 5106 2942 5159 xui
2969 5104 3159 5175 ἀναιδῆ
3188 5103 3286 5174 τὴν
3322 5100 3417 5154 ἐπὶ
3450 5100 3586 5169 τῷδε
3633 5102 3825 5153 ποιοῖτο

2264 5201 2436 5254 νόσον.
2455 5198 2693 5270 ’Δπόχρη
2736 5197 2844 5269 γὰρ
2888 5196 3073 5267 αὐτοῖς
3117 5196 3196 5258 εἰς
3236 5192 3299 5246 τὸ
3341 5192 3453 5246 δεῖν
3484 5189 3703 5244 ἃπασαν
3741 5186 3823 5239 τοῦ

2258 5288 2448 5349 παιδὸς
2469 5285 2760 5356 καθορίσαι
2806 5284 2961 5354 δίκην
2987 5282 3126 5345 τόδε,
3153 5283 3234 5335 ὅτι
3257 5279 3427 5351 ψευδῆ
3454 5278 3747 5348 λελάληκεν
3775 5276 3824 5330 ἐν

2258 5380 2484 5449 ὀνόματι
2513 5377 2936 5449 Κυρίου.”Αθρει
2967 5375 3024 5428 δὲ
3065 5374 3253 5446 ὥσπερ
3284 5373 3433 5427 ἐστὶν
3459 5370 3664 5443 ἀληθὴς
3694 5373 3722 5424 ὁ
3744 5368 3823 5422 λό-

2259 5484 2375 5535 γος,
2410 5468 2505 5522 καὶ
2554 5468 2616 5521 τὸ
2670 5467 2885 5538 βέϐαιον
2938 5468 3018 5529 εἰς
3067 5465 3249 5518 πίστιν
3294 5465 3329 5534 ή
3379 5461 3824 5534 προαναφώνησις

2263 5557 2399 5628 ἔχει.
2430 5559 2528 5621 Τίς
2573 5557 2682 5628 γὰρ
2709 5556 2816 5610 τῶν
2843 5555 2965 5611 καθ’
2996 5556 3142 5627 ἡμᾶς
3162 5554 3643 5625 διακαρτερήσειεν
3679 5550 3744 5605 ἂν
3772 5550 3825 5601 ἐν

674 5748 945 5815 “,Ezecb.
974 5762 1085 5815 xiv,
1120 5747 1206 5801 15.
1286 5747 1329 5777 ¹¹
1362 5743 1494 5803 Ibid.
1531 5744 1617 5802 Η.
1691 5743 1962 5825 ¹³.1ει·ειιι,
1995 5754 2153 5809 xxnt,

2256 5775 2272 5796 .
2346 5737 2391 5771 “
2416 5735 2461 5792 II
2483 5735 2629 5793 Petr.
2655 5751 2693 5799 ι,
2724 5735 2810 5792 19.
