4070 6518
211 394 340 451 εδδ

1077 395 1622 457 COMMENTARIUS
1652 396 1722 451 IN
1756 396 2154 481 ZACHAMVAM
2190 397 2634 457 PROPIIETAM.

3356 412 3460 467 εδι

210 514 309 586 τῷ
343 513 437 569 νῦν
467 515 646 587 καιρῷ
676 516 1109 588 προφητεύοντός
1130 534 1313 584 nvos;
1360 519 1394 589 ἢ
1436 517 1554 582 πῶς
1592 521 1691 574 οὒκ
1722 520 1807 586 ἐξ·

1910 518 2092 588 piam?
2115 527 2209 576 aut
2234 519 2503 590 quomodo
2538 534 2643 575 non
2681 520 2748 575 de
2781 533 2958 578 mente
3003 537 3064 577 ac
3115 525 3342 584 sanitate
3370 532 3464 586 de-

214 604 502 676 εστηκότα
541 605 800 674 λογιεῖται
854 607 953 676 μὲν
998 608 1090 661 τὸν
1134 607 1372 664 τοιοῦτον
1400 608 1580 672 εὐθὺς,
1612 603 1713 664 ὧδέ
1746 628 1805 669 τε

213 692 423 763 ἔχοντα
480 693 705 766 γνώμης
753 695 870 760 πῶς
920 697 1018 751 οὐκ
1062 696 1129 753 ἂν
1174 699 1454 771 ποιήσαιτο
1504 700 1805 771 στυγητόνς

216 785 389 847 noto;
421 785 478 837 δὲ
524 785 708 856 πατὴρ
756 786 1157 860 ἀνεπίπληκτον
1185 790 1335 844 ἐάσει
1370 790 1579 856 τέκνον,
1618 793 1667 845 εί
1695 794 1807 855 τοίς

215 874 373 929 οὕτω
392 875 585 939 δεινοῖς
612 876 827 948 ὲναλοίη
854 878 1353 952 πλημμελήμασιν;
1399 882 1694 949 Ἀπόδειξις
1713 880 1806 939 οῦν

215 968 360 1037 ἄρα,
391 967 485 1022 καὶ
531 967 677 1037 μάλα
726 969 903 1044 σαφὴς
937 972 1150 1041 γένοιτο
1193 974 1281 1038 ἂν,
1318 969 1493 1044 οἶμαι,
1526 976 1678 1030 τουτὶ
1709 977 1806 1047 τῆς

218 1059 310 1121 εἰς
340 1057 472 1113 Θεδν
507 1057 807 1124 εὐσεϐείας,
836 1062 926 1115 ὅτε
972 1063 1107 1116 πολὺ
1146 1063 1283 1134 πρὸς
1309 1064 1369 1119 τὸ
1389 1064 1609 1133 ἄμεινον
1635 1065 1669 1135 ή
1696 1064 1806 1117 τῶν

219 1148 355 1202 καθ’
385 1150 533 1219 ἡμᾶς
584 1152 924 1222 πραγμάτων
977 1153 1399 1226 μετακεχωρηκε
1446 1155 1627 1225 φύσις,
1669 1156 1803 1210 Θεοῦ

221 1238 699 1309 μεταπλάττοντος
725 1244 806 1307 είς
822 1243 883 1298 τὸ
909 1244 1061 1316 αὐτῷ
1082 1244 1272 1301 δοκοῦν
1299 1248 1392 1301 καὶ
1416 1247 1497 1311 είς
1521 1246 1582 1301 τὸ
1602 1244 1661 1303 εὖ
1682 1248 1805 1319 ἔχον

218 1331 260 1402 ἢ
289 1332 442 1401 πρίν.
479 1332 592 1387 Καὶ
619 1333 751 1402 γοῦν
780 1336 849 1390 τά
878 1337 1044 1391 πάλαι
1073 1338 1356 1410 τιμώμενα
1372 1339 1469 1394 καὶ
1497 1340 1649 1412 παρά
1677 1341 1805 1395 πολ-

219 1419 345 1484 λοῖς
376 1421 700 1491 άξιάγαστα,
733 1423 828 1478 νῦν
862 1427 965 1480 sic:
993 1429 1236 1500 στυγητὰ
1276 1430 1371 1484 καὶ
1418 1430 1667 1501 ἐπάρατα
1708 1431 1803 1485 καὶ

218 1513 343 1575 τοῖς
384 1512 682 1567 ἐπιεικέσιν
724 1515 826 1568 οὐκ
866 1517 1067 1571 ἀνεκτά
1089 1519 1301 1574 καὶτοῦ
1326 1520 1649 1586 κολάζεσθαι
1693 1522 1803 1575 δεῖν

218 1602 329 1654 οὐκ
361 1602 728 1675 ἠμοιρηκότα.

297 1690 409 1744 Kal
439 1689 610 1744 ἔσται
645 1692 715 1745 ἐν
757 1692 832 1760 τῇ
877 1694 1068 1763 ἡμέρα
1111 1696 1336 1765 ἐκείνῃ,
1363 1698 1802 1767 καταισχυνθή-

218 1795 439 1834 amat
464 1783 519 1834 οἱ
545 1783 843 1852 προφῆται
877 1784 1130 1852 ἕκαστος
1156 1787 1223 1840 ἐκ
1254 1787 1366 1856 τῆς
1396 1787 1658 1856 ὁράσεως
1690 1792 1798 1844 αὺ-

1910 610 2179 665 turbatum
2211 612 2394 666 statim
2445 612 2714 681 reputabit
2757 613 2935 677 talem,
2989 622 3046 670 et
3096 616 3175 671 sic
3215 617 3463 676 allectum

1906 703 2174 772 quomodo
2199 717 2303 758 non
2337 704 2718 760 aversabitur?
2754 704 2887 773 Quis
2914 715 3092 762 autem
3122 719 3273 777 pater
3296 710 3462 765 lilium

1906 793 2308 847 teterrimorum
2342 792 2730 848 maleliciorum
2782 804 3120 864 compertum
3156 796 3466 869 inohjurga-

1907 892 2018 938 tum
2042 882 2353 953 relinquet?
2382 882 2566 939 Potest
2594 884 2759 954 igitur
2790 885 2914 952 hoc,
2944 900 3063 941 meo
3093 887 3317 957 judicio,
3359 891 3468 945 evi-

1904 974 2217 1029 dentissima
2265 990 2386 1032 esse
2460 976 2853 1033 demonstratio
2903 975 3121 1046 pietatis
3169 978 3221 1032 in
3270 974 3462 1044 Deum,

1902 1066 2120 1134 quando
2134 1080 2318 1122 rerum
2349 1076 2656 1122 nostrarum
2679 1076 2865 1121 natura
2896 1067 3122 1122 multum
3155 1070 3219 1123 ad
3245 1070 3464 1126 meliora

1906 1157 2200 1224 processit,
2226 1156 2340 1212 Deo
2370 1156 2516 1211 illam
2542 1158 2608 1213 ad
2646 1158 2973 1214 voluntatem
3008 1173 3159 1214 suam
3194 1157 3463 1227 ﬂectente,

1902 1254 1959 1301 et
1990 1246 2047 1301 in
2070 1246 2434 1304 conditionem
2457 1248 2686 1318 prisﬂna
2716 1248 2997 1305 meliorem
3026 1251 3462 1306 transformante.

1900 1336 2082 1404 Quare
2110 1351 2229 1407 qua:
2252 1337 2384 1392 olim
2419 1347 2576 1394 erant
2620 1337 2674 1394 in
2705 1339 2881 1407 pretio
2920 1349 2976 1396 et
3003 1354 3032 1394 a
3071 1341 3255 1396 multis
3287 1342 3465 1411 suspi-

1902 1429 2209 1496 ciebantur,
2239 1445 2383 1485 nunc
2411 1430 2597 1485 odiosa
2622 1439 2678 1484 et
2697 1433 3028 1488 exsecranda
3060 1441 3115 1489 et
3140 1432 3298 1489 bouis
3324 1436 3463 1490 into-

1902 1520 2119 1576 leranda
2146 1536 2211 1578 ac
2235 1521 2501 1592 supplicio
2527 1521 2759 1578 obnoxia
2783 1530 2929 1579 sunt.

1975 1693 2137 1755 Vens.
2166 1695 2287 1754 4-6.
2326 1694 2397 1749 Et
2425 1697 2520 1751 erit
2554 1697 2611 1751 in
2654 1697 2737 1752 die
2774 1697 2888 1760 illa,
2928 1697 3315 1768 confundantur
3340 1716 3462 1769 pro-

1896 1785 2089 1854 phetae,
2116 1786 2467 1855 unusquisque
2489 1801 2557 1839 ea:
2582 1786 2779 1839 visione
2805 1801 2905 1839 sua
2932 1787 3057 1839 dum
3081 1787 3462 1855 prophetauerit

218 1870 336 1923 τοῦ
369 1870 438 1925 ἐν
484 1872 564 1938 τῷ
610 1876 1007 1943 προφητεύειν
1048 1878 1255 1940 αὐτὸν,
1291 1878 1391 1931 καὶ
1441 1878 1798 1935 ἐνδύσονται

1899 1876 2029 1944 ipse,
2058 1884 2105 1928 et
2133 1874 2417 1928 induentur
2444 1874 2575 1943 pelle
2609 1875 2840 1940 ciliciua,
2864 1891 2957 1942 pro
2980 1891 3040 1929 eo
3080 1878 3217 1946 quod
3261 1878 3462 1931 mentiti

218 1957 428 2028 δέρῤιν
470 1963 764 2032 τριχίνην,
812 1965 941 2021 ἀνθ’
966 1961 1054 2020 ὧν
1099 1967 1461 2036 ἐψεύσαντο,
1502 1970 1600 2024 καὶ
1642 1971 1793 2040 ἐρεῖ·

223 2051 352 2104 Οὐκ
383 2052 502 2120 εἰμί
544 2055 858 2124 προφήτης
883 2056 1016 2127 ἐγὼ,
1048 2057 1197 2113 διότι
1230 2058 1540 2128 ἅνθρωπος
1562 2062 1795 2132 ἐργαζό-

212 2155 406 2207 μενος
432 2141 547 2210 τὴν
566 2142 686 2212 γῆν
718 2145 833 2215 ἐγώ
873 2149 1010 2216 εἰμι,
1043 2148 1132 2203 ὅτι
1172 2148 1479 2218 ἅνθρωπος
1507 2151 1798 2221 ἐγέννησέ

211 2246 298 2299 με
320 2231 389 2286 ἐκ
412 2236 693 2303 νεότητός
726 2255 865 2306 μου.
896 2243 1004 2294 Καὶ
1036 2240 1150 2308 ἐρῶ
1184 2243 1334 2310 πρὸς
1374 2244 1593 2297 αὐτόν’
1643 2244 1701 2298 Tl
1737 2246 1798 2297 al

216 2325 451 2393 πληγαί
496 2321 671 2383 αὗται
720 2329 1028 2399 ἀναμέσον
1072 2328 1191 2385 τῶν
1236 2330 1449 2401 χειρῶν
1488 2347 1641 2395 (γους
1686 2334 1798 2389 Kal

213 2412 385 2482 ἐρεῖ·
426 2417 534 2482 ’Δς
569 2417 846 2487 ἐπλήγην
889 2419 959 2473 ἐν
1009 2418 1089 2486 τῷ
1133 2422 1275 2486 οἴκῳ
1328 2422 1433 2477 τοῦ
1482 2422 1797 2494 ἀγαπητοῦ

213 2518 363 2571 μου.

238 2650 245 2655 ,
296 2591 414 2660 ι,Θ’.
435 2593 559 2648 Ὅτι
587 2597 683 2651 καὶ
711 2598 900 2669 ποινῆς
926 2598 1020 2653 καὶ
1039 2600 1196 2673 δίκης
1214 2602 1338 2667 ἄξια
1366 2603 1631 2662 τέθεινται
1656 2626 1771 2680 παρ

221 2684 358 2753 ἡμῖν
386 2684 454 2738 τὰ
486 2685 654 2739 πάλαι
677 2686 1123 2763 τεθαυμασμένα,
1156 2692 1253 2749 καὶ
1293 2697 1357 2750 έκ
1398 2696 1500 2764 τῆς
1524 2697 1632 2752 τῶν
1660 2715 1796 2770 προ-

222 2772 493 2843 κειμένων
538 2775 749 2842 ὲννοίας
797 2778 1179 2855 ἀταλαίπωρον
1227 2785 1376 2843 ἰδεῖν.
1416 2788 1796 2858 Προεφήτευον

222 2865 329 2935 μὲν
353 2866 483 2941 γάρ,
515 2868 592 2934 ὡς
633 2870 790 2942 ἔφην,
829 2873 889 2926 ὲν
930 2872 1010 2945 τῷ
1051 2875 1263 2945 Ἰσραὴλ
1307 2878 1355 2930 οἱ
1391 2876 1707 2946 ψευδοεπεῖς
1737 2896 1796 2933 τε

223 2955 322 3012 καὶ
362 2959 613 3027 φένακες,
643 2963 738 3016 καὶ
775 2963 984 3035 πλανᾷν
1025 2964 1276 3028 εἰωθότες
1324 2966 1508 3021 ἕνεκεν
1546 2985 1565 3020 ι
1599 2969 1797 3041 δρακδς

225 3047 422 3119 κριθῆς
450 3050 546 3106 καὶ
583 3051 894 3123 κλάσματος
932 3053 1118 3123 ἄρτου,
1154 3071 1173 3105 ι
1209 3053 1351 3108 κατά
1378 3055 1440 3108 τὸ
1475 3058 1795 3129 γεγραμμέο

221 3156 336 3194 νον.
366 3135 500 3195 Εἶτα
527 3142 750 3197 τοιαῦτα
780 3143 1051 3215 τολμῶσιν
1094 3144 1322 3209 ἐκείνοις
1366 3146 1666 3219 ἐπέπληττε
1694 3150 1793 3221 μὲν

1897 1979 2042 2032 sunt,
2085 1978 2134 2022 et
2171 1968 2346 2021 dicet:
2390 1966 2515 2020 Non
2556 1982 2671 2020 sum
2720 1967 2967 2035 prapheta
2996 1982 3111 2036 ego,
3145 1968 3267 2036 quia
3310 1967 3462 2023 homo

1894 2060 2070 2113 colens
2093 2070 2285 2113 terram
2311 2073 2403 2127 ego
2424 2073 2558 2120 sum,
2582 2058 2705 2126 quia
2731 2056 2883 2110 homo
2909 2059 3085 2127 genuit
3111 2075 3193 2113 me
3213 2076 3244 2112 a
3266 2059 3461 2129 juven-

1898 2160 2006 2205 tute
2054 2166 2187 2205 mea.
2232 2148 2306 2202 Et
2347 2150 2518 2203 dicam
2547 2149 2615 2201 ad
2651 2164 2768 2202 eum
2802 2163 2822 2202 :
2862 2148 3003 2214 Quid
3057 2150 3226 2221 plaga:
3262 2153 3379 2207 ista:
3405 2153 3459 2205 in

1898 2244 2067 2297 medio
2095 2257 2343 2295 manuum
2368 2251 2577 2294 tuarum
2596 2241 2626 2295 .9
2654 2238 2725 2293 Et
2760 2242 2893 2296 dicet
2917 2256 2936 2293 :
2961 2242 3164 2308 Quibus
3182 2259 3459 2312 percussus

1897 2346 2012 2386 sum
2036 2332 2091 2385 in
2113 2331 2267 2384 domo
2289 2329 2468 2384 dilecti
2492 2328 2612 2383 mei.

1964 2594 2131 2666 790
2154 2589 2338 2649 XCIX.
2368 2591 2538 2648 Plena
2564 2599 2619 2647 et
2646 2590 2853 2646 ultione
2875 2591 3034 2662 digna
3068 2606 3098 2644 a
3125 2591 3279 2647 nobis
3313 2597 3461 2648 arsu-

1898 2697 2067 2751 mata,
2094 2700 2213 2755 quae
2255 2684 2525 2755 quondam
2569 2682 2748 2751 magni
2783 2683 3110 2739 ducebamus
3134 2722 3152 2747 ,
3189 2685 3352 2738 etiam
3392 2699 3459 2738 ex

1895 2776 2296 2848 propositorum
2325 2772 2615 2828 verborum
2657 2772 2926 2827 sententia
2954 2773 3158 2840 videre,
3209 2774 3343 2828 nihil
3380 2784 3462 2829 est

1895 2867 2118 2939 negotii.
2146 2863 2545 2935 PrOphetabant
2574 2862 2738 2930 enim,
2775 2871 2835 2917 ut
2866 2862 2997 2927 dixi,
3024 2863 3077 2918 in
3110 2862 3273 2920 Israel
3312 2881 3462 2920 men-

1893 2960 2077 3026 daces,
2116 2958 2259 3027 plani
2314 2965 2367 3013 et
2418 2958 2761 3025 impostores,
2806 2964 2863 3010 et
2900 2965 3118 3026 propter
3150 2974 3169 3008 ι
3202 2957 3458 3027 pugillum

1894 3051 2081 3107 hordei
2126 3049 2525 3117 frustulumque
2563 3046 2738 3118 panis,
2764 3066 2782 3099 ι
2822 3047 2965 3102 sicut
3000 3050 3259 3120 scriptum
3286 3053 3455 3115 est“,

1893 3143 2155 3199 seducere
2210 3140 2378 3196 soliti.
2408 3138 2537 3205 Quae
2560 3152 2685 3193 cum
2731 3137 3099 3209 designarent,
3151 3157 3308 3197 nemo
3341 3156 3460 3197 erat

220 3230 421 3294 οὐδεὶς,
453 3232 561 3285 οὐδ’
598 3234 883 3306 ἀπείργειν
930 3235 1118 3306 ήθελεν
1158 3237 1234 3299 ὠς
1265 3237 1543 3292 δυσσεσείν
1586 3242 1795 3312 ᾑρημέ-

1896 3233 1986 3303 qui
2013 3229 2560 3299 eos.reprehenderet
2584 3235 2677 3280 aut
2704 3234 2959 3295 tanquam
2990 3228 3185 3297 impios
3207 3240 3460 3286 coercere

223 3336 371 3385 νους,
408 3321 655 3387 ἐπαίνοις
681 3324 738 3377 δὲ
771 3324 971 3395 μᾶλλον
1002 3325 1220 3390 αὐτοὺς,
1262 3326 1357 3380 καὶ
1388 3329 1507 3391 ταῖς
1538 3329 1793 3385 ἀνωτάτω

221 3413 408 3481 τιμαῖς
433 3415 729 3484 στεφανοῦν
749 3416 932 3486 ἠξίουν
957 3417 1266 3482 οἱτάλανες.
1291 3418 1473 3491 Ταύτῃ
1498 3437 1581 3474 τοι
1605 3422 1790 3475 κάκεῖ-

222 3518 305 3555 νοι
339 3503 476 3575 πρὸς
525 3505 580 3559 τὸ
605 3507 784 3577 χεῖρον
816 3506 1006 3577 ᾔεσαν,
1032 3508 1373 3579 τρεφομένης
1391 3509 1580 3581 ὥσπερ
1610 3511 1792 3574 αὐτοῖς

220 3589 323 3660 τῆς
360 3592 514 3646 νόσου
557 3595 645 3648 διὰ
687 3595 787 3665 τῆς
818 3596 927 3649 τῶν
970 3597 1389 3669 τεθαυμακότων
1423 3601 1618 3665 αὐτοὺς
1664 3602 1785 3655 ὲλαο

223 3680 407 3752 φρίας.
425 3682 515 3737 Ἐν
543 3684 601 3737 δὲ
630 3684 713 3756 τῷ
738 3685 832 3739 νῦν
852 3686 1029 3757 καιρῷ
1050 3688 1607 3759 καταισχυνθήσεσθαί
1630 3708 1792 3762 φησιν

221 3770 439 3835 αὐτοὺς,
461 3774 523 3825 οὐ
559 3775 989 3848 παραδεχθείσης
1016 3777 1256 3849 δηλονότι
1287 3780 1386 3851 τῆς
1412 3779 1789 3854 ψευδοπροφη-

221 3858 393 3928 τείας,
427 3863 891 3937 ὲπιτετιμημένης
916 3866 972 3921 δὲ
1004 3867 1223 3937 μᾶλλον,
1258 3869 1355 3922 καὶ
1390 3870 1449 3934 ἐξ
1479 3870 1659 3924 αὐτῶν
1681 3871 1791 3926 τῶν

222 3947 292 4001 τά
319 3949 493 4003 τοιάδε
513 3951 717 4023 τολμᾷν
745 3953 1011 4008 εἰωθότων
1033 3954 1132 4019 τὰς
1150 3956 1250 4028 τῆς
1270 3957 1523 4021 ἀπονοίας
1550 3959 1791 4024 ἐξαιτου-

222 4038 402 4109 μένων
429 4041 602 4106 δίκας,
630 4044 706 4108 ὡς
739 4044 1095 4116 ἐλεγχθέντας
1137 4048 1298 4112 εὐθὺς
1330 4050 1423 4103 καὶ
1454 4051 1788 4121 ἀποσχέσθαι

220 4129 316 4183 τοῦ
352 4132 545 4199 κακοῦ,
580 4135 674 4189 καὶ
711 4135 895 4208 δέρριν
928 4136 1247 4192 ἐνδύσασθαι
1273 4140 1537 4213 τριχίνην,
1571 4142 1686 4197 ἀνθ’
1713 4137 1789 4198 ὧν

223 4220 538 4290 ἐψεύσαντο,
564 4225 829 4292 τουτέστι,
860 4227 1075 4281 πενθεῖν
1113 4229 1207 4281 ἐπὶ
1251 4229 1328 4302 τῷ
1358 4232 1512 4304 κακῷ
1556 4233 1652 4287 καὶ
1695 4235 1788 4289 ἐπὶ

220 4314 293 4385 τῇ
340 4314 685 4387 πλημμελείᾳ
730 4319 1193 4392 κατολοφύρεσθαι
1219 4362 1234 4387 ,
1286 4323 1789 4393 μεταγινώσκοντας

218 4404 305 4457 ὅτι
349 4403 622 4476 λογισμῶν
670 4409 751 4472 είς
805 4408 962 4463 τοῦτο
1010 4410 1339 4467 κατώλισθον
1383 4414 1664 4486 ἀμαθίας,
1711 4418 1787 4482 ὡς

218 4493 581 4566 ψευδοεπῆσαι
614 4498 754 4552 κατά
788 4497 945 4563 Θεοῦ,
968 4500 1333 4572 ἐρυθριῶντας
1362 4503 1419 4556 δὲ
1456 4505 1589 4569 ὅλως
1611 4507 1784 4571 οὐδὲν,

1897 3321 2061 3377 vellet
2106 3337 2119 3373 :
2175 3317 2420 3387 quiuimo
2471 3313 2720 3368 laudibus
2777 3314 2955 3382 potius
3002 3323 3057 3370 et
3113 3318 3459 3386 amplissimis

1895 3411 2191 3469 honoribus
2239 3406 2420 3462 miseri
2458 3404 2839 3477 dignabantur.
2876 3404 3058 3469 Quare
3086 3415 3141 3460 et
3185 3406 3260 3460 illi
3306 3408 3457 3464 dete-

1894 3504 2067 3560 riores
2095 3498 2413 3563 evadebant,
2437 3512 2565 3552 cum
2590 3509 2776 3549 eorum
2807 3496 3055 3549 morbum
3085 3500 3455 3553 venerantium

1895 3595 2088 3649 levitas
2131 3593 2320 3647 aleret.
2376 3589 2490 3644 Hoc
2536 3599 2713 3645 autem
2760 3600 3002 3661 tempore
3042 3606 3136 3647 eos
3174 3590 3455 3646 confusum

1894 3682 1960 3737 iri
1991 3681 2143 3747 dicit,
2172 3680 2453 3748 repudiata
2492 3680 2749 3734 nimirum
2795 3679 3313 3750 pseudoprophetia,
3360 3696 3455 3735 seu

1892 3771 2070 3841 potius
2101 3779 2380 3835 accusata,
2414 3781 2466 3823 et
2494 3770 2669 3836 poenis
2697 3770 2946 3825 amentia:
2978 3785 3007 3824 a
3038 3778 3147 3824 tam
3183 3772 3459 3840 impuden-

1894 3861 2037 3916 tibus
2078 3859 2344 3929 repetitis,
2378 3868 2437 3913 ut
2480 3859 2716 3929 correpti
2758 3874 2883 3915 mox
2930 3867 2986 3913 et
3031 3860 3238 3914 scelere
3289 3862 3458 3915 abSti—

1891 3959 2056 4006 neant
2128 3960 2184 4004 et
2223 3950 2416 4020 pellem
2465 3950 2734 4005 eilicinam
2781 3950 3025 4017 induant,
3079 3964 3177 4018 pro
3216 3965 3281 4006 eo
3314 3954 3456 4020 quod

1892 4043 2100 4099 mentiti
2136 4042 2269 4108 sint,
2306 4043 2409 4097 hoc
2446 4050 2552 4108 est,
2601 4050 2825 4111 propter
2870 4039 3267 4109 improbitatem
3302 4055 3453 4095 suam

1891 4136 2108 4206 lugeant
2166 4144 2223 4189 et
2274 4142 2497 4205 propter
2569 4133 2827 4187 delictum
2882 4134 3287 4196 lamententur,
3338 4148 3455 4201 pm-

1890 4227 2127 4282 nitentes
2161 4225 2304 4295 quod
2340 4226 2394 4279 in
2442 4224 2803 4294 cogitationes
2833 4224 2966 4277 adeo
3002 4222 3318 4289 insipientes
3356 4223 3456 4277 de-

1888 4317 2159 4383 venerint,
2184 4324 2245 4372 ut
2264 4314 2518 4388 perlricta
2552 4315 2728 4369 fronte
2755 4327 2941 4369 contra
2970 4314 3138 4369 Deum
3168 4312 3300 4369 falsa
3326 4324 3453 4384 ιιι-ος

1888 4408 2279 4479 loquerentur,
2317 4414 2712 4478 peccatumque
2758 4419 2912 4460 suum
2960 4404 3356 4471 conﬁteantur,
3400 4416 3456 4460 et

1890 4501 2101 4557 veniam
2136 4509 2379 4569 poscant,
2423 4496 2664 4551 dicentes
2708 4504 2894 4565 aperte
2926 4516 2939 4549 :
2976 4514 2997 4548 ι
3035 4494 3150 4577 Non
3186 4510 3302 4551 sum
3332 4511 3455 4565 pro-

217 4584 550 4655 όμολογῆσαί
576 4603 637 4641 τε
665 4588 763 4659 τὴν
782 4590 1078 4661 ἁμαρτίαν,
1100 4594 1192 4645 καὶ
1216 4592 1544 4665 συγγνώμην
1571 4596 1785 4668 ἐξαιτῆ-

1895 4592 2052 4661 pheta
2081 4605 2199 4661 ego,
2232 4590 2357 4659 quia
2390 4590 2551 4645 homo
2576 4587 2760 4660 genuit
2784 4600 2868 4641 me
2894 4602 2922 4640 a
2949 4585 3231 4654 iuventute
3258 4601 3397 4647 mea.
3426 4606 3447 4639 ι

223 4691 333 4739 σαι,
365 4675 619 4743 λέγοντας
648 4679 865 4749 σαφῶς
900 4699 919 4734 ι
951 4682 1064 4736 Οὐκ
1090 4682 1206 4752 εἰμὶ
1232 4685 1511 4755 προφήτης
1542 4686 1674 4754 ἐγὼ,
1700 4689 1782 4742 ὅτι

220 4764 501 4836 ἄνθρωπος
531 4762 788 4840 έγέννησέ
815 4788 902 4841 με,
925 4774 989 4826 ἐκ
1016 4774 1264 4845 νεότητός
1294 4793 1416 4845 μου,
1440 4794 1460 4827 ι
1484 4778 1779 4845 τουτέστιν,

219 4855 300 4907 ὄτι
332 4855 617 4925 ἀνθρώπου
649 4860 847 4928 γέγονα
875 4862 1082 4919 τέκνον.
1101 4865 1355 4938 Ἀσθενὴς
1385 4866 1440 4920 δὲ
1478 4867 1596 4921 λίαν
1619 4872 1652 4942 ἡ
1676 4872 1780 4939 φύ-

222 4960 305 5007 σις
332 4946 424 5000 καὶ
455 4948 809 5018 εύπάροιστος
855 4955 1052 5024 κομιδῇ
1082 4956 1217 5027 πρὸς
1245 4958 1306 5011 τὸ
1336 4958 1413 5031 μὴ
1465 4958 1585 5030 ἔχον
1609 4961 1782 5032 ὀρθῶς

220 5036 313 5088 καὶ
343 5038 733 5111 έτοιμοτρεπὴς
762 5044 841 5106 είς
869 5046 1161 5116 ἁμαρτίαν.
1190 5044 1313 5102 Εἶεν
1346 5050 1391 5103 δ’
1411 5051 1478 5104 ἂν
1504 5053 1559 5105 αἱ
1584 5053 1781 5107 τοιαίδε

220 5126 620 5196 μετανοούντων
652 5132 845 5199 φωναί.
878 5134 941 5186 El
969 5134 1026 5186 δὲ
1058 5135 1122 5207 δὴ
1153 5136 1442 5210 βουλοίμην
1469 5140 1631 5195 αὐτὸν
1662 5140 1781 5210 έρε-

221 5217 360 5282 σθαι,
400 5218 554 5290 φησὶ,
591 5220 657 5273 Τί
699 5220 760 5275 τὸ
804 5223 989 5294 χρῆμα
1027 5225 1135 5279 τῶν
1181 5228 1239 5280 ὲν
1267 5228 1452 5299 χερσὶν
1492 5230 1783 5300 ὁρωμένων

1893 4682 1996 4735 hoc
2018 4687 2123 4743 est,
2154 4678 2278 4748 quia
2322 4677 2558 4731 hominis
2588 4684 2748 4730 natus
2781 4689 2899 4729 sum
2932 4674 3091 4729 ﬁlius.
3122 4673 3337 4728 lniirma
3369 4685 3453 4728 est

1889 4779 2068 4826 autem
2112 4775 2309 4824 natura
2347 4767 2696 4823 vehementer
2724 4774 2781 4822 et
2809 4769 2875 4820 ad
2902 4764 3224 4835 pravitatem
3260 4764 3456 4819 facilli-

1890 4877 1978 4918 me
2004 4862 2356 4931 detorquetur
2385 4866 2439 4914 et
2467 4859 2531 4912 ad
2557 4866 2834 4927 peccatum
2871 4856 3017 4910 nullo
3034 4856 3252 4926 negotio
3279 4855 3453 4912 ﬂecti-

1889 4963 1998 5007 tur.
2056 4951 2229 5006 Voces
2286 4952 2466 5018 itaque
2510 4947 2888 5018 paenitentiam
2931 4946 3297 5014 hujuscemodi
3331 4961 3453 5000 esse

1888 5054 2113 5117 queunt.
2148 5044 2298 5112 Quod
2345 5043 2389 5097 si
2429 5042 2589 5097 velim
2639 5041 2814 5110 ipsum
2848 5042 3204 5108 interrogare,
3255 5039 3448 5109 inquit,

1889 5139 2027 5206 Quid
2066 5148 2190 5193 sunt
2222 5151 2341 5207 quae
2380 5137 2433 5191 in
2479 5135 2726 5190 manibus
2760 5142 3057 5188 cernuntur
3085 5132 3306 5186 vulnera
3352 5145 3449 5185 seu

1890 5231 2100 5302 plagae?
2156 5228 2499 5300 respondebit
2544 5241 2761 5282 rursum
2796 5242 2809 5278 :
2849 5243 2870 5276 ι
2912 5224 3116 5293 Quibus
3162 5236 3450 5292 percussus

217 5311 543 5379 τραυμάτων
585 5312 703 5383 ἦτοι
754 5314 1015 5386 πληγῶν;
1060 5318 1433 5391 ἀποκρινεῖται
1476 5322 1659 5389 πάλιν,
1704 5324 1786 5377 ὅτι

1895 5337 2005 5378 sum
2043 5323 2098 5376 in
2141 5321 2303 5376 domo
2346 5320 2527 5375 dilecti
2562 5320 2687 5386 mei,
2742 5336 2761 5370 ι
2814 5317 3045 5373 vinculis
3075 5329 3199 5369 eum
3245 5312 3450 5367 scilicet

226 5400 355 5463 ι”Ας
390 5401 636 5475 ἐπλήγην
657 5405 715 5460 ἐν
745 5405 821 5477 τῷ
847 5406 981 5478 οἴκῳ
1008 5408 1101 5461 τοῦ
1131 5410 1413 5484 ἀγαπητοῦ
1445 5430 1569 5484 μου,
1596 5432 1614 5466 ι
1650 5432 1787 5485 συμ-

1883 5422 2037 5484 patre
2073 5422 2126 5468 et
2185 5421 2357 5467 matre
2412 5409 2909 5480 constringentibus
2961 5416 3015 5461 et
3084 5403 3445 5459 temeritatem

219 5491 552 5548 ποδισάντων
588 5495 749 5549 αὑτὸν
796 5496 1036 5567 δηλονότι
1068 5502 1274 5574 πατρὸς
1310 5504 1403 5557 καὶ
1436 5504 1661 5576 μητρὸς,
1688 5506 1785 5559 καὶ

1895 5501 2262 5573 plectentibus.
2293 5503 2491 5557 Domus
2513 5499 2657 5555 enim
2684 5494 3169 5563 dilectiuniculque
3202 5502 3446 5547 nostrum

216 5577 285 5632 τά
333 5579 435 5651 τῆς
481 5584 813 5655 προπετείας
858 5585 1196 5659 ὲξῃτηκότων
1239 5592 1415 5657 δίκας.
1461 5591 1619 5660 Οἶκος
1669 5596 1780 5668 γὰρ

1895 5603 1965 5651 est
1996 5596 2184 5651 domus
2210 5602 2513 5653 parentum.
2564 5590 2922 5658 Quamobrem
2969 5593 3167 5657 quanta
3200 5591 3445 5639 veterum

288 5752 332 5785 "
358 5752 554 5814 Ezeeb.
576 5772 700 5825 xui,
726 5760 815 5815 l9.

489 5849 758 5915 PA'I'RUL.
803 5853 918 5915 GR.
961 5852 1193 5915 LXXII.

3071 5855 3109 5921 8
