4070 6510
640 390 750 458 235
1620 390 1702 454 ‘s.
1746 380 2015 452 timiLLt
2056 384 2525 454 Anaxsnnnim
2556 384 2875 456 marries.
3832 402 3943 457 εει

646 509 1060 581 recentiumque
1098 524 1279 567 rerum
1311 508 1617 566 differentia
1653 514 1743 577 sit,
1784 520 1964 566 tecum
2010 519 2224 578 reputa.

2343 512 2618 583 ὶγαπητοῦ
2659 513 2876 584 ἑκάστῳ
2917 512 3024 568 τῶν
3052 512 3169 567 καθ’
3197 513 3368 585 ἡμᾶς,
3398 515 3425 569 ό
3461 515 3571 568 τῶν
3601 514 3948 583 γεγεννηκό-

639 602 980 661 Ferebantur
1002 601 1147 657 enim
1178 601 1231 657 in
1265 600 1440 657 oculis
1466 598 1587 656 falsi
1616 602 1912 671 prophetae,
1945 604 2221 671 gloriaque

2343 605 2602 675 των.”υρα
2638 606 2815 658 τοίνυν
2855 606 2952 677 ὅση
2990 605 3073 669 τίς
3101 606 3249 659 ἐστιν
3283 609 3315 678 ἡ
3347 607 3459 660 τῶν
3490 607 3667 661 πάλαι
3714 605 3824 659 καὶ
3852 605 3944 659 νῦν

638 705 692 748 et
740 692 999 764 Opinione
1044 694 1182 748 bona
1225 691 1510 757 florebant,
1549 707 1647 748 nec
1692 706 1786 747 eos
1834 693 2222 761 talia-agentes

2343 694 3373 767 τραγμὰτωνδιαφοράῧΕθαυμζάξοντο
3425 697 3524 768 μὲν
3564 697 3682 768 γὰρ
3711 697 3766 747 οἰ
3803 696 3944 766 παρ’

638 783 767 838 facti
815 784 1137 854 poenitebat.
1178 785 1275 839 Ast
1312 784 1565 854 praesenti
1604 792 1868 854 tempore,
1912 785 1958 839 si
1993 784 2088 851 qui
2125 800 2220 840 eo-

2343 786 2553 849 ;xstvou;
2581 785 3051 858 ψευδοπροφῆται,
3087 780 3179 841 καὶ
3210 784 3351 859 ἦσαν
3396 790 3456 841 ὲν
3502 788 3636 860 δόξῃ
3669 787 3777 841 καὶ
3814 786 3946 839 ὑπο-

640 881 758 925 rum
794 874 947 942 sequi
978 875 1235 930 vaticinia
1288 876 1583 941 voluerint,
1617 875 1970 945 incr‘epantur
1995 885 2051 930 et
2089 891 2221 931 con-

2343 877 2482 947 ιήψει
2510 881 2746 949 χρηστῇ,
2786 880 2882 932 καὶ
2916 879 3091 934 ταῦτα
3115 880 3351 953 δρῶντες
3377 881 3501 935 οὐδὲ
3540 879 3941 952 μετεμέλοντο.

639 963 961 1027 funduntur,
987 975 1041 1019 et
1080 975 1368 1035 parentum
1400 966 1624 1023 calculis
1656 967 1721 1021 ad
1763 979 1976 1037 pennam
2025 980 2224 1021 vocan-

2343 966 2490 1021 Κατὰ
2515 967 2570 1021 δέ
2597 984 2660 1036 γε
2680 969 2771 1022 τὸν
2800 969 3131 1040 ἐνεστηκότα
3157 971 3372 1043 καιρὸν,
3390 974 3439 1024 εἰ
3464 971 3527 1042 δή
3558 988 3717 1034 τινες
3737 971 3946 1023 ἕλοιντο

642 1065 754 1123 tur,
793 1057 1152 1128 resipiscunt,
1191 1067 1247 1113 ut
1282 1059 1372 1128 qui
1408 1059 1709 1129 peccarint,
1747 1058 1952 1126 lugent,
1987 1058 2224 1127 plorant,

2343 1054 2712 1122 ταῖςλὲκείνων
2754 1060 3033 1129 μαντείαις
3083 1061 3526 1127 κατακολουθεῖν,
3567 1061 3946 1131 ὲπιτιμῶνται

639 1146 889 1201 humanae
927 1157 1137 1203 naturae
1171 1148 1599 1204 imbecillitatem
1630 1149 2131 1220 proclivitatemque
2161 1150 2229 1205 ad

2343 1150 2433 1203 καὶ
2458 1144 2933 1220 καταισχύνονται,
2962 1152 3057 1205 καὶ
3088 1155 3209 1216 ταῖς
3249 1153 3358 1205 τῶν
3392 1152 3831 1223 γεγεννηκότων
3859 1168 3945 1205 κο-

640 1238 973 1307 peccandum
1005 1239 1340 1295 confitentes.
1370 1240 1528 1315 791
1583 1241 1656 1295 De
1693 1248 1837 1295 terra
1883 1241 2027 1295 enim
2063 1241 2225 1311 spiri-

2343 1241 2585 1305 λάζονται
2617 1242 2839 1313 ψήφοις,
2877 1244 3378 1314 μεταγινώσκουσιν
3417 1245 3491 1309 ὡς
3522 1245 3944 1317 ἡμαρτηκότες,

641 1340 733 1385 tus
763 1329 1073 1384 immundus
1102 1329 1401 1385 Salvatoris
1432 1331 1604 1386 nostri
1636 1329 1763 1386 Jesu
1796 1331 1996 1387 Clu-isti
2026 1331 2227 1387 virtute

2343 1331 2591 1386 πενθοῦσι
2641 1335 2735 1387 καὶ
2769 1334 3037 1401 κλαίουσι,
3077 1338 3175 1407 τὴν
3204 1338 3303 1408 τῆς
3332 1337 3694 1409 ἀνθρωπείας
3726 1336 3943 1405 φύσεως

639 1426 1019 1488 potestateque
1056 1420 1302 1475 sublatus
1336 1429 1439 1475 est.

2343 1426 2359 1477 5
2366 1425 2722 1495 μολογοῦντες
2746 1426 3031 1480 ἀσθένειαν
3047 1429 3141 1481 καὶ
3158 1428 3217 1481 τὸ
3237 1428 3514 1482 εὐόλισθον
3532 1431 3614 1492 εἰς
3631 1429 3943 1501 ἁμαρτίαν.

652 1504 942 1583 Ἀνῄρηται
967 1509 1075 1581 γὰρ
1105 1511 1163 1563 τὸ
1195 1509 1413 1582 πνεῦμα
1443 1511 1503 1565 τὸ
1527 1512 1838 1585 ἀκάθαρτον
1867 1514 1975 1568 ἀπὸ
1998 1514 2103 1585 τῆς
2163 1515 2267 1588 γῆς
2303 1519 2371 1588 τῇ
2408 1517 2502 1571 τοῦ
2582 1518 2832 1587 Σωτῆρος
2876 1517 3042 1588 ἡμῶν
3081 1518 3258 1589 Ἰησοῦ
3306 1518 3545 1590 Χριστοῦ
3598 1518 3851 1587 δυνάμει
3895 1532 3945 1570 τι

638 1600 733 1653 καὶ
764 1600 1003 1673 ἐξουσίᾳ.

696 1686 937 1747 Ὕειιεπ.
959 1689 1302 1763 Rhomphtea,
1326 1710 1578 1765 consurge
1604 1712 1760 1765 super
1781 1706 2039 1764 pastorem
2065 1713 2234 1752 meum
2264 1705 2308 1760 B

618 1796 688 1838 τι
712 1799 869 1853 super
892 1782 1059 1837 virum
1100 1785 1259 1838 civem
1284 1784 1417 1852 ejus,
1449 1786 1577 1837 dicit
1606 1785 1860 1839 Dominus
1882 1787 2229 1855 omnipotens.

645 1873 870 1930 Percute
906 1883 1266 1944 pastorem,“
1310 1877 1677 1946 dispergentur
1717 1892 1858 1944 oves,
1906 1886 1956 1931 et
1980 1877 2228 1932 inducam

623 1982 859 2021 'ruattum
884 1983 1053 2023 meam
1077 1981 1235 2036 super
1262 1976 1519 2035 pastores.

692 2142 776 2201 'C.
815 2146 955 2202 Deus
981 2156 1032 2200 et
1060 2144 1220 2201 Pater
1246 2146 1527 2217 proprium
1551 2147 1747 2203 Filium
1774 2164 1928 2204 suum
1959 2164 2057 2220 pro
2075 2151 2231 2207 nobis

622 2239 983 2304 'tradidit",
1020 2236 1415 2305 dispensutorie
1474 2240 1678 2307 sinens,
1757 2244 2005 2313 quamvis
2062 2243 2229 2297 Deum

632 2341 697 2413 iet
757 2345 823 2385 ex
889 2346 949 2385 se
997 2330 1321 2385 naturaliter
1373 2330 1742 2408 inexplicabili
1796 2334 1955 2390 modo
2004 2350 2229 2406 genera-

642 2432 777 2489 tum,
804 2432 858 2477 et
897 2422 951 2476 in
1006 2422 1177 2476 forma
1214 2422 1354 2477 servi
1397 2423 1603 2489 venire,
1653 2432 1707 2479 et
1743 2425 2014 2480 hominem
2076 2428 2232 2484 nobis

642 2513 871 2568 similem
897 2512 1014 2567 fieri
1043 2514 1108 2578 ",
1131 2522 1186 2567 et
1205 2528 1425 2569 crucem
1463 2517 1759 2581 sustinere,
1790 2526 1848 2572 ut
1888 2518 2092 2574 IllllndO
2140 2535 2229 2574 sa-

632 2606 807 2660 :lutem
833 2606 1162 2672 restitueret,
1188 2615 1243 2661 et
1272 2604 1491 2661 Satanas
1532 2606 1589 2661 in
1648 2622 1840 2664 omnes
1895 2609 2229 2665 dominatum

634 2706 879 2761 erueret,
908 2705 963 2752 et
994 2697 1262 2767 impuram
1289 2698 1646 2753 idololatriam
1672 2710 1946 2756 everteret
2001 2714 2054 2758 et
2091 2702 2232 2756 vati-

635 2790 996 2855 cinationem,
1033 2791 1535 2860 pseudopropltetas
1558 2801 1614 2845 et
1672 2792 2002 2863 imposturas
2037 2810 2100 2849 cx
2136 2809 2233 2849 suo

635 2878 916 2950 .cuiusque
942 2880 1109 2935 corde
1168 2880 1444 2951 profectas
1497 2880 1757 2948 abelcrel,
1810 2882 2048 2939 auferret
2105 2885 2232 2939 item

627 2966 895 3043 ‘gspiritum
938 2969 1275 3024 immundum
1300 2971 1367 3025 de
1398 2979 1573 3034 terra,
1609 2980 1663 3026 et
1687 2974 1945 3027 mundum
1973 2983 2232 3043 praeterea

2416 1693 2721 1763 Ῥομφαία,
2749 1693 3090 1763 ἐξεγέρθητι
3120 1695 3219 1749 ἐπὶ
3258 1696 3365 1750 τὸν
3398 1696 3659 1765 ποιμένα
3687 1714 3825 1765 μου
3856 1696 3946 1751 καὶ

2331 1785 2425 1839 ἐπ’
2458 1785 2650 1854 ἄνδρα
2687 1786 2948 1854 πολίτην
2986 1786 3194 1850 αὐτοῦ,
3242 1785 3405 1857 λέγει
3448 1789 3675 1856 Κύριος
3726 1804 3947 1841 παντο-

2331 1875 2580 1945 κράτωρ.
2622 1870 2901 1942 Πάταξον
2953 1876 3060 1930 τὸν
3109 1878 3385 1947 ποιμένα,
3427 1878 3526 1932 καὶ
3582 1877 3946 1945 διασκορπι-

2332 1969 2624 2037 σθήσεται
2650 1971 2723 2025 τὰ
2753 1971 3035 2039 πρόϐατα,
3068 1969 3165 2023 καὶ
3208 1971 3410 2035 ἐπάξω
3444 1969 3560 2039 τὴν
3607 1969 3801 2041 χεῖρὰ
3836 1987 3944 2039 μου

2331 2062 2429 2115 ἐπὶ
2462 2062 2604 2127 τοὺς
2633 2061 2943 2131 ποιμένας.

2402 2150 2481 2205 P'.
2521 2151 2760 2205 Δέδωκεν
2795 2152 2935 2225 ὑπὲρ
2967 2153 3126 2224 ήμῶν
3157 2153 3247 2208 τὸν
3278 2153 3408 2208 ίδιον
3439 2153 3568 2207 Υἰὸν
3603 2155 3634 2207 ό
3670 2153 3822 2216 Θεὸς
3856 2153 3945 2206 καὶ

2333 2238 2544 2310 Πατὴρ,
2580 2239 2732 2308 ἐφεὶς
2759 2240 3141 2311 οἰκονομικῶς,
3182 2242 3362 2296 καίτοι
3400 2243 3534 2296 Θεὸν
3566 2242 3709 2296 ὄντα
3760 2236 3867 2296 καὶ
3894 2242 3944 2306 ἐξ

2333 2330 2497 2384 αὑτοῦ
2546 2331 2684 2384 κατὰ
2728 2331 2890 2402 φύσιν
2924 2333 3254 2405 ἀπορῤήτως
3280 2333 3723 2404 γεγεννημένον,
3763 2333 3867 2386 καὶ
3895 2335 3943 2386 ἰν

2333 2423 2396 2491 τῇ
2433 2419 2528 2474 τοῦ
2561 2420 2749 2474 δούλου
2792 2426 2975 2493 μορφῇ
3018 2422 3361 2488 καθικέσθαι,
3390 2422 3487 2477 καὶ
3520 2422 3833 2493 ἄνθρωπον
3865 2439 3945 2489 για

2333 2510 2520 2566 νέσθαι
2550 2512 2673 2565 καθ’
2706 2515 2874 2582 ἡμᾶς,
2910 2515 3005 2566 καὶ
3033 2513 3328 2584 ἀνατλῆναι
3367 2513 3624 2585 σταυρὸν,
3668 2514 3771 2566 ἵνα
3804 2514 3943 2584 ιτιῖισῖ⁵

2332 2600 2423 2653 τὸν
2453 2600 2679 2671 κόσμον,
2712 2601 2808 2655 καὶ
2850 2601 3145 2674 ἀποστήσῃ
3171 2603 3272 2672 τῆς
3305 2603 3448 2656 κατὰ
3492 2603 3727 2657 πάντων
3762 2603 3945 2657 πλεον-

2334 2692 2478 2757 εξίας
2507 2693 2599 2746 τὸν
2628 2694 2892 2759 Σατανᾶν,
2927 2692 3133 2767 καθέλῃ
3173 2694 3232 2747 δὲ
3266 2694 3361 2749 καὶ
3385 2694 3484 2765 τὴν
3514 2694 3763 2764 βέϐηλον
3808 2694 3946 2748 εἰδω-

2333 2784 2669 2856 λολατρείαν,
2694 2785 2787 2839 καὶ
2809 2782 3138 2859 καταργήσῃ
3167 2788 3446 2857 μαντείαν,
3475 2788 3946 2861 ψευδοπροφήτας

2332 2893 2392 2927 τε
2432 2876 2679 2939 καὶτοὺς
2732 2877 2797 2928 ὲκ
2845 2876 3072 2947 καρδίας
3113 2879 3508 2948 φενακισμοὺς,
3538 2880 3719 2951 ἐξάρῃ
3764 2880 3830 2934 δὲ
3858 2882 3944 2934 καὶ

2331 2966 2395 3021 τὸ
2423 2965 2638 3037 πνεῦμα
2670 2966 2733 3020 τδ
2760 2966 3068 3038 ἀκάθαρτον
3101 2969 3210 3022 ἀπὸ
3238 2972 3337 3040 τῆς
3384 2971 3507 3041 γῆς,
3541 2972 3640 3023 καὶ
3690 2971 3844 3042 πρός
3886 2989 3943 3041 γε

636 3024 999 3162 εςοιιειὶιυετει
1052 3057 1439 3129 formaretque,
1488 3060 1737 3114 seductos
1804 3061 1871 3114 ad
1929 3060 2232 3115 divinitatis

2343 3060 2401 3131 δὴ
2428 3060 2657 3124 τούτοις,
2700 3060 2789 3113 ἵνα
2837 3061 3251 3131 καταστήσηται
3289 3060 3387 3131 τὴν
3426 3062 3519 3114 ὑπ’
3552 3062 3826 3133 οὐρανὸν,
3863 3080 3947 3134 με·

622 3151 981 3221 ~fagnitionent
1012 3152 1373 3212 transferens.
1409 3165 1611 3220 eosque
1634 3151 1697 3205 ad
1729 3151 1845 3221 pias
1879 3161 1933 3206 et
1976 3153 2232 3207 honestas

637 3242 768 3297 Vitae
792 3243 1029 3296 rationes
1058 3249 1113 3295 et
1139 3242 1205 3295 ad
1243 3242 1553 3310 opinionem
1584 3242 1885 3311 omnigenus
1921 3242 2141 3298 virtutis
2166 3243 2232 3297 de

645 3347 704 3391 Se
733 3332 1081 3404 praebendam
1122 3331 1428 3400 impellens.
1465 3332 1618 3387 lianc
1643 3331 1712 3386 ob
1752 3345 1971 3386 causam
2000 3344 2230 3387 mortem

636 3439 811 3496 super
839 3424 1000 3495 ligno,
1032 3438 1339 3494 quanquam
1373 3421 1959 3494 ignominiosissimam,
1992 3424 2229 3491 pertulit,

637 3516 962 3572 'contusione
990 3523 1320 3584 contempta,
1361 3529 1484 3569 cum
1511 3513 1590 3569 sic
1649 3513 1746 3584 ipsi
1808 3513 1917 3567 Deo
1971 3524 2026 3567 et
2080 3514 2231 3569 Patri

638 3607 1005 3668 videretur“.
1034 3605 1106 3661 Et
1136 3607 1239 3661 tale
1274 3602 1525 3674 quiddam
1572 3607 1727 3661 nobis
1761 3606 1870 3673 ipse
1895 3604 2062 3659 Filius
2107 3607 2234 3660 sub-

648 3700 890 3757 ustendit
924 3714 1049 3754 cum
1079 3698 1183 3753 ait:
1222 3717 1239 3749 l
1271 3698 1406 3764 Quia
1432 3697 1686 3752 descendi
1716 3697 1783 3751 de
1810 3697 1969 3764 caelo,
2004 3712 2111 3751 non
2176 3707 2233 3752 ut

634 3788 845 3849 ifaciam
876 3791 1210 3846 voluntatem
1250 3802 1442 3853 meam,
1477 3787 1573 3842 sed
1602 3787 1939 3843 voluntatem
1971 3788 2087 3855 ejus
2138 3788 2231 3856 qui

635 3882 799 3937 emisit
828 3895 933 3935 me.
961 3877 1083 3933 llmc
1108 3885 1191 3932 est
1217 3886 1398 3931 autem
1416 3875 1661 3931 voluntas
1690 3876 1808 3947 ejus
1830 3878 1922 3947 qui
1952 3877 2098 3931 misit
2124 3892 2230 3942 me,

648 3977 708 4023 ut
740 3982 899 4024 omne
921 3965 1063 4036 quod
1092 3964 1239 4021 dedit
1292 3963 1421 4018 milii
1483 3979 1591 4019 non
1653 3968 1872 4034 perdam
1915 3981 1981 4021 ex
2011 3981 2097 4031 eo,
2133 3968 2227 4021 sed

638 4054 973 4117 lresuscitem
1002 4056 1133 4112 illud
1173 4056 1225 4110 in
1253 4055 1552 4112 novissimo
1590 4057 1677 4112 die
1717 4058 1781 4111 ".
1824 4076 1842 4109 ι
1886 4059 1953 4114 Et
1984 4069 2042 4114 ut
2090 4062 2231 4115 divi-

637 4168 751 4218 tnus
777 4151 975 4207 Paulus
995 4149 1232 4206 scribit:
1272 4167 1290 4201 ι
1333 4144 1635 4219 Ῥτοριθιεο
1694 4149 1944 4208 Christus
1986 4167 2233 4208 mortuus

638 4252 734 4312 ,εει
760 4254 814 4298 et
845 4241 1141 4307 revixit,ut
1169 4250 1506 4297 mortuorum
1544 4250 1600 4297 et
1629 4242 1872 4297 vivorum
1920 4243 2230 4299 dominare-

651 4348 735 4391 tur
759 4337 856 4389 ⁸ο.»
898 4333 1087 4391 Posuit
1122 4334 1288 4404 igitur
1318 4335 1554 4390 animam
1586 4352 1740 4391 suam
1771 4337 1945 4393 libens
1977 4353 2077 4407 pro
2136 4355 2233 4392 no-

2340 3148 2574 3213 τατιθείς
2603 3150 2683 3209 εἰς
2709 3147 3039 3217 θεογνωσίαν
3059 3152 3186 3211 τοὺς
3209 3151 3697 3221 πεπλανημένους,
3712 3154 3950 3205 ἀναπεί-

2341 3239 2447 3293 θων
2478 3239 2691 3294 ἑλέσθαι
2721 3240 2818 3311 τὴν
2843 3240 3042 3310 εὐσεσῆ
3073 3241 3167 3293 καὶ
3190 3242 3508 3313 εὐσχήμονα
3541 3242 3840 3297 πολιτείαν
3863 3246 3949 3297 καὶ

2342 3332 2449 3383 πᾶν
2481 3327 2624 3394 εἶδος
2666 3331 2866 3401 ἀρετῆς
2909 3332 3140 3403 ὁρᾶσθαι
3169 3334 3560 3404 τετιμηκότας.
3591 3335 3834 3406 Ταύτης
3862 3332 3946 3388 οὖν

2340 3423 2502 3477 ἕνεκα
2531 3422 2632 3491 τῆς
2664 3423 2958 3486 αἰτίαςτὺν
2987 3424 3082 3476 ἐπὶ
3108 3421 3265 3489 ξύλου
3295 3425 3553 3492 θάνατον,
3586 3427 3787 3481 καίτοι
3822 3428 3947 3481 πολῦ

2340 3514 2459 3567 λίαν
2482 3513 2671 3583 ἔχοντα
2707 3512 2768 3566 τὸ
2797 3513 3075 3579 δυσκλεὲς,
3110 3516 3427 3587 ὑπέμεινεν,
3466 3518 3751 3589 αἰσχύνης
3781 3536 3946 3573 καταο

2342 3604 2638 3674 φρονήσας,
2669 3602 2812 3656 οὕτω
2841 3604 2934 3656 καὶ
2965 3605 3114 3675 αὐτῷ
3148 3606 3339 3659 δοκοῦν
3369 3606 3448 3677 τῷ
3472 3607 3597 3677 Θεῷ
3625 3610 3730 3661 καὶ
3753 3609 3945 3678 Πατρί.

2340 3695 2536 3748 Καίτοι
2567 3694 2807 3748 τοιοῦτον
2837 3696 2969 3766 ἡμῖν
2993 3698 3284 3765 ὑποφαίνει
3318 3698 3497 3766 λέγων
3517 3700 3705 3763 καύτὸς
3732 3702 3763 3753 ὀ
3786 3700 3945 3759 Titi"

2350 3788 2500 3839 (Ὅτι
2549 3786 2901 3858 καταϐέϐηκα
2933 3790 2997 3841 ὲκ
3028 3788 3123 3841 τοῦ
3163 3789 3416 3861 οὐρανοῦ,
3453 3791 3554 3860 οὐχ
3587 3791 3681 3844 ἵνα
3725 3791 3878 3844 ποιῶ
3896 3791 3947 3842 τὸ

2341 3876 2552 3946 θέλημα
2580 3877 2639 3929 τὸ
2671 3877 2819 3947 ἐμὸν,
2855 3878 2991 3932 ἀλλὰ
3024 3881 3086 3933 τὸ
3119 3881 3333 3951 θέλημα
3371 3881 3467 3934 τοῦ
3500 3882 3840 3952 πέμψαντός
3866 3901 3945 3953 με.

2342 3966 2385 4017 Τ
2387 3966 2510 4018 οῦτο
2539 3964 2598 4018 δέ
2622 3967 2737 4017 ἐστι
2769 3967 2831 4019 τὸ
2870 3968 3084 4040 θέλημα
3114 3970 3209 4023 τοῦ
3240 3970 3561 4040 πέμψαντός
3586 3988 3683 4040 με,
3728 3972 3825 4024 ἴνα
3849 3975 3947 4025 πᾶν

2339 4056 2369 4109 ὃ
2396 4057 2594 4110 δέδωκέ
2637 4075 2725 4128 μοι
2778 4059 2850 4131 μὴ
2884 4060 3135 4114 ἀπολέσω
3163 4062 3223 4127 ἐξ
3252 4061 3442 4127 αὐτοῦ,
3477 4062 3616 4116 ἁλλὰ
3653 4066 3949 4135 ἀναστήσω

2341 4151 2473 4204 αὐτὸ
2501 4153 2558 4205 ἐν
2582 4156 2648 4223 τῇ
2682 4153 2885 4226 ἐσχάτῃ
2911 4156 3114 4227 ἡμέρα.
3154 4176 3171 4208 ι
3220 4158 3331 4211 Καὶ
3362 4157 3555 4230 ὥσπερ
3583 4160 3615 4211 ὁ
3650 4160 3948 4223 θεσπέσιος

2340 4244 2542 4315 γράφει
2578 4245 2810 4311 Παῦλος,
2849 4265 2867 4298 ι
2896 4248 2995 4301 Διὰ
3051 4249 3211 4303 τοῦτο
3263 4250 3501 4321 Χριστος
3547 4252 3809 4307 ἀπέθανε
3862 4255 3951 4308 καὶ

2340 4336 2622 4409 ἀνέζησεν,
2653 4338 2741 4391 ἵνα
2782 4339 2877 4391 καὶ
2923 4339 3133 4409 νεκρῶν
3170 4341 3265 4395 καὶ
3314 4340 3535 4403 ζώντων
3583 4344 3892 4417 κυριεύσῃ.
3930 4363 3946 4395 ι

648 4430 734 4485 bis
766 4430 834 4495 ’³,
859 4434 1070 4482 tantum
1099 4427 1394 4483 nonetiam
1427 4441 1552 4483 eum
1587 4438 1647 4481 ut
1679 4429 1955 4483 hominem
1984 4428 2235 4483 volunta-

2344 4428 2570 4481 Τέθεικε
2598 4430 2778 4483 τοίνυν
2808 4430 2950 4486 ἑκὼν
2977 4432 3116 4503 ὑπὲρ
3152 4433 3310 4503 ἡμῶν
3339 4433 3438 4505 τὴν
3461 4434 3667 4505 ψυχὴν,
3702 4436 3878 4506 μόνον
3900 4437 3952 4489 δὲ

639 4508 706 4576 ἰο
732 4534 829 4577 sua
860 4522 970 4576 Deo
995 4529 1049 4575 et
1076 4518 1238 4573 Patre
1272 4519 1537 4587 tradente,
1561 4529 1617 4575 et
1658 4519 1803 4576 velut
1852 4520 2200 4590 permittente
2221 4561 2237 4587 ,

651 4622 712 4670 ut
739 4611 871 4678 dixi,
904 4611 1054 4667 illum
1082 4610 1347 4681 sanguine
1403 4624 1502 4666 suo
1534 4611 1773 4666 omnium
1816 4612 1989 4667 vitam
2031 4628 2235 4670 emere.

651 4706 838 4775 Itaque
874 4702 1151 4767 Servatur,
1188 4701 1358 4757 Pilato
1385 4701 1683 4758 arbitrante
1703 4717 1761 4758 se
1784 4705 1834 4757 in
1872 4704 2045 4773 ipsum
2073 4707 2236 4759 habe-

654 4814 715 4855 re
746 4802 1089 4869 potestatem,
1119 4794 1360 4851 occurrit
1394 4793 1469 4849 ita
1504 4811 1520 4848 :
1560 4813 1579 4844 ι
1625 4793 1740 4848 Νοη
1803 4795 2033 4851 liabet-cs
2091 4806 2242 4867 pote-

654 4897 846 4945 statcm
873 4887 1157 4942 adversum
1209 4901 1293 4941 me
1330 4886 1531 4951 ullam,
1569 4886 1671 4942 nisi
1708 4886 1803 4941 tibi
1860 4888 2040 4941 datum
2094 4898 2238 4942 esset

655 4979 886 5050 desuper
908 4980 1006 5033 η.»
1048 4978 1340 5048 Postquam
1370 4976 1533 5047 igitur
1559 4990 1655 5031 ore
1681 4977 1958 5049 prophetae
1980 4992 2233 5045 praenun-

654 5073 809 5129 tiavit
840 5086 1018 5129 rerum
1043 5072 1404 5129 humanarum
1454 5070 1508 5124 in
1543 5069 1737 5125 melius
1761 5072 2234 5125 commutationem

648 5163 772 5219 fore
805 5161 1119 5228 maximam,
1148 5160 1240 5214 tibi
1280 5160 1367 5214 ille
1396 5168 1627 5216 mortem
1667 5159 1722 5213 in
1761 5174 1987 5228 corpore
2009 5160 2239 5228 pertule-

653 5256 746 5322 rit,
778 5256 931 5325 quasi
963 5252 1183 5309 festinat
1206 5260 1427 5321 tempus
1449 5249 1757 5316 ostendere,
1792 5264 1898 5319 quo
1924 5250 2038 5305 haec
2062 5250 2238 5307 futura

653 5349 781 5413 sint,
809 5356 863 5401 et
894 5344 1192 5414 perpetrari
1234 5342 1498 5412 passionis
1529 5340 1839 5413 mysterium
1859 5341 2032 5411 jubet,
2067 5344 2236 5415 ipsam

655 5437 1025 5507 rbomplizcam
1047 5434 1365 5497 adhortans,
1392 5447 1453 5486 ac
1476 5430 1694 5487 dicens:
1728 5450 1745 5482 ι
1774 5431 2054 5505 Consurge
2078 5452 2240 5507 super

656 5536 927 5593 pastorem
964 5538 1167 5588 meum,
1202 5530 1253 5576 et
1273 5522 1449 5591 {super
1485 5519 1659 5574 virum
1693 5519 1864 5576 civem
1905 5521 2064 5595 792
2099 5525 2235 5594 ejus,

731 5724 773 5753 ¹⁶
808 5720 964 5776 Rom.
997 5736 1113 5783 Vill,
1153 5721 1244 5776 32.
1326 5721 1366 5753 "
1387 5717 1626 5786 Philipp.
1664 5733 1722 5779 tt,
1759 5716 1874 5774 6-8.
1961 5719 1999 5751 "’
2036 5718 2193 5775 Hebr.
2229 5736 2303 5775 χιι

659 5791 702 5824 ³³
739 5793 755 5848 i
789 5791 1170 5859 Joan.tn,16.
1246 5787 1471 5844 “Joan.
1509 5801 1620 5852 xix,
1649 5786 1734 5838 ll.

2310 5760 2324 5788 ,
2357 5721 2391 5775 2
2430 5736 2581 5791 seqq.

2346 4518 2468 4588 οὐχὶ
2492 4518 2585 4571 καὶ
2605 4518 2934 4589 παραδόντος
2958 4518 3119 4573 αὐτὸν
3150 4520 3226 4583 ὡς
3248 4519 3539 4590 ἄνθρωπον
3567 4521 3688 4592 ἰδίῳ
3714 4522 3951 4593 νεύματι

2345 4608 2440 4662 τοῦ
2485 4608 2621 4662 Θεοῦ
2669 4610 2763 4663 καὶ
2805 4611 3043 4680 Πατρὸς,
3075 4612 3169 4664 καὶ
3206 4606 3316 4665 οἷον
3353 4612 3621 4682 ἐφιέντος,
3660 4613 3741 4676 ὡς
3791 4614 3949 4684 ἔφην,

2346 4700 2539 4771 αἵματι
2572 4700 2647 4772 τῷ
2683 4700 2797 4772 ἰδίῳ
2839 4702 2938 4773 τὴν
2989 4703 3247 4757 ἁπάντων
3296 4702 3565 4774 πρίασθαι
3612 4702 3793 4773 ζωήν.
3846 4704 3953 4758 Καὶ

2348 4792 2478 4860 γοῦν
2528 4792 2557 4843 ό
2605 4792 2826 4864 Σωτὴρ,
2882 4793 3161 4865 οἰηθέντος
3205 4795 3441 4848 Πιλάτου
3495 4793 3951 4859 κατεξουσιάζειν

2346 4879 2532 4945 αὐτοῦ,
2562 4882 2920 4952 προωπὴντα
2950 4882 3126 4951 λέγων
3145 4898 3158 4912 ·
3197 4901 3215 4934 ι
3246 4882 3363 4937 Οὐκ
3396 4877 3543 4953 εἶχες
3573 4882 3838 4947 ἐξουσίαν
3870 4886 3953 4937 οὖ-

2343 4969 2535 5040 δεμίαν
2573 4970 2695 5023 κατ’
2720 4971 2878 5041 ἐμοῦ,
2909 4974 2959 5025 εἰ
2996 4972 3071 5044 μὴ
3102 4969 3172 5045 ἦν
3211 4990 3293 5027 σοι
3329 4972 3619 5041 δεδομένον
3656 4972 3899 5027 ἄνωθεν.
3933 4994 3971 5047 ις

2346 5061 2886 5132 Προαφηγησάμενος
2916 5064 3097 5116 τοίνυν
3127 5062 3216 5117 διὰ
3244 5063 3342 5133 τῆς
3377 5064 3472 5117 τοῦ
3504 5066 3801 5136 προφήτου
3841 5083 3951 5133 qta-

2344 5152 2442 5221 νῆς
2478 5152 2553 5217 ὡς
2584 5152 2812 5225 πλείστη
2839 5172 2922 5218 τις
2950 5155 3100 5209 ἔσται
3140 5156 3247 5210 τῶν
3274 5156 3641 5228 ἀνθρωπίνων
3674 5158 3951 5227 πραγμα-

2342 5258 2452 5297 των
2479 5243 2570 5297 ἐπὶ
2596 5245 2655 5298 τὸ
2686 5244 2905 5316 ἄμεινον
2948 5248 3288 5319 καταδρομὴ,
3330 5248 3601 5312 παθόντος
3650 5249 3829 5303 αὐτοῦ
3867 5250 3951 5301 τὸν

2343 5335 2401 5388 ὲν
2428 5338 2592 5408 σαρκὶ
2628 5336 2877 5403 θάνατον,
2912 5340 3195 5410 μονονουχὶ
3227 5341 3319 5393 καὶ
3344 5339 3671 5393 ὲπισπεύδει
3699 5341 3797 5394 τοῦ
3830 5358 3949 5394 και-

2344 5427 2441 5498 ροῦ
2474 5427 2570 5499 τὴν
2604 5427 2892 5495 ἀνάδειξιν,
2926 5430 3047 5483 καθ’
3077 5430 3135 5484 ὃν
3170 5430 3322 5485 ἔσται
3353 5431 3547 5497 ταῦτα,
3574 5434 3671 5486 καὶ
3698 5435 3947 5503 ὲνεργεῐο

2344 5520 2467 5573 σθαι
2504 5520 2838 5591 προστέταχε
2872 5521 2931 5573 τὸ
2976 5524 3067 5575 ἐπὶ
3112 5523 3188 5594 τῷ
3224 5522 3385 5575 πάθει
3437 5526 3764 5595 μυστήριον,
3805 5523 3943 5589 ανέιῇ

2702 5723 2742 5752 ’⁸
2769 5720 2925 5780 Joau.
2960 5739 3035 5789 vr,
3067 5724 3154 5788 38,
3187 5726 3275 5782 59.
3353 5725 3397 5755 '°
3437 5724 3599 5779 Rom.
3644 5738 3760 5781 xw.
3799 5722 3861 5783 8,
3891 5720 3944 5776 9.
