4070 6528
206 394 319 449 237

1052 388 1595 447 COMMENTARIUS
1628 388 1691 444 IN
1731 388 2137 445 ZACIIARIAM
2178 388 2620 448 PROPHETAM.

3369 398 3472 454 2'58

191 513 277 580 ’τῇ
313 508 558 581 ῥομφαία
586 507 912 581 παρεγγυῶν
950 525 1008 561 τε
1037 510 1131 562 καὶ
1156 498 1358 578 λέγων·
1410 529 1426 562 ι
1451 508 1796 580 Ἐξεγέρθητι

1903 505 2031 560 dicit
2062 506 2320 563 Dominus
2344 509 2736 578 omnipotens.»
2766 509 3154 580 Rhomphmam
3204 514 3309 569 hoc
3359 516 3476 569 loco

210 601 309 656 ἐπὶ
344 603 436 655 τὸν
477 602 710 671 ποιμένα
742 619 863 671 μου,
902 602 993 654 xai
1038 602 1124 654 ἐπ’
1152 600 1317 672 ἄνδρα
1345 601 1567 671 πολίτην
1605 599 1790 662 αὑτοῦ,

210 693 361 762 λέγει
393 691 596 763 Κύριος
622 692 1035 763 παντοκράτωρ.
1071 711 1089 744 ι
1135 692 1245 745 Καὶ
1296 691 1571 764 ῥομφαίαν
1605 692 1703 761 μὲν
1736 691 1795 743 ὲν

210 783 424 847 τούτοις
470 783 901 855 καταδηλοῦσθαί
942 800 1122 855 φαμεν
1159 784 1235 848 ὡς
1265 786 1322 837 ὲν
1349 784 1480 837 εῖδει
1522 784 1796 855 μαχαίρας

209 875 304 929 τδν
343 875 666 946 πειρασμὸν,
704 875 735 946 ἢ
765 875 857 928 καὶ
885 876 1019 928 αὐτὸ
1050 876 1111 928 τὸ
1143 875 1330 941 πάθος,
1362 876 1423 929 τὸ
1450 878 1512 929 ὲκ
1541 876 1640 946 τῆς
1668 876 1797 928 Ἰου-

210 966 380 1020 δαίων
404 965 660 1029 ἀπονοίας
687 967 1116 1038 ἐπενηνεγμένον
1132 968 1210 1037 τῷ
1235 967 1289 1019 Ἐ
1299 966 1795 1037 μμανουήλ.Ἕοικε

211 1057 322 1129 γὰρ
355 1057 590 1111 συνιέναι
630 1076 689 1111 τε
721 1057 862 1111 οὕτω
896 1059 987 1111 καὶ
1035 1058 1141 1131 μὴν
1174 1060 1267 1113 καὶ¹
1314 1060 1487 1113 εἰπεῖν
1525 1058 1553 1110 6
1590 1058 1795 1121 δίκαιος

152 1176 159 1183 ο
211 1146 463 1219 Συμεὼν,
490 1149 577 1202 ὅτε
607 1148 1005 1220 προσεκόμιζεν
1033 1152 1379 1223 ὀκταήμερον
1416 1150 1506 1203 τὸν
1534 1149 1738 1222 Ἰησοῦν
1762 1153 1795 1221 ἡ

214 1239 349 1307 ἁγία
375 1239 655 1304 Θεοτόκος.
694 1259 711 1291 ι
740 1241 850 1293 Καὶ
876 1241 970 1295 σοῦ
1001 1242 1172 1312 αὐτῆς
1198 1243 1296 1313 τὴν
1326 1242 1504 1313 ψυχὴν
1534 1240 1800 1294 διελεύσε-

214 1348 306 1385 ται
334 1332 599 1403 ῥομφαία.
625 1351 642 1383 ι
664 1332 840 1386 Μόνον
862 1332 971 1404 γάρ
992 1334 1113 1404 οὐχὶ
1137 1334 1383 1405 ῥομφαίᾳ
1405 1334 1795 1403 κατεσφάζετο,

217 1423 618 1494 παυρούμενον
650 1424 833 1497 ὁρῶσα
864 1425 954 1479 τὸν
984 1424 1043 1490 ἐξ
1074 1427 1245 1497 αὐτῆς
1290 1426 1618 1496 γεννηθέντα
1659 1427 1801 1480 κατά

214 1532 280 1583 γε
302 1515 401 1585 τὴν
429 1517 605 1587 σάρκα
627 1519 787 1589 φημί.
825 1514 924 1570 «Ὦ
953 1519 1133 1571 τοίνυν
1163 1519 1428 1590 ῥομφαία,
1457 1518 1797 1591 ὲξεγέρθητι,

215 1606 404 1676 φησὶν,
447 1609 538 1661 ἐπὶ
572 1608 664 1661 τὸν
698 1609 932 1679 ποιμένα
969 1626 1093 1680 μου,
1126 1630 1144 1663 ι
1179 1609 1475 1674 τουτέστιν,
1501 1609 1802 1681 ἐξηγείσθω

210 1696 403 1751 λοιπὸν
436 1698 494 1751 τὸ
526 1700 794 1770 σωτήριον
833 1699 1027 1766 πάθος,
1074 1700 1171 1754 καὶ
1218 1703 1246 1754 6
1293 1688 1393 1770 τῆς
1440 1699 1549 1753 τῶν
1581 1700 1802 1769 ἀγαθῶν
1852 1738 1855 1743 -

215 1786 543 1851 ἀναδείξεως
587 1788 768 1858 ἡκέτω
810 1778 1184 1861 καιρός.Ἔστι
1241 1790 1339 1861 μὲν
1386 1788 1497 1861 γὰρ
1540 1790 1626 1860 ἐφ’
1652 1792 1802 1861 ἡμᾶς

194 1874 553 1946 ·άρχιποίμην
576 1877 606 1929 6
639 1878 891 1949 Χριστὸς,
929 1879 1021 1933 καὶ
1048 1880 1141 1933 ὑπ’
1158 1879 1307 1952 αὐτῷ
1336 1882 1501 1951 ἐσμεν
1528 1884 1728 1945 πάντες
1751 1884 1801 1935 οί

215 1970 662 2035 πεπιστευκότες,
698 1971 836 2043 πλὴν
877 1974 977 2027 οὐκ
1024 1973 1129 2041 ἔξω
1156 1974 1338 2046 χειρὸς
1376 1974 1474 2044 τῆς
1524 1973 1619 2029 τοῦ
1648 1974 1800 2028 Θεοῦ

212 2057 315 2111 καὶ
346 2060 577 2130 Πατρός.
627 2063 907 2133 Κατάρχει
945 2064 1054 2136 γὰρ
1093 2066 1253 2136 ἡμῶν
1280 2067 1339 2120 ὲν
1368 2065 1505 2137 Υίῷ,
1533 2066 1601 2119 δι’
1635 2067 1801 2121 αὐτοῦ

186 2166 278 2202 ·τε
307 2151 401 2203 καὶ
427 2152 485 2203 ὲν
507 2151 656 2223 αὺτῷ
694 2154 1036 2225 σεσώσμεθα,
1070 2157 1166 2210 καὶ
1188 2156 1254 2209 δι’
1288 2157 1454 2211 αὐτοῦ
1487 2159 1801 2230 ἐσχήκαμεν

211 2241 318 2311 τὴν
362 2246 747 2315 προσαγωγὴν.
785 2247 893 2299 Καὶ
918 2247 1051 2316 γοῦν
1081 2248 1316 2317 ἔφασκεν
1349 2252 1377 2303 6
1406 2252 1629 2322 Σωτήρ·
1669 2273 1687 2303 ι
1721 2254 1802 2307 Τά

212 2333 467 2404 πρόϐατα
498 2335 565 2389 τά
592 2337 700 2406 ὲμά
726 2338 824 2407 τῆς
852 2339 1038 2409 φωνῆς
1076 2358 1177 2411 μου
1206 2342 1414 2405 ἀκούει,
1458 2342 1613 2412 κάγὼ
1643 2344 1804 2412 γινὼ-

212 2439 338 2476 σκω
370 2423 535 2490 αὐτὰ,
577 2427 671 2479 καὶ
707 2426 1059 2482 ἀκολουθοῦσί
1098 2448 1207 2499 μοι,
1241 2431 1396 2500 κάγὼ
1422 2431 1565 2504 ζωὴν
1589 2434 1805 2491 αίώνιον

208 2513 412 2583 δίδωμι
445 2516 648 2580 αὐτοῖς,
680 2517 772 2571 καὶ
804 2519 864 2571 οὐ
895 2520 970 2591 μὴ
997 2521 1305 2576 ἀπόλωνται
1349 2524 1429 2589 είς
1477 2526 1570 2578 τὸν
1607 2526 1800 2589 αἰῶνα,

216 2606 313 2659 καὶ
342 2606 438 2675 οὐχ
465 2607 705 2676 ἁρπάσει
738 2626 823 2673 τις
848 2611 987 2665 αὑτά
1020 2613 1083 2665 ὲκ
1110 2613 1207 2682 τῆς
1236 2616 1415 2686 χειρός
1453 2634 1575 2686 μου.
1595 2618 1652 2671 Ὀ
1692 2622 1802 2673 Πα-

188 2699 325 2767 ιτήρ
375 2713 476 2766 μου
528 2696 587 2760 ὃς
641 2697 841 2752 δέδωκέ
892 2716 1002 2769 μοι,
1036 2702 1239 2770 μείζων
1272 2705 1489 2758 πάντων
1539 2708 1674 2772 ἐστὶ,
1710 2710 1805 2761 καὶ

215 2786 392 2850 οὐδεὶς
436 2787 656 2842 δύναται
704 2789 971 2860 ἁρπάζειν
1018 2794 1082 2845 ὲκ
1112 2794 1211 2864 τῆς
1254 2795 1435 2866 χειρὸς
1472 2796 1565 2850 τοῦ
1591 2799 1804 2869 Πατρός

188 2878 504 2949 ’μου.Ἐγὼ
536 2880 632 2933 καὶ
664 2882 692 2933 6
738 2882 929 2953 Πατήρ
979 2900 1082 2952 μου
1136 2884 1193 2937 ἓν
1240 2887 1425 2956 ἐσμεν.
1463 2906 1479 2937 ι
1507 2888 1665 2953 ’Ἰδιος
1711 2888 1803 2944 οὖν

215 2969 330 3040 ἄρα
366 2969 458 3023 τοῦ
497 2970 633 3025 Θεοῦ
665 2973 760 3026 καὶ
796 2973 1011 3043 Πατρὸς
1045 2975 1247 3046 ποιμὴν
1277 2979 1305 3030 6
1336 2977 1482 3043 Υἱὸς,
1514 2981 1613 3034 οὐκ
1646 2982 1801 3035 ἀλλό-

188 3078 345 3132 ,τρια
383 3063 703 3133 κατανέμων
733 3065 1130 3135 θρέμματα,τά
1160 3068 1352 3122 ἑαυτοῦ
1383 3070 1438 3123 δὲ
1473 3072 1673 3141 μᾶλλον
1706 3077 1799 3128 καὶ

1899 604 1957 648 ιιι
1984 596 2037 648 in
2064 595 2244 665 specie
2277 596 2439 667 gladii
2463 598 2812 654 tentationem
2840 599 3146 668 signiﬁcare
3204 602 3436 658 dicimus
3460 616 3495 669 ,'

1898 696 1992 742 aut
2026 687 2173 756 ipsos
2200 703 2415 758 quoque
2444 691 2715 746 cruciatus
2745 706 2810 746 ex
2860 691 3167 747 Iudaeorum
3225 697 3477 749 vecordia

1900 777 2236 834 Etnmanueli
2272 780 2562 836 adhibitos.
2599 782 2688 837 Sic
2716 783 2860 837 enim
2913 798 3008 838 eos
3065 782 3363 853 intelligere
3424 796 3478 839 et

1899 870 2170 939 appellare
2198 871 2603 942 videturjustus
2640 874 2729 927 ille
2763 873 3008 937 Simeon,
3042 874 3258 943 quando
3285 886 3475 935 sancta

1901 962 2124 1031 Deipara
2155 962 2498 1019 octiduanum
2524 964 2707 1019 .lesum
2733 965 2948 1019 obtulit.
2974 982 2991 1017 ι
3025 964 3090 1019 Ει
3132 974 3277 1019 tuam
3312 966 3479 1033 ipsius

1901 1055 2134 1108 animam
2179 1056 2531 1124 pertransibit
2578 1057 2905 1125 rhomphaaa,
2961 1073 3056 1113 seu
3109 1058 3319 1127 gladius
3344 1057 3409 1111 ".
3456 1078 3473 1109 ι

1902 1146 2046 1199 Pene
2100 1147 2243 1200 enim
2280 1146 2460 1216 gladio
2481 1149 2658 1203 occisa
2694 1158 2798 1215 est,
2823 1151 3161 1219 conspiciens
3214 1152 3264 1204 in
3318 1166 3481 1204 cruce

1900 1235 2151 1290 sufﬁxum
2179 1251 2243 1289 ex
2278 1250 2338 1291 se
2394 1238 2753 1307 progenitum,
2797 1238 3093 1293 secundum
3135 1252 3353 1294 carnem
3392 1238 3478 1291 in-

1900 1344 2082 1399 quam.
2102 1329 2193 1383 Ait
2222 1344 2370 1400 ergo,
2414 1349 2433 1381 ι
2474 1332 2518 1387 0
2547 1331 2876 1403 rhomphaea,
2904 1348 3168 1405 consurge
3191 1347 3356 1403 super
3381 1348 3480 1401 ριις

1903 1432 2102 1477 storem
2131 1437 2330 1489 meum,
2372 1442 2390 1473 ι
2423 1424 2524 1478 hoc
2554 1434 2655 1490 est,
2677 1427 2930 1493 procedat
2958 1426 3208 1497 deinceps
3225 1426 3480 1481 salutaris

1905 1514 2106 1583 passio,
2140 1524 2195 1569 et
2221 1516 2400 1569 veniat
2431 1523 2643 1585 tempus
2668 1531 2775 1585 quo
2832 1518 3127 1573 sesehona
3170 1518 3475 1573 ostendant.

1904 1603 2000 1658 Est
2029 1605 2172 1660 enim
2203 1606 2454 1675 princeps
2489 1617 2672 1675 pastor
2717 1614 2906 1662 noster
2939 1606 3211 1673 Christus,
3271 1617 3327 1663 et
3380 1608 3482 1663 sub

1908 1694 2022 1763 ipso
2070 1710 2256 1749 sumus
2307 1711 2498 1752 onmes
2545 1698 2637 1765 qui
2669 1699 2999 1754 credidimus
3042 1716 3055 1751 :
3099 1710 3475 1754 verumtamen

1910 1801 2013 1839 non
2053 1796 2205 1840 extra
2229 1802 2446 1840 manum
2473 1786 2567 1841 Dei
2599 1796 2654 1841 et
2680 1787 2875 1843 Patris.
2902 1789 3131 1858 imperat
3150 1789 3293 1843 enim
3326 1789 3485 1845 nobis

1835 1864 1875 1935 Β
1906 1879 1957 1932 in
1994 1877 2231 1943 Christo,
2261 1892 2462 1948 perque
2506 1878 2701 1942 ipsum,
2729 1887 2784 1931 ct
2817 1877 2871 1931 in
2900 1880 3020 1949 ipso
3059 1879 3254 1934 salvati
3288 1894 3483 1936 sumus

1902 1982 1956 2026 et
2005 1986 2101 2041 per
2138 1971 2314 2041 ipsum
2347 1986 2623 2027 accessum
2666 1973 2998 2028 obtinuimus
3026 1972 3094 2026 ".
3143 1972 3374 2027 Proinde
3398 1973 3483 2029 di-

1904 2063 2061 2118 ccbat
2088 2064 2338 2119 Salvator
2366 2082 2379 2118 :
2415 2084 2433 2116 ι
2461 2064 2602 2120 Oves
2650 2080 2783 2119 mea;
2810 2079 2996 2119 vocem
3024 2079 3201 2119 meam
3229 2065 3475 2131 audiunt,

1903 2163 1959 2209 et
1989 2170 2089 2224 ego
2110 2169 2378 2224 cognosm
2398 2171 2512 2221 eas,
2539 2165 2594 2209 et
2625 2163 2913 2224 sequuntur
2960 2169 3043 2208 me
3062 2194 3076 2219 ,
3106 2161 3159 2207 et
3184 2166 3282 2224 ego
3315 2152 3483 2208 vitam

1904 2255 2161 2301 aaternam
2191 2247 2259 2300 do
2292 2246 2392 2308 eis,
2428 2255 2482 2301 et
2512 2262 2617 2301 non
2641 2247 2891 2315 peribunt
2949 2246 3004 2299 in
3057 2253 3342 2310 aeternum,
3382 2259 3486 2300 nec

1907 2336 2082 2407 rapiet
2116 2350 2209 2391 eas
2240 2337 2525 2406 quisquam
2569 2336 2637 2390 de
2663 2350 2822 2388 manu
2850 2349 2991 2389 mea.
3018 2333 3178 2397 Pater
3217 2349 3369 2389 meus
3389 2337 3484 2405 qui

1906 2429 2054 2484 dedit
2091 2429 2221 2484 mihi
2242 2430 2415 2499 major
2446 2412 2697 2483 onuiihus
2725 2438 2807 2482 est
2840 2442 2854 2479 :
2889 2438 2943 2481 et
2962 2440 3120 2482 nemo
3187 2437 3364 2498 potest
3405 2443 3486 2481 ra-

1906 2537 2037 2592 pere
2056 2522 2121 2576 de
2150 2522 2396 2576 manibus
2424 2520 2600 2576 Patris
2623 2522 2748 2575 mei.
2787 2519 2897 2591 Ego
2924 2529 2981 2575 et
3004 2518 3163 2575 Pater
3188 2535 3352 2574 unum
3388 2535 3482 2575 su-

1907 2631 2025 2669 mus
2048 2616 2146 2665 ²⁸.ι
2200 2613 2461 2683 Proprius
2498 2613 2660 2683 igitur
2682 2613 2775 2666 Dei
2804 2623 2859 2667 et
2880 2612 3055 2667 Patris
3085 2621 3271 2681 pastor
3300 2622 3357 2666 et
3386 2611 3481 2667 Fi-

1906 2706 2030 2772 lius,
2061 2722 2165 2760 non
2190 2706 2425 2760 alienum
2458 2720 2675 2775 gregem
2698 2719 2958 2775 pascens,
2997 2704 3093 2760 sed
3113 2719 3268 2761 suum
3305 2705 3484 2776 potius

1905 2810 1959 2855 et
1978 2800 2175 2862 Patris,
2227 2813 2350 2853 cum
2382 2798 2703 2854 mercenarii
2745 2805 2991 2868 pastores
3046 2813 3153 2852 non
3210 2811 3332 2853 esse
3367 2798 3483 2869 ejus

1905 2891 2107 2961 proprii
2141 2890 2530 2961 intelligantur,
2549 2891 2639 2959 qui
2673 2899 2861 2944 contra
2901 2903 3117 2943 omnem
3173 2887 3483 2943 misericor—

1905 2981 2046 3034 diam
2067 2994 2195 3034 oves
2222 2978 2551 3033 mactabam.
2576 2978 2716 3045 Quin
2743 2987 2794 3033 et
2825 2993 2919 3035 eas
2954 2978 3249 3034 vendentes
3272 2978 3484 3033 dictita-

1910 3072 2073 3125 hant:
2105 3089 2123 3121 ι
2163 3068 2485 3124 Benedictus
2514 3070 2791 3135 Dominus,
2826 3078 2879 3124 et
2909 3070 3063 3123 ditati
3117 3083 3305 3124 sumus
3330 3068 3378 3101 ³⁸
3405 3106 3422 3123 .
3458 3079 3475 3120 ι

186 3182 191 3187 ·
212 3150 313 3205 τοῦ
342 3153 571 3223 Πατρὸς,
590 3155 691 3208 οὐκ
719 3154 867 3214 ίδίων
885 3157 1049 3211 αὐτοῦ
1066 3159 1372 3229 νοουμένων
1387 3161 1497 3216 τῶν
1519 3164 1803 3234 μισθωτῶν

1910 3160 2066 3215 Cives
2094 3170 2297 3221 autem,
2330 3160 2444 3212 sive
2470 3158 2773 3253 dwestici,
2807 3167 2860 3211 et
2884 3160 2993 3211 noti
3045 3157 3173 3211 boni
3225 3158 3481 3227 pastoris,

214 3244 515 3314 ποιμένων,
556 3247 605 3299 οῖ
636 3246 980 3316 κατέσφαζον
1021 3250 1120 3319 μὲν
1158 3251 1226 3305 τά
1278 3253 1551 3322 πρόϐατα,
1589 3257 1804 3324 φειδοῦς

213 3336 437 3408 ἁπάσης
466 3336 1063 3409 ἐξῃρημένης.Ἔλεγον
1087 3342 1145 3395 δὲ
1182 3342 1276 3395 καὶ
1296 3343 1600 3409 πωλοῦντες
1626 3347 1767 3399 αὐτά
1786 3364 1801 3379 ·

190 3470 193 3471 ν
220 3446 241 3477 ι
274 3427 578 3499 Εὐλογητὸς
612 3429 836 3501 Κύριος,
868 3433 963 3485 καὶ
998 3433 1477 3506 πεπλουτήκαμεν.
1510 3455 1529 3489 ι
1584 3440 1804 3493 Πολῖται

212 3518 298 3585 δὲ,
331 3519 498 3588 ἤγουν
520 3521 710 3574 οἰκεῖοι
749 3523 843 3575 xai
873 3522 1139 3595 γνώριμοι
1166 3525 1260 3579 τοῦ
1287 3526 1493 3595 ἀγαθοῦ
1523 3530 1800 3598 ποιμένος,

210 3612 266 3662 οἱ
305 3610 397 3663 ὑπ’
428 3611 579 3682 αὑτῷ
603 3616 948 3684 τεταγμένοι,
986 3618 1079 3670 καὶ
1122 3619 1229 3689 πρό
1273 3636 1336 3686 γε
1382 3619 1489 3673 τῶν
1539 3621 1713 3676 ἀλλων
1753 3627 1803 3676 οί

213 3701 497 3757 θεσπέσιοι
528 3704 787 3775 μαθηταὶ,
820 3706 869 3759 οἳ
899 3708 993 3759 καὶ
1023 3708 1391 3779 παταχθέντος
1424 3712 1518 3764 τοῦ
1547 3714 1804 3783 ποιμένος

214 3795 640 3849 κατεσκίδναντο
666 3797 759 3849 καὶ
791 3797 1147 3866 πεφεύγασιν.
1171 3801 1384 3873 Ἐπειδὴ
1411 3803 1517 3874 γὰρ
1543 3799 1677 3876 ἧκον
1695 3804 1803 3859 τῶν

227 3887 501 3942 Ἰουδαίων
546 3892 595 3942 οί
643 3890 934 3962 ὑπηρέται,
970 3893 1063 3945 καὶ
1106 3896 1201 3946 σὺν
1251 3896 1434 3960 αὐτοῖς
1482 3900 1511 3951 6
1539 3899 1804 3969 προδότης

188 3980 355 4050 ηόμοῦ
378 3984 444 4051 τῇ
473 3981 673 4054 σπείρᾳ
711 3982 1104 4054 συλληψόμενον.
1146 3985 1237 4038 τὸν
1279 3989 1508 4059 Ἰησοῦν,
1550 4009 1566 4040 ι
1597 3992 1803 4054 Πάντες

209 4072 446 4142 ἀφέντες
472 4073 655 4138 αὑτὸν,
687 4073 917 4143 ἔφυγον·
960 4094 977 4126 ι
1013 4075 1117 4145 ἔφη
1156 4077 1265 4146 γάρ
1296 4078 1439 4133 οὕτω
1475 4081 1536 4133 τὸ
1564 4082 1803 4153 Γράμμα

208 4167 279 4222 τὸ
322 4163 830 4235 εὖαγγελικόν.”οτι
858 4168 914 4223 δὲ
939 4168 1061 4233 δοὺς
1089 4170 1227 4243 ὑπὲρ
1257 4172 1415 4243 ἡμῶν
1449 4176 1529 4238 είς
1572 4174 1802 4230 θάνατον

208 4262 309 4314 τὸν
336 4260 467 4314 ῖδιον
494 4260 620 4313 Υἱδν
648 4264 675 4314 6
706 4260 839 4324 Θεὸς
868 4263 963 4316 καὶ
1002 4263 1190 4333 Πατὴρ
1220 4264 1458 4329 πατάξαι
1492 4284 1606 4331 πως
1639 4268 1802 4322 αὐτὸν

209 4352 457 4421 λέγεται,
491 4352 569 4422 τῷ
597 4370 660 4421 γε
700 4353 834 4417 ὅλως
867 4354 1075 4423 ἐφεῖναι
1115 4356 1327 4420 παθεῖν,
1360 4357 1689 4412 πιστώσεται
1718 4361 1803 4414 λέ-

208 4463 330 4514 γων
363 4444 523 4508 αὐτὸς
554 4448 583 4499 6
606 4445 756 4508 Υἱὸς,
773 4446 861 4499 διὰ
884 4447 983 4515 τῆς
1010 4445 1105 4499 τοῦ
1134 4447 1441 4512 Ψάλλοντος
1468 4454 1651 4523 φωνῆς
1674 4452 1802 4519 περὶ

209 4536 326 4589 τῶν
363 4537 441 4597 είς
481 4536 643 4588 αὑτὸν
692 4535 878 4589 ἀνόσια
921 4534 1278 4608 δεδρακότων,
1315 4538 1471 4609 δῆλον
1495 4540 1552 4593 δὲ
1579 4541 1797 4594 ὅτιτῶν

223 4629 524 4684 Ἰουδαίων
568 4631 720 4683 ι”Οτι
759 4630 818 4682 ὃν
856 4630 920 4681 σὺ
951 4630 1414 4696 ὲπάταξας,αὑτοὶ
1444 4633 1796 4699 κατεδίωξαν,

181 4737 185 4741 ·
210 4721 314 4773 καὶ
342 4721 434 4774 ἐπὶ
464 4722 525 4775 τὸ
554 4720 715 4787 ἄλγος
746 4720 852 4772 τῶν
885 4721 1214 4791 τραυμάτων
1243 4739 1343 4791 μου
1376 4724 1742 4795 προσέθηκαν.
1774 4746 1793 4777 ι

220 4812 503 4866 Ἐκούσιον
541 4814 639 4883 μὲν
666 4808 777 4877 οὖν,
819 4812 892 4875 ὡς
924 4812 1081 4881 ἔφην,
1112 4815 1346 4867 ἐποιεῖτο
1396 4815 1456 4867 τὸ
1495 4816 1686 4880 πάθος,
1712 4819 1799 4870 ῖνα

196 4904 273 4957 τὸ
305 4904 369 4956 ὲκ
399 4903 493 4956 τοῦ
528 4904 721 4955 παθεῖν
768 4903 927 4955 αὑτὸν
957 4903 1281 4974 διαφανῆται
1316 4906 1797 4977 κατόρθωμα.”οτι

207 4998 267 5051 δὲ
332 4999 443 5059 τοῖς
488 4996 892 5065 ὲσταυρωκόσιν
950 4996 1170 5067 ὀλέθρου
1230 4998 1485 5069 πρόξενον
1536 4999 1687 5053 ἔσται
1738 5002 1797 5055 τὸ

206 5094 421 5164 χρῆμα,
450 5094 541 5146 καὶ
572 5096 680 5156 τοῖς
705 5094 769 5146 ἐκ
797 5092 944 5156 θείας
970 5094 1139 5163 ὀργῆς
1165 5093 1559 5148 ὑποπεσοῦνται
1584 5098 1792 5159 κακοῖς,

206 5187 258 5239 οἱ
295 5188 393 5255 τῆς
419 5188 630 5238 τοιᾶσδε
664 5186 859 5257 βουλῆς
905 5186 998 5238 καὶ
1046 5186 1154 5238 τῶν
1194 5188 1606 5257 ἐγχειρημάτων
1637 5188 1797 5260 ἑξάρ.

204 5293 399 5349 χοντες
437 5272 611 5349 (οὗτοι
640 5278 694 5331 δὲ
726 5275 865 5350 ἦσαν
897 5280 945 5332 οἱ
970 5278 1114 5332 λαῶν
1138 5279 1489 5351 ἡγούμενοι),
1521 5280 1797 5353 διατρανοῖ

205 5371 421 5438 λέγων·
460 5390 477 5420 ι
505 5372 613 5424 Καὶ
644 5372 828 5435 ἐπάξω
858 5372 957 5441 τὴν
989 5372 1144 5441 χεῖρά
1185 5388 1287 5441 μου
1320 5372 1411 5424 ἐπὶ
1449 5374 1572 5435 τοὺς
1604 5373 1796 5442 ποιμέ-

209 5479 328 5524 νας.
363 5481 380 5511 ι
416 5462 781 5532 Διεφθάρκασι
817 5462 925 5532 γὰρ
961 5462 1052 5515 τὸν
1096 5462 1393 5531 ἀμπελῶνα
1429 5463 1614 5527 αὑτοῦ,
1653 5463 1793 5516 κατὰ

213 5553 310 5625 τὴν
357 5552 452 5605 τοῦ
500 5555 778 5623 προφήτου
819 5555 1021 5624 φωνήνο
1062 5553 1339 5605 «Ἕδωκαν
1392 5552 1580 5623 μερίδα
1631 5553 1793 5607 αὑτοῦ

283 5690 332 5722 ⁸³
363 5690 491 5745 Luc.
528 5705 588 5757 tt,
622 5689 710 5758 55.
788 5690 833 5719 ’δ
866 5687 1061 5756 Ephes.
1104 5704 1163 5751 ιι,
1198 5689 1284 5744 18.
1366 5691 1411 5722 ’⁸
1442 5690 1599 5748 Joan.
1646 5707 1698 5758 ι,
1728 5689 1815 5756 27.

1900 5690 1937 5745 Β.
2016 5690 2063 5723 ¹⁹
2086 5690 2314 5746 Zachar.
2347 5706 2422 5754 SI,
2460 5690 2510 5744 5.

204 5759 523 5829 uvut,27.
603 5761 647 5793 ”
672 5757 871 5815 Jerem.
914 5774 1012 5825 xu,
1057 5760 1141 5822 l0,
1171 5760 1255 5813 ll.

1908 3261 2033 3307 sunt
2059 3254 2107 3306 ei
2143 3250 2500 3316 subordinati,
2531 3249 2588 3305 et
2626 3258 2753 3304 ante
2804 3249 2941 3304 alios
2993 3249 3159 3304 divini
3210 3250 3479 3320 discipuli.

1906 3344 1998 3414 qui
2016 3355 2069 3399 et
2090 3358 2345 3412 percusso
2370 3352 2587 3411 pastore
2614 3341 2840 3410 dispersi
2864 3350 3010 3397 sunt.
3029 3342 3317 3409 Postquam
3338 3342 3483 3395 enim

1906 3433 2213 3489 Iudaeorum
2250 3432 2480 3486 ministri
2524 3431 2878 3496 advenerunt,
2908 3441 2960 3487 et
2995 3447 3116 3487 cum
3173 3433 3305 3503 ipsis
3359 3448 3485 3502 pro-

1908 3527 2052 3579 ditor
2085 3539 2208 3579 cum
2234 3523 2456 3579 cohorte
2493 3522 2679 3577 Jesum
2730 3524 3198 3592 comprehensuri,
3234 3542 3253 3576 ι
3282 3524 3483 3581 Omnes

1911 3616 2096 3671 relicto
2125 3630 2191 3670 eo
2220 3614 2473 3685 fugerunt
2492 3615 2574 3679 ¹⁷;
2616 3634 2634 3665 ι
2670 3614 2750 3668 sic
2778 3614 2924 3668 enim
2977 3623 3061 3669 est
3102 3616 3153 3669 in
3200 3614 3483 3685 Scriptura

1906 3707 2235 3777 evangelica.
2265 3706 2421 3773 Quod
2454 3714 2633 3761 autem
2660 3706 2801 3761 Deus
2835 3714 2890 3761 et
2929 3705 3089 3761 Pater
3112 3707 3237 3761 dato
3259 3722 3358 3777 pro
3385 3724 3483 3763 no-

1875 3826 1879 3833 -
1908 3801 1992 3856 his
2012 3800 2147 3855 Filio
2164 3813 2261 3855 suo
2278 3800 2331 3853 in
2352 3808 2600 3863 mortem,
2635 3800 2969 3867 percussisse
2996 3799 3170 3869 ipsum
3220 3799 3486 3870 quodam-

1908 3892 2068 3949 modo
2099 3892 2334 3957 dicatur,
2363 3892 2487 3945 dum
2509 3907 2630 3945 eum
2653 3890 2777 3945 sivit
2806 3890 3271 3961 omnimodispati,
3292 3889 3484 3946 testiﬁ-

1888 3994 2061 4051 ‘catur
2085 3985 2277 4053 et'ipse
2312 3982 2478 4037 Filius
2495 3998 2593 4051 per
2619 3996 2804 4037 vocem
2833 3980 3050 4047 Psaltae,
3082 3983 3147 4037 de
3168 3980 3393 4037 nefanda
3425 3982 3481 4037 in

1907 4078 2081 4148 ipsum
2124 4076 2472 4139 ntachinatis,
2518 4072 2714 4129 Judaais
2754 4074 3040 4129 videlicet:
3076 4091 3095 4124 ι
3119 4072 3381 4140 Quoniam
3421 4082 3480 4128 tu

1905 4171 2243 4242 percussisti,
2263 4169 2363 4239 ipsi
2392 4170 2659 4238 persecuti
2683 4176 2895 4232 sunt,et
2911 4182 3071 4235 super
3096 4165 3333 4221 dolorem
3365 4167 3482 4221 vul-

1904 4279 2095 4319 nerum
2125 4276 2369 4316 meorum
2424 4261 2744 4315 addiderunt
2774 4260 2841 4316 ".
2874 4277 2892 4310 ι
2956 4256 3267 4312 Volnntarie
3318 4257 3483 4328 igitur

1904 4370 2097 4424 passus
2124 4363 2226 4422 est,
2261 4362 2321 4407 ut
2364 4352 2497 4418 dixi,
2556 4363 2615 4405 ut
2668 4350 2936 4421 passionis
2996 4350 3162 4403 virtus
3217 4348 3478 4403 eluceret.

1903 4448 2077 4514 Quam
2106 4447 2171 4500 iis
2195 4445 2285 4515 qui
2314 4443 2700 4498 crncitixerunt
2723 4442 3005 4497 exitiosam
3039 4440 3198 4511 793
3259 4439 3395 4507 fore,
3427 4451 3484 4496 et

1830 4546 1873 4603 D
1904 4539 2239 4595 calamitates
2265 4550 2331 4589 ex
2364 4535 2539 4589 divina
2582 4535 2659 4588 ira
2691 4533 3019 4587 invehendas
3043 4547 3299 4587 sensuros
3319 4533 3480 4604 hujus

1904 4630 2113 4686 consilii
2137 4639 2549 4698 coeptorumque
2572 4626 2793 4680 istorum
2823 4624 3149 4678 architectos
3168 4624 3298 4694 (qui
3323 4635 3483 4679 erant

1904 4725 2171 4795 primores
2196 4719 2371 4792 pepuli
2398 4721 2416 4789 )
2446 4717 2717 4772 declarat:
2753 4735 2772 4769 ι
2823 4717 2887 4771 Et
2947 4715 3200 4770 inducam
3255 4732 3480 4771 manum

1906 4827 2080 4867 meam
2110 4826 2271 4879 super
2299 4819 2561 4879 pastores.
2598 4827 2616 4859 ι
2650 4806 3021 4877 Corruperunt
3041 4807 3239 4877 quippe
3267 4808 3479 4863 vineam

1903 4905 2054 4975 ejus,
2095 4904 2249 4973 juxta
2298 4917 2487 4955 vocem
2535 4900 2846 4971 prophetae:
2883 4918 2899 4949 ι
2934 4899 3206 4953 Dederunt
3270 4911 3479 4968 partem

1904 4998 2019 5067 ejus
2048 4995 2461 5052 desiderabilem
2495 4996 2546 5047 in
2573 4993 2916 5047 solitudinem
2943 4991 3162 5048 inviam.
3206 4993 3368 5048 Facta
3395 5003 3481 5046 est

1905 5094 1957 5146 in
1990 5090 2391 5159 dissipationem
2422 5087 2739 5157 perditionis
2768 5087 2866 5138 ".i
2903 5086 3113 5139 inducit
3142 5099 3303 5153 porro
3365 5098 3479 5137 ma-

1903 5199 2030 5237 num
2074 5182 2213 5236 Deus
2267 5180 2573 5248 pastoribus
2618 5178 2763 5233 velut
2816 5192 3249 5247 compressuram
3302 5176 3477 5229 rhom-

1901 5276 2109 5344 phteam
2134 5283 2189 5328 et
2222 5272 2510 5340 impietatis
2540 5279 2850 5327 exacturum
2870 5283 3075 5337 poenas,
3100 5267 3225 5336 quia
3254 5280 3362 5319 non
3396 5281 3479 5318 so-

1906 5368 2012 5421 lum
2050 5366 2148 5435 ipsi
2176 5367 2227 5419 in
2257 5365 2530 5420 Christum
2560 5364 2957 5423 iusaniverunt,
2989 5359 3082 5412 sed
3106 5358 3229 5425 quia
3253 5357 3476 5427 insuper

1903 5457 2022 5512 aliis
2052 5456 2326 5511 horribilis
2361 5459 2410 5510 in
2438 5472 2557 5510 eum
2583 5454 2779 5509 luroris
2806 5460 3053 5505 auctores
3082 5457 3135 5502 et
3162 5447 3323 5502 duces
3359 5448 3474 5502 fne-

1904 5559 2047 5606 runt.
2077 5549 2230 5613 Nam,
2263 5561 2319 5604 ut
2345 5559 2427 5605 est
2457 5550 2595 5619 apud
2626 5556 2875 5603 sanctum
2912 5542 3220 5596 Matthznum
3253 5556 3477 5612 cvange-

2590 5690 2633 5719 ”
2659 5686 2845 5743 Matth.
2880 5696 3030 5749 xxvi,
3058 5680 3149 5735 56.
3248 5677 3293 5710 ³⁸
3323 5676 3470 5739 Psal.
