4070 6508
647 364 752 418 259

1711 360 1770 418 S.
1811 359 2089 420 CYRILLI
2127 362 2590 420 ALEXANDRINI
2627 362 2949 423 ARCHIEP.

3831 366 3936 421 240

640 481 849 545 listam,
873 491 995 533 cum
1022 474 1223 531 Pilatus
1257 474 1458 530 Judaeis
1496 473 1770 529 Christum
1825 486 1879 532 et
1935 477 2227 533 Barahbam

2337 477 2678 551 ἐπιθυμητὴν
2716 479 2797 542 είς
2843 477 3049 547 ἔρημον
3080 476 3585 551 ἀϐατον.Ἐγένήθη
3615 478 3705 539 ei;
3736 478 3942 546 ἀφανι-

645 570 1016 641 proposuisset
1037 607 1051 633 .
1082 578 1137 623 et
1173 576 1352 621 utrum
1386 565 1485 621 sibi
1518 580 1582 621 ex
1614 566 1823 622 duobus
1859 568 2052 622 dimitti
2113 570 2223 624 vel-

647 664 779 725 lent,
830 659 1191 730 quaesivisset,
1221 655 1496 726 principes
1523 656 1867 710 sacerdotum
1903 664 1951 709 et
1985 656 2229 712 seniores

534 767 539 771 '
651 755 1078 822 «persuaserunt
1105 746 1316 816 populis
1338 754 1394 800 nt
1421 743 1719 800 Barabbatn
1744 753 2006 813 peterent,
2045 743 2225 800 Jesum

645 857 775 898 vero
789 840 1093 910 perderent.
1107 856 1127 890 s
1147 834 1473 906 lmpulerunt
1488 848 1580 893 eos
1596 833 1938 888 nihilominus
1953 842 2009 888 ut
2030 835 2232 893 clama-

649 940 769 988 rent
789 951 833 987 :t
856 930 1142 1000 Cruciﬂge,
1174 927 1430 997 eruciiige
1461 940 1586 981 eum
1609 925 1709 979 ³⁸.»
1743 923 1878 977 Vera
1918 932 2002 979 est
2063 924 2229 995 igitur

647 1024 920 1094 prophetae
941 1035 1041 1076 vox
1063 1036 1079 1074 :
1102 1038 1121 1072 ι
1140 1018 1391 1083 Pastores
1418 1016 1580 1074 stulte
1610 1023 1925 1085 egerunt,et
1946 1014 2230 1070 Dominum

646 1133 753 1172 non
795 1114 1181 1184 exquisierunt.
1217 1111 1441 1180 Propter
1466 1110 1570 1165 hoc
1594 1123 1697 1164 non
1751 1107 2016 1167 intellexit
2058 1108 2236 1163 omnis

646 1222 802 1276 grex,
824 1214 879 1260 et
907 1202 1135 1273 dispersi
1168 1210 1295 1257 sunt
1323 1201 1421 1254 ".s
1457 1199 1612 1256 Sicut
1646 1197 1789 1253 enim
1817 1196 2093 1266 vigilantia
2139 1200 2232 1252 bo-

647 1313 839 1357 norum
865 1305 1136 1367 pastorum
1159 1294 1465 1350 commodat
1491 1304 1637 1362 gregi
1672 1306 1687 1343 :
1725 1289 1805 1345 sic
1840 1290 2039 1345 inertia
2071 1304 2229 1345 eum-

647 1393 767 1448 dem
802 1390 997 1460 perdit,
1044 1395 1099 1442 et
1157 1400 1253 1457 per
1286 1395 1559 1457 pastorum
1588 1383 1817 1453 vestigia
1863 1381 2062 1439 subditi
2108 1398 2228 1438 om-

645 1486 772 1540 nino
802 1482 1137 1552 gradiuntur.

2336 570 2472 640 σμὸν
2504 570 2796 632 ἀπωλείας.
2823 588 2841 621 ι
2863 569 3091 636 Ἐπάγει
3118 586 3181 637 γε
3210 569 3317 640 μὴν
3342 569 3443 641 τὴν
3464 572 3629 639 χεῖρα
3658 564 3812 631 Θεὸς
3832 571 3941 629 τοῖς

2332 660 2604 728 ποιμέσιν,
2633 660 2795 712 οἱονεὶ
2827 659 3248 713 καταπαύουσαν
3279 658 3377 730 τὴν
3409 658 3692 730 ῥομφαίαν
3716 657 3824 709 καὶ
3847 658 3941 719 τὰς

2332 752 2433 821 τῆς
2454 751 2797 821 ἀνοσιότητος
2818 749 3135 815 ὲξαιτοῦσαν
3156 749 3329 814 δίκας,
3348 751 3449 820 οὐχ
3473 750 3557 803 ὅτι
3586 749 3758 819 μόνον
3782 742 3938 800 αὐτοὶ

2335 840 2794 911 πεπαρῳνήκασιν
2843 840 2924 905 είς
2956 838 3213 910 Χριστὸν,
3240 838 3354 895 ἀλλ’
3385 840 3467 891 ὅτι
3523 836 3667 907 πρὸς
3718 835 3938 898 τούτοις

2335 932 2428 985 καὶ
2464 934 2578 994 τοῖς
2605 930 2786 995 ἀλλοις
2814 931 3102 999 γεγόνασιν
3133 930 3274 1000 ἀρχὴ
3299 929 3394 983 καὶ
3413 929 3529 992 ὁδὸς
3550 931 3654 998 τῆς
3686 929 3772 992 εἰς
3800 928 3933 997 Χρι-

2333 1022 2457 1076 στὸν
2489 1022 2717 1092 ἀσχέτου
2746 1022 2961 1092 μανίας.
2979 1021 3067 1085 Ὠς
3093 1021 3202 1091 γάρ
3228 1037 3390 1092 φησιν
3412 1023 3439 1073 ό
3471 1019 3753 1090 μακάριος
3772 1019 3931 1071 Ματ-

2331 1114 2479 1179 θαὶος
2503 1114 2531 1166 ό
2562 1112 2972 1183 εύαγγελιστὴς,
3006 1111 3239 1175 Πιλάτου
3267 1114 3381 1177 τοῖς
3408 1110 3693 1179 Ἰουδαίοις
3731 1125 3933 1179 προτε-

2330 1202 2571 1268 θεικότος
2622 1204 2859 1273 Χριστόν
2907 1220 2968 1256 τε
3028 1204 3119 1257 καὶ¹
3162 1202 3478 1274 Βαραϐϐᾶν,
3515 1203 3615 1257 καὶ
3674 1202 3764 1266 τὸ,
3800 1201 3932 1255 Τίνα

2329 1292 2511 1346 θέλετε
2546 1294 2609 1345 ἐκ
2637 1292 2744 1345 τῶν
2768 1292 2861 1346 δύο
2885 1293 3141 1348 ἀπολύσω
3171 1294 3322 1364 ύμῖν,
3358 1291 3929 1363 προσπεφωνηκότος,

2326 1384 2373 1436 οἱ
2404 1384 2677 1454 ἀρχιερεῖς
2708 1384 2800 1436 καὶ
2819 1385 2869 1436 οἱ
2890 1383 3250 1455 πρεσϐύτεροι
3285 1403 3303 1435 ι
3328 1384 3553 1437 ἔπεισαν
3578 1384 3717 1447 τοὺς
3739 1381 3931 1452 ὄχλους

2326 1474 2411 1528 ἵνα
2441 1476 2772 1546 αἰτήσωνται
2805 1476 2895 1529 τὸν
2920 1476 3235 1548 Βαραϐϐᾶν,
3266 1476 3361 1530 τὸν
3390 1476 3448 1531 δὲ
3485 1469 3702 1545 Ἰησοῦν
3726 1473 3925 1528 ἀπολέ-

645 1592 825 1629 σωσιν.
860 1593 879 1627 ι
901 1572 1206 1627 Ἀνέπειθον
1243 1572 1300 1626 δὲ
1334 1572 1468 1643 πρὸς
1536 1570 1743 1633 τούτοις
1780 1569 1939 1641 βοᾷν·
1987 1589 2005 1621 r
2034 1570 2374 1641 Σταύρωσον,
2441 1569 2755 1641 σταύρωσον
2823 1571 3004 1625 αὐτόν.
3039 1591 3057 1623 ι
3102 1571 3309 1625 Οὐκοῦν
3353 1571 3553 1643 ἀληθὲς
3589 1570 3654 1624 τὸ
3702 1569 3801 1624 διὰ
3833 1569 3926 1639 τῆς

642 1669 735 1725 τοῦ
788 1669 1066 1740 προφήτου
1113 1667 1297 1737 φωνῆς
1344 1666 1652 1736 εἰρημένον,
1717 1665 1797 1718 ὅτι
1848 1684 1866 1715 t
1895 1665 1957 1717 Οἱ
2003 1664 2258 1734 ποιμένες
2331 1663 2752 1736 ἠφρονεύσαντο,
2783 1664 2877 1718 καὶ
2921 1665 3012 1719 τὸν
3058 1663 3262 1736 Κύριον
3300 1664 3402 1719 οὐκ
3430 1664 3800 1734 ἐξεζήτησαν.
3832 1661 3925 1713 Διά

645 1761 803 1815 τοῦτο
824 1761 923 1813 οὐκ
947 1759 1135 1829 ἐνόησε
1164 1760 1315 1812 πᾶσα
1346 1760 1380 1828 ἠ
1402 1757 1577 1829 ινομὴ,
1618 1760 1713 1812 καὶ
1740 1756 2248 1829 διεσκορπίσθησαν.
2275 1776 2294 1809 s
2338 1757 2550 1828 Ὥσπερ
2594 1757 2702 1827 γὰρ
2731 1759 2765 1831 η
2796 1758 2957 1828 νῆψις
2992 1757 3098 1811 τῶν
3131 1756 3352 1826 ἀγαθῶν
3388 1757 3667 1827 ποιμένων
3716 1756 3923 1824 ὀνίνησι

636 1856 745 1924 τὴν
777 1854 977 1924 ἀγέλην
1000 1869 1015 1883 ν
1053 1851 1194 1907 οὕτω
1220 1852 1571 1923 καταφθείρει
1603 1851 1664 1905 τὸ
1690 1852 1953 1923 ῥᾴθυμον,
1974 1853 2081 1906 »καὶ
2146 1851 2400 1916 τοῖςτῶν
2436 1853 2723 1923 »ποιμένων
2788 1853 2959 1925 ῐγνεσι
2987 1852 3049 1905 τὸ
3076 1852 3180 1907 ὑπὸ
3223 1853 3381 1926 χεῖρα
3429 1852 3651 1914 πάντως
3688 1851 3922 1904 ἀκολου-

641 1947 755 2001 θεῖ.

636 2130 931 2196 Dominus,
966 2131 1089 2185 dua:
1144 2142 1319 2199 partes
1390 2134 1505 2201 eius
1561 2134 1819 2201 peribunt,
1858 2144 1904 2188 et
1959 2134 2222 2203 deﬁcient,

649 2232 706 2277 at
736 2223 890 2277 tertia
919 2222 1238 2292 relinquetur
1255 2224 1309 2276 in
1335 2240 1417 2277 ea.
1448 2221 1518 2277 Et
1558 2226 1835 2278 traducum
1872 2226 2081 2278 tertiam
2102 2242 2227 2295 par-

644 2323 750 2371 tem
772 2330 862 2381 per
888 2316 1079 2384 ignem,
1115 2324 1163 2368 et
1198 2330 1346 2368 uram
1364 2329 1451 2368 eos
1500 2316 1633 2369 sicut
1662 2316 1835 2369 uritur
1854 2325 2151 2385 argentum,
2178 2326 2226 2370 et

647 2404 874 2471 probabo
919 2419 1006 2458 eos
1061 2404 1191 2457 sicut
1242 2405 1494 2472 probatur
1532 2420 1744 2458 aurum.
1795 2402 1916 2473 Ipse
1967 2406 2225 2459 invocabit

648 2511 833 2549 nomen
900 2510 1092 2558 meum,
1145 2503 1192 2548 et
1236 2509 1328 2563 ego
1377 2492 1658 2548 exaudiam
1697 2511 1836 2557 eum,
1914 2505 1961 2549 et
2008 2495 2225 2548 dicam:

636 2585 888 2652 rPopulus
906 2600 1050 2639 meus
1085 2586 1183 2638 iste
1216 2594 1287 2638 est
1314 2600 1331 2637 :
1368 2596 1417 2638 et
1449 2585 1560 2653 ipse
1602 2585 1733 2639 dicet
1762 2602 1780 2640 :
1808 2584 2062 2640 Dominus
2088 2585 2225 2641 Deus

648 2691 818 2741 meus.

708 2849 806 2907 Cl.
839 2848 1236 2909 lnduetamanu
1271 2849 1973 2920 divinapastoribusimpiis
2000 2861 2056 2907 et
2077 2867 2226 2907 men-

655 2940 903 3005 dacibus,
938 2939 1261 3009 quiviueatn
1320 2940 1527 3007 regiam
1584 2953 1960 3010 corruperunt.
2018 2955 2116 2995 nec
2144 2940 2227 2994 ul-

653 3031 817 3091 tionis
850 3043 1242 3100 pmnarumque
1258 3039 1511 3098 expertes
1542 3028 1752 3087 futuros
1778 3032 1929 3096 dicit,
1979 3032 2069 3100 qui
2105 3030 2228 3087 illo-

652 3137 772 3177 rum
796 3121 1049 3181 meditata
1073 3119 1561 3191 inconsultissime
1585 3119 1927 3189 adiuverunt,
1971 3121 2225 3191 populum

640 3210 955 3268 Judaorum
984 3210 1169 3281 utique
1192 3220 1246 3265 et
1277 3210 1469 3280 vulgus
1500 3186 1799 3265 ﬂbdi—tutn.
1861 3186 2011 3266 Bello
2043 3186 2222 3266 ὀιιίιιι

650 3303 1032 3374 disperierunt,
1052 3312 1102 3356 et
1134 3301 1358 3356 urbibus
1387 3316 1492 3356 una
1525 3315 1647 3363 cum
1674 3300 1833 3357 idolis
1859 3300 2099 3355 funditus
2127 3302 2224 3357 de-

723 2036 885 2093 Vsns.
915 2038 969 2102 8,
997 2037 1051 2092 9.
1088 2038 1153 2092 Et
1176 2040 1274 2093 erit
1306 2040 1360 2093 in
1393 2036 1595 2096 tiie'illa
1620 2043 1673 2095 in
1703 2043 1845 2097 οηιηὶ
1877 2053 2037 2105 terra,
2090 2043 2219 2097 ‘dicit

2393 2036 2503 2090 Καὶ
2528 2036 2702 2095 ἔσται
2728 2024 2907 2103 ’ἐν
2936 2034 3350 2104 ἡμέρᾳίέκείνῃ
3377 2036 3447 2089 ἐν
3487 2035 3663 2105 πάσῃ
3702 2037 3784 2105 τῇ
3826 2039 3919 2108 τῇ,

2325 2128 2487 2197 λέγει
2518 2128 2756 2195 Κύριος,
2789 2126 2863 2181 τὰ
2898 2126 3007 2181 δύο
3049 2125 3201 2196 μέρη
3240 2126 3441 2196 αὐτῆς
3482 2129 3923 2198 ἐξολοθρευθή-

2326 2235 2516 2285 σεται,
2550 2220 2648 2274 καί
2673 2212 3054 2287 tantaene
3088 2219 3154 2273 es
3172 2219 3373 2287 τρίτον
3392 2222 3923 2290 ὑπολειφθήσεται

2326 2310 2396 2364 ἐν
2437 2309 2611 2378 αὐτῇ.
2642 2309 2753 2365 Καὶ
2799 2308 2982 2375 διάξω
3019 2310 3095 2363 ’τὸ
3148 2311 3351 2378 ἐρίτον
3405 2310 3504 2365 διὰ
3550 2311 3783 2380 πυρὸς,
3827 2312 3927 2366 καὶ

2327 2401 2581 2471 πυρώσω
2617 2402 2857 2467 αὐτοὺς,
2900 2402 2981 2468 ὡς
3024 2401 3317 2469 κυροῦται
3356 2402 3425 2456 τὸ
3468 2403 3790 2472 ἀργύριον,
3831 2406 3927 2459 καί

2326 2492 2546 2561 δοκιμῶ
2576 2493 2818 2559 αὐτοὺς,
2842 2494 2922 2559 ὡς
2939 2491 3304 2562 δοκιμάζεται
3324 2493 3392 2549 τὸ
3419 2495 3708 2562 χρυσίον.
3732 2497 3927 2563 Αὐτός

2326 2582 2748 2639 ἐπικαλέσεται
2791 2585 2856 2637 τὸ
2900 2584 3086 2653 ὄνομὰ
3119 2601 3261 2652 μου,
3293 2584 3454 2651 κάγὼ
3497 2585 3933 2657 ἐπακούσομαι

2312 2674 2506 2740 αὐτῷ,
2537 2675 2635 2728 καὶ
2663 2662 2777 2743 ἐρῶ
2799 2691 2812 2705 ’
2863 2676 3022 2741 Λαός
3044 2693 3163 2745 μου
3195 2672 3374 2742 οὗτός
3396 2675 3550 2745 ἐστι,
3576 2679 3685 2732 καὶ
3725 2682 3928 2747 αὐτὸς

2329 2765 2486 2832 spei"
2522 2766 2738 2832 Κύριος
2766 2768 2798 2819 ὀ
2828 2768 2969 2832 Θεός
2998 2782 3116 2835 μου

2396 2858 2519 2909 ΡΔ’.
2573 2858 2987 2927 Ἐπενεχθείσης
3014 2859 3115 2930 τῆς
3145 2854 3293 2923 Θείας
3330 2862 3509 2932 χειρὸς
3539 2864 3658 2927 τοῖς
3676 2865 3927 2931 ἀνοσίοις

2326 2945 2766 3016 ψευδοποιμέσιν,
2799 2947 2847 3000 οἳ
2892 2946 2984 2999 τὸν
3024 2948 3323 3017 ἀμπελῶνα
3362 2951 3802 3023 κατεφθάρκασι
3840 2957 3927 3009 τὸν

2330 3037 2625 3106 βασιλικὸν,
2658 3038 2778 3091 οὐδὲ
2803 3039 2998 3103 αὐτοὺς
3023 3040 3240 3096 ἔσεσθαί
3270 3060 3432 3113 φησιν
3465 3043 3569 3109 ἔξω
3600 3050 3811 3119 ποινῆς
3835 3052 3928 3103 καὶ

2327 3127 2482 3197 δίκης
2538 3130 2666 3191 τοὺς
2711 3131 2824 3193 τοῖς
2854 3130 3093 3194 ἀνοσίοις
3122 3132 3303 3186 αὐτῶν
3340 3135 3658 3206 σκέμμασιν
3690 3139 3929 3195 ἀϐουλὲ·

2328 3232 2467 3273 τατα
2500 3220 3031 3291 συνδεδραμηκότας,
3066 3224 3221 3294 δῆλον
3253 3225 3309 3279 δὲ
3345 3227 3427 3280 ὅτι
3459 3230 3587 3292 τοὺς
3635 3230 3755 3283 τῶν
3797 3234 3928 3286 Ἰουο

2322 3310 2491 3364 δαίων
2509 3311 2571 3381 δή
2582 3328 2714 3381 μους
2735 3312 2827 3365 καὶ
2845 3313 2941 3384 τὴν
2962 3314 3221 3383 ἀγελαίαν
3242 3314 3349 3370 τῶν
3371 3318 3658 3391 ύπδχεῖρα
3677 3322 3921 3395 πληθύν.

648 3392 791 3459 lctis,
828 3393 918 3448 vix
950 3392 1194 3461 reliquias
1228 3396 1449 3449 salvator.
1493 3399 1620 3447 sunt
1644 3391 1711 3456 3',
1756 3406 1875 3459 quae
1904 3393 2059 3447 tertia
2098 3407 2223 3463 pars

2330 3401 2732 3471 Δεδαπάνηνται
2768 3402 2878 3474 γὰρ
2914 3405 2990 3476 τῷ
3018 3406 3258 3478 πολέμῳ,
3286 3409 3381 3464 καὶ
3420 3389 3742 3467 διολώλασιν

646 3484 717 3547 de
744 3492 855 3545 tota
902 3482 1244 3577 ωυΙῐίῑυάίξιε
1288 3480 1633 3577 ίηιθι-Ιίεῖῐιξιῖ·
1922 3482 2033 3536 NOII
2078 3484 2222 3537 θηίῐη
2316 3494 2433 3556 τοῖς
2456 3493 2727 3556 κατοίκοις
2748 3496 2803 3548 αἱ
2826 3496 3376 3573 πόλεις,πανολεθρίᾳ
3399 3480 3920 3577 καταπολλύμεναι,

648 3588 898 3644 prorsus,
958 3587 1053 3629 seu
1107 3572 1360 3629 universe
1416 3572 1582 3629 Israel
1605 3573 1830 3637 interiit,
1864 3573 1975 3628 Deo
2006 3584 2225 3644 propter

2330 3583 2478 3651 μόλις
2506 3583 2561 3638 δὲ
2589 3584 2855 3639 σέσωσται
2880 3587 2942 3640 τὸ
2966 3590 3339 3662 κατάλειμμα,
3360 3592 3435 3656 ὠς
3454 3593 3513 3648 ἑν
3543 3596 3709 3669 τρίτῃ
3724 3572 3921 3669 *μοίρᾳ

650 3676 834 3734 patres
863 3663 1175 3721 miserante.
1202 3663 1359 3728 Quod
1399 3673 1454 3717 et
1489 3663 1683 3718 beatus
1712 3663 1875 3718 Isaias
1898 3667 2220 3719 continuat:

2330 3673 2414 3727 τοῦ
2446 3676 2648 3740 παντὸς
2680 3677 2966 3747 νοούμενον
3010 3679 3268 3751 πλήθους.
3288 3663 3634 3756 Ὠλόθρευται
3817 3663 3919 3745 οῦκ

656 3773 677 3808 ι
712 3756 779 3811 Et
808 3755 909 3810 nisi
936 3753 1198 3810 Dominus
1226 3755 1466 3810 Sabaoth
1496 3755 1808 3825 reliquisset
1834 3756 1991 3810 nobis
2012 3770 2220 3823 semen,

2330 3767 2402 3828 εἰς
2431 3766 2576 3819 ἅπαν
2617 3768 2646 3819 ό
2679 3768 2915 3839 Ἰσραὴλ,
2949 3770 3085 3824 Θεοῦ
3130 3753 3597 3845 κατοικτείροντος
3640 3753 3761 3833 δὶδί
3790 3783 3922 3845 sub;

650 3846 793 3905 sicut
850 3845 1086 3903 Sodoma
1114 3845 1426 3913 fuissemus,
1459 3854 1514 3900 et
1536 3846 1676 3901 sicut
1722 3846 2025 3902 Gomorrha
2064 3846 2219 3902 simi-

2330 3856 2587 3928 πατέρας.
2619 3858 2789 3912 Τοῦτο
2814 3859 2907 3911 καὶ
2935 3860 3096 3925 αὐτὸς
3123 3864 3151 3915 ὁ
3183 3864 3448 3936 μακάριος
3483 3868 3712 3935 Ἡσαΐας
3736 3875 3917 3943 φησίἱ

650 3939 731 4001 les
767 3951 1013 4001 essemus
1041 3936 1108 3989 ³³.
1140 3954 1160 3987 ι
1194 3936 1599 4001 Verumtamen,
1630 3938 1840 3992 tertiam
1871 3946 2096 4006 partem,
2126 3955 2221 3994 seu

2330 3964 2347 3997 t
2378 3948 2490 4001 Καὶ
2521 3950 2571 4002 εί
2600 3949 2674 4019 μὴ
2703 3948 2906 4020 Κύριος
2935 3951 3164 4006 Σαϐαὼθ
3188 3956 3547 4023 ἐγκατέλιπεν
3574 3962 3712 4032 ἡμῖν
3744 3936 3922 4038 σπέρ-

650 4027 929 4097 reliquias,
966 4026 1068 4080 hoc
1092 4035 1194 4092 est,
1234 4027 1515 4082 credentes
1542 4026 1596 4081 in
1625 4030 1888 4100 sanguine
1908 4039 1962 4085 et
1994 4026 2221 4098 posteri-

2330 4056 2420 4110 μα,
2453 4040 2528 4105 ὡς
2555 4040 2763 4111 Σόδομα
2812 4041 2878 4095 ἂν
2922 4044 3284 4115 ἐγενήθημεν,
3316 4048 3411 4101 καὶ
3432 4048 3514 4113 ὡς
3540 4026 3807 4125 Γόμορῤα
3854 4026 3923 4112 ἀν

650 4127 762 4177 tate
786 4116 977 4182 Israel,
1015 4117 1388 4175 traducturum
1423 4134 1517 4193 per
1556 4120 1757 4192 ignem,
1791 4131 1845 4176 et
1879 4122 1999 4191 igne
2024 4133 2081 4178 ut
2133 4139 2220 4178 ar-

2330 4129 2701 4203 ὤμοιώθημεν.
2724 4151 2743 4185 ι
2766 4133 2911 4203 Πλὴν
2930 4132 2991 4186 τὸ
3018 4134 3220 4203 τρίτον,
3250 4136 3420 4207 ἤγουν
3440 4139 3501 4193 τὸ
3525 4116 3919 4218 κατάλειμμα.

647 4218 868 4283 gentnm
897 4219 953 4263 et
981 4224 1173 4271 aurum
1204 4224 1326 4265 sese
1354 4212 1760 4281 exploraturum
1779 4213 2083 4275 conﬁrmat.
2099 4213 2216 4269 Non

2330 4220 2591 4285 τουτέστι,
2637 4223 2763 4285 τοὺς
2817 4220 2877 4285 ἐξ
2933 4222 3167 4292 αἵματος
3212 4225 3428 4299 Ἰσραὴλ
3479 4212 3918 4303 πιστεύσαντας,

652 4299 795 4355 enim
833 4307 982 4352 caret
1012 4298 1277 4353 molestiis
1304 4314 1369 4355 ac
1399 4299 1676 4363 laboribus
1732 4313 2042 4359 sanctorum
2084 4307 2215 4371 vita,

2330 4310 2521 4375 διάξειν
2561 4313 2693 4382 φησὶ
2739 4312 2828 4366 διὰ
2872 4314 3063 4385 πυρὸς,
3098 4316 3194 4371 καὶ
3234 4319 3444 4389 πυροῦν
3481 4322 3685 4388 αὐτοὺς
3706 4327 3795 4392 ὡς
3822 4298 3925 4400 dp;

647 4398 703 4449 et
741 4403 927 4444 verum
955 4399 1061 4454 est,
1096 4406 1118 4440 ι
1147 4390 1389 4451 volentes
1414 4394 1499 4462 pie
1519 4393 1702 4450 vivere
1745 4395 1796 4447 in
1816 4394 2061 4460 Christo,
2092 4410 2217 4465 per-

2330 4402 2509 4472 γύριον
2561 4404 2656 4456 καὶ
2703 4404 2956 4474 χρυσίον.’
2972 4406 3046 4459 Οὐ
3076 4406 3186 4478 γὰρ
3211 4407 3315 4475 ἔξω
3338 4411 3503 4465 πόνου
3523 4414 3634 4467 τῶν
3663 4390 3917 4491 amca

648 4481 980 4538 secutionem
1020 4496 1323 4551 passuros»
1351 4482 1417 4535 “.
1462 4482 1831 4555 Probatissitni
1880 4501 2040 4556 porro
2109 4487 2219 4543 fue-

2330 4491 2470 4562 ζωή·
2529 4492 2727 4562 ἀληθὲς
2755 4492 2812 4547 δὲ
2840 4494 2922 4548 ὅτι
2961 4495 3055 4548 «οἱ
3116 4495 3362 4562 θέλοντες
3406 4500 3505 4571 ζῇν
3552 4481 3806 4571 εὐσεϐῶς
3861 4481 3920 4561 ιςὲ

649 4581 776 4629 runt
811 4571 979 4628 divini
1003 4572 1270 4641 discipuli,
1301 4580 1353 4625 et
1388 4580 1652 4641 quotquot
1683 4574 1772 4630 illo
1812 4585 2050 4644 tempore
2083 4591 2215 4646 ope-

2330 4582 2562 4651 Χριστῷ,
2611 4583 3019 4654 διωχθήσονται.
3053 4604 3071 4638 s
3113 4587 3486 4657 Δοκιμώτατοι
3514 4590 3568 4645 δὲ
3615 4596 3918 4665 γεγόνασιν

649 4679 768 4721 runt
796 4672 849 4719 et
868 4662 1213 4717 aﬂlictionum
1231 4663 1361 4719 socii
1399 4663 1585 4718 iisdem
1615 4662 1849 4731 fuerunt,
1875 4667 2216 4738 Evangelinm

2330 4674 2370 4726 οἱ
2398 4674 2669 4730 θεσπέσιοι
2698 4674 2958 4747 μαθηταὶ,
2990 4679 3083 4732 καὶ
3112 4679 3225 4733 ὅσοι
3251 4682 3541 4749 γεγόνασιν
3575 4662 3764 4753 αὐτοῖς
3789 4707 3916 4745 συν-

647 4751 850 4807 Christi
874 4766 976 4820 per
1008 4758 1192 4819 gentes
1221 4765 1376 4805 sacro
1398 4751 1704 4805 ministerio
1729 4752 2213 4820 promulgantibus.

2330 4764 2550 4833 εργάται
2597 4766 2717 4818 κατ’
2750 4768 2925 4820 έκεῖνο
2980 4769 3214 4839 καιροῦ,
3264 4773 3358 4826 καὶ
3410 4780 3915 4849 συμπεπονήκασιν

645 4842 728 4897 Ad
756 4841 951 4897 multas
980 4842 1123 4901 enim
1148 4842 1462 4899 vexationes
1507 4852 1559 4897 et
1612 4845 2013 4913 persecutiones
2052 4860 2212 4914 espe‘

2330 4855 2694 4925 ἱερουργοῦσιν
2724 4858 2803 4920 είς
2829 4857 2899 4911 τὰ
2925 4858 3051 4929 ἔθνη
3081 4861 3142 4915 τὸ
3160 4841 3494 4931 Εὑαγγέλιον
3521 4866 3617 4922 τοῦ
3638 4841 3906 4937 Χριστοῦ.

646 4932 867 4989 riendas
912 4934 1088 4988 vocati
1135 4944 1359 4998 sunt,et
1406 4943 1622 4989 tantum
1670 4950 1776 4990 non
1832 4936 2044 5004 ignibus
2088 4939 2213 5002 usti,

2330 4944 2625 5016 Κέκληνται
2676 4946 2783 5020 γὰρ
2832 4950 2911 5011 εἰς
2956 4952 3152 5021 πεῖραν
3200 4952 3411 5006 πολλῶν
3460 4932 3704 5026 θλίψεων
3724 4977 3783 5012 τε
3815 4962 3909 5016 καὶ

645 5026 771 5079 dum
823 5038 918 5093 per
960 5025 1283 5082 tentationes
1338 5027 1713 5095 probarentur,
1750 5036 1806 5079 ut
1852 5042 1971 5080 cum
2024 5029 2211 5082 fiducia

2330 5037 2594 5107 Βιωγμῶν,
2623 5040 2718 5092 καὶ
2754 5041 3033 5111 μονονουχὶ
3069 5045 3443 5115 πεπύρωνται,
3475 5047 3905 5123 δοκιμαζόμενοι

646 5124 863 5185 possent
892 5115 1199 5173 exclamare
1229 5134 1242 5171 :
1268 5134 1292 5168 ⁸(
1320 5118 1581 5187 Quoniam
1620 5119 1859 5187 probasti
1893 5133 2009 5183 nos,
2039 5118 2210 5183 Deus;

2330 5125 2403 5178 5ιά
2441 5129 2783 5198 πειρασμῶν,
2817 5130 2889 5193 ὡς
2911 5130 3172 5186 δύνασθαι
3202 5134 3381 5203 λέγειν
3424 5139 3488 5189 ὲκ
3536 5115 3860 5211 παρρησίας
3889 5160 3904 5172 ’

643 5209 767 5277 igne
787 5222 883 5263 nos
909 5209 1250 5276 examinasti,
1272 5210 1411 5264 sicut
1436 5208 1778 5264 esarninatur
1808 5219 2086 5278 argentum
2106 5210 2203 5260 ".s

2330 5219 2477 5270 ι”υτι
2519 5220 2846 5290 ἐδοκίμασας
2878 5223 3044 5292 ἡμᾶς,
3081 5226 3111 5277 ό
3137 5224 3289 5291 Θεὸς,
3322 5208 3799 5301 ὲπύρωσαςνημᾶς
3827 5235 3905 5297 ὡς

641 5301 771 5365 Qum
797 5300 961 5371 igitur
983 5302 1107 5357 hinc
1128 5302 1367 5356 utilitas?
1412 5310 1503 5354 aut
1559 5301 1699 5370 quod
1746 5302 2023 5370 praemium
2072 5300 2211 5357 refe-

2330 5307 2584 5379 πυροῦται
2609 5312 2669 5364 τὸ
2692 5311 2973 5383 ἀργύριον.
3006 5331 3022 5365 ι
3064 5314 3159 5377 Τίς
3193 5312 3285 5369 οὖν
3323 5318 3356 5387 ἡ
3384 5320 3635 5374 ἐντεῦθεν
3667 5300 3857 5393 δνησις
3885 5341 3901 5385 ;

639 5400 778 5457 rent,
804 5393 894 5463 qui
926 5392 1005 5448 sic
1028 5391 1207 5449 amicti
1253 5402 1310 5446 et
1337 5390 1545 5461 probati
1572 5391 1732 5445 sunt?
1758 5393 2071 5457 Domestici,
2098 5392 2208 5446 noti

2330 5398 2349 5467 ἢ
2378 5402 2526 5463 ποῖος
2569 5400 2721 5454 ἔσται
2759 5403 2949 5473 μισθὸς
2982 5407 3094 5467 τοῖς
3117 5399 3220 5458 ὧδε
3251 5411 3586 5481 πεπονηκόσι
3626 5415 3724 5467 καὶ

636 5492 691 5538 et
726 5483 908 5540 dilecti
942 5485 1051 5541 Deo
1088 5492 1390 5540 evaserunt.
1422 5482 1696 5539 Numerati
1726 5493 1849 5539 sunt
1881 5486 2022 5539 enim
2058 5501 2077 5533 ‹
2112 5497 2209 5553 po-

2330 5491 2672 5560 ιιιμασμένοιο
2692 5510 2704 5521 ο
2734 5495 2931 5547 Οίκεῖοι
2964 5496 3216 5563 γεγόνασι
3244 5498 3337 5551 τοῦ
3360 5500 3519 5566 Θεοῦ,
3545 5504 3817 5577 γνώριμοι
3833 5523 3897 5561 τε
3924 5566 3927 5569 ν

708 5683 753 5716 ³⁸
793 5682 980 5737 Matth.
1015 5700 1185 5751 xxvtt,
1215 5683 1401 5739 20-25.
1480 5685 1521 5716 ³¹
1552 5682 1761 5739 Jerem.
1802 5699 1857 5749 x,
1878 5684 1967 5737 21.
2043 5684 2089 5717 ³¹
2126 5683 2227 5744 lsa.

665 5754 707 5784 ³³
744 5753 880 5807 Psal.
904 5767 1034 5821 ιη,
1072 5754 1159 5807 10.

2341 5686 2438 5755 22;
2476 5689 2632 5746 Rom.
2664 5692 2853 5761 Ix,27.
2930 5693 2975 5724 ³³
3014 5693 3112 5751 lsa.
3150 5712 3189 5765 ι,
3231 5698 3286 5753 9.
3363 5700 3408 5731 ³⁸
3440 5699 3484 5759 ΙΙ
3519 5698 3661 5758 Τίιη.
3687 5718 3772 5769 ut,
3798 5701 3890 5759 ii.
