4070 6530
170 380 273 437 3U

982 374 1533 432 COMMENTARIUS
1572 374 1636 429 IN
1679 375 2080 433 ZACHARIAM
2119 379 2563 435 PROPHETAM.

3324 393 3433 449 εις

170 492 271 546 καὶ
327 488 697 561 ἠγαπημένοι.
748 486 1225 557 Κατελογτσθησαν
1273 486 1383 558 γάρ
1433 507 1452 539 ι
1482 490 1560 553 είς
1606 490 1795 553 ἐθνοςλ

1877 491 2016 546 tutus
2046 503 2285 556 sanctus,
2315 494 2493 564 regale
2522 495 2909 562 sacerdotium,
2947 497 3172 567 populus
3194 504 3430 573 acquisi.

173 582 353 651 ἅγιον,
385 581 466 643 εις
496 579 766 648 βασίλειον
806 578 1124 649 ἱεράτευμα,
1149 579 1246 632 καὶ
1279 581 1358 641 είς
1396 577 1524 632 λαὸν
1555 579 1648 633 τὸν
1677 582 1757 644 είς

174 670 543 742 περιποίησιν,
569 669 657 722 ἵνα
677 658 775 729 τὰς
802 668 1001 739 ἀρετὰς
1029 666 1387 737 ἐξαγγείλωσι
1417 670 1511 721 τοῦ
1540 668 1605 722 ἐκ
1632 669 1759 721 σκό-

173 774 303 821 τους
346 757 544 820 αὐτοὺς
594 756 923 820 καλέσαντος
969 758 1059 811 ἐπὶ
1109 756 1171 810 τὸ
1227 756 1538 828 θαυμαστὸν
1591 759 1758 813 αὐτοῦ

176 847 314 916 φῶς,
350 867 369 900 ι
418 846 548 900 ποτέ
596 846 653 899 δέ
700 847 852 910 ὄντες
889 847 951 900 οὐ
983 847 1131 912 λαὸς,
1164 848 1420 917 γεγόνασι
1448 849 1595 913 λαός.
1650 851 1760 903 Καί

176 952 311 989 ποτε
346 934 448 1007 μὲν
485 937 681 1007 ἤκουον
704 950 717 967 ·
766 936 963 990 «Ὅταν
996 938 1095 1000 τὰς
1118 939 1305 1007 χεῖρας
1328 937 1606 1008 ἐκτείνητε
1627 938 1761 1006 πρός

180 1040 273 1096 με,
309 1025 637 1097 ἁποστρέψω
668 1026 795 1090 τοὺς
822 1025 1132 1097 ὀφθαλμούς
1171 1044 1273 1097 μου
1303 1028 1397 1097 ἀφ’
1435 1028 1589 1098 ὑμῶν
1613 1045 1626 1059 ·
1668 1030 1762 1083 καὶ

177 1119 279 1173 ἐὰν
304 1117 612 1189 πληθύνητε
636 1118 737 1189 τὴν
767 1118 974 1190 δέησιν,
1004 1120 1104 1174 οὐκ
1130 1121 1521 1191 εἰσακούσομαι
1549 1123 1755 1192 ὑμῶν.»

175 1209 316 1262 Νυνὶ
364 1208 421 1262 δέ
473 1225 658 1279 φησιν,
697 1209 781 1263 ὅτι
827 1228 845 1261 ι
879 1210 1048 1273 Αὐτὸς
1080 1211 1464 1266 ἐπικαλέσεται
1499 1212 1563 1265 τὸ
1593 1212 1764 1283 ὄνομά

180 1319 310 1371 μου,
341 1301 435 1354 καὶ
464 1300 602 1372 ἐρῶο
635 1302 778 1366 Λαός
813 1319 915 1372 μου
952 1295 1107 1367 οὗτός
1141 1304 1305 1358 ἐστιν.
1338 1322 1359 1357 ι
1396 1303 1609 1358 Οὐκοῦν
1637 1306 1765 1369 ἴδιος

177 1392 442 1461 γεγόνασι
465 1391 664 1463 κλῆρος
685 1392 778 1446 τοῦ
810 1390 945 1446 Θεοῦ
977 1393 1069 1446 καὶ
1094 1393 1328 1464 Πατρὸς,
1346 1394 1585 1450 δέδονται
1612 1394 1667 1449 δέ
1687 1396 1765 1466 τῷ

179 1483 320 1554 Υίῷ,
351 1484 717 1555 συγκατάρχει
746 1483 855 1555 γὰρ
886 1484 994 1538 τῶν
1018 1484 1154 1538 ὅλων
1181 1485 1316 1555 ὁμοῦ
1339 1486 1416 1556 τῷ
1439 1489 1765 1559 γεγεννηκό-

177 1591 259 1642 τι,
291 1576 492 1646 εὐμενῆ
520 1592 581 1628 τε
611 1576 703 1629 καὶ⁵
735 1575 862 1631 ἵλεω
888 1576 979 1630 τὸν
1011 1575 1118 1630 τῶν
1145 1577 1283 1631 ὅλων
1305 1577 1486 1649 ἔχουσι
1505 1579 1765 1651 δημιουο-

180 1668 282 1735 γδν
319 1670 410 1724 καὶ
436 1669 735 1740 Δεσπότην.

535 1790 918 1877 ΤΟΜΟΣ
1010 1791 1405 1878 ΕΚΤΟΣ.

781 1944 1033 1999 ΚΕΦΑΛ.
1065 1946 1165 1998 IA'.

1862 581 2048 646 tionis,
2091 584 2392 640 utvirtutes
2414 585 2799 640 annuntiarent
2823 584 2962 656 ejus,
2999 588 3090 659 qui
3113 589 3181 646 de
3203 594 3435 650 tenebris

1862 671 2007 741 ipsos
2028 673 2245 728 vocavit
2263 675 2314 729 in
2340 673 2661 731 admirabile
2692 674 2875 732 lumen
2899 692 3057 733 suum
3087 679 3155 749 ⁸⁸,
3191 700 3214 735 ι
3240 691 3435 741 etcum

1861 761 2150 830 aliquando
2180 779 2283 818 non
2322 774 2505 820 essent
2535 765 2783 836 populus,
2822 765 2948 822 lacti
2973 778 3100 825 sunt
3125 771 3353 841 populus
3368 775 3435 834 ³⁷.

1862 852 1928 908 Et
1970 854 2262 923 aliquando
2307 856 2600 911 audiebant
2638 875 2653 913 :
2693 875 2711 909 ι
2743 857 2877 912 Cum
2912 861 3269 918 extenderltis
3323 880 3440 921 ma-

1864 958 1964 998 nus
1994 954 2202 999 vestras
2233 945 2296 998 ad
2333 961 2438 1013 me,
2466 956 2706 1001 avertam
2760 948 2947 1004 oculos
2988 965 3140 1006 meos
3166 966 3198 1004 a
3236 953 3390 1009 vobis
3420 969 3434 1007 :

1863 1046 1917 1089 et
1975 1051 2096 1090 cum
2124 1037 2617 1108 multiplicaveritis
2642 1040 2970 1106 orationem,
3005 1057 3112 1096 non
3152 1044 3438 1099 exaudiam

1863 1124 2044 1178 vos”.
2086 1143 2105 1177 ι
2144 1125 2214 1178 At
2258 1140 2402 1181 nunc
2459 1127 2641 1181 dicit:
2685 1144 2704 1178 ι
2766 1127 2882 1196 Ipse
2922 1127 3192 1182 invocabit
3245 1143 3438 1183 nomen

1866 1228 2065 1277 meum,
2086 1222 2143 1267 et
2170 1213 2345 1269 dicam
2373 1232 2386 1269 :
2423 1214 2659 1285 Populus
2692 1231 2844 1271 meus
2874 1216 2961 1271 hic
2979 1224 3084 1272 est.
3125 1234 3144 1268 ι
3176 1214 3440 1283 Quocirca

1866 1302 2152 1358 lucreditas
2178 1304 2464 1372 peculiaris
2494 1304 2590 1360 Dei
2622 1315 2677 1361 et
2707 1304 2885 1362 Patris
2923 1306 3055 1361 facti
3080 1316 3230 1370 sunt,
3249 1315 3303 1362 et
3328 1306 3440 1361 dati

1866 1402 1993 1448 sunt
2020 1394 2178 1460 Filio,
2205 1396 2434 1464 imperat
2463 1398 2609 1452 enim
2633 1397 2884 1454 omnibus
2914 1413 3019 1453 una
3040 1412 3163 1454 cum
3192 1397 3371 1462 Patre,
3387 1407 3442 1453 et

1864 1485 2183 1540 benevolum
2223 1496 2277 1541 et
2319 1488 2609 1557 propitium
2652 1489 3030 1547 universorum
3075 1491 3324 1561 opiﬁcem
3376 1506 3441 1546 ac

1867 1576 2151 1633 Dominum
2183 1579 2527 1637 habentibus.

2144 1792 2395 1884 TOM
2420 1796 2555 1884 US
2657 1797 3154 1885 SEXTUS.

2498 1939 2653 1994 CAP.
2686 1938 2821 1995 XIV.

275 2054 428 2109 Ἰδοὺ
454 2056 667 2125 ἡμέραι
693 2057 971 2126 ἔρχονται
1013 2056 1120 2111 τοῦ
1149 2057 1393 2124 Κυρίου,
1422 2058 1523 2111 καὶ
1560 2057 1761 2127 διαμε-
1794 2053 1795 2105 Ῐ

1939 2054 2100 2109 Vens.
2128 2053 2248 2119 1,2.
2286 2051 2420 2106 Ecce
2457 2052 2564 2106 dies
2592 2020 3057 2119 Dominivemum,
3106 2060 3157 2108 et
3217 2053 3445 2108 divident

176 2146 456 2216 ριοῦνται
494 2148 567 2203 τὰ
607 2147 812 2203 σκῦλὰ
842 2163 958 2202 σου
991 2148 1061 2201 ἐν
1098 2148 1218 2202 σοί.
1272 2149 1382 2202 Καὶ
1420 2149 1767 2214 ἐπισυνάξαι

184 2238 389 2293 πάντα
415 2239 491 2292 τὰ
517 2237 662 2307 ἔθνη
689 2240 775 2304 εἰς
800 2239 1067 2307 πόλεμον
1089 2238 1188 2291 ἐπὶ
1217 2237 1632 2309 Ἰερουσαλὴμ,
1668 2239 1771 2294 καί

184 2325 489 2382 ἁλώσεται
512 2326 550 2393 ἡ
579 2329 778 2392 πόλις,
807 2327 904 2380 καὶ
930 2325 1443 2397 διαρπαγήσονται
1480 2331 1539 2381 al
1567 2328 1768 2395 οἰκίαι,

187 2416 293 2470 καὶ
322 2420 382 2471 al
410 2416 692 2486 γυναῖκες
712 2415 1224 2487 μολυνθήσονται,
1256 2417 1354 2471 καὶ
1390 2417 1774 2483 ἐξελεύσεται

189 2507 259 2560 τὸ
293 2505 481 2576 ἥμισυ
509 2507 620 2575 τῆς
641 2510 873 2575 πόλεως
897 2509 967 2562 ἐν
988 2510 1385 2578 αἰχμαλωσίᾳ.

266 2596 386 2652 PB'.
426 2596 500 2650 Τὸ
530 2598 624 2651 ἐπὶ
656 2598 735 2669 τῷ
767 2599 988 2670 σταυρῷ
1024 2600 1292 2671 σωτήριον
1322 2600 1495 2663 πάθος
1527 2618 1776 2672 καταμη-

191 2686 358 2753 νύων,
388 2687 625 2759 ἔφασκεν
654 2690 714 2743 ἐν
736 2692 849 2753 τοῖς
881 2690 1058 2744 ὀπίσω
1085 2689 1280 2762 βραχὺ,
1316 2707 1336 2742 ι
1358 2691 1649 2761 Ῥομφαία,
1689 2694 1778 2759 ἐξ·

192 2777 453 2851 εγέρθητι
482 2779 574 2831 ἐπὶ
602 2779 693 2833 τὸν
714 2780 948 2850 ποιμένα
978 2795 1101 2851 μου,
1130 2782 1224 2834 καὶ⁹
1245 2780 1333 2833 ἐπ’
1360 2780 1529 2851 ἄνδρα
1552 2782 1778 2853 πολίτην

194 2868 362 2925 αὑτοῦ
389 2908 404 2933 ,
463 2868 611 2938 λέγει
664 2869 870 2942 Κύριος
918 2871 1337 2944 παντοκράτωρ.
1386 2873 1633 2941 Πάταξον
1688 2875 1779 2929 τὸν

198 2960 434 3031 ποιμένα
460 2962 555 3016 καὶ
590 2961 1177 3034 διασκορπισθήσονται
1209 2963 1279 3017 τά
1311 2962 1577 3035 πρόϐατα.
1610 2983 1627 3016 ι
1656 2965 1778 3018 "Ott

194 3051 257 3105 δὲ
306 3054 511 3115 ποιναῖς
554 3054 673 3117 ταῖς
714 3053 968 3123 ἐσχάταις
1020 3057 1052 3126 ἡ
1106 3055 1213 3108 τῶν
1260 3053 1522 3108 Ἰουδαίων
1573 3054 1780 3127 πληθὺς

199 3140 647 3213 ὑπενεχθήσεται,
688 3143 783 3195 καὶ
836 3144 979 3213 μάλα
1027 3145 1286 3209 εἰκότως,
1324 3146 1778 3218 κεκυριοκτόνηκε

198 3231 313 3304 γὰρ
332 3235 365 3303 ὴ
393 3232 717 3304 πάντολμος,
752 3234 996 3288 ἐδίδασκε
1025 3234 1335 3306 προστιθείς
1358 3254 1370 3267 ·
1405 3256 1422 3289 ι
1449 3238 1560 3291 Καὶ
1593 3238 1779 3302 ἐπάξω

198 3324 301 3395 τὴν
337 3324 494 3395 χεῖρά
543 3341 644 3396 μου
682 3325 776 3379 ἐπὶ
813 3327 939 3389 τοὺς
978 3326 1264 3398 ποιμένας,
1299 3327 1394 3380 καὶ
1438 3326 1589 3381 ἔσται
1623 3330 1679 3381 ἐν
1714 3332 1777 3401 τῇ

199 3416 387 3488 ἡμέρα
411 3416 615 3489 ἐκείνῃ,
643 3418 793 3488 λέγει
821 3418 1044 3490 Κύριος,
1073 3418 1141 3472 τὰ
1165 3418 1259 3472 δύο
1297 3419 1439 3489 μέρη
1472 3410 1779 3490 ἐξολοθρευ-

200 3509 429 3578 θήσεται
452 3507 545 3561 καὶ
576 3508 835 3579 ἐκλείψει,
873 3509 937 3563 τὸ
982 3509 1038 3562 δέ
1069 3510 1253 3580 τρίτον
1274 3509 1442 3576 διάξω
1471 3510 1560 3563 διὰ
1587 3511 1776 3581 πυρὸς,

199 3598 300 3651 καὶ
330 3598 565 3669 πυρώσω
607 3600 824 3664 αὐτοὺς,
871 3599 946 3663 ὡς
989 3598 1256 3671 πυροῦται
1288 3600 1347 3653 τὸ
1377 3600 1658 3671 ἀργύριον,
1690 3601 1781 3654 καὶ

198 3687 414 3758 δοκιμῶ
460 3689 677 3754 αὐτοὺς,
719 3691 797 3750 ὼς
827 3689 1179 3760 δοκιμάζεται
1209 3690 1270 3742 τὸ
1301 3691 1542 3761 χρυσίον.
1580 3711 1596 3742 ι
1650 3692 1783 3745 Τίνα

200 3780 259 3835 δὲ
283 3781 480 3851 τρόπον
504 3781 572 3835 τὰ
600 3781 780 3835 τοιάδε
812 3784 1032 3846 νοοῖντο,
1067 3782 1159 3837 καὶ
1188 3782 1286 3836 οὐκ
1308 3782 1413 3847 ἔξω
1438 3783 1531 3837 τοῦ
1553 3782 1781 3849 εἰκότος,

202 3873 349 3926 κατά
393 3889 457 3942 γε
498 3872 560 3926 τὸ
588 3872 808 3943 ἐφικτὸν
855 3875 987 3944 ἡμῖν
1037 3875 1355 3945 εἰρήκαμεν.
1382 3874 1787 3944 Γέγραπταιδέ

204 3963 303 4017 καὶ
331 3963 424 4016 νῦν
452 3966 481 4018 ὁ
510 3964 621 4018 τῶν
646 3964 1022 4034 προκειμένων
1052 3964 1272 4029 σκοπὸς,
1304 3965 1381 4029 ὡς
1423 3966 1562 4036 πρός
1590 3984 1654 4036 γε
1685 3968 1786 4038 τὴν

215 4053 570 4126 Ἰερουσαλὴμ
605 4055 1105 4125 ἁνοσιουργήσασαν
1131 4055 1418 4125 ἀχαλίνως,
1446 4057 1542 4110 καὶ
1569 4058 1660 4110 τὸν
1688 4058 1787 4126 τῆς

206 4144 465 4209 ἁλώσεως
514 4148 646 4217 ἡμῖν
700 4146 1098 4216 κατασημαίνει
1141 4146 1359 4218 ⁴τρόπον.
1418 4166 1437 4198 ι
1477 4148 1605 4202 Ἰδοὺ
1656 4148 1788 4220 γὰρ,

206 4238 399 4307 φησὶν,
447 4236 654 4308 ἡμέραι
710 4237 801 4290 τοῦ
852 4237 1080 4308 Κυρίου,
1115 4257 1133 4289 ι
1178 4238 1476 4305 τουτέστιν,
1519 4238 1585 4302 ἃς
1627 4239 1788 4302 αὐτὸς

207 4329 408 4397 ἐπάγει
456 4328 624 4399 ψήφῳ
670 4326 873 4400 δικαίᾳ,
913 4328 1008 4381 κα)⁵
1057 4328 1187 4398 ὁσίῳ
1229 4329 1474 4399 κρίματι.
1525 4329 1637 4383 Καὶ
1683 4330 1790 4400 γάρ

208 4422 360 4475 ἐστιν
385 4419 599 4490 ἀληθὲς,
620 4420 649 4474 ὅ
678 4420 770 4473 καὶ⁹
792 4420 857 4473 δι’
884 4419 1069 4490 ἐτέρου
1098 4420 1377 4490 προφήτου
1408 4419 1599 4489 φησίνο
1630 4439 1647 4472 ι
1678 4421 1791 4474 Οὐκ

210 4510 328 4565 εστι
358 4510 526 4565 κακία
550 4511 609 4563 ἐν
638 4510 814 4573 πόλει,
834 4511 901 4581 ἢν
928 4510 1133 4580 Κύριος
1164 4510 1263 4563 οὐκ
1289 4510 1563 4581 ἐποίησε.»
1589 4512 1663 4564 Οὐ
1683 4510 1792 4583 γὰρ

1871 2144 2039 2213 spolia
2076 2154 2167 2197 tua
2194 2144 2249 2195 in
2276 2150 2344 2195 te.
2370 2140 2434 2195 Et
2477 2142 2800 2210 congregabo
2844 2158 3020 2198 omnes
3039 2154 3209 2214 gentes
3229 2145 3284 2198 in
3306 2162 3444 2213 pra:-

1873 2236 2001 2288 lium
2017 2250 2171 2299 super
2199 2232 2519 2298 Jerusalem,
2546 2242 2592 2287 et
2616 2233 2853 2300 capietur
2879 2233 3082 2300 civitas,
3098 2246 3148 2289 et
3195 2236 3447 2305 diripien-

1876 2328 1960 2373 ων
1984 2322 2192 2384 domus,
2213 2331 2260 2374 et
2285 2319 2524 2374 mulieres
2548 2318 2869 2388 polluerttur,
2892 2332 2943 2377 et
2970 2324 3262 2394 egredietur
3273 2324 3445 2381 media

1874 2428 1997 2480 pars
2013 2413 2236 2467 ciuitatis
2259 2414 2314 2467 in
2341 2413 2713 2481 captivitatem.

1947 2588 2057 2643 Cll.
2104 2584 2450 2640 Salutiferam
2482 2585 2534 2639 in
2557 2600 2720 2640 cruce
2766 2594 2993 2641 mortem
3025 2586 3268 2642 indicans
3289 2588 3450 2656 paulo

1878 2688 2003 2734 ante
2041 2677 2275 2740 dicebat,
2315 2692 2335 2726 ι
2373 2675 2729 2745 lthornphaaa,
2776 2690 3043 2744 consurge
3081 2691 3244 2747 super
3267 2686 3451 2748 pasto-

1880 2783 1994 2825 rem
2026 2781 2223 2833 meum,
2249 2764 2411 2837 795
2447 2775 2502 2821 et
2529 2780 2692 2834 super
2719 2765 2895 2820 virum
2932 2767 3104 2820 civem
3131 2764 3269 2836 ejus,
3323 2766 3454 2822 dicit

1881 2858 2140 2914 Dominus
2162 2855 2523 2924 omnipotens.
2557 2853 2788 2910 Percute
2830 2864 3102 2925 pastorem
3132 2864 3188 2910 et
3248 2855 3453 2924 disper-

1880 2957 2075 3019 gentur
2094 2959 2221 3001 oves
2247 2944 2312 2998 ³⁸.
2352 2961 2371 2995 ι
2403 2941 2678 2999 Extremis
2702 2953 2882 2998 autem
2945 2942 3229 3014 suppliciis
3274 2942 3455 3013 subje-

1882 3050 2029 3095 ctum
2066 3037 2132 3093 iri
2159 3036 2395 3105 Judms,
2452 3035 2614 3103 idque
2675 3035 3001 3103 justissima,
3051 3034 3307 3105 quoniam
3359 3047 3459 3106 per

1883 3145 2150 3187 summam
2174 3127 2455 3183 audaciam
2485 3126 2770 3182 Dominum
2828 3127 3170 3189 occiderunt,
3197 3125 3451 3189 docebat,

1883 3236 2004 3278 cum
2028 3220 2249 3275 adderet
2284 3237 2299 3274 :
2343 3238 2361 3270 ‹
2402 3219 2467 3272 Ει
2497 3217 2749 3274 inducam
2797 3233 3011 3273 manum
3068 3232 3241 3274 meam
3297 3232 3461 3288 super

1887 3321 2156 3381 pastores,
2178 3320 2231 3366 et
2252 3313 2356 3367 erit
2379 3311 2432 3365 iu
2463 3310 2551 3365 die
2574 3309 2685 3375 illa,
2719 3310 2853 3365 dicit
2881 3310 3159 3375 Dominus,
3191 3310 3309 3365 dna:
3333 3322 3462 3378 par-

1813 3373 1857 3435 c
1888 3373 1970 3459 tes
1996 3373 2265 3473 peribunt,
2292 3412 2347 3457 et
2369 3402 2640 3466 deﬁcient,
2672 3373 2906 3454 tertiam
2951 3373 3152 3455 autem?
3180 3373 3460 3453 traducem

1886 3508 1982 3564 per
2015 3493 2219 3563 ignem,
2250 3500 2301 3546 et
2327 3505 2476 3545 uram
2494 3505 2588 3545 eos
2645 3490 2783 3545 sicut
2837 3490 3012 3545 uritur
3056 3498 3360 3561 argentum,
3407 3498 3464 3544 et

1886 3584 2127 3655 probabo
2154 3599 2269 3646 eos,
2297 3593 2355 3636 ut
2383 3582 2642 3651 probatur
2674 3594 2866 3635 aurum
2897 3580 2966 3636 ⁸ο.
3001 3598 3018 3631 ι
3050 3579 3203 3647 Qine,
3232 3593 3463 3649 quomo-

1891 3677 1958 3731 do
1989 3673 2347 3745 probabiliter
2370 3672 2714 3743 intelligenda
2742 3681 2949 3739 essent,
2970 3687 3068 3741 pro
3092 3670 3236 3725 virili
3280 3677 3465 3732 nostra

1889 3770 2254 3841 exposuimus.
2287 3765 2448 3823 Nunc
2467 3781 2683 3838 quoque
2710 3764 2873 3820 verba
2916 3763 3019 3819 ista
3054 3763 3121 3817 ad
3162 3759 3465 3817 Jerusalem

1890 3870 2154 3933 spectant,
2178 3876 2297 3931 quae
2332 3858 2739 3927 iusanoimpetu
2759 3857 2811 3912 in
2843 3854 3021 3912 scelus
3046 3854 3312 3919 ruerit,et
3339 3866 3468 3924 cap-

1894 3954 2121 4009 tivitatis
2156 3951 2372 4007 modum
2396 3949 2551 4005 nobis
2612 3946 2909 4004 declarant.
2940 3946 3028 4000 Ait
3070 3945 3212 4000 enim
3240 3961 3253 3998 :
3286 3961 3303 3995 ι
3329 3943 3469 3998 Ecce

1893 4046 2009 4101 dies
2034 4044 2267 4107 Domini,
2299 4062 2316 4095 ι
2357 4045 2459 4099 hoc
2484 4049 2588 4105 est,
2618 4055 2755 4111 quos
2786 4039 2873 4093 ille
2895 4052 3046 4106 requa
3097 4034 3367 4092 sententia
3411 4044 3469 4090 et

1888 4138 2035 4207 justo
2064 4137 2269 4204 judicio
2304 4134 2526 4189 inducit.
2564 4133 2763 4187 Verum
2811 4138 2894 4184 est
2935 4142 3179 4200 _uamque
3236 4126 3378 4196 quod
3414 4135 3471 4180 et

1895 4245 1990 4300 per
2029 4227 2191 4283 alium
2247 4226 2565 4296 prophetam
2589 4224 2719 4279 dicit
2753 4240 2766 4276 :
2827 4239 2845 4271 ι
2879 4220 2993 4275 Νοιι
3035 4227 3120 4275 est
3162 4217 3362 4273 malum
3412 4218 3468 4272 in

1897 4321 2138 4384 civitate,
2171 4317 2313 4388 quod
2343 4316 2599 4370 Dominus
2624 4330 2728 4369 non
2765 4311 2894 4366 fecit
2923 4313 2989 4365 υ.
3047 4329 3067 4364 ι
3121 4308 3267 4365 Nihil
3319 4306 3469 4364 enim

1898 4421 1983 4467 est
2023 4427 2090 4467 ex
2142 4411 2231 4474 iis,
2279 4424 2399 4478 quae
2452 4408 2761 4461 universam
2843 4404 3117 4459 civitatem
3193 4400 3470 4472 exagitare

1902 4514 2123 4573 queant,
2152 4501 2295 4572 quod
2322 4513 2426 4555 non
2457 4498 2616 4553 liceat
2645 4495 2844 4560 dicere,
2901 4494 2992 4550 illo
3013 4493 3355 4559 immitteute,
3415 4501 3473 4546 et

210 4602 280 4657 ἂν
313 4600 522 4668 γένοιτό
554 4617 606 4653 τι
652 4599 762 4653 τῶν
811 4600 938 4669 ὃλην
987 4598 1192 4652 κακοῦν
1238 4598 1529 4670 ἰσχυόντων
1563 4581 1795 4666 πόλιν,ὃ

1900 4597 2223 4662 impotenter
2258 4592 2309 4646 in
2338 4590 2545 4648 scelera
2577 4588 2981 4658 praecipitantes
3008 4584 3181 4656 poenis
3236 4581 3470 4637 multare

215 4692 293 4763 μὴ
323 4691 655 4763 πράττεσθαί
679 4708 858 4762 φαμεν
880 4691 1122 4761 ἐφιέντος
1144 4690 1333 4757 αὐτοῦ,
1356 4691 1450 4744 καὶ
1477 4690 1795 4761 πλημμελη-

1902 4687 2136 4748 volente,
2163 4682 2277 4737 ﬁeri
2330 4695 2395 4735 ac
2440 4680 2761 4750 perpetrari.
2796 4675 3157 4745 Quamobrem
3211 4673 3354 4729 illius
3397 4675 3474 4727 ait

216 4787 405 4857 μάτων
434 4784 590 4849 δίκας
615 4785 849 4850 ἐξαιτεῖν
870 4783 1147 4847 ἐθέλοντος
1170 4784 1298 4846 τοὺς
1328 4782 1578 4853 άσχέτοις
1596 4783 1795 4853 ὁρμαῖς

1899 4791 2019 4833 esse
2046 4776 2184 4838 dies,
2207 4772 2349 4844 quod
2373 4788 2436 4826 ca
2465 4772 2871 4833 denuntientur,
2890 4784 3009 4838 quze
3040 4768 3107 4821 ab
3136 4767 3253 4836 ejus
3275 4766 3353 4820 ira
3380 4781 3473 4821 ex—

215 4850 313 4929 ἐπὶ
345 4876 411 4929 τὰ
439 4875 615 4943 φαῦλα
646 4876 982 4948 διᾴττοντας.
1013 4874 1224 4929 Οὐκοῦν
1257 4850 1434 4927 absab
1464 4850 1795 4943 metuebat

1897 4865 2189 4935 spectanda
2209 4862 2337 4916 sint.
2382 4859 2627 4914 Fuerunt
2671 4858 2813 4913 enim
2872 4852 3254 4910 contumeliosi
3277 4850 3473 4905 intole—

211 4966 318 5029 τάς
344 4966 579 5038 ἡμέρας,
611 4945 787 5020 διὰντδ
818 4965 1242 5036 ἐπαγγέλλεσθαι
1267 4964 1386 5018 κατ’
1412 4964 1579 5035 ὀργὴν
1609 4963 1793 5018 αὐτοῦ.

1901 4957 2128 5013 randum
2208 4956 2261 5009 in
2313 4953 2556 5017 modum,
2603 4966 2725 5006 cum
2775 4948 2971 5005 occisis
3009 4945 3286 5017 prophetis
3306 4945 3472 4998 etiam

214 5031 662 5131 Πεπαριμνήκασι
706 5059 814 5130 γάρ
868 5031 1119 5129 φονρητῶς
1167 5057 1387 5119 οὐκέτι,
1434 5031 1795 5119 ἀπεκτονότες

1902 5048 2020 5104 Filii
2054 5061 2238 5102 necem
2275 5045 2610 5113 adjecerunt.
2635 5039 2772 5108 Quid
2803 5054 2964 5109 porro
3013 5037 3204 5093 diebus
3242 5034 3347 5089 illis
3380 5031 3463 5139 fn-

217 5151 323 5221 μὲν
354 5124 480 5213 τους
516 5124 829 5221 προφήτας,
870 5124 1197 5219 προσθέντες
1226 5147 1284 5199 δέ
1316 5144 1523 5209 τούτοις
1570 5144 1667 5198 καὶ
1709 5144 1795 5197 τὸν

1905 5138 2084 5195 turum
2121 5138 2210 5203 sit,
2238 5136 2414 5207 aperit
2460 5134 2544 5189 his
2591 5132 2807 5188 verbis:
2851 5150 2869 5182 ι
2902 5130 2969 5186 Et
3013 5126 3254 5184 divident
3302 5124 3475 5195 Spolia

215 5240 371 5294 Υίόν.
403 5239 467 5293 Τί
494 5240 549 5293 δὲ
594 5242 657 5294 τὸ
687 5239 943 5311 ἐσόμενον
984 5241 1041 5292 ἐν
1093 5240 1212 5299 ταῖς
1264 5237 1495 5307 ἡμέραις
1540 5237 1795 5301 ἐκείναις,

1909 5240 1997 5285 tua
2036 5231 2086 5284 in
2117 5237 2169 5283 te
2196 5230 2561 5297 (congregatae
2603 5223 2854 5278 videlicet
2894 5234 3085 5277 omnes
3113 5226 3360 5289 gentes),
3422 5222 3476 5266 et

217 5331 508 5403 σαφηνίζει
538 5331 713 5401 λέγων
732 5348 745 5361 ”
827 5331 938 5385 Καὶ
964 5326 1375 5402 διαμεριοῦνται
1403 5328 1469 5380 τὰ
1503 5326 1678 5380 σκῦλά
1705 5344 1795 5379 σου

1908 5322 2158 5391 diripient
2183 5320 2393 5382 domos,
2430 5316 2685 5371 mulieres
2706 5328 2825 5370 cum
2859 5310 3156 5365 infantibus
3212 5306 3479 5361 violentur

216 5426 279 5478 ἐν
307 5394 392 5476 σοὶ
425 5394 917 5495 (συναγηγερμένα
945 5394 1184 5492 δηλονότι
1214 5420 1386 5473 πάντα
1416 5418 1482 5472 τά
1516 5418 1679 5488 ἔθνη)
1709 5419 1795 5472 καὶ

1906 5413 2138 5482 rapient.
2172 5410 2344 5473 Tunc,
2368 5408 2563 5477 inquit,
2595 5404 2766 5460 media
2800 5418 2925 5472 pars
2971 5396 3211 5454 civitatis
3232 5394 3479 5464 egredie»

215 5490 612 5586 διαρπάξονται
658 5490 1020 5584 ⁷μὲνοὶκίας,
1070 5512 1264 5579 γύναια
1319 5511 1375 5563 δὲ
1427 5509 1795 5580 περιέλκοντες

1910 5517 1993 5561 tur
2035 5522 2085 5561 ιιι
2105 5504 2495 5575 captivitatem.
2545 5519 2563 5552 ι
2600 5493 2959 5553 Feruntenim
3001 5490 3293 5552 Romanos,
3324 5490 3479 5553 capta

215 5580 441 5675 νηπίοις
469 5605 624 5677 ὁμοῦ.
662 5580 795 5659 Τότε
823 5604 951 5675 γὰρ,
980 5604 1131 5675 φησὶ,
1163 5604 1222 5655 τὸ
1250 5603 1423 5673 ἥμισυ
1456 5601 1557 5670 τῆς
1601 5600 1795 5663 πόλεωςΙ

1910 5603 2041 5653 urbe
2069 5596 2437 5653 resistentium
2464 5591 2565 5648 sibi
2597 5584 2927 5657 impudentia
2948 5580 3206 5651 neglecta,
3225 5586 3279 5633 et
3304 5580 3479 5646 ipsum

292 5777 343 5810 ³⁸
378 5780 399 5832 l
430 5779 573 5835 Petr.
605 5794 666 5846 ιι,
702 5778 754 5833 9.
836 5778 877 5810 ³⁷
913 5776 1049 5834 Osee
1076 5790 1134 5844 li,
1166 5775 1253 5832 21.
1332 5775 1373 5807 ³⁸
1411 5776 1508 5831 lsa.
1549 5775 1706 5842 1,15.
1788 5776 1795 5806 ³

1877 5773 2091 5831 llalacli.
2131 5787 2242 5841 xm,
2285 5773 2333 5827 'l.
2414 5771 2459 5800 ³ο
2496 5766 2625 5823 Ibid.
2657 5767 2711 5829 8,
2740 5761 2791 5815 9.
2867 5757 2909 5789 δι
2940 5758 3103 5812 Amos
3133 5767 3220 5819 ιιι,
3250 5749 3306 5808 6.
