4070 6566
647 397 752 457 245
1669 405 1726 461 S.
1767 404 2046 462 CYRILLI
2085 405 2254 462 ALEX

2328 403 2554 461 NDRINI
2588 403 2907 463 ARCHIEP.
3838 403 3935 459 ιω

650 517 906 586 templum
927 527 981 572 et
1011 516 1155 572 sedes
1178 518 1516 587 incendisse;
1541 523 1858 591 suppliciter
1892 535 2075 580 autem
2116 524 2217 578 sibi
2250 569 2257 586 ι

2331 517 2664 588 ἐξελεύσεται
2695 523 2764 576 έν.
2787 523 3156 595 αἰχμαλωσίᾳ,
3186 544 3206 575 δ
3241 526 3378 579 Φασὶ
3411 525 3545 595 γὰρ,
3565 521 3938 591 ὃτιῬωμαῖοι

648 607 1128 681 procumbentihus
1160 609 1248 676 iis,
1278 611 1370 680 qui
1422 613 1753 682 superiorem
1801 615 2097 678 civitatem,
2147 612 2224 666 lo-

2331 615 2423 684 τὴν
2454 614 2608 666 πόλιν
2639 615 2869 679 ἑλόντες,
2899 613 2994 668 καὶ
3020 615 3158 685 πρὸς
3183 613 3282 678 τὰς
3313 615 3425 669 τῶν
3467 613 3822 685 μαχομένων
3849 613 3938 666 αὺ-

647 716 770 756 cum
790 701 1030 756 sacrum’
1077 699 1410 766 habitabant,
1477 704 1808 773 pepercisse.
1867 702 2004 759 Vide
2060 717 2224 773 porro

2328 708 2436 768 τοῖς
2480 705 2864 776 ἀναισχυντίας
2907 705 3365 774 ὀλιγωρήσαντες,
3397 701 3566 758 αὐτόν
3597 720 3661 757 τε
3703 703 3935 773 ὲνέπριιι⁶

647 789 919 862 quomodo
933 805 999 845 eo
1028 790 1266 846 audacia:
1296 792 1532 848 victores
1571 809 1919 863 processuros
1947 795 2112 860 dicat,
2163 802 2225 847 ut

2330 813 2423 849 σαν
2450 796 2540 849 τὸν
2573 796 2708 849 νεὼν
2742 796 2838 850 καὶ
2873 795 2974 859 τὰς
3014 797 3110 850 τοῦ
3155 799 3350 861 ἄστεος
3383 795 3606 859 οίκίας·
3640 794 3937 863 ἐφείσαντο

649 883 878 950 direptis
899 881 1146 937 domibus
1179 897 1287 937 non
1319 883 1476 939 illico'
1498 898 1620 938 cum
1691 885 1870 955 praeda
1918 883 2219 948 discedant,

2329 887 2379 941 δὲ
2413 887 2867 958 προσπιπτόντων
2897 887 3080 950 αὐτοῖς
3099 889 3210 940 τῶν
3241 888 3666 959 κατῳκηκότων
3695 887 3806 956 τὴν
3832 885 3936 939 ἂνω

647 987 702 1030 et
731 975 784 1029 in
809 975 1057 1030 tentoriis
1087 974 1341 1043 paulatim
1373 991 1494 1030 eam
1517 976 1779 1039 dividant,
1822 975 1922 1030 sed
1957 975 2010 1030 id
2044 974 2219 1044 ipsum

2328 972 2479 1025 πόλιν
2519 973 2615 1025 καὶ
2642 973 2704 1025 τὸ
2737 973 2899 1044 ἱερόν.
2927 973 3036 1027 Θέα
3063 974 3140 1038 δὲ,
3175 976 3324 1039 ὅπως
3369 977 3459 1038 είς-
3495 974 3668 1028 τοῦτο
3699 974 3935 1043 θάρσους

648 1065 702 1120 in
736 1067 849 1136 ipsa
880 1070 1013 1122 urbe
1042 1077 1198 1137 capta
1231 1066 1455 1132 faciant,
1478 1067 1619 1136 quod
1645 1067 1842 1121 factum
1864 1081 1970 1120 non
2005 1065 2219 1128 fuisset,

2328 1062 2610 1132 ἀφίξεσθαι
2657 1081 2789 1134 φησι
2829 1065 2955 1128 τοὺς
2992 1066 3366 1134 νενικηκότας,
3399 1065 3478 1129 ὡς
3507 1065 3935 1136 διαρπάσαντας

647 1158 692 1211 si
725 1157 866 1213 ullus
896 1157 1114 1213 miseris
1131 1157 1373 1218 subsidio
1401 1159 1645 1224 veniens,
1673 1156 1820 1212 ferro
1847 1153 2224 1226 grassantibus

2324 1153 2418 1216 τὰς
2443 1152 2638 1218 οἰκίας,
2671 1154 2748 1224 μὴ
2781 1154 2985 1219 εὐθέως
3009 1155 3378 1226 ἀποτροπῆσαι
3408 1158 3534 1220 ταῖς
3564 1156 3758 1219 λείαις
3777 1155 3931 1226 ὁμοῦ,

649 1249 960 1304 restitisset.
987 1249 1308 1313 Polluendas
1331 1260 1512 1306 autem
1541 1250 1794 1304 mulieres
1817 1248 2072 1311 allirmat,
2127 1261 2225 1316 per

2326 1245 2416 1297 καὶ
2467 1245 2714 1314 σχολαῖον
2763 1246 3098 1316 ποιήσασθαι
3140 1247 3232 1301 τὸν
3274 1247 3650 1319 δια-μερισμὸν
3708 1248 3773 1300 ἐν
3823 1251 3933 1309 ταῖς

645 1340 755 1393 vim
784 1340 850 1394 ab
881 1339 1000 1394 aliis
1051 1349 1317 1416 raptatas,
1345 1349 1402 1395 et
1461 1341 1690 1410 turpiter
1733 1347 2116 1407 constupralss
2167 1334 2219 1388 in

2322 1336 2529 1389 ἑαυτῶν
2573 1340 2818 1407 σκηναῖς
2867 1338 3246 1409 ἀφιγμένους·
3307 1339 3425 1392 ἀλλ’
3455 1341 3517 1392 ἐν
3572 1339 3723 1408 αὐτῇ
3779 1338 3929 1391 τοῦτο

645 1441 938 1499 conspectu
963 1445 1151 1485 eorum
1175 1432 1496 1500 quibuscum
1526 1431 1725 1500 saepius
1771 1429 2078 1500 coniugalia
2131 1443 2216 1483 se-

2322 1427 2515 1500 δράσαι
2549 1431 2615 1500 τῇ
2645 1430 2853 1504 ἀλούσῃ
2895 1431 3068 1496 πόλει,
3099 1433 3236 1504 ὅπερ
3269 1433 3330 1485 οὐ
3366 1431 3602 1500 γέγονεν
3647 1431 3746 1494 ἂν,
3775 1431 3929 1500 εἴπερ

642 1531 788 1577 creta
839 1522 1082 1591 legitime
1148 1523 1499 1580 miscuerant.
1534 1522 1702 1599 796
1753 1520 1858 1578 Sed
1917 1524 2033 1576 hac
2096 1519 2219 1574 belli

2318 1541 2400 1588 τις
2429 1520 2496 1595 ἦν
2526 1524 2663 1588 ὅλως
2695 1524 2810 1586 τοῖς
2849 1522 3050 1586 ἀθλίως
3081 1523 3424 1594 πεπραχόσιν
3454 1524 3807 1594 ἐπικουρῶν,
3839 1525 3925 1576 καὶ

639 1623 767 1668 sunt
845 1615 1230 1683 incommoda,
1307 1625 1363 1671 et
1413 1615 1752 1670 calamitates
1832 1612 2001 1669 semel
2048 1613 2224 1683 captis

2320 1618 2430 1678 τοῖς
2480 1612 2810 1688 καταδῃοῦσι
2863 1615 3191 1686 μαχόμενος.
3235 1615 3704 1686 Μολυνθήσεσθαι
3734 1615 3796 1669 δὲ
3835 1615 3927 1678 τὰς

638 1708 893 1777 omnique
922 1707 1128 1763 auxilio
1158 1708 1370 1777 penitus
1397 1707 1672 1762 destitutis
1708 1722 1811 1762 non
1851 1705 2060 1760 alienae.

2317 1706 2580 1773 γυναῖκάς
2609 1722 2795 1775 φησιν,
2828 1704 3142 1775 ἀϐουλήτως
3167 1704 3376 1775 ἑτέροις
3404 1705 3814 1775 ὲφελκομένας,
3837 1707 3923 1757 καὶ

638 1796 747 1850 τῶν
788 1799 890 1868 τῆς
934 1798 1262 1870 σεμνότητος
1295 1799 1664 1861 ὲκπιπτούσας
1693 1798 1863 1867 ἐθῶν,
1916 1799 2010 1858 καὶ
2048 1799 2105 1850 έν
2133 1797 2252 1867 ὄψει
2291 1798 2550 1862 πολλάκις
2609 1798 2889 1854 τῶνκατά
2912 1798 3108 1869 νόμους
3144 1798 3562 1870 συνῳκηκότων.
3591 1795 3851 1865 Πολέμου
3871 1795 3920 1847 δὲ

635 1888 707 1942 τὰ
727 1887 950 1941 τοιαῦτα
985 1889 1154 1958 πάθη,
1185 1890 1278 1942 καὶ
1305 1893 1416 1954 τοῖς
1441 1888 1588 1954 ἅπαξ
1617 1888 1884 1942 ἑαλωκόσι
1910 1890 2006 1943 καὶ
2030 1889 2479 1961 ἁνεπικουρήτοις
2508 1888 2788 1954 παντελῶς
2822 1887 3129 1960 πρέπουσαι
3160 1887 3462 1960 συμφοραί.

709 1977 776 2029 At
833 1977 1018 2046 reliqui
1096 1977 1301 2052 populi.
1337 1979 1437 2031 mei
1496 1993 1597 2034 nou
1652 1979 1893 2047 peribunt
1950 1979 2014 2032 de
2078 1978 2280 2040 οἱοὶ-Β

2383 1981 2447 2032 οι
2488 1979 2556 2032 δὲ
2602 1977 2956 2033 κατάλοιποι
2994 1978 3110 2033 τοῦ·
3142 1978 3300 2032 λαοῦ
3325 1979 3397 2031 οὐ
3423 1975 3515 2046 μὴ
3556 1975 3919 2046 ἑξολοθρειιο

637 2075 765 2120 tate.

2269 2083 2272 2086 ί
2318 2069 2505 2127 θῶσιν
2533 2072 2602 2126 ἐκ
2633 2069 2744 2142 τῆς
2775 2072 3018 2136 πόλεως

706 2157 839 2213 Clll.
865 2157 1000 2226 Hoc,
1031 2160 1247 2232 opinor,
1283 2159 1430 2216 aliud
1467 2177 1573 2216 non
1603 2169 1687 2218 est
1719 2176 1882 2232 quam
1920 2160 2062 2230 quod
2100 2159 2212 2215 disi

2391 2161 2504 2216 PI".
2547 2163 2740 2226 Τοῦτο,
2791 2159 2966 2232 οἶμαι,
3020 2161 3168 2218 ἔστιν
3223 2163 3412 2234 ἕτερον
3454 2162 3641 2228 οὐδὲν,
3695 2162 3732 2231 ἢ
3787 2162 3919 2227 ὅπερ

636 2252 820 2316 modo,
848 2267 1064 2322 parsum
1094 2266 1215 2308 esse
1256 2253 1631 2309 habitantibus
1683 2255 2020 2324 superiorem
2079 2253 2212 2307 civi-

2316 2253 2452 2324 έφην
2482 2253 2703 2326 ἀρτίως,
2733 2253 2808 2315 ὼς
2837 2251 3030 2320 γέγονέ
3061 2269 3142 2315 τις
3170 2251 3335 2321 φειδὼ
3362 2253 3472 2306 τῶν
3505 2251 3917 2311 κατοικούντων

634 2351 824 2408 tatem,
851 2350 1172 2413 partemque
1197 2341 1587 2416 Hierosolyma;
1623 2344 1945 2402 incolumem
1981 2344 2214 2399 mansis-

2313 2344 2413 2414 τὴν
2445 2344 2558 2398 ἄνω
2589 2343 2764 2402 πόλιν.
2810 2343 2902 2396 καὶ
2937 2342 3208 2397 σέσωσται
3258 2343 3428 2416 μέρος
3454 2343 3568 2396 τῶν
3613 2341 3918 2412 Ἱεροσολὺ-

629 2447 712 2488 se.
748 2431 926 2489 Duces
945 2433 1142 2504 quippe
1165 2433 1394 2490 Romani
1419 2436 1643 2492 militem
1673 2450 1832 2490 suum
1895 2450 2210 2505 compesce-

2319 2451 2456 2504 μων.
2495 2434 2826 2487 Ἀνέκοπτον
2861 2433 2971 2503 γὰρ
2996 2434 3046 2486 οἱ
3085 2433 3376 2503 Ῥωμαίων
3428 2433 3752 2505 στρατηγοὶ
3796 2433 3918 2494 τοὺς

630 2524 782 2590 bant,
809 2527 855 2580 si
881 2541 1020 2591 quos
1049 2526 1244 2583 ﬂentes
1273 2542 1502 2600 seseque
1534 2529 1931 2595 submittentes,
1983 2540 2038 2586 et
2088 2546 2210 2601 pro-

2318 2524 2421 2578 τῶν
2469 2526 2792 2596 μαχομένων
2823 2524 3049 2596 Θυμοὺς,
3101 2525 3247 2595 είδή
3294 2525 3398 2578 πού
3449 2542 3611 2589 τινας
3651 2524 3925 2578 τεθέαντο

624 2618 785 2688 jectis
816 2619 983 2673 armis
1006 2619 1058 2672 in
1081 2635 1253 2696 genua
1291 2622 1491 2677 cadere
1549 2621 1830 2678 videbant.
1898 2621 2008 2676 Aut
2043 2621 2208 2691 igitur

2317 2616 2602 2680 κλαίοντας
2632 2633 2691 2669 τε
2719 2619 2812 2670 καὶ
2843 2617 3250 2680 ὑποπίπτοντας
3289 2617 3386 2672 καὶ
3417 2617 3635 2687 ἀμαχεὶ
3682 2617 3924 2686 προσπί-

630 2707 868 2776 reliquos
906 2707 1083 2785 populi
1127 2709 1213 2764 sui
1247 2720 1518 2766 servatam
1569 2711 1722 2767 urbis
1764 2710 1984 2781 partem
2035 2710 2210 2765 nsmia

2315 2725 2567 2772 πτοντας.
2597 2709 2666 2760 Ἦ
2694 2708 2873 2762 τοίνυν
2900 2708 3264 2771 καταλοίπους
3290 2708 3385 2761 τοῦ
3417 2707 3552 2764 λαοῦ
3579 2707 3761 2761 αὐτοῦ
3797 2709 3922 2768 τοὺς

629 2810 724 2854 nat
754 2816 767 2850 :
800 2810 892 2854 aut
920 2800 1283 2873 fortassis'qui
1313 2802 1366 2857 in
1396 2801 1677 2860 Christum
1707 2819 2048 2861 communem
2084 2818 2206 2858 om-

2314 2798 2372 2849 έν
2407 2797 2485 2868 τῷ
2511 2797 2843 2869 σεσωσμένῳ
2872 2799 2969 2868 τῆς
3011 2797 3220 2860 πόλεως
3251 2797 3409 2868 μέρει
3459 2797 3666 2868 φησίν·
3709 2799 3746 2865 ἢ
3781 2798 3921 2867 τάχα

627 2889 777 2946 nium
811 2889 1148 2949 Salvatorem
1179 2893 1558 2961 credidissent,
1600 2898 1667 2950 de
1701 2896 1897 2972 quibus
1948 2907 2003 2950 et
2052 2895 2204 2956 dicit,

2314 2905 2414 2941 που
2453 2889 2580 2952 τοὺς
2620 2887 3057 2952 πεπιστευκότας
3094 2890 3174 2951 είς
3220 2887 3314 2940 τὸν
3350 2887 3458 2940 τῶν
3495 2888 3644 2941 ὅλων
3680 2888 3921 2958 Σωτῆρα

626 2993 732 3032 non
765 2992 886 3033 esse
926 2978 1194 3050 perituros
1223 2979 1291 3036 de
1319 2981 1561 3036 civitate.
1593 2980 1765 3036 Erunt
1810 2983 1954 3037 enim
1992 2994 2209 3050 semper

2314 2980 2568 3050 Χριστὸν,
2599 2980 2727 3044 περὶ
2765 2971 2840 3032 ὧν
2868 2979 2960 3032 καί
3005 2995 3194 3050 φησιν,
3233 2977 3310 3041 ὡς
3345 2979 3448 3031 οὐκ
3474 2977 3544 3032 ἂν
3587 2976 3921 3047 ὲξολοθρευ-

623 3071 888 3132 Ecclesite
933 3072 1111 3136 cives,
1141 3079 1198 3127 et
1263 3072 1510 3141 quamvis
1557 3083 1826 3129 terrenam
1887 3082 1942 3126 et
1972 3073 2204 3127 deletam

2316 3067 2456 3120 θεῖεν
2485 3068 2549 3121 ὲκ
2575 3070 2674 3139 τῆς
2701 3067 2928 3130 πόλεως.
2960 3067 3214 3120 Ἔσονται
3258 3065 3366 3137 γὰρ
3397 3066 3485 3119 ἀεὶ
3528 3066 3639 3136 τῆς
3678 3066 3923 3135 Ἐκκλη-

623 3161 928 3225 Jerusalem
964 3165 1267 3232 amiserint,
1299 3174 1478 3221 tamen
1521 3179 1811 3235 supernam
1866 3163 2092 3225 habent.
2137 3165 2206 3221 de

2313 3162 2434 3228 σίας
2459 3163 2692 3228 πολῖται,
2719 3160 2821 3215 κᾶν
2848 3162 2895 3214 εί
2919 3161 3018 3231 τῆς
3041 3162 3290 3231 ἐπιγείου
3332 3163 3428 3215 κει)⁵
3475 3161 3737 3234 ὼλοθρευ
3747 3163 3920 3233 μένης

620 3270 730 3332 qua
753 3265 807 3310 et
832 3257 1044 3314 divinus
1063 3255 1262 3312 Paulus
1296 3271 1309 3309 :
1367 3275 1386 3308 ι
1423 3255 1554 3326 Quae
1599 3271 1814 3312 sursum
1855 3267 1937 3312 est
1987 3255 2206 3312 Jerusa-

2323 3254 2680 3326 Ἰερουσαλὴμ
2723 3254 3042 3308 ὲκπίπτοτεν
3071 3296 3085 3321 ,
3121 3254 3238 3308 ἀλλ’
3274 3249 3368 3307 οὖν
3400 3253 3591 3323 ἔχουσι
3633 3255 3746 3325 τὴν
3781 3255 3917 3314 ἄνω.

621 3348 759 3420 lem,
789 3345 1093 3412 liberaest,
1131 3362 1251 3416 quae
1273 3354 1358 3401 est
1393 3354 1572 3401 mater
1611 3355 1798 3401 nostra
1823 3347 1888 3400 “.
1944 3367 1962 3400 ι
2009 3347 2197 3417 Cujus-

2315 3347 2439 3418 περὶ
2467 3341 2534 3419 ἦς
2563 3347 2660 3400 καὶ
2683 3347 2711 3399 ὁ
2745 3346 3036 3410 Θεσπέσιος
3075 3346 3278 3417 γράφει
3299 3345 3542 3408 Παῦλος·
3570 3364 3591 3398 ε
3617 3347 3687 3399 Ἡ
3715 3347 3780 3400 δὲ
3807 3348 3922 3401 ἄνω

625 3441 770 3496 modi
789 3447 845 3494 et
867 3439 1058 3498 beatus
1072 3437 1240 3493 David
1269 3437 1544 3493 insinuare
1574 3439 1789 3492 videtur
1817 3439 1896 3494 sic
1925 3438 2150 3508 loquens
2183 3456 2197 3494 :

2319 3437 2670 3509 Ἰερουσαλὴμ
2711 3436 2970 3507 ἐλευθέρα
2999 3438 3166 3502 ἐστὶν,
3195 3438 3318 3509 ἥτις
3346 3436 3464 3490 ἐστὶ
3499 3438 3698 3508 μήτηρ
3730 3439 3921 3508 ἡμῶν.

625 3552 642 3578 α
666 3531 780 3586 Non
810 3529 1239 3585 commovebitur
1263 3533 1316 3584 in
1347 3533 1732 3597 mternum,qui
1757 3530 1963 3585 habitat
1990 3528 2199 3585 Jerusa-

2314 3531 2496 3582 Ἔοικε
2539 3529 2603 3582 δέ·
2639 3547 2690 3582 τι
2739 3528 2833 3582 καὶ
2868 3529 2895 3580 ό
2943 3529 3214 3599 μακάριος
3263 3527 3433 3582 Δαόὶδ
3475 3529 3921 3582 ὐπαινίττεσθαι

615 3622 724 3678 lem
755 3621 822 3673 ‘3.
850 3641 869 3671 ›
897 3619 1221 3676 inconcussa
1245 3618 1389 3674 enim
1424 3630 1607 3673 manet
1637 3618 1908 3682 Ecclesia,
1935 3633 2012 3685 et,
2041 3620 2195 3689 juxta

2314 3619 2571 3682 τοιοῦτον,
2599 3613 2699 3673 ὧδέ
2730 3638 2804 3691 πῃ
2843 3619 3019 3688 λέγων
3043 3637 3056 3651 ο
3098 3640 3115 3670 ι
3158 3620 3232 3674 Οὐ
3263 3618 3673 3689 σαλευθήσεται
3706 3622 3801 3682 εἰς
3831 3620 3921 3672 τὸν

619 3728 811 3770 vocem
840 3711 1164 3777 Salvatoris,
1189 3730 1207 3762 ι
1239 3720 1408 3779 portae
1461 3709 1620 3765 iul'eri
1671 3725 1776 3765 non
1833 3711 2197 3780 prmvalebunt

2312 3710 2476 3766 αἰῶνα
2525 3714 2554 3764 ό
2600 3711 2868 3764 κατοικῶν
2919 3711 3314 3782 Ἰερουσαλήμ,
3346 3730 3364 3762 ι
3432 3709 3547 3769 Καὶ
3592 3712 3714 3780 γάρ
3765 3712 3919 3765 ἐστιν

617 3803 882 3857 adversus
906 3815 1028 3855 eam
1049 3800 1133 3853 ιιι
1167 3819 1187 3853 ι
1239 3800 1414 3869 ipsum
1460 3798 1657 3868 quippe
1697 3813 1793 3868 pro
1845 3798 2200 3852 fundamento

2312 3804 2696 3873 ἁκράδαντοςὴ
2738 3802 3035 3873 Ἐκκλησία
3059 3844 3072 3864 ,
3107 3802 3201 3855 καὶ
3240 3819 3259 3852 ι
3303 3801 3472 3855 πύλαι
3495 3801 3634 3872 ᾅδου
3665 3803 3734 3856 οὐ
3784 3820 3919 3856 κατ-

618 3894 802 3952 habet.
827 3891 1062 3948 Necesse
1083 3900 1167 3947 est
1199 3891 1364 3962 igitur
1384 3891 1607 3945 omnino
1638 3899 1696 3943 ut
1723 3889 1888 3942 etiam
1918 3889 2200 3943 inconcus-

2308 3895 2618 3966 ισχὺσουσιν
2645 3895 2832 3963 αὐτῆς,
2875 3914 2893 3944 ›
2932 3893 3072 3948 κατὰ
3117 3893 3216 3962 τὴν
3251 3894 3348 3947 τοῦ
3386 3893 3656 3964 Σωτῆρος
3691 3896 3915 3965 φωνήν.

616 3986 662 4040 si
711 3995 765 4040 et
809 3983 1119 4039 immobiles
1167 3982 1297 4047 sint,
1347 3981 1448 4049 qui
1491 3995 1612 4035 eam
1679 3981 2003 4044 inhabitant,
2055 3989 2110 4034 et
2145 3981 2198 4034 in

2312 3988 2407 4041 Γδν
2431 3987 2593 4040 αὑτὸν
2625 3986 2733 4055 γὰρ
2758 3986 2903 4055 ἔχειν
2934 3985 3184 4056 θεμέλιον
3215 3985 3369 4039 πᾶσά
3397 4001 3519 4048 πως
3551 3985 3788 4056 ἀνάγκη
3824 3987 3919 4040 καὶ

612 4074 814 4147 populo
833 4075 950 4146 ejus
976 4081 1315 4145 repetantur,
1347 4081 1400 4128 et
1429 4071 1682 4144 legitimis
1708 4071 1826 4140 ejus
1899 4086 2195 4127 accenseu-

2311 4081 2427 4142 τοὺς
2455 4077 2843 4135 κατοικοῦντας
2872 4077 3169 4148 αὑτὴν,καὶ
3193 4077 3626 4148 λελογισμένους
3661 4079 3753 4142 είς
3779 4079 3918 4134 λαὸν

614 4179 724 4222 tur.
2301 4167 2458 4230 Θεοῦ,
2488 4169 2582 4221 καὶ
2613 4169 2723 4232 τοῖς
2749 4167 2992 4238 γνησίοις
3023 4168 3514 4238 συντεταγμένους.

684 4258 848 4312 Vens.
896 4256 1014 4311 3-5.
1059 4253 1122 4308 Et
1150 4255 1444 4324 egredietur
1469 4253 1746 4317 Dominus,
1789 4265 1835 4308 et
1863 4255 2196 4324 prwliabitur

2371 4262 2483 4315 Καὶ
2520 4260 2901 4324 ἐξελεύσεται
2952 4261 3188 4330 Κύριος,
3227 4261 3327 4314 καὶ
3372 4260 3806 4328 παρατάξεται
3848 4264 3921 4316 ἐν

608 4352 664 4404 in
690 4351 928 4418 gentibus
952 4348 1079 4410 illis,
1107 4349 1244 4401 sicut
1271 4347 1382 4402 dies
1414 4347 1687 4417 conﬂictus
1716 4347 1830 4415 ejus
1860 4348 1913 4400 in
1967 4348 2051 4400 die
2087 4348 2196 4402 bel-

2315 4350 2427 4417 roic
2455 4350 2697 4403 ἔθνεσιν
2727 4348 2984 4415 ἐκείνοις
3003 4389 3018 4412 ,
3051 4348 3248 4416 καθὼς
3275 4350 3476 4420 ἡμέρα
3497 4355 3922 4423 παρατάξεως

609 4443 671 4496 li.
711 4439 776 4492 Et
810 4439 1018 4492 stabunt
1049 4438 1203 4506 pedes
1227 4439 1343 4508 ejus
1392 4441 1446 4493 in
1472 4439 1557 4492 die
1611 4438 1707 4491 illa
1766 4455 1923 4508 super
1967 4449 2194 4494 montem

2312 4442 2488 4496 αὑτοῦ
2510 4441 2579 4494 ἐν
2604 4439 2793 4510 ἡμέρᾳ
2832 4441 3124 4509 πολέμου.
3160 4441 3271 4495 Καὶ
3312 4439 3664 4506 στήσονται
3695 4448 3758 4500 οι
3803 4447 3919 4498 πό-

610 4531 889 4594 olivarum,
927 4545 1045 4598 quae
1067 4539 1142 4583 est
1177 4546 1204 4583 e
1235 4531 1439 4599 regione
1470 4529 1774 4584 Jerusalem
1821 4534 1890 4586 ad
1915 4533 2190 4587 orientem.

2312 4534 2404 4597 Βες
2441 4531 2626 4587 αὑτοῦ
2661 4531 2731 4584 ἐν
2767 4529 2843 4600 τῇ
2881 4531 3073 4600 ἡμέρῃ
3105 4531 3310 4602 ἐκείνῃ
3341 4534 3440 4588 ἐπὶ
3485 4535 3556 4589 τὸ
3593 4536 3745 4604 ὅρος
3791 4536 3919 4592 τῶν

610 4622 680 4676 Ει
711 4622 978 4676 scindetur
1022 4637 1171 4677 mons
1239 4621 1517 4684 olivarum,
1577 4626 1750 4679 media
1807 4642 1930 4694 pars
1955 4625 2067 4695 ejus
2121 4627 2190 4679 ad

2310 4618 2572 4681 Ἐλαιῶν,
2602 4621 2661 4674 τὸ
2694 4619 3006 4674 κατέναντι
3023 4621 3427 4692 Ἰερουσαλὴμ
3447 4624 3516 4687 ἐξ
3543 4625 3911 4680 ἀνατολῶν.

609 4715 887 4776 orientem,
911 4723 956 4767 et
1000 4713 1172 4766 media
1228 4730 1351 4768 ours
1404 4713 1550 4768 illius
1598 4718 1666 4769 ad
1719 4733 1888 4783 mare,
1949 4719 2190 4787 voragine

2307 4713 2410 4765 Καὶ
2444 4711 2843 4779 σχισθήσεται
2872 4713 2940 4765 τὸ
2968 4712 3107 4781 ὄρος
3129 4712 3250 4768 τῶν
3281 4713 3566 4779 Ἐλαιῶν,
3590 4716 3664 4770 τὸ
3703 4717 3914 4788 ἣμισυ

610 4821 801 4873 magna
837 4802 1009 4857 ualde.
1042 4801 1108 4856 Et
1142 4803 1414 4859 inclinabit
1444 4807 1617 4862 media
1674 4825 1799 4875 pars
1871 4807 2061 4862 montis
2119 4809 2187 4862 ad

2308 4803 2483 4857 αὐτοῦ
2518 4803 2666 4871 πρὸς
2697 4803 3018 4869 ἀνατολὰς,
3047 4805 3146 4858 καί
3180 4806 3246 4859 τὸ
3281 4805 3473 4874 ἣμισυ
3507 4809 3710 4861 αὑτοῦ
3747 4811 3915 4877 ,πρὸς

607 4895 927 4960 oquilonem,
951 4909 1000 4948 et
1027 4895 1198 4950 media
1229 4912 1350 4962 pars
1381 4899 1494 4967 ejus
1524 4899 1594 4950 ad
1642 4908 1903 4951 austrum.
1941 4897 2006 4950 Et
2034 4898 2184 4952 obtu-

2308 4893 2651 4956 θάλασσαν,
2697 4893 2845 4961 χάος
2882 4893 3038 4962 μέγα
3096 4895 3351 4962 σφόδρα.
3399 4896 3509 4949 Καὶ
3574 4899 3799 4950 χλιιι-εἷ
3846 4901 3915 4952 τὸ

607 4986 812 5039 rabitur
840 4985 988 5041 vallis
1016 4987 1271 5040 montium
1301 5001 1554 5049 meorum,
1591 4997 1639 5039 et
1693 4987 2012 5054 adjungetur
2040 4985 2191 5040 uallis

2312 4983 2487 5049 ἣμισυ
2517 4981 2623 5034 τοῦ
2658 4981 2836 5048 ὄρους
2864 4981 3014 5049 πρὸς
3044 4981 3302 5050 βορῤᾶν,
3331 4983 3521 5039 καὶτὸ
3556 4986 3761 5054 ἥμισυ
3797 4989 3919 5043 αὖε

602 5077 860 5130 montium
895 5091 1056 5146 usque
1077 5077 1145 5130 ad
1177 5075 1355 5129 Asael.
1387 5072 1455 5128 Et
1483 5073 1817 5128 obturabitur
1863 5073 1998 5125 sicut
2030 5073 2186 5124 obtu-

2313 5073 2404 5126 τοῦ
2451 5075 2598 5141 πρὸς
2650 5074 2845 5128 νότον.
2911 5076 3018 5127 Καὶ
3085 5075 3582 5144 ἐμφραχθήονεται
3651 5080 3920 5150 φάραγξ

527 5170 532 5174 ⁷
604 5179 721 5221 rata
761 5177 834 5222 est
863 5169 916 5221 in
932 5168 1110 5221 diebus
1151 5177 1308 5225 terrce
1344 5179 1536 5231 motus,
1568 5169 1622 5220 in
1640 5164 1819 5218 diebus
1850 5161 1996 5216 Θεία·
2056 5179 2134 5232 reg

2309 5163 2482 5231 ἐρέων
2519 5181 2656 5232 μου,
2713 5165 2816 5217 καὶ.
2842 5164 3374 5233 ’ἐγκολληθήσεται
3419 5167 3668 5237 φάραγξ
3712 5171 3916 5237 ὀρέων·

601 5259 768 5317 Juda.

2307 5257 2406 5322 ἕως
2439 5256 2689 5324 Ἀσαήλ.
2711 5255 2817 5310 Καὶ
2850 5255 3335 5324 ἐμφραχθήσεται
3360 5257 3562 5324 καθὼς
3583 5259 3914 5331 erasade

2294 5349 2364 5400 ἐν
2412 5346 2540 5412 ταῖς
2583 5347 2830 5416 ἡμέραις
2882 5345 2988 5399 τοῦ
3037 5345 3469 5413 συθ-σεισμοῦ,
3520 5347 3596 5402 ἐν
3638 5349 3916 5419 ἡμέραις

2308 5438 2485 5498 Ὀζῖου
2505 5439 2813 5505 ,βασιλέως
2847 5437 3050 5492 Ἰούδα.

679 5538 811 5596 CIV.
839 5538 1121 5610 Tanquam
1165 5537 1232 5590 de
1254 5533 1390 5590 duce
1441 5532 1624 5598 aliquo
1653 5531 2071 5599 generosissimo
2117 5531 2194 5586 lo-

2364 5526 2482 5584 PA'.
2537 5529 2836 5600 Πεποίηται
2891 5528 2990 5600 μὲν
3038 5530 3076 5585 ὁ,
3114 5530 3269 5599 λόγος
3316 5531 3393 5596 ὼς
3447 5532 3542 5585 ὲπί
3584 5549 3742 5599 τινος
3789 5532 3913 5588 τῶν

609 5632 816 5701 quitur,
843 5630 1043 5686 milites
1092 5643 1224 5686 suos
1282 5626 1350 5681 ad
1403 5635 1639 5695 pugnam
1681 5621 2090 5686 cuncitante,et
2138 5622 2190 5677 in

2306 5625 2684 5692 γενναιοτάτων
2729 5623 3069 5696 στρατηγῶν,
3117 5625 3542 5698 παραθήγοντος
3586 5631 3670 5694 εἰς
3707 5631 3913 5704 μάχην

679 5809 725 5845 δ’
751 5809 923 5868 Galat.
952 5827 1027 5880 IV,
1067 5812 1158 5865 '26.
1235 5812 1277 5843 "
1304 5809 1447 5867 Psal.
1486 5821 1675 5873 cxxtv,
1719 5805 1765 5860 l.
1845 5805 1888 5838 “
1925 5803 2117 5860 Matth.
2152 5817 2260 5874 xw,
2298 5803 2385 5861 i8.
