4070 6536
204 354 335 410 245
1050 358 1590 418 COMMENTARIUS
1627 359 1694 415 ιΝ
1734 357 2127 417 ΖᾹΟΗᾹΒΙ.ὶΜ
2169 358 2603 419 RROPHETAM.
3374 360 3477 414 246

206 470 361 532 τοὺς
394 473 841 537 συνασπίζοντας,
859 475 951 527 καὶ
974 478 1093 537 ταῖς
1110 476 1219 531 τῶν
1246 478 1518 548 πολεμίων
1545 475 1799 547 φάλαγξι,

1910 473 2144 529 hostium
2185 474 2482 545 phalangas
2546 476 2863 533 exercitum,
2895 481 3279 533 exsuscitante.
3316 477 3475 533 Acci-

211 560 725 626 κατεξανιστῶντος
750 563 808 615 τὸ
836 563 1093 635 μάχιμον.
1121 567 1340 622 Νοεϊταί
1372 585 1435 637 γε
1470 567 1573 638 μὴν
1614 566 1688 630 ὡς
1712 567 1799 619 ἐπὶ

1906 564 2099 637 pienda
2120 575 2454 621 sunt-autem
2477 574 2543 619 ut,
2559 566 2626 620 de
2648 566 2788 633 Deo,
2806 574 3015 621 tantum
3043 581 3148 622 non
3185 578 3472 638 praesente,

208 651 391 715 Θεοῦ,
420 654 705 723 μονονουχὶ
732 656 1112 725 συμπαρόντος
1141 674 1200 711 τε
1226 658 1322 712 καὶ
1346 675 1802 729 συμπαραταττο-

214 744 399 813 μένου
453 746 567 808 τοῖς
613 743 789 798 ἔθνεσι
834 748 946 809 τοῖς
993 746 1322 821 καταδηοῦσι
1364 749 1463 821 τὴν
1522 748 1801 817 Ἰουδαίαν,

211 836 607 909 πεπορθηκόσι
636 838 696 892 δὲ
728 840 821 892 καὶ
848 840 987 893 αὐτὰ
1015 841 1084 895 τὰ
1124 843 1496 915 Ἱεροσόλυμα.

294 928 644 998 Μεμνήμεθα
674 929 752 994 δὲ,
799 931 880 984 ὅτι
925 932 1021 986 καὶ
1051 935 1109 987 ἐν
1152 934 1489 1005 παραϐολαῖς
1518 933 1804 1003 εὐαγγελι-

216 1022 371 1083 καῖςν
400 1020 641 1076 τοιοῦτόν
686 1024 739 1076 τί
779 1041 962 1096 φησιν.
1003 1026 1061 1078 ’0
1099 1026 1199 1097 μὲν
1231 1027 1342 1099 γὰρ
1386 1027 1637 1099 βασιλεὺς
1678 1029 1803 1091 τοὺς

215 1110 445 1179 γάμους
474 1110 736 1167 ἐπιτελῶν
766 1114 844 1185 τῷ
877 1115 976 1186 υἱῷ
1004 1116 1191 1182 αὑτοῦ,
1224 1118 1480 1189 πέπομφε
1508 1120 1635 1183 τοὺς
1658 1119 1805 1172 οίκέ-

214 1215 332 1262 τας
362 1200 705 1271 συναγείρειν
737 1204 862 1267 τοὺς
908 1206 1298 1276 κεκλημένους.
1335 1210 1397 1261 Oi.
1444 1208 1499 1261 δὲ
1542 1208 1670 1272 τοὺς
1706 1225 1806 1262 κα-

213 1290 457 1356 λοῦντας
502 1293 735 1358 ἀνοσίως
783 1296 1239 1367 περιυϐρίσαντες
1281 1301 1376 1353 καὶ
1422 1300 1798 1364 ἀπεκτονότες,

212 1379 538 1436 τελευταῖον
581 1384 671 1437 ἐπ’
719 1386 901 1450 αὐτοῖς
926 1388 1278 1459 διεχρήσαντο
1304 1392 1394 1444 τὸν
1424 1393 1556 1447 υίόν.
1590 1387 1725 1447 Εἶτα
1749 1392 1802 1444 τί

217 1488 366 1539 φησι
388 1474 488 1542 τῆς
518 1476 833 1547 παραϐολῆς
858 1481 885 1532 ὁ
910 1478 1067 1548 λόγος
1089 1497 1103 1545 ;
1139 1498 1157 1532 ι
1182 1482 1238 1535 Ὀ
1264 1481 1319 1535 δὲ
1353 1483 1607 1549 βασιλεὺς
1637 1483 1803 1555 ὠργί-

220 1558 361 1631 σθη,
398 1564 491 1617 καὶ
523 1564 745 1634 πέμψας
777 1568 846 1621 τὰ
879 1570 1267 1640 στρατεύματα
1312 1572 1499 1635 αὐτοῦ,
1552 1573 1802 1625 ἀπώλεσε

216 1650 357 1715 τοὺς
382 1654 562 1720 φονεῖς
609 1654 847 1722 ἐκείνους
866 1697 878 1720 ,
917 1658 1009 1710 καὶ
1038 1658 1136 1729 τὴν
1166 1660 1317 1714 πόλιν
1349 1661 1529 1714 αὐτῶν
1578 1662 1804 1733 ἐνέπρη-

221 1755 343 1795 σεν.
380 1760 400 1793 ι
436 1744 628 1797 Ἔσται
669 1744 732 1816 δὴ
775 1740 868 1800 οὖν
896 1749 952 1801 ὲν
988 1748 1106 1818 ἴσῳ,
1146 1750 1312 1821 φησὶ,
1363 1753 1474 1814 τοῖς
1516 1752 1574 1805 ὲν
1618 1752 1801 1824 ἡμέρα

1906 661 1960 710 et
1985 652 2146 712 simul
2168 654 2220 708 in
2256 653 2369 707 acie
2388 661 2565 708 stante
2586 668 2707 708 cum
2741 653 2988 720 gentibus
3015 652 3251 709 Iudaeam
3284 670 3476 725 perva-

1910 743 2201 810 stantibus,
2228 741 2388 814 797
2417 743 2693 813 ipsamque
2720 741 3150 814 Hierosolymam
3176 744 3473 800 evertenti-

1906 846 2028 888 DllS.

1976 922 2319 979 Meminimus
2371 937 2534 994 porro
2570 924 2734 980 etiam
2779 924 2832 981 in
2863 924 3133 993 parabolis
3152 924 3476 997 evangelicis

1907 1011 2014 1068 tale
2076 1013 2330 1082 quiddam
2399 1022 2635 1069 exstare.
2714 1013 2826 1069 Rex
2891 1016 3035 1068 enim
3091 1013 3204 1070 lilio
3264 1013 3477 1084 nuptias

1907 1092 2507 1169 faciens,misitservos
2535 1119 2661 1160 suos
2681 1115 2740 1159 ut
2771 1104 3027 1160 invitatos
3056 1112 3469 1177 congregarent.

1903 1192 2003 1248 Ast
2033 1192 2105 1247 illi
2137 1207 2259 1247 cum
2295 1203 2548 1249 vocantes
2569 1195 2730 1264 impie
2776 1204 2830 1250 et
2857 1195 3272 1263 injuriosissime
3331 1210 3477 1252 acce-

1904 1292 2025 1352 ptos
2052 1282 2699 1353 occidissentmovissime
2719 1284 2881 1340 etiam
2915 1285 3081 1341 lilium
3106 1298 3472 1357 peremerunt.

1905 1373 2046 1443 Quid
2083 1373 2276 1429 deinde
2306 1374 2600 1443 parabola?
2632 1393 2651 1427 ι
2682 1375 2796 1435 Rex
2822 1386 2999 1432 autem
3057 1378 3227 1433 iratus
3265 1388 3367 1447 est,
3422 1387 3477 1434 et

1907 1464 2091 1519 missis
2117 1465 2445 1524 exercitibus
2476 1467 2591 1523 suis
2615 1469 2846 1536 perdidit
2880 1470 3181 1526 homicidas
3225 1472 3367 1538 illos,
3421 1482 3475 1526 et

1903 1555 2182 1610 civitatem
2215 1555 2428 1611 illorum
2460 1560 2737 1625 succendit
2769 1560 2835 1615 ".
2869 1580 2887 1613 ι
2911 1560 3140 1617 Perinde
3162 1563 3324 1634 igitur
3348 1566 3472 1630 erit.

1905 1648 2099 1718 inquit,
2124 1658 2185 1702 ut
2218 1662 2340 1702 cum
2368 1649 2421 1703 in
2444 1650 2531 1704 die
2555 1651 2834 1707 conﬂictus
2883 1667 3141 1723 generose
3182 1654 3238 1710 in
3293 1655 3475 1713 hostes

1905 1754 2075 1810 usque
2111 1741 2177 1794 ad
2210 1740 2634 1796 internecionem
2660 1741 2974 1812 insurgitur.
2990 1742 3118 1809 Quae
3149 1746 3477 1802 demonstra-

220 1834 589 1903 παρατάξεως
616 1836 1095 1910 ἀντανισταμένοις
1119 1841 1384 1910 γεννικῶς
1430 1844 1525 1896 καὶ
1552 1843 1799 1898 δαπανῶ-

1905 1832 1979 1889 tio
2011 1842 2095 1888 est
2125 1834 2219 1888 irae
2246 1843 2523 1897 extremae,
2549 1843 2604 1888 et
2634 1834 2876 1891 victoriae
2906 1835 3165 1902 caelestis,
3226 1846 3280 1893 et
3322 1838 3388 1893 iis
3443 1855 3473 1892 a

221 1940 316 1976 σιν
347 1925 577 1996 ἐχθροῖς.
597 1928 894 1993 Ἀπόδειξις
920 1931 979 1984 δὲ
1006 1931 1167 1987 τοῦτο
1195 1932 1297 2003 τῆς
1319 1935 1397 1997 είς
1424 1934 1575 2006 λῆξιν
1605 1936 1797 2006 ὀργῆς,

219 2015 324 2067 καὶ
348 2018 662 2088 νικημάτων
690 2021 801 2075 τῶν
828 2023 1113 2090 ἀνωτάτω,
1146 2026 1238 2080 καὶ
1265 2026 1495 2097 ίσοπαλῆ
1521 2026 1621 2098 τὴν
1642 2028 1798 2099 νίκην

218 2101 523 2172 ἐπάγοντος
541 2109 649 2172 τοῖς
667 2108 746 2173 εἰς
768 2111 928 2165 αὐτὸν
947 2118 1421 2188 πεπαρῳνηκόσιν.
1441 2118 1798 2174 Ἀπεκτόνασι

216 2193 358 2265 γὰρ,
388 2196 462 2261 ὡς
489 2197 642 2270 ἔφην,
669 2201 758 2255 τὸν
788 2204 1028 2275 ἀρχηγὸν
1054 2208 1152 2278 τῆς
1184 2210 1352 2280 ζωῆς.
1391 2212 1610 2283 Ἐπειδὴ
1640 2214 1696 2267 δὲ
1726 2211 1796 2267 τὰ

214 2285 375 2356 πέρα
435 2288 615 2357 λόγου,
663 2294 757 2348 καὶ
806 2295 1080 2367 θαύματος
1128 2300 1328 2369 πρέποι
1380 2302 1445 2356 ἂν
1492 2304 1654 2374 αὐτῇ,
1706 2305 1799 2359 καὶ

218 2375 370 2450 μόνῃ
397 2376 657 2445 δύνασθαι
688 2385 986 2456 κατορθοῦν
1014 2392 1080 2461 τῇ
1116 2390 1230 2445 τῶν.
1253 2392 1389 2447 ὅλων
1421 2392 1652 2464 βασιλίδι
1697 2395 1799 2465 φύ-

215 2482 329 2555 σῆνο
366 2468 546 2555 ταύτῃ
580 2488 663 2528 τοι
701 2476 865 2546 φησὶν
906 2479 983 2544 ὠς
1010 2498 1029 2532 ι
1066 2482 1360 2553 Στήσονται
1400 2484 1501 2555 μὲν
1544 2470 1607 2538 oi
1640 2486 1799 2550 πόδες

216 2553 412 2650 αὑτοῦ,
461 2556 622 2650 δῆλον
655 2561 711 2616 δὲ
758 2564 840 2618 ὃτι
882 2568 1141 2639 Χριστοῦ,
1186 2572 1245 2624 ὲν
1278 2575 1343 2644 τῇ
1385 2553 1567 2645 ήμέρᾳ
1614 2576 1797 2650 ἐκείνῃ

216 2644 316 2738 ἐπὶ
355 2644 415 2698 τὸ
457 2646 581 2718 δρος
614 2652 720 2704 τῶν
760 2655 1001 2712 Ἐλαιῶν.
1044 2679 1062 2710 ι
1112 2662 1184 2714 Τὸ
1210 2662 1266 2716 δὲ
1308 2664 1489 2734 ῥήξεις
1537 2644 1799 2738 ύπομενεέ

214 2736 511 2810 τέσσαρας,
540 2741 632 2796 δύο
670 2745 787 2815 μὲν,
813 2748 894 2812 είς
920 2748 1001 2818 ὴώ
1028 2768 1085 2804 τε
1112 2754 1205 2806 καὶ
1238 2756 1315 2819 είς
1338 2757 1598 2829 ἑσπέραν,
1629 2736 1797 2831 ήγουν

217 2831 304 2895 είς
352 2831 624 2888 θάλασσαν
670 2836 854 2905 (οὕτω
898 2841 1008 2911 γὰρ
1056 2843 1148 2896 τὸν
1210 2845 1310 2915 τῆς
1357 2848 1595 2919 ἑσπέρας
1633 2851 1795 2907 τόπον

217 2923 515 3013 ἀποκαλεῖν
556 2926 672 2991 ἔθος
704 2932 768 3000 τῇ
814 2930 1154 3006 θεοπνεύστῳ
1200 2937 1390 3010 Γραφῇ
1415 2938 1433 3008 )
1454 2955 1468 2970 ·
1496 2940 1565 2993 τά
1592 2957 1655 3010 γε
1688 2944 1794 3013 μὴν

1903 1924 2097 1993 quibus
2124 1925 2385 1992 probrose
2407 1934 2490 1978 est
2543 1924 2784 1993 habitus,
2828 1925 2977 1995 paria
3020 1941 3141 1981 cum
3205 1927 3474 1998 triumpho

1908 2019 2277 2075 remetientis.
2308 2017 2716 2074 interfecerunt
2746 2017 2909 2084 enim,
2949 2028 3009 2073 ut
3037 2017 3171 2083 dixi,
3199 2028 3471 2075 auctorem

1901 2114 2027 2168 vitm
2050 2112 2114 2165 “.
2145 2112 2409 2179 Quoniam
2492 2125 2621 2166 vero
2674 2110 2845 2179 ipsam
2904 2119 2958 2165 et
3009 2110 3176 2166 solam
3236 2110 3472 2165 omnium

1900 2206 2140 2275 reginam
2166 2213 2409 2256 naturam
2435 2202 2587 2257 decet
2624 2216 2839 2256 omnem
2864 2201 3122 2257 orationis
3163 2201 3472 2258 facultatem

1901 2306 1956 2351 et
2027 2293 2434 2349 admirationem
2523 2292 2832 2362 superantia
2926 2290 3181 2362 praeclare
3261 2291 3475 2348 ellicere

1902 2399 2080 2456 posse,
2124 2384 2242 2439 ideo
2271 2382 2449 2439 dicit:
2492 2382 2770 2439 «Stabunt
2820 2382 2983 2450 pedes
3031 2382 3169 2453 ejus,
3216 2400 3235 2436 ι
3271 2381 3471 2439 Christi

1900 2478 2109 2547 utique,
2138 2495 2156 2528 ι
2186 2479 2238 2533 in
2279 2478 2368 2533 die
2394 2477 2481 2532 illa
2512 2490 2674 2546 super
2696 2482 2928 2533 montem
2982 2474 3267 2530 olivarum.
3300 2494 3319 2528 ι
3373 2473 3473 2541 Qui

1900 2576 2133 2638 quatuor
2201 2576 2452 2636 rupturas
2524 2569 2781 2638 patietur,
2832 2570 2965 2623 duas
3015 2566 3232 2639 quidem
3291 2575 3472 2636 partes

1896 2658 2161 2713 orientem
2208 2668 2259 2713 et
2286 2672 2536 2714 occasum
2560 2674 2766 2726 versus,
2796 2659 2908 2714 sive
2933 2658 3002 2712 ad
3043 2673 3190 2713 mare
3214 2658 3312 2727 (sic
3329 2659 3471 2713 enim

1898 2750 2154 2806 divinitus
2183 2749 2445 2818 inspirata
2473 2750 2752 2819 Scriptura
2825 2759 3033 2821 partem
3084 2748 3470 2805 occidentalem

1898 2841 2171 2910 appellare
2200 2841 2679 2910 consuevit),alias
2710 2840 2844 2895 duas
2870 2841 3171 2905 tendentes,
3209 2854 3370 2895 unam
3403 2842 3469 2895 ad

1896 2942 2106 2990 arcium
2136 2942 2190 2987 et
2212 2933 2538 3003 aquilonem,
2573 2933 2797 2988 alteram
2813 2934 2879 2989 ad
2907 2932 3304 3004 austrum.lpsa
3334 2946 3471 2999 quo-

217 3012 383 3083 ἕτερα
412 3013 505 3075 δύο
544 3019 911 3075 κατανεύοντά
941 3040 1087 3089 πως,
1134 3026 1196 3078 τὺ
1228 3027 1327 3095 μὲν
1358 3030 1437 3092 είς
1464 3029 1664 3101 ἄρκτον
1694 3012 1793 3086 καὶ

1902 3037 1999 3094 que
2026 3023 2308 3079 cacumina
2342 3024 2616 3093 diruptum
2644 3024 2710 3079 iri
2740 3025 2835 3091 ait,
2861 3032 2920 3079 ut
2944 3023 3148 3079 medias
3178 3022 3344 3079 valles
3363 3024 3469 3080 im-

219 3103 445 3197 βορῤᾶν,
472 3109 531 3163 τὸ
558 3110 615 3164 δὲ
646 3112 727 3175 είς
754 3113 923 3186 κλίμα
951 3116 1013 3169 τὸ
1040 3118 1232 3174 νότιον.
1261 3123 1791 3197 Καταῤῥαγήσεσθαι

1902 3116 2093 3186 pleant,
2122 3115 2417 3186 improviso
2442 3129 2708 3172 concussa
2739 3131 2907 3184 usque
2949 3116 3015 3171 ad
3054 3114 3236 3181 Asael,
3266 3115 3380 3187 qui,
3412 3127 3470 3170 ut

216 3192 280 3255 δὲ
323 3196 414 3249 καὶ
469 3198 639 3266 αὐτὰς
683 3200 787 3273 ἔφη
832 3205 931 3268 τὰς
981 3208 1265 3277 κορυφὰς,
1317 3210 1393 3274 ὡς
1422 3192 1549 3276 ’τὰς
1586 3192 1791 3283 μεταξὺ

1902 3206 2091 3272 l‘ertur,
2120 3207 2271 3261 vicus
2304 3215 2388 3261 cst
2417 3206 2470 3260 iu
2502 3213 2745 3267 extremo
2792 3221 3010 3261 recessu
3052 3207 3248 3261 montis
3310 3207 3463 3262 situs.

219 3283 505 3375 πληρῶσαι
544 3290 867 3362 φάραγγας,
900 3295 1179 3368 ἀδοκήτως
1208 3304 1708 3375 κατασεσεισμένας
1735 3308 1794 3371 ἐς

1902 3296 2186 3367 Comparat
2218 3304 2397 3350 autem
2420 3295 2563 3350 hunc
2592 3311 2810 3364 gravem
2847 3304 3210 3350 terraamotum
3251 3293 3351 3361 illi,
3375 3296 3467 3365 qui

234 3372 463 3447 Ἀσαήλ’
501 3377 665 3450 κώμη
710 3380 939 3453 δὴαῦτη
973 3384 1110 3457 πρὸς
1153 3387 1455 3459 ἐσχατιαῖς,
1495 3372 1583 3455 ὡς
1616 3392 1792 3463 λόγος,

1902 3386 2228 3457 temporibus
2267 3385 2413 3443 Ozias
2450 3385 2566 3440 sive
2624 3385 2835 3441 Azariae
2879 3385 3122 3455 contigit.
3172 3383 3463 3454 Postquam

215 3463 316 3519 τοῦ
352 3466 510 3540 ὅρους
545 3472 794 3543 κειμένη.
827 3474 1158 3547 Παρεικάζει
1201 3496 1264 3550 γε
1294 3481 1401 3551 μὴν
1424 3481 1516 3536 τὸν
1540 3476 1641 3538 ὦδε
1673 3483 1792 3537 δια-

1902 3478 2037 3533 enim
2076 3476 2464 3549 Hierosolymis
2489 3476 2539 3530 in
2590 3476 2783 3531 throno
2808 3476 2955 3543 regni
2985 3474 3298 3543 collocatus,
3337 3483 3396 3529 ut
3434 3491 3468 3531 ο

218 3556 382 3630 ϐριθῆ
431 3563 654 3633 σεισμὸν
708 3566 784 3637 τῷ
830 3570 1184 3642 γεγενημένῳ
1231 3573 1375 3627 κατά
1422 3576 1649 3647 καιροὺς
1695 3576 1793 3632 ἐπὶ

1902 3567 2034 3623 tribu
2088 3566 2222 3623 Juda
2270 3568 2603 3638 progenitus,
2681 3566 3038 3623 ministerium
3118 3565 3459 3622 sacerdotale

231 3647 428 3717 Ὀζίου,
476 3652 570 3707 τοῦ
618 3655 712 3710 καὶ
769 3652 1041 3727 Ἀζαρίου.
1093 3662 1313 3736 Ἐπειδὴ
1360 3664 1470 3735 γὰρ
1514 3667 1643 3727 τοὺς
1693 3668 1792 3739 τῆς

1902 3658 2138 3730 improbe
2164 3675 2323 3714 ausus
2345 3660 2802 3730 capessere,lepra
2829 3657 3059 3714 fmdatus
3084 3658 3303 3726 est,Deo
3325 3657 3467 3714 hanc

220 3738 494 3811 βασιλείας
526 3745 726 3801 διέπων
757 3747 966 3813 θώκους
1015 3754 1072 3805 ὲν
1103 3755 1216 3817 τοῖς
1252 3753 1662 3828 Ἰεροσολύμοις,
1694 3738 1789 3814 ἅτε

1902 3753 1960 3807 ob
1995 3766 2215 3806 causam
2240 3766 2299 3807 se
2336 3751 2530 3806 iratum
2568 3752 2852 3822 prodente,
2896 3750 3230 3806 horribiliter
3256 3748 3465 3804 «1υάωο-

213 3830 286 3902 δὴ
308 3835 418 3901 ,καὶ
473 3834 736 3907 ὑπάρχων
784 3842 848 3894 ὲκ
884 3841 985 3912 τῆς
1035 3842 1204 3898 Ἰώδα
1250 3844 1443 3917 φυλῆς,
1489 3849 1789 3920 τετόλμηκε

1902 3860 2009 3900 rum
2039 3845 2205 3914 regio,
2226 3854 2387 3915 atque
2416 3845 2579 3900 etiam
2630 3846 2757 3921 ipsa
2820 3842 3188 3915 Hierosolyma
3244 3851 3466 3899 contre-

215 3922 547 4011 παρανόμως
595 3925 701 3979 τῶν
756 3927 855 3997 τῆς
905 3929 1201 4002 ἱερωσύνης
1257 3932 1497 4003 ἅψασθαι
1542 3937 1789 4011 λειτουρ-

1902 3933 2104 3989 muit".
2145 3934 2312 3988 Aiunt
2344 3934 2469 3989 item
2507 3935 2677 4004 ipsam
2707 3947 2922 4003 quoque
2961 3932 3089 3988 Sion
3119 3932 3191 3986 ita
3238 3944 3465 4000 quassa-

214 4009 370 4079 γιῶν,
405 4011 735 4086 λελέπρωται
770 4019 869 4090 μὲν
910 4020 1095 4086 εὐθὺς,
1139 4023 1273 4078 Θεοῦ
1311 4025 1368 4078 δὲ
1423 4026 1485 4098 δὴ
1528 4029 1647 4083 τότε
1688 4009 1787 4101 τὴν

1902 4032 2022 4090 tam,
2051 4036 2109 4081 ut
2132 4026 2183 4081 iu
2225 4027 2360 4081 duas
2393 4034 2575 4096 partes
2623 4025 3043 4094 dirumperetur,
3094 4033 3147 4079 et
3181 4022 3346 4076 valles
3372 4022 3460 4076 ad-

215 4101 311 4154 ὲπὶ
358 4103 567 4168 τούτοις
608 4105 777 4179 ὀργὴν
818 4110 1191 4181 ἐμφαίνοντος.
1237 4115 1563 4189 κατεδονήθη
1598 4119 1786 4186 δεινῶς

1902 4127 2127 4179 iacentes
2155 4117 2297 4188 jugis
2340 4118 2456 4188 ejus
2502 4116 2872 4190 opplerentur.
2932 4114 3036 4171 Per
3079 4113 3452 4184 hujuscemodi

358 4193 621 4250 Ἰουδαίων
656 4200 689 4270 ή
723 4202 899 4271 χώρα,
930 4204 1023 4257 καὶ
1055 4205 1191 4259 αὑτά
1225 4205 1282 4260 δὲ
1303 4206 1372 4262 τὰ
1411 4209 1779 4282 Ἱεροσόλυμα.

1902 4220 2230 4268 terrazmotus
2264 4212 2522 4281 propheta
2552 4210 2706 4266 nobis
2739 4209 2951 4263 videtur
2985 4207 3130 4263 illum
3160 4207 3455 4269 insinuare.

212 4280 325 4335 Καὶ
362 4282 425 4355 δὴ
471 4286 563 4339 καί
612 4304 745 4357 φασι
798 4291 859 4345 τὸ
906 4292 1033 4364 δρος
1070 4296 1131 4349 τὸ
1178 4296 1314 4351 Σιὼν
1362 4301 1613 4356 τοσοῦτον
1649 4280 1783 4357 ὐπο-

1902 4317 2044 4373 ιυειη
2079 4304 2131 4357 in
2155 4280 2452 4357 veneranda
2470 4301 2825 4357 erucilixioue
2866 4299 3061 4354 factum
3120 4295 3455 4368 evangelica-

213 4373 395 4464 μεῖναι
427 4375 633 4442 κλόνον,
667 4379 742 4444 ὡς
790 4383 1022 4452 ῥαγῆναι
1073 4385 1173 4454 μὲν
1226 4389 1306 4452 είς
1350 4388 1442 4443 δύο
1493 4394 1781 4464 τμήματα,

1902 4409 2004 4448 ὐιτι
2039 4393 2477 4463 ριεεάἰεοιὶοηιιιη
2540 4392 2677 4449 sacri
2721 4391 2951 4446 ministri
2998 4396 3450 4443 commemorant.

209 4463 556 4536 ἐμφραγῆναι
618 4468 676 4523 δὲ
715 4474 836 4536 ταῖς
882 4478 1316 4548 παρακειμέναις
1363 4481 1632 4552 φάραγξι,
1681 4485 1781 4550 τὰς

1902 4486 1938 4538 η
1968 4486 2053 4539 his
2079 4485 2241 4552 igitur
2276 4499 2395 4538 eum
2433 4499 2619 4539 casum
2667 4482 2835 4536 fusius
2870 4482 3108 4552 exponit.
3170 4479 3454 4535 Mattha-us

209 4555 473 4649 κορυφάς.
508 4559 691 4614 ’Ἐοικε
721 4562 776 4616 δὲ
806 4563 893 4618 διὰ
920 4565 1121 4622 τούτων
1160 4570 1291 4641 ήμϊν
1321 4572 1350 4625 ὁ
1375 4576 1660 4646 προφήτης
1687 4577 1777 4631 τὸν

1902 4576 2319 4645 sapientissimus
2349 4573 2675 4630 breviterita
2729 4583 2948 4628 narrat:
2987 4590 3006 4625 ι
3045 4572 3205 4628 Jesus
3268 4580 3451 4625 autem

211 4647 431 4742 σεισμὸν
460 4650 781 4723 ὑποδηλοῦν,
809 4656 953 4711 ὂν“ὲν
976 4658 1055 4731 τῷ
1088 4661 1255 4734 τιμίῳ
1291 4665 1511 4736 σταυρῷ
1545 4672 1779 4742 γεγενῆ-

1908 4677 2079 4722 terum
2100 4666 2342 4733 clams
2380 4679 2505 4721 voce
2560 4681 2773 4735 magna,
2834 4664 3017 4719 emisit
3053 4663 3328 4733 spiritum.
3374 4661 3441 4715 Et

209 4736 333 4844 σθαι
363 4757 525 4844 φασιν
548 4744 598 4797 οί
635 4746 743 4799 τῶν
768 4748 1138 4818 εὐαγγελικῶν
1165 4756 1536 4826 κηρυγμάτων
1563 4736 1775 4829 ἱερουρο

1902 4757 2056 4811 ιειιιιη
2080 4757 2260 4826 templi
2296 4758 2523 4811 scissum
2557 4766 2639 4810 est
2683 4771 2712 4809 a
2737 4769 2948 4808 summo
2977 4768 3148 4844 usque
3172 4756 3448 4816 deorsum,

205 4828 314 4923 γοί.
363 4832 706 4908 Πλατύτερον
761 4840 861 4909 μὲν
916 4838 1008 4896 οὖν
1057 4846 1116 4898 ὲν
1161 4846 1370 4912 τούτοις
1415 4851 1444 4901 ό
1488 4828 1775 4923 προφήτης

1902 4850 2046 4921 798
2074 4858 2129 4905 et
2159 4859 2301 4903 terra
2328 4859 2469 4903 mota
2500 4858 2603 4913 est,
2632 4855 2685 4901 et
2731 4854 2900 4915 petrae
2966 4828 3149 4899 scissae
3183 4851 3329 4908 sunt,
3392 4851 3448 4897 et

203 4922 565 4994 διαμέμνηται
587 4929 681 4983 τοῦ
712 4932 1136 5004 συμϐεϐηκότος.
1187 4938 1246 4991 Ὀ
1276 4938 1334 4992 δέ
1362 4956 1425 5007 γε
1457 4939 1771 5011 σοφώτατος

1902 4951 2222 4997 nonumenta
2247 4950 2433 5011 aperta
2457 4950 2603 5006 sunt,
2629 4948 2682 4994 et
2712 4937 2878 4991 multa
2895 4950 3120 5003 corpora
3136 4942 3445 4988 sanctorqu

204 5012 336 5101 ἡμῖν
382 5015 656 5081 Ματθαίος
700 5019 1123 5093 ὲπιτεμνόμενος
1158 5027 1256 5096 τὴν
1305 5028 1581 5100 ἀφήγησιν
1625 5030 1767 5085 οὕτω

1902 5032 1969 5101 ιιιί
1997 5033 2325 5088 dormierant
2372 5038 2731 5085 surrexerunt
2757 5028 2823 5081 ⁸⁸.
2893 5046 2911 5079 ι
2944 5024 3011 5080 Ει
3072 5024 3328 5094 quoniam
3359 5023 3443 5078 his

205 5098 384 5193 φησίνο
425 5122 444 5155 ι
468 5104 525 5158 '0
556 5106 613 5160 δὲ
658 5108 863 5179 Ἰησοῦς
911 5112 1071 5167 πάλιν
1102 5115 1308 5185 κράξας
1338 5098 1487 5189 φώνῇ
1517 5121 1727 5193 μεγάλῃ
1749 5165 1764 5187 .

1902 5098 1995 5193 inae
2018 5123 2358 5191 contigerunt
2380 5120 2709 5192 probabilem
2745 5122 3012 5177 rationem
3052 5127 3241 5186 aptare
3278 5129 3442 5183 opor-

201 5191 376 5284 ἀφῆκε
418 5196 478 5249 τὸ
530 5197 764 5270 πνεῦμα.
811 5202 921 5255 Καὶ
964 5203 1073 5258 ίδοὺ
1118 5206 1181 5260 τὸ
1231 5211 1627 5282 καταπέτασμα
1669 5191 1762 5267 τοῦ

1902 5191 1972 5280 et,
1998 5224 2176 5282 petras
2194 5191 2437 5284 diruptas
2459 5222 2511 5267 et
2545 5212 2711 5266 valles
2727 5211 3009 5271 obturatas
3060 5224 3179 5264 esse
3229 5208 3439 5262 videtur

201 5283 329 5377 ναοῦ
361 5285 582 5377 ἐσχίσθη
629 5291 710 5355 είς
752 5291 862 5358 δύο,
894 5287 1235 5351 ἀπδᾶνωθεν
1263 5300 1366 5365 ἕως
1400 5301 1570 5367 κάτω,
1604 5306 1697 5357 καὶ
1731 5308 1765 5377 ή

1909 5306 2263 5361 uodamiuodo
2292 5283 2596 5375 signiﬁcare
2660 5303 2965 5363 Judaorutn
3008 5297 3426 5355 ohcmcationem

199 5376 272 5444 γῆ
315 5376 548 5447 ἐσείσθη,
579 5382 672 5435 καὶ
702 5384 757 5437 αί
789 5383 984 5457 πέτραι
1024 5388 1370 5461 ἐσχίσθησαν,
1398 5394 1491 5445 καὶ
1527 5395 1594 5447 τὰ
1626 5411 1765 5466 μνη-

1902 5407 1920 5453 t
1945 5398 2352 5455 idololatrarum
2382 5398 2446 5451 ad
2479 5397 2735 5456 salutaria
2760 5393 3178 5450 festinationem.
3208 5388 3435 5445 Hienim

204 5468 328 5561 μεῖα
358 5468 727 5561 ἀνεῴχθησαν,
766 5477 858 5530 καὶ
902 5477 1073 5531 πολλὰ
1102 5479 1331 5551 σώματα
1355 5482 1463 5537 τῶν
1502 5501 1764 5556 κεκοιμη-

1902 5505 1986 5545 um
2019 5501 2284 5551 creatura:
2342 5491 2519 5561 potius
2569 5490 2833 5545 servirent
2884 5503 3045 5557 quam
3093 5484 3339 5541 Creatori
3362 5482 3432 5549 “,

210 5556 381 5629 μένων
410 5558 580 5629 ἁγίων
609 5564 836 5638 ήγέοθη,
875 5586 893 5622 ι
916 5569 1130 5643 Ἐπειδὴ
1160 5572 1215 5625 δὲ
1245 5573 1349 5643 χρὴ
1379 5577 1493 5640 τοῖς
1515 5577 1763 5647 γεγονόσι

1902 5580 2013 5635 elut
2052 5581 2321 5651 lapideum
2342 5556 2440 5638 cor
2462 5583 2761 5651 durumque
2786 5588 2841 5636 et
2900 5556 3213 5643 inﬂexibile,
3270 5584 3327 5632 et
3379 5574 3432 5631 in

192 5738 195 5743 ’
282 5738 314 5770 ⁸⁵
344 5739 528 5798 Matth.
560 5757 694 5812 χιιι,
726 5743 760 5798 2
787 5760 936 5817 seqq.
1018 5750 1059 5782 ⁴⁴⁸
1083 5750 1198 5812 Act.
1230 5769 1285 5810 ιιι
1343 5757 1424 5812 15.
1503 5760 1544 5791 ⁸⁷
1568 5759 1799 5828 ΙινΡιιιιιῐ.

1902 5778 1992 5831 ινι,
2032 5762 2213 5831 1681.
2296 5762 2339 5795 ⁸³
2370 5762 2556 5819 Matth.
2590 5777 2758 5831 xxvu,
2795 5760 2985 5819 50-52.
3029 5758 3244 5829 "Rom.
3280 5775 3315 5827 i,
3342 5757 3433 5831 25.
