4070 6514
594 349 696 406 si?
1585 347 1650 401 s.
1684 345 1969 402 CYitlLLI-
2000 315 2473 404 ΑιΕχΑΝόιιιίνι
2510 341 2828 400 Αιιοιιιειι.
3738 339 3860 397 ets

591 477 798 516 morem
831 471 1104 530 petrarum
1139 460 1314 517 nullos
1365 461 1574 516 fructus
1607 458 1950 516 atierentium
1984 461 2156 516 habe-

2267 457 2484 511 τιιθανὸν
2549 456 2863 527 ἐφαρμόσαι
2929 454 3124 522 λόγον,
3186 453 3364 508 ἔοικεν
3428 451 3736 523 ύποδηλοῦν
3787 451 3886 506 τδ-

590 553 740 608 baut.
774 549 880 609 Sed
908 551 1052 606 enim
1078 551 1205 623 quid
1231 553 1298 608 de
1318 553 1450 623 ipsis
1489 552 1630 608 Deus
1667 567 1765 623 per
1809 550 2154 608 Ezechielem

2267 547 2745 620 καταρρήγνυσθαι
2796 545 2897 616 μὲν
2927 541 3025 609 τὰς
3055 545 3283 616 πέτρας,
3333 541 3754 615 ἐμφράττεσθαι
3796 542 3860 596 δὲ

593 643 710 698 ait?
751 660 770 696 ι
806 641 873 697 Ει
898 642 1141 698 auferam
1164 659 1258 699 cor
1289 643 1555 716 lapideum
1583 645 1832 698 decarne
1862 655 2082 706 eorum,
2105 651 2160 697 et

2267 642 2358 707 τὰς
2404 641 2698 714 φάραγγας
2742 642 2844 712 τήν
2886 657 2953 694 τε
2979 639 3096 694 τῶν
3136 638 3409 692 Ἰουδαίων
3450 636 3713 708 πώρωσιν
3755 635 3861 687 καὶ

592 732 736 788 dabo
768 732 899 802 ipsis
950 747 1046 788 cor
1083 747 1358 800 carneuin,
1416 742 1475 787 ut
1527 739 1863 803 cognoscant
1910 745 1997 785 me
2024 731 2094 784 ’°.
2133 750 2153 782 ι

2267 734 2356 806 τὴν
2383 733 2493 788 τῶν
2525 735 2640 798 τοῖς
2667 732 2916 796 εἰδώλοις
2949 729 3390 804 λελατρευκότων
3427 729 3508 793 εἰς
3536 727 3599 782 τὸ
3624 727 3862 798 ἄμεινον

591 823 775 880 Scissa
797 833 922 878 sunt
949 823 1111 894 igitur
1134 823 1295 880 corda
1317 826 1648 890 errantium,
1665 823 1772 878 Deo
1797 821 2158 892 expauden-te,

2267 825 2629 896 ιιεταδρομήν.
2678 825 2742 878 Οί
2801 824 2900 894 μὲν
2947 822 3056 893 γὰρ
3089 823 3155 894 τῇ
3187 821 3362 876 κτίσει
3397 819 3551 892 παρὰ
3592 819 3686 872 τδν
3735 816 3864 871 κτί-

590 924 652 969 ut
672 913 967 970 salutiferae
998 915 1404 986 praedicationis
1458 928 1765 970 sermonem
1820 911 2157 982 exciperent.

2267 932 2429 970 σαντα
2455 915 2952 986 προσκυνήσαντες,
2976 912 3185 984 λιθίνην
3213 912 3404 984 ὥσπερ
3443 912 3722 982 ἐσχήκασι
3751 909 3862 979 τὴν

595 1003 785 1060 Simile
821 1005 1076 1074 quiddam
1107 1004 1414 1061 subindicat
1449 1020 1546 1076 per
1573 1001 1863 1059 Jeremiam
1895 1019 1910 1056 :
1944 1020 1964 1054 ι
2011 1000 2159 1056 Non-

2267 1005 2507 1077 καρδίαν,
2558 1005 2800 1077 σκληρὰν
2829 1022 2888 1059 τε
2937 1006 3031 1058 καὶ
3063 1003 3349 1072 ἄτεγκτον,
3392 1003 3487 1056 καὶ
3519 1003 3756 1073 πέτραις
3797 1001 3872 1053 ἐν

591 1109 664 1152 ne
694 1095 856 1152 verba
879 1111 996 1152 mea
1023 1097 1164 1151 sicut
1212 1095 1350 1166 ignis
1398 1097 1748 1161 comburens,
1777 1092 1910 1148 dicit
1971 1090 2161 1148 Domi-

593 1200 720 1253 nus,
758 1195 814 1241 et
842 1187 982 1242 sicut
1003 1187 1211 1242 securis
1241 1185 1486 1241 incidens
1511 1193 1717 1256 petram
1738 1183 1819 1237 5‘?
1841 1201 1966 1235 ι-ι
1993 1181 2162 1237 Vivus

591 1287 678 1334 est
706 1278 850 1334 enim
877 1292 1054 1334 sermo
1083 1277 1207 1344 Dei,
1223 1286 1279 1333 et-
1319 1275 1530 1342 eliicax,
1569 1285 1624 1330 et
1671 1273 1738 1330 ad
1767 1273 2161 1345 penetrandum

591 1370 938 1426 acutissimus
959 1371 1024 1424 ⁸³·.
1061 1388 1086 1422 ι
1105 1369 1371 1436 Quocirca
1409 1368 1666 1424 discissae
1690 1379 1810 1421 esse
1833 1372 2040 1435 petras,
2069 1378 2161 1418 ar-

591 1468 907 1528 gumentum
937 1459 1141 1515 clarum
1163 1457 1529 1514 contentionis
1553 1457 1621 1512 ad
1658 1464 1864 1511 statum.
1922 1455 2163 1511 sanctio-

590 1567 705 1605 rem
733 1565 919 1607 eorum
948 1549 1041 1620 qui
1071 1559 1399 1605 erraverunt
1422 1562 1542 1604 esse
1566 1555 1763 1618 potest,
1795 1553 1854 1601 ut
1887 1544 2023 1604 disi.
2051 1545 2161 1602 0b-

2264 1096 2364 1168 ῑσῳ
2409 1099 2534 1159 ταῖς
2592 1095 2804 1167 καρπὸν
2845 1095 3100 1166 ἐχούσαις
3148 1094 3358 1148 οὐδένα.
3392 1092 3556 1147 Ἀλλὰ
3599 1093 3655 1147 τί
3713 1093 3870 1164 περὶ.

2262 1187 2444 1243 αὐτῶν
2491 1188 2596 1259 εφη
2646 1187 2806 1253 Θεὸς,
2861 1187 2950 1242 διὰ
2989 1187 3174 1257 φωνῆς
3213 1183 3502 1256 Ἰεξεχιήλ;
3549 1203 3573 1235 ι
3600 1184 3714 1239 Καὶ
3760 1184 3864 1235 ἐκ-

2263 1281 2459 1336 στεάσω
2483 1281 2582 1352 τὴν
2609 1279 2836 1351 καρδίαν
2861 1279 3041 1333 αὐτῶν
3060 1277 3162 1349 τὴν
3189 1275 3399 1348 λιθίνην
3421 1276 3487 1329 ἐκ
3513 1275 3612 1347 τῆς
3640 1272 3866 1345 σαρκὸς

2262 1373 2463 1438 αὐτῶν,
2496 1373 2591 1428 καὶ
2615 1371 2773 1426 δώσω
2799 1372 2987 1434 αὐτοῖς
3013 1369 3245 1441 καρδίαν
3276 1367 3545 1440 σαρκίνην
3577 1365 3676 1420 τοῦ
3705 1365 3858 1419 εἰδέ-

2263 1479 2351 1517 ναι
2398 1461 2598 1526 αὐτοὺς
2627 1459 2749 1530 ἐμέ.
2791 1478 2810 1510 ι
2850 1458 3060 1513 Οὐκοῦν
3087 1457 3418 1528 ἐσχίσθησαν
3458 1457 3516 1509 αί
3561 1455 3672 1509 τῶν
3705 1455 3858 1509 πλα-

2263 1551 2520 1622 νωμένων
2553 1551 2774 1621 καρδίαι
2793 1595 2807 1617 ,
2842 1547 2981 1604 Θεοῦ
3009 1548 3453 1612 διαπτύσσοντος,
3495 1536 3585 1601 ἵνα
3615 1547 3712 1600 τὸν
3749 1545 3858 1599 τοῦ

592 1650 798 1696 turatas
822 1649 1000 1695 autem
1018 1654 1138 1696 esse
1172 1639 1356 1706 valles,
1387 1637 1703 1694 Iudaeorum.
1724 1637 2021 1693 caecitatem
2073 1633 2162 1691 iu-

2267 1641 2532 1711 σωτηρίου
2575 1641 2933 1713 κηρύγματος
2983 1640 3374 1712 παραδέξοιντο
3415 1638 3594 1708 λόγον.
3641 1638 3756 1692 Καί
3800 1653 3860 1692 τι

590 1733 796 1798 sinuat,
827 1731 1076 1788 utdocui.
1109 1729 1385 1800 Ejusmodi
1417 1730 1561 1785 enim
1603 1729 1861 1800 quiddam
1894 1727 2164 1804 reperitur

2267 1732 2506 1786 τοιοῦτον
2535 1733 2791 1803 ύποδηλοί
2817 1733 2908 1787 διὰ
2935 1733 3120 1803 φωνῆς
3154 1731 3420 1804 Ἰερεμίου
3444 1731 3620 1800 λέγων
3640 1747 3656 1761 ο
3686 1748 3704 1781 ι
3733 1730 3858 1799 Οὐχ

592 1824 733 1892 apud
753 1823 992 1879 divinum
1021 1824 1222 1887 lsaiam,
1249 1841 1266 1877 ι
1306 1843 1326 1875 ι
1364 1822 1434 1877 Et
1489 1821 1591 1877 erit
1616 1821 1676 1874 in
1695 1821 1782 1876 die
1803 1819 1914 1884 illa,
1943 1817 2162 1884 conclu-

2267 1827 2314 1880 οί
2347 1825 2496 1893 λόγοι
2542 1842 2646 1896 μου
2687 1824 2763 1888 ὡς
2797 1825 2909 1897 πῦρ
2939 1824 3159 1895 φλέγον,
3189 1824 3339 1894 λέγει
3365 1823 3572 1896 Κύριος
3591 1863 3606 1886 ,
3633 1823 3732 1877 καὶ
3773 1822 3865 1885 ὡς

593 1915 684 1968 det
726 1913 1036 1970 Dominusa
1071 1913 1218 1970 fossa
1256 1913 1494 1969 ﬂuminis
1547 1927 1716 1982 usque
1771 1912 1839 1966 ad
1888 1910 2160 1966 Rhinoce-

2267 1912 2466 1978 πέλυξ,
2500 1914 2720 1968 κόπτων
2749 1912 2956 1985 πέτραν
2977 1929 2992 1979 ;
3015 1932 3034 1966 ι
3066 1943 3139 1952 —
3169 1930 3189 1965 ι
3225 1912 3342 1967 Ζῶν
3371 1911 3480 1982 γὰρ
3504 1912 3532 1963 δ
3553 1911 3712 1978 λόγος
3751 1907 3857 1963 τοῦ

592 2022 654 2059 ra
678 2005 760 2057 ⁵³ι
792 2024 823 2056 ι-
846 2005 900 2060 id
935 2014 1037 2072 est,
1087 2004 1430 2061 obturabitur
1484 2004 1726 2060 omnium
1798 2015 1894 2070 per
1924 1998 2162 2056 Iudaeam

2267 2003 2434 2072 Θεοῦ,
2477 2006 2574 2059 καὶ
2620 2006 2871 2076 ἐνεργὴς,
2924 2005 3019 2059 καὶ
3051 2005 3388 2075 τομώτατος.
3424 2021 3444 2054 ι
3479 2002 3726 2068 Οὐκοῦν,
3773 2002 3858 2065 ὡς

594 2113 768 2163 mens,
804 2117 822 2149 ι
861 2097 931 2153 Ut
954 2097 1195 2152 videntes
1216 2111 1323 2152 non
1350 2097 1587 2162 videant,
1614 2105 1669 2150 et
1702 2094 1983 2150 audientes
2051 2107 2159 2148 non

2267 2095 2420 2167 ἔφην,
2449 2096 2548 2166 τῆς
2582 2097 2662 2160 εἰς
2699 2097 2763 2150 τὸ
2794 2096 3019 2167 ἄμεινον
3054 2094 3399 2167 καταδρομῆς
3424 2093 3532 2148 τῶν
3561 2093 3856 2162 πεπλανη-

594 2189 837 2260 audiant,
880 2204 1052 2258 neque
1083 2187 1468 2258 intelligant“.
1503 2205 1522 2240 ι
1561 2217 1632 2228 -
1663 2205 1682 2239 ι
1721 2185 1981 2243 Velamen
2016 2185 2162 2240 enim

2268 2189 2446 2259 μένων
2488 2191 2714 2260 σημεῖον
2743 2188 2809 2242 ἂν
2837 2187 3071 2259 γένοιτο,
3099 2187 3196 2242 καὶ
3225 2187 3371 2259 μάλα
3398 2185 3590 2257 σαφὲς,
3617 2184 3682 2238 τὸ
3703 2184 3859 2256 διερθ

593 2294 758 2349 super
795 2293 890 2333 cor
915 2293 1101 2334 eorum
1128 2280 1362 2350 positum
1396 2287 1499 2344 est,
1537 2297 1564 2330 »ν
1591 2279 1736 2333 sicut
1757 2278 2024 2348 scriptum
2054 2287 2161 2343 est,

592 2372 648 2426 in
672 2370 904 2426 lectione
943 2367 1155 2426 Veteris
1195 2369 1532 2426 Testamenti
1552 2370 1619 2425 ⁸⁸.
1645 2368 1958 2425 Tremuisse
1983 2379 2163 2424 autem

594 2473 902 2528 terram,“
924 2462 1030 2517 alia
1055 2477 1112 2517 re
1146 2462 1200 2517 in
1248 2463 1408 2517 aliam
1475 2461 1878 2528 transitionem,
1911 2470 1972 2516 ut
2013 2469 2163 2531 puto,

590 2553 998 2622 signiﬁcaverit.
1024 2553 1160 2609 llinc
1185 2553 1397 2609 divinus
1422 2552 1587 2608 David
1605 2552 1926 2608 exclamavit
1957 2569 1972 2607 :
2003 2571 2022 2604 ι
2063 2550 2166 2619 Qui

593 2646 752 2701 sedes
775 2659 937 2716 super
963 2644 1277 2712 Cherubim,
1313 2653 1595 2701 moveatur
1620 2650 1767 2700 terra
1779 2643 1848 2697 ".
1883 2662 1902 2696 ι
1935 2641 2048 2699 Nec
2071 2657 2165 2698 vo-

593 2736 774 2792 lumus
809 2752 932 2792 eum
983 2747 1248 2793 terrarum
1275 2737 1460 2793 orbem
1493 2753 1590 2793 sua
1620 2737 1758 2793 mole
1801 2749 2081 2806 corporea,
2112 2745 2169 2792 et

593 2835 656 2881 ut
685 2828 953 2884 sentiatur
1015 2830 1215 2885 moveri
1271 2838 1328 2885 et
1379 2829 1593 2885 concuti
1627 2828 1853 2900 jubere:
1887 2839 1972 2885 est
2002 2828 2168 2899 siqui-

593 2920 719 2975 dem
743 2935 832 2976 res
855 2919 1077 2987 usitata,
1102 2934 1204 2976 nec
1221 2920 1376 2977 nobis
1395 2921 1689 2991 quidquam
1713 2920 1962 2977 utilitatis
1983 2920 2162 2987 all‘ert,

591 3013 690 3066 sed
710 3010 842 3066 illud
862 3011 1042 3081 potius
1067 3011 1371 3081 postulasse
1392 3026 1506 3080 eos,
1572 3022 1631 3066 ut
1681 3011 1875 3084 spiritu
1912 3013 2164 3082 repletos,

598 3101 754 3170 quasi
775 3100 1064 3158 transferri
1086 3111 1286 3158 terram
1317 3119 1384 3159 ex
1403 3103 1548 3158 cultu
1574 3102 1835 3160 idolorum
1861 3103 1930 3159 ad
1969 3117 2166 3174 cogno-

2268 3105 2412 3161 καθὰ
2456 3106 2802 3178 γέγραπται,
2846 3107 2938 3161 ἐπὶ
2983 3109 3055 3178 τῇ
3100 3105 3404 3176 ἀναγνώσει
3451 3105 3556 3174 τῆς
3606 3103 3860 3167 Παλαιᾶς

591 3193 849 3248 scendum
882 3192 1234 3264 imposterum
1280 3209 1403 3249 eum
1430 3195 1522 3264 qui
1571 3205 1656 3250 est
1693 3204 1883 3250 natura
1920 3204 1977 3251 et
2036 3208 2162 3250 vere

2267 3196 2566 3268 Διαθήκης.
2585 3195 2658 3250 Τὸ
2679 3195 2746 3250 δέ
2765 3214 2829 3266 γε
2869 3197 3152 3269 σεισθῆναι
3185 3198 3286 3269 τὴν
3311 3196 3438 3267 γῆν,
3472 3196 3859 3267 ύπεμφήνειεν

599 3281 878 3338 Deuszet
906 3298 971 3338 ex
1019 3298 1182 3339 sensu
1225 3284 1404 3339 carnis
1453 3285 1520 3339 ad
1579 3286 1906 3339 voluntatem
1955 3284 2166 3339 vivendi

2267 3288 2356 3354 ἂν,
2381 3282 2536 3358 οἶμαί
2567 3303 2673 3340 που
2694 3327 2708 3351 ,
2737 3288 2838 3359 τὴν
2872 3286 2932 3354 ἐξ
2960 3289 3152 3360 ἐτέρου
3183 3288 3512 3361 πράγματος
3545 3288 3630 3349 είς
3665 3287 3860 3359 ἐτερὰν

590 3375 967 3444 spiritualiter,
998 3385 1074 3442 et,
1105 3384 1164 3431 ut
1184 3377 1497 3431 summatim
1513 3376 1708 3441 dicam,
1739 3389 1768 3429 a
1825 3376 2056 3431 terrenis
2099 3374 2166 3428 ad

2267 3394 2324 3429 τι
2352 3377 2705 3448 μετάστασιν.
2737 3379 2846 3433 Καὶ
2885 3379 3017 3448 γοῦν
3047 3380 3079 3434 ὁ
3105 3379 3392 3444 θεσπέσιος
3434 3378 3612 3433 Δασίδ
3652 3377 3858 3433 ἀνακέη

591 3464 859 3522 οωίοειὶο.
880 3466 1032 3533 Quod
1066 3466 1286 3535 insuper
1331 3474 1677 3520 monumenta
1721 3479 1906 3521 eorum
1930 3466 2021 3534 qui
2049 3465 2166 3520 dor-

2267 3483 2439 3538 κραγε
2483 3467 2656 3536 λέγων
2675 3483 2691 3498 ο
2741 3487 2760 3520 ι
2799 3468 2858 3523 '0
2903 3468 3214 3540 καθήμενος
3254 3470 3348 3523 ἐπὶ
3389 3467 3500 3522 τῶν
3544 3467 3855 3539 Χεμυείμ,

593 3558 834 3614 inierant
861 3567 1047 3626 aperta
1081 3557 1250 3613 fuisse
1278 3559 1430 3624 dicit,
1462 3559 1692 3614 dicimus
1740 3557 1915 3626 ipsam
1949 3569 2162 3625 quoque

2275 3557 2590 3628 σαλευθήτω
2618 3560 2652 3628 ἡ
2688 3559 2784 3629 γῆ.
2820 3579 2838 3611 ι
2869 3559 2982 3614 Καὶ
3011 3559 3192 3614 οὐκέτι
3220 3558 3324 3613 πού
3364 3575 3544 3630 φαμεν
3568 3557 3647 3623 ὡς
3686 3575 3860 3612 κατα-

591 3661 821 3706 mortem
856 3649 1255 3723 Christo-799
1279 3651 1331 3705 in
1367 3665 1529 3706 carne
1550 3665 1647 3720 pro
1699 3648 1854 3703 nobis
1877 3646 2164 3716 dispensa-

2272 3646 2538 3701 δονεῖσθαι
2589 3649 2916 3718 σωματικῶς
2974 3668 3034 3704 τε
3084 3651 3179 3706 καὶ
3225 3649 3498 3722 αἰσθητῶς
3545 3647 3859 3722 παρακαλει

594 3739 734 3794 torie
759 3749 971 3795 mortuo
998 3751 1309 3810 superatam
1335 3741 1527 3807 videri,
1557 3757 1577 3792 ι
1616 3739 1681 3794 Et
1720 3747 1780 3792 ut
1818 3737 2063 3793 vivorum
2115 3745 2166 3791 et

2271 3736 2370 3808 τὴν
2412 3738 2502 3792 ὑπ’
2539 3738 2799 3811 ούρανόνθ
2845 3740 3078 3812 σύνηθες
3118 3742 3227 3814 γὰρ
3253 3742 3316 3795 τὸ
3342 3741 3555 3813 χρῆμα,
3587 3742 3687 3794 καὶ
3709 3740 3860 3794 οὐδε-

595 3840 932 3888 mortuorum
963 3831 1272 3889 dominetur
1297 3833 1364 3888 ⁵⁷.
1407 3852 1433 3886 ιι

2283 3829 2414 3900 μίαν
2459 3833 2592 3902 ἡμῖν
2632 3832 2823 3888 ποιοῦν
2863 3836 2964 3905 τὴν
3008 3835 3194 3907 δνησιν
3214 3852 3231 3869 ο
3280 3838 3457 3891 ἐκεῖνο
3504 3836 3565 3890 δὲ
3611 3835 3856 3906 μᾶλλον·

2267 2278 2464 2350 ρῆχθαι
2509 2280 2608 2344 τὰς
2656 2279 2885 2352 πέτρας.
2935 2277 3010 2332 Τό
3055 2295 3120 2346 γε
3161 2278 3269 2350 μὴν
3311 2276 3702 2350 ἐμπεφράχθαι
3749 2275 3864 2337 τὼς

2266 2371 2576 2442 φάραγγας,
2611 2371 2711 2444 τὴν
2751 2365 2862 2425 τῶν
2914 2370 3187 2424 Ἰουδαίων
3236 2370 3516 2443 πώρωσιν,
3565 2370 3641 2433 ὡς
3689 2369 3857 2439 ἔφην,

2266 2463 2544 2534 ύποδηλοϊ.
2589 2464 2732 2534 Ἔφη
2782 2464 2892 2535 γάρ
2940 2480 2994 2517 τι
3043 2463 3288 2518 τοιοῦτον
3329 2462 3426 2516 καὶΙ
3479 2463 3508 2515 ὁ
3557 2460 3857 2522 θεσπέσιος

2277 2556 2528 2622 Ἠσαϊαςο
2552 2577 2570 2610 ι
2595 2559 2704 2612 Καὶ
2733 2556 2885 2612 ἔσται
2914 2560 2973 2613 ἐν
3001 2561 3068 2630 τῇ
3099 2558 3286 2630 ἡμέρα
3320 2558 3504 2629 ἐκείνῃ
3539 2556 3860 2628 συμφράξει.

2267 2649 2476 2719 Κύριος
2515 2649 2622 2702 ἀπὸ
2663 2649 2759 2703 τοῦ
2797 2649 3063 2721 διώρυχος
3099 2650 3196 2704 τοῦ
3240 2648 3490 2720 ποταμοῦ
3529 2649 3635 2712 ἕως
3679 2649 3860 2702 Ῥινο-

2265 2740 2503 2810 κούρων,
2539 2757 2560 2792 ι
2591 2740 2890 2809 τουτέστιν,
2919 2742 3370 2814 ἐμφραχθήσεται
3408 2742 3519 2796 τῶν
3539 2741 3645 2797 ἀνὰ
3667 2742 3862 2795 πᾶσαν

2264 2830 2363 2903 τὴν
2400 2831 2664 2885 Ἰουδαίαν
2710 2833 2740 2885 ὁ
2776 2833 2922 2899 νοῦς,
2957 2853 2974 2886 ι
3011 2835 3128 2888 Ἵνα
3161 2832 3447 2904 βλέποντες
3475 2831 3552 2904 μὴ
3589 2830 3856 2902 meum.

2267 2923 2361 2976 καὶ
2416 2922 2706 2987 ἀκούοντες
2760 2924 2836 2995 μὴ
2890 2923 3201 2989 ἀκούσωσι,
3253 2923 3390 2995 μηδέ
3433 2921 3681 2977 συνιῶσι.
3722 2941 3746 2974 ι
3783 2949 3860 2962 -—

2272 3033 2291 3067 ι
2319 3015 2604 3087 Κάλυμμα
2643 3015 2754 3087 7&9
2808 3016 2900 3069 ἐπὶ
2951 3015 3051 3087 τὴν
3091 3015 3322 3088 καρδίαν
3360 3013 3541 3071 αὐτῶν
3586 3015 3789 3078 κεῖται,
3831 3030 3858 3064 ι

593 3924 779 3997 ἠξίουν
807 3925 916 3997 7&9
948 3926 1023 3991 ώς
1053 3927 1509 3998 τνευματοφὸροι,
1558 3921 1668 3980 οἷον
1702 3924 2058 3995 μεθίστασθαι
2097 3924 2196 3994 τὴν
2234 3925 2338 3994 γῆν
2362 3927 2426 3979 ἐκ
2488 3925 2582 3979 τοῦ
2622 3926 2904 3999 λατρεύειν
2945 3928 3186 3994 εἰδώλοις
3228 3929 3321 3984 ἐπί
3349 3929 3408 3984 τὸ
3433 3929 3636 3984 εἰδέναι
3672 3928 3860 3984 λοιπὸν

593 4015 687 4070 τὸν
719 4016 878 4086 φύσει
907 4033 966 4069 τε
1007 4018 1100 4072 καί
1129 4015 1346 4090 ἀληθῶς
1384 4017 1512 4070 δντα
1547 4015 1699 4083 Θεὸν,
1739 4015 1803 4068 ἐκ
1861 4012 1956 4068 τοῦ
2019 4018 2235 4086 φρονεῖν
2271 4014 2339 4068 τὰ
2384 4016 2609 4086 σαρκὸς,
2656 4017 2750 4070 ἐπὶ
2793 4017 2855 4071 τὸ
2897 4017 2997 4090 ζῇν
3044 4018 3252 4076 ἐθέλειν
3308 4020 3725 4091 πνευματικῶς,
3764 4016 3857 4073 καὶ

595 4106 930 4172 ἁπαξαπλῶς
957 4105 1066 4162 ἀπὸ
1096 4105 1204 4161 τῶν
1250 4108 1506 4178 ἐπιγείων
1549 4107 1628 4170 εἰς
1656 4107 1726 4161 τὰ
1753 4105 2068 4176 ἐπουράνια.
2102 4106 2167 4160 Εἰ
2202 4105 2258 4159 δὲ
2286 4105 2351 4176 δὴ
2377 4107 2471 4161 καί¹
2530 4107 2670 4162 αὐτὰ
2694 4107 2806 4163 τῶν
2865 4111 3284 4183 κεκοιμημένων
3324 4111 3597 4184 ἀνεῷχθαι
3627 4113 3697 4168 τὰ
3722 4115 3857 4185 μνή-

597 4220 747 4276 ματα
774 4203 942 4272 λέγει,
987 4204 1166 4274 φαμὲν
1209 4205 1290 4258 ὅτι
1334 4203 1428 4258 καὶ
1460 4203 1624 4258 αὐτὸν
1657 4201 1762 4255 ἔδει
1799 4200 1892 4255 τὸν
1929 4200 2160 4255 θάνατον
2195 4201 2426 4272 ὁρᾶσθαι
2485 4204 2864 4274 νενικημένον,
2933 4205 3296 4270 ἀποθανόντος
3318 4203 3559 4278 Χριστοῦ
3588 4208 3760 4279 σαρκί
3788 4207 3859 4261 δι’

593 4298 742 4368 ἡμᾶς
789 4296 1165 4367 οἰκονομικῶς,
1200 4315 1218 4350 ι
1269 4296 1386 4350 ’Ίνα
1428 4297 1521 4350 καὶ
1568 4295 1775 4366 νεκρῶν
1819 4296 1913 4347 καὶ
1960 4292 2176 4360 ζώντων
2217 4293 2500 4367 κυριεύσῃ.
2540 4313 2562 4348 ι

674 4392 830 4446 Vens.
865 4391 920 4453 θ,
955 4391 1008 4445 7..
1051 4391 1119 4444 Et
1171 4391 1332 4445 veniet
1391 4388 1647 4444 Dominus
1698 4387 1864 4455 Deus,
1896 4398 1944 4442 et
1988 4405 2166 4442 o-nmes

2339 4387 2449 4440 Kal
2471 4387 2606 4454 ἣξει
2625 4389 2838 4457 Κύριος
2863 4391 2897 4444 ό
2922 4391 3084 4456 Θεὸς,
3103 4388 3203 4445 καί
3223 4389 3451 4458 πάντες
3469 4393 3530 4446 οι
3552 4391 3708 4461 ἅγιοι
3723 4380 3860 4462 μετ’

595 4483 775 4536 sancti
795 4498 909 4534 cum
941 4497 1021 4535 eo.
1055 4479 1123 4534 I'u
1153 4481 1248 4535 illa
1281 4482 1375 4535 die
1394 4485 1612 4534 nouerit
1642 4478 1756 4548 ιη,
1779 4482 1868 4535 sed
1893 4481 2085 4550 frigus,
2117 4488 2166 4532 et

2270 4477 2479 4535 αὑτοῦ.
2515 4478 2610 4532 Ἐν
2635 4478 2836 4550 ἐκείνῃ
2867 4479 2942 4549 τῇ
2975 4481 3165 4550 ἡμέρᾳ
3199 4483 3312 4536 οὐκ
3339 4481 3512 4537 ἔσται
3558 4483 3710 4552 φῶς,
3755 4485 3857 4540 κιιί

595 4575 788 4643 glacies
813 4573 911 4628 erit
937 4589 1042 4627 una
1061 4575 1164 4639 die,
1187 4585 1234 4627 et
1263 4573 1373 4628 dies
1412 4571 1505 4627 illa
1557 4583 1681 4626 nota
1711 4572 1958 4643 Dggnino,
1989 4581 2037 4626 et
2063 4586 2166 4625 non

2271 4568 2489 4637 ψύχος,
2515 4567 2612 4622 καὶ
2641 4567 2832 4638 πάγος
2857 4569 3027 4624 ἔσται
3047 4571 3198 4639 μίαν
3211 4570 3461 4639 ἡμέραν,
3479 4571 3578 4625 και
3600 4570 3648 4639 ἡ,
3665 4571 3858 4641 ἡμέρα

596 4669 710 4722 dies
727 4683 889 4736 neque
918 4682 1040 4734 nox,
1077 4676 1125 4721 et
1149 4666 1223 4723 ad.
1249 4683 1509 4737 vesperam
1545 4667 1639 4721 erit
1663 4635 1810 4721 lux.“

2272 4635 2476 4725 ἐκείνη
2527 4635 2766 4729 γνωστῆ
2815 4659 2897 4725 τῷ
2941 4635 3168 4728 Κυρίῳ,
3203 4635 3455 4733 καί-οὐχ
3757 4635 3856 4718 καί

2268 4753 2341 4806 οὐ
2377 4750 2514 4815 νὺξ,
2545 4749 2642 4804 καί
2664 4750 2813 4818 πρὸς
2843 4749 3110 4820 ἑσπέραν
3139 4752 3310 4807 ἔσται
3333 4752 3482 4822 φῶς.

667 4841 779 4897 ογ.
818 4841 1112 4911 Postquam
1143 4841 1344 4897 cursim
1375 4839 1604 4895 nefanda
1641 4848 1695 4895 et
1729 4838 1893 4909 impia
1950 4837 2171 4894 Juda'o-

595 4952 713 4993 rum
775 4937 828 4990 in
895 4933 1171 4990 Christum
1225 4935 1464 4990 omnium
1525 4941 1770 4988 nostrum
1829 4931 2169 4986 Salvatorcm

595 5028 921 5096 commissa,
986 5037 1041 5081 et
1105 5025 1329 5090 Iudaea},
1393 5025 1632 5094 adeoque
1662 5021 2170 5094 Hierosolymorum

592 5121 1048 5190 expugnationem
1101 5115 1394 5182 recensuit,
1453 5115 1709 5181 deinceps
1768 5117 1835 5170 ad
1890 5115 2172 5185 praesentis

593 5211 776 5266 saeculi
820 5209 982 5266 tinem
1022 5207 1385 5280 progreditur,
1437 5206 1749 5272 utiliterque
1807 5205 2173 5261 Emmanuelis

595 5304 662 5356 de
696 5301 838 5357 ctelo
875 5301 1193 5356 descensum
1227 5303 1512 5352 memorat.
1543 5295 1844 5350 Descendet
1883 5297 2027 5350 enim
2049 5311 2171 5352 cum

593 5393 797 5449 sanctis
823 5390 1033 5461 angelis
1063 5391 1116 5445 in
1169 5387 1336 5458 gloria
1370 5387 1462 5443 Dei
1495 5393 1551 5442 et
1578 5384 1786 5452 Patris,
1810 5405 1828 5438 ι
1870 5395 1930 5442 ut
1971 5386 2176 5455 iudicet

593 5482 780 5538 orbem
817 5481 870 5536 in
897 5479 1108 5552 iustitia
1148 5478 1218 5546 ⁸³,
1248 5497 1268 5532 ι
1313 5477 1590 5547 quoniam,
1615 5485 1672 5534 ut
1705 5477 1918 5534 divinus
1972 5475 2173 5531 Paulus

2340 4841 2461 4894 P-E’.
2507 4841 2898 4914 Ἐπιτροχάδην
2946 4842 3116 4898 εἰπὼν
3153 4843 3222 4898 τὰ
3267 4843 3358 4897 ἐπί
3402 4860 3467 4914 γε
3514 4843 3593 4915 τῷ
3633 4845 3857 4898 πάντων

2267 4932 2427 5005 ἡμῶν
2475 4930 2690 5002 Σωτῆρι
2738 4932 2958 5004 Χριστῷ
3005 4933 3116 4987 τῶν
3167 4934 3438 4988 Ἰουδαίων
3490 4935 3854 5006 ἀνοσιουργή-

2279 5040 2444 5094 ματα,
2495 5024 2590 5078 καὶ
2630 5023 2730 5093 τῆς
2767 5023 3025 5088 Ἰουδαίας
3048 5025 3146 5096 τὴν
3179 5023 3408 5093 ἅλωσιν,
3458 5025 3553 5078 καὶ
3585 5025 3769 5079 αὐτῶν
3799 5025 3855 5080 δὲ

2274 5114 2383 5168 τῶν
2420 5113 2822 5185 Ἰεροσολύμων,
2853 5116 2940 5169 ἐπ’
2962 5117 3092 5170 αὐτὸ
3123 5117 3308 5170 λοιπὸν
3339 5118 3559 5190 ἔρχεται
3587 5118 3684 5172 τοῦ
3714 5135 3855 5188 παρα

2268 5207 2420 5270 όντος
2451 5207 2645 5271 αἰῶνος
2671 5206 2732 5265 τὸ
2761 5207 2933 5275 τέλος,
2984 5209 3079 5263 καὶ
3113 5210 3406 5281 ἀφηγείται
3437 5210 3730 5281 χρησίμως
3755 5211 3853 5279 τὴν

2271 5297 2332 5362 ἐξ
2375 5297 2604 5369 ούρανοῦ
2650 5299 3041 5370 καταφοίτησιν
3086 5299 3181 5353 τοῦ
3234 5300 3609 5371 Ἐμμανουήλ.
3668 5302 3853 5354 Κατα-

2272 5388 2499 5458 ϐήσεται
2532 5389 2641 5460 γὰρ
2675 5391 2826 5459 μετὰι
2851 5389 2960 5445 τῶν
3003 5390 3172 5460 ἁγίων
3205 5391 3485 5460 ἀγγέλων,
3521 5392 3592 5445 ἐν.
3623 5394 3691 5463 τῇ
3725 5390 3850 5462 δόξῃ

2271 5478 2364 5533 τοῦ
2389 5479 2523 5534 Θεοῦ
2553 5481 2647 5535 καὶ
2670 5482 2904 5553 Πατρδς,
2937 5482 3086 5536 ι”Ινα
3116 5483 3278 5556 κρίνῃ
3302 5482 3402 5554 τὴν
3430 5482 3764 5554 οἰκουμένην
3793 5484 3848 5535 ἐν

665 5678 723 5748 ⁸⁸,
751 5674 1036 5748 Ezeqlngt,
1058 5673 1164 5748 _l9.
1237 5673 1282 5705 '"
1320 5671 1517 5748 {ereum
1543 5689 1703 5748 ξχιιι,
1729 5675 1821 5731 29.
1871 5674 1941 5748 4⁸³
1973 5671 2136 5748 ίίοίιε.

2272 5674 2371 5748 te:
2433 5675 2480 5709 υ
2512 5677 2612 5733 lsa.
2647 5691 2818 5745 xxvii,
2854 5677 2939 5733 l2.
3015 5677 3061 5712 ”
3093 5676 3229 5737 Luc.
3254 5692 3372 5748 vui,
3411 5675 3498 5735 lo.
3574 5679 3624 5713 ⁸⁸
3648 5679 3694 5736 ll
3721 5679 3844 5738 Cor.

598 5765 680 5817 ιιι,
707 5747 796 5804 15.
869 5743 914 5776 ⁸⁵
947 5742 1092 5799 Psal.
1121 5758 1308 5810 Lxxix,
1329 5744 1382 5803 5.
1458 5744 1503 5776 "
1536 5745 1692 5802 Rom.
1725 5759 1838 5815 xiv,
1866 5745 1918 5802 9.
1995 5744 2041 5777 ”
2073 5741 2216 5800 Psal.
2242 5757 2319 5811 ix,
2343 5743 2397 5799 9.
