  <div class='ocr_page' id='page_1' title='image "/cluster/home/n/w/nwhite01/storage/ocr_20150623/72/hvd.32044019207893/132.png"; bbox 0 0 4070 6548; ppageno 0'>
   <div class='ocr_carea' id='block_1_1' title="bbox 211 370 351 428">
    <p class='ocr_par' dir='ltr' id='par_1_1' title="bbox 211 370 351 428">
     <span class='ocr_line' id='line_1_1' title="bbox 211 370 351 428; baseline 0.021 -3"><span class='ocrx_word' id='word_1_1' title='bbox 211 370 351 428; x_wconf 63' lang='grc'><strong>249</strong></span> 
     </span>
    </p>
   </div>
   <div class='ocr_carea' id='block_1_2' title="bbox 1065 369 2639 432">
    <p class='ocr_par' dir='ltr' id='par_1_2' title="bbox 1065 369 2639 432">
     <span class='ocr_line' id='line_1_2' title="bbox 1065 369 2639 432; baseline -0.002 0"><span class='ocrx_word' id='word_1_2' title='bbox 1065 372 1615 432; x_wconf 71' lang='lat' dir='ltr'><strong>COMMENTARIUS</strong></span> <span class='ocrx_word' id='word_1_3' title='bbox 1654 371 1718 427; x_wconf 72' lang='grc' dir='ltr'><strong>ΙΝ</strong></span> <span class='ocrx_word' id='word_1_4' title='bbox 1760 369 2161 426; x_wconf 77' lang='lat' dir='ltr'><strong>ZACHARIAM</strong></span> <span class='ocrx_word' id='word_1_5' title='bbox 2202 369 2639 429; x_wconf 76' lang='lat' dir='ltr'><strong>PROPHETAM.</strong></span> 
     </span>
    </p>
   </div>
   <div class='ocr_carea' id='block_1_3' title="bbox 3399 374 3519 432">
    <p class='ocr_par' dir='ltr' id='par_1_3' title="bbox 3399 374 3519 432">
     <span class='ocr_line' id='line_1_3' title="bbox 3399 374 3519 432; baseline 0.025 -3"><span class='ocrx_word' id='word_1_6' title='bbox 3399 374 3519 432; x_wconf 36' lang='lat'><strong>250‘</strong></span> 
     </span>
    </p>
   </div>
   <div class='ocr_carea' id='block_1_4' title="bbox 216 486 1846 565">
    <p class='ocr_par' dir='ltr' id='par_1_4' title="bbox 216 486 1830 565">
     <span class='ocr_line' id='line_1_4' title="bbox 216 486 1830 565; baseline 0.002 -26"><span class='ocrx_word' id='word_1_7' title='bbox 216 486 568 558; x_wconf 70' lang='grc' dir='ltr'>δικαιοσυνῃ</span> <span class='ocrx_word' id='word_1_8' title='bbox 591 504 604 517; x_wconf 89' lang='grc'><strong>·</strong></span> <span class='ocrx_word' id='word_1_9' title='bbox 638 505 655 538; x_wconf 84' lang='grc'><strong>›</strong></span> <span class='ocrx_word' id='word_1_10' title='bbox 683 489 760 552; x_wconf 85' lang='grc' dir='ltr'>ὡς</span> <span class='ocrx_word' id='word_1_11' title='bbox 779 490 808 542; x_wconf 99' lang='lat'><strong>6</strong></span> <span class='ocrx_word' id='word_1_12' title='bbox 839 488 1123 556; x_wconf 77' lang='grc' dir='ltr'><strong>Θεσπέσιος</strong></span> <span class='ocrx_word' id='word_1_13' title='bbox 1149 495 1349 565; x_wconf 83' lang='grc' dir='ltr'>γράφει</span> <span class='ocrx_word' id='word_1_14' title='bbox 1388 492 1622 556; x_wconf 78' lang='grc' dir='ltr'><strong>Παῦλος,</strong></span> <span class='ocrx_word' id='word_1_15' title='bbox 1646 510 1664 543; x_wconf 78' lang='grc' dir='ltr'><strong>ι</strong></span> <span class='ocrx_word' id='word_1_16' title='bbox 1690 490 1830 552; x_wconf 68' lang='grc' dir='ltr'>Τοὺς</span> 
     </span>
    </p>
   </div>
   <div class='ocr_carea' id='block_1_5' title="bbox 1933 486 3506 565">
    <p class='ocr_par' dir='ltr' id='par_1_5' title="bbox 1933 487 3506 556">
     <span class='ocr_line' id='line_1_5' title="bbox 1933 487 3506 556; baseline 0.001 -12"><span class='ocrx_word' id='word_1_17' title='bbox 1933 488 2147 553; x_wconf 76' lang='lat' dir='ltr'><strong>scribit,</strong></span> <span class='ocrx_word' id='word_1_18' title='bbox 2208 502 2226 538; x_wconf 85' lang='grc' dir='ltr'><strong>ι</strong></span> <span class='ocrx_word' id='word_1_19' title='bbox 2262 487 2465 543; x_wconf 80' lang='lat' dir='ltr'><strong>Omnes</strong></span> <span class='ocrx_word' id='word_1_20' title='bbox 2499 502 2597 543; x_wconf 91' lang='lat' dir='ltr'><strong>nos</strong></span> <span class='ocrx_word' id='word_1_21' title='bbox 2630 487 2968 542; x_wconf 83' lang='lat' dir='ltr'><strong>manifestari</strong></span> <span class='ocrx_word' id='word_1_22' title='bbox 3011 497 3225 556; x_wconf 76' lang='lat' dir='ltr'><strong>oportet</strong></span> <span class='ocrx_word' id='word_1_23' title='bbox 3253 497 3380 545; x_wconf 87' lang='lat' dir='ltr'><strong>ante</strong></span> <span class='ocrx_word' id='word_1_24' title='bbox 3406 493 3506 546; x_wconf 91' lang='lat' dir='ltr'><strong>tri-</strong></span> 
     </span>
    </p>
   </div>
   <div class='ocr_carea' id='block_1_6' title="bbox 220 576 1829 656">
    <p class='ocr_par' dir='ltr' id='par_1_6' title="bbox 220 576 1829 656">
     <span class='ocr_line' id='line_1_6' title="bbox 220 576 1829 656; baseline 0.006 -29"><span class='ocrx_word' id='word_1_25' title='bbox 220 576 464 639; x_wconf 77' lang='grc' dir='ltr'><strong>πάντας</strong></span> <span class='ocrx_word' id='word_1_26' title='bbox 508 579 659 648; x_wconf 74' lang='grc' dir='ltr'>ἡμᾶς</span> <span class='ocrx_word' id='word_1_27' title='bbox 704 579 786 632; x_wconf 73' lang='grc' dir='ltr'><strong>δεῖ</strong></span> <span class='ocrx_word' id='word_1_28' title='bbox 816 579 1197 653; x_wconf 82' lang='grc' dir='ltr'><strong>φανερωθῆναι</strong></span> <span class='ocrx_word' id='word_1_29' title='bbox 1245 582 1555 656; x_wconf 78' lang='grc' dir='ltr'>ἔμπροσθεν</span> <span class='ocrx_word' id='word_1_30' title='bbox 1597 581 1691 634; x_wconf 81' lang='grc' dir='ltr'>τοῦ</span> <span class='ocrx_word' id='word_1_31' title='bbox 1731 579 1829 651; x_wconf 86' lang='grc' dir='ltr'><strong>βή-</strong></span> 
     </span>
    </p>
   </div>
   <div class='ocr_carea' id='block_1_7' title="bbox 223 668 1826 744">
    <p class='ocr_par' dir='ltr' id='par_1_7' title="bbox 223 668 1826 744">
     <span class='ocr_line' id='line_1_7' title="bbox 223 668 1826 744; baseline 0.002 -25"><span class='ocrx_word' id='word_1_32' title='bbox 223 682 425 735; x_wconf 77' lang='grc' dir='ltr'>ματος</span> <span class='ocrx_word' id='word_1_33' title='bbox 453 668 549 721; x_wconf 81' lang='grc' dir='ltr'>τοῦ</span> <span class='ocrx_word' id='word_1_34' title='bbox 581 670 841 741; x_wconf 80' lang='grc' dir='ltr'><strong>Χριστοῦ,</strong></span> <span class='ocrx_word' id='word_1_35' title='bbox 888 672 973 724; x_wconf 77' lang='grc' dir='ltr'>ἵνα</span> <span class='ocrx_word' id='word_1_36' title='bbox 1013 673 1307 744; x_wconf 80' lang='grc' dir='ltr'><strong>κομίσηται</strong></span> <span class='ocrx_word' id='word_1_37' title='bbox 1335 675 1562 737; x_wconf 77' lang='grc' dir='ltr'>ἕκαστος</span> <span class='ocrx_word' id='word_1_38' title='bbox 1592 672 1664 726; x_wconf 77' lang='grc' dir='ltr'>τὰ</span> <span class='ocrx_word' id='word_1_39' title='bbox 1705 672 1826 725; x_wconf 81' lang='grc' dir='ltr'>κατ’</span> 
     </span>
    </p>
   </div>
   <div class='ocr_carea' id='block_1_8' title="bbox 220 759 1827 837">
    <p class='ocr_par' dir='ltr' id='par_1_8' title="bbox 220 759 1827 837">
     <span class='ocr_line' id='line_1_8' title="bbox 220 759 1827 837; baseline 0.004 -25"><span class='ocrx_word' id='word_1_40' title='bbox 220 759 413 825; x_wconf 73' lang='grc' dir='ltr'>ἀξίαν</span> <span class='ocrx_word' id='word_1_41' title='bbox 441 760 579 833; x_wconf 77' lang='grc' dir='ltr'>πρὸς</span> <span class='ocrx_word' id='word_1_42' title='bbox 608 761 644 815; x_wconf 82' lang='grc' dir='ltr'><strong>ἃ</strong></span> <span class='ocrx_word' id='word_1_43' title='bbox 668 762 924 835; x_wconf 75' lang='grc' dir='ltr'>ἔπραξεν,</span> <span class='ocrx_word' id='word_1_44' title='bbox 970 766 1079 820; x_wconf 73' lang='grc' dir='ltr'>εἴτε</span> <span class='ocrx_word' id='word_1_45' title='bbox 1124 767 1326 836; x_wconf 83' lang='grc' dir='ltr'>ἀγαθὸν</span> <span class='ocrx_word' id='word_1_46' title='bbox 1353 768 1461 821; x_wconf 71' lang='grc' dir='ltr'>εἴτε</span> <span class='ocrx_word' id='word_1_47' title='bbox 1501 766 1725 837; x_wconf 83' lang='grc' dir='ltr'>φαῦλον.</span> <span class='ocrx_word' id='word_1_48' title='bbox 1759 794 1827 807; x_wconf 79' lang='lat'><strong>-</strong></span> 
     </span>
    </p>
   </div>
   <div class='ocr_carea' id='block_1_9' title="bbox 221 849 1826 932">
    <p class='ocr_par' dir='ltr' id='par_1_9' title="bbox 221 849 1826 932">
     <span class='ocr_line' id='line_1_9' title="bbox 221 849 1826 932; baseline 0.006 -29"><span class='ocrx_word' id='word_1_49' title='bbox 221 849 413 915; x_wconf 63' lang='lat' dir='ltr'><strong>&quot;H’ést</strong></span> <span class='ocrx_word' id='word_1_50' title='bbox 439 852 503 925; x_wconf 85' lang='grc' dir='ltr'>δὴ</span> <span class='ocrx_word' id='word_1_51' title='bbox 542 849 657 919; x_wconf 79' lang='grc' dir='ltr'>οὖν,</span> <span class='ocrx_word' id='word_1_52' title='bbox 694 855 838 926; x_wconf 83' lang='grc' dir='ltr'>ἡξει,</span> <span class='ocrx_word' id='word_1_53' title='bbox 885 858 1039 929; x_wconf 74' lang='grc' dir='ltr'>φησὶ,</span> <span class='ocrx_word' id='word_1_54' title='bbox 1085 860 1180 912; x_wconf 73' lang='grc' dir='ltr'><strong>καὶ</strong></span> <span class='ocrx_word' id='word_1_55' title='bbox 1218 861 1420 925; x_wconf 84' lang='grc' dir='ltr'>πάντες</span> <span class='ocrx_word' id='word_1_56' title='bbox 1451 863 1499 915; x_wconf 82' lang='grc' dir='ltr'>οἱ</span> <span class='ocrx_word' id='word_1_57' title='bbox 1534 860 1678 929; x_wconf 72' lang='grc' dir='ltr'>ἀγιοι</span> <span class='ocrx_word' id='word_1_58' title='bbox 1710 860 1826 932; x_wconf 86' lang='grc' dir='ltr'>μετ’</span> 
     </span>
    </p>
   </div>
   <div class='ocr_carea' id='block_1_10' title="bbox 220 937 1828 1020">
    <p class='ocr_par' dir='ltr' id='par_1_10' title="bbox 220 937 1828 1020">
     <span class='ocr_line' id='line_1_10' title="bbox 220 937 1828 1020; baseline 0.009 -31"><span class='ocrx_word' id='word_1_59' title='bbox 220 937 441 1007; x_wconf 75' lang='grc' dir='ltr'>αὐτοῦ,</span> <span class='ocrx_word' id='word_1_60' title='bbox 468 942 767 1009; x_wconf 74' lang='grc' dir='ltr'><strong>τουτέστιν,</strong></span> <span class='ocrx_word' id='word_1_61' title='bbox 791 945 824 1015; x_wconf 87' lang='grc' dir='ltr'><strong>ἡ</strong></span> <span class='ocrx_word' id='word_1_62' title='bbox 853 946 961 999; x_wconf 90' lang='grc' dir='ltr'><strong>τῶν</strong></span> <span class='ocrx_word' id='word_1_63' title='bbox 990 946 1159 1015; x_wconf 88' lang='grc' dir='ltr'>ἀγίων</span> <span class='ocrx_word' id='word_1_64' title='bbox 1187 949 1435 1017; x_wconf 88' lang='grc' dir='ltr'>ἀγγέλων</span> <span class='ocrx_word' id='word_1_65' title='bbox 1465 949 1828 1020; x_wconf 82' lang='grc' dir='ltr'><strong>καθαρωτάτη</strong></span> 
     </span>
    </p>
   </div>
   <div class='ocr_carea' id='block_1_11' title="bbox 222 1026 1830 1112">
    <p class='ocr_par' dir='ltr' id='par_1_11' title="bbox 222 1026 1830 1112">
     <span class='ocr_line' id='line_1_11' title="bbox 222 1026 1830 1112; baseline 0.009 -33"><span class='ocrx_word' id='word_1_66' title='bbox 222 1026 485 1105; x_wconf 80' lang='grc' dir='ltr'>πληθὺς,</span> <span class='ocrx_word' id='word_1_67' title='bbox 520 1033 894 1104; x_wconf 73' lang='grc' dir='ltr'>δορυφοροῦσα</span> <span class='ocrx_word' id='word_1_68' title='bbox 932 1038 1170 1104; x_wconf 80' lang='grc' dir='ltr'>πάντως,</span> <span class='ocrx_word' id='word_1_69' title='bbox 1211 1040 1305 1095; x_wconf 76' lang='grc' dir='ltr'>καὶ</span> <span class='ocrx_word' id='word_1_70' title='bbox 1345 1041 1687 1112; x_wconf 78' lang='grc' dir='ltr'>ὐπουργικὴν</span> <span class='ocrx_word' id='word_1_71' title='bbox 1724 1039 1830 1093; x_wconf 85' lang='grc' dir='ltr'>είσ-</span> 
     </span>
    </p>
   </div>
   <div class='ocr_carea' id='block_1_12' title="bbox 221 1119 1829 1202">
    <p class='ocr_par' dir='ltr' id='par_1_12' title="bbox 221 1119 1829 1202">
     <span class='ocr_line' id='line_1_12' title="bbox 221 1119 1829 1202; baseline 0.007 -30"><span class='ocrx_word' id='word_1_72' title='bbox 221 1119 497 1189; x_wconf 74' lang='grc' dir='ltr'>φέρουσα</span> <span class='ocrx_word' id='word_1_73' title='bbox 520 1124 619 1193; x_wconf 75' lang='grc' dir='ltr'>τὴν</span> <span class='ocrx_word' id='word_1_74' title='bbox 642 1126 1006 1195; x_wconf 77' lang='grc' dir='ltr'>παράστασιν.</span> <span class='ocrx_word' id='word_1_75' title='bbox 1036 1129 1238 1200; x_wconf 81' lang='grc' dir='ltr'>Κύριος</span> <span class='ocrx_word' id='word_1_76' title='bbox 1268 1131 1378 1202; x_wconf 83' lang='grc' dir='ltr'><strong>γάρ</strong></span> <span class='ocrx_word' id='word_1_77' title='bbox 1412 1133 1527 1184; x_wconf 73' lang='grc' dir='ltr'>ἐστι</span> <span class='ocrx_word' id='word_1_78' title='bbox 1557 1132 1666 1186; x_wconf 86' lang='grc' dir='ltr'><strong>τῶν</strong></span> <span class='ocrx_word' id='word_1_79' title='bbox 1690 1131 1829 1185; x_wconf 75' lang='grc' dir='ltr'>ὅλων</span> 
     </span>
    </p>
   </div>
   <div class='ocr_carea' id='block_1_13' title="bbox 219 1210 1830 1295">
    <p class='ocr_par' dir='ltr' id='par_1_13' title="bbox 219 1210 1830 1295">
     <span class='ocr_line' id='line_1_13' title="bbox 219 1210 1830 1295; baseline 0.011 -33"><span class='ocrx_word' id='word_1_80' title='bbox 219 1210 254 1262; x_wconf 77' lang='grc' dir='ltr'>ὁ</span> <span class='ocrx_word' id='word_1_81' title='bbox 303 1210 671 1286; x_wconf 83' lang='grc' dir='ltr'>Ἐμμανουὴλ</span> <span class='ocrx_word' id='word_1_82' title='bbox 696 1256 711 1280; x_wconf 90' lang='grc'><strong>,</strong></span> <span class='ocrx_word' id='word_1_83' title='bbox 761 1221 857 1272; x_wconf 86' lang='grc' dir='ltr'>καὶ</span> <span class='ocrx_word' id='word_1_84' title='bbox 908 1219 1263 1290; x_wconf 80' lang='grc' dir='ltr'>δοξολογεῖται</span> <span class='ocrx_word' id='word_1_85' title='bbox 1311 1224 1461 1295; x_wconf 84' lang='grc' dir='ltr'><strong>παρά</strong></span> <span class='ocrx_word' id='word_1_86' title='bbox 1500 1222 1707 1277; x_wconf 78' lang='grc' dir='ltr'>τούτων</span> <span class='ocrx_word' id='word_1_87' title='bbox 1753 1223 1830 1287; x_wconf 84' lang='grc' dir='ltr'>ὡς</span> 
     </span>
    </p>
   </div>
   <div class='ocr_carea' id='block_1_14' title="bbox 219 1299 1827 1388">
    <p class='ocr_par' dir='ltr' id='par_1_14' title="bbox 219 1299 1827 1388">
     <span class='ocr_line' id='line_1_14' title="bbox 219 1299 1827 1388; baseline 0.013 -36"><span class='ocrx_word' id='word_1_88' title='bbox 219 1299 409 1369; x_wconf 67' lang='grc' dir='ltr'>Θεὸς,</span> <span class='ocrx_word' id='word_1_89' title='bbox 436 1307 532 1359; x_wconf 81' lang='grc' dir='ltr'><strong>καὶ</strong></span> <span class='ocrx_word' id='word_1_90' title='bbox 566 1310 961 1382; x_wconf 62' lang='grc' dir='ltr'>συγωτάρχων</span> <span class='ocrx_word' id='word_1_91' title='bbox 993 1312 1070 1383; x_wconf 83' lang='grc' dir='ltr'>τῷ</span> <span class='ocrx_word' id='word_1_92' title='bbox 1111 1315 1489 1385; x_wconf 87' lang='grc' dir='ltr'>Γεγεννηκότι.</span> <span class='ocrx_word' id='word_1_93' title='bbox 1542 1316 1604 1369; x_wconf 83' lang='lat' dir='ltr'><strong>Ei</strong></span> <span class='ocrx_word' id='word_1_94' title='bbox 1654 1315 1711 1368; x_wconf 70' lang='grc' dir='ltr'>δὲ</span> <span class='ocrx_word' id='word_1_95' title='bbox 1763 1315 1827 1388; x_wconf 88' lang='grc' dir='ltr'>δή</span> 
     </span>
    </p>
   </div>
   <div class='ocr_carea' id='block_1_15' title="bbox 221 1393 1831 1479">
    <p class='ocr_par' dir='ltr' id='par_1_15' title="bbox 221 1393 1831 1479">
     <span class='ocr_line' id='line_1_15' title="bbox 221 1393 1831 1479; baseline 0.006 -26"><span class='ocrx_word' id='word_1_96' title='bbox 221 1408 322 1453; x_wconf 68' lang='grc' dir='ltr'>τις</span> <span class='ocrx_word' id='word_1_97' title='bbox 373 1393 531 1464; x_wconf 79' lang='grc' dir='ltr'>λέγοι</span> <span class='ocrx_word' id='word_1_98' title='bbox 564 1400 660 1452; x_wconf 74' lang='grc' dir='ltr'>καὶ</span> <span class='ocrx_word' id='word_1_99' title='bbox 687 1400 885 1467; x_wconf 81' lang='grc' dir='ltr'>αὐτοὺς</span> <span class='ocrx_word' id='word_1_100' title='bbox 924 1403 1074 1475; x_wconf 82' lang='grc' dir='ltr'>αὐτῷ</span> <span class='ocrx_word' id='word_1_101' title='bbox 1111 1407 1675 1479; x_wconf 72' lang='grc' dir='ltr'>ωμπαραπὴσεσθαι</span> <span class='ocrx_word' id='word_1_102' title='bbox 1703 1406 1831 1472; x_wconf 84' lang='grc' dir='ltr'>τοὺς</span> 
     </span>
    </p>
   </div>
   <div class='ocr_carea' id='block_1_16' title="bbox 222 1482 1830 1569">
    <p class='ocr_par' dir='ltr' id='par_1_16' title="bbox 222 1482 1830 1569">
     <span class='ocr_line' id='line_1_16' title="bbox 222 1482 1830 1569; baseline 0.011 -34"><span class='ocrx_word' id='word_1_103' title='bbox 222 1482 445 1550; x_wconf 79' lang='grc' dir='ltr'><strong>ἁγίους</strong></span> <span class='ocrx_word' id='word_1_104' title='bbox 477 1488 824 1558; x_wconf 79' lang='grc' dir='ltr'>ἀρπαγέντας</span> <span class='ocrx_word' id='word_1_105' title='bbox 850 1494 907 1545; x_wconf 78' lang='grc' dir='ltr'>ἐν</span> <span class='ocrx_word' id='word_1_106' title='bbox 934 1495 1185 1564; x_wconf 82' lang='grc' dir='ltr'><strong>νεφέλαις</strong></span> <span class='ocrx_word' id='word_1_107' title='bbox 1217 1499 1298 1561; x_wconf 84' lang='grc' dir='ltr'><strong>είς</strong></span> <span class='ocrx_word' id='word_1_108' title='bbox 1324 1498 1629 1569; x_wconf 78' lang='grc' dir='ltr'>ἀπάντησιν</span> <span class='ocrx_word' id='word_1_109' title='bbox 1664 1498 1830 1552; x_wconf 75' lang='grc' dir='ltr'>αὑτοῦ</span> 
     </span>
    </p>
   </div>
   <div class='ocr_carea' id='block_1_17' title="bbox 223 1575 1830 1659">
    <p class='ocr_par' dir='ltr' id='par_1_17' title="bbox 223 1575 1830 1659">
     <span class='ocr_line' id='line_1_17' title="bbox 223 1575 1830 1659; baseline 0.003 -21"><span class='ocrx_word' id='word_1_110' title='bbox 223 1575 319 1638; x_wconf 69' lang='grc' dir='ltr'><strong>εἰς</strong></span> <span class='ocrx_word' id='word_1_111' title='bbox 364 1576 533 1647; x_wconf 81' lang='grc' dir='ltr'>ἀέρα,</span> <span class='ocrx_word' id='word_1_112' title='bbox 580 1581 718 1650; x_wconf 77' lang='grc' dir='ltr'>μετὰ</span> <span class='ocrx_word' id='word_1_113' title='bbox 761 1600 825 1651; x_wconf 82' lang='grc' dir='ltr'><strong>γε</strong></span> <span class='ocrx_word' id='word_1_114' title='bbox 855 1583 954 1655; x_wconf 80' lang='grc' dir='ltr'><strong>τὴν</strong></span> <span class='ocrx_word' id='word_1_115' title='bbox 982 1588 1046 1641; x_wconf 81' lang='grc' dir='ltr'>ἐκ</span> <span class='ocrx_word' id='word_1_116' title='bbox 1088 1588 1297 1659; x_wconf 78' lang='grc' dir='ltr'>νεκρῶν</span> <span class='ocrx_word' id='word_1_117' title='bbox 1327 1588 1641 1656; x_wconf 77' lang='grc' dir='ltr'>ἀναϐίωσιν,</span> <span class='ocrx_word' id='word_1_118' title='bbox 1687 1589 1830 1644; x_wconf 84' lang='grc' dir='ltr'><strong>καθά</strong></span> 
     </span>
    </p>
   </div>
   <div class='ocr_carea' id='block_1_18' title="bbox 222 1668 1832 1753">
    <p class='ocr_par' dir='ltr' id='par_1_18' title="bbox 222 1668 1832 1753">
     <span class='ocr_line' id='line_1_18' title="bbox 222 1668 1832 1753; baseline 0.017 -34"><span class='ocrx_word' id='word_1_119' title='bbox 222 1668 331 1721; x_wconf 73' lang='grc' dir='ltr'><strong>καὶ</strong></span> <span class='ocrx_word' id='word_1_120' title='bbox 372 1670 461 1741; x_wconf 80' lang='grc' dir='ltr'>τῷ</span> <span class='ocrx_word' id='word_1_121' title='bbox 488 1674 782 1746; x_wconf 81' lang='grc' dir='ltr'>σοφωτάτῳ</span> <span class='ocrx_word' id='word_1_122' title='bbox 813 1676 1008 1749; x_wconf 85' lang='grc' dir='ltr'>Παύλῳ</span> <span class='ocrx_word' id='word_1_123' title='bbox 1036 1680 1203 1747; x_wconf 79' lang='grc' dir='ltr'>δοκεῖ,</span> <span class='ocrx_word' id='word_1_124' title='bbox 1249 1682 1350 1753; x_wconf 82' lang='grc' dir='ltr'>τῆς</span> <span class='ocrx_word' id='word_1_125' title='bbox 1394 1682 1486 1733; x_wconf 76' lang='grc' dir='ltr'>τοῦ</span> <span class='ocrx_word' id='word_1_126' title='bbox 1529 1682 1832 1753; x_wconf 80' lang='grc' dir='ltr'>πρέποντος</span> 
     </span>
    </p>
   </div>
   <div class='ocr_carea' id='block_1_19' title="bbox 224 1758 1831 1843">
    <p class='ocr_par' dir='ltr' id='par_1_19' title="bbox 224 1758 1831 1843">
     <span class='ocr_line' id='line_1_19' title="bbox 224 1758 1831 1843; baseline 0.009 -32"><span class='ocrx_word' id='word_1_127' title='bbox 224 1758 428 1832; x_wconf 82' lang='grc' dir='ltr'>Θήρας</span> <span class='ocrx_word' id='word_1_128' title='bbox 462 1764 812 1836; x_wconf 79' lang='grc' dir='ltr'>ἀμοιρήσειεν</span> <span class='ocrx_word' id='word_1_129' title='bbox 838 1768 903 1822; x_wconf 87' lang='grc' dir='ltr'><strong>ἂν</strong></span> <span class='ocrx_word' id='word_1_130' title='bbox 928 1770 1355 1842; x_wconf 78' lang='grc' dir='ltr'>οὐδαμῶς.Ἒφη</span> <span class='ocrx_word' id='word_1_131' title='bbox 1384 1773 1492 1843; x_wconf 88' lang='grc' dir='ltr'>γάρ</span> <span class='ocrx_word' id='word_1_132' title='bbox 1513 1771 1565 1825; x_wconf 77' lang='grc' dir='ltr'><strong>τι</strong></span> <span class='ocrx_word' id='word_1_133' title='bbox 1590 1772 1831 1826; x_wconf 74' lang='grc' dir='ltr'>τοιοῦτον</span> 
     </span>
    </p>
   </div>
   <div class='ocr_carea' id='block_1_20' title="bbox 1927 576 3523 650">
    <p class='ocr_par' dir='ltr' id='par_1_20' title="bbox 1927 576 3523 650">
     <span class='ocr_line' id='line_1_20' title="bbox 1927 576 3523 650; baseline 0.002 -16"><span class='ocrx_word' id='word_1_134' title='bbox 1927 577 2331 643; x_wconf 87' lang='lat' dir='ltr'><strong>bunaiChristi,</strong></span> <span class='ocrx_word' id='word_1_135' title='bbox 2362 586 2419 633; x_wconf 91' lang='lat' dir='ltr'><strong>ut</strong></span> <span class='ocrx_word' id='word_1_136' title='bbox 2460 577 2689 647; x_wconf 86' lang='lat' dir='ltr'><strong>recipiat</strong></span> <span class='ocrx_word' id='word_1_137' title='bbox 2719 576 3088 647; x_wconf 80' lang='lat' dir='ltr'><strong>unusquisque</strong></span> <span class='ocrx_word' id='word_1_138' title='bbox 3108 587 3266 648; x_wconf 89' lang='lat' dir='ltr'><strong>prout</strong></span> <span class='ocrx_word' id='word_1_139' title='bbox 3316 583 3523 650; x_wconf 53' lang='lat' dir='ltr'><strong>gessit;</strong></span> 
     </span>
    </p>
   </div>
   <div class='ocr_carea' id='block_1_21' title="bbox 1928 668 3501 738">
    <p class='ocr_par' dir='ltr' id='par_1_21' title="bbox 1928 668 3501 738">
     <span class='ocr_line' id='line_1_21' title="bbox 1928 668 3501 738; baseline 0.001 -13"><span class='ocrx_word' id='word_1_140' title='bbox 1928 670 2042 725; x_wconf 96' lang='lat' dir='ltr'><strong>sive</strong></span> <span class='ocrx_word' id='word_1_141' title='bbox 2060 670 2257 724; x_wconf 91' lang='lat' dir='ltr'><strong>bonum</strong></span> <span class='ocrx_word' id='word_1_142' title='bbox 2293 669 2405 724; x_wconf 87' lang='lat' dir='ltr'><strong>sive</strong></span> <span class='ocrx_word' id='word_1_143' title='bbox 2429 668 2629 723; x_wconf 90' lang='lat' dir='ltr'><strong>malum</strong></span> <span class='ocrx_word' id='word_1_144' title='bbox 2650 669 2855 722; x_wconf 80' lang='grc' dir='ltr'>⁸’.›-ι</span> <span class='ocrx_word' id='word_1_145' title='bbox 2869 668 3060 724; x_wconf 85' lang='lat' dir='ltr'><strong>Veniet</strong></span> <span class='ocrx_word' id='word_1_146' title='bbox 3087 668 3271 738; x_wconf 84' lang='lat' dir='ltr'><strong>igitur,</strong></span> <span class='ocrx_word' id='word_1_147' title='bbox 3304 672 3501 738; x_wconf 77' lang='lat' dir='ltr'><strong>veniet,</strong></span> 
     </span>
    </p>
   </div>
   <div class='ocr_carea' id='block_1_22' title="bbox 1929 758 3505 831">
    <p class='ocr_par' dir='ltr' id='par_1_22' title="bbox 1929 758 3505 831">
     <span class='ocr_line' id='line_1_22' title="bbox 1929 758 3505 831; baseline 0 -15"><span class='ocrx_word' id='word_1_148' title='bbox 1929 762 2123 831; x_wconf 86' lang='lat' dir='ltr'><strong>inquit,</strong></span> <span class='ocrx_word' id='word_1_149' title='bbox 2153 770 2207 815; x_wconf 90' lang='lat' dir='ltr'><strong>et</strong></span> <span class='ocrx_word' id='word_1_150' title='bbox 2234 776 2424 817; x_wconf 90' lang='lat' dir='ltr'><strong>omnes</strong></span> <span class='ocrx_word' id='word_1_151' title='bbox 2472 760 2643 815; x_wconf 82' lang='lat' dir='ltr'><strong>sancti</strong></span> <span class='ocrx_word' id='word_1_152' title='bbox 2687 758 2805 827; x_wconf 88' lang='lat' dir='ltr'><strong>ejus</strong></span> <span class='ocrx_word' id='word_1_153' title='bbox 2859 774 2980 814; x_wconf 93' lang='lat' dir='ltr'><strong>cum</strong></span> <span class='ocrx_word' id='word_1_154' title='bbox 3028 773 3116 825; x_wconf 88' lang='lat' dir='ltr'><strong>eo,</strong></span> <span class='ocrx_word' id='word_1_155' title='bbox 3153 778 3172 812; x_wconf 76' lang='grc' dir='ltr'><strong>ι</strong></span> <span class='ocrx_word' id='word_1_156' title='bbox 3248 759 3353 817; x_wconf 88' lang='lat' dir='ltr'><strong>hoc</strong></span> <span class='ocrx_word' id='word_1_157' title='bbox 3399 769 3505 827; x_wconf 90' lang='lat' dir='ltr'><strong>est,</strong></span> 
     </span>
    </p>
   </div>
   <div class='ocr_carea' id='block_1_23' title="bbox 1928 850 3508 922">
    <p class='ocr_par' dir='ltr' id='par_1_23' title="bbox 1928 850 3508 922">
     <span class='ocr_line' id='line_1_23' title="bbox 1928 850 3508 922; baseline 0 -16"><span class='ocrx_word' id='word_1_158' title='bbox 1928 863 2239 906; x_wconf 87' lang='lat' dir='ltr'><strong>sanctorum</strong></span> <span class='ocrx_word' id='word_1_159' title='bbox 2280 851 2598 921; x_wconf 78' lang='lat' dir='ltr'><strong>angelorum</strong></span> <span class='ocrx_word' id='word_1_160' title='bbox 2635 865 2827 922; x_wconf 88' lang='lat' dir='ltr'><strong>agmen</strong></span> <span class='ocrx_word' id='word_1_161' title='bbox 2871 850 3248 920; x_wconf 89' lang='lat' dir='ltr'><strong>purissimum,</strong></span> <span class='ocrx_word' id='word_1_162' title='bbox 3298 851 3508 921; x_wconf 79' lang='lat' dir='ltr'><strong>stipans</strong></span> 
     </span>
    </p>
   </div>
   <div class='ocr_carea' id='block_1_24' title="bbox 1930 939 3507 998">
    <p class='ocr_par' dir='ltr' id='par_1_24' title="bbox 1930 939 3507 998">
     <span class='ocr_line' id='line_1_24' title="bbox 1930 939 3507 998; baseline -0.002 0"><span class='ocrx_word' id='word_1_163' title='bbox 1930 958 2053 998; x_wconf 92' lang='lat' dir='ltr'><strong>eum</strong></span> <span class='ocrx_word' id='word_1_164' title='bbox 2077 951 2131 998; x_wconf 91' lang='lat' dir='ltr'><strong>et</strong></span> <span class='ocrx_word' id='word_1_165' title='bbox 2160 943 2225 997; x_wconf 91' lang='lat' dir='ltr'><strong>ad</strong></span> <span class='ocrx_word' id='word_1_166' title='bbox 2256 941 2673 998; x_wconf 89' lang='lat' dir='ltr'><strong>ministraudum</strong></span> <span class='ocrx_word' id='word_1_167' title='bbox 2717 941 3006 996; x_wconf 82' lang='lat' dir='ltr'><strong>assistens.</strong></span> <span class='ocrx_word' id='word_1_168' title='bbox 3044 939 3307 996; x_wconf 86' lang='lat' dir='ltr'><strong>Dominus</strong></span> <span class='ocrx_word' id='word_1_169' title='bbox 3362 942 3507 995; x_wconf 85' lang='lat' dir='ltr'><strong>enim</strong></span> 
     </span>
    </p>
   </div>
   <div class='ocr_carea' id='block_1_25' title="bbox 1929 1032 3511 1099">
    <p class='ocr_par' dir='ltr' id='par_1_25' title="bbox 1929 1032 3511 1099">
     <span class='ocr_line' id='line_1_25' title="bbox 1929 1032 3511 1099; baseline -0.003 -8"><span class='ocrx_word' id='word_1_170' title='bbox 1929 1038 2167 1091; x_wconf 88' lang='lat' dir='ltr'><strong>omnium</strong></span> <span class='ocrx_word' id='word_1_171' title='bbox 2202 1045 2286 1091; x_wconf 92' lang='lat' dir='ltr'><strong>est</strong></span> <span class='ocrx_word' id='word_1_172' title='bbox 2326 1034 2667 1099; x_wconf 84' lang='lat' dir='ltr'><strong>Emmanuel,</strong></span> <span class='ocrx_word' id='word_1_173' title='bbox 2718 1042 2773 1088; x_wconf 88' lang='lat' dir='ltr'><strong>et</strong></span> <span class='ocrx_word' id='word_1_174' title='bbox 2826 1034 2897 1089; x_wconf 90' lang='lat' dir='ltr'><strong>ab</strong></span> <span class='ocrx_word' id='word_1_175' title='bbox 2943 1033 3027 1088; x_wconf 88' lang='lat' dir='ltr'><strong>bis</strong></span> <span class='ocrx_word' id='word_1_176' title='bbox 3077 1032 3418 1088; x_wconf 73' lang='lat' dir='ltr'><strong>collaudatur</strong></span> <span class='ocrx_word' id='word_1_177' title='bbox 3450 1040 3511 1087; x_wconf 91' lang='lat' dir='ltr'><strong>ut</strong></span> 
     </span>
    </p>
   </div>
   <div class='ocr_carea' id='block_1_26' title="bbox 1929 1122 3501 1195">
    <p class='ocr_par' dir='ltr' id='par_1_26' title="bbox 1929 1122 3501 1195">
     <span class='ocr_line' id='line_1_26' title="bbox 1929 1122 3501 1195; baseline -0.002 -14"><span class='ocrx_word' id='word_1_178' title='bbox 1929 1128 2091 1192; x_wconf 89' lang='lat' dir='ltr'><strong>Deus,</strong></span> <span class='ocrx_word' id='word_1_179' title='bbox 2126 1135 2181 1183; x_wconf 91' lang='lat' dir='ltr'><strong>et</strong></span> <span class='ocrx_word' id='word_1_180' title='bbox 2211 1126 2371 1181; x_wconf 88' lang='lat' dir='ltr'><strong>simul</strong></span> <span class='ocrx_word' id='word_1_181' title='bbox 2404 1135 2595 1195; x_wconf 83' lang='lat' dir='ltr'><strong>regnat</strong></span> <span class='ocrx_word' id='word_1_182' title='bbox 2638 1139 2762 1180; x_wconf 91' lang='lat' dir='ltr'><strong>cum</strong></span> <span class='ocrx_word' id='word_1_183' title='bbox 2792 1123 2974 1180; x_wconf 84' lang='lat' dir='ltr'><strong>Patre.</strong></span> <span class='ocrx_word' id='word_1_184' title='bbox 3009 1123 3164 1189; x_wconf 84' lang='lat' dir='ltr'><strong>Quod</strong></span> <span class='ocrx_word' id='word_1_185' title='bbox 3199 1122 3244 1179; x_wconf 92' lang='lat' dir='ltr'><strong>si</strong></span> <span class='ocrx_word' id='word_1_186' title='bbox 3273 1123 3399 1194; x_wconf 83' lang='lat' dir='ltr'><strong>quis</strong></span> <span class='ocrx_word' id='word_1_187' title='bbox 3416 1124 3501 1178; x_wconf 87' lang='lat' dir='ltr'><strong>di-</strong></span> 
     </span>
    </p>
   </div>
   <div class='ocr_carea' id='block_1_27' title="bbox 1931 1215 3498 1289">
    <p class='ocr_par' dir='ltr' id='par_1_27' title="bbox 1931 1215 3498 1289">
     <span class='ocr_line' id='line_1_27' title="bbox 1931 1215 3498 1289; baseline -0.004 -14"><span class='ocrx_word' id='word_1_188' title='bbox 1931 1229 2019 1275; x_wconf 90' lang='lat' dir='ltr'><strong>cat</strong></span> <span class='ocrx_word' id='word_1_189' title='bbox 2042 1221 2186 1289; x_wconf 91' lang='lat' dir='ltr'><strong>ipsos</strong></span> <span class='ocrx_word' id='word_1_190' title='bbox 2232 1232 2447 1289; x_wconf 82' lang='lat' dir='ltr'><strong>quoque</strong></span> <span class='ocrx_word' id='word_1_191' title='bbox 2479 1226 2696 1273; x_wconf 87' lang='lat' dir='ltr'><strong>sanctos</strong></span> <span class='ocrx_word' id='word_1_192' title='bbox 2721 1218 2771 1272; x_wconf 92' lang='lat' dir='ltr'><strong>ei</strong></span> <span class='ocrx_word' id='word_1_193' title='bbox 2795 1216 3081 1282; x_wconf 86' lang='lat' dir='ltr'><strong>astituros,</strong></span> <span class='ocrx_word' id='word_1_194' title='bbox 3100 1224 3286 1285; x_wconf 86' lang='lat' dir='ltr'><strong>raptos</strong></span> <span class='ocrx_word' id='word_1_195' title='bbox 3312 1215 3365 1269; x_wconf 89' lang='lat' dir='ltr'><strong>in</strong></span> <span class='ocrx_word' id='word_1_196' title='bbox 3397 1229 3498 1269; x_wconf 88' lang='lat' dir='ltr'><strong>nu—</strong></span> 
     </span>
    </p>
   </div>
   <div class='ocr_carea' id='block_1_28' title="bbox 1930 1306 3495 1379">
    <p class='ocr_par' dir='ltr' id='par_1_28' title="bbox 1930 1306 3495 1379">
     <span class='ocr_line' id='line_1_28' title="bbox 1930 1306 3495 1379; baseline -0.003 -13"><span class='ocrx_word' id='word_1_197' title='bbox 1930 1312 2086 1366; x_wconf 88' lang='lat' dir='ltr'><strong>bibus</strong></span> <span class='ocrx_word' id='word_1_198' title='bbox 2120 1312 2173 1365; x_wconf 91' lang='lat' dir='ltr'><strong>in</strong></span> <span class='ocrx_word' id='word_1_199' title='bbox 2204 1325 2492 1366; x_wconf 90' lang='lat' dir='ltr'><strong>occursum</strong></span> <span class='ocrx_word' id='word_1_200' title='bbox 2527 1309 2644 1379; x_wconf 86' lang='lat' dir='ltr'><strong>ejus</strong></span> <span class='ocrx_word' id='word_1_201' title='bbox 2678 1309 2731 1363; x_wconf 91' lang='lat' dir='ltr'><strong>in</strong></span> <span class='ocrx_word' id='word_1_202' title='bbox 2777 1323 2927 1375; x_wconf 88' lang='lat' dir='ltr'><strong>aera,</strong></span> <span class='ocrx_word' id='word_1_203' title='bbox 2972 1323 3095 1363; x_wconf 90' lang='lat' dir='ltr'><strong>cum</strong></span> <span class='ocrx_word' id='word_1_204' title='bbox 3149 1320 3217 1363; x_wconf 79' lang='lat' dir='ltr'><strong>ex</strong></span> <span class='ocrx_word' id='word_1_205' title='bbox 3266 1306 3495 1362; x_wconf 86' lang='lat' dir='ltr'><strong>mortuis</strong></span> 
     </span>
    </p>
   </div>
   <div class='ocr_carea' id='block_1_29' title="bbox 1934 1398 3492 1471">
    <p class='ocr_par' dir='ltr' id='par_1_29' title="bbox 1934 1398 3492 1471">
     <span class='ocr_line' id='line_1_29' title="bbox 1934 1398 3492 1471; baseline -0.004 -14"><span class='ocrx_word' id='word_1_206' title='bbox 1934 1401 2246 1470; x_wconf 72' lang='lat' dir='ltr'><strong>revixerint,</strong></span> <span class='ocrx_word' id='word_1_207' title='bbox 2276 1412 2334 1456; x_wconf 94' lang='lat' dir='ltr'><strong>ut</strong></span> <span class='ocrx_word' id='word_1_208' title='bbox 2373 1411 2428 1456; x_wconf 92' lang='lat' dir='ltr'><strong>et</strong></span> <span class='ocrx_word' id='word_1_209' title='bbox 2472 1400 2873 1471; x_wconf 86' lang='lat' dir='ltr'><strong>sapientissimo</strong></span> <span class='ocrx_word' id='word_1_210' title='bbox 2910 1399 3079 1455; x_wconf 82' lang='lat' dir='ltr'><strong>Paulo</strong></span> <span class='ocrx_word' id='word_1_211' title='bbox 3116 1400 3288 1454; x_wconf 88' lang='lat' dir='ltr'><strong>visum</strong></span> <span class='ocrx_word' id='word_1_212' title='bbox 3318 1406 3404 1454; x_wconf 89' lang='lat' dir='ltr'><strong>est</strong></span> <span class='ocrx_word' id='word_1_213' title='bbox 3423 1398 3492 1451; x_wconf 79' lang='lat'><strong>‘°.</strong></span> 
     </span>
    </p>
   </div>
   <div class='ocr_carea' id='block_1_30' title="bbox 1931 1488 3494 1563">
    <p class='ocr_par' dir='ltr' id='par_1_30' title="bbox 1931 1488 3494 1563">
     <span class='ocr_line' id='line_1_30' title="bbox 1931 1488 3494 1563; baseline -0.001 -16"><span class='ocrx_word' id='word_1_214' title='bbox 1931 1493 2084 1548; x_wconf 84' lang='lat' dir='ltr'><strong>abeo</strong></span> <span class='ocrx_word' id='word_1_215' title='bbox 2116 1493 2260 1563; x_wconf 87' lang='lat' dir='ltr'><strong>quod</strong></span> <span class='ocrx_word' id='word_1_216' title='bbox 2285 1494 2541 1547; x_wconf 84' lang='lat' dir='ltr'><strong>convenit</strong></span> <span class='ocrx_word' id='word_1_217' title='bbox 2593 1492 2903 1562; x_wconf 87' lang='lat' dir='ltr'><strong>neutiquam</strong></span> <span class='ocrx_word' id='word_1_218' title='bbox 2959 1491 3312 1547; x_wconf 86' lang='lat' dir='ltr'><strong>aberraverit.</strong></span> <span class='ocrx_word' id='word_1_219' title='bbox 3358 1488 3494 1545; x_wconf 81' lang='lat' dir='ltr'><strong>Nam</strong></span> 
     </span>
    </p>
   </div>
   <div class='ocr_carea' id='block_1_31' title="bbox 1936 1579 3508 1651">
    <p class='ocr_par' dir='ltr' id='par_1_31' title="bbox 1936 1579 3508 1651">
     <span class='ocr_line' id='line_1_31' title="bbox 1936 1579 3508 1651; baseline -0.002 -15"><span class='ocrx_word' id='word_1_220' title='bbox 1936 1581 2038 1637; x_wconf 85' lang='lat' dir='ltr'><strong>tale</strong></span> <span class='ocrx_word' id='word_1_221' title='bbox 2068 1582 2195 1651; x_wconf 91' lang='lat' dir='ltr'><strong>quid</strong></span> <span class='ocrx_word' id='word_1_222' title='bbox 2222 1581 2433 1637; x_wconf 87' lang='lat' dir='ltr'><strong>divinus</strong></span> <span class='ocrx_word' id='word_1_223' title='bbox 2456 1597 2671 1651; x_wconf 89' lang='lat' dir='ltr'><strong>quoque</strong></span> <span class='ocrx_word' id='word_1_224' title='bbox 2696 1580 2864 1637; x_wconf 86' lang='lat' dir='ltr'><strong>Isaias</strong></span> <span class='ocrx_word' id='word_1_225' title='bbox 2885 1581 2952 1636; x_wconf 89' lang='lat' dir='ltr'><strong>de</strong></span> <span class='ocrx_word' id='word_1_226' title='bbox 2984 1581 3116 1650; x_wconf 88' lang='lat' dir='ltr'><strong>ipsis</strong></span> <span class='ocrx_word' id='word_1_227' title='bbox 3140 1580 3271 1636; x_wconf 92' lang='lat' dir='ltr'><strong>dicit</strong></span> <span class='ocrx_word' id='word_1_228' title='bbox 3297 1593 3313 1635; x_wconf 91' lang='lat'><strong>:</strong></span> <span class='ocrx_word' id='word_1_229' title='bbox 3345 1598 3364 1634; x_wconf 81' lang='grc' dir='ltr'><strong>ι</strong></span> <span class='ocrx_word' id='word_1_230' title='bbox 3397 1579 3508 1634; x_wconf 89' lang='lat' dir='ltr'><strong>illic</strong></span> 
     </span>
    </p>
   </div>
   <div class='ocr_carea' id='block_1_32' title="bbox 1932 1672 3507 1737">
    <p class='ocr_par' dir='ltr' id='par_1_32' title="bbox 1932 1672 3507 1737">
     <span class='ocr_line' id='line_1_32' title="bbox 1932 1672 3507 1737; baseline -0.003 -9"><span class='ocrx_word' id='word_1_231' title='bbox 1932 1687 2110 1728; x_wconf 75' lang='lat' dir='ltr'><strong>cerva:</strong></span> <span class='ocrx_word' id='word_1_232' title='bbox 2153 1682 2532 1737; x_wconf 87' lang='lat' dir='ltr'><strong>occurrerunt,</strong></span> <span class='ocrx_word' id='word_1_233' title='bbox 2557 1681 2612 1727; x_wconf 91' lang='lat' dir='ltr'><strong>et</strong></span> <span class='ocrx_word' id='word_1_234' title='bbox 2657 1672 2911 1727; x_wconf 88' lang='lat' dir='ltr'><strong>viderunt</strong></span> <span class='ocrx_word' id='word_1_235' title='bbox 2959 1672 3128 1727; x_wconf 82' lang='lat' dir='ltr'><strong>facies</strong></span> <span class='ocrx_word' id='word_1_236' title='bbox 3155 1672 3222 1727; x_wconf 91' lang='lat' dir='ltr'><strong>ad</strong></span> <span class='ocrx_word' id='word_1_237' title='bbox 3246 1672 3507 1728; x_wconf 89' lang='lat' dir='ltr'><strong>invicem.</strong></span> 
     </span>
    </p>
   </div>
   <div class='ocr_carea' id='block_1_33' title="bbox 1933 1762 3503 1832">
    <p class='ocr_par' dir='ltr' id='par_1_33' title="bbox 1933 1762 3503 1832">
     <span class='ocr_line' id='line_1_33' title="bbox 1933 1762 3503 1832; baseline -0.001 -16"><span class='ocrx_word' id='word_1_238' title='bbox 1933 1762 2176 1819; x_wconf 85' lang='lat' dir='ltr'><strong>Numero</strong></span> <span class='ocrx_word' id='word_1_239' title='bbox 2209 1764 2564 1827; x_wconf 88' lang='lat' dir='ltr'><strong>transierunt,</strong></span> <span class='ocrx_word' id='word_1_240' title='bbox 2597 1772 2650 1817; x_wconf 88' lang='lat' dir='ltr'><strong>et</strong></span> <span class='ocrx_word' id='word_1_241' title='bbox 2672 1779 2775 1816; x_wconf 87' lang='lat' dir='ltr'><strong>una</strong></span> <span class='ocrx_word' id='word_1_242' title='bbox 2805 1777 2869 1817; x_wconf 80' lang='lat' dir='ltr'><strong>ex</strong></span> <span class='ocrx_word' id='word_1_243' title='bbox 2900 1763 2980 1817; x_wconf 87' lang='lat' dir='ltr'><strong>eis</strong></span> <span class='ocrx_word' id='word_1_244' title='bbox 3009 1779 3114 1817; x_wconf 92' lang='lat' dir='ltr'><strong>non</strong></span> <span class='ocrx_word' id='word_1_245' title='bbox 3141 1762 3503 1832; x_wconf 79' lang='lat' dir='ltr'><strong>periit,altera</strong></span> 
     </span>
    </p>
   </div>
   <div class='ocr_carea' id='block_1_34' title="bbox 220 1850 1846 1932">
    <p class='ocr_par' dir='ltr' id='par_1_34' title="bbox 220 1850 1825 1932">
     <span class='ocr_line' id='line_1_34' title="bbox 220 1850 1825 1932; baseline 0.009 -30"><span class='ocrx_word' id='word_1_246' title='bbox 220 1850 254 1902; x_wconf 75' lang='grc' dir='ltr'>ὁ</span> <span class='ocrx_word' id='word_1_247' title='bbox 310 1851 615 1919; x_wconf 81' lang='grc' dir='ltr'>θεσπέσιος</span> <span class='ocrx_word' id='word_1_248' title='bbox 651 1857 877 1922; x_wconf 78' lang='grc' dir='ltr'>Ἡσαΐας</span> <span class='ocrx_word' id='word_1_249' title='bbox 925 1861 1055 1931; x_wconf 72' lang='grc' dir='ltr'>περὶ</span> <span class='ocrx_word' id='word_1_250' title='bbox 1112 1863 1325 1916; x_wconf 57' lang='grc' dir='ltr'>αὐτῶν</span> <span class='ocrx_word' id='word_1_251' title='bbox 1381 1880 1401 1915; x_wconf 74' lang='grc' dir='ltr'><strong>ι</strong></span> <span class='ocrx_word' id='word_1_252' title='bbox 1446 1865 1593 1917; x_wconf 81' lang='grc' dir='ltr'>Ἐκεῖ</span> <span class='ocrx_word' id='word_1_253' title='bbox 1638 1864 1825 1932; x_wconf 78' lang='grc' dir='ltr'>ἔλαφοι</span> 
     </span>
    </p>
   </div>
   <div class='ocr_carea' id='block_1_35' title="bbox 1933 1850 3517 1932">
    <p class='ocr_par' dir='ltr' id='par_1_35' title="bbox 1933 1853 3517 1924">
     <span class='ocr_line' id='line_1_35' title="bbox 1933 1853 3517 1924; baseline 0 -17"><span class='ocrx_word' id='word_1_254' title='bbox 1933 1854 2156 1908; x_wconf 83' lang='lat' dir='ltr'><strong>alteram</strong></span> <span class='ocrx_word' id='word_1_255' title='bbox 2190 1869 2294 1908; x_wconf 91' lang='lat' dir='ltr'><strong>non</strong></span> <span class='ocrx_word' id='word_1_256' title='bbox 2326 1855 2679 1924; x_wconf 58' lang='lat' dir='ltr'><strong>quaesierunt.</strong></span> <span class='ocrx_word' id='word_1_257' title='bbox 2703 1854 2838 1919; x_wconf 87' lang='lat' dir='ltr'><strong>Quia</strong></span> <span class='ocrx_word' id='word_1_258' title='bbox 2866 1855 3124 1908; x_wconf 90' lang='lat' dir='ltr'><strong>Dominus</strong></span> <span class='ocrx_word' id='word_1_259' title='bbox 3147 1853 3278 1923; x_wconf 90' lang='lat' dir='ltr'><strong>ipsis</strong></span> <span class='ocrx_word' id='word_1_260' title='bbox 3304 1867 3517 1921; x_wconf 59' lang='lat' dir='ltr'><strong>prece-</strong></span> 
     </span>
    </p>
   </div>
   <div class='ocr_carea' id='block_1_36' title="bbox 223 1942 1833 2026">
    <p class='ocr_par' dir='ltr' id='par_1_36' title="bbox 223 1942 1833 2026">
     <span class='ocr_line' id='line_1_36' title="bbox 223 1942 1833 2026; baseline 0.006 -28"><span class='ocrx_word' id='word_1_261' title='bbox 223 1942 613 2016; x_wconf 82' lang='grc' dir='ltr'>συνήντησαν,</span> <span class='ocrx_word' id='word_1_262' title='bbox 636 1947 731 2001; x_wconf 77' lang='grc' dir='ltr'><strong>καὶ</strong></span> <span class='ocrx_word' id='word_1_263' title='bbox 761 1942 900 2004; x_wconf 80' lang='grc' dir='ltr'>εἶδον</span> <span class='ocrx_word' id='word_1_264' title='bbox 918 1955 988 2007; x_wconf 83' lang='grc' dir='ltr'><strong>τά</strong></span> <span class='ocrx_word' id='word_1_265' title='bbox 1011 1953 1281 2024; x_wconf 87' lang='grc' dir='ltr'>πρόσωπα</span> <span class='ocrx_word' id='word_1_266' title='bbox 1301 1954 1565 2026; x_wconf 86' lang='grc' dir='ltr'>ἀλλήλων.</span> <span class='ocrx_word' id='word_1_267' title='bbox 1586 1953 1833 2026; x_wconf 84' lang='grc' dir='ltr'>Ἀριθμῴ</span> 
     </span>
    </p>
   </div>
   <div class='ocr_carea' id='block_1_37' title="bbox 221 2036 1837 2118">
    <p class='ocr_par' dir='ltr' id='par_1_37' title="bbox 221 2036 1837 2118">
     <span class='ocr_line' id='line_1_37' title="bbox 221 2036 1837 2118; baseline 0.011 -35"><span class='ocrx_word' id='word_1_268' title='bbox 221 2036 551 2105; x_wconf 83' lang='grc' dir='ltr'>παρῆλθον,</span> <span class='ocrx_word' id='word_1_269' title='bbox 586 2040 679 2093; x_wconf 78' lang='grc' dir='ltr'><strong>καὶ</strong></span> <span class='ocrx_word' id='word_1_270' title='bbox 716 2042 813 2111; x_wconf 90' lang='grc' dir='ltr'><strong>μία</strong></span> <span class='ocrx_word' id='word_1_271' title='bbox 844 2043 1024 2098; x_wconf 79' lang='grc' dir='ltr'>αὐτῶν</span> <span class='ocrx_word' id='word_1_272' title='bbox 1052 2046 1153 2098; x_wconf 81' lang='grc' dir='ltr'><strong>οὐκ</strong></span> <span class='ocrx_word' id='word_1_273' title='bbox 1210 2045 1477 2111; x_wconf 83' lang='grc' dir='ltr'>ἀπώλετο,</span> <span class='ocrx_word' id='word_1_274' title='bbox 1525 2046 1686 2118; x_wconf 78' lang='grc' dir='ltr'>ἑτέρα</span> <span class='ocrx_word' id='word_1_275' title='bbox 1734 2046 1837 2117; x_wconf 80' lang='grc' dir='ltr'><strong>τὴν</strong></span> 
     </span>
    </p>
   </div>
   <div class='ocr_carea' id='block_1_38' title="bbox 224 2126 1826 2213">
    <p class='ocr_par' dir='ltr' id='par_1_38' title="bbox 224 2126 1826 2213">
     <span class='ocr_line' id='line_1_38' title="bbox 224 2126 1826 2213; baseline 0.009 -36"><span class='ocrx_word' id='word_1_276' title='bbox 224 2126 451 2197; x_wconf 72' lang='grc' dir='ltr'>ἑτέραν</span> <span class='ocrx_word' id='word_1_277' title='bbox 473 2129 572 2183; x_wconf 77' lang='grc' dir='ltr'><strong>οὐκ</strong></span> <span class='ocrx_word' id='word_1_278' title='bbox 601 2130 1026 2213; x_wconf 53' lang='grc' dir='ltr'>ὲξὴςεησανίύτι</span> <span class='ocrx_word' id='word_1_279' title='bbox 1049 2138 1255 2208; x_wconf 84' lang='grc' dir='ltr'>Κύριος</span> <span class='ocrx_word' id='word_1_280' title='bbox 1282 2137 1591 2192; x_wconf 81' lang='grc' dir='ltr'>ἐνετείλατο</span> <span class='ocrx_word' id='word_1_281' title='bbox 1614 2139 1826 2203; x_wconf 74' lang='grc' dir='ltr'>αὑταῖς,</span> 
     </span>
    </p>
   </div>
   <div class='ocr_carea' id='block_1_39' title="bbox 221 2216 1835 2300">
    <p class='ocr_par' dir='ltr' id='par_1_39' title="bbox 221 2216 1835 2300">
     <span class='ocr_line' id='line_1_39' title="bbox 221 2216 1835 2300; baseline 0.008 -33"><span class='ocrx_word' id='word_1_282' title='bbox 221 2216 332 2269; x_wconf 75' lang='grc' dir='ltr'><strong>καὶ</strong></span> <span class='ocrx_word' id='word_1_283' title='bbox 377 2219 445 2271; x_wconf 80' lang='grc' dir='ltr'>τὸ</span> <span class='ocrx_word' id='word_1_284' title='bbox 482 2221 699 2292; x_wconf 84' lang='grc' dir='ltr'>πνεῦμα</span> <span class='ocrx_word' id='word_1_285' title='bbox 738 2225 901 2278; x_wconf 78' lang='grc' dir='ltr'>αὐτοῦ</span> <span class='ocrx_word' id='word_1_286' title='bbox 956 2228 1263 2300; x_wconf 78' lang='grc' dir='ltr'>συνήγαγεν</span> <span class='ocrx_word' id='word_1_287' title='bbox 1314 2230 1531 2293; x_wconf 79' lang='grc' dir='ltr'>αὐτούς.</span> <span class='ocrx_word' id='word_1_288' title='bbox 1570 2250 1589 2282; x_wconf 76' lang='grc' dir='ltr'><strong>ι</strong></span> <span class='ocrx_word' id='word_1_289' title='bbox 1624 2230 1835 2284; x_wconf 83' lang='grc' dir='ltr'>Ψάλλει</span> 
     </span>
    </p>
   </div>
   <div class='ocr_carea' id='block_1_40' title="bbox 221 2306 1832 2390">
    <p class='ocr_par' dir='ltr' id='par_1_40' title="bbox 221 2306 1832 2390">
     <span class='ocr_line' id='line_1_40' title="bbox 221 2306 1832 2390; baseline 0.008 -31"><span class='ocrx_word' id='word_1_290' title='bbox 221 2306 290 2360; x_wconf 72' lang='grc' dir='ltr'>δὲ</span> <span class='ocrx_word' id='word_1_291' title='bbox 342 2311 450 2363; x_wconf 78' lang='grc' dir='ltr'>καὶ</span> <span class='ocrx_word' id='word_1_292' title='bbox 495 2312 524 2363; x_wconf 90' lang='grc' dir='ltr'><strong>ό</strong></span> <span class='ocrx_word' id='word_1_293' title='bbox 567 2312 852 2378; x_wconf 81' lang='grc' dir='ltr'>θεσπέσιος</span> <span class='ocrx_word' id='word_1_294' title='bbox 896 2317 1090 2382; x_wconf 75' lang='grc' dir='ltr'>Δαόὶδ,</span> <span class='ocrx_word' id='word_1_295' title='bbox 1128 2319 1227 2390; x_wconf 78' lang='grc' dir='ltr'>τὴν</span> <span class='ocrx_word' id='word_1_296' title='bbox 1272 2318 1329 2385; x_wconf 72' lang='grc' dir='ltr'><strong>ἐξ</strong></span> <span class='ocrx_word' id='word_1_297' title='bbox 1381 2319 1628 2389; x_wconf 82' lang='grc' dir='ltr'>οὐρανῶν</span> <span class='ocrx_word' id='word_1_298' title='bbox 1662 2337 1832 2374; x_wconf 81' lang='grc' dir='ltr'>κατα-</span> 
     </span>
    </p>
   </div>
   <div class='ocr_carea' id='block_1_41' title="bbox 223 2396 1836 2481">
    <p class='ocr_par' dir='ltr' id='par_1_41' title="bbox 223 2396 1836 2481">
     <span class='ocr_line' id='line_1_41' title="bbox 223 2396 1836 2481; baseline 0.018 -33"><span class='ocrx_word' id='word_1_299' title='bbox 223 2396 501 2469; x_wconf 85' lang='grc' dir='ltr'>φοίτησιν</span> <span class='ocrx_word' id='word_1_300' title='bbox 541 2401 635 2455; x_wconf 80' lang='grc' dir='ltr'>τοῦ</span> <span class='ocrx_word' id='word_1_301' title='bbox 667 2403 882 2458; x_wconf 82' lang='grc' dir='ltr'>πάντων</span> <span class='ocrx_word' id='word_1_302' title='bbox 914 2406 1070 2476; x_wconf 79' lang='grc' dir='ltr'>ἡμῶν</span> <span class='ocrx_word' id='word_1_303' title='bbox 1119 2408 1371 2478; x_wconf 82' lang='grc' dir='ltr'>Σωτῆρος</span> <span class='ocrx_word' id='word_1_304' title='bbox 1418 2408 1655 2480; x_wconf 83' lang='grc' dir='ltr'>Χριστοῦ</span> <span class='ocrx_word' id='word_1_305' title='bbox 1698 2426 1836 2481; x_wconf 78' lang='grc' dir='ltr'>προ-</span> 
     </span>
    </p>
   </div>
   <div class='ocr_carea' id='block_1_42' title="bbox 227 2492 1835 2572">
    <p class='ocr_par' dir='ltr' id='par_1_42' title="bbox 227 2492 1835 2572">
     <span class='ocr_line' id='line_1_42' title="bbox 227 2492 1835 2572; baseline 0.009 -29"><span class='ocrx_word' id='word_1_306' title='bbox 227 2492 594 2558; x_wconf 67' lang='grc' dir='ltr'>αναφωνῶνο</span> <span class='ocrx_word' id='word_1_307' title='bbox 639 2494 801 2550; x_wconf 83' lang='grc' dir='ltr'>«Ὅτι</span> <span class='ocrx_word' id='word_1_308' title='bbox 852 2499 953 2552; x_wconf 81' lang='grc' dir='ltr'><strong>οὐκ</strong></span> <span class='ocrx_word' id='word_1_309' title='bbox 996 2498 1277 2553; x_wconf 83' lang='grc' dir='ltr'>ἀπώσεται</span> <span class='ocrx_word' id='word_1_310' title='bbox 1328 2500 1533 2572; x_wconf 84' lang='grc' dir='ltr'>Κύριος</span> <span class='ocrx_word' id='word_1_311' title='bbox 1568 2500 1659 2555; x_wconf 82' lang='grc' dir='ltr'><strong>τὸν</strong></span> <span class='ocrx_word' id='word_1_312' title='bbox 1706 2500 1835 2557; x_wconf 76' lang='grc' dir='ltr'>λαὸν</span> 
     </span>
    </p>
   </div>
   <div class='ocr_carea' id='block_1_43' title="bbox 229 2576 1833 2664">
    <p class='ocr_par' dir='ltr' id='par_1_43' title="bbox 229 2576 1833 2664">
     <span class='ocr_line' id='line_1_43' title="bbox 229 2576 1833 2664; baseline 0.008 -30"><span class='ocrx_word' id='word_1_313' title='bbox 229 2576 440 2647; x_wconf 76' lang='grc' dir='ltr'>αὐτοῦ,</span> <span class='ocrx_word' id='word_1_314' title='bbox 472 2585 566 2638; x_wconf 72' lang='grc' dir='ltr'><strong>καὶ</strong></span> <span class='ocrx_word' id='word_1_315' title='bbox 586 2585 686 2656; x_wconf 81' lang='grc' dir='ltr'>τὴν</span> <span class='ocrx_word' id='word_1_316' title='bbox 707 2588 1075 2661; x_wconf 82' lang='grc' dir='ltr'>κληρονομίαν</span> <span class='ocrx_word' id='word_1_317' title='bbox 1100 2592 1265 2645; x_wconf 68' lang='grc' dir='ltr'>αὑτοῦ</span> <span class='ocrx_word' id='word_1_318' title='bbox 1294 2593 1394 2647; x_wconf 74' lang='grc' dir='ltr'><strong>οὐκ</strong></span> <span class='ocrx_word' id='word_1_319' title='bbox 1427 2594 1833 2664; x_wconf 66' lang='grc' dir='ltr'>ἐγκαταλείψει,</span> 
     </span>
    </p>
   </div>
   <div class='ocr_carea' id='block_1_44' title="bbox 230 2666 1835 2755">
    <p class='ocr_par' dir='ltr' id='par_1_44' title="bbox 230 2666 1835 2755">
     <span class='ocr_line' id='line_1_44' title="bbox 230 2666 1835 2755; baseline 0.007 -29"><span class='ocrx_word' id='word_1_320' title='bbox 230 2670 348 2736; x_wconf 81' lang='grc' dir='ltr'>ῑως</span> <span class='ocrx_word' id='word_1_321' title='bbox 369 2666 438 2727; x_wconf 73' lang='grc' dir='ltr'>οὗ</span> <span class='ocrx_word' id='word_1_322' title='bbox 463 2673 776 2746; x_wconf 76' lang='grc' dir='ltr'>δικαιοσύνη</span> <span class='ocrx_word' id='word_1_323' title='bbox 799 2679 1100 2752; x_wconf 75' lang='grc' dir='ltr'>ἐπιστρέψῃ</span> <span class='ocrx_word' id='word_1_324' title='bbox 1124 2683 1202 2745; x_wconf 83' lang='grc' dir='ltr'><strong>είς</strong></span> <span class='ocrx_word' id='word_1_325' title='bbox 1225 2683 1427 2753; x_wconf 87' lang='grc' dir='ltr'>κρίσιν,</span> <span class='ocrx_word' id='word_1_326' title='bbox 1462 2685 1555 2737; x_wconf 79' lang='grc' dir='ltr'><strong>καὶ</strong></span> <span class='ocrx_word' id='word_1_327' title='bbox 1586 2684 1835 2755; x_wconf 79' lang='grc' dir='ltr'>ἐχόμενοι</span> 
     </span>
    </p>
   </div>
   <div class='ocr_carea' id='block_1_45' title="bbox 233 2763 1835 2846">
    <p class='ocr_par' dir='ltr' id='par_1_45' title="bbox 233 2763 1835 2846">
     <span class='ocr_line' id='line_1_45' title="bbox 233 2763 1835 2846; baseline 0.009 -31"><span class='ocrx_word' id='word_1_328' title='bbox 233 2763 425 2833; x_wconf 80' lang='grc' dir='ltr'>αὐτῆς</span> <span class='ocrx_word' id='word_1_329' title='bbox 470 2764 670 2830; x_wconf 83' lang='grc' dir='ltr'>πάντες</span> <span class='ocrx_word' id='word_1_330' title='bbox 714 2768 765 2821; x_wconf 74' lang='lat' dir='ltr'><strong>oi</strong></span> <span class='ocrx_word' id='word_1_331' title='bbox 808 2768 986 2833; x_wconf 79' lang='grc' dir='ltr'>εὐθείς</span> <span class='ocrx_word' id='word_1_332' title='bbox 1030 2774 1097 2844; x_wconf 79' lang='grc' dir='ltr'>τῇ</span> <span class='ocrx_word' id='word_1_333' title='bbox 1149 2774 1366 2844; x_wconf 82' lang='grc' dir='ltr'>καρδίᾳ.</span> <span class='ocrx_word' id='word_1_334' title='bbox 1401 2794 1419 2825; x_wconf 78' lang='grc' dir='ltr'><strong>ι</strong></span> <span class='ocrx_word' id='word_1_335' title='bbox 1474 2774 1835 2846; x_wconf 83' lang='grc' dir='ltr'>Δικαιοσύνην</span> 
     </span>
    </p>
   </div>
   <div class='ocr_carea' id='block_1_46' title="bbox 238 2854 1836 2937">
    <p class='ocr_par' dir='ltr' id='par_1_46' title="bbox 238 2854 1836 2937">
     <span class='ocr_line' id='line_1_46' title="bbox 238 2854 1836 2937; baseline 0.009 -30"><span class='ocrx_word' id='word_1_336' title='bbox 238 2854 347 2925; x_wconf 79' lang='grc' dir='ltr'><strong>μὲν</strong></span> <span class='ocrx_word' id='word_1_337' title='bbox 372 2854 490 2927; x_wconf 87' lang='grc' dir='ltr'><strong>γάρ</strong></span> <span class='ocrx_word' id='word_1_338' title='bbox 512 2857 770 2928; x_wconf 72' lang='grc' dir='ltr'>ὀνομάζει</span> <span class='ocrx_word' id='word_1_339' title='bbox 803 2860 1060 2931; x_wconf 79' lang='grc' dir='ltr'>Χριστὸν,</span> <span class='ocrx_word' id='word_1_340' title='bbox 1095 2864 1417 2935; x_wconf 72' lang='grc' dir='ltr'>ἐπιστρέψαι</span> <span class='ocrx_word' id='word_1_341' title='bbox 1451 2865 1508 2918; x_wconf 86' lang='grc' dir='ltr'><strong>δέ</strong></span> <span class='ocrx_word' id='word_1_342' title='bbox 1545 2883 1711 2937; x_wconf 87' lang='grc' dir='ltr'>φησιν</span> <span class='ocrx_word' id='word_1_343' title='bbox 1754 2868 1836 2931; x_wconf 89' lang='grc' dir='ltr'>εἰς</span> 
     </span>
    </p>
   </div>
   <div class='ocr_carea' id='block_1_47' title="bbox 234 2945 1834 3027">
    <p class='ocr_par' dir='ltr' id='par_1_47' title="bbox 234 2945 1834 3027">
     <span class='ocr_line' id='line_1_47' title="bbox 234 2945 1834 3027; baseline 0.008 -28"><span class='ocrx_word' id='word_1_344' title='bbox 234 2945 435 3018; x_wconf 85' lang='grc' dir='ltr'>κρίσιν</span> <span class='ocrx_word' id='word_1_345' title='bbox 469 2948 652 3003; x_wconf 80' lang='grc' dir='ltr'>αὐτόν.</span> <span class='ocrx_word' id='word_1_346' title='bbox 671 2950 972 3023; x_wconf 72' lang='grc' dir='ltr'>Ἀνελὴφθη</span> <span class='ocrx_word' id='word_1_347' title='bbox 1003 2953 1102 3023; x_wconf 84' lang='grc' dir='ltr'>μὲν</span> <span class='ocrx_word' id='word_1_348' title='bbox 1132 2954 1241 3025; x_wconf 84' lang='grc' dir='ltr'><strong>γὰρ</strong></span> <span class='ocrx_word' id='word_1_349' title='bbox 1267 2956 1515 3027; x_wconf 80' lang='grc' dir='ltr'>πατήσας</span> <span class='ocrx_word' id='word_1_350' title='bbox 1548 2957 1637 3011; x_wconf 84' lang='grc' dir='ltr'>τὸν</span> <span class='ocrx_word' id='word_1_351' title='bbox 1667 2958 1834 3014; x_wconf 85' lang='grc' dir='ltr'>θάνα-</span> 
     </span>
    </p>
   </div>
   <div class='ocr_carea' id='block_1_48' title="bbox 233 3036 1836 3117">
    <p class='ocr_par' dir='ltr' id='par_1_48' title="bbox 233 3036 1836 3117">
     <span class='ocr_line' id='line_1_48' title="bbox 233 3036 1836 3117; baseline 0.009 -30"><span class='ocrx_word' id='word_1_352' title='bbox 233 3051 354 3101; x_wconf 85' lang='grc' dir='ltr'>τον,</span> <span class='ocrx_word' id='word_1_353' title='bbox 405 3037 510 3090; x_wconf 75' lang='grc' dir='ltr'><strong>καὶ</strong></span> <span class='ocrx_word' id='word_1_354' title='bbox 552 3036 720 3110; x_wconf 79' lang='grc' dir='ltr'>ἀνέϐη</span> <span class='ocrx_word' id='word_1_355' title='bbox 767 3039 906 3110; x_wconf 82' lang='grc' dir='ltr'>πρὸς</span> <span class='ocrx_word' id='word_1_356' title='bbox 946 3040 1037 3094; x_wconf 85' lang='grc' dir='ltr'><strong>τὸν</strong></span> <span class='ocrx_word' id='word_1_357' title='bbox 1086 3042 1144 3095; x_wconf 78' lang='grc' dir='ltr'>ὲν</span> <span class='ocrx_word' id='word_1_358' title='bbox 1185 3044 1435 3114; x_wconf 81' lang='grc' dir='ltr'>οὐρανοῖς</span> <span class='ocrx_word' id='word_1_359' title='bbox 1476 3045 1697 3117; x_wconf 81' lang='grc' dir='ltr'>Πατέρα</span> <span class='ocrx_word' id='word_1_360' title='bbox 1742 3048 1836 3100; x_wconf 75' lang='grc' dir='ltr'>καὶ</span> 
     </span>
    </p>
   </div>
   <div class='ocr_carea' id='block_1_49' title="bbox 235 3125 1835 3208">
    <p class='ocr_par' dir='ltr' id='par_1_49' title="bbox 235 3125 1835 3208">
     <span class='ocr_line' id='line_1_49' title="bbox 235 3125 1835 3208; baseline 0.008 -29"><span class='ocrx_word' id='word_1_361' title='bbox 235 3125 397 3181; x_wconf 83' lang='grc' dir='ltr'>Θεόν.</span> <span class='ocrx_word' id='word_1_362' title='bbox 446 3126 588 3181; x_wconf 85' lang='grc' dir='ltr'>Ἀλλ’</span> <span class='ocrx_word' id='word_1_363' title='bbox 620 3129 903 3200; x_wconf 70' lang='grc' dir='ltr'>ἐπιτρέψει</span> <span class='ocrx_word' id='word_1_364' title='bbox 948 3130 1090 3185; x_wconf 83' lang='grc' dir='ltr'>κατὰ</span> <span class='ocrx_word' id='word_1_365' title='bbox 1118 3136 1345 3204; x_wconf 83' lang='grc' dir='ltr'>καιροὺς</span> <span class='ocrx_word' id='word_1_366' title='bbox 1384 3137 1464 3200; x_wconf 85' lang='grc' dir='ltr'><strong>είς</strong></span> <span class='ocrx_word' id='word_1_367' title='bbox 1495 3137 1699 3208; x_wconf 87' lang='grc' dir='ltr'>κρίσιν,</span> <span class='ocrx_word' id='word_1_368' title='bbox 1736 3138 1835 3191; x_wconf 78' lang='grc' dir='ltr'><strong>καὶ</strong></span> 
     </span>
    </p>
   </div>
   <div class='ocr_carea' id='block_1_50' title="bbox 1936 1942 3514 2016">
    <p class='ocr_par' dir='ltr' id='par_1_50' title="bbox 1936 1942 3514 2016">
     <span class='ocr_line' id='line_1_50' title="bbox 1936 1942 3514 2016; baseline -0.001 -18"><span class='ocrx_word' id='word_1_369' title='bbox 1936 1945 2034 2016; x_wconf 88' lang='lat' dir='ltr'><strong>pit,</strong></span> <span class='ocrx_word' id='word_1_370' title='bbox 2064 1956 2119 2000; x_wconf 91' lang='lat' dir='ltr'><strong>et</strong></span> <span class='ocrx_word' id='word_1_371' title='bbox 2141 1944 2366 2015; x_wconf 86' lang='lat' dir='ltr'><strong>spiritus</strong></span> <span class='ocrx_word' id='word_1_372' title='bbox 2396 1944 2513 2012; x_wconf 89' lang='lat' dir='ltr'><strong>ejus</strong></span> <span class='ocrx_word' id='word_1_373' title='bbox 2536 1942 2887 2015; x_wconf 78' lang='lat' dir='ltr'><strong>congregavit</strong></span> <span class='ocrx_word' id='word_1_374' title='bbox 2909 1942 3087 1998; x_wconf 81' lang='lat' dir='ltr'><strong>eos“.</strong></span> <span class='ocrx_word' id='word_1_375' title='bbox 3114 1962 3135 1996; x_wconf 83' lang='grc'>›</span> <span class='ocrx_word' id='word_1_376' title='bbox 3167 1942 3353 1997; x_wconf 87' lang='lat' dir='ltr'><strong>Psallit</strong></span> <span class='ocrx_word' id='word_1_377' title='bbox 3376 1957 3514 2013; x_wconf 56' lang='lat' dir='ltr'><strong>quo-</strong></span> 
     </span>
    </p>
   </div>
   <div class='ocr_carea' id='block_1_51' title="bbox 1933 2033 3514 2107">
    <p class='ocr_par' dir='ltr' id='par_1_51' title="bbox 1933 2033 3514 2107">
     <span class='ocr_line' id='line_1_51' title="bbox 1933 2033 3514 2107; baseline -0.004 -15"><span class='ocrx_word' id='word_1_378' title='bbox 1933 2053 2039 2107; x_wconf 86' lang='lat' dir='ltr'><strong>que</strong></span> <span class='ocrx_word' id='word_1_379' title='bbox 2076 2037 2289 2091; x_wconf 87' lang='lat' dir='ltr'><strong>divinus</strong></span> <span class='ocrx_word' id='word_1_380' title='bbox 2313 2034 2483 2089; x_wconf 90' lang='lat' dir='ltr'><strong>David</strong></span> <span class='ocrx_word' id='word_1_381' title='bbox 2508 2036 2829 2089; x_wconf 87' lang='lat' dir='ltr'><strong>descensum</strong></span> <span class='ocrx_word' id='word_1_382' title='bbox 2874 2048 2903 2089; x_wconf 86' lang='lat' dir='ltr'><strong>e</strong></span> <span class='ocrx_word' id='word_1_383' title='bbox 2933 2033 3081 2089; x_wconf 75' lang='lat' dir='ltr'><strong>coelo</strong></span> <span class='ocrx_word' id='word_1_384' title='bbox 3134 2033 3374 2087; x_wconf 90' lang='lat' dir='ltr'><strong>omnium</strong></span> <span class='ocrx_word' id='word_1_385' title='bbox 3416 2046 3514 2087; x_wconf 84' lang='lat' dir='ltr'><strong>no-</strong></span> 
     </span>
    </p>
   </div>
   <div class='ocr_carea' id='block_1_52' title="bbox 1937 2127 3514 2198">
    <p class='ocr_par' dir='ltr' id='par_1_52' title="bbox 1937 2127 3514 2198">
     <span class='ocr_line' id='line_1_52' title="bbox 1937 2127 3514 2198; baseline -0.003 -12"><span class='ocrx_word' id='word_1_386' title='bbox 1937 2142 2111 2186; x_wconf 90' lang='lat' dir='ltr'><strong>strum</strong></span> <span class='ocrx_word' id='word_1_387' title='bbox 2140 2128 2440 2185; x_wconf 87' lang='lat' dir='ltr'><strong>Salvatoris</strong></span> <span class='ocrx_word' id='word_1_388' title='bbox 2478 2127 2884 2198; x_wconf 69' lang='lat' dir='ltr'><strong>praenuntians:</strong></span> <span class='ocrx_word' id='word_1_389' title='bbox 2922 2145 2939 2179; x_wconf 80' lang='grc' dir='ltr'><strong>ι</strong></span> <span class='ocrx_word' id='word_1_390' title='bbox 2980 2127 3116 2195; x_wconf 86' lang='lat' dir='ltr'><strong>Quia</strong></span> <span class='ocrx_word' id='word_1_391' title='bbox 3142 2143 3248 2183; x_wconf 88' lang='lat' dir='ltr'><strong>non</strong></span> <span class='ocrx_word' id='word_1_392' title='bbox 3288 2127 3514 2198; x_wconf 86' lang='lat' dir='ltr'><strong>repellet</strong></span> 
     </span>
    </p>
   </div>
   <div class='ocr_carea' id='block_1_53' title="bbox 1937 2219 3513 2291">
    <p class='ocr_par' dir='ltr' id='par_1_53' title="bbox 1937 2219 3513 2291">
     <span class='ocr_line' id='line_1_53' title="bbox 1937 2219 3513 2291; baseline 0.001 -17"><span class='ocrx_word' id='word_1_393' title='bbox 1937 2221 2197 2275; x_wconf 91' lang='lat' dir='ltr'><strong>Dominus</strong></span> <span class='ocrx_word' id='word_1_394' title='bbox 2217 2221 2423 2291; x_wconf 87' lang='lat' dir='ltr'><strong>plebem</strong></span> <span class='ocrx_word' id='word_1_395' title='bbox 2447 2236 2624 2286; x_wconf 87' lang='lat' dir='ltr'><strong>suam,</strong></span> <span class='ocrx_word' id='word_1_396' title='bbox 2646 2230 2701 2275; x_wconf 91' lang='lat' dir='ltr'><strong>et</strong></span> <span class='ocrx_word' id='word_1_397' title='bbox 2722 2220 3090 2275; x_wconf 85' lang='lat' dir='ltr'><strong>haereditatem</strong></span> <span class='ocrx_word' id='word_1_398' title='bbox 3116 2235 3267 2276; x_wconf 87' lang='lat' dir='ltr'><strong>suam</strong></span> <span class='ocrx_word' id='word_1_399' title='bbox 3291 2235 3397 2274; x_wconf 92' lang='lat' dir='ltr'><strong>non</strong></span> <span class='ocrx_word' id='word_1_400' title='bbox 3417 2219 3513 2275; x_wconf 83' lang='lat' dir='ltr'><strong>de-</strong></span> 
     </span>
    </p>
   </div>
   <div class='ocr_carea' id='block_1_54' title="bbox 1938 2310 3513 2382">
    <p class='ocr_par' dir='ltr' id='par_1_54' title="bbox 1938 2310 3513 2382">
     <span class='ocr_line' id='line_1_54' title="bbox 1938 2310 3513 2382; baseline 0.001 -16"><span class='ocrx_word' id='word_1_401' title='bbox 1938 2313 2227 2382; x_wconf 81' lang='lat' dir='ltr'><strong>relinquet,</strong></span> <span class='ocrx_word' id='word_1_402' title='bbox 2257 2313 2429 2367; x_wconf 87' lang='lat' dir='ltr'><strong>donec</strong></span> <span class='ocrx_word' id='word_1_403' title='bbox 2463 2311 2674 2380; x_wconf 89' lang='lat' dir='ltr'><strong>justitia</strong></span> <span class='ocrx_word' id='word_1_404' title='bbox 2699 2321 3048 2367; x_wconf 86' lang='lat' dir='ltr'><strong>convertatur</strong></span> <span class='ocrx_word' id='word_1_405' title='bbox 3075 2312 3125 2365; x_wconf 89' lang='lat' dir='ltr'><strong>in</strong></span> <span class='ocrx_word' id='word_1_406' title='bbox 3148 2310 3432 2381; x_wconf 85' lang='lat' dir='ltr'><strong>judicium,</strong></span> <span class='ocrx_word' id='word_1_407' title='bbox 3456 2320 3513 2367; x_wconf 85' lang='lat' dir='ltr'><strong>et</strong></span> 
     </span>
    </p>
   </div>
   <div class='ocr_carea' id='block_1_55' title="bbox 1936 2402 3511 2459">
    <p class='ocr_par' dir='ltr' id='par_1_55' title="bbox 1936 2402 3511 2459">
     <span class='ocr_line' id='line_1_55' title="bbox 1936 2402 3511 2459; baseline 0 -2"><span class='ocrx_word' id='word_1_408' title='bbox 1936 2404 2272 2459; x_wconf 66' lang='lat' dir='ltr'><strong>adhaerentes</strong></span> <span class='ocrx_word' id='word_1_409' title='bbox 2289 2402 2363 2456; x_wconf 90' lang='lat' dir='ltr'><strong>illi</strong></span> <span class='ocrx_word' id='word_1_410' title='bbox 2388 2417 2575 2457; x_wconf 85' lang='lat' dir='ltr'><strong>omnes</strong></span> <span class='ocrx_word' id='word_1_411' title='bbox 2600 2403 2731 2458; x_wconf 91' lang='lat' dir='ltr'><strong>recti</strong></span> <span class='ocrx_word' id='word_1_412' title='bbox 2765 2404 2926 2459; x_wconf 88' lang='lat' dir='ltr'><strong>corde</strong></span> <span class='ocrx_word' id='word_1_413' title='bbox 2942 2404 3010 2458; x_wconf 82' lang='lat'><strong>“.</strong></span> <span class='ocrx_word' id='word_1_414' title='bbox 3034 2422 3053 2457; x_wconf 84' lang='grc'><strong>›</strong></span> <span class='ocrx_word' id='word_1_415' title='bbox 3074 2402 3343 2458; x_wconf 85' lang='lat' dir='ltr'><strong>Justitiam</strong></span> <span class='ocrx_word' id='word_1_416' title='bbox 3365 2403 3511 2459; x_wconf 90' lang='lat' dir='ltr'><strong>enim</strong></span> 
     </span>
    </p>
   </div>
   <div class='ocr_carea' id='block_1_56' title="bbox 1936 2493 3511 2566">
    <p class='ocr_par' dir='ltr' id='par_1_56' title="bbox 1936 2493 3511 2566">
     <span class='ocr_line' id='line_1_56' title="bbox 1936 2493 3511 2566; baseline -0.001 -17"><span class='ocrx_word' id='word_1_417' title='bbox 1936 2493 2211 2549; x_wconf 89' lang='lat' dir='ltr'><strong>Christum</strong></span> <span class='ocrx_word' id='word_1_418' title='bbox 2239 2502 2416 2558; x_wconf 86' lang='lat' dir='ltr'><strong>vocat,</strong></span> <span class='ocrx_word' id='word_1_419' title='bbox 2449 2509 2610 2563; x_wconf 89' lang='lat' dir='ltr'><strong>quem</strong></span> <span class='ocrx_word' id='word_1_420' title='bbox 2644 2509 2968 2550; x_wconf 86' lang='lat' dir='ltr'><strong>conversum</strong></span> <span class='ocrx_word' id='word_1_421' title='bbox 3004 2496 3071 2551; x_wconf 89' lang='lat' dir='ltr'><strong>ad</strong></span> <span class='ocrx_word' id='word_1_422' title='bbox 3121 2495 3381 2566; x_wconf 88' lang='lat' dir='ltr'><strong>judicium</strong></span> <span class='ocrx_word' id='word_1_423' title='bbox 3425 2494 3511 2550; x_wconf 54' lang='lat' dir='ltr'><strong>di-</strong></span> 
     </span>
    </p>
   </div>
   <div class='ocr_carea' id='block_1_57' title="bbox 1936 2583 3512 2653">
    <p class='ocr_par' dir='ltr' id='par_1_57' title="bbox 1936 2583 3512 2653">
     <span class='ocr_line' id='line_1_57' title="bbox 1936 2583 3512 2653; baseline 0.001 -17"><span class='ocrx_word' id='word_1_424' title='bbox 1936 2584 2031 2637; x_wconf 90' lang='lat' dir='ltr'><strong>cit.</strong></span> <span class='ocrx_word' id='word_1_425' title='bbox 2071 2586 2391 2653; x_wconf 85' lang='lat' dir='ltr'><strong>Assumptus</strong></span> <span class='ocrx_word' id='word_1_426' title='bbox 2418 2593 2503 2636; x_wconf 87' lang='lat' dir='ltr'><strong>est</strong></span> <span class='ocrx_word' id='word_1_427' title='bbox 2527 2583 2671 2638; x_wconf 91' lang='lat' dir='ltr'><strong>enim</strong></span> <span class='ocrx_word' id='word_1_428' title='bbox 2714 2584 2921 2639; x_wconf 89' lang='lat' dir='ltr'><strong>calcata</strong></span> <span class='ocrx_word' id='word_1_429' title='bbox 2954 2594 3150 2652; x_wconf 86' lang='lat' dir='ltr'><strong>morte,</strong></span> <span class='ocrx_word' id='word_1_430' title='bbox 3184 2594 3238 2641; x_wconf 90' lang='lat' dir='ltr'><strong>et</strong></span> <span class='ocrx_word' id='word_1_431' title='bbox 3265 2584 3512 2640; x_wconf 87' lang='lat' dir='ltr'><strong>ascendit</strong></span> 
     </span>
    </p>
   </div>
   <div class='ocr_carea' id='block_1_58' title="bbox 1937 2673 3511 2744">
    <p class='ocr_par' dir='ltr' id='par_1_58' title="bbox 1937 2673 3511 2744">
     <span class='ocr_line' id='line_1_58' title="bbox 1937 2673 3511 2744; baseline 0.001 -17"><span class='ocrx_word' id='word_1_432' title='bbox 1937 2675 2004 2728; x_wconf 89' lang='lat' dir='ltr'><strong>ad</strong></span> <span class='ocrx_word' id='word_1_433' title='bbox 2034 2688 2155 2729; x_wconf 90' lang='lat' dir='ltr'><strong>eum</strong></span> <span class='ocrx_word' id='word_1_434' title='bbox 2201 2674 2292 2744; x_wconf 86' lang='lat' dir='ltr'><strong>qui</strong></span> <span class='ocrx_word' id='word_1_435' title='bbox 2325 2686 2409 2730; x_wconf 89' lang='lat' dir='ltr'><strong>est</strong></span> <span class='ocrx_word' id='word_1_436' title='bbox 2440 2676 2493 2729; x_wconf 91' lang='lat' dir='ltr'><strong>in</strong></span> <span class='ocrx_word' id='word_1_437' title='bbox 2538 2675 2695 2730; x_wconf 62' lang='lat' dir='ltr'><strong>caelis</strong></span> <span class='ocrx_word' id='word_1_438' title='bbox 2744 2673 2961 2731; x_wconf 88' lang='lat' dir='ltr'><strong>Patrem</strong></span> <span class='ocrx_word' id='word_1_439' title='bbox 2999 2685 3055 2731; x_wconf 90' lang='lat' dir='ltr'><strong>et</strong></span> <span class='ocrx_word' id='word_1_440' title='bbox 3108 2676 3276 2730; x_wconf 89' lang='lat' dir='ltr'><strong>Deum</strong></span> <span class='ocrx_word' id='word_1_441' title='bbox 3309 2674 3375 2742; x_wconf 82' lang='grc'><strong>⁸³,</strong></span> <span class='ocrx_word' id='word_1_442' title='bbox 3403 2674 3511 2731; x_wconf 86' lang='lat' dir='ltr'><strong>Sed</strong></span> 
     </span>
    </p>
   </div>
   <div class='ocr_carea' id='block_1_59' title="bbox 1937 2766 3513 2834">
    <p class='ocr_par' dir='ltr' id='par_1_59' title="bbox 1937 2766 3513 2834">
     <span class='ocr_line' id='line_1_59' title="bbox 1937 2766 3513 2834; baseline 0.003 -15"><span class='ocrx_word' id='word_1_443' title='bbox 1937 2774 2244 2821; x_wconf 88' lang='lat' dir='ltr'><strong>revertetur</strong></span> <span class='ocrx_word' id='word_1_444' title='bbox 2303 2766 2431 2823; x_wconf 90' lang='lat' dir='ltr'><strong>olim</strong></span> <span class='ocrx_word' id='word_1_445' title='bbox 2467 2767 2533 2822; x_wconf 91' lang='lat' dir='ltr'><strong>ad</strong></span> <span class='ocrx_word' id='word_1_446' title='bbox 2557 2766 2844 2834; x_wconf 88' lang='lat' dir='ltr'><strong>judicium,</strong></span> <span class='ocrx_word' id='word_1_447' title='bbox 2887 2777 2943 2822; x_wconf 89' lang='lat' dir='ltr'><strong>et</strong></span> <span class='ocrx_word' id='word_1_448' title='bbox 2995 2783 3115 2823; x_wconf 90' lang='lat' dir='ltr'><strong>cum</strong></span> <span class='ocrx_word' id='word_1_449' title='bbox 3181 2769 3272 2823; x_wconf 90' lang='lat' dir='ltr'><strong>illo</strong></span> <span class='ocrx_word' id='word_1_450' title='bbox 3325 2782 3513 2824; x_wconf 89' lang='lat' dir='ltr'><strong>onmes</strong></span> 
     </span>
    </p>
   </div>
   <div class='ocr_carea' id='block_1_60' title="bbox 1938 2856 3515 2925">
    <p class='ocr_par' dir='ltr' id='par_1_60' title="bbox 1938 2856 3515 2925">
     <span class='ocr_line' id='line_1_60' title="bbox 1938 2856 3515 2925; baseline 0.004 -15"><span class='ocrx_word' id='word_1_451' title='bbox 1938 2856 2067 2911; x_wconf 89' lang='lat' dir='ltr'><strong>recti</strong></span> <span class='ocrx_word' id='word_1_452' title='bbox 2094 2857 2281 2921; x_wconf 89' lang='lat' dir='ltr'><strong>corde,</strong></span> <span class='ocrx_word' id='word_1_453' title='bbox 2310 2858 2410 2913; x_wconf 88' lang='lat' dir='ltr'><strong>hoc</strong></span> <span class='ocrx_word' id='word_1_454' title='bbox 2442 2868 2545 2925; x_wconf 87' lang='lat' dir='ltr'><strong>est,</strong></span> <span class='ocrx_word' id='word_1_455' title='bbox 2570 2858 2784 2925; x_wconf 90' lang='lat' dir='ltr'><strong>sancti,</strong></span> <span class='ocrx_word' id='word_1_456' title='bbox 2815 2859 2956 2914; x_wconf 91' lang='lat' dir='ltr'><strong>sicut</strong></span> <span class='ocrx_word' id='word_1_457' title='bbox 2982 2861 3140 2916; x_wconf 88' lang='lat' dir='ltr'><strong>modo</strong></span> <span class='ocrx_word' id='word_1_458' title='bbox 3180 2860 3313 2916; x_wconf 79' lang='lat' dir='ltr'><strong>dixi.</strong></span> <span class='ocrx_word' id='word_1_459' title='bbox 3375 2860 3515 2916; x_wconf 88' lang='lat' dir='ltr'><strong>Fore</strong></span> 
     </span>
    </p>
   </div>
   <div class='ocr_carea' id='block_1_61' title="bbox 1937 2948 3511 3021">
    <p class='ocr_par' dir='ltr' id='par_1_61' title="bbox 1937 2948 3511 3021">
     <span class='ocr_line' id='line_1_61' title="bbox 1937 2948 3511 3021; baseline 0.005 -22"><span class='ocrx_word' id='word_1_460' title='bbox 1937 2955 2117 3001; x_wconf 90' lang='lat' dir='ltr'><strong>autem</strong></span> <span class='ocrx_word' id='word_1_461' title='bbox 2144 2948 2312 3017; x_wconf 75' lang='lat'><strong>800</strong></span> <span class='ocrx_word' id='word_1_462' title='bbox 2336 2956 2578 3018; x_wconf 89' lang='lat' dir='ltr'><strong>tempore</strong></span> <span class='ocrx_word' id='word_1_463' title='bbox 2608 2950 3098 3006; x_wconf 90' lang='lat' dir='ltr'><strong>consummationis</strong></span> <span class='ocrx_word' id='word_1_464' title='bbox 3138 2951 3319 3006; x_wconf 74' lang='lat' dir='ltr'><strong>smculi</strong></span> <span class='ocrx_word' id='word_1_465' title='bbox 3349 2966 3511 3021; x_wconf 86' lang='lat' dir='ltr'><strong>aspe-</strong></span> 
     </span>
    </p>
   </div>
   <div class='ocr_carea' id='block_1_62' title="bbox 1938 3038 3516 3114">
    <p class='ocr_par' dir='ltr' id='par_1_62' title="bbox 1938 3038 3516 3114">
     <span class='ocr_line' id='line_1_62' title="bbox 1938 3038 3516 3114; baseline 0.004 -22"><span class='ocrx_word' id='word_1_466' title='bbox 1938 3038 2158 3095; x_wconf 90' lang='lat' dir='ltr'><strong>ctabilis</strong></span> <span class='ocrx_word' id='word_1_467' title='bbox 2182 3048 2452 3095; x_wconf 72' lang='lat' dir='ltr'><strong>creaturae</strong></span> <span class='ocrx_word' id='word_1_468' title='bbox 2494 3048 2694 3095; x_wconf 91' lang='lat' dir='ltr'><strong>statum</strong></span> <span class='ocrx_word' id='word_1_469' title='bbox 2728 3040 2917 3106; x_wconf 91' lang='lat' dir='ltr'><strong>alium,</strong></span> <span class='ocrx_word' id='word_1_470' title='bbox 2967 3052 3021 3098; x_wconf 92' lang='lat' dir='ltr'><strong>et</strong></span> <span class='ocrx_word' id='word_1_471' title='bbox 3077 3042 3249 3113; x_wconf 90' lang='lat' dir='ltr'><strong>ipsam</strong></span> <span class='ocrx_word' id='word_1_472' title='bbox 3298 3058 3516 3114; x_wconf 86' lang='lat' dir='ltr'><strong>quoque</strong></span> 
     </span>
    </p>
   </div>
   <div class='ocr_carea' id='block_1_63' title="bbox 1940 3130 3513 3200">
    <p class='ocr_par' dir='ltr' id='par_1_63' title="bbox 1940 3130 3513 3200">
     <span class='ocr_line' id='line_1_63' title="bbox 1940 3130 3513 3200; baseline 0.002 -16"><span class='ocrx_word' id='word_1_473' title='bbox 1940 3130 2297 3185; x_wconf 84' lang='lat' dir='ltr'><strong>transituram</strong></span> <span class='ocrx_word' id='word_1_474' title='bbox 2352 3132 2405 3185; x_wconf 86' lang='lat' dir='ltr'><strong>in</strong></span> <span class='ocrx_word' id='word_1_475' title='bbox 2439 3130 2659 3195; x_wconf 87' lang='lat' dir='ltr'><strong>melius,</strong></span> <span class='ocrx_word' id='word_1_476' title='bbox 2692 3146 2789 3200; x_wconf 84' lang='lat' dir='ltr'><strong>per</strong></span> <span class='ocrx_word' id='word_1_477' title='bbox 2841 3132 3117 3188; x_wconf 85' lang='lat' dir='ltr'><strong>Christum</strong></span> <span class='ocrx_word' id='word_1_478' title='bbox 3170 3142 3513 3198; x_wconf 85' lang='lat' dir='ltr'><strong>reuovatam,</strong></span> 
     </span>
    </p>
   </div>
   <div class='ocr_carea' id='block_1_64' title="bbox 238 3216 1846 3297">
    <p class='ocr_par' dir='ltr' id='par_1_64' title="bbox 238 3216 1830 3297">
     <span class='ocr_line' id='line_1_64' title="bbox 238 3216 1830 3297; baseline 0.009 -28"><span class='ocrx_word' id='word_1_479' title='bbox 238 3216 341 3270; x_wconf 77' lang='grc' dir='ltr'><strong>σὺν</strong></span> <span class='ocrx_word' id='word_1_480' title='bbox 385 3217 547 3289; x_wconf 83' lang='grc' dir='ltr'>αὐτῷ</span> <span class='ocrx_word' id='word_1_481' title='bbox 577 3218 777 3283; x_wconf 81' lang='grc' dir='ltr'>πάντες</span> <span class='ocrx_word' id='word_1_482' title='bbox 816 3221 866 3274; x_wconf 77' lang='lat' dir='ltr'><strong>oi</strong></span> <span class='ocrx_word' id='word_1_483' title='bbox 896 3220 1073 3286; x_wconf 79' lang='grc' dir='ltr'>εὐθεῖς</span> <span class='ocrx_word' id='word_1_484' title='bbox 1098 3225 1163 3295; x_wconf 72' lang='grc' dir='ltr'>τῇ</span> <span class='ocrx_word' id='word_1_485' title='bbox 1199 3225 1423 3297; x_wconf 76' lang='grc' dir='ltr'>καρδίᾳ,</span> <span class='ocrx_word' id='word_1_486' title='bbox 1450 3227 1750 3293; x_wconf 86' lang='grc' dir='ltr'>τουτέστιν,</span> <span class='ocrx_word' id='word_1_487' title='bbox 1778 3232 1830 3284; x_wconf 80' lang='lat' dir='ltr'><strong>oi</strong></span> 
     </span>
    </p>
   </div>
   <div class='ocr_carea' id='block_1_65' title="bbox 1933 3216 3515 3297">
    <p class='ocr_par' dir='ltr' id='par_1_65' title="bbox 1935 3220 3515 3292">
     <span class='ocr_line' id='line_1_65' title="bbox 1935 3220 3515 3292; baseline 0.001 -17"><span class='ocrx_word' id='word_1_488' title='bbox 1935 3220 2253 3276; x_wconf 72' lang='lat' dir='ltr'><strong>testificatur</strong></span> <span class='ocrx_word' id='word_1_489' title='bbox 2290 3220 2596 3292; x_wconf 82' lang='lat' dir='ltr'><strong>propheta:</strong></span> <span class='ocrx_word' id='word_1_490' title='bbox 2641 3239 2660 3272; x_wconf 84' lang='grc' dir='ltr'><strong>ι</strong></span> <span class='ocrx_word' id='word_1_491' title='bbox 2690 3220 2745 3275; x_wconf 93' lang='lat' dir='ltr'><strong>In</strong></span> <span class='ocrx_word' id='word_1_492' title='bbox 2780 3221 2868 3276; x_wconf 89' lang='lat' dir='ltr'><strong>illa</strong></span> <span class='ocrx_word' id='word_1_493' title='bbox 2917 3223 3009 3278; x_wconf 90' lang='lat' dir='ltr'><strong>die</strong></span> <span class='ocrx_word' id='word_1_494' title='bbox 3040 3238 3145 3278; x_wconf 93' lang='lat' dir='ltr'><strong>non</strong></span> <span class='ocrx_word' id='word_1_495' title='bbox 3191 3223 3429 3289; x_wconf 79' lang='lat' dir='ltr'><strong>eritlux,</strong></span> <span class='ocrx_word' id='word_1_496' title='bbox 3459 3233 3515 3280; x_wconf 87' lang='lat' dir='ltr'><strong>et</strong></span> 
     </span>
    </p>
   </div>
   <div class='ocr_carea' id='block_1_66' title="bbox 239 3306 1835 3391">
    <p class='ocr_par' dir='ltr' id='par_1_66' title="bbox 239 3306 1835 3391">
     <span class='ocr_line' id='line_1_66' title="bbox 239 3306 1835 3391; baseline 0.011 -32"><span class='ocrx_word' id='word_1_497' title='bbox 239 3306 413 3376; x_wconf 66' lang='grc' dir='ltr'>ἅγιοι,</span> <span class='ocrx_word' id='word_1_498' title='bbox 452 3308 708 3383; x_wconf 83' lang='grc' dir='ltr'>καθάπερ</span> <span class='ocrx_word' id='word_1_499' title='bbox 752 3311 890 3384; x_wconf 73' lang='grc' dir='ltr'>ἔφην</span> <span class='ocrx_word' id='word_1_500' title='bbox 941 3313 1164 3386; x_wconf 79' lang='grc' dir='ltr'>ἀρτίως.</span> <span class='ocrx_word' id='word_1_501' title='bbox 1192 3316 1319 3370; x_wconf 86' lang='grc' dir='ltr'>Ὅτι</span> <span class='ocrx_word' id='word_1_502' title='bbox 1339 3317 1396 3371; x_wconf 83' lang='grc' dir='ltr'><strong>δὲ</strong></span> <span class='ocrx_word' id='word_1_503' title='bbox 1434 3319 1574 3373; x_wconf 90' lang='grc' dir='ltr'><strong>κατά</strong></span> <span class='ocrx_word' id='word_1_504' title='bbox 1602 3320 1693 3374; x_wconf 86' lang='grc' dir='ltr'><strong>τὸν</strong></span> <span class='ocrx_word' id='word_1_505' title='bbox 1729 3322 1835 3391; x_wconf 79' lang='grc' dir='ltr'>τῆς</span> 
     </span>
    </p>
   </div>
   <div class='ocr_carea' id='block_1_67' title="bbox 240 3399 1832 3483">
    <p class='ocr_par' dir='ltr' id='par_1_67' title="bbox 240 3399 1832 3483">
     <span class='ocr_line' id='line_1_67' title="bbox 240 3399 1832 3483; baseline 0.011 -33"><span class='ocrx_word' id='word_1_506' title='bbox 240 3399 566 3465; x_wconf 81' lang='grc' dir='ltr'>συντελείας</span> <span class='ocrx_word' id='word_1_507' title='bbox 630 3403 821 3475; x_wconf 85' lang='grc' dir='ltr'>καιρὸν</span> <span class='ocrx_word' id='word_1_508' title='bbox 868 3405 1031 3477; x_wconf 80' lang='grc' dir='ltr'>ἑτέρα</span> <span class='ocrx_word' id='word_1_509' title='bbox 1072 3423 1157 3471; x_wconf 87' lang='grc' dir='ltr'><strong>τις</strong></span> <span class='ocrx_word' id='word_1_510' title='bbox 1201 3405 1354 3461; x_wconf 73' lang='grc' dir='ltr'>ἔσται</span> <span class='ocrx_word' id='word_1_511' title='bbox 1399 3409 1501 3480; x_wconf 84' lang='grc' dir='ltr'><strong>τῆς</strong></span> <span class='ocrx_word' id='word_1_512' title='bbox 1546 3410 1832 3483; x_wconf 85' lang='grc' dir='ltr'>ὁρωμένης</span> 
     </span>
    </p>
   </div>
   <div class='ocr_carea' id='block_1_68' title="bbox 239 3490 1831 3574">
    <p class='ocr_par' dir='ltr' id='par_1_68' title="bbox 239 3490 1831 3574">
     <span class='ocr_line' id='line_1_68' title="bbox 239 3490 1831 3574; baseline 0.008 -32"><span class='ocrx_word' id='word_1_513' title='bbox 239 3490 548 3563; x_wconf 80' lang='grc' dir='ltr'>κτίσεωςὴ</span> <span class='ocrx_word' id='word_1_514' title='bbox 591 3494 956 3561; x_wconf 86' lang='grc' dir='ltr'>κατάστασις,</span> <span class='ocrx_word' id='word_1_515' title='bbox 989 3497 1083 3550; x_wconf 77' lang='grc' dir='ltr'><strong>καὶ</strong></span> <span class='ocrx_word' id='word_1_516' title='bbox 1136 3500 1519 3570; x_wconf 86' lang='grc' dir='ltr'>μετοιχὴσεται.</span> <span class='ocrx_word' id='word_1_517' title='bbox 1560 3503 1653 3555; x_wconf 71' lang='grc' dir='ltr'>καὶ</span> <span class='ocrx_word' id='word_1_518' title='bbox 1694 3502 1831 3574; x_wconf 81' lang='grc' dir='ltr'>αὑτὴ</span> 
     </span>
    </p>
   </div>
   <div class='ocr_carea' id='block_1_69' title="bbox 240 3582 1835 3660">
    <p class='ocr_par' dir='ltr' id='par_1_69' title="bbox 240 3582 1835 3660">
     <span class='ocr_line' id='line_1_69' title="bbox 240 3582 1835 3660; baseline 0.008 -26"><span class='ocrx_word' id='word_1_519' title='bbox 240 3582 381 3652; x_wconf 70' lang='grc' dir='ltr'>πρὸς</span> <span class='ocrx_word' id='word_1_520' title='bbox 400 3583 474 3637; x_wconf 80' lang='grc' dir='ltr'><strong>τὸ</strong></span> <span class='ocrx_word' id='word_1_521' title='bbox 497 3583 719 3655; x_wconf 77' lang='grc' dir='ltr'>ἄμεινον</span> <span class='ocrx_word' id='word_1_522' title='bbox 757 3587 1127 3659; x_wconf 83' lang='grc' dir='ltr'>ἀνανεουμένη</span> <span class='ocrx_word' id='word_1_523' title='bbox 1151 3588 1240 3642; x_wconf 89' lang='grc' dir='ltr'><strong>διά</strong></span> <span class='ocrx_word' id='word_1_524' title='bbox 1277 3592 1538 3660; x_wconf 80' lang='grc' dir='ltr'>Χριστοῦ,</span> <span class='ocrx_word' id='word_1_525' title='bbox 1569 3590 1835 3647; x_wconf 80' lang='grc' dir='ltr'>πιστώσε-</span> 
     </span>
    </p>
   </div>
   <div class='ocr_carea' id='block_1_70' title="bbox 239 3672 1834 3753">
    <p class='ocr_par' dir='ltr' id='par_1_70' title="bbox 239 3672 1834 3753">
     <span class='ocr_line' id='line_1_70' title="bbox 239 3672 1834 3753; baseline 0.009 -30"><span class='ocrx_word' id='word_1_526' title='bbox 239 3687 329 3725; x_wconf 86' lang='grc' dir='ltr'><strong>ται</strong></span> <span class='ocrx_word' id='word_1_527' title='bbox 365 3672 553 3742; x_wconf 83' lang='grc' dir='ltr'>λέγων</span> <span class='ocrx_word' id='word_1_528' title='bbox 587 3676 616 3727; x_wconf 89' lang='lat'><strong>6</strong></span> <span class='ocrx_word' id='word_1_529' title='bbox 658 3678 977 3747; x_wconf 76' lang='grc' dir='ltr'>προφήτης’</span> <span class='ocrx_word' id='word_1_530' title='bbox 1015 3696 1033 3730; x_wconf 77' lang='lat' dir='ltr'><strong>t</strong></span> <span class='ocrx_word' id='word_1_531' title='bbox 1066 3680 1155 3731; x_wconf 86' lang='grc' dir='ltr'>Ἐν</span> <span class='ocrx_word' id='word_1_532' title='bbox 1198 3681 1385 3753; x_wconf 71' lang='grc' dir='ltr'>ἐκείνη</span> <span class='ocrx_word' id='word_1_533' title='bbox 1413 3684 1479 3752; x_wconf 81' lang='grc' dir='ltr'>τῇ</span> <span class='ocrx_word' id='word_1_534' title='bbox 1519 3684 1702 3753; x_wconf 80' lang='grc' dir='ltr'>ἡμέρᾳ</span> <span class='ocrx_word' id='word_1_535' title='bbox 1732 3684 1834 3737; x_wconf 82' lang='grc' dir='ltr'>οὐκ</span> 
     </span>
    </p>
   </div>
   <div class='ocr_carea' id='block_1_71' title="bbox 242 3761 1829 3844">
    <p class='ocr_par' dir='ltr' id='par_1_71' title="bbox 242 3761 1829 3844">
     <span class='ocr_line' id='line_1_71' title="bbox 242 3761 1829 3844; baseline 0.008 -30"><span class='ocrx_word' id='word_1_536' title='bbox 242 3761 395 3816; x_wconf 79' lang='grc' dir='ltr'>ἔσται</span> <span class='ocrx_word' id='word_1_537' title='bbox 437 3764 579 3832; x_wconf 82' lang='grc' dir='ltr'>φῶς,</span> <span class='ocrx_word' id='word_1_538' title='bbox 608 3767 699 3819; x_wconf 82' lang='grc' dir='ltr'>καὶ</span> <span class='ocrx_word' id='word_1_539' title='bbox 721 3766 913 3838; x_wconf 70' lang='grc' dir='ltr'>ψύχος,</span> <span class='ocrx_word' id='word_1_540' title='bbox 946 3771 1039 3823; x_wconf 57' lang='grc' dir='ltr'><strong>καὶ⁹</strong></span> <span class='ocrx_word' id='word_1_541' title='bbox 1064 3770 1239 3836; x_wconf 84' lang='grc' dir='ltr'>πάγος</span> <span class='ocrx_word' id='word_1_542' title='bbox 1269 3769 1419 3825; x_wconf 79' lang='grc' dir='ltr'>ἔσται</span> <span class='ocrx_word' id='word_1_543' title='bbox 1446 3773 1574 3843; x_wconf 86' lang='grc' dir='ltr'>μίαν</span> <span class='ocrx_word' id='word_1_544' title='bbox 1592 3774 1829 3844; x_wconf 82' lang='grc' dir='ltr'>ἡμέραν,</span> 
     </span>
    </p>
   </div>
   <div class='ocr_carea' id='block_1_72' title="bbox 243 3853 1833 3932">
    <p class='ocr_par' dir='ltr' id='par_1_72' title="bbox 243 3853 1833 3932">
     <span class='ocr_line' id='line_1_72' title="bbox 243 3853 1833 3932; baseline 0.007 -26"><span class='ocrx_word' id='word_1_545' title='bbox 243 3853 336 3906; x_wconf 68' lang='grc' dir='ltr'><strong>καὶ</strong></span> <span class='ocrx_word' id='word_1_546' title='bbox 369 3855 404 3924; x_wconf 90' lang='grc' dir='ltr'><strong>ἡ</strong></span> <span class='ocrx_word' id='word_1_547' title='bbox 457 3853 640 3925; x_wconf 90' lang='grc' dir='ltr'>ἡμέρα</span> <span class='ocrx_word' id='word_1_548' title='bbox 670 3856 851 3926; x_wconf 84' lang='grc' dir='ltr'>ὲκείνη</span> <span class='ocrx_word' id='word_1_549' title='bbox 882 3858 1096 3929; x_wconf 81' lang='grc' dir='ltr'>γνωστὴ</span> <span class='ocrx_word' id='word_1_550' title='bbox 1127 3858 1204 3929; x_wconf 83' lang='grc' dir='ltr'>τῷ</span> <span class='ocrx_word' id='word_1_551' title='bbox 1244 3859 1452 3930; x_wconf 84' lang='grc' dir='ltr'>Κυρίῳ.</span> <span class='ocrx_word' id='word_1_552' title='bbox 1493 3879 1511 3911; x_wconf 75' lang='grc' dir='ltr'><strong>ι</strong></span> <span class='ocrx_word' id='word_1_553' title='bbox 1549 3861 1687 3914; x_wconf 77' lang='grc' dir='ltr'>Νυνὶ</span> <span class='ocrx_word' id='word_1_554' title='bbox 1733 3864 1833 3932; x_wconf 82' lang='grc' dir='ltr'><strong>μὲν</strong></span> 
     </span>
    </p>
   </div>
   <div class='ocr_carea' id='block_1_73' title="bbox 242 3946 1833 4021">
    <p class='ocr_par' dir='ltr' id='par_1_73' title="bbox 242 3946 1833 4021">
     <span class='ocr_line' id='line_1_73' title="bbox 242 3946 1833 4021; baseline 0.004 -22"><span class='ocrx_word' id='word_1_555' title='bbox 242 3946 351 4016; x_wconf 75' lang='grc' dir='ltr'>γὰρ</span> <span class='ocrx_word' id='word_1_556' title='bbox 373 3946 565 4019; x_wconf 84' lang='grc' dir='ltr'>ἡμέρα</span> <span class='ocrx_word' id='word_1_557' title='bbox 592 3964 651 4001; x_wconf 87' lang='grc' dir='ltr'><strong>τε</strong></span> <span class='ocrx_word' id='word_1_558' title='bbox 683 3949 776 4002; x_wconf 78' lang='grc' dir='ltr'><strong>καὶ</strong></span> <span class='ocrx_word' id='word_1_559' title='bbox 796 3948 891 4014; x_wconf 80' lang='grc' dir='ltr'><strong>νὺξ</strong></span> <span class='ocrx_word' id='word_1_560' title='bbox 917 3949 1277 4021; x_wconf 83' lang='grc' dir='ltr'>διακέκριται,</span> <span class='ocrx_word' id='word_1_561' title='bbox 1310 3952 1405 4005; x_wconf 74' lang='grc' dir='ltr'><strong>καὶ</strong></span> <span class='ocrx_word' id='word_1_562' title='bbox 1432 3950 1679 4021; x_wconf 86' lang='grc' dir='ltr'>διέλαχον</span> <span class='ocrx_word' id='word_1_563' title='bbox 1705 3954 1833 4017; x_wconf 83' lang='grc' dir='ltr'>τοὺς</span> 
     </span>
    </p>
   </div>
   <div class='ocr_carea' id='block_1_74' title="bbox 245 4039 1831 4113">
    <p class='ocr_par' dir='ltr' id='par_1_74' title="bbox 245 4039 1831 4113">
     <span class='ocr_line' id='line_1_74' title="bbox 245 4039 1831 4113; baseline 0.004 -23"><span class='ocrx_word' id='word_1_564' title='bbox 245 4040 481 4109; x_wconf 68' lang='grc' dir='ltr'>καιροὺς</span> <span class='ocrx_word' id='word_1_565' title='bbox 504 4042 616 4103; x_wconf 85' lang='grc' dir='ltr'>τοῖς</span> <span class='ocrx_word' id='word_1_566' title='bbox 654 4039 749 4093; x_wconf 80' lang='grc' dir='ltr'>τοῦ</span> <span class='ocrx_word' id='word_1_567' title='bbox 783 4041 1149 4112; x_wconf 87' lang='grc' dir='ltr'>πεποιηκότος</span> <span class='ocrx_word' id='word_1_568' title='bbox 1194 4042 1448 4112; x_wconf 87' lang='grc' dir='ltr'>νεύμασι,</span> <span class='ocrx_word' id='word_1_569' title='bbox 1493 4044 1588 4096; x_wconf 71' lang='grc' dir='ltr'><strong>καὶ</strong></span> <span class='ocrx_word' id='word_1_570' title='bbox 1620 4043 1831 4113; x_wconf 87' lang='grc' dir='ltr'>ἀνίσχει</span> 
     </span>
    </p>
   </div>
   <div class='ocr_carea' id='block_1_75' title="bbox 251 4127 1832 4203">
    <p class='ocr_par' dir='ltr' id='par_1_75' title="bbox 251 4127 1832 4203">
     <span class='ocr_line' id='line_1_75' title="bbox 251 4127 1832 4203; baseline 0.005 -22"><span class='ocrx_word' id='word_1_571' title='bbox 251 4128 347 4196; x_wconf 79' lang='grc' dir='ltr'>μὲν</span> <span class='ocrx_word' id='word_1_572' title='bbox 366 4130 474 4201; x_wconf 80' lang='grc' dir='ltr'>τῆς</span> <span class='ocrx_word' id='word_1_573' title='bbox 492 4130 708 4200; x_wconf 85' lang='grc' dir='ltr'>ἡμέρας</span> <span class='ocrx_word' id='word_1_574' title='bbox 732 4131 794 4184; x_wconf 84' lang='grc' dir='ltr'><strong>τὸ</strong></span> <span class='ocrx_word' id='word_1_575' title='bbox 813 4131 951 4201; x_wconf 85' lang='grc' dir='ltr'>φῶς,</span> <span class='ocrx_word' id='word_1_576' title='bbox 965 4127 1084 4187; x_wconf 75' lang='grc' dir='ltr'>εἶτα</span> <span class='ocrx_word' id='word_1_577' title='bbox 1112 4132 1414 4203; x_wconf 85' lang='grc' dir='ltr'>διαδέχεται</span> <span class='ocrx_word' id='word_1_578' title='bbox 1441 4132 1558 4199; x_wconf 79' lang='grc' dir='ltr'>νύξ.</span> <span class='ocrx_word' id='word_1_579' title='bbox 1576 4135 1832 4190; x_wconf 70' lang='grc' dir='ltr'>Ἐπειδὰν</span> 
     </span>
    </p>
   </div>
   <div class='ocr_carea' id='block_1_76' title="bbox 244 4218 1834 4297">
    <p class='ocr_par' dir='ltr' id='par_1_76' title="bbox 244 4218 1834 4297">
     <span class='ocr_line' id='line_1_76' title="bbox 244 4218 1834 4297; baseline 0.007 -25"><span class='ocrx_word' id='word_1_580' title='bbox 244 4218 302 4271; x_wconf 86' lang='grc' dir='ltr'>δὲ</span> <span class='ocrx_word' id='word_1_581' title='bbox 330 4222 718 4291; x_wconf 85' lang='grc' dir='ltr'>παραγένηται</span> <span class='ocrx_word' id='word_1_582' title='bbox 740 4223 770 4275; x_wconf 88' lang='lat'><strong>6</strong></span> <span class='ocrx_word' id='word_1_583' title='bbox 792 4223 1008 4296; x_wconf 82' lang='grc' dir='ltr'>κριτὴς,</span> <span class='ocrx_word' id='word_1_584' title='bbox 1036 4224 1215 4279; x_wconf 83' lang='grc' dir='ltr'>πάντα</span> <span class='ocrx_word' id='word_1_585' title='bbox 1242 4225 1665 4297; x_wconf 66' lang='grc' dir='ltr'>μετασκευάζων</span> <span class='ocrx_word' id='word_1_586' title='bbox 1689 4226 1834 4296; x_wconf 73' lang='grc' dir='ltr'><strong>κατά</strong></span> 
     </span>
    </p>
   </div>
   <div class='ocr_carea' id='block_1_77' title="bbox 247 4308 1832 4387">
    <p class='ocr_par' dir='ltr' id='par_1_77' title="bbox 247 4308 1832 4387">
     <span class='ocr_line' id='line_1_77' title="bbox 247 4308 1832 4387; baseline 0.006 -26"><span class='ocrx_word' id='word_1_587' title='bbox 247 4308 308 4361; x_wconf 76' lang='grc' dir='ltr'>τὸ</span> <span class='ocrx_word' id='word_1_588' title='bbox 335 4309 491 4382; x_wconf 80' lang='grc' dir='ltr'><strong>αὐτῷ</strong></span> <span class='ocrx_word' id='word_1_589' title='bbox 516 4310 726 4375; x_wconf 81' lang='grc' dir='ltr'>δοκοῦν,</span> <span class='ocrx_word' id='word_1_590' title='bbox 767 4312 983 4383; x_wconf 78' lang='grc' dir='ltr'>ἑτέραν,</span> <span class='ocrx_word' id='word_1_591' title='bbox 1010 4312 1085 4378; x_wconf 80' lang='grc' dir='ltr'>ὡς</span> <span class='ocrx_word' id='word_1_592' title='bbox 1110 4313 1270 4386; x_wconf 71' lang='grc' dir='ltr'>ἔφην,</span> <span class='ocrx_word' id='word_1_593' title='bbox 1306 4316 1340 4385; x_wconf 85' lang='grc' dir='ltr'><strong>ἡ</strong></span> <span class='ocrx_word' id='word_1_594' title='bbox 1368 4316 1549 4381; x_wconf 88' lang='grc' dir='ltr'>κτίσις</span> <span class='ocrx_word' id='word_1_595' title='bbox 1571 4315 1673 4387; x_wconf 81' lang='grc' dir='ltr'><strong>τὴν</strong></span> <span class='ocrx_word' id='word_1_596' title='bbox 1717 4316 1832 4370; x_wconf 84' lang='grc' dir='ltr'>δια-</span> 
     </span>
    </p>
   </div>
   <div class='ocr_carea' id='block_1_78' title="bbox 250 4400 1834 4476">
    <p class='ocr_par' dir='ltr' id='par_1_78' title="bbox 250 4400 1834 4476">
     <span class='ocr_line' id='line_1_78' title="bbox 250 4400 1834 4476; baseline 0.005 -24"><span class='ocrx_word' id='word_1_597' title='bbox 250 4400 524 4473; x_wconf 75' lang='grc' dir='ltr'>κόσμησιν</span> <span class='ocrx_word' id='word_1_598' title='bbox 546 4402 775 4468; x_wconf 78' lang='grc' dir='ltr'>δέξεται.</span> <span class='ocrx_word' id='word_1_599' title='bbox 808 4422 827 4456; x_wconf 82' lang='grc' dir='ltr'><strong>ι</strong></span> <span class='ocrx_word' id='word_1_600' title='bbox 860 4404 933 4459; x_wconf 83' lang='grc' dir='ltr'><strong>Οὐ</strong></span> <span class='ocrx_word' id='word_1_601' title='bbox 966 4403 1075 4475; x_wconf 81' lang='grc' dir='ltr'>γὰρ</span> <span class='ocrx_word' id='word_1_602' title='bbox 1116 4404 1196 4458; x_wconf 75' lang='grc' dir='ltr'>ἔτι</span> <span class='ocrx_word' id='word_1_603' title='bbox 1233 4405 1349 4473; x_wconf 87' lang='grc' dir='ltr'><strong>φῶς</strong></span> <span class='ocrx_word' id='word_1_604' title='bbox 1376 4405 1552 4474; x_wconf 72' lang='grc' dir='ltr'>ἔσται,</span> <span class='ocrx_word' id='word_1_605' title='bbox 1597 4406 1692 4460; x_wconf 76' lang='grc' dir='ltr'>καὶ</span> <span class='ocrx_word' id='word_1_606' title='bbox 1736 4406 1834 4476; x_wconf 83' lang='grc' dir='ltr'><strong>ψύ-</strong></span> 
     </span>
    </p>
   </div>
   <div class='ocr_carea' id='block_1_79' title="bbox 250 4494 1835 4568">
    <p class='ocr_par' dir='ltr' id='par_1_79' title="bbox 250 4494 1835 4568">
     <span class='ocr_line' id='line_1_79' title="bbox 250 4494 1835 4568; baseline 0.003 -21"><span class='ocrx_word' id='word_1_607' title='bbox 250 4506 362 4561; x_wconf 77' lang='grc' dir='ltr'>χος,</span> <span class='ocrx_word' id='word_1_608' title='bbox 391 4494 494 4548; x_wconf 78' lang='grc' dir='ltr'>καὶ</span> <span class='ocrx_word' id='word_1_609' title='bbox 530 4494 704 4563; x_wconf 81' lang='grc' dir='ltr'>πάγος</span> <span class='ocrx_word' id='word_1_610' title='bbox 732 4494 811 4559; x_wconf 86' lang='grc' dir='ltr'><strong>είς</strong></span> <span class='ocrx_word' id='word_1_611' title='bbox 852 4495 982 4565; x_wconf 87' lang='grc' dir='ltr'>μίαν</span> <span class='ocrx_word' id='word_1_612' title='bbox 1011 4495 1245 4567; x_wconf 80' lang='grc' dir='ltr'>ἡμέραν.</span> <span class='ocrx_word' id='word_1_613' title='bbox 1289 4514 1307 4547; x_wconf 72' lang='grc' dir='ltr'><strong>ι</strong></span> <span class='ocrx_word' id='word_1_614' title='bbox 1353 4497 1617 4568; x_wconf 83' lang='grc' dir='ltr'>Σημαίνει</span> <span class='ocrx_word' id='word_1_615' title='bbox 1645 4498 1701 4551; x_wconf 81' lang='grc' dir='ltr'>δὲ</span> <span class='ocrx_word' id='word_1_616' title='bbox 1741 4498 1835 4552; x_wconf 89' lang='grc' dir='ltr'><strong>διά</strong></span> 
     </span>
    </p>
   </div>
   <div class='ocr_carea' id='block_1_80' title="bbox 1935 3310 3510 3382">
    <p class='ocr_par' dir='ltr' id='par_1_80' title="bbox 1935 3310 3510 3382">
     <span class='ocr_line' id='line_1_80' title="bbox 1935 3310 3510 3382; baseline 0.003 -17"><span class='ocrx_word' id='word_1_617' title='bbox 1935 3311 2104 3382; x_wconf 77' lang='lat' dir='ltr'><strong>frigus</strong></span> <span class='ocrx_word' id='word_1_618' title='bbox 2130 3320 2184 3366; x_wconf 90' lang='lat' dir='ltr'><strong>et</strong></span> <span class='ocrx_word' id='word_1_619' title='bbox 2211 3310 2411 3380; x_wconf 76' lang='lat' dir='ltr'><strong>glacies</strong></span> <span class='ocrx_word' id='word_1_620' title='bbox 2438 3320 2596 3367; x_wconf 88' lang='lat' dir='ltr'><strong>erunt</strong></span> <span class='ocrx_word' id='word_1_621' title='bbox 2624 3313 2710 3368; x_wconf 91' lang='lat' dir='ltr'><strong>die</strong></span> <span class='ocrx_word' id='word_1_622' title='bbox 2737 3328 2866 3378; x_wconf 91' lang='lat' dir='ltr'><strong>uno,</strong></span> <span class='ocrx_word' id='word_1_623' title='bbox 2900 3324 2955 3368; x_wconf 91' lang='lat' dir='ltr'><strong>et</strong></span> <span class='ocrx_word' id='word_1_624' title='bbox 2978 3313 3096 3369; x_wconf 87' lang='lat' dir='ltr'><strong>dies</strong></span> <span class='ocrx_word' id='word_1_625' title='bbox 3125 3314 3216 3368; x_wconf 88' lang='lat' dir='ltr'><strong>illa</strong></span> <span class='ocrx_word' id='word_1_626' title='bbox 3246 3325 3376 3370; x_wconf 90' lang='lat' dir='ltr'><strong>nota</strong></span> <span class='ocrx_word' id='word_1_627' title='bbox 3398 3314 3510 3371; x_wconf 84' lang='lat' dir='ltr'><strong>Do-</strong></span> 
     </span>
    </p>
   </div>
   <div class='ocr_carea' id='block_1_81' title="bbox 1934 3400 3505 3472">
    <p class='ocr_par' dir='ltr' id='par_1_81' title="bbox 1934 3400 3505 3472">
     <span class='ocr_line' id='line_1_81' title="bbox 1934 3400 3505 3472; baseline 0.005 -17"><span class='ocrx_word' id='word_1_628' title='bbox 1934 3401 2101 3456; x_wconf 89' lang='lat' dir='ltr'><strong>mino.</strong></span> <span class='ocrx_word' id='word_1_629' title='bbox 2144 3420 2166 3453; x_wconf 72' lang='grc' dir='ltr'><strong>ι</strong></span> <span class='ocrx_word' id='word_1_630' title='bbox 2213 3400 2368 3456; x_wconf 82' lang='lat' dir='ltr'><strong>Nunc</strong></span> <span class='ocrx_word' id='word_1_631' title='bbox 2407 3402 2551 3457; x_wconf 89' lang='lat' dir='ltr'><strong>enim</strong></span> <span class='ocrx_word' id='word_1_632' title='bbox 2593 3402 2709 3459; x_wconf 89' lang='lat' dir='ltr'><strong>dies</strong></span> <span class='ocrx_word' id='word_1_633' title='bbox 2740 3413 2795 3457; x_wconf 90' lang='lat' dir='ltr'><strong>et</strong></span> <span class='ocrx_word' id='word_1_634' title='bbox 2838 3418 2943 3459; x_wconf 71' lang='lat' dir='ltr'><strong>nox</strong></span> <span class='ocrx_word' id='word_1_635' title='bbox 2979 3404 3386 3472; x_wconf 89' lang='lat' dir='ltr'><strong>discernuntur,</strong></span> <span class='ocrx_word' id='word_1_636' title='bbox 3446 3418 3505 3463; x_wconf 87' lang='lat' dir='ltr'><strong>et</strong></span> 
     </span>
    </p>
   </div>
   <div class='ocr_carea' id='block_1_82' title="bbox 1933 3492 3512 3565">
    <p class='ocr_par' dir='ltr' id='par_1_82' title="bbox 1933 3492 3512 3565">
     <span class='ocr_line' id='line_1_82' title="bbox 1933 3492 3512 3565; baseline 0.004 -18"><span class='ocrx_word' id='word_1_637' title='bbox 1933 3502 2064 3547; x_wconf 92' lang='lat' dir='ltr'><strong>nutu</strong></span> <span class='ocrx_word' id='word_1_638' title='bbox 2090 3492 2387 3549; x_wconf 88' lang='lat' dir='ltr'><strong>conditoris</strong></span> <span class='ocrx_word' id='word_1_639' title='bbox 2418 3493 2674 3549; x_wconf 91' lang='lat' dir='ltr'><strong>distincta</strong></span> <span class='ocrx_word' id='word_1_640' title='bbox 2710 3503 2954 3565; x_wconf 88' lang='lat' dir='ltr'><strong>tempora</strong></span> <span class='ocrx_word' id='word_1_641' title='bbox 3004 3496 3195 3551; x_wconf 91' lang='lat' dir='ltr'><strong>sortita</strong></span> <span class='ocrx_word' id='word_1_642' title='bbox 3249 3505 3395 3564; x_wconf 91' lang='lat' dir='ltr'><strong>sunt,</strong></span> <span class='ocrx_word' id='word_1_643' title='bbox 3455 3506 3512 3553; x_wconf 89' lang='lat' dir='ltr'><strong>et</strong></span> 
     </span>
    </p>
   </div>
   <div class='ocr_carea' id='block_1_83' title="bbox 1933 3584 3515 3655">
    <p class='ocr_par' dir='ltr' id='par_1_83' title="bbox 1933 3584 3515 3655">
     <span class='ocr_line' id='line_1_83' title="bbox 1933 3584 3515 3655; baseline 0.001 -16"><span class='ocrx_word' id='word_1_644' title='bbox 1933 3584 2176 3640; x_wconf 75' lang='lat' dir='ltr'><strong>exoritur</strong></span> <span class='ocrx_word' id='word_1_645' title='bbox 2201 3585 2307 3640; x_wconf 91' lang='lat' dir='ltr'><strong>diei</strong></span> <span class='ocrx_word' id='word_1_646' title='bbox 2338 3586 2450 3650; x_wconf 81' lang='lat' dir='ltr'><strong>lux,</strong></span> <span class='ocrx_word' id='word_1_647' title='bbox 2478 3595 2666 3655; x_wconf 88' lang='lat' dir='ltr'><strong>postea</strong></span> <span class='ocrx_word' id='word_1_648' title='bbox 2711 3586 2952 3641; x_wconf 89' lang='lat' dir='ltr'><strong>succedit</strong></span> <span class='ocrx_word' id='word_1_649' title='bbox 2979 3602 3107 3642; x_wconf 82' lang='lat' dir='ltr'><strong>nox.</strong></span> <span class='ocrx_word' id='word_1_650' title='bbox 3155 3586 3387 3654; x_wconf 85' lang='lat' dir='ltr'><strong>Quando</strong></span> <span class='ocrx_word' id='word_1_651' title='bbox 3416 3602 3515 3641; x_wconf 89' lang='lat' dir='ltr'><strong>au-</strong></span> 
     </span>
    </p>
   </div>
   <div class='ocr_carea' id='block_1_84' title="bbox 1935 3676 3511 3746">
    <p class='ocr_par' dir='ltr' id='par_1_84' title="bbox 1935 3676 3511 3746">
     <span class='ocr_line' id='line_1_84' title="bbox 1935 3676 3511 3746; baseline 0.002 -16"><span class='ocrx_word' id='word_1_652' title='bbox 1935 3684 2043 3730; x_wconf 90' lang='lat' dir='ltr'><strong>tem</strong></span> <span class='ocrx_word' id='word_1_653' title='bbox 2079 3676 2564 3746; x_wconf 81' lang='lat' dir='ltr'><strong>adveneritjudex,</strong></span> <span class='ocrx_word' id='word_1_654' title='bbox 2591 3677 2770 3731; x_wconf 90' lang='lat' dir='ltr'><strong>omnia</strong></span> <span class='ocrx_word' id='word_1_655' title='bbox 2816 3691 2915 3744; x_wconf 90' lang='lat' dir='ltr'><strong>pro</strong></span> <span class='ocrx_word' id='word_1_656' title='bbox 2959 3679 3228 3733; x_wconf 89' lang='lat' dir='ltr'><strong>arbitratu</strong></span> <span class='ocrx_word' id='word_1_657' title='bbox 3259 3693 3360 3734; x_wconf 91' lang='lat' dir='ltr'><strong>suo</strong></span> <span class='ocrx_word' id='word_1_658' title='bbox 3407 3679 3511 3733; x_wconf 86' lang='lat' dir='ltr'><strong>im-</strong></span> 
     </span>
    </p>
   </div>
   <div class='ocr_carea' id='block_1_85' title="bbox 1933 3767 3512 3834">
    <p class='ocr_par' dir='ltr' id='par_1_85' title="bbox 1933 3767 3512 3834">
     <span class='ocr_line' id='line_1_85' title="bbox 1933 3767 3512 3834; baseline 0.002 -13"><span class='ocrx_word' id='word_1_659' title='bbox 1933 3776 2168 3831; x_wconf 85' lang='lat' dir='ltr'><strong>mutans,</strong></span> <span class='ocrx_word' id='word_1_660' title='bbox 2199 3767 2381 3832; x_wconf 88' lang='lat' dir='ltr'><strong>aiiam,</strong></span> <span class='ocrx_word' id='word_1_661' title='bbox 2410 3777 2469 3822; x_wconf 89' lang='lat' dir='ltr'><strong>ut</strong></span> <span class='ocrx_word' id='word_1_662' title='bbox 2509 3769 2643 3834; x_wconf 78' lang='lat' dir='ltr'><strong>dixi,</strong></span> <span class='ocrx_word' id='word_1_663' title='bbox 2685 3768 3049 3823; x_wconf 88' lang='lat' dir='ltr'><strong>conditionem</strong></span> <span class='ocrx_word' id='word_1_664' title='bbox 3100 3778 3351 3823; x_wconf 84' lang='lat' dir='ltr'><strong>creatura</strong></span> <span class='ocrx_word' id='word_1_665' title='bbox 3391 3784 3512 3824; x_wconf 81' lang='lat' dir='ltr'><strong>sus-</strong></span> 
     </span>
    </p>
   </div>
   <div class='ocr_carea' id='block_1_86' title="bbox 1933 3855 3511 3929">
    <p class='ocr_par' dir='ltr' id='par_1_86' title="bbox 1933 3855 3511 3929">
     <span class='ocr_line' id='line_1_86' title="bbox 1933 3855 3511 3929; baseline 0.003 -18"><span class='ocrx_word' id='word_1_666' title='bbox 1933 3856 2113 3927; x_wconf 89' lang='lat' dir='ltr'><strong>cipiet.</strong></span> <span class='ocrx_word' id='word_1_667' title='bbox 2154 3875 2172 3907; x_wconf 78' lang='grc' dir='ltr'><strong>ι</strong></span> <span class='ocrx_word' id='word_1_668' title='bbox 2211 3855 2326 3911; x_wconf 84' lang='lat' dir='ltr'><strong>Non</strong></span> <span class='ocrx_word' id='word_1_669' title='bbox 2356 3858 2499 3911; x_wconf 90' lang='lat' dir='ltr'><strong>enim</strong></span> <span class='ocrx_word' id='word_1_670' title='bbox 2531 3862 2598 3913; x_wconf 88' lang='lat' dir='ltr'><strong>de</strong></span> <span class='ocrx_word' id='word_1_671' title='bbox 2626 3867 2823 3912; x_wconf 83' lang='lat' dir='ltr'><strong>caetero</strong></span> <span class='ocrx_word' id='word_1_672' title='bbox 2858 3858 2947 3911; x_wconf 81' lang='lat' dir='ltr'><strong>lux</strong></span> <span class='ocrx_word' id='word_1_673' title='bbox 2980 3858 3107 3922; x_wconf 87' lang='lat' dir='ltr'><strong>erit,</strong></span> <span class='ocrx_word' id='word_1_674' title='bbox 3140 3868 3195 3913; x_wconf 93' lang='lat' dir='ltr'><strong>et</strong></span> <span class='ocrx_word' id='word_1_675' title='bbox 3253 3857 3423 3929; x_wconf 82' lang='lat' dir='ltr'><strong>frigus</strong></span> <span class='ocrx_word' id='word_1_676' title='bbox 3453 3870 3511 3915; x_wconf 89' lang='lat' dir='ltr'><strong>et</strong></span> 
     </span>
    </p>
   </div>
   <div class='ocr_carea' id='block_1_87' title="bbox 1934 3947 3512 4020">
    <p class='ocr_par' dir='ltr' id='par_1_87' title="bbox 1934 3947 3512 4020">
     <span class='ocr_line' id='line_1_87' title="bbox 1934 3947 3512 4020; baseline 0.003 -20"><span class='ocrx_word' id='word_1_677' title='bbox 1934 3947 2133 4017; x_wconf 89' lang='lat' dir='ltr'><strong>glacies</strong></span> <span class='ocrx_word' id='word_1_678' title='bbox 2171 3955 2331 4002; x_wconf 91' lang='lat' dir='ltr'><strong>erunt</strong></span> <span class='ocrx_word' id='word_1_679' title='bbox 2360 3949 2445 4004; x_wconf 87' lang='lat' dir='ltr'><strong>die</strong></span> <span class='ocrx_word' id='word_1_680' title='bbox 2477 3965 2605 4006; x_wconf 91' lang='lat' dir='ltr'><strong>uno.</strong></span> <span class='ocrx_word' id='word_1_681' title='bbox 2637 3970 2657 4003; x_wconf 73' lang='grc' dir='ltr'><strong>ι</strong></span> <span class='ocrx_word' id='word_1_682' title='bbox 2703 3948 2810 4003; x_wconf 82' lang='lat' dir='ltr'><strong>Per</strong></span> <span class='ocrx_word' id='word_1_683' title='bbox 2847 3950 3074 4020; x_wconf 88' lang='lat' dir='ltr'><strong>glaciem</strong></span> <span class='ocrx_word' id='word_1_684' title='bbox 3126 3958 3181 4004; x_wconf 94' lang='lat' dir='ltr'><strong>et</strong></span> <span class='ocrx_word' id='word_1_685' title='bbox 3213 3950 3384 4018; x_wconf 79' lang='lat' dir='ltr'><strong>frigus</strong></span> <span class='ocrx_word' id='word_1_686' title='bbox 3412 3965 3512 4005; x_wconf 84' lang='lat' dir='ltr'><strong>no-</strong></span> 
     </span>
    </p>
   </div>
   <div class='ocr_carea' id='block_1_88' title="bbox 1934 4039 3514 4111">
    <p class='ocr_par' dir='ltr' id='par_1_88' title="bbox 1934 4039 3514 4111">
     <span class='ocr_line' id='line_1_88' title="bbox 1934 4039 3514 4111; baseline 0.002 -19"><span class='ocrx_word' id='word_1_687' title='bbox 1934 4048 2074 4094; x_wconf 90' lang='lat' dir='ltr'><strong>ctem</strong></span> <span class='ocrx_word' id='word_1_688' title='bbox 2104 4039 2384 4109; x_wconf 84' lang='lat' dir='ltr'><strong>exprimit,</strong></span> <span class='ocrx_word' id='word_1_689' title='bbox 2438 4055 2539 4109; x_wconf 88' lang='lat' dir='ltr'><strong>pro</strong></span> <span class='ocrx_word' id='word_1_690' title='bbox 2570 4056 2674 4095; x_wconf 89' lang='lat' dir='ltr'><strong>una</strong></span> <span class='ocrx_word' id='word_1_691' title='bbox 2702 4042 2849 4096; x_wconf 90' lang='lat' dir='ltr'><strong>enim</strong></span> <span class='ocrx_word' id='word_1_692' title='bbox 2900 4039 2988 4096; x_wconf 91' lang='lat' dir='ltr'><strong>die</strong></span> <span class='ocrx_word' id='word_1_693' title='bbox 3041 4051 3322 4111; x_wconf 86' lang='lat' dir='ltr'><strong>reputatur</strong></span> <span class='ocrx_word' id='word_1_694' title='bbox 3369 4042 3514 4111; x_wconf 83' lang='lat' dir='ltr'><strong>quod</strong></span> 
     </span>
    </p>
   </div>
   <div class='ocr_carea' id='block_1_89' title="bbox 1933 4129 3511 4202">
    <p class='ocr_par' dir='ltr' id='par_1_89' title="bbox 1933 4129 3511 4202">
     <span class='ocr_line' id='line_1_89' title="bbox 1933 4129 3511 4202; baseline 0.001 -18"><span class='ocrx_word' id='word_1_695' title='bbox 1933 4129 2133 4185; x_wconf 89' lang='lat' dir='ltr'><strong>dicitur</strong></span> <span class='ocrx_word' id='word_1_696' title='bbox 2182 4129 2547 4202; x_wconf 83' lang='grc' dir='ltr'>νυχθήμερον,</span> <span class='ocrx_word' id='word_1_697' title='bbox 2611 4132 2663 4185; x_wconf 90' lang='lat' dir='ltr'><strong>id</strong></span> <span class='ocrx_word' id='word_1_698' title='bbox 2698 4141 2802 4194; x_wconf 92' lang='lat' dir='ltr'><strong>est,</strong></span> <span class='ocrx_word' id='word_1_699' title='bbox 2857 4131 3015 4186; x_wconf 92' lang='lat' dir='ltr'><strong>uuius</strong></span> <span class='ocrx_word' id='word_1_700' title='bbox 3070 4131 3248 4185; x_wconf 91' lang='lat' dir='ltr'><strong>noctis</strong></span> <span class='ocrx_word' id='word_1_701' title='bbox 3299 4139 3353 4185; x_wconf 90' lang='lat' dir='ltr'><strong>et</strong></span> <span class='ocrx_word' id='word_1_702' title='bbox 3400 4131 3511 4185; x_wconf 90' lang='lat' dir='ltr'><strong>diei</strong></span> 
     </span>
    </p>
   </div>
   <div class='ocr_carea' id='block_1_90' title="bbox 1933 4219 3513 4289">
    <p class='ocr_par' dir='ltr' id='par_1_90' title="bbox 1933 4219 3513 4289">
     <span class='ocr_line' id='line_1_90' title="bbox 1933 4219 3513 4289; baseline 0.001 -15"><span class='ocrx_word' id='word_1_703' title='bbox 1933 4220 2191 4289; x_wconf 90' lang='lat' dir='ltr'><strong>spatium,</strong></span> <span class='ocrx_word' id='word_1_704' title='bbox 2225 4219 2450 4289; x_wconf 91' lang='lat' dir='ltr'><strong>proinde</strong></span> <span class='ocrx_word' id='word_1_705' title='bbox 2500 4236 2564 4275; x_wconf 87' lang='lat' dir='ltr'><strong>ac</strong></span> <span class='ocrx_word' id='word_1_706' title='bbox 2607 4221 2653 4276; x_wconf 91' lang='lat' dir='ltr'><strong>si</strong></span> <span class='ocrx_word' id='word_1_707' title='bbox 2685 4222 2830 4276; x_wconf 87' lang='lat' dir='ltr'><strong>dicat</strong></span> <span class='ocrx_word' id='word_1_708' title='bbox 2877 4220 3016 4276; x_wconf 85' lang='lat' dir='ltr'><strong>forte</strong></span> <span class='ocrx_word' id='word_1_709' title='bbox 3050 4238 3066 4275; x_wconf 89' lang='lat'><strong>:</strong></span> <span class='ocrx_word' id='word_1_710' title='bbox 3100 4220 3366 4289; x_wconf 89' lang='lat' dir='ltr'><strong>Tempore</strong></span> <span class='ocrx_word' id='word_1_711' title='bbox 3417 4221 3513 4276; x_wconf 91' lang='lat' dir='ltr'><strong>illo</strong></span> 
     </span>
    </p>
   </div>
   <div class='ocr_carea' id='block_1_91' title="bbox 1933 4310 3517 4380">
    <p class='ocr_par' dir='ltr' id='par_1_91' title="bbox 1933 4310 3517 4380">
     <span class='ocr_line' id='line_1_91' title="bbox 1933 4310 3517 4380; baseline 0.003 -17"><span class='ocrx_word' id='word_1_712' title='bbox 1933 4325 2043 4380; x_wconf 87' lang='lat' dir='ltr'><strong>quo</strong></span> <span class='ocrx_word' id='word_1_713' title='bbox 2075 4310 2144 4366; x_wconf 88' lang='lat' dir='ltr'><strong>de</strong></span> <span class='ocrx_word' id='word_1_714' title='bbox 2177 4310 2323 4367; x_wconf 64' lang='lat' dir='ltr'><strong>coelo</strong></span> <span class='ocrx_word' id='word_1_715' title='bbox 2344 4310 2639 4367; x_wconf 82' lang='lat' dir='ltr'><strong>adveniens</strong></span> <span class='ocrx_word' id='word_1_716' title='bbox 2676 4310 3086 4366; x_wconf 86' lang='lat' dir='ltr'><strong>transformabit</strong></span> <span class='ocrx_word' id='word_1_717' title='bbox 3137 4311 3342 4377; x_wconf 83' lang='lat' dir='ltr'><strong>omnia,</strong></span> <span class='ocrx_word' id='word_1_718' title='bbox 3371 4321 3428 4367; x_wconf 90' lang='lat' dir='ltr'><strong>et</strong></span> <span class='ocrx_word' id='word_1_719' title='bbox 3454 4314 3517 4367; x_wconf 84' lang='lat' dir='ltr'><strong>in</strong></span> 
     </span>
    </p>
   </div>
   <div class='ocr_carea' id='block_1_92' title="bbox 1933 4402 3512 4473">
    <p class='ocr_par' dir='ltr' id='par_1_92' title="bbox 1933 4402 3512 4473">
     <span class='ocr_line' id='line_1_92' title="bbox 1933 4402 3512 4473; baseline 0 -16"><span class='ocrx_word' id='word_1_720' title='bbox 1933 4403 2128 4459; x_wconf 76' lang='lat' dir='ltr'><strong>faciem</strong></span> <span class='ocrx_word' id='word_1_721' title='bbox 2156 4412 2325 4473; x_wconf 90' lang='lat' dir='ltr'><strong>atque</strong></span> <span class='ocrx_word' id='word_1_722' title='bbox 2360 4412 2561 4457; x_wconf 83' lang='lat' dir='ltr'><strong>statum</strong></span> <span class='ocrx_word' id='word_1_723' title='bbox 2598 4402 2875 4458; x_wconf 89' lang='lat' dir='ltr'><strong>meliorem</strong></span> <span class='ocrx_word' id='word_1_724' title='bbox 2912 4410 3209 4466; x_wconf 85' lang='lat' dir='ltr'><strong>convertet,</strong></span> <span class='ocrx_word' id='word_1_725' title='bbox 3240 4403 3512 4458; x_wconf 78' lang='lat' dir='ltr'><strong>utcondi-</strong></span> 
     </span>
    </p>
   </div>
   <div class='ocr_carea' id='block_1_93' title="bbox 1937 4492 3514 4565">
    <p class='ocr_par' dir='ltr' id='par_1_93' title="bbox 1937 4492 3514 4565">
     <span class='ocr_line' id='line_1_93' title="bbox 1937 4492 3514 4565; baseline 0.003 -17"><span class='ocrx_word' id='word_1_726' title='bbox 1937 4503 2022 4548; x_wconf 90' lang='lat' dir='ltr'><strong>tor</strong></span> <span class='ocrx_word' id='word_1_727' title='bbox 2052 4495 2168 4565; x_wconf 87' lang='lat' dir='ltr'><strong>ipse</strong></span> <span class='ocrx_word' id='word_1_728' title='bbox 2193 4503 2246 4548; x_wconf 92' lang='lat' dir='ltr'><strong>et</strong></span> <span class='ocrx_word' id='word_1_729' title='bbox 2270 4493 2474 4563; x_wconf 79' lang='lat' dir='ltr'><strong>opifex,</strong></span> <span class='ocrx_word' id='word_1_730' title='bbox 2508 4508 2613 4549; x_wconf 92' lang='lat' dir='ltr'><strong>non</strong></span> <span class='ocrx_word' id='word_1_731' title='bbox 2660 4494 2767 4549; x_wconf 90' lang='lat' dir='ltr'><strong>erit</strong></span> <span class='ocrx_word' id='word_1_732' title='bbox 2812 4507 2939 4559; x_wconf 79' lang='lat' dir='ltr'><strong>nox,</strong></span> <span class='ocrx_word' id='word_1_733' title='bbox 2972 4508 3072 4548; x_wconf 90' lang='lat' dir='ltr'><strong>nec</strong></span> <span class='ocrx_word' id='word_1_734' title='bbox 3125 4492 3217 4548; x_wconf 79' lang='lat' dir='ltr'><strong>lux</strong></span> <span class='ocrx_word' id='word_1_735' title='bbox 3250 4494 3305 4548; x_wconf 89' lang='lat' dir='ltr'><strong>in</strong></span> <span class='ocrx_word' id='word_1_736' title='bbox 3346 4493 3514 4552; x_wconf 79' lang='lat' dir='ltr'><strong>diem.</strong></span> 
     </span>
    </p>
   </div>
   <div class='ocr_carea' id='block_1_94' title="bbox 250 4582 1846 4659">
    <p class='ocr_par' dir='ltr' id='par_1_94' title="bbox 250 4585 1831 4659">
     <span class='ocr_line' id='line_1_94' title="bbox 250 4585 1831 4659; baseline 0.004 -22"><span class='ocrx_word' id='word_1_737' title='bbox 250 4600 312 4652; x_wconf 85' lang='grc' dir='ltr'><strong>γε</strong></span> <span class='ocrx_word' id='word_1_738' title='bbox 336 4586 427 4638; x_wconf 79' lang='grc' dir='ltr'>τοῦ</span> <span class='ocrx_word' id='word_1_739' title='bbox 465 4586 672 4656; x_wconf 76' lang='grc' dir='ltr'>πάγους</span> <span class='ocrx_word' id='word_1_740' title='bbox 701 4604 760 4642; x_wconf 87' lang='grc' dir='ltr'><strong>τε</strong></span> <span class='ocrx_word' id='word_1_741' title='bbox 799 4589 895 4641; x_wconf 73' lang='grc' dir='ltr'>καὶ</span> <span class='ocrx_word' id='word_1_742' title='bbox 918 4585 1124 4658; x_wconf 79' lang='grc' dir='ltr'>ψύχους</span> <span class='ocrx_word' id='word_1_743' title='bbox 1167 4588 1267 4659; x_wconf 87' lang='grc' dir='ltr'>τὴν</span> <span class='ocrx_word' id='word_1_744' title='bbox 1297 4588 1491 4642; x_wconf 75' lang='grc' dir='ltr'>νύκταο</span> <span class='ocrx_word' id='word_1_745' title='bbox 1520 4589 1831 4658; x_wconf 82' lang='grc' dir='ltr'>λελόγισται</span> 
     </span>
    </p>
   </div>
   <div class='ocr_carea' id='block_1_95' title="bbox 1933 4582 3515 4659">
    <p class='ocr_par' dir='ltr' id='par_1_95' title="bbox 1936 4584 3515 4656">
     <span class='ocr_line' id='line_1_95' title="bbox 1936 4584 3515 4656; baseline 0 -15"><span class='ocrx_word' id='word_1_746' title='bbox 1936 4586 2052 4641; x_wconf 86' lang='lat' dir='ltr'><strong>Non</strong></span> <span class='ocrx_word' id='word_1_747' title='bbox 2094 4585 2342 4641; x_wconf 88' lang='lat' dir='ltr'><strong>absimile</strong></span> <span class='ocrx_word' id='word_1_748' title='bbox 2362 4594 2448 4640; x_wconf 82' lang='lat' dir='ltr'><strong>est</strong></span> <span class='ocrx_word' id='word_1_749' title='bbox 2491 4588 2635 4656; x_wconf 89' lang='lat' dir='ltr'><strong>apud</strong></span> <span class='ocrx_word' id='word_1_750' title='bbox 2687 4586 3007 4656; x_wconf 86' lang='lat' dir='ltr'><strong>prophetam</strong></span> <span class='ocrx_word' id='word_1_751' title='bbox 3054 4584 3289 4641; x_wconf 86' lang='lat' dir='ltr'><strong>Isaiam:</strong></span> <span class='ocrx_word' id='word_1_752' title='bbox 3330 4603 3349 4638; x_wconf 81' lang='grc' dir='ltr'><strong>ι</strong></span> <span class='ocrx_word' id='word_1_753' title='bbox 3395 4584 3515 4641; x_wconf 81' lang='lat' dir='ltr'><strong>Non</strong></span> 
     </span>
    </p>
   </div>
   <div class='ocr_carea' id='block_1_96' title="bbox 252 4674 1831 4750">
    <p class='ocr_par' dir='ltr' id='par_1_96' title="bbox 252 4674 1831 4750">
     <span class='ocr_line' id='line_1_96' title="bbox 252 4674 1831 4750; baseline 0.005 -22"><span class='ocrx_word' id='word_1_754' title='bbox 252 4674 357 4746; x_wconf 79' lang='grc' dir='ltr'><strong>γὰρ</strong></span> <span class='ocrx_word' id='word_1_755' title='bbox 384 4677 469 4740; x_wconf 79' lang='grc' dir='ltr'><strong>είς</strong></span> <span class='ocrx_word' id='word_1_756' title='bbox 501 4676 631 4747; x_wconf 85' lang='grc' dir='ltr'>μίαν</span> <span class='ocrx_word' id='word_1_757' title='bbox 655 4677 866 4748; x_wconf 80' lang='grc' dir='ltr'>ἡμέραν</span> <span class='ocrx_word' id='word_1_758' title='bbox 911 4678 972 4731; x_wconf 82' lang='grc' dir='ltr'><strong>τὸ</strong></span> <span class='ocrx_word' id='word_1_759' title='bbox 1014 4677 1414 4747; x_wconf 81' lang='grc' dir='ltr'>νυχθήμερον·</span> <span class='ocrx_word' id='word_1_760' title='bbox 1443 4679 1627 4750; x_wconf 81' lang='grc' dir='ltr'>ὅμοιον</span> <span class='ocrx_word' id='word_1_761' title='bbox 1672 4680 1746 4745; x_wconf 85' lang='grc' dir='ltr'><strong>ὡς</strong></span> <span class='ocrx_word' id='word_1_762' title='bbox 1780 4683 1831 4737; x_wconf 84' lang='grc' dir='ltr'><strong>εί</strong></span> 
     </span>
    </p>
   </div>
   <div class='ocr_carea' id='block_1_97' title="bbox 252 4763 1829 4838">
    <p class='ocr_par' dir='ltr' id='par_1_97' title="bbox 252 4763 1829 4838">
     <span class='ocr_line' id='line_1_97' title="bbox 252 4763 1829 4838; baseline 0.006 -21"><span class='ocrx_word' id='word_1_763' title='bbox 252 4763 395 4833; x_wconf 80' lang='grc' dir='ltr'>λέγοι</span> <span class='ocrx_word' id='word_1_764' title='bbox 420 4768 585 4838; x_wconf 86' lang='grc' dir='ltr'>τυχόν</span> <span class='ocrx_word' id='word_1_765' title='bbox 606 4781 621 4797; x_wconf 80' lang='grc'><strong><em>⁸</em></strong></span> <span class='ocrx_word' id='word_1_766' title='bbox 652 4769 787 4821; x_wconf 82' lang='grc' dir='ltr'>Κατ’</span> <span class='ocrx_word' id='word_1_767' title='bbox 820 4769 1024 4823; x_wconf 80' lang='grc' dir='ltr'>ἐκεῖνον</span> <span class='ocrx_word' id='word_1_768' title='bbox 1047 4769 1138 4823; x_wconf 85' lang='grc' dir='ltr'><strong>τὸν</strong></span> <span class='ocrx_word' id='word_1_769' title='bbox 1167 4770 1380 4838; x_wconf 81' lang='grc' dir='ltr'>καιρὸν,</span> <span class='ocrx_word' id='word_1_770' title='bbox 1418 4770 1543 4825; x_wconf 79' lang='grc' dir='ltr'>καθ’</span> <span class='ocrx_word' id='word_1_771' title='bbox 1569 4771 1629 4825; x_wconf 86' lang='grc' dir='ltr'>ὃν</span> <span class='ocrx_word' id='word_1_772' title='bbox 1669 4772 1734 4826; x_wconf 85' lang='grc' dir='ltr'>ἂν</span> <span class='ocrx_word' id='word_1_773' title='bbox 1769 4772 1829 4838; x_wconf 79' lang='grc' dir='ltr'><strong>ἐξ</strong></span> 
     </span>
    </p>
   </div>
   <div class='ocr_carea' id='block_1_98' title="bbox 256 4857 1829 4932">
    <p class='ocr_par' dir='ltr' id='par_1_98' title="bbox 256 4857 1829 4932">
     <span class='ocr_line' id='line_1_98' title="bbox 256 4857 1829 4932; baseline 0.006 -24"><span class='ocrx_word' id='word_1_774' title='bbox 256 4857 497 4927; x_wconf 79' lang='grc' dir='ltr'>οὐρανῶν</span> <span class='ocrx_word' id='word_1_775' title='bbox 553 4860 886 4931; x_wconf 79' lang='grc' dir='ltr'>ἀφιγμένος,</span> <span class='ocrx_word' id='word_1_776' title='bbox 954 4859 1304 4932; x_wconf 79' lang='grc' dir='ltr'>μεταπλάττῃ</span> <span class='ocrx_word' id='word_1_777' title='bbox 1355 4860 1425 4915; x_wconf 82' lang='grc' dir='ltr'><strong>τά</strong></span> <span class='ocrx_word' id='word_1_778' title='bbox 1474 4862 1685 4927; x_wconf 82' lang='grc' dir='ltr'>πάντα,</span> <span class='ocrx_word' id='word_1_779' title='bbox 1734 4864 1829 4918; x_wconf 76' lang='grc' dir='ltr'><strong>καὶ</strong></span> 
     </span>
    </p>
   </div>
   <div class='ocr_carea' id='block_1_99' title="bbox 261 4947 1825 5023">
    <p class='ocr_par' dir='ltr' id='par_1_99' title="bbox 261 4947 1825 5023">
     <span class='ocr_line' id='line_1_99' title="bbox 261 4947 1825 5023; baseline 0.006 -26"><span class='ocrx_word' id='word_1_780' title='bbox 261 4947 640 5021; x_wconf 82' lang='grc' dir='ltr'>μετασκευάζῃ</span> <span class='ocrx_word' id='word_1_781' title='bbox 683 4948 820 5020; x_wconf 84' lang='grc' dir='ltr'>πρὸς</span> <span class='ocrx_word' id='word_1_782' title='bbox 858 4949 918 5002; x_wconf 85' lang='grc' dir='ltr'><strong>τὸ</strong></span> <span class='ocrx_word' id='word_1_783' title='bbox 961 4950 1203 5020; x_wconf 79' lang='grc' dir='ltr'>ἄμεινον,</span> <span class='ocrx_word' id='word_1_784' title='bbox 1248 4950 1323 5015; x_wconf 87' lang='grc' dir='ltr'>ὠς</span> <span class='ocrx_word' id='word_1_785' title='bbox 1367 4952 1699 5023; x_wconf 85' lang='grc' dir='ltr'>δημιουργὸς</span> <span class='ocrx_word' id='word_1_786' title='bbox 1746 4955 1825 5022; x_wconf 88' lang='grc' dir='ltr'><strong>δὲ,</strong></span> 
     </span>
    </p>
   </div>
   <div class='ocr_carea' id='block_1_100' title="bbox 259 5034 1830 5116">
    <p class='ocr_par' dir='ltr' id='par_1_100' title="bbox 259 5034 1830 5116">
     <span class='ocr_line' id='line_1_100' title="bbox 259 5034 1830 5116; baseline 0.007 -29"><span class='ocrx_word' id='word_1_787' title='bbox 259 5034 355 5088; x_wconf 79' lang='grc' dir='ltr'><strong>οὐκ</strong></span> <span class='ocrx_word' id='word_1_788' title='bbox 381 5037 532 5091; x_wconf 75' lang='grc' dir='ltr'>ἔσται</span> <span class='ocrx_word' id='word_1_789' title='bbox 560 5038 675 5104; x_wconf 76' lang='grc' dir='ltr'>νὺξ,</span> <span class='ocrx_word' id='word_1_790' title='bbox 707 5039 825 5092; x_wconf 79' lang='grc' dir='ltr'>οὐδὲ</span> <span class='ocrx_word' id='word_1_791' title='bbox 857 5039 967 5107; x_wconf 82' lang='grc' dir='ltr'><strong>φῶς</strong></span> <span class='ocrx_word' id='word_1_792' title='bbox 991 5042 1069 5102; x_wconf 85' lang='grc' dir='ltr'><strong>είς</strong></span> <span class='ocrx_word' id='word_1_793' title='bbox 1093 5040 1325 5112; x_wconf 84' lang='grc' dir='ltr'>ἡμέραν.</span> <span class='ocrx_word' id='word_1_794' title='bbox 1345 5042 1593 5097; x_wconf 74' lang='grc' dir='ltr'>Τοιοῦτόν</span> <span class='ocrx_word' id='word_1_795' title='bbox 1622 5044 1674 5096; x_wconf 87' lang='grc' dir='ltr'><strong>τί</strong></span> <span class='ocrx_word' id='word_1_796' title='bbox 1696 5062 1830 5116; x_wconf 88' lang='grc' dir='ltr'>φησι</span> 
     </span>
    </p>
   </div>
   <div class='ocr_carea' id='block_1_101' title="bbox 260 5127 1832 5201">
    <p class='ocr_par' dir='ltr' id='par_1_101' title="bbox 260 5127 1832 5201">
     <span class='ocr_line' id='line_1_101' title="bbox 260 5127 1832 5201; baseline 0.008 -24"><span class='ocrx_word' id='word_1_797' title='bbox 260 5127 348 5178; x_wconf 71' lang='grc' dir='ltr'>καὶ</span> <span class='ocrx_word' id='word_1_798' title='bbox 373 5130 401 5180; x_wconf 90' lang='lat'><strong>6</strong></span> <span class='ocrx_word' id='word_1_799' title='bbox 436 5130 706 5201; x_wconf 83' lang='grc' dir='ltr'>μακάριος</span> <span class='ocrx_word' id='word_1_800' title='bbox 738 5131 1025 5201; x_wconf 86' lang='grc' dir='ltr'>προφήτης</span> <span class='ocrx_word' id='word_1_801' title='bbox 1069 5132 1326 5197; x_wconf 78' lang='grc' dir='ltr'>Ἡσαΐας·</span> <span class='ocrx_word' id='word_1_802' title='bbox 1368 5152 1386 5185; x_wconf 78' lang='grc' dir='ltr'><strong>ι</strong></span> <span class='ocrx_word' id='word_1_803' title='bbox 1421 5135 1535 5188; x_wconf 81' lang='grc' dir='ltr'>Ούκ</span> <span class='ocrx_word' id='word_1_804' title='bbox 1565 5134 1717 5189; x_wconf 76' lang='grc' dir='ltr'>ἔσται</span> <span class='ocrx_word' id='word_1_805' title='bbox 1747 5153 1832 5190; x_wconf 89' lang='grc' dir='ltr'><strong>σοι</strong></span> 
     </span>
    </p>
   </div>
   <div class='ocr_carea' id='block_1_102' title="bbox 260 5215 1830 5299">
    <p class='ocr_par' dir='ltr' id='par_1_102' title="bbox 260 5215 1830 5299">
     <span class='ocr_line' id='line_1_102' title="bbox 260 5215 1830 5299; baseline 0.007 -29"><span class='ocrx_word' id='word_1_806' title='bbox 260 5215 290 5268; x_wconf 81' lang='grc' dir='ltr'><strong>ὸ</strong></span> <span class='ocrx_word' id='word_1_807' title='bbox 326 5218 473 5288; x_wconf 81' lang='grc' dir='ltr'>ἡλιος</span> <span class='ocrx_word' id='word_1_808' title='bbox 501 5222 581 5284; x_wconf 81' lang='grc' dir='ltr'><strong>εἰς</strong></span> <span class='ocrx_word' id='word_1_809' title='bbox 626 5220 741 5291; x_wconf 86' lang='grc' dir='ltr'><strong>φῶς</strong></span> <span class='ocrx_word' id='word_1_810' title='bbox 768 5224 867 5293; x_wconf 81' lang='grc' dir='ltr'>τῆς</span> <span class='ocrx_word' id='word_1_811' title='bbox 895 5223 1131 5297; x_wconf 85' lang='grc' dir='ltr'>ἡμέρας,</span> <span class='ocrx_word' id='word_1_812' title='bbox 1168 5224 1288 5277; x_wconf 80' lang='grc' dir='ltr'>οὐδὲ</span> <span class='ocrx_word' id='word_1_813' title='bbox 1332 5224 1566 5297; x_wconf 81' lang='grc' dir='ltr'>ἀνατολὴ</span> <span class='ocrx_word' id='word_1_814' title='bbox 1598 5227 1830 5299; x_wconf 82' lang='grc' dir='ltr'>σελήνης</span> 
     </span>
    </p>
   </div>
   <div class='ocr_carea' id='block_1_103' title="bbox 263 5313 1830 5388">
    <p class='ocr_par' dir='ltr' id='par_1_103' title="bbox 263 5313 1830 5388">
     <span class='ocr_line' id='line_1_103' title="bbox 263 5313 1830 5388; baseline 0.008 -26"><span class='ocrx_word' id='word_1_815' title='bbox 263 5315 447 5377; x_wconf 74' lang='grc' dir='ltr'>φωτιεῖ</span> <span class='ocrx_word' id='word_1_816' title='bbox 471 5313 569 5384; x_wconf 84' lang='grc' dir='ltr'><strong>τὴν</strong></span> <span class='ocrx_word' id='word_1_817' title='bbox 608 5313 810 5369; x_wconf 83' lang='grc' dir='ltr'>νύκτα’</span> <span class='ocrx_word' id='word_1_818' title='bbox 844 5314 961 5368; x_wconf 79' lang='grc' dir='ltr'>ἀλλ’</span> <span class='ocrx_word' id='word_1_819' title='bbox 990 5314 1141 5371; x_wconf 77' lang='grc' dir='ltr'>ἔσται</span> <span class='ocrx_word' id='word_1_820' title='bbox 1177 5333 1258 5369; x_wconf 90' lang='grc' dir='ltr'><strong>σοι</strong></span> <span class='ocrx_word' id='word_1_821' title='bbox 1286 5317 1488 5388; x_wconf 86' lang='grc' dir='ltr'>Κύριος</span> <span class='ocrx_word' id='word_1_822' title='bbox 1537 5317 1653 5385; x_wconf 86' lang='grc' dir='ltr'><strong>φῶς</strong></span> <span class='ocrx_word' id='word_1_823' title='bbox 1700 5318 1830 5375; x_wconf 57' lang='lat' dir='ltr'><strong>aito-</strong></span> 
     </span>
    </p>
   </div>
   <div class='ocr_carea' id='block_1_104' title="bbox 263 5404 1827 5480">
    <p class='ocr_par' dir='ltr' id='par_1_104' title="bbox 263 5404 1827 5480">
     <span class='ocr_line' id='line_1_104' title="bbox 263 5404 1827 5480; baseline 0.006 -27"><span class='ocrx_word' id='word_1_824' title='bbox 263 5416 388 5466; x_wconf 85' lang='grc' dir='ltr'>νιον,</span> <span class='ocrx_word' id='word_1_825' title='bbox 419 5406 515 5458; x_wconf 70' lang='grc' dir='ltr'><strong>καὶ</strong></span> <span class='ocrx_word' id='word_1_826' title='bbox 537 5407 565 5458; x_wconf 92' lang='lat'><strong>6</strong></span> <span class='ocrx_word' id='word_1_827' title='bbox 586 5404 720 5469; x_wconf 76' lang='grc' dir='ltr'>Θεὸς</span> <span class='ocrx_word' id='word_1_828' title='bbox 742 5406 867 5471; x_wconf 81' lang='grc' dir='ltr'>δόξα</span> <span class='ocrx_word' id='word_1_829' title='bbox 894 5423 1007 5460; x_wconf 91' lang='grc' dir='ltr'>σου.</span> <span class='ocrx_word' id='word_1_830' title='bbox 1035 5426 1053 5458; x_wconf 74' lang='grc' dir='ltr'><strong>ι</strong></span> <span class='ocrx_word' id='word_1_831' title='bbox 1073 5406 1196 5460; x_wconf 85' lang='grc' dir='ltr'>’Ότι</span> <span class='ocrx_word' id='word_1_832' title='bbox 1221 5408 1278 5460; x_wconf 84' lang='grc' dir='ltr'>δὲ</span> <span class='ocrx_word' id='word_1_833' title='bbox 1310 5408 1657 5480; x_wconf 83' lang='grc' dir='ltr'>ἀπρακτήσει</span> <span class='ocrx_word' id='word_1_834' title='bbox 1685 5409 1827 5463; x_wconf 85' lang='grc' dir='ltr'>κατὰ</span> 
     </span>
    </p>
   </div>
   <div class='ocr_carea' id='block_1_105' title="bbox 266 5492 1823 5566">
    <p class='ocr_par' dir='ltr' id='par_1_105' title="bbox 266 5492 1823 5566">
     <span class='ocr_line' id='line_1_105' title="bbox 266 5492 1823 5566; baseline 0.004 -24"><span class='ocrx_word' id='word_1_835' title='bbox 266 5494 481 5563; x_wconf 77' lang='grc' dir='ltr'>καιροὺς</span> <span class='ocrx_word' id='word_1_836' title='bbox 500 5492 594 5549; x_wconf 79' lang='grc' dir='ltr'><strong>καὶ</strong></span> <span class='ocrx_word' id='word_1_837' title='bbox 612 5492 752 5565; x_wconf 70' lang='grc' dir='ltr'>αὐτὴ</span> <span class='ocrx_word' id='word_1_838' title='bbox 773 5493 884 5547; x_wconf 80' lang='grc' dir='ltr'><strong>τῶν</strong></span> <span class='ocrx_word' id='word_1_839' title='bbox 914 5493 1190 5564; x_wconf 88' lang='grc' dir='ltr'>στοιχείων</span> <span class='ocrx_word' id='word_1_840' title='bbox 1218 5496 1251 5565; x_wconf 89' lang='grc' dir='ltr'><strong>ἡ</strong></span> <span class='ocrx_word' id='word_1_841' title='bbox 1280 5494 1460 5566; x_wconf 75' lang='grc' dir='ltr'>χρεία,</span> <span class='ocrx_word' id='word_1_842' title='bbox 1491 5494 1823 5549; x_wconf 81' lang='grc' dir='ltr'>πιστῶσεται</span> 
     </span>
    </p>
   </div>
   <div class='ocr_carea' id='block_1_106' title="bbox 336 5687 1453 5757">
    <p class='ocr_par' dir='ltr' id='par_1_106' title="bbox 336 5687 1453 5757">
     <span class='ocr_line' id='line_1_106' title="bbox 336 5687 1453 5757; baseline 0.004 -12"><span class='ocrx_word' id='word_1_843' title='bbox 336 5688 376 5721; x_wconf 76' lang='grc'><em>³³</em></span> <span class='ocrx_word' id='word_1_844' title='bbox 402 5689 443 5745; x_wconf 90' lang='lat' dir='ltr'><strong>ll</strong></span> <span class='ocrx_word' id='word_1_845' title='bbox 468 5687 591 5747; x_wconf 90' lang='lat' dir='ltr'><strong>Cor.</strong></span> <span class='ocrx_word' id='word_1_846' title='bbox 631 5706 686 5757; x_wconf 92' lang='lat' dir='ltr'><strong>v,</strong></span> <span class='ocrx_word' id='word_1_847' title='bbox 720 5691 805 5748; x_wconf 67' lang='lat'><strong>10.</strong></span> <span class='ocrx_word' id='word_1_848' title='bbox 917 5692 961 5722; x_wconf 84' lang='grc'><strong>⁶⁰</strong></span> <span class='ocrx_word' id='word_1_849' title='bbox 991 5690 1007 5744; x_wconf 92' lang='lat' dir='ltr'><strong>l</strong></span> <span class='ocrx_word' id='word_1_850' title='bbox 1034 5689 1222 5746; x_wconf 86' lang='lat' dir='ltr'><strong>Tbcss.</strong></span> <span class='ocrx_word' id='word_1_851' title='bbox 1252 5706 1323 5755; x_wconf 81' lang='lat' dir='ltr'><strong>IV,</strong></span> <span class='ocrx_word' id='word_1_852' title='bbox 1368 5694 1453 5750; x_wconf 81' lang='grc'><strong>16.</strong></span> 
     </span>
    </p>
   </div>
   <div class='ocr_carea' id='block_1_107' title="bbox 267 5754 1313 5829">
    <p class='ocr_par' dir='ltr' id='par_1_107' title="bbox 267 5754 1313 5829">
     <span class='ocr_line' id='line_1_107' title="bbox 267 5754 1313 5829; baseline 0.002 -15"><span class='ocrx_word' id='word_1_853' title='bbox 267 5754 311 5791; x_wconf 60' lang='grc'><strong>⁸⁸</strong></span> <span class='ocrx_word' id='word_1_854' title='bbox 335 5758 432 5819; x_wconf 82' lang='lat' dir='ltr'><strong>lsa.</strong></span> <span class='ocrx_word' id='word_1_855' title='bbox 460 5775 546 5829; x_wconf 72' lang='grc' dir='ltr'>ιι,</span> <span class='ocrx_word' id='word_1_856' title='bbox 580 5754 681 5818; x_wconf 56' lang='lat' dir='ltr'><strong>l9.</strong></span> <span class='ocrx_word' id='word_1_857' title='bbox 743 5763 788 5795; x_wconf 78' lang='lat'><strong>“</strong></span> <span class='ocrx_word' id='word_1_858' title='bbox 815 5760 1006 5817; x_wconf 79' lang='lat' dir='ltr'><strong>Matth.</strong></span> <span class='ocrx_word' id='word_1_859' title='bbox 1045 5776 1192 5828; x_wconf 74' lang='lat' dir='ltr'><strong>xxiv,</strong></span> <span class='ocrx_word' id='word_1_860' title='bbox 1224 5763 1313 5818; x_wconf 69' lang='lat'><strong>29.</strong></span> 
     </span>
    </p>
   </div>
   <div class='ocr_carea' id='block_1_108' title="bbox 1566 5696 2198 5766">
    <p class='ocr_par' dir='ltr' id='par_1_108' title="bbox 1566 5696 2198 5766">
     <span class='ocr_line' id='line_1_108' title="bbox 1566 5696 2198 5766; baseline 0 -14"><span class='ocrx_word' id='word_1_861' title='bbox 1566 5698 1603 5728; x_wconf 81' lang='grc'><strong>⁶¹</strong></span> <span class='ocrx_word' id='word_1_862' title='bbox 1646 5696 1744 5754; x_wconf 87' lang='lat' dir='ltr'><strong>lsa.</strong></span> <span class='ocrx_word' id='word_1_863' title='bbox 1780 5712 1961 5766; x_wconf 56' lang='grc' dir='ltr'>τισιν,</span> <span class='ocrx_word' id='word_1_864' title='bbox 1994 5697 2198 5762; x_wconf 77' lang='grc'><strong>15,16.</strong></span> 
     </span>
    </p>
   </div>
   <div class='ocr_carea' id='block_1_109' title="bbox 1935 4676 3518 4748">
    <p class='ocr_par' dir='ltr' id='par_1_109' title="bbox 1935 4676 3518 4748">
     <span class='ocr_line' id='line_1_109' title="bbox 1935 4676 3518 4748; baseline -0.001 -15"><span class='ocrx_word' id='word_1_865' title='bbox 1935 4681 2041 4733; x_wconf 90' lang='lat' dir='ltr'><strong>erit</strong></span> <span class='ocrx_word' id='word_1_866' title='bbox 2072 4676 2164 4731; x_wconf 92' lang='lat' dir='ltr'><strong>tibi</strong></span> <span class='ocrx_word' id='word_1_867' title='bbox 2186 4676 2414 4748; x_wconf 87' lang='lat' dir='ltr'><strong>amplius</strong></span> <span class='ocrx_word' id='word_1_868' title='bbox 2438 4678 2519 4734; x_wconf 88' lang='lat' dir='ltr'><strong>sol</strong></span> <span class='ocrx_word' id='word_1_869' title='bbox 2563 4677 2617 4732; x_wconf 91' lang='lat' dir='ltr'><strong>iu</strong></span> <span class='ocrx_word' id='word_1_870' title='bbox 2640 4677 2817 4733; x_wconf 76' lang='lat' dir='ltr'><strong>lueem</strong></span> <span class='ocrx_word' id='word_1_871' title='bbox 2844 4676 2975 4742; x_wconf 88' lang='lat' dir='ltr'><strong>diei,</strong></span> <span class='ocrx_word' id='word_1_872' title='bbox 3004 4690 3177 4747; x_wconf 85' lang='lat' dir='ltr'><strong>neque</strong></span> <span class='ocrx_word' id='word_1_873' title='bbox 3199 4684 3351 4733; x_wconf 90' lang='lat' dir='ltr'><strong>ortus</strong></span> <span class='ocrx_word' id='word_1_874' title='bbox 3375 4676 3518 4731; x_wconf 73' lang='lat' dir='ltr'><strong>lunas</strong></span> 
     </span>
    </p>
   </div>
   <div class='ocr_carea' id='block_1_110' title="bbox 1936 4765 3517 4833">
    <p class='ocr_par' dir='ltr' id='par_1_110' title="bbox 1936 4765 3517 4833">
     <span class='ocr_line' id='line_1_110' title="bbox 1936 4765 3517 4833; baseline -0.002 -11"><span class='ocrx_word' id='word_1_875' title='bbox 1936 4767 2257 4823; x_wconf 89' lang='lat' dir='ltr'><strong>illuminabit</strong></span> <span class='ocrx_word' id='word_1_876' title='bbox 2298 4767 2394 4823; x_wconf 88' lang='lat' dir='ltr'><strong>tibi</strong></span> <span class='ocrx_word' id='word_1_877' title='bbox 2430 4778 2641 4822; x_wconf 90' lang='lat' dir='ltr'><strong>noctem</strong></span> <span class='ocrx_word' id='word_1_878' title='bbox 2669 4783 2684 4833; x_wconf 89' lang='lat'><strong>;</strong></span> <span class='ocrx_word' id='word_1_879' title='bbox 2709 4767 2804 4822; x_wconf 89' lang='lat' dir='ltr'><strong>sed</strong></span> <span class='ocrx_word' id='word_1_880' title='bbox 2840 4766 2944 4821; x_wconf 91' lang='lat' dir='ltr'><strong>erit</strong></span> <span class='ocrx_word' id='word_1_881' title='bbox 2978 4766 3071 4821; x_wconf 88' lang='lat' dir='ltr'><strong>tibi</strong></span> <span class='ocrx_word' id='word_1_882' title='bbox 3115 4765 3374 4822; x_wconf 88' lang='lat' dir='ltr'><strong>Dominus</strong></span> <span class='ocrx_word' id='word_1_883' title='bbox 3419 4766 3517 4827; x_wconf 73' lang='lat' dir='ltr'><strong>lux</strong></span> 
     </span>
    </p>
   </div>
   <div class='ocr_carea' id='block_1_111' title="bbox 1935 4856 3521 4928">
    <p class='ocr_par' dir='ltr' id='par_1_111' title="bbox 1935 4856 3521 4928">
     <span class='ocr_line' id='line_1_111' title="bbox 1935 4856 3521 4928; baseline -0.001 -15"><span class='ocrx_word' id='word_1_884' title='bbox 1935 4867 2159 4923; x_wconf 83' lang='lat' dir='ltr'><strong>aeterna,</strong></span> <span class='ocrx_word' id='word_1_885' title='bbox 2196 4864 2250 4911; x_wconf 91' lang='lat' dir='ltr'><strong>et</strong></span> <span class='ocrx_word' id='word_1_886' title='bbox 2293 4860 2430 4912; x_wconf 88' lang='lat' dir='ltr'><strong>Deus</strong></span> <span class='ocrx_word' id='word_1_887' title='bbox 2471 4857 2644 4928; x_wconf 86' lang='lat' dir='ltr'><strong>gloria</strong></span> <span class='ocrx_word' id='word_1_888' title='bbox 2681 4864 2769 4910; x_wconf 91' lang='lat' dir='ltr'><strong>tua</strong></span> <span class='ocrx_word' id='word_1_889' title='bbox 2793 4856 2861 4912; x_wconf 79' lang='lat'><strong>“.</strong></span> <span class='ocrx_word' id='word_1_890' title='bbox 2896 4876 2914 4909; x_wconf 74' lang='grc' dir='ltr'><strong>ι</strong></span> <span class='ocrx_word' id='word_1_891' title='bbox 2967 4856 3146 4913; x_wconf 90' lang='lat' dir='ltr'><strong>Otiosa</strong></span> <span class='ocrx_word' id='word_1_892' title='bbox 3197 4865 3375 4911; x_wconf 89' lang='lat' dir='ltr'><strong>autem</strong></span> <span class='ocrx_word' id='word_1_893' title='bbox 3422 4857 3521 4911; x_wconf 50' lang='lat' dir='ltr'><strong>ali‘</strong></span> 
     </span>
    </p>
   </div>
   <div class='ocr_carea' id='block_1_112' title="bbox 1935 4947 3521 5020">
    <p class='ocr_par' dir='ltr' id='par_1_112' title="bbox 1935 4947 3521 5020">
     <span class='ocr_line' id='line_1_112' title="bbox 1935 4947 3521 5020; baseline 0 -17"><span class='ocrx_word' id='word_1_894' title='bbox 1935 4948 2148 5018; x_wconf 89' lang='lat' dir='ltr'><strong>quando</strong></span> <span class='ocrx_word' id='word_1_895' title='bbox 2178 4947 2361 5003; x_wconf 87' lang='lat' dir='ltr'><strong>futura</strong></span> <span class='ocrx_word' id='word_1_896' title='bbox 2394 4959 2448 5005; x_wconf 88' lang='lat' dir='ltr'><strong>et</strong></span> <span class='ocrx_word' id='word_1_897' title='bbox 2484 4950 2598 5020; x_wconf 90' lang='lat' dir='ltr'><strong>ipsa</strong></span> <span class='ocrx_word' id='word_1_898' title='bbox 2651 4949 2938 5014; x_wconf 86' lang='lat' dir='ltr'><strong>elementa,</strong></span> <span class='ocrx_word' id='word_1_899' title='bbox 2995 4950 3155 5005; x_wconf 79' lang='lat' dir='ltr'><strong>fidem</strong></span> <span class='ocrx_word' id='word_1_900' title='bbox 3214 4949 3344 5005; x_wconf 82' lang='lat' dir='ltr'><strong>facit</strong></span> <span class='ocrx_word' id='word_1_901' title='bbox 3398 4949 3521 5020; x_wconf 85' lang='lat' dir='ltr'><strong>ipse</strong></span> 
     </span>
    </p>
   </div>
   <div class='ocr_carea' id='block_1_113' title="bbox 1933 5040 3521 5111">
    <p class='ocr_par' dir='ltr' id='par_1_113' title="bbox 1933 5040 3521 5111">
     <span class='ocr_line' id='line_1_113' title="bbox 1933 5040 3521 5111; baseline 0 -16"><span class='ocrx_word' id='word_1_902' title='bbox 1933 5040 2204 5095; x_wconf 86' lang='lat' dir='ltr'><strong>Christus.</strong></span> <span class='ocrx_word' id='word_1_903' title='bbox 2244 5059 2262 5092; x_wconf 83' lang='grc' dir='ltr'><strong>ι</strong></span> <span class='ocrx_word' id='word_1_904' title='bbox 2293 5040 2487 5096; x_wconf 89' lang='lat' dir='ltr'><strong>Statim</strong></span> <span class='ocrx_word' id='word_1_905' title='bbox 2518 5051 2697 5096; x_wconf 88' lang='lat' dir='ltr'><strong>autem</strong></span> <span class='ocrx_word' id='word_1_906' title='bbox 2729 5051 2850 5111; x_wconf 90' lang='lat' dir='ltr'><strong>post</strong></span> <span class='ocrx_word' id='word_1_907' title='bbox 2882 5041 3280 5096; x_wconf 83' lang='lat' dir='ltr'><strong>tribulationem</strong></span> <span class='ocrx_word' id='word_1_908' title='bbox 3303 5040 3521 5095; x_wconf 77' lang='lat' dir='ltr'><strong>dierum.</strong></span> 
     </span>
    </p>
   </div>
   <div class='ocr_carea' id='block_1_114' title="bbox 1932 5130 3519 5200">
    <p class='ocr_par' dir='ltr' id='par_1_114' title="bbox 1932 5130 3519 5200">
     <span class='ocr_line' id='line_1_114' title="bbox 1932 5130 3519 5200; baseline 0.001 -15"><span class='ocrx_word' id='word_1_909' title='bbox 1932 5130 2146 5185; x_wconf 88' lang='lat' dir='ltr'><strong>illorum</strong></span> <span class='ocrx_word' id='word_1_910' title='bbox 2179 5131 2259 5185; x_wconf 91' lang='lat' dir='ltr'><strong>sol</strong></span> <span class='ocrx_word' id='word_1_911' title='bbox 2301 5131 2700 5200; x_wconf 86' lang='lat' dir='ltr'><strong>obscurabitur,</strong></span> <span class='ocrx_word' id='word_1_912' title='bbox 2732 5142 2788 5189; x_wconf 92' lang='lat' dir='ltr'><strong>et</strong></span> <span class='ocrx_word' id='word_1_913' title='bbox 2821 5132 2945 5187; x_wconf 89' lang='lat' dir='ltr'><strong>luna</strong></span> <span class='ocrx_word' id='word_1_914' title='bbox 2988 5148 3094 5188; x_wconf 90' lang='lat' dir='ltr'><strong>non</strong></span> <span class='ocrx_word' id='word_1_915' title='bbox 3135 5132 3288 5188; x_wconf 89' lang='lat' dir='ltr'><strong>dabit</strong></span> <span class='ocrx_word' id='word_1_916' title='bbox 3329 5132 3519 5188; x_wconf 79' lang='lat' dir='ltr'><strong>lumen</strong></span> 
     </span>
    </p>
   </div>
   <div class='ocr_carea' id='block_1_115' title="bbox 1934 5224 3519 5281">
    <p class='ocr_par' dir='ltr' id='par_1_115' title="bbox 1934 5224 3519 5281">
     <span class='ocr_line' id='line_1_115' title="bbox 1934 5224 3519 5281; baseline 0.001 -2"><span class='ocrx_word' id='word_1_917' title='bbox 1934 5239 2090 5279; x_wconf 90' lang='lat' dir='ltr'><strong>suum</strong></span> <span class='ocrx_word' id='word_1_918' title='bbox 2122 5225 2189 5278; x_wconf 81' lang='grc'><strong>⁸⁸.</strong></span> <span class='ocrx_word' id='word_1_919' title='bbox 2223 5243 2243 5279; x_wconf 74' lang='grc' dir='ltr'><strong>ι</strong></span> <span class='ocrx_word' id='word_1_920' title='bbox 2288 5224 2507 5281; x_wconf 84' lang='lat' dir='ltr'><strong>Suﬂicit</strong></span> <span class='ocrx_word' id='word_1_921' title='bbox 2537 5226 2681 5280; x_wconf 90' lang='lat' dir='ltr'><strong>enim</strong></span> <span class='ocrx_word' id='word_1_922' title='bbox 2727 5226 2883 5281; x_wconf 92' lang='lat' dir='ltr'><strong>nobis</strong></span> <span class='ocrx_word' id='word_1_923' title='bbox 2928 5225 3180 5281; x_wconf 89' lang='lat' dir='ltr'><strong>Christus</strong></span> <span class='ocrx_word' id='word_1_924' title='bbox 3225 5225 3291 5280; x_wconf 92' lang='lat' dir='ltr'><strong>ad</strong></span> <span class='ocrx_word' id='word_1_925' title='bbox 3339 5224 3519 5280; x_wconf 72' lang='lat' dir='ltr'><strong>lucent</strong></span> 
     </span>
    </p>
   </div>
   <div class='ocr_carea' id='block_1_116' title="bbox 1935 5313 3515 5389">
    <p class='ocr_par' dir='ltr' id='par_1_116' title="bbox 1935 5313 3515 5389">
     <span class='ocr_line' id='line_1_116' title="bbox 1935 5313 3515 5389; baseline -0.001 -18"><span class='ocrx_word' id='word_1_926' title='bbox 1935 5324 2218 5382; x_wconf 84' lang='lat' dir='ltr'><strong>aeternam,</strong></span> <span class='ocrx_word' id='word_1_927' title='bbox 2239 5324 2295 5371; x_wconf 89' lang='lat' dir='ltr'><strong>ct</strong></span> <span class='ocrx_word' id='word_1_928' title='bbox 2328 5317 2440 5384; x_wconf 85' lang='lat' dir='ltr'><strong>ipse</strong></span> <span class='ocrx_word' id='word_1_929' title='bbox 2484 5318 2592 5372; x_wconf 90' lang='lat' dir='ltr'><strong>erit</strong></span> <span class='ocrx_word' id='word_1_930' title='bbox 2622 5318 2781 5389; x_wconf 89' lang='lat' dir='ltr'><strong>longa</strong></span> <span class='ocrx_word' id='word_1_931' title='bbox 2811 5333 2876 5373; x_wconf 92' lang='lat' dir='ltr'><strong>ac</strong></span> <span class='ocrx_word' id='word_1_932' title='bbox 2902 5327 3161 5388; x_wconf 82' lang='lat' dir='ltr'><strong>perpetua</strong></span> <span class='ocrx_word' id='word_1_933' title='bbox 3194 5316 3331 5373; x_wconf 84' lang='lat' dir='ltr'><strong>dies.</strong></span> <span class='ocrx_word' id='word_1_934' title='bbox 3356 5313 3515 5370; x_wconf 88' lang='lat' dir='ltr'><strong>Diem</strong></span> 
     </span>
    </p>
   </div>
   <div class='ocr_carea' id='block_1_117' title="bbox 1934 5407 3515 5467">
    <p class='ocr_par' dir='ltr' id='par_1_117' title="bbox 1934 5407 3515 5467">
     <span class='ocr_line' id='line_1_117' title="bbox 1934 5407 3515 5467; baseline 0.003 -6"><span class='ocrx_word' id='word_1_935' title='bbox 1934 5418 2116 5462; x_wconf 89' lang='lat' dir='ltr'><strong>autem</strong></span> <span class='ocrx_word' id='word_1_936' title='bbox 2147 5407 2288 5463; x_wconf 88' lang='lat' dir='ltr'><strong>illam</strong></span> <span class='ocrx_word' id='word_1_937' title='bbox 2322 5420 2504 5464; x_wconf 91' lang='lat' dir='ltr'><strong>notam</strong></span> <span class='ocrx_word' id='word_1_938' title='bbox 2537 5411 2766 5466; x_wconf 90' lang='lat' dir='ltr'><strong>Domino</strong></span> <span class='ocrx_word' id='word_1_939' title='bbox 2792 5424 2914 5465; x_wconf 89' lang='lat' dir='ltr'><strong>esse</strong></span> <span class='ocrx_word' id='word_1_940' title='bbox 2945 5410 3096 5465; x_wconf 92' lang='lat' dir='ltr'><strong>dicit.</strong></span> <span class='ocrx_word' id='word_1_941' title='bbox 3148 5407 3305 5463; x_wconf 84' lang='lat' dir='ltr'><strong>Solus</strong></span> <span class='ocrx_word' id='word_1_942' title='bbox 3361 5408 3515 5467; x_wconf 77' lang='lat' dir='ltr'><strong>enim</strong></span> 
     </span>
    </p>
   </div>
   <div class='ocr_carea' id='block_1_118' title="bbox 1933 5493 3519 5556">
    <p class='ocr_par' dir='ltr' id='par_1_118' title="bbox 1933 5493 3519 5556">
     <span class='ocr_line' id='line_1_118' title="bbox 1933 5493 3519 5556; baseline 0.001 -6"><span class='ocrx_word' id='word_1_943' title='bbox 1933 5493 2075 5550; x_wconf 90' lang='lat' dir='ltr'><strong>Deus</strong></span> <span class='ocrx_word' id='word_1_944' title='bbox 2113 5507 2166 5552; x_wconf 85' lang='lat' dir='ltr'><strong>et</strong></span> <span class='ocrx_word' id='word_1_945' title='bbox 2192 5497 2349 5553; x_wconf 85' lang='lat' dir='ltr'><strong>Pater</strong></span> <span class='ocrx_word' id='word_1_946' title='bbox 2373 5499 2863 5556; x_wconf 86' lang='lat' dir='ltr'><strong>consummationis</strong></span> <span class='ocrx_word' id='word_1_947' title='bbox 2891 5499 3033 5554; x_wconf 86' lang='lat' dir='ltr'><strong>diem</strong></span> <span class='ocrx_word' id='word_1_948' title='bbox 3090 5496 3519 5553; x_wconf 57' lang='lat' dir='ltr'><strong>novit.Persua«</strong></span> 
     </span>
    </p>
   </div>
   <div class='ocr_carea' id='block_1_119' title="bbox 2304 5697 3507 5769">
    <p class='ocr_par' dir='ltr' id='par_1_119' title="bbox 2304 5697 3507 5769">
     <span class='ocr_line' id='line_1_119' title="bbox 2304 5697 3507 5769; baseline 0.002 -12"><span class='ocrx_word' id='word_1_949' title='bbox 2304 5702 2346 5733; x_wconf 84' lang='lat'><strong>&quot;</strong></span> <span class='ocrx_word' id='word_1_950' title='bbox 2369 5700 2507 5757; x_wconf 77' lang='lat' dir='ltr'><strong>Psal.</strong></span> <span class='ocrx_word' id='word_1_951' title='bbox 2540 5714 2691 5769; x_wconf 71' lang='grc' dir='ltr'>ιοιιι,</span> <span class='ocrx_word' id='word_1_952' title='bbox 2725 5698 2811 5767; x_wconf 74' lang='grc' dir='ltr'>η,</span> <span class='ocrx_word' id='word_1_953' title='bbox 2838 5699 2921 5754; x_wconf 85' lang='grc'><strong>15.</strong></span> <span class='ocrx_word' id='word_1_954' title='bbox 3034 5698 3081 5731; x_wconf 80' lang='grc'>⁶³</span> <span class='ocrx_word' id='word_1_955' title='bbox 3111 5697 3269 5755; x_wconf 78' lang='lat' dir='ltr'><strong>.loau.</strong></span> <span class='ocrx_word' id='word_1_956' title='bbox 3293 5714 3390 5768; x_wconf 69' lang='lat' dir='ltr'><strong>xx,</strong></span> <span class='ocrx_word' id='word_1_957' title='bbox 3418 5698 3507 5759; x_wconf 58' lang='grc' dir='ltr'><strong>ΓΕ</strong></span> 
     </span>
    </p>
   </div>
  </div>
