4070 6558
538 327 638 382 351

1530 330 1589 388 S.
1631 333 1912 392 οῑιιιιιι
1951 335 2424 394 ALEXANDRINI
2461 336 2781 394 ARCHIEP.

3717 338 3836 395 25!

534 441 628 493 det
655 437 811 492 nobis
859 437 959 492 hoc
1013 437 1130 507 ipse
1181 453 1396 510 quoque
1449 439 1645 508 Filius,
1705 447 1778 501 ita
1847 446 2118 518 loquens:

2238 448 2402 515 λέγων
2425 446 2589 512 αὐτὸς
2615 449 2645 501 6
2677 445 2933 519 Χριστός⁸
2960 467 2979 500 t
3009 446 3226 510 Εὐθέως
3254 447 3310 502 δὲ
3343 449 3484 520 μετά
3508 448 3609 521 τὴν
3637 449 3838 520 θλίψιν

538 548 558 582 ι
597 528 672 583 De
709 528 794 582 die
816 537 995 582 autem
1030 529 1120 582 illo
1181 540 1236 584 et
1272 530 1404 584 hora
1441 547 1599 588 nemo
1635 537 1800 601 novit,
1827 554 2000 609 neque
2023 555 2118 593 an-

530 619 634 690 geli
662 619 716 674 in
745 618 906 684 cmlo,
937 634 1110 690 neque
1131 618 1320 687 Filius,
1354 624 1457 678 nisi
1483 623 1644 680 Pater
1669 627 1815 682 solus
1835 629 1932 682 ⁸⁸.»
1970 629 2118 696 Qua-

535 723 692 765 tenus
753 712 910 766 enim.
981 711 1144 768 homo
1219 715 1389 769 nostri
1465 716 1661 772 similis
1735 719 2116 790 cognoscitur,

535 803 708 857 nescit
745 816 865 871 qua:
900 802 952 857 in
981 800 1141 859 Patre
1166 814 1313 859 sunt.
1353 805 1634 872 Quatenus
1679 819 1859 863 autem
1923 819 2116 864 natura

532 902 615 947 est
651 894 814 959 Deus,
840 902 896 948 et
925 909 990 948 ex
1022 897 1136 964 ipso
1170 897 1592 968 exstitit,utique
1617 901 1780 954 etiam
1805 910 2116 956 extremum

538 983 682 1038 diem
715 985 882 1048 novit,
912 986 1126 1040 tametsi
1151 985 1298 1040 illum
1347 1003 1406 1041 se
1462 1004 1620 1044 nosse
1660 1000 1837 1062 neget,
1895 999 2120 1060 propter

535 1076 825 1130 humanam
847 1086 1090 1144 naturam
1124 1094 1274 1133 suam
1317 1080 1589 1136 videlicet.
1614 1081 1984 1152 lnterpretans
2025 1101 2120 1136 att-

538 1177 646 1222 tem
682 1168 835 1224 nobis
859 1171 1142 1239 praplteta,
1184 1183 1238 1226 et
1289 1171 1575 1227 declarans
1616 1175 1762 1243 quod
1820 1174 1975 1238 dixit,
2036 1175 2121 1230 Itis

537 1258 786 1329 adjunglt
822 1277 837 1315 :
872 1279 890 1312 t
917 1261 986 1314 Et
1013 1278 1118 1316 non
1146 1263 1286 1329 dies,
1337 1274 1390 1318 et
1433 1279 1541 1320 non
1577 1279 1684 1319 nox
1727 1264 1855 1329 erit,
1902 1265 1998 1320 sed
2053 1266 2120 1320 ad

539 1365 816 1421 vesperam
856 1355 959 1408 erit
987 1354 1110 1422 lux;
1145 1374 1163 1408 ι
1200 1356 1377 1420 idest,
1411 1357 1463 1410 in
1507 1367 1753 1426 tempore
1798 1358 1975 1413 noctis
2027 1357 2122 1412 lux

538 1444 646 1497 erit
675 1459 911 1512 rursum,
936 1462 1056 1515 qua:
1100 1461 1196 1517 per
1247 1447 1525 1504 Christum
1567 1451 1658 1518 qui
1694 1452 1796 1506 sub
1847 1449 1992 1506 caelo
2039 1458 2124 1504 est

539 1538 795 1598 mundum
859 1537 1188 1602 illustravit,
1255 1540 1491 1595 tenebris
1554 1543 1768 1600 penitus
1838 1542 2120 1605 discussis,

540 1644 640 1684 nec
679 1640 990 1686 sanctorum
1014 1632 1186 1687 oculis
1215 1633 1448 1701 amplius
1491 1634 1814 1703 superfusis.
1863 1634 1984 1689 Non
2007 1635 2126 1689 sine

539 1728 685 1774 certa
726 1734 888 1787 porro
939 1722 1149 1776 ratione
1198 1737 1367 1790 tpSam
1421 1737 1637 1792 quoque
1696 1733 2003 1778 creaturam
2071 1723 2123 1776 itt

2222 540 2334 594 τῶν
2360 539 2586 612 ἡμερῶν
2614 540 2861 604 ἐκείνων,
2909 543 2937 595 6
2982 541 3134 612 ἣλιος
3173 539 3593 610 σκοτισθήσεται
3614 581 3630 605 ,
3662 541 3775 596 καὶ
3800 545 3835 615 ἠ

2225 631 2422 702 σελήνη
2453 633 2513 685 οὐ
2545 629 2704 685 δώσει
2749 631 2810 684 τι
2837 631 3042 700 φέγγος
3073 631 3264 702 αὐτῆς.
3307 651 3326 683 ι
3374 631 3628 702 Ἀρκέσει
3654 630 3784 703 γὰρ
3809 632 3838 684 6

2223 722 2459 794 Χριστὸς
2486 723 2566 785 είς
2591 721 2710 790 φῶς
2739 723 2871 792 ἡμῖν
2908 721 3149 788 αἰώνιον,
3184 722 3281 776 καὶ
3328 721 3491 786 αὐτὸς
3521 722 3684 776 ἔσται
3735 739 3839 793 μαι

2222 814 2331 887 κρὰ
2376 814 2471 868 καὶ
2499 814 2756 886 διηνεκὴς
2797 813 3008 886 ἡμέρα.
3044 813 3156 884 Τὴν
3179 813 3236 868 δέ
3265 830 3329 883 γε
3356 814 3571 885 ἡμέραν
3600 815 3835 885 ἐκείνην

2221 903 2469 976 γνωστὴν
2515 899 2656 959 εἷναί
2701 904 2944 976 φησιτῷ
2989 905 3201 978 Κυρίῳ.
3252 905 3428 968 Μόνος
3459 905 3571 977 γὰρ
3603 901 3767 960 οἶδεν
3806 907 3837 959 6

2222 997 2354 1060 Θεὸς
2384 999 2478 1050 καὶ
2504 996 2696 1068 Πατὴρ
2720 997 2819 1067 τὴν
2856 1001 2957 1068 τῆς
2986 997 3298 1061 συντελείας
3331 997 3566 1070 ἡμέραν.
3614 999 3838 1068 Ἐμπε-

2221 1089 2304 1143 δοί
2337 1089 2473 1158 πρὸς
2495 1087 2655 1142 τοῦτο
2687 1089 2834 1158 ἡμᾶς
2861 1089 2957 1142 καὶ
3006 1087 3167 1152 αὐτὸς
3195 1090 3224 1142 6
3251 1088 3401 1154 Υἱὸς,
3427 1088 3569 1143 οὕτω
3601 1088 3798 1156 λέγων
3816 1103 3832 1120 υ

2230 1200 2249 1232 t
2288 1181 2424 1250 Περὶ
2471 1179 2528 1232 δὲ
2556 1181 2654 1250 τῆς
2686 1178 2899 1250 ἡμέρας
2947 1178 3166 1248 ἐκείνης
3213 1180 3310 1233 καὶ
3355 1179 3504 1252 ὥρας
3531 1180 3720 1243 οὐδεὶς
3755 1175 3838 1232 οἷ-

2223 1271 2333 1333 δεν,
2369 1270 2489 1324 οὐδὲ
2514 1272 2563 1324 οἱ
2592 1270 2812 1338 ἄγγελοι
2842 1272 2900 1324 ὲν
2939 1273 2998 1324 οὐ
3010 1270 3177 1343 ρανῷ,
3203 1271 3324 1326 οὐδὲ
3352 1274 3381 1326 6
3418 1273 3568 1336 Υἱὸς,
3597 1273 3652 1325 εί
3692 1271 3781 1342 μὴ
3809 1274 3837 1324 6

2226 1360 2418 1431 Πατὴρ
2455 1360 2630 1431 μόνος.
2666 1381 2684 1414 ι
2721 1355 2798 1434 ’ᾙ
2835 1362 2933 1431 μὲν
2967 1363 3076 1434 γὰρ
3107 1363 3311 1416 νοεῖται
3359 1361 3481 1416 καθ’
3534 1363 3693 1432 ἡμᾶς
3741 1362 3836 1417 ἇν-

2225 1449 2473 1522 ορωπος,
2498 1450 2597 1504 οὐκ
2630 1450 2698 1505 ἂν
2741 1453 2908 1523 εἰδείη
2939 1455 3006 1507 τὰ
3041 1455 3098 1507 έν
3141 1451 3218 1523 τῷ
3246 1452 3441 1522 Πατρί.
3473 1446 3553 1525 ᾟ
3597 1453 3662 1506 δέ
3711 1454 3833 1506 ἐστι

2226 1544 2384 1611 φύσει
2409 1541 2561 1608 Θεὸς,
2591 1544 2685 1596 καὶ
2718 1543 2778 1609 ἐξ
2820 1543 2985 1598 αὑτοῦ
3021 1543 3299 1615 πεφηνὼς,
3329 1540 3439 1598 οἶδέ
3465 1561 3571 1598 που
3599 1545 3833 1606 πάντως

2227 1633 2322 1686 καὶ
2360 1635 2459 1704 τὴν
2486 1632 2726 1704 ἐσχάτην
2751 1634 2985 1704 ἡμέραν,
3006 1635 3110 1688 κᾶν
3141 1636 3188 1688 εί
3214 1635 3368 1703 λέγοι
3392 1636 3467 1706 μὴ
3493 1635 3702 1688 εἰδέναι
3744 1633 3835 1688 διὰ

2225 1723 2288 1776 τὸ
2316 1723 2682 1794 ἀνθρώπινον.
2729 1723 3116 1796 Διερμηνεύων
3163 1725 3219 1779 δὲ
3262 1727 3394 1796 ἡμῖν
3435 1727 3464 1778 6
3508 1726 3829 1798 προφήτης.

539 1807 733 1862 melius
769 1809 1164 1864 reformandam
1225 1811 1623 1875 existimamus,
1679 1822 1735 1866 et
1778 1812 1883 1866 [ide
1931 1812 2126 1880 dignus

2238 1814 2323 1868 καὶ
2372 1816 2710 1887 σαφέστερον
2766 1815 3032 1880 καθιστὰς
3087 1817 3225 1888 ὅπερ
3275 1816 3419 1887 ἔφη,
3477 1817 3833 1888 προσεπάγει

540 1899 949 1956 estSalvatoris
999 1902 1318 1972 discipulus,
1372 1903 1462 1973 qui
1523 1904 1598 1958 ait
1655 1912 1935 1956 venturum
1981 1902 2122 1957 diem

542 1989 756 2044 Domini
790 1999 846 2044 ut
868 1991 1029 2061 θοι
1067 1991 1237 2048 furem
1261 1992 1316 2046 in
1340 2003 1518 2059 nocte,
1541 2001 1594 2048 et
1621 1993 1789 2048 caelos
1816 2005 2009 2061 magno
2034 1993 2126 2043 im-

545 2093 668 2150 petu
708 2084 1051 2151 transituros,
1109 2084 1376 2139 elementa
1431 2101 1563 2140 vero
1601 2083 1924 2140 couﬂneutia
1975 2083 2123 2138 solu-

2230 1905 2443 1970 τούτοις
2464 1922 2477 1936 ·
2527 1927 2545 1956 ι
2583 1907 2693 1960 Καὶ
2718 1906 2826 1977 οὐχ,
2846 1907 3031 1978 ἡμέρα
3050 1946 3065 1972 ,
3113 1907 3206 1960 καὶ
3233 1907 3294 1959 οὐ
3327 1909 3422 1973 νὺξ
3452 1907 3608 1980 ἔσται
3627 1945 3644 1971 ,
3687 1906 3830 1961 ἀλλὰ

2234 1995 2372 2067 πρὸς
2420 1996 2659 2066 ἑσπέραν
2709 1995 2862 2049 ἔσται
2916 1996 3066 2066 φῶς,
3107 2015 3126 2047 ι
3175 1996 3486 2059 τουτέστιν,
3539 1997 3598 2048 ἐν
3642 1994 3832 2066 καιρῷ

2233 2088 2448 2151 νυκτὸς,
2473 2087 2587 2157 φῶς
2614 2087 2765 2140 ἔσται
2797 2087 2961 2142 πάλιν
2993 2087 3054 2140 τὸ
3083 2087 3172 2141 διὰ
3218 2085 3457 2158 Χριστοῦ
3501 2085 3831 2155 καταστρα-

545 2185 682 2239 ιιιιιι,
718 2183 771 2229 et
807 2183 1031 2238 terram,
1066 2185 1119 2231 et
1142 2191 1260 2245 quae
1287 2177 1339 2230 in
1377 2178 1491 2245 ipsa
1525 2185 1650 2231 sunt
1675 2192 1834 2246 opera
1869 2186 2122 2229 exustum

2238 2178 2332 2250 ζιαν
2379 2178 2476 2250 τὴν
2530 2179 2620 2231 ὑπ’
2670 2178 2920 2248 οὐρανὸν,
2985 2179 3331 2251 ἀνηρημένου
3381 2177 3669 2242 παντελῶς
3733 2175 3829 2231 τοῦ

545 2266 612 2320 iri
651 2268 854 2333 omnia,
915 2269 1083 2324 caelos
1116 2276 1293 2324 autem
1343 2285 1509 2325 novos
1563 2280 1619 2326 et
1672 2281 1870 2324 terram
1932 2284 2125 2324 novam

2238 2268 2475 2332 σκότους,
2505 2268 2598 2321 καὶ
2622 2270 2734 2332 τοῖς
2759 2269 2866 2321 τῶν
2891 2268 3063 2338 ἁγίων
3090 2269 3390 2339 ὀφθαλμοῖς
3415 2267 3517 2322 οὐκ
3551 2265 3831 2322 ἐπιπολά-

544 2357 839 2410 sccundum
934 2359 1205 2426 promissa
1274 2358 1446 2427 ipsius
1511 2375 1608 2414 nos
1684 2369 2002 2428 exspectare
2057 2359 2125 2412 ⁸⁷.

2238 2359 2412 2424 εοντος
2434 2359 2536 2413 ἔτι.
2574 2360 2728 2430 Ἔχει
2763 2359 2817 2413 δὲ
2845 2359 2936 2413 τὸν
2962 2361 3160 2414 οίκεῖον
3191 2359 3350 2428 λόγον
3375 2359 3454 2422 τὸ,
3502 2358 3600 2412 καὶ
3647 2358 3828 2426 αὐτὴν

553 2447 705 2512 Quod
735 2463 834 2503 nos
863 2449 1106 2517 cogitare
1135 2451 1296 2503 etiam
1338 2466 1562 2506 necesse
1586 2461 1692 2505 est.
1733 2449 1788 2505 Si
1833 2451 1976 2506 enim
2035 2466 2129 2502 uo-

2238 2450 2435 2505 οἴεσθαι
2463 2451 2641 2504 κτίσιν
2670 2452 2764 2505 ἐπὶ
2793 2451 2862 2506 τὰ
2884 2452 3094 2523 ἀμείνω
3125 2450 3699 2524 μεταρρυθμίζεσθαι,
3725 2452 3823 2505 καὶ

543 2549 655 2592 stra
683 2540 904 2595 omnino
943 2551 1103 2595 erunt
1135 2542 1185 2595 in
1217 2543 1456 2598 novitate
1505 2546 1649 2610 vita),
1705 2558 1841 2598 nova
1909 2557 2124 2612 quoque

2238 2543 2534 2613 ἀξιόχρεως
2571 2543 2669 2611 μὲν
2709 2543 2804 2596 τοῦ
2850 2543 3102 2614 Σωτῆρος
3146 2545 3175 2597 6
3224 2541 3488 2614 μαθητὴς,
3533 2541 3691 2614 ἥξειν
3730 2542 3832 2614 τὴν

544 2640 790 2685 creatura
820 2633 977 2687 nobis
1003 2648 1138 2701 Optls
1162 2633 1285 2688 erit.
1351 2633 1506 2699 Nam,
1553 2647 1612 2688 ιιι
1653 2635 1844 2689 scribit
1906 2635 2125 2688 divinus

2238 2635 2448 2707 ἡμέραν
2495 2635 2702 2706 Κυρίου
2750 2635 2825 2699 ὡς
2852 2635 3095 2706 κλέπτην
3120 2635 3315 2704 λέγων,
3342 2636 3606 2706 οὐρανοὺς
3629 2635 3688 2689 δὲ
3719 2637 3830 2706 ῥει-

547 2719 747 2776 Paulus
780 2740 792 2775 :
828 2741 846 2774 t
885 2721 1230 2778 Liberaltitur
1258 2733 1310 2778 et
1344 2723 1458 2794 ipsa
1482 2736 1730 2778 creatura
1768 2723 2061 2792 aliquando
2095 2738 2124 2775 a

2238 2723 2394 2795 ςηδὺν
2428 2724 2880 2795 παρελεύσεσθαι,
2917 2726 3158 2795 στοιχεῖα
3187 2726 3244 2779 δὲ
3275 2725 3628 2797 καυσούμενα
3656 2722 3832 2796 inhi]-

548 2814 809 2870 servitute
845 2815 894 2870 itt
928 2816 1231 2871 libertatem
1261 2817 1445 2885 gloria:
1470 2817 1700 2872 (iliorum
1743 2818 1832 2872 Dei
1866 2817 1932 2870 ⁸⁸.
1967 2836 1985 2868 ι

2238 2814 2448 2880 σεσθαι,
2489 2818 2592 2886 γῆν
2618 2815 2697 2878 δὲ,
2731 2817 2825 2869 καὶ
2856 2815 2926 2870 τά
2957 2817 3014 2868 ἐν
3046 2817 3184 2887 αὐτῇ
3233 2816 3371 2888 ἔργα
3400 2817 3834 2888 κατακαυθήσεο

551 2907 674 2961 σθαι
715 2907 910 2973 πάντα,
942 2909 1203 2979 οὐρανοὺς
1247 2909 1303 2964 δὲ
1367 2912 1587 2974 καινοὺς
1625 2911 1810 2980 ἡμᾶς,
1844 2911 1936 2964 καὶ
1963 2911 2159 2982 καινὴν
2200 2909 2302 2980 γῆν
2367 2909 2510 2962 κατὰ
2542 2908 2610 2962 τά
2653 2908 3050 2978 ἐπαγγέλματα
3095 2908 3262 2962 αὑτοῦ
3294 2909 3618 2981 προσδοκᾷν.
3671 2909 3831 2982 Πλὴν

549 2998 644 3052 καὶ
671 2996 733 3063 ἐξ
791 2999 1107 3067 ἀναγκαίων
1152 3001 1230 3065 είς
1276 2999 1431 3053 τοῦτο
1480 2998 1810 3071 βαδιούμεθα
1859 2999 2156 3072 λογισμῶν.
2198 3000 2260 3053 Ei
2308 2998 2417 3069 γὰρ
2462 2998 2613 3052 ἔσται
2663 2999 2882 3063 πάντως
2931 3001 2989 3054 ἂν
3039 2999 3322 3070 καινότητι
3375 3000 3522 3071 ζωῆς
3566 3003 3636 3056 τὰ
3704 3001 3830 3056 καθ’

549 3090 718 3158 ἡμᾶς,
743 3090 934 3156 καινῆς
958 3091 1090 3160 ἡμῖν
1119 3089 1197 3143 δεῖ
1260 3090 1350 3144 καὶ
1406 3088 1658 3154 κτίσεως.
1696 3092 1787 3155 Ὠς
1849 3091 1957 3162 γὰρ
1985 3093 2014 3145 6
2076 3090 2365 3152 θεσπέσιος
2408 3089 2609 3160 γράφει
2655 3088 2889 3153 Παῦλος,
2921 3107 2940 3141 ι
2980 3089 3513 3162 Ἐλευθερωθήσεται
3551 3090 3650 3146 καὶ
3687 3092 3829 3162 αὐτὴ

551 3183 694 3239 κατά
737 3183 960 3253 καιροὺς
1009 3185 1041 3252 ἡ
1086 3183 1263 3248 κτίσις
1313 3185 1421 3238 ἀπὺ
1467 3185 1566 3256 τῆς
1617 3185 1858 3250 δουλείας
1902 3187 1983 3249 εἰς
2029 3183 2128 3256 τὴν
2167 3181 2480 3253 ἐλευθερίαν
2513 3182 2610 3253 τῆς
2666 3182 2826 3252 δόξης
2850 3181 2959 3235 τῶν
2996 3183 3204 3237 τέκνων
3238 3181 3332 3236 τοῦ
3357 3181 3515 3236 Θεοῦ.
3555 3201 3575 3236 ι

626 3275 790 3331 Vrsas.
826 3275 880 3341 8,
919 3277 975 3330 9.
1018 3276 1083 3331 In
1109 3277 1193 3331 die
1238 3279 1336 3331 illa
1385 3279 1672 3346 egredietur
1729 3294 1870 3348 aqua
1912 3278 2025 3332 υὶυα
2071 3279 2134 3331 de
2162 3285 2204 3342 C

551 3368 871 3431 Jerusalem,
908 3368 1079 3422 media
1126 3385 1251 3432 pars
1299 3370 1412 3437 ejus
1467 3369 1524 3422 in
1571 3385 1718 3422 mare
1784 3370 2036 3434 primum,
2089 3378 2137 3423 et

554 3458 730 3513 media
756 3475 880 3529 pars
914 3459 1030 3528 ejus
1064 3462 1116 3512 iit
1160 3474 1304 3513 mare
1359 3459 1726 3524 novissimum,
1756 3472 1802 3513 et
1845 3461 1900 3514 in
1934 3471 2138 3524 testate,

556 3551 683 3606 etin
709 3566 822 3606 rere
849 3551 923 3605 sic
951 3551 1070 3606 erit.
1112 3547 1178 3602 Et
1205 3551 1305 3604 erit
1356 3551 1613 3606 Dominus
1669 3553 1724 3605 in
1765 3568 1932 3622 regem
1983 3567 2141 3618 super

559 3658 760 3697 omnem
791 3654 1006 3696 terram.

634 3821 766 3879 CVI.
809 3819 1042 3875 Rursum
1078 3831 1265 3875 narrat
1299 3821 1478 3886 nobis,
1525 3822 1776 3891 quamvis
1825 3820 2139 3886 involutius,

564 3913 824 3984 Spiritum
843 3921 1090 3968 sanctum
1119 3926 1284 3981 super
1305 3921 1522 3966 sanctos
1556 3911 1864 3982 largissime
1886 3919 1941 3966 et
1981 3913 2141 3965 uber-

565 4005 701 4060 rime
727 4001 956 4060 eli'usum
997 4003 1088 4069 iri,
1126 4017 1192 4059 eo
1246 4002 1586 4072 potissimum
1637 4012 1900 4071 tempore,
1955 4002 2142 4072 quoin

565 4103 804 4150 sanctam
839 4103 893 4149 et
929 4106 1145 4161 semper
1172 4090 1484 4145 duraturam
1518 4090 1681 4144 vitam
1738 4090 1978 4144 subvecti
2029 4089 2144 4144 fue-

565 4189 695 4251 rint,
716 4188 782 4241 ad
809 4185 980 4249 illaut,
1010 4186 1253 4255 inquam,
1281 4181 1446 4238 futuri
1478 4182 1681 4240 Steculi.
1704 4181 1860 4240 Nunc
1876 4185 2016 4239 enim
2050 4199 2146 4253 per

566 4280 725 4339 ﬁdem
760 4277 814 4333 in
844 4276 1122 4333 Christum
1152 4275 1305 4347 quasi
1337 4275 1698 4330 arrltabonem
1718 4284 1770 4330 et
1810 4275 2004 4346 pignus
2031 4275 2144 4344 pri-

567 4372 748 4426 mitias
792 4369 964 4425 sancti
995 4369 1231 4438 Spiritus
1271 4383 1368 4437 pro
1417 4367 1622 4423 divitiis
1663 4369 1989 4437 accepimus.
2045 4365 2144 4422 Ubi

567 4471 748 4520 autem
773 4477 801 4515 a
839 4462 1062 4516 mortuis
1099 4460 1451 4524 redierimus,
1489 4469 1710 4529 peccato
1761 4475 1982 4528 prorsus
2018 4461 2146 4514 sub-

567 4556 700 4624 lato,
735 4568 839 4608 non
891 4563 1144 4621 tanquam
1179 4551 1418 4606 arrltabo
1447 4551 1679 4620 amplius
1719 4560 1771 4604 et
1806 4552 1857 4606 in
1892 4566 2143 4606 mensura

2324 3276 2424 3330 Ἐν
2475 3272 2548 3343 τῇ
2603 3273 2794 3343 ᾑμέρᾳ
2831 3273 3034 3343 ἐκείνῃ
3078 3273 3466 3338 ἐξελεύσεται
3510 3273 3670 3344 ὕδωρ
3719 3273 3834 3338 ῶν

2237 3371 2307 3434 εξ
2348 3365 2767 3437 Ἰερουσαλὴμ,
2807 3366 2873 3420 τὸ
2905 3366 3095 3436 ἣμισυ
3123 3367 3310 3422 αὐτοῦ
3335 3370 3422 3435 εὶς
3461 3365 3579 3436 τὴν
3599 3365 3832 3423 θάλασ-

2243 3477 2367 3516 σαν
2394 3460 2510 3528 τὴν
2547 3459 2811 3528 πρώτην,
2876 3459 2977 3514 καὶ
3026 3459 3092 3514 τὸ
3144 3459 3334 3530 ἥμισυ
3362 3457 3552 3514 αὐτοῦ
3575 3460 3665 3525 εὶς
3717 3460 3834 3526 τὴν

2241 3551 2561 3608 θάλασσαι·
2623 3550 2738 3618 τὴν
2785 3549 3077 3618 ἐσχάτην,
3138 3551 3238 3605 καὶ
3294 3551 3363 3605 ἐν
3399 3550 3576 3619 θέρει,
3617 3550 3714 3604 καί
3767 3551 3834 3604 ἐκ

2241 3642 2367 3708 ἔαρι
2395 3638 2566 3692 ἔσται
2596 3638 2806 3704 οὕτως.
2855 3637 2969 3691 Καὶ
3005 3639 3174 3692 ἔσται
3217 3638 3433 3705 Κύριος
3457 3638 3548 3703 είς
3568 3632 3839 3701 ,ϐασιλέα

2241 3731 2337 3785 ἐπὶ
2364 3729 2571 3784 πᾶσαν
2601 3728 2714 3796 τὴν
2739 3727 2886 3798 γῆν-

2315 3824 2452 3890 PQ".
2495 3821 2804 3891 Ἐξηγείται
2838 3820 3000 3874 πάλιν
3030 3821 3160 3891 ἡμῖν
3191 3818 3628 3890 αἰνιγματωδῶς,
3656 3819 3740 3874 δτι
3771 3817 3832 3890 δη

2247 3912 2472 3983 πλείστη
2499 3929 2558 3966 τε
2585 3913 2706 3983 ὅση,
2732 3912 2826 3965 καὶ
2859 3910 3179 3982 ἀμφιλαφὴς
3211 3911 3246 3980 ἡ
3277 3909 3372 3963 τοῦ
3395 3910 3552 3979 ἁγίου
3580 3906 3832 3979 Πνεύμα·

2245 4021 2334 4067 τος
2363 4003 2519 4074 χύσις
2553 4006 2664 4067 τοῖς
2712 4003 2890 4072 ἁγίοις
2945 4003 3423 4073 ἑκνεμηθήσεται,
3484 4001 3607 4055 κατ’
3655 4001 3830 4055 έκεῖνο

2249 4097 2482 4170 μάλιστα
2532 4095 2625 4149 τοῦ
2679 4094 2898 4166 καιροῦ.
2936 4093 3059 4148 καθ’
3111 4095 3170 4148 ὃν
3204 4095 3270 4149 ἂν
3316 4096 3398 4158 είς
3443 4093 3608 4163 ἁγίαν
3656 4092 3832 4148 τεκαὶ

2246 4189 2525 4262 ἀείδρυτον
2572 4188 2990 4269 ἀνακομισθείεν
3051 4187 3228 4259 ζωὴν,
3278 4187 3377 4256 τὴν
3419 4187 3494 4250 ὡς
3543 4187 3603 4240 έν
3648 4186 3823 4248 αἰῶνι,

2247 4283 2412 4352 φημὶ,
2461 4280 2542 4352 τῷ
2577 4281 2852 4351 μέλλοντι.
2879 4281 3016 4334 Νυνὶ
3043 4280 3140 4350 μὲν
3191 4278 3303 4351 γὰρ
3335 4277 3422 4333 διὰ
3451 4277 3694 4342 πίστεως
3737 4275 3830 4347 τῆς

2247 4375 2325 4436 είς
2349 4372 2584 4444 Χριστδν
2617 4371 2689 4436 ὡς
2713 4373 2770 4428 ὲν
2799 4369 3116 4443 ἀρῤαὸὦνος
3153 4369 3304 4436 τάξει
3341 4369 3439 4441 τὴν
3460 4369 3721 4441 ἀπαρχὴν
3741 4365 3828 4422 τοῦ

2247 4463 2402 4533 ἀγίου
2432 4462 2570 4516 Πνεύ
2581 4480 2752 4534 ματος
2777 4460 3256 4530 πεπλουτήκαμεν.
3293 4459 3448 4514 Μετά
3470 4459 3527 4512 δέ
3553 4476 3622 4528 γε
3647 4459 3747 4531 τὴν
3769 4458 3829 4513 ὲκ

2249 4555 2458 4627 νεκρῶν
2480 4556 2797 4617 ἀναϐίωσιν,
2830 4553 3182 4625 ἀνῃρημένης
3209 4554 3288 4615 είς
3315 4552 3461 4606 ἆπαν
3505 4549 3606 4620 τῆς
3657 4551 3830 4621 ἀμαρ-

567 4645 784 4701 divinus
810 4643 1045 4711 Spiritus
1081 4643 1132 4696 in
1161 4641 1453 4703 ttobiserit,
1484 4641 1577 4695 sed
1601 4640 1873 4694 aﬂ'atimet
1903 4641 2135 4711 copiose,

2246 4649 2386 4713 τίας,
2417 4649 2520 4703 οὐκ
2543 4650 2600 4702 ὲν
2631 4645 2949 4720 ἀρῤαὸὦνος
3000 4645 3080 4700 ἔτι
3114 4645 3267 4713 τάξει
3298 4642 3371 4699 ’τε
3432 4644 3528 4698 καὶ
3564 4643 3749 4714 μέτρῳ
3772 4640 3828 4695 τὸ

570 4735 775 4800 utdixi,
807 4743 862 4789 et
899 4742 1009 4789 tum
1045 4735 1284 4804 perfecte
1314 4733 1365 4788 in
1403 4734 1558 4788 donis
1607 4749 1702 4802 per
1737 4733 2018 4789 Christum
2055 4749 2149 4789 ac.

568 4827 785 4898 qttisitis
819 4826 1140 4884 lmtabimur.
1185 4828 1401 4896 Aquam
1459 4827 1625 4898 igitur
1670 4826 1849 4879 vivam
1916 4825 2149 4894 appellat

571 4919 856 4991 Spiritum.
887 4936 907 4971 ι
937 4917 1064 4985 Qum
1096 4927 1150 4974 et
1177 4919 1243 4975 de
1272 4933 1506 4988 superna
1545 4916 1848 4973 Jerusalem
1897 4917 2147 4985 egredie-

569 5020 681 5076 tur,
720 5029 741 5064 ›
769 5011 962 5080 inquit.
1017 5011 1279 5078 Quoniam
1310 5013 1454 5065 enim
1482 5011 1861 5065 universorum
1902 5008 2066 5062 Deum
2098 5008 2152 5063 in

571 5104 735 5162 cmlis
764 5104 1007 5159 habitare
1035 5106 1102 5157 ab
1129 5104 1244 5173 ipso
1278 5103 1546 5173 inspirata
1589 5101 1871 5168 Scriptura
1897 5115 2147 5170 prmnun-

572 5196 692 5264 tiet,
720 5197 965 5266 quamvis
999 5196 1197 5264 ubique
1225 5196 1295 5250 sit
1319 5205 1372 5250 et
1397 5211 1461 5250 eo
1493 5195 1649 5266 plena
1695 5194 1806 5247 sint
1833 5194 2038 5259 omnia,
2071 5194 2150 5248 id-

575 5289 725 5343 circo
758 5288 920 5342 etiam
945 5286 1214 5342 viviﬁcum
1254 5284 1516 5356 Spiritum
1551 5289 1619 5341 de
1649 5285 1786 5340 caelo
1812 5297 2154 5353 egressurum

579 5378 732 5434 dicit.
766 5378 956 5435 Solere
983 5391 1160 5432 autem
1211 5378 1452 5432 divinum
1504 5376 1764 5447 Spiritum
1803 5376 1960 5445 aquis
2007 5389 2155 5431 com-

2255 4740 2398 4794 θεῖον
2422 4739 2482 4793 ὲν
2506 4741 2638 4810 ἡμῖν
2673 4738 2826 4792 ἔσται
2860 4735 3107 4808 Πνεῦμα,
3137 4734 3409 4798 πλουσίως
3435 4734 3490 4789 δὲ
3525 4733 3622 4788 καὶ
3663 4733 3828 4803 ἀμφι·

2252 4831 2459 4901 λαφῶς,
2482 4831 2557 4894 ὡς
2583 4829 2739 4901 ἔφην.
2771 4829 2866 4884 καὶ
2894 4829 2994 4901 ἤδη
3029 4827 3250 4892 τελείως
3297 4827 3410 4889 τοῖς
3461 4824 3548 4879 διὰ
3595 4819 3827 4894 Χριστοῦ

2255 4923 2588 4995 χαρίσμασιν
2613 4921 3046 4992 ὲντρυφήσομεν.
3077 4918 3263 4990 ’Ύδωρ
3285 4917 3349 4988 δὴ
3377 4913 3471 4970 οὖν
3498 4913 3608 4982 ζῶν
3640 4911 3828 4982 ὀνομά-

2256 5013 2338 5078 ζει
2368 5013 2429 5066 τὸ
2458 5011 2704 5082 Πνεῦμα,
2760 5028 2780 5062 t
2815 5011 2880 5064 Ὀ
2911 5011 3004 5064 καὶ
3060 5010 3125 5063 ὲκ
3173 5008 3274 5078 τῆς
3304 5006 3417 5061 ἄνω
3481 5003 3830 5075 Ἰερουσαλὴμ

2254 5104 2614 5170 ἐξελεύσεται,
2647 5105 2832 5174 φησίν.
2871 5100 3088 5171 Ἐπειδὴ
3132 5100 3243 5170 γὰρ
3276 5098 3553 5151 κατοικεῖν
3593 5095 3652 5148 ὲν
3683 5093 3830 5162 οὐρα-

2253 5197 2363 5259 νοῖς
2390 5194 2482 5248 τὸν
2503 5194 2612 5248 τῶν
2644 5194 2780 5248 ὅλων
2811 5192 2996 5263 Θεὸνή
3031 5189 3388 5250 θεόπνευστος
3417 5187 3523 5256 εφη
3552 5183 3759 5255 Γραφὴ,
3784 5182 3828 5235 εί

2254 5289 2349 5342 καὶ
2377 5286 2493 5341 ἔστι
2524 5286 2800 5358 πανταχοῦ
2829 5285 2920 5339 καὶ
2951 5282 3282 5352 πεπλήρωκε
3313 5280 3381 5334 τὰ
3412 5279 3610 5342 πάντα,
3663 5273 3825 5346 ταύτῃ

2255 5395 2336 5432 τοι
2378 5377 2510 5448 φησὶ
2543 5377 2638 5430 καλ
2681 5376 2740 5440 ἐξ
2788 5371 3018 5446 οὐρανοῦ
3071 5373 3132 5426 τὸ
3173 5369 3435 5435 ζωοποιὸν
3493 5364 3827 5435 ἐξελεύσεται

581 5470 765 5542 parari
789 5471 842 5526 in
874 5473 1048 5526 sacris
1074 5468 1318 5534 Litteris,
1349 5470 1462 5538 ipse
1507 5468 1624 5540 ejus
1652 5469 1806 5522 dator
1841 5465 2135 5522 testiﬁcabi-

2257 5470 2502 5541 Πνεῦμα.
2541 5471 2663 5524 ’Ὁτι
2709 5468 2766 5522 δὲ
2800 5467 2954 5521 ὕδασι
2998 5462 3351 5536 παρεικάζειν
3381 5459 3502 5525 ἔθος
3532 5456 3827 5527 τοίςίεροῖς

589 5572 696 5628 tur,
726 5559 895 5617 Filius
917 5576 1152 5631 nempe:
1191 5559 1331 5627 «Qui
1379 5561 1551 5615 credit
1601 5560 1652 5614 in
1687 5573 1792 5623 me,
1845 5559 1987 5613 sicut
2030 5558 2131 5613 dici

2259 5560 2554 5629 Γράμμασι
2586 5560 2644 5612 τὸ
2672 5555 2892 5627 Πνεῦμα
2920 5555 2978 5609 το
3007 5555 3167 5620 θεῖον,
3199 5551 3359 5616 αὐτὸς
3387 5549 3715 5604 πιστώσεται
3747 5542 3830 5600 λέ·
3901 5555 3904 5559 ’

658 5738 703 5771 ⁸⁸
739 5735 903 5794 Marc.
935 5738 1168 5805 xttt,'5%.
1248 5737 1287 5769 "
1319 5702 1505 5792 I‘Petr.
1544 5753 1624 5806 ιιι,
1669 5736 1854 5794 iO-H.
1933 5736 1974 5764 ⁸⁸
2015 5735 2172 5798 Hom.
2215 5751 2340 5801 vur,
2366 5735 2455 5796 ιιι.
