4070 6566
223 391 371 450 253

212 523 369 575 των
405 509 434 563 ὁ
455 508 648 562 τούτου
675 509 858 578 δοτηρ,
882 502 1182 570 τουτέστιν,
1202 505 1231 558 ὁ
1249 503 1397 568 Υἱός*
1424 522 1442 555 ι
1481 504 1546 558 Ὀ
1568 503 1828 557 πιστεύων

1942 503 2266 576 Scriptura,
2327 505 2547 560 ﬁumina
2599 507 2667 562 de
2731 515 2917 562 ventre
2971 507 3091 576 ejus
3145 507 3307 560 tluent
3367 515 3523 572 aqua

215 602 325 664 εἰς
369 599 499 671 ἐμὲ,
530 599 714 662 καθὼς
747 593 900 652 εἶπεν
932 597 966 666 ἠ
989 595 1202 667 Γραφὴ,
1226 596 1460 666 ποταμοὶ
1507 597 1569 648 ἐκ
1594 595 1692 664 τῆς
1719 611 1828 648 κοι·

1948 595 2081 650 νὶνεε
2105 596 2170 650 ⁶⁹.
2206 615 2227 648 ›
2275 594 2429 663 Quod
2461 611 2739 666 exponens
2767 604 2821 651 et
2842 595 3133 652 enucleans
3168 609 3325 650 sacer
3349 610 3519 650 evan-

213 689 376 756 λίας
408 689 570 747 αὑτοῦ
603 689 884 761 ῥεύσουσιν
912 687 1099 750 ὓδατος
1131 687 1296 758 ζωῆς.
1327 705 1345 738 ι
1381 687 1488 741 Καὶ
1511 685 1677 740 τοῦτο.
1700 685 1828 756 διερε

1945 687 2157 758 gelista,
2189 704 2206 738 ι
2251 685 2366 742 Hoc
2405 699 2583 743 autem
2637 687 2874 754 dicebat,
2929 687 3127 758 inquit.
3188 687 3257 743 de
3313 686 3518 754 Spiritu

222 786 514 855 μηνεύων
553 785 582 838 ό
634 782 918 846 θεσπέσιος
969 780 1376 851 εὐαγγελιστὴς,
1439 780 1531 834 καὶ
1576 778 1828 842 καθιστὰς

1946 793 2104 846 quem
2129 781 2400 847 accepturi
2437 791 2592 836 erant
2625 779 2906 834 credentes
2935 780 2987 834 in
3032 794 3153 834 eum
3183 780 3250 832 '°.
3303 797 3322 830 ι
3383 777 3519 842 Quia

217 871 513 944 ἐναργὲς,
552 892 570 925 ι
603 872 772 926 Τοῦτο
794 872 851 926 δὲ
885 868 1028 934 εἷπε,
1061 870 1214 940 φησὶ.
1235 859 1364 941 περὶ
1385 868 1828 940 τοῦπῐΙνεύματος,

1947 885 2180 940 namque
2209 871 2444 940 Spiritus
2477 882 2561 926 est
2591 872 2857 936 viviﬁcus,
2897 872 3022 926 ideo
3057 885 3180 926 cum
3221 883 3358 938 aqua
3395 867 3523 921 vivi-

216 956 295 1016 οὗ
327 963 570 1033 ἔμελλον
623 963 918 1034 λαμϐάνειν
967 964 1014 1016 οἱ
1075 961 1422 1026 πιστεύοντες
1470 963 1550 1024 εἰς
1590 961 1772 1017 αὐτόν.
1813 979 1828 1014 ι

1947 959 2140 1016 ﬁcante
2162 961 2571 1032 appositissime
2587 963 2882 1018 confertur.
2918 962 3072 1030 Quod
3104 969 3284 1016 autem
3324 958 3520 1029 digna-

233 1051 494 1125 Ἐπειδὴ
529 1057 636 1126 γὰρ
662 1055 723 1109 τὸ
751 1047 975 1124 Πνεῦμά
1003 1055 1118 1108 ἐστι
1175 1054 1456 1118 ζωοποιδν,
1488 1052 1640 1108 ὕδατι
1669 1051 1828 1126 ταύτῖ

1947 1053 2015 1107 tis
2051 1063 2238 1108 sancta
2269 1055 2376 1108 vita
2411 1054 2570 1109 liceat
2619 1055 2832 1110 abunde
2882 1054 3063 1110 sortiri
3111 1051 3517 1123 possessionem

214 1159 321 1198 τοι
354 1147 479 1199 τῶν
507 1146 773 1216 σωμάτων
816 1146 1064 1217 ζωοποιῴ
1114 1145 1528 1216 παρεικάζεται,
1570 1149 1662 1198 καὶ
1695 1144 1828 1214 μάλα

1945 1146 2116 1201 saneti
2148 1145 2406 1216 Spiritus,
2457 1147 2621 1216 802
2655 1158 2710 1200 et
2737 1157 2992 1215 tanquam
3017 1145 3174 1215 aquis
3204 1140 3523 1197 vivificanti-

215 1237 455 1307 ὀρθῶς.
481 1239 602 1293 ’Ότι
627 1239 685 1294 δέ
717 1242 828 1303 τοῖς
851 1240 950 1308 τῆς
979 1238 1140 1308 ἁγίας
1171 1238 1461 1309 ἠξιωμένοι
1487 1237 1631 1308 ζωῆς
1661 1254 1828 1308 παρα·

1947 1237 2048 1292 bus
2101 1235 2318 1303 repleri,
2372 1238 2598 1301 indicat,
2651 1251 2771 1290 cum
2825 1236 2976 1299 dicit,
3008 1251 3163 1304 aqua:
3206 1233 3349 1288 illius
3401 1245 3522 1301 qua:

212 1325 494 1382 τέθειται
516 1329 784 1392 πλουσίως
801 1329 861 1382 τὺ
883 1329 1070 1400 χρῆμα
1102 1329 1424 1398 μεταλαχεῖν
1442 1327 1542 1398 τῆς
1561 1326 1653 1381 τοῦ
1681 1327 1828 1395 ἁγίου

1945 1326 2230 1394 aliquando
2257 1326 2646 1397 Hierosolymis
2675 1341 2958 1397 egressura
3003 1333 3374 1396 exspectatur,
3431 1321 3516 1377 di-

217 1417 574 1489 Ηνεύματος
605 1419 890 1489 χορηγίας,
953 1421 1046 1472 καὶ
1078 1415 1274 1490 οἷάπερ
1319 1419 1526 1472 ὑδάτων
1582 1419 1828 1488 ἐμφορεῖ·

1947 1418 2167 1472 midium
2207 1419 2480 1474 abiturum
2513 1425 2578 1474 ad
2632 1435 2782 1474 mare
2813 1422 3071 1490 primum,
3133 1427 3188 1473 et
3239 1415 3518 1470 dimidium

219 1509 373 1563 σθαι
411 1509 714 1574 ζωοποιᾶω,
750 1509 1083 1581 ὑπεμφαίνει
1132 1510 1326 1578 λέγων,
1361 1511 1441 1563 ὅτι
1485 1509 1577 1562 τοῦ
1616 1508 1828 1573 ὓδατος,

1945 1510 2012 1562 ad
2059 1525 2206 1565 mare
2266 1521 2591 1568 extremum.
2647 1511 2760 1567 lloc
2813 1526 2942 1566 vero
2973 1509 3100 1582 quid
3131 1519 3212 1565 est
3242 1509 3269 1562 τ
3307 1507 3436 1562 Mari
3465 1515 3523 1562 et

231 1601 334 1654 τοῦ
399 1602 853 1674 προσδοκωμένου
908 1601 1051 1656 κατὰ
1100 1602 1326 1674 καιροὺς
1383 1600 1443 1666 ἐξ
1485 1599 1828 1671 Ἰερουσαλὴμ

1945 1601 2099 1667 aquis
2157 1601 2468 1672 frequenter
2515 1603 2709 1657 multas
2758 1611 2945 1671 gentes
3007 1613 3062 1657 et
3120 1600 3518 1656 multitudinem

217 1692 660 1759 ἐξελεύσεσθαι,
697 1694 758 1746 τὸ
806 1693 908 1764 μὲν
935 1695 1108 1764 ἥμισυ
1164 1693 1424 1762 βαδιεῖται
1475 1691 1612 1761 πρὸς
1637 1689 1828 1743 θάλασ-

1945 1687 2389 1742 innmnerabilem
2413 1691 2608 1746 divinae
2639 1691 2856 1748 Litterae
2883 1690 3205 1746 assimilant.
3232 1689 3408 1759 Atque
3445 1687 3518 1742 ita

223 1800 347 1838 σαν
382 1785 489 1856 τὴν
511 1782 756 1855 πρώτην,
784 1784 846 1836 τὸ
866 1784 922 1837 δὲ
949 1784 1122 1854 ἥμισυ
1153 1783 1287 1854 πρὸς
1317 1783 1418 1852 τὴν
1439 1782 1713 1836 Θάλασσαν
1739 1781 1828 1849 τὴν

1946 1795 2042 1848 per
2069 1782 2358 1848 quemdam
2387 1792 2700 1836 sanctorum
2749 1784 3140 1854 prophetarum
3172 1785 3246 1837 ait
3275 1801 3289 1837 :
3330 1801 3349 1834 ι
3385 1781 3519 1848 Quia

220 1874 515 1947 ἐσχάτην.
551 1877 662 1929 Καὶ
707 1875 759 1927 τί
815 1875 880 1944 δὴ
913 1873 1071 1928 τοῦτό
1101 1877 1253 1941 ἐστις
1303 1874 1610 1935 Θαλάσσαις
1647 1889 1706 1925 τε
1747 1873 1828 1924 καλ

1944 1870 2143 1940 repleta
2169 1881 2254 1926 est
2282 1872 2459 1927 omnis
2480 1882 2620 1928 terra
2655 1886 2713 1928 ut
2745 1885 3038 1945 cognoscat
3068 1875 3376 1941 Dominmn,
3402 1874 3513 1928 sic-

223 1964 445 2020 ὖδασιν
479 1965 715 2036 ἐξομοιοῖ
746 1965 1005 2028 πολλάκις
1059 1968 1091 2036 ἡ
1127 1963 1248 2018 θεία
1275 1964 1466 2035 Γραφὴ
1511 1963 1681 2016 πολλὰ
1731 1962 1828 2015 τῶν

1946 1973 2005 2014 ιιι
2039 1976 2179 2029 aqua
2221 1962 2387 2016 multa
2441 1964 2650 2033 operiet
2674 1967 2843 2020 maria
2877 1968 2944 2019 τι.
2987 1985 3006 2018 ι
3043 1966 3181 2032 Quin
3213 1973 3268 2019 et
3303 1966 3521 2020 divinus

218 2053 561 2126 ἀνθρώπων
586 2055 736 2127 ἔθνη,
769 2056 862 2109 καὶ
910 2054 1008 2125 τὴν
1032 2052 1267 2125 ἀριθμοῦ
1298 2053 1582 2124 κρείττονα
1609 2051 1828 2122 πληθύν.

1944 2051 2129 2106 Daniel
2162 2053 2426 2110 extremis
2455 2055 2790 2124 temporibus
2819 2066 3076 2112 eventura
3101 2056 3354 2111 omnibus
3376 2069 3523 2110 mor-

222 2148 358 2202 Καὶ
388 2147 536 2201 ὸῦτω
586 2147 687 2201 πού
736 2164 868 2218 φησι
895 2148 960 2200 δι’
997 2147 1115 2210 ἐνὸς
1143 2145 1251 2199 τῶν
1307 2146 1476 2214 ἁγίων
1511 2145 1828 2216 προφητῶν,

1943 2142 2138 2198 talibus
2189 2145 2608 2213 praenuntiatus:
2664 2165 2682 2196 ι
2734 2147 2841 2217 Ego
2904 2147 3088 2202 Daniel
3145 2147 3414 2208 videbam,
3465 2153 3521 2199 ct

227 2258 249 2289 σ
306 2242 448 2296 ’Ὁτι
471 2241 774 2310 ἐνεπλήσθη
801 2243 834 2310 ἡ
862 2239 1121 2310 σύμπασα
1143 2239 1215 2309 γῆ
1235 2239 1330 2292 τοῦ
1359 2239 1559 2307 γνῶναι
1585 2237 1676 2291 τὸν
1727 2236 1828 2291 Κύ·

1940 2248 2068 2289 ecce
2091 2246 2324 2303 quatuor
2359 2237 2502 2291 venti
2527 2238 2645 2294 cmli
2677 2239 2955 2292 irruebant
2985 2239 3036 2292 in
3067 2253 3213 2292 mare
3238 2253 3516 2308 magnum,

225 2346 391 2399 ριον,
424 2330 499 2393 ὡς
538 2329 681 2400 ὓδωρ
702 2330 836 2382 πολὺ
864 2327 1248 2398 κατακαλύῲαι
1277 2327 1570 2392 θαλάσσας.
1607 2347 1626 2380 ι
1693 2329 1828 2398 Ἔφη

1941 2333 1992 2379 et
2017 2335 2250 2394 quatuor
2276 2328 2462 2382 bestiae
2491 2345 2699 2398 magnae
2725 2331 3084 2385 ascendentes
3113 2330 3178 2384 de
3223 2329 3381 2391 mari,
3413 2327 3518 2381 dif-

219 2418 289 2471 δέ
330 2435 447 2472 που
471 2419 615 2476 καὶὸ
649 2417 934 2481 θεσπέσιος
971 2417 1190 2488 Δανιὴλ,
1243 2417 1311 2470 τὰ
1343 2418 1401 2470 ἐν
1433 2420 1683 2488 ἐσχάτοις
1712 2435 1828 2470 και⁴

1943 2415 2178 2474 ferenles
2207 2417 2435 2476 invicem
2458 2423 2525 2475 τ’.
2570 2440 2587 2473 ι
2623 2421 2775 2488 Quod
2821 2422 3063 2491 apertius
3113 2422 3304 2476 beatus
3352 2419 3520 2474 David

1091 383 1640 444 COMMENTARIUS
1679 383 1746 439 IN
1787 382 2187 440 ZACHARIAM
2231 383 2672 446 PROPHETAM.
2953 455 2956 460 ι
3412 378 3529 473 εει.

229 2513 366 2582 ροῖς
402 2510 798 2582 συμϐησόμενα
852 2513 964 2570 τοῖς
991 2508 1097 2563 ἀνὰ
1142 2510 1323 2562 πᾶσαν
1367 2508 1467 2578 τὴν
1513 2507 1838 2578 οἰκουμένην

228 2601 682 2673 λιστροα.ναι;›ιι›νιῑῖ›ν⁸
720 2621 739 2653 ‹
789 2599 930 2670 Ἐγὼ
966 2600 1163 2671 Δανιὴλ
1209 2598 1496 2670 ἐθεώρουν,
1529 2600 1624 2653 καὶ
1653 2599 1758 2652 ἰδοὺ
1789 2599 1839 2651 oi

228 2683 519 2762 τέσσαρες
569 2693 760 2763 ἄνεμοι
811 2690 905 2744 τοῦ
956 2689 1186 2761 ούρανοῦ
1236 2689 1574 2761 προσέϐαλον
1623 2690 1703 2752 είς
1738 2687 1838 2758 τὴν

231 2785 532 2838 θάλασσαν
559 2782 660 2854 τὴν
693 2782 958 2853 μεγάλην,
990 2781 1083 2836 καὶ
1121 2780 1378 2852 .τέσσαρα
1413 2780 1577 2851 θηρία
1627 2779 1838 2850 μεγάλα

231 2877 534 2935 ἀνέϐαινον
572 2877 637 2928 ἐκ
663 2875 762 2945 τῆς
791 2874 1085 2944 θαλάσσης,
1147 2872 1474 2944 διαφέροντα
1512 2871 1774 2943 ἀλλήλων.
1811 2890 1830 2922 ι

232 2969 595 3040 Σαφέστερον
626 2966 682 3019 δέ
712 2965 869 3020 τοῦτο
897 2965 1027 3020 αὐτὸ
1052 2964 1313 3028 καθιστὰς
1337 2965 1366 3016 ὁ
1388 2964 1658 3035 μακάριος
1674 2961 1838 3016 Δαὸὶδ

233 3059 580 3130 ἀναμέλπει,
611 3058 805 3127 λέγων·
847 3077 865 3109 ι
893 3055 1042 3126 Αῦτη
1070 3058 1101 3126 ἡ
1135 3056 1381 3111 θάλασσα
1408 3058 1440 3126 ἡ
1499 3055 1708 3126 μεγάλη
1739 3055 1836 3109 καὶ⁵

234 3152 586 3224 εὐρύχωρος,
611 3153 728 3205 ἐκεῖ
764 3148 990 3222 ἑρπετὰ,
1027 3143 1101 3203 ὧν
1127 3149 1226 3201 οὐκ
1261 3147 1410 3201 ἔστιν
1437 3145 1689 3218 ἀριθμὸς,
1721 3132 1835 3210 ζῶα

1940 2508 2088 2562 canit
2130 2525 2145 2561 :
2196 2527 2214 2559 ι
2270 2509 2384 2564 Hoc
2435 2525 2583 2564 mare
2633 2526 2884 2582 magnum
2932 2521 2988 2566 et
3047 2513 3364 2581 spatiosum,
3408 2509 3520 2564 illic

1941 2599 2159 2668 reptilia
2194 2616 2422 2669 qnormn
2454 2616 2558 2655 non
2593 2611 2674 2656 est
2704 2617 2984 2670 numerus,
3022 2603 3273 2656 animalia
3327 2601 3520 2671 pusilla

1938 2703 2062 2742 cum
2089 2690 2319 2759 magnis.
2367 2689 2480 2745 lllic
2521 2706 2684 2746 naves
2733 2693 3174 2760 pertransibunt,
3213 2693 3377 2744 draco
3415 2690 3518 2744 iste

1937 2795 2097 2849 quem
2129 2779 2377 2836 formasti
2403 2783 2470 2836 ad
2509 2782 2840 2837 illudendmn
2879 2784 2925 2837 ei
2951 2784 3017 2837 ⁷³.
3053 2803 3071 2835 ι
3107 2782 3330 2850 Qualem
3369 2781 3515 2835 enim

1937 2870 2231 2924 draconem
2255 2871 2306 2925 in
2337 2871 2472 2925 mari
2499 2874 2746 2926 sensibus
2787 2880 3006 2942 patente
3041 2873 3107 2927 ab
3144 2873 3519 2942 omnipotente

1940 2957 2047 3013 Deo
2075 2961 2140 3013 ad
2163 2960 2492 3016 illudendnm
2531 2963 2733 3016 homini
2765 2962 3056 3019 formatum
3085 2978 3204 3019 esse
3231 2961 3515 3020 dicemus!

1935 3049 2228 3106 Consuevit
2260 3053 2424 3123 igitur
2456 3069 2609 3109 sacra
2637 3052 2914 3124 Scriptura
2945 3056 3108 3110 etiam
3153 3065 3323 3109 totum
3356 3069 3514 3108 mun-

1937 3141 2086 3208 dum,
2114 3153 2168 3198 et
2188 3160 2576 3215 nonnunquam
2614 3164 2864 3218 magnam
2898 3147 3176 3202 hominum
3212 3145 3516 3200 multitudi-

235 3243 419 3316 μικρὰ
460 3243 596 3315 μετὰ
643 3242 918 3314 μεγάλων.
986 3241 1132 3294 Ἐκεῖ
1179 3240 1338 3293 πλοῖα
1387 3237 1828 3309 διαπορεύονται,

1939 3251 2058 3290 nem
2087 3237 2222 3290 mari
2252 3252 2590 3308 comparare.
2619 3241 2879 3306 Quocirca
2908 3253 3157 3293 mensura
3196 3238 3311 3308 pari
3347 3236 3518 3305 Spiri-

230 3336 464 3408 δράκων
490 3329 644 3400 οὗτος
673 3335 731 3388 ὃν
781 3334 1020 3398 ἔπλασας
1053 3333 1344 3404 ἐμπαίζειν
1403 3331 1574 3403 αὐτῷ.
1616 3349 1634 3408 ι
1673 3331 1833 3384 Ποῖον

231 3427 344 3502 γὰρ
378 3425 530 3481 εἷναί
556 3442 735 3497 φαμεν
789 3428 847 3479 ἐν
906 3428 972 3496 τῇ
1011 3423 1242 3494 αἰσθητῇ
1275 3421 1519 3494 θαλάσσῃ
1568 3421 1662 3476 τὸν
1704 3421 1833 3491 δρά-

236 3535 405 3576 κοντα
469 3517 852 3586 πεπλασμένον
904 3517 983 3579 εἰς
1029 3515 1090 3568 τὸ
1145 3513 1506 3586 ἐμπαίζεσθαι
1556 3513 1708 3584 παρὰ
1735 3513 1829 3566 τοῦ

237 3609 468 3684 πάντων
496 3607 824 3681 κρατοῦντος
870 3605 1041 3670 Θεοῦ;
1101 3604 1262 3667 Ἐθος
1295 3604 1358 3672 δὴ
1388 3601 1483 3658 οὖν
1510 3605 1622 3666 τοῖς
1665 3605 1830 3673 ἱεροῖς

238 3699 547 3771 Γράμμασι
570 3700 665 3753 καὶ
686 3700 861 3753 πάντα
878 3698 968 3751 τὸν
984 3697 1188 3766 κόσμον
1209 3694 1508 3758 θαλάσσαις
1528 3692 1828 3763 ἐξομοιοῦν,

237 3793 332 3847 καὶ
361 3792 574 3862 πολλὴν
601 3789 904 3861 ἀνθρώπων
932 3788 1044 3842 ἐσθ’
1080 3789 1168 3841 ὅτε
1203 3785 1435 3856 πληθύν.
1479 3788 1601 3838 Ὀτι
1649 3786 1830 3838 τοίνυν

243 3880 340 3952 [σῳ
373 3880 570 3952 μέτρῳ
616 3879 1073 3950 διανεμηθήσεται
1124 3876 1276 3950 παρὰ
1297 3875 1433 3930 Θεοῦ
1465 3877 1499 3947 ἡ
1536 3875 1628 3928 τοῦ
1660 3873 1830 3931 Πνεύ⁴

243 3990 409 4044 ματος
442 3975 604 4046 χάρις
631 3976 744 4036 τοῖς
768 3990 828 4026 τε
856 3971 916 4036 ἐξ
947 3969 1168 4042 Ἰσραὴλ
1197 3968 1549 4028 πιστεύσασι.
1583 3967 1678 4020 καὶ
1712 3968 1827 4030 τοῖς

242 4063 299 4130 ἐξ
327 4064 524 4128 ἐθνῶν,
585 4062 916 4134 ὑπεμφαίνει
972 4063 1145 4129 λέγων
1195 4062 1324 4132 περλ⁸
1369 4058 1464 4113 τοῦ
1510 4058 1701 4121 ὓδατος
1732 4056 1826 4110 τοῦ

240 4152 532 4219 ζωοποιοῦ,
561 4155 637 4220 ὡς
682 4154 1018 4219 ἐξελεύσεται
1053 4154 1114 4207 τὺ
1137 4154 1310 4224 ἥμισυ
1345 4152 1446 4220 μὲν
1469 4152 1549 4212 εἰς
1579 4150 1678 4221 τὴν
1730 4149 1829 4202 θά-

242 4241 452 4298 λασσαν
484 4243 582 4315 τὴν
605 4243 848 4316 πρώτην,
875 4244 936 4297 τὸ
954 4243 1009 4298 δὲ
1038 4243 1224 4315 ἕτερον
1257 4244 1427 4314 ἥμισυ
1471 4243 1551 4306 είς
1599 4241 1700 4310 τὴν
1735 4239 1829 4292 θά-

243 4332 452 4390 λασσαν
489 4334 586 4406 τὴν
619 4335 875 4407 ἐσχάτην.
922 4334 1209 4389 Θάλασσαν
1241 4333 1297 4386 δὲ
1353 4331 1578 4405 πρώτην
1627 4329 1827 4400 ὄνομά-

249 4425 326 4491 ζει
349 4426 444 4485 τὸν
479 4427 714 4497 Ἰσραήλ·
747 4426 982 4496 ἐσχάτην
1012 4426 1070 4479 δὲ
1113 4425 1211 4496 τὴν
1258 4425 1366 4478 τῶν
1423 4425 1540 4495 μετ’
1582 4423 1826 4485 ἐκείνους

247 4516 686 4570 πεπιστευκότων
715 4515 950 4586 πληθὺν,
974 4514 1220 4570 τουτέστι
1281 4514 1350 4566 τὰ
1391 4513 1538 4582 ἔθνη.
1574 4512 1685 4566 Καὶ
1710 4510 1826 4564 οῦτι

1938 3336 2023 3380 tus
2061 3327 2296 3394 gratiam
2329 3329 2676 3383 distributum
2711 3330 2774 3384 iri
2801 3331 2890 3394 iis,
2918 3331 3006 3399 qui
3039 3344 3104 3382 ex
3139 3329 3309 3383 Israel
3335 3328 3514 3384 credi.

1933 3417 2111 3470 derint
2159 3427 2215 3471 ct.
2243 3418 2308 3471 iis
2338 3420 2429 3489 qui
2459 3435 2522 3474 ex
2572 3420 2847 3490 gentibus,
2903 3421 3141 3476 ostendit
3191 3420 3396 3485 dicens,
3449 3420 3517 3475 de

1934 3521 2071 3576 aqua
2095 3509 2245 3562 vitali
2284 3525 2630 3580 egressurum
2668 3513 2949 3568 dimidium
2977 3514 3194 3583 quidem
3251 3513 3305 3567 in
3361 3527 3513 3567 mare

1933 3596 2199 3663 primum,
2233 3597 2462 3652 alterum
2509 3600 2790 3656 dimidium
2853 3603 2905 3656 in
2973 3617 3127 3657 mare
3185 3608 3510 3658 extremum.

1931 3685 2080 3741 Mare
2105 3689 2335 3758 primum
2385 3693 2625 3746 nominat
2675 3693 2861 3757 Israel,
2910 3700 3209 3764 extremum
3273 3692 3516 3748 multitu—

1931 3777 2132 3844 dinem,
2160 3795 2281 3849 qua:
2305 3790 2425 3850 post
2453 3782 2604 3836 illum
2638 3783 2796 3838 ﬁdem
2822 3793 2907 3838 est
2945 3783 3269 3853 amplexata,
3325 3795 3512 3855 gentes

1930 3869 2157 3924 scilicet.
2214 3870 2322 3925 Nec
2360 3872 2588 3928 dicimus
2629 3875 2874 3928 divisum
2915 3889 3040 3930 esse
3097 3875 3358 3944 Spiritum
3389 3890 3515 3931 san-

1930 3969 2100 4024 ctum,
2133 3972 2188 4017 et
2219 3962 2272 4017 in
2303 3965 2549 4034 utrisque
2599 3966 2974 4032 imperfectum
3007 3965 3142 4032 fore,
3184 3967 3326 4036 quia
3353 3967 3514 4021 dimi-

1931 4052 2077 4107 dimn
2110 4054 2308 4109 dicitur
2337 4073 2350 4110 :
2385 4056 2550 4124 absit;
2581 4057 2671 4111 sed
2696 4058 3015 4126 prophetam
3051 4059 3179 4113 illud
3206 4058 3385 4128 potius
3415 4059 3514 4114 in—

1931 4146 2114 4200 dicare
2145 4147 2282 4202 velle
2341 4150 2676 4216 putabimus,
2731 4149 3017 4219 aequaliter
3057 4149 3285 4220 gratiam
3329 4148 3415 4203 bis
3458 4155 3516 4204 et

1929 4237 2034 4292 illis
2059 4239 2389 4306 impertitum
2419 4241 2506 4296 iri.
2551 4241 2682 4295 Nam
2711 4243 2945 4296 medium
2974 4249 3028 4296 et
3053 4242 3284 4295 medium
3315 4240 3368 4294 in
3391 4240 3517 4311 pari

1929 4334 1983 4382 et
2011 4328 2202 4396 aaqnali
2238 4329 2620 4385 liberalitatem
2650 4340 2704 4386 et
2725 4330 3095 4402 aequalitatem
3128 4332 3296 4400 ipsam
3321 4331 3508 4386 decla-

1931 4425 2034 4471 rat.
2062 4416 2380 4488 Perpetuam
2402 4430 2581 4475 autem
2603 4436 2725 4477 esse
2751 4422 2979 4492 gratiam
2997 4432 3051 4477 et
3076 4422 3129 4476 in
3147 4437 3307 4478 omne
3337 4438 3510 4477 aevum

1935 4524 2267 4576 tnansuram,
2303 4527 2406 4566 non
2435 4512 2648 4569 diﬂicile
2677 4525 2761 4568 est
2785 4514 2968 4569 videre
2989 4530 3055 4571 ex
3076 4529 3142 4570 eo
3165 4516 3308 4583 quod
3349 4515 3503 4568 addi-

250 4603 345 4657 πού
372 4623 576 4676 φαμεν,
607 4605 682 4668 ὼς
718 4605 1044 4676 μεμέρισται
1087 4603 1149 4658 τὸ
1179 4603 1404 4674 Πνεῦμα
1435 4603 1496 4657 τὸ
1528 4603 1706 4671 ἅγιον,
1732 4603 1826 4656 καὶ

1934 4612 2019 4656 tur
2052 4621 2065 4657 :
2105 4623 2122 4656 ι
2167 4602 2300 4670 Quia
2342 4604 2393 4658 in
2419 4613 2628 4672 aestate,
2657 4616 2711 4662 et
2734 4607 2788 4662 in
2814 4623 2940 4663 vere
2973 4609 3053 4664 sic
3081 4608 3203 4669 erit,
3233 4627 3251 4660 ι
3279 4608 3381 4662 hoc
3404 4614 3512 4674 est,

254 4695 428 4760 ἀτελὲς
457 4697 513 4749 ἐν
537 4694 816 4764 ἑκατέροις
843 4694 1015 4760 ἔσται,
1041 4694 1129 4750 διά
1154 4711 1237 4747 τοι
1256 4694 1317 4746 τὸ
1346 4694 1516 4764 ἥμισυ
1546 4691 1824 4760 λέγεσθαι,

255 4787 441 4844 πολλοῦ
466 4804 532 4856 γε
564 4786 657 4846 καὶ
685 4786 783 4845 δεῖ·
820 4785 1120 4858 οἰησόμεθα
1147 4785 1203 4838 δὲ
1230 4785 1454 4856 μᾶλλον,
1487 4786 1663 4837 ἐκεῖνο
1702 4782 1826 4853 βού-

254 4878 428 4932 λεσθαι
454 4877 548 4932 τὸν
577 4879 861 4948 προφήτην
912 4875 1233 4947 ὑποδηλοῦν,
1261 4875 1336 4939 ὡς
1369 4876 1426 4928 ἐν
1478 4873 1682 4946 ἰσότητι
1727 4871 1827 4941 τῆς

255 4967 465 5039 χάριτος
495 4971 529 5038 ἡ
555 4968 782 5038 διανομὴ
809 4967 1019 5031 τούτοις
1043 4984 1102 5020 τε
1151 4968 1422 5032 κάκείνοις
1451 4966 1824 5038 ἐκνεμηθήσε-

255 5077 357 5115 ται.
388 5061 458 5114 Τὸ
481 5060 591 5131 γὰρ
614 5061 782 5130 ἥμισυ
833 5061 928 5114 καὶ
982 5061 1177 5131 ἥμισυ,
1218 5060 1319 5130 τῆς
1376 5059 1703 5130 ίσοστάθμου
1738 5075 1827 5126 φι-

255 5148 493 5221 λοτιμίας
540 5151 636 5204 καὶ
682 5150 782 5222 τῆς
843 5151 1086 5220 ἰσότητος
1108 5151 1260 5206 ἔσται
1298 5150 1652 5222 σημαντικόν.
1701 5150 1824 5202 ’Ότι

257 5237 308 5291 δὲ
333 5239 637 5312 διηνεκὴςή
674 5242 853 5312 χάρις,
901 5241 1155 5296 καὶκατὰ
1188 5241 1364 5295 πάντα
1403 5241 1593 5311 καιρὸν
1626 5242 1660 5312 ἡ
1695 5237 1824 5308 μέθ-

259 5325 380 5392 εεις,
436 5329 817 5400 ἀταλαίπωρον
872 5329 1018 5394 ἰδεῖν,
1073 5330 1181 5383 ἀπὸ
1248 5330 1339 5384 τοῦ
1395 5332 1562 5400 φάναι
1619 5331 1821 5394 πάλιν,

265 5434 282 5466 t
323 5418 436 5472 ’Ότι
474 5421 568 5473 καὶ
612 5422 669 5474 ἐν
711 5420 890 5489 θέρει,
944 5421 1035 5479 καὶ
1088 5422 1146 5473 ἐν
1205 5420 1327 5492 ἔαρι
1377 5422 1529 5476 ἔσται
1573 5423 1765 5487 οῦτως.
1798 5441 1817 5474 ι

271 5507 452 5564 ’ἰστέον
481 5511 563 5576 δὲ,
610 5513 708 5572 ὃτι,
765 5513 888 5574 ἀντὶ
920 5513 1034 5578 τοῦ,
1085 5514 1155 5567 ἐν
1203 5514 1354 5583 ἔαρι,
1387 5514 1445 5568 τὸ
1471 5515 1539 5569 ἐν
1581 5513 1823 5585 χειμῶνι

266 5602 385 5674 φησὶ
413 5603 518 5662 τῶν
568 5605 827 5678 Ἐϐραίων
874 5608 907 5677 ἢ
946 5605 1172 5669 ἓκδοσις.
1203 5607 1396 5661 Ἔσται
1418 5607 1480 5679 δὴ
1524 5603 1639 5672 οῦν,
1667 5609 1820 5679 φησὶ,

1933 4709 2161 4763 semper.
2191 4695 2344 4749 Scias
2373 4695 2551 4758 velim,
2596 4713 2694 4766 pro
2725 4715 2839 4752 vere
2883 4698 3167 4753 Ilebrmm
3218 4696 3509 4752 editionem

1933 4787 2130 4857 legere,
2162 4788 2216 4840 in
2255 4789 2440 4842 hieme.
2483 4788 2589 4843 Sed
2635 4789 3020 4845 inconveniens
3080 4805 3186 4844 non
3249 4798 3351 4852 est,
3414 4803 3514 4858 pro

1934 4879 2099 4933 hieme
2128 4879 2292 4949 803
2317 4879 2478 4934 etiam
2511 4896 2598 4933 ver
2635 4881 2817 4937 dicere
2868 4882 3163 4937 secundum
3189 4879 3331 4935 LXX
3362 4880 3515 4934 Scri-

1935 4977 2146 5036 pturam
2202 4987 2214 5022 :
2274 4970 2324 5022 in
2368 4969 2544 5024 medio
2595 4971 2795 5042 quippe
2843 4971 2988 5027 velut
3041 4972 3215 5042 spatio
3271 4972 3509 5026 acierum

1933 5060 2163 5114 duarum
2207 5060 2369 5114 situm
2399 5070 2500 5124 est,
2536 5073 2594 5115 ut
2619 5063 2664 5116 si
2695 5064 2817 5131 quis
2848 5064 3009 5118 etiam
3054 5064 3228 5133 ipsum
3274 5061 3511 5118 hibernae

1934 5153 2247 5222 tempestati
2283 5153 2539 5218 ascribat,
2577 5154 2708 5210 nihil
2754 5155 3130 5225 improbabile,
3173 5165 3265 5209 aut
3296 5169 3326 5207 a
3362 5161 3512 5208 recto

1933 5243 2168 5298 alienum
2192 5247 2262 5300 sit
2291 5244 2556 5300 facturus.
2583 5245 2735 5313 Quod
2769 5248 2812 5303 si
2841 5247 2962 5318 quis
2995 5257 3050 5302 et
3076 5247 3180 5302 alio
3226 5245 3384 5300 modo
3420 5244 3511 5298 in-

1942 5334 2188 5405 telligere
2211 5334 2466 5400 voluerit,
2509 5337 2649 5405 quod
2686 5337 2751 5393 de
2783 5353 2921 5408 aqua
2959 5338 3059 5394 sub
3096 5335 3506 5404 intelligentiam

1933 5429 2164 5483 cadente
2197 5428 2418 5496 dicitur,
2449 5444 2661 5500 nempe,
2685 5432 2826 5500 quod
2860 5450 2878 5482 ι
2908 5427 3508 5500 egredieturdimidium

1931 5517 2048 5588 ejus
2081 5518 2131 5572 in
2161 5533 2310 5572 mare
2330 5519 2586 5588 primum,
2615 5530 2670 5576 et
2691 5521 2970 5576 dimidium
3001 5519 3118 5587 ejus
3145 5521 3196 5574 in
3230 5533 3377 5574 mare
3411 5533 3506 5575 ex-

1931 5615 2184 5676 tremum,
2223 5618 2276 5664 et
2310 5611 2362 5666 in
2393 5621 2578 5667 aestate
2608 5621 2766 5680 atque
2795 5628 2918 5668 vere
2935 5612 3012 5667 sic
3028 5612 3183 5678 erit”
3211 5610 3368 5668 talem
3383 5625 3508 5673 ver-

330 5779 371 5812 "
401 5779 547 5840 Joan.
586 5799 679 5854 vn,
710 5783 797 5841 38.
877 5785 921 5816 ⁷ο
947 5780 1078 5840 ibid.
1113 5784 1198 5840 39.
1278 5785 1322 5816 “
1351 5783 1452 5840 lsa.
1485 5799 1557 5852 χι,
1590 5785 1641 5839 9.
1719 5785 1761 5818 ⁷³
1791 5783 1920 5852 Dan.
1954 5800 2053 5852 vn,
2076 5783 2132 5853 9,
2158 5787 2212 5844 3.
2291 5787 2335 5820 ⁷⁸
2359 5787 2501 5843 Psal.
2528 5785 2756 5857 011,25,
2779 5788 2875 5866 26._
