4070 6548
548 326 660 410 355

1546 330 1605 387 S.
1648 329 1922 388 CYRILLI
1962 334 2431 391 ALEXANDRINI
2470 338 2793 397 ARCHIEP.

3725 342 3827 397 236

548 449 740 503 borum
764 448 990 503 istorum
1030 464 1250 504 sensum
1295 450 1742 519 accipiet:Mare
1777 454 2011 522 primum
2043 472 2139 510 no-

2252 460 2387 514 ιιατά
2416 460 2485 514 τά
2518 460 2678 525 αὐτὰ,
2720 460 2813 513 καὶ
2861 457 3123 524 ὡσαύτως
3174 462 3207 531 ἡ
3244 460 3351 514 τῶν
3383 458 3593 531 νοητῶν
3625 459 3831 515 ὑδάτων

550 538 721 593 minat
743 538 809 594 ad
835 539 1099 595 orientem
1126 539 1360 596 fortasse
1382 541 1574 608 situm,
1606 541 1745 598 ultra
1770 552 1931 599 terrae
1965 546 2130 602 totius

547 645 703 697 oras;
750 643 1106 697 extremum,
1165 634 1233 689 ad
1292 644 1571 689 extremos
1619 637 1918 692 occidentis
1972 638 2128 694 lines.

554 720 710 778 Velut
729 724 871 777 enim
898 723 1090 779 faciem
1117 735 1174 781 et
1203 725 1527 796 principium
1555 726 1725 793 orbis,
1753 726 2019 783 orientem
2034 729 2132 783 de-

552 812 671 868 fluit
704 833 719 868 :
749 824 990 870 aestatem
1031 826 1231 881 autem,
1265 817 1481 886 opinor,
1520 817 1725 874 calidas
1759 828 1814 874 et
1865 820 2132 877 australes

552 903 741 959 mundi
796 914 978 973 partes
1021 918 1223 963 vocat:
1254 922 1349 963 ver
1397 908 1745 978 aquilonares
1788 920 1847 966 et
1884 911 2130 981 frigidas.

442 1036 443 1039 η
554 996 646 1051 Sic
676 998 822 1052 enim
852 999 1069 1055 divinus
1102 999 1268 1055 David
1302 1010 1537 1071 quatuor
1584 1003 1685 1057 sub
1726 1001 1864 1057 coelo
1909 1004 2130 1074 climata

554 1086 863 1157 significare
915 1090 1124 1155 volens,
1160 1092 1227 1145 ad
1267 1092 1433 1147 Deum
1466 1093 1811 1149 exclamabat
1841 1110 1856 1148 :
1898 1112 1917 1146 ι
1951 1094 2136 1150 JEsta-

556 1190 663 1235 tem
689 1191 743 1235 et
770 1196 867 1236 ver
888 1191 944 1237 tu
976 1184 1253 1253 plasmasti
1287 1201 1349 1240 ea
1384 1185 1453 1239 ⁷⁸.
1493 1203 1513 1237 s
1562 1186 1626 1239 Et
1658 1185 1893 1241 iterum:
1919 1205 1937 1239 ι
1968 1185 2137 1256 Aqui-

554 1272 730 1327 lonem
758 1284 813 1327 et
839 1289 989 1328 mare
1026 1285 1078 1329 tu
1109 1279 1310 1332 creasti
1344 1278 1411 1330 ⁷⁸.
1474 1294 1495 1329 ι
1542 1276 1720 1347 lnquit
1769 1292 1919 1347 ergo,
1969 1279 2138 1349 Egre-

554 1364 735 1419 dietur
767 1380 905 1435 aqua
940 1366 1060 1421 viva
1088 1369 1391 1438 aequaliter,
1425 1369 1554 1423 etin
1580 1370 1695 1438 pari
1727 1369 1899 1439 gratia
1938 1371 1990 1423 in
2022 1385 2138 1423 ma-

554 1470 613 1509 re
644 1455 875 1524 primum
903 1466 957 1513 et
995 1459 1048 1512 in
1078 1470 1412 1524 extremum,
1465 1460 1569 1515 hoc
1622 1470 1725 1525 est,
1780 1462 1834 1516 in
1872 1462 2135 1518 orientem

553 1556 608 1601 et
623 1548 977 1615 occidentem,
1006 1562 1060 1605 et
1091 1553 1142 1605 in
1166 1560 1358 1607 testate
1390 1563 1445 1608 et
1480 1552 1532 1607 in
1563 1567 1711 1619 vere,
1747 1553 1850 1608 hoc
1872 1562 1954 1608 est
1983 1553 2135 1617 item,

554 1640 607 1694 in
638 1649 880 1695 austrum
916 1652 968 1696 et
998 1642 1325 1712 aquilonem.
1377 1644 1691 1715 Replebitur
1728 1645 1870 1699 enim
1904 1645 2137 1698 mundus

2240 549 2416 621 χύσις,
2449 553 2506 605 ἐν
2555 551 2784 621 χειμῶνί
2835 566 2895 604 τε
2926 551 3021 605 καὶ
3067 551 3125 604 ἐν
3152 549 3320 622 θέρει,
3363 552 3638 619 τουτέστι,
3695 554 3833 607 κατὰ

2240 642 2419 696 πάντα
2446 643 2657 714 καιρόν.
2678 643 2934 697 Λυπεῖδέ
2961 642 3111 697 οὐδὲν
3145 644 3240 698 καὶ
3264 644 3386 697 ἀντὶ
3418 642 3512 697 τοῦ
3539 644 3835 714 χειμῶνος

2239 733 2301 787 τὸ
2330 734 2434 802 ἔαρ
2465 737 2661 799 εἰπεῖν,
2701 735 2841 789 κατὰ
2874 734 2973 806 τὴν
2992 735 3101 789 τῶν
3158 735 3563 807 Ἐσδομήκοντα
3588 736 3835 805 γραφήν

2240 826 2420 878 κεῖται
2448 825 2557 896 γὰρ
2578 826 2654 889 ὡς
2678 827 2736 878 ἐν
2772 826 3081 897 μεταιχμίῳ
3108 822 3376 896 χειμῶνός
3405 841 3464 878 τε
3487 825 3587 878 καὶ
3617 824 3835 895 θέρους,

2241 915 2381 970 ὥστε
2416 917 2518 971 κᾶν
2550 919 2683 980 εἰτις
2710 918 2841 971 αὐτὸ
2860 919 2971 981 τοῖς
3003 916 3100 970 τοῦ
3130 915 3396 988 χειμῶνος
3420 917 3681 989 ἀπονέμῃ
3711 932 3832 968 καιδ

2244 1012 2377 1081 ροῖς,
2405 1009 2497 1062 τὸν
2535 1009 2627 1062 τοῦ
2663 1010 2891 1073 εἰκότος,
2918 1010 2952 1081 ἢ
2992 1008 3085 1063 καὶ
3110 1008 3286 1081 ὀρθῶς
3315 1007 3553 1081 ἔχοντος,
3583 1009 3689 1063 οὐκ
3723 1007 3825 1061 ἀδι-

2242 1102 2401 1171 κήσει
2427 1098 2605 1170 λόγον.
2649 1100 2712 1154 Εἰ
2744 1101 2801 1154 δὲ
2831 1101 2894 1172 δή
2946 1117 3030 1165 τις
3078 1100 3321 1171 βούλοιτο
3366 1103 3460 1154 καὶ
3489 1100 3614 1154 καθ’
3647 1098 3838 1170 ἔτερον

2245 1190 2486 1243 συνιέναι
2517 1190 2717 1260 τρόπον
2738 1190 2800 1243 τὸ
2825 1190 2955 1260 περὶ
3001 1188 3098 1244 τοῦ
3132 1190 3325 1261 νοητοῦ
3384 1191 3685 1261 λεγόμενον
3710 1189 3839 1243 ὓδα-

2242 1296 2352 1345 τος,
2377 1280 2454 1344 ὼς
2494 1300 2513 1334 ι
2540 1280 2884 1347 ἐξελεύσεται
2912 1282 2974 1336 τὸ
3004 1283 3176 1353 ἥμισυ
3204 1282 3369 1336 αὑτοῦ
3399 1285 3478 1347 εἰς
3503 1283 3606 1354 τὴν
3642 1281 3841 1335 θάλασ-

2243 1388 2343 1425 σαν
2363 1371 2462 1442 τὴν
2496 1372 2743 1444 πρώτην,
2774 1375 2871 1429 καὶ
2896 1375 2957 1428 τὸ
2977 1376 3149 1446 ἥμισυ
3180 1373 3346 1427 αὐτοῦ
3385 1375 3467 1437 εἰς
3492 1374 3595 1444 τὴν
3630 1372 3839 1426 θάλασ-

2244 1480 2342 1517 σαν
2374 1462 2472 1533 τὴν
2520 1465 2779 1535 ἐσχάτην,
2828 1466 2923 1519 καὶ
2975 1467 3033 1519 ἐν
3062 1466 3235 1537 θέρει,
3281 1465 3377 1518 καὶ
3414 1467 3472 1517 ἐν
3496 1464 3642 1536 ἔαρι,
3683 1463 3839 1518 ἔσται

2241 1550 2404 1615 οὕτω,
2439 1570 2458 1603 ι
2500 1551 2763 1622 τοιαύτην
2816 1554 2943 1607 τινὰ
2985 1553 3081 1607 τοῦ
3133 1555 3497 1626 προκειμένου
3550 1554 3841 1625 περίνοιαν

2242 1643 2558 1707 εἰσδέξεται·
2585 1644 2872 1699 Θάλασσαν
2900 1646 3001 1716 μὲν
3033 1645 3144 1717 γὰρ
3170 1645 3423 1717 ὀνομάζει
3450 1645 3704 1717 πρώτην,
3740 1645 3844 1715 τὴν

553 1733 975 1791 ebarismalibus
1006 1751 1101 1805 per
1124 1733 1422 1801 Christum,
1451 1747 1506 1790 et
1536 1736 1875 1806 permanebit
1914 1737 2137 1791 omnino

2252 1736 2375 1805 πρὸς
2404 1736 2488 1804 ηὼ
2541 1736 2682 1805 τάχα
2738 1754 2842 1790 που
2876 1738 3157 1808 κειμένην,
3210 1736 3308 1809 τὴν
3372 1736 3630 1791 ἐπέκεινά
3691 1753 3844 1807 φημι

555 1826 755 1879 donum
784 1828 836 1880 in
872 1827 938 1881 iis
967 1828 1054 1895 qui
1113 1828 1443 1897 acceperint.
1473 1826 1646 1891 Tunc,
1684 1838 1811 1882 tunc
1844 1844 1863 1877 ι
1898 1828 1999 1881 erit
2026 1825 2134 1881 Do—

556 1914 734 1970 minus
764 1916 814 1969 in
850 1931 1028 1986 regem
1057 1931 1220 1985 super
1273 1932 1488 1971 omnem
1541 1927 1762 1973 terram.
1804 1936 1821 1969 s
1877 1916 1989 1971 Sub
2020 1918 2136 1985 ipso

556 2007 703 2060 enim
736 2006 850 2061 solo
866 2008 1091 2072 erimus,
1130 2018 1185 2062 et
1212 2009 1326 2076 ipse
1358 2008 1726 2064 dominabitur
1766 2011 1957 2065 deletis
1988 2010 2135 2080 peni-

557 2108 641 2152 tus
657 2099 990 2169 principibus
1016 2098 1197 2154 mundi
1213 2100 1393 2153 saeculi
1414 2098 1810 2171 hujus,et,omni
1835 2101 2135 2172 principatu

554 2206 830 2257 perverso,
865 2203 918 2246 et
950 2193 1231 2264 tyrannide
1260 2202 1445 2246 contra
1485 2208 1582 2247 nos
1607 2194 1975 2264 triumphalis,
2019 2194 2137 2262 ipso

556 2282 755 2337 Satana
780 2299 900 2337 cum
924 2284 1214 2338 virtutibus
1244 2282 1358 2349 ejus
1389 2282 1637 2352 malignis
1662 2283 1966 2355 proﬂigato.

2242 1827 2531 1898 τερμάτων
2554 1829 2653 1899 τῆς
2685 1829 2814 1898 ὅλης
2842 1830 2966 1900 γῆς,
3016 1830 3253 1900 ἐσχάτην
3300 1844 3365 1899 γε
3429 1831 3537 1903 μὴν
3566 1830 3665 1902 τὴν
3702 1828 3845 1899 πρὸς

2244 1918 2437 1981 αὑταῖς
2463 1913 2583 1981 ταῖς
2608 1918 2849 1989 ἑσπέρας
2884 1921 3180 1990 ἐσχατιαῖς.
3213 1921 3512 1994 Πρόσωπον
3537 1923 3647 1994 γάρ
3670 1922 3847 1975 οἱονεί

2245 2025 2382 2073 πως,
2427 2012 2521 2062 καὶ
2545 2009 2718 2082 ἀρχὴν
2749 2010 2990 2082 ὁρίζεται
3040 2013 3139 2082 τῆς
3163 2015 3490 2085 οἰκουμένης
3510 2015 3608 2086 τὴν
3633 2016 3847 2069 ἀνατο-

2244 2099 2361 2171 λήν·
2398 2098 2557 2171 θέρος
2596 2099 2671 2165 δὲ,
2715 2095 2871 2170 οῐμαί
2917 2114 3043 2167 που,
3071 2102 3141 2155 τά
3174 2100 3375 2174 θερμά,
3430 2105 3525 2157 καί
3559 2102 3715 2159 νότια
3743 2106 3850 2173 τῆς

2242 2187 2566 2258 οἰκουμένης
2599 2188 2864 2242 ἀποκαλεῖ
2894 2190 3059 2262 μέρη,
3102 2190 3201 2263 ἔαρ
3249 2192 3307 2247 δέ
3358 2192 3520 2247 πάλιν
3548 2193 3616 2248 τά
3647 2193 3854 2265 βόρειὰ

2242 2298 2301 2334 τε
2325 2282 2418 2335 καὶ
2447 2281 2651 2353 ψυχρά.
2696 2280 2857 2335 Οὕτω
2886 2282 2996 2353 γάρ
3022 2286 3051 2338 ό
3079 2285 3369 2350 θεσπέσιος
3420 2284 3583 2341 Δαϐὶδ
3606 2287 3674 2340 τά
3717 2287 3852 2340 τέσ-

555 2394 695 2449 σαρα
748 2377 848 2448 τῆς
901 2378 991 2430 ὑπ’
1068 2376 1297 2446 οὐρανὸν
1353 2375 1597 2444 κλίματα
1667 2376 1911 2445 σημῆναι
1962 2374 2165 2437 θέλων,
2208 2370 2473 2440 ἁνεφώνει
2514 2371 2649 2443 πρὸς
2698 2370 2850 2425 Θεόν’
2898 2392 2916 2424 ι
2949 2372 3140 2444 Θέρος,
3209 2376 3305 2429 καὶ
3351 2375 3453 2447 ἔαρ
3495 2377 3561 2431 σὺ
3591 2376 3853 2431 ἔπλασας

553 2473 712 2525 αὐτὰ.
750 2492 767 2523 ι
798 2472 907 2525 Καὶ
932 2471 1121 2535 πάλιν,
1160 2491 1178 2523 ι
1218 2472 1323 2524 Τὸν
1358 2472 1579 2543 βορρᾶν,
1614 2471 1707 2524 καὶ
1732 2470 1829 2540 τὴν
1852 2468 2133 2522 θάλασσαν
2174 2468 2239 2520 σὺ
2276 2466 2517 2528 ἔκτισας.
2558 2484 2577 2518 ι
2635 2464 3004 2530 Ἐξελεύσεται
3072 2468 3137 2539 δὴ
3207 2464 3322 2534 οὖν,
3357 2469 3521 2539 φημὶ,
3575 2468 3637 2523 τὸ
3686 2467 3853 2541 ὕδωρ

552 2563 614 2616 τὸ
654 2561 763 2627 ζῶν
801 2566 857 2617 ἐν
921 2564 1145 2633 ἰσότητι,
1195 2565 1288 2617 καὶ
1352 2563 1706 2636 ἰσομοιρούσῃ
1758 2565 1942 2633 χάριτι
1973 2561 2054 2624 εἴς
2115 2577 2174 2613 τε
2212 2560 2313 2630 τὴν
2347 2558 2623 2612 θάλασσαν
2686 2560 2785 2631 τὴν
2839 2558 3088 2633 πρώτην,
3119 2561 3215 2616 καὶ
3253 2563 3355 2634 μέν
3401 2576 3485 2616 τοι
3514 2564 3609 2617 καὶ
3633 2565 3717 2627 εἰς
3742 2562 3853 2632 τὴν

553 2656 813 2726 ἐσχάτην,
869 2659 1165 2721 τουτέστιν,
1203 2660 1283 2721 εἰς
1331 2657 1406 2711 ’ἐω
1457 2672 1516 2710 τε
1561 2658 1656 2710 καὶ
1694 2658 1865 2723 δύσιν,
1900 2657 1993 2709 καὶ
2045 2657 2104 2707 ὲν
2143 2655 2314 2727 θέρει,
2344 2654 2438 2708 καὶ
2471 2655 2529 2706 ἐν
2580 2654 2724 2724 ἔαρι,
2754 2656 3003 2709 τουτέστι
3038 2656 3220 2722 πάλιν,
3255 2658 3335 2721 εἰς
3356 2658 3449 2711 τὸν
3485 2658 3633 2712 νότον
3652 2674 3715 2711 τε
3750 2654 3856 2711 καὶ

556 2748 636 2810 εἰς
664 2745 888 2817 βορρᾱν.
932 2748 1412 2818 Ἐμπλησθήσεται
1451 2748 1560 2819 γὰρ
1591 2750 1623 2817 ἡ
1654 2748 1745 2800 ὑπ’
1786 2746 2010 2818 οὐρανὸν
2043 2746 2150 2800 τῶν
2189 2744 2277 2799 διά
2308 2746 2547 2817 Χριστοῦ
2576 2746 2956 2817 χαρισμάτων,
3030 2749 3359 2819 ἐναπομενεῖ
3380 2748 3438 2802 δὲ
3471 2748 3688 2815 πάντως
3722 2754 3855 2815 τοῖς

556 2838 815 2893 λαϐοῦσιν
848 2842 880 2911 ἡ
910 2838 1107 2912 δωρεά.
1136 2842 1269 2895 Τότε
1294 2842 1383 2914 δὴ,
1423 2843 1544 2896 τότε
1577 2862 1594 2893 ι
1624 2841 1779 2896 ἔσται
1808 2842 2008 2911 Κύριος
2058 2842 2139 2905 είς
2211 2840 2435 2913 βασιλέα
2468 2841 2561 2894 ἐπὶ
2592 2840 2774 2895 πᾶσαν
2806 2840 2906 2912 τὴν
2976 2842 3099 2911 γῆν.
3143 2860 3161 2893 ι
3219 2842 3343 2894 ’Υπ’
3384 2842 3533 2913 αὑτῷ
3569 2842 3678 2913 γὰρ
3706 2844 3851 2898 ἐσόο

560 2934 700 3009 μεθα
733 2936 898 3006 μόνῳ,
932 2937 1027 2988 καὶ
1056 2935 1217 3000 αὐτὸς
1243 2938 1503 3009 κατάρξει
1547 2938 1657 2991 τῶν
1719 2938 1857 2991 ὅλων
1928 2937 2367 3009 κατηργημένων
2431 2938 2511 2999 εἰς
2574 2935 2722 2990 ἆπαν
2786 2934 2896 2989 τῶν
2959 2935 3423 3007 κοσμοκρατόρων
3482 2934 3578 2988 τοῦ
3634 2934 3854 2997 αἰῶνος

557 3031 769 3095 τούτου,
799 3032 892 3084 καὶ
916 3031 1137 3104 ἀπάσης
1181 3033 1357 3105 ἀρχῆς
1430 3036 1671 3103 πονηρᾶς
1728 3033 2273 3105 τεθριαμϐευμένης,Δ
2331 3033 2426 3085 καὶ
2487 3032 2587 3101 τῆς
2648 3030 2771 3085 καθ’
2811 3027 2972 3103 ἡμῶν
3022 3029 3359 3094 πλεονεξίας,
3421 3026 3855 3099 ἐκόεὸλημένων

558 3123 722 3177 αὐτοῦ
748 3141 808 3176 τε
832 3121 924 3176 τοῦ
957 3124 1171 3177 Σατανᾶ
1216 3125 1312 3177 καὶ
1354 3123 1463 3177 τῶν
1519 3126 1614 3178 σὺν
1657 3123 1805 3196 αὐτῷ
1853 3124 2136 3195 δυνάμεων
2176 3123 2451 3195 πονηρῶν.

630 3212 797 3269 Vens.
827 3212 916 3278 10,
954 3212 1041 3265 Η.
1081 3211 1148 3265 1η
1175 3213 1262 3267 die
1309 3211 1401 3265 illa
1432 3217 1532 3266 erit
1576 3213 1835 3267 Dominus
1896 3231 2054 3278 unus,
2092 3222 2139 3266 et
2170 3219 2213 3274 (ζ

560 3322 745 3361 nomen
773 3306 884 3376 ejus
910 3322 1091 3371 unum,
1109 3305 1420 3358 circumiens
1445 3321 1646 3359 omnem
1670 3315 1949 3370 terram,et
1969 3306 2147 3360 deser-

559 3410 670 3453 tum
699 3415 731 3452 a
760 3397 907 3453 Caba
941 3414 1103 3468 usque
1135 3397 1390 3453 Remmon
1427 3399 1495 3452 ad
1533 3409 1771 3452 austrum
1816 3397 2141 3453 Jerusalem.

564 3490 734 3545 Roma
760 3501 936 3544 autem
958 3492 1013 3544 in
1049 3490 1163 3544 loco
1213 3491 1541 3560 permanebit
1596 3508 1627 3544 a
1660 3504 1813 3559 porta
1865 3490 2145 3560 Benjamin

560 3598 721 3653 usque
748 3585 815 3635 ad
843 3581 1015 3635 locum
1048 3593 1215 3651 porta!
1245 3586 1455 3651 primm,
1485 3599 1646 3651 usque
1675 3586 1943 3653 adportas
1974 3599 2145 3651 angu-

562 3672 755 3739 lorum,
771 3684 816 3727 et
845 3690 1005 3743 usque
1026 3673 1094 3726 ad
1125 3675 1315 3727 turrim
1338 3674 1616 3728 Anamnel.
1636 3673 1808 3742 Usque
1824 3678 1891 3727 ad
1916 3674 2147 3727 torcula-

564 3766 647 3819 ria
679 3766 812 3834 regis
830 3760 1135 3818 habitabant
1168 3765 1220 3817 in
1242 3782 1323 3828 eo,
1346 3775 1392 3817 et
1416 3766 1695 3819 anathema
1722 3781 1824 3820 non
1847 3768 1945 3820 erit
1980 3766 2145 3830 ultra,

572 3870 619 3913 et
651 3856 906 3911 habitabit
938 3856 1235 3910 Jerusalem
1269 3858 1610 3926 conﬁdenter.

635 4129 792 4184 CVII.
835 4130 1060 4199 Semper
1099 4128 1211 4186 fere
1259 4138 1433 4185 tectus
1460 4137 1514 4183 et
1552 4129 1818 4185 obscurus
1858 4139 1940 4185 est
2014 4146 2147 4186 sau-

566 4234 775 4277 rtorum
810 4223 1195 4293 prephetarum
1239 4236 1442 4288 sermo,
1474 4219 1636 4290 idque
1670 4239 1699 4275 a
1742 4222 1851 4277 Deo
1878 4222 2150 4291 sapienter

568 4310 941 4371 administrari
967 4321 1121 4379 puto,
1155 4326 1221 4364 ue
1260 4321 1447 4366 sancta
1478 4312 1707 4366 canibus
1736 4322 2145 4381 prepouautur;

568 4418 745 4472 neque
770 4416 896 4462 vere
947 4402 1114 4473 804,
1168 4406 1402 4473 pretiOSa
1468 4404 1761 4473 margarita
1808 4414 1936 4458 ante
1987 4406 2150 4474 pedes

568 4509 856 4564 porcomm
901 4493 1259 4564 negligentius
1301 4492 1561 4562 proiecta,
1595 4493 2149 4549 contumeliosissime

2328 3214 2432 3267 Ἐν
2449 3211 2525 3282 τῇ
2554 3212 2743 3282 ἡμέρᾳ
2778 3212 2981 3283 ἐκείνῃ
3012 3212 3184 3266 ἔσται
3224 3213 3441 3280 Κύριος
3488 3206 3596 3279 εἷς,
3646 3210 3748 3266 καὶ
3779 3213 3854 3268 τὸ

2250 3304 2437 3375 ὄνομα
2464 3306 2650 3360 αὐτοῦ
2678 3305 2767 3368 ἐν,
2787 3303 3033 3359 κυκλῶν
3058 3304 3175 3372 τὴν
3196 3303 3335 3373 γῆν,
3358 3304 3456 3358 καί
3483 3304 3595 3373 τὴν
3616 3303 3857 3372 ἔρημον

2248 3399 2368 3454 ἀπὸ
2406 3397 2573 3453 Γαϐὰ
2598 3398 2709 3464 ἓως
2746 3395 3002 3466 Ῥεμνὼν
3024 3396 3174 3451 κατὰ
3200 3397 3382 3450 νότον
3432 3394 3853 3466 Ἰερουσωιήμ.

2261 3491 2447 3561 Ῥαμὰ
2506 3490 2573 3544 δὲ
2628 3490 2725 3543 ἐπὶ
2787 3489 2978 3543 τόπου
3035 3488 3240 3559 μενεῖ,
3288 3486 3407 3542 ἀπὸ
3468 3487 3581 3557 τῆς
3639 3489 3855 3556 πύλης

2249 3584 2532 3652 Βενιαμὶν
2575 3583 2685 3647 ἕως
2727 3581 2834 3636 τοῦ
2887 3584 3075 3636 τόπου
3126 3579 3239 3650 τῆς
3281 3582 3482 3649 πύλης
3521 3579 3631 3650 τῆς
3687 3582 3854 3650 πρώ-

2250 3689 2379 3738 της,
2412 3671 2525 3738 ἔως
2579 3671 2691 3739 τῆς
2733 3671 2935 3739 πύλης
2994 3669 3115 3724 τῶν
3148 3669 3395 3741 γωνιῶν,
3426 3671 3526 3726 καί
3574 3671 3687 3739 ἕως
3732 3671 3851 3726 τοῦ

2251 3766 2483 3834 πύργου
2544 3762 2908 3833 Ἀναμουήλ.
2959 3762 3115 3829 Ἕως
3166 3762 3285 3816 τῶν
3330 3764 3682 3830 ύποληνίων
3736 3763 3851 3819 τοῦ

2247 3856 2553 3921 ,βασιλέως
2591 3852 3067 3920 κατοικήσουσιν
3104 3854 3175 3907 ἐν
3205 3853 3382 3923 αὐτῇ,
3439 3854 3537 3909 καὶ
3575 3851 3852 3925 ἀνάθεμα

2252 3950 2364 4002 οὐκ
2387 3946 2559 4001 ἔσται
2606 3945 2714 4011 ἔτι,
2770 3947 2865 4000 καὶ
2905 3946 3253 4015 κατοικήσει
3295 3946 3693 4019 Ἰερουσαλὴμ
3738 3963 3849 4001 πε-

2252 4039 2561 4104 ποιθότως.

2325 4131 2449 4185 PZ'.
2482 4129 2722 4201 Ἀσαφὴς
2752 4130 2837 4184 ἀεί
2864 4130 2979 4195 πώς
3004 4130 3120 4185 ἐστι
3140 4131 3247 4185 τῶν
3283 4131 3455 4199 ἀγίων
3487 4129 3785 4203 προφητῶν
3819 4135 3852 4186 6

2252 4225 2428 4291 λόγος,
2451 4224 2545 4277 καὶ
2582 4222 2762 4290 τοῦτο,
2818 4219 2992 4294 οἶμαι,
3031 4222 3209 4293 σοφῶς
3273 4221 3645 4293 διοικουμένου
3686 4218 3848 4287 Θεοῦ,

2255 4317 2341 4370 ἵνα
2376 4315 2450 4387 μὴ
2483 4314 2768 4385 προκέοιτο
2798 4314 2865 4367 τά
2896 4313 3028 4383 ἅγια
3060 4316 3169 4378 τοῖς
3193 4314 3339 4367 κυσίο
3385 4314 3521 4384 μήτε
3555 4314 3665 4385 μὴν
3697 4315 3851 4387 παρὰ

2253 4408 2363 4469 τοῖς
2392 4404 2533 4458 συῶν
2558 4404 2715 4456 ποσὶν
2764 4403 3053 4474 ἀτημελῶς
3087 4401 3439 4475 ἐρριμμένος,
3474 4402 3503 4455 ὁ
3551 4402 3850 4475 πολύτιμος

2253 4494 2468 4566 ἀληθῶς
2489 4492 2893 4565 περιυϐρίζοιτο
2921 4493 3287 4564 μαργαρίτης.
3305 4490 3453 4563 Πλὴν
3469 4492 3849 4546 ἀποκαλύπτει

566 4586 916 4642 conculcetur
947 4584 1016 4637 ".
1055 4604 1073 4637 s
1106 4584 1489 4639 Verumtamen
1551 4584 1800 4638 Christus
1847 4583 1899 4636 iu
1952 4582 2143 4653 spiritu

2254 4586 2487 4659 Χριστὸς
2521 4588 2579 4639 ἐν
2601 4584 2871 4654 πνεύματι
2892 4586 3003 4648 τοῖς
3043 4582 3211 4648 ἀξίοις
3247 4582 3348 4654 τὴν
3369 4581 3591 4653 γνῶσιν,
3626 4585 3720 4638 καὶ
3750 4585 3847 4648 τὰς

568 4679 749 4751 dignis
799 4678 1164 4747 cognitionem
1194 4676 1418 4743 revelat,
1454 4686 1506 4730 et
1537 4675 1702 4729 futuri
1745 4674 1930 4728 surculi
1970 4675 2146 4728 virtu-

568 4783 649 4828 tes
675 4787 771 4828 scu
811 4770 1176 4825 beatitudines
1210 4768 1542 4824 manifestat.
1575 4766 1941 4822 lnformantur
1965 4775 2145 4822 autem

566 4883 703 4939 pene
734 4880 947 4935 semper
982 4864 1034 4919 in
1091 4864 1173 4919 his
1258 4878 1377 4933 qua:
1434 4862 1688 4916 sensibus
1753 4858 2145 4928 percipiuntur,

564 4959 779 5016 occulta
810 4968 865 5013 et
888 4958 953 5012 ad
1011 4957 1422 5027 intelligentiam
1461 4952 1814 5024 pertinentia,
1851 4960 1904 5005 et
1956 4966 2144 5004 eorum

566 5070 686 5123 qua:
719 5061 995 5121 aspectum
1023 5061 1264 5106 nostrum
1280 5048 1509 5119 fugiunt,
1528 5063 1590 5101 ea
1618 5061 1737 5115 quae
1763 5046 1817 5099 in
1844 5044 2031 5099 oculos
2053 5058 2149 5097 no-

567 5157 709 5201 stros
741 5145 1046 5208 incurrunt,
1079 5144 1232 5213 quasi
1265 5157 1463 5210 corpus
1488 5142 1643 5195 fiunt.
1673 5139 1763 5192 Ait
1792 5138 1974 5207 igitur,
2004 5153 2022 5186 s
2056 5135 2147 5190 Illa

568 5240 708 5302 die,»
746 5237 795 5291 id
823 5246 923 5303 est,
958 5236 1049 5291 illo
1081 5246 1343 5305 tempore,
1380 5234 1536 5288 nobis
1572 5233 1625 5286 in
1680 5232 1973 5283 novitatem
2026 5228 2151 5283 vita:

569 5329 866 5394 translatis,
899 5330 1123 5399 ipsaque
1175 5338 1425 5383 creatura
1460 5327 1513 5379 in
1546 5334 1747 5380 statum
1780 5323 1962 5395 priore
1996 5323 2151 5376 nobi-

570 5423 761 5477 liorem
800 5422 1116 5487 reformata,
1151 5421 1270 5476 fore
1320 5420 1605 5475 Dominum
1645 5433 1836 5483 unum,
1872 5425 1925 5471 et
1956 5431 2151 5471 nomen

571 5514 687 5581 ejus
719 5530 908 5577 unum,
939 5512 1269 5569 circumiens
1315 5525 1531 5566 omnem
1583 5521 1806 5563 terram.
1867 5506 1998 5562 Erat
2032 5508 2153 5576 qui-

573 5603 717 5669 dem,
751 5613 803 5658 et
833 5614 937 5669 est,
973 5613 1027 5660 et
1055 5602 1160 5659 erit
1190 5617 1401 5673 semper
1428 5616 1567 5656 unus
1612 5599 1890 5666 Dominus,
1961 5608 2151 5652 natura

646 5788 669 5817 ν
725 5788 868 5847 Psal.
903 5805 1097 5857 usui,
1136 5790 1216 5844 l7.

2253 4678 2348 4731 τοῦ
2383 4678 2664 4749 μέλλοντος
2690 4676 2884 4739 αἰῶνος
2916 4674 3177 4747 δυνάμεις
3211 4674 3536 4747 καθίστησιν
3574 4677 3845 4747 ἐναργεῖς.

2268 4769 2659 4825 Ἀνατυποῦται
2710 4768 2766 4822 δὲ
2812 4769 2887 4832 ὡς
2920 4768 3123 4822 ἐπίπαν
3144 4767 3199 4819 ἔν
3232 4784 3296 4835 γε
3332 4771 3446 4831 τοῖς
3478 4767 3756 4838 αἰσθητοῖς
3783 4768 3849 4821 τά

2256 4863 2613 4935 κεκρυμμένα
2642 4862 2736 4915 καὶ
2770 4860 2954 4931 νοητά,
2990 4860 3082 4913 καὶ
3104 4860 3269 4912 οἰονεί
3315 4860 3474 4930 σῶμα
3506 4859 3616 4913 τῶν
3644 4861 3847 4929 ἀφανε-

2258 4956 2462 5027 στέρων
2491 4954 2560 5007 τά
2592 4953 2809 5023 ἐμφανῆ
2840 4953 3069 5021 γίνεται.
3109 4951 3253 5021 Ἔφη
3310 4952 3515 5015 τοίνυν,
3542 4950 3629 5004 ὅτι
3656 4968 3675 5001 ι
3712 4950 3847 5003 Κατ’

2258 5048 2471 5118 ἐκείνην
2493 5047 2591 5117 τὴν
2620 5045 2852 5115 ἡμέραν,
2898 5061 2915 5095 s
2981 5044 3146 5114 ἤγουν
3172 5042 3262 5094 τὸν
3286 5042 3498 5113 καιρὸν,
3531 5039 3847 5112 μετατεθειο

2262 5138 2435 5208 μένων
2464 5137 2573 5191 τῶν
2599 5136 2723 5191 καθ’
2747 5136 2891 5205 ἡμᾶς
2922 5136 3001 5197 εἰς
3049 5133 3342 5203 καινότητα
3385 5130 3553 5201 ζωῆς,
3607 5130 3845 5184 ἀνεστοι-

2250 5230 2553 5301 χειωμένης
2574 5229 2630 5281 δὲ
2670 5228 2763 5280 καὶ
2786 5227 2954 5296 αὐτῆς
2978 5226 3075 5294 τῆς
3104 5223 3332 5286 κτίσεως
3355 5225 3436 5287 εἰς
3472 5222 3533 5275 τὺ
3562 5219 3787 5293 ἄμεινον
3809 5218 3841 5291 ἢ

2252 5324 2404 5394 πρὶν,
2451 5322 2647 5375 Ἔσται
2692 5320 2897 5390 Κύριος
2947 5314 3049 5381 εἷς,
3084 5316 3179 5370 καὶ
3224 5315 3285 5369 τὸ
3331 5315 3503 5386 ὄνομα
3556 5312 3722 5367 αὐτοῦ
3762 5314 3837 5378 ἰν,

2253 5414 2485 5470 κυκλοῦν
2515 5414 2697 5466 πᾶσαν
2725 5411 2823 5483 τὴν
2850 5411 2971 5481 γῆν.
3004 5404 3113 5463 Ἦν
3149 5409 3246 5479 μὲν
3279 5408 3389 5478 γὰρ
3432 5407 3538 5472 ἀεὶ,
3574 5405 3668 5459 καὶ
3704 5404 3837 5468 ἔστι,

2254 5506 2348 5559 καὶ
2377 5504 2527 5558 ἔσται
2552 5502 2754 5573 Κύριος
2778 5495 2876 5565 εἷς,
2896 5503 2923 5554 ὁ
2951 5498 3109 5568 φύσει
3144 5516 3200 5552 τε
3229 5499 3322 5552 καὶ
3346 5496 3560 5568 ἀληθῶς
3576 5496 3684 5549 τῶν
3705 5496 3839 5549 ὅλων

2254 5598 2405 5661 Θεὸς,
2448 5596 2542 5649 καὶ
2573 5593 2922 5666 παρενεγκὼν
2945 5594 3021 5656 εἰς
3047 5592 3106 5645 τὸ
3140 5584 3368 5645 εἶναιτὰ
3394 5590 3493 5644 οὐκ
3526 5588 3655 5644 ὄντα
3690 5584 3836 5640 ποτε.

1298 5787 1508 5845 "Psal.
1552 5802 1819 5854 usxvm,
1860 5785 1941 5841 l3.
2020 5785 2063 5816 ⁷⁶
2094 5782 2285 5839 Matth.
2326 5798 2424 5850 vn,
2452 5782 2504 5835 ti.
