4070 6560
299 401 411 457 257

1119 402 1664 461 COMMENTARIUS
1703 403 1767 458 IN
1808 403 2210 465 ZACHARIAM
2246 405 2683 464 PRUPIIETAM.

3448 411 3552 469 258

316 518 534 591 Ἐπειδὴ
560 520 617 574 δὲ
644 518 958 591 πεπλάνηκε
1012 522 1111 591 τὴν
1141 524 1233 576 ὑπ’
1272 524 1498 594 οὐρανὸν
1530 526 1559 576 ὁ
1589 524 1687 594 τῆς
1713 524 1876 596 ἁμαρε

1987 534 2043 580 et
2074 540 2199 583 vere
2231 528 2605 583 universorum
2631 529 2793 595 Deus,
2825 532 2915 598 qui
2952 542 3073 598 qua:
3114 528 3402 599 aliquando
3450 545 3556 586 non

299 614 425 678 τίας
457 615 704 687 εὑρετὴς,
734 615 1009 668 τουτέστιν
1062 617 1091 668 ὁ
1142 616 1405 681 Σατανᾶς,
1461 618 1540 679 είς
1566 616 1756 686 ψευδῆ,
1789 618 1883 670 καὶ

302 704 535 775 βέϐηλον
562 705 816 777 λατρείαν
844 708 892 759 οί
917 706 1135 760 δείλαιοι
1190 706 1736 778 παρακεκομίσμεθα,
1791 708 1884 760 καὶ

297 795 647 868 διετελοῦμεν
678 799 735 850 ὲν
788 798 980 868 κόσμῳ
1008 797 1199 867 τυφλοὶ
1258 800 1353 851 καὶ
1404 799 1597 869 μωροὶ,
1662 800 1883 870 κυρίους

296 888 658 960 ὀνομάζοντες
685 891 811 953 τοὺς
835 891 1268 961 πεπλανηκότας,
1294 891 1387 944 καὶ
1424 892 1484 944 τὸ
1508 891 1605 961 τῆς
1634 891 1883 962 θεότητος

295 979 472 1051 ὄνομα
498 983 612 1042 τοῖς
640 981 968 1053 ἀκαθάρτοις
996 981 1243 1051 δαίμοσιν
1284 982 1703 1052 ἐπιφημίζοντες
1733 986 1881 1053 ἅμα·

296 1072 431 1136 θῶς.
468 1072 615 1143 Πλὴν
640 1074 1053 1143 παρῳχηκότος,
1084 1072 1177 1125 καὶ
1207 1074 1286 1134 είς
1319 1072 1491 1144 πέραν
1520 1073 1621 1143 ἤδη
1654 1074 1881 1143 ἥκοντος

294 1163 396 1217 τοῦ
418 1164 679 1241 παρόντος
708 1164 920 1227 αἰῶνος,
945 1163 1064 1217 τότε
1093 1164 1178 1236 δὴ,
1203 1164 1322 1218 τότε
1351 1165 1442 1223 καὶ
1461 1164 1880 1235 φρενοϐλαϐείας

295 1253 520 1325 ἁπάσης
539 1254 597 1320 ἐξ
624 1256 656 1325 ὴ
667 1254 782 1325 μῶν
811 1254 1175 1328 ἐξῃρημένης,
1204 1256 1527 1326 τεθειμένων
1558 1255 1612 1308 δὲ
1639 1256 1737 1326 ἤδη
1768 1256 1878 1310 τῶν

292 1345 508 1417 ἐχθρῶν
542 1346 647 1399 ὑπὸ
678 1346 843 1410 πόδας
870 1347 1130 1419 Χριστοῦ,
1173 1347 1373 1417 Κύριος
1405 1342 1483 1409 εἷς
1511 1346 1663 1401 ἔσται
1691 1347 1875 1400 λοιπὸν

292 1439 393 1492 ἐπὶ
419 1440 599 1492 πᾶσαν
629 1437 727 1508 τὴν
758 1438 883 1506 γῆν,
915 1439 1126 1502 οὐδενὸς
1175 1438 1270 1492 ἀπ’
1303 1437 1468 1491 αὐτοῦ
1518 1437 1617 1510 τὴν
1645 1439 1742 1509 τῆς
1775 1456 1861 1492 κυ-

294 1529 547 1599 ριότητος
592 1527 929 1599 ἁρπάζοντος
962 1528 1140 1593 δόξαν.
1198 1530 1399 1601 Κύριος
1446 1529 1504 1583 δὲ
1548 1530 1643 1583 καὶ
1674 1531 1875 1601 ἑτέρως

288 1615 377 1683 εἷς
416 1620 839 1690 ἔσταιΧριστὸς,
884 1621 1269 1691 ἀπρακτούσης
1304 1622 1401 1691 μὲν
1424 1622 1601 1692 πάσης
1628 1622 1871 1689 ἐπιγείου

292 1709 592 1780 βασιλείας,
619 1711 713 1763 καὶ
767 1709 914 1780 αύτῷ
962 1710 1027 1780 δὴ
1077 1711 1171 1763 καὶ
1225 1711 1372 1782 μόνῳ
1399 1712 1461 1764 τὸ
1491 1714 1629 1767 κατὰ
1655 1714 1872 1767 πάντων

288 1804 497 1874 κράτος
542 1802 887 1873 ἀνατιθείσης
951 1802 1051 1872 τῆς
1109 1804 1199 1856 ὑπ’
1229 1804 1475 1874 οὐρανόν.
1530 1806 1673 1875 Ἔφη
1728 1806 1786 1860 δέ
1818 1824 1871 1859 τι

1983 626 2159 678 erant,
2187 626 2445 673 utessent
2471 616 2667 672 eﬂ‘ecit.
2698 620 2798 673 Ast
2825 618 2912 673 ubi
2944 620 3147 687 peccati
3178 620 3429 676 inventor
3453 619 3556 674 Sa-

1986 716 2140 761 tanas
2172 706 2431 761 mundum
2457 709 2690 772 seduxit,
2732 710 2797 763 ad
2823 709 3013 765 falsum
3039 719 3091 763 et
3117 711 3389 780 impurum
3438 712 3555 766 cnl-

1985 809 2094 852 tum
2119 799 2358 855 infelices
2380 800 2617 863 deducti,
2648 802 3001 863 manebamus
3032 802 3081 856 in
3114 801 3313 856 mundo
3344 802 3472 856 caeci
3500 812 3554 856 et

1985 892 2138 957 fatui,
2165 892 2415 948 dominos
2445 894 2785 951 nominantes
2827 895 3165 958 seductores,
3213 904 3267 947 et
3300 893 3548 947 divinita-

1985 984 2052 1037 tis
2087 999 2280 1038 nomen
2336 984 2628 1042 immundis
2659 986 2992 1041 daemonibus
3048 987 3209 1043 Stulte
3252 984 3552 1039 attribuen-

1985 1082 2082 1129 tes.
2110 1074 2374 1129 Caeterum
2419 1077 2510 1131 ubi
2542 1077 2884 1143 praeterierit,
2910 1086 2964 1133 et
3000 1077 3112 1145 jam
3147 1077 3214 1130 ad
3260 1076 3420 1129 ﬁnem
3455 1077 3549 1129 de-

1981 1162 2192 1216 venerit
2219 1162 2473 1217 saaculum
2492 1179 2749 1233 praesens,
2775 1174 2921 1230 tunc,
2948 1174 3074 1220 tunc
3104 1166 3249 1221 omni
3282 1167 3549 1220 dementia

1978 1267 2008 1306 a
2046 1254 2201 1309 nobis
2229 1254 2407 1308 ablata
2463 1266 2518 1310 et
2563 1257 2800 1321 inimicis
2839 1258 2938 1313 sub
2958 1258 3119 1327 pedes
3168 1258 3371 1313 Christi
3422 1274 3549 1328 pro-

1977 1343 2185 1409 stratis,
2220 1344 2477 1401 Dominus
2510 1361 2647 1400 unus
2675 1346 2930 1415 deinceps
2975 1347 3079 1401 erit
3132 1361 3295 1416 super
3332 1364 3544 1402 omnem

1980 1444 2203 1500 terram,
2228 1436 2552 1491 dominicam
2586 1437 2814 1507 gloriam
2850 1437 3065 1492 nemine
3111 1437 3187 1491 illi
3242 1437 3543 1492 auferente.

1975 1524 2095 1580 Alia
2145 1540 2359 1595 quoque
2382 1528 2594 1583 ratione
2648 1527 2896 1582 Christus
2930 1529 3035 1582 erit
3079 1544 3218 1584 unus
3264 1512 3544 1594 Dominus,

1976 1628 2222 1673 cessante
2249 1619 2393 1673 omni
2432 1635 2616 1690 regno,
2651 1630 2867 1677 terreno
2890 1622 3117 1686 scilicet,
3148 1631 3201 1676 et
3222 1622 3292 1676 illi
3322 1622 3418 1677 soli
3445 1625 3543 1677 im—

1975 1708 2125 1777 perio
2158 1710 2324 1764 totius
2370 1714 2554 1765 mundi
2595 1723 2931 1768 consecrato.
2989 1714 3119 1769 Tale
3162 1715 3288 1783 quid
3337 1714 3541 1773 dictum

1977 1809 2156 1853 exstat
2186 1815 2214 1855 a
2257 1803 2662 1869 sapientissimo
2696 1804 2939 1860 Daniele.
2970 1805 3245 1861 Enarrans
3276 1807 3419 1860 enim
3459 1806 3540 1859 vi-

287 1894 531 1949 τοιοῦτον
563 1895 655 1947 καὶ
680 1896 709 1946 ὁ
734 1895 1041 1962 σοφώτατος
1070 1895 1285 1966 Δανιήλ.
1331 1897 1735 1968 Ἀφηγούμενος
1764 1897 1869 1969 γὰρ

1974 1890 2203 1955 sionem,
2257 1893 2429 1960 inquit
2465 1909 2480 1947 :
2522 1913 2540 1945 ι
2575 1894 3035 1961 Quemadmodum
3095 1897 3297 1962 vidisti,
3338 1900 3543 1964 rex,de

287 1986 419 2050 τοὺς
437 1986 545 2039 τῶν
569 1985 816 2057 ὁράσεων
834 1986 1089 2057 τρόπους,
1113 1989 1297 2059 φησίν·
1329 2008 1347 2039 ‹
1378 1989 1473 2042 Ὃν
1503 1990 1703 2060 τρόπον
1731 1984 1872 2054 εἶδες

285 2078 374 2130 δτι
395 2077 501 2132 ἀπὸ
527 2076 685 2149 ὅρους
702 2078 910 2149 ἐτμήθη
938 2078 1085 2142 λίθος
1107 2080 1234 2135 ἄνευ
1272 2081 1475 2152 χειρὸς,
1500 2080 1596 2134 καὶ
1612 2081 1870 2135 ὲλέπτυνε

284 2167 384 2221 τὸν
412 2168 698 2240 ὄστρακον,
729 2168 819 2222 τὸν
846 2169 963 2236 σίδη
974 2186 1083 2240 ρον,
1111 2170 1202 2224 τὸν
1238 2171 1459 2241 χαλκὸν,
1492 2172 1583 2225 τὸν
1610 2171 1867 2243 ἄργυρον,

283 2262 383 2314 τὸν
406 2260 628 2332 χρυσόν.
680 2260 740 2315 '0
768 2260 899 2323 Θεὸς
926 2261 953 2311 ὁ
985 2262 1158 2330 μέγας
1194 2262 1457 2334 ἐγνώρισε
1496 2261 1575 2333 τῷ
1625 2262 1865 2332 βασιλεῖ,

282 2352 322 2406 ἃ
347 2352 430 2406 δεῖ
450 2350 700 2419 γενέσθαι
726 2351 864 2422 μετὰ
893 2351 1087 2415 ταῦτα,
1115 2353 1210 2405 καὶ
1232 2352 1483 2423 ἀληθινὸν
1510 2353 1571 2406 τὸ
1598 2353 1863 2413 ἐνύπνιον,

224 2478 225 2481 η
283 2445 387 2495 καὶ
420 2443 585 2512 πιστὴ
615 2444 648 2512 ἡ
677 2442 964 2514 σύγκρισις
986 2443 1172 2497 αὐτοῦ.
1198 2463 1216 2495 ι
1251 2443 1457 2498 Οὐκοῦν
1489 2438 1570 2507 εἷς
1591 2443 1743 2497 ἔσται
1774 2442 1868 2497 καὶ

287 2533 473 2602 μόνος,
525 2534 619 2587 καὶ
652 2533 930 2604 πληρώσει
983 2535 1082 2604 τῆς
1131 2534 1323 2588 ἑαυτοῦ
1358 2534 1514 2605 δόξης
1574 2536 1675 2605 τὴν
1706 2534 1866 2603 ἁγίαν

280 2624 464 2689 πόλιν,
492 2623 737 2679 τουτέστι
792 2625 891 2693 τὴν
923 2625 1117 2697 νοητὴν
1162 2625 1533 2697 Ἰερουσαλὴμ,
1567 2621 1636 2696 ἧς
1685 2625 1744 2679 τὸ
1777 2621 1867 2681 εὖ-

274 2731 383 2787 ·ρος
402 2716 492 2769 καὶ
524 2715 695 2786 μῆκος
720 2715 795 2779 ὡς
822 2717 880 2768 ὲν
903 2714 1058 2786 τύπῳ
1089 2716 1251 2770 πάλιν
1266 2719 1330 2786 τῇ
1357 2716 1584 2787 ὲπιγείῳ
1596 2716 1865 2770 δείκνυσιν

290 2806 666 2876 Ἰερουσαλήμ.
716 2804 970 2876 Ῥεμμὼν
1000 2806 1057 2859 δὲ
1110 2806 1173 2877 δὴ
1227 2807 1402 2878 πέτρα
1438 2807 1522 2871 τίς
1554 2810 1692 2869 ἐστι,
1724 2807 1866 2862 κατὰ

277 2897 385 2968 τὴν
415 2896 593 2953 νοτίαν
620 2896 842 2967 ἔρημον.
893 2897 1099 2952 Οὐκοῦν
1129 2898 1189 2950 τὸ
1218 2898 1316 2967 μὲν
1348 2894 1505 2968 εὖρος
1525 2898 1627 2967 τῆς
1667 2899 1863 2969 Ἰερου-

280 2987 487 3058 σαλὴμ,
518 2988 627 3041 ἀπὸ
655 2987 803 3042 Γασὰ
823 2988 926 3053 ἕως
968 2989 1242 3060 Ῥεμμών.
1286 2990 1558 3061 Ὀρίζεται
1587 2991 1645 3044 δὲ
1686 2991 1780 3043 καὶ
1803 2992 1864 3045 τὸ

280 3078 459 3148 μῆκος
483 3076 627 3131 οὕτω
661 3076 853 3146 λέγων’
906 3097 925 3130 ι
971 3080 1100 3133 Ἀπὸ
1120 3080 1218 3151 τῆς
1254 3080 1427 3150 πύλης
1452 3081 1704 3151 Βενιαμὶν
1758 3082 1863 3145 ἓως

276 3169 381 3239 τῆς
403 3168 578 3232 πύλης
601 3168 698 3239 τῆς
723 3169 944 3240 πρώτης
973 3171 1075 3235 ἕως
1108 3171 1215 3224 τῶν
1266 3172 1451 3227 πυλῶν
1483 3173 1592 3227 τῶν
1612 3174 1823 3241 γωνιῶν
1843 3214 1857 3240 ,

1977 1987 2157 2034 monte
2196 1980 2493 2035 abscissum
2530 1982 2758 2053 lapidem
2794 1986 2910 2039 sine
2953 2000 3135 2052 manu,
3168 1995 3384 2054 testam,
3432 1987 3541 2041 fer-

1974 2086 2114 2134 rum,
2152 2086 2246 2135 ωε,
2296 2082 2576 2143 argenturm
2628 2083 2681 2130 ct
2728 2090 2918 2130 aurum
2952 2077 3343 2133 comminuere.
3404 2079 3543 2135 Dens

1974 2176 2198 2230 magnus
2230 2172 2353 2218 nota
2387 2163 2517 2220 fecit
2551 2165 2663 2236 regi
2720 2181 2838 2236 quae
2870 2177 3084 2237 oportet
3116 2169 3230 2224 ﬁeri
3260 2173 3540 2240 posthaec,

1970 2263 2024 2307 et
2054 2268 2238 2308 verum
2270 2256 2560 2318 somnium.
2608 2267 2662 2311 et
2697 2257 2873 2314 fidelis
2901 2262 3211 2329 conjectura
3263 2263 3381 2333 ejus
3413 2264 3480 2319 ⁷⁷.
3513 2282 3536 2318 ι

1970 2341 2154 2412 Itaque
2180 2361 2316 2401 unus
2358 2356 2414 2402 et
2462 2348 2611 2404 solus
2658 2350 2782 2416 erit,
2821 2350 2911 2419 qui
2960 2352 3129 2422 gloria
3167 2369 3261 2408 sua
3300 2365 3538 2412 sanctam

1968 2434 2246 2491 civitatem
2272 2438 2534 2508 implebit,
2584 2442 2683 2497 hoc
2718 2452 2824 2509 est,
2879 2443 3267 2514 intelligibilem
3313 2446 3538 2504 Jerusa—
3600 2446 3605 2451 ’

1968 2525 2096 2592 lem,
2135 2528 2287 2597 cujus
2318 2530 2650 2587 latitudinem
2678 2542 2734 2587 et
2774 2532 3161 2604 longitudinem
3216 2552 3430 2593 rursum
3478 2548 3539 2593 ut

1968 2616 2022 2673 in
2073 2627 2200 2689 typo
2230 2635 2324 2689 per
2370 2631 2684 2679 terrestrem
2729 2624 3030 2681 Jerusalem
3072 2627 3327 2683 ostendit.
3365 2628 3532 2682 Rem-

1969 2725 2096 2765 mon
2130 2726 2292 2779 porro
2323 2722 2475 2781 petra
2509 2716 2752 2782 quaedam
2786 2726 2870 2771 est
2896 2718 2949 2771 in
2975 2718 3263 2773 solitudine
3285 2720 3531 2775 australi.

1967 2798 2134 2868 igitur
2172 2801 2396 2863 latitudo
2454 2806 2669 2874 quidem
2715 2806 3014 2863 Jerusalem
3071 2824 3103 2864 a
3162 2809 3308 2865 Gaba
3364 2826 3535 2887 usque

1970 2893 2261 2950 Remmon.
2316 2896 2512 2953 Deﬁuit
2544 2899 2704 2952 etiam
2752 2900 3137 2971 longitudinem
3192 2903 3276 2957 his
3315 2904 3528 2960 verbis:

1972 3002 1991 3039 ι
2027 2987 2067 3039 Α
2096 2996 2248 3055 porta
2273 2985 2551 3057 Benjamin
2568 3004 2738 3058 usque
2768 2992 2832 3043 ad
2856 3001 3063 3060 portam
3086 2992 3335 3059 primam,
3362 3008 3533 3063 usque

1967 3078 2033 3129 ad
2068 3088 2252 3146 portas
2285 3079 2621 3148 angulorum,
2654 3090 2708 3134 et
2744 3097 2911 3151 usque
2942 3083 3008 3137 ad
3036 3083 3225 3137 turrim
3253 3084 3529 3145 Anameel,

1967 3183 2133 3237 usque
2162 3170 2230 3223 ad
2285 3170 2573 3224 toreularia
2631 3172 2794 3239 regis.
2839 3191 2856 3222 ι
2891 3171 3049 3227 Porta
3098 3183 3275 3227 autem
3335 3175 3529 3242 prima,

276 3256 379 3317 καὶ
407 3260 510 3323 ἓως
546 3258 642 3314 τοῦ
688 3259 899 3330 πύργου
940 3262 1227 3333 Ἀναμεὴλ,
1284 3264 1390 3327 ἓως
1413 3263 1522 3318 τῶν
1556 3264 1858 3337 ύποληνίων

1965 3267 2015 3312 et
2074 3268 2227 3326 porta
2278 3259 2595 3329 angulorum
2654 3270 2811 3315 erant
2862 3261 3250 3334 Hierosolymis
3300 3265 3379 3319 sic
3432 3280 3532 3331 ap-

275 3351 376 3405 τοῦ
406 3350 685 3420 βασιλέως.
723 3370 742 3404 ι
778 3351 927 3421 Πύλη
955 3352 1011 3405 δὲ
1055 3352 1267 3423 πρώτη,
1300 3354 1393 3407 καὶ
1444 3354 1550 3425 μὴν
1582 3356 1677 3409 καὶ
1715 3354 1855 3425 πύλη

274 3443 492 3511 γωνιῶν
549 3441 693 3496 οὕτω
742 3444 888 3508 τινὲς
932 3439 1072 3514 ἦσαν
1129 3445 1270 3498 κατὰ
1312 3444 1665 3516 Ἰερουσαλὴμ
1726 3444 1859 3498 ὠνο-

278 3533 577 3605 μασμέναισ
628 3534 724 3587 καὶ
762 3533 970 3606 πύργος
1002 3534 1058 3587 δὲ
1086 3530 1153 3606 ἦν
1192 3536 1462 3605 Ἀναμεὴλ
1491 3536 1855 3606 καλούμενος,

278 3624 403 3694 μεθῗ
434 3625 493 3678 ὃν
514 3624 676 3689 εὐθὺς
726 3626 823 3680 καὶ
873 3625 942 3679 τὰ
975 3625 1236 3696 ύπολήνια
1263 3626 1357 3679 τοῦ
1391 3626 1671 3695 βασιλέως·
1704 3628 1857 3680 τόποι

272 3713 335 3767 δὲ
361 3706 505 3767 οὗτοι
537 3714 635 3784 τῆς
698 3713 1052 3784 Ἰερουσαλὴμ
1079 3715 1140 3769 τὸ
1180 3714 1353 3783 μῆκος
1383 3715 1458 3777 ώς
1487 3716 1543 3767 ὲν
1575 3714 1729 3783 τύπῳ
1756 3732 1856 3766 κα-

272 3805 725 3875 τασημαίνοντες.
783 3806 995 3877 Ὥσπερ
1041 3805 1146 3877 γὰρ
1201 3806 1418 3859 ἐκέλευε
1472 3805 1549 3875 τῷ
1606 3807 1858 3877 μακαρίῳ

273 3900 533 3969 προφήτῃ
573 3897 829 3968 Ἰεζεχιὴλ
857 3898 887 3950 ὁ
916 3897 1023 3951 τῶν
1060 3899 1196 3953 ὅλων
1234 3899 1365 3964 Θεὸς
1396 3901 1723 3969 ἀναμετρείν
1757 3915 1854 3957 κα·

272 3990 438 4060 λάμῳ
461 3988 552 4043 τὸν
581 3985 749 4055 οἷκον,
782 3989 907 4061 τῇδέ
969 4006 1027 4042 τε
1058 3991 1219 4042 κάκεῖ
1249 3988 1548 4061 διᾴττοντα,
1581 3988 1856 4058 ύπεμφαί-

272 4100 406 4145 νων,
431 4083 513 4135 ὅτι
548 4081 737 4141 πολλαὶ
764 4083 922 4152 μοναὶ
963 4080 1116 4153 παρὰ
1166 4082 1245 4153 τῷ
1282 4083 1422 4154 Θεῷ,
1472 4081 1644 4152 μυρία
1665 4096 1725 4132 τε
1756 4081 1856 4134 ὅσα

269 4174 387 4227 τῶν
415 4174 584 4242 ἁγίων
636 4174 1047 4243 ὲνδιαιτήματα·
1100 4172 1242 4227 οὕτω
1296 4192 1385 4245 μοι
1435 4178 1663 4235 κάνθάδε
1711 4181 1858 4235 δοκεῖ

268 4263 367 4318 διὰ
389 4264 565 4318 τόπων
600 4263 963 4335 ὑπεμφαίνειν
1011 4259 1169 4335 εὖρός
1197 4281 1257 4318 τε
1288 4266 1385 4320 καὶ⁹
1411 4270 1606 4339 μῆκος,
1635 4270 1726 4324 καὶ
1759 4288 1855 4324 κα.

267 4354 577 4427 ταγράφειν
618 4357 753 4425 ἡμῖν
810 4356 910 4427 τὴν
958 4356 1154 4428 νοητὴν
1187 4357 1559 4429 Ἰερουσαλὴμ.
1611 4362 1852 4415 τουτέστι

268 4448 375 4519 τὴν
420 4447 747 4519 Ἐκκλησίαν
787 4446 1047 4519 Χριστοῦ,
1098 4446 1235 4519 πρὸς
1288 4446 1347 4501 ὃν
1394 4449 1490 4509 καὶ
1513 4450 1541 4503 ό
1570 4449 1854 4515 θεσπέσιος

282 4540 515 4603 Ἡσαΐας
542 4538 828 4609 ἀνεφὼνει,
849 4540 1043 4608 λέγων·
1086 4558 1103 4592 ι
1136 4539 1411 4595 Πλάτυνον
1438 4541 1529 4594 τὸν
1554 4541 1717 4599 τόπον
1751 4542 1850 4613 τῆς

1963 3350 2170 3418 pellatze
2205 3368 2218 3402 ε
2253 3351 2419 3404 turris
2441 3357 2557 3404 erat
2589 3350 2846 3403 Anamecl
2874 3352 3036 3415 dicta,
3066 3362 3187 3420 post
3216 3368 3375 3420 quam
3419 3364 3531 3408 sta-

1963 3442 2055 3495 tim
2070 3441 2437 3510 sequebantur
2456 3441 2742 3495 torcularia
2765 3442 2905 3511 regis
2924 3460 2937 3496 :
2954 3458 3071 3510 qua:
3085 3442 3248 3512 805
3268 3443 3379 3498 loca
3403 3444 3528 3499 Ilie-

1962 3533 2242 3605 rosolymte
2276 3532 2663 3603 longitudinem
2694 3532 2833 3585 utin
2860 3544 2982 3603 typo
3014 3533 3343 3599 signiﬁcant.
3377 3534 3530 3590 Sicut

1958 3624 2101 3679 enim
2128 3623 2400 3677 mandavit
2419 3624 2576 3677 beato
2603 3622 2877 3693 prepheta:
2892 3623 3158 3678 Ezechieli
3177 3621 3222 3655 ⁷⁸
3250 3626 3528 3680 universo-

1959 3729 2075 3768 rum
2102 3714 2242 3768 Deus
2272 3714 2476 3768 calamo
2505 3715 2683 3768 metiri
2737 3715 2972 3779 domum,
3023 3714 3127 3769 huc
3175 3716 3299 3769 illuc
3339 3731 3527 3784 porre-

1957 3812 2123 3870 ctam,
2168 3804 2558 3859 subostendens
2617 3806 2813 3858 multas
2856 3820 2976 3861 esse
3020 3806 3330 3861 mansiones
3383 3810 3524 3876 apud

1963 3896 2147 3957 Deum,
2180 3904 2233 3949 et
2264 3894 2428 3949 multa
2461 3895 2628 3950 millia
2677 3895 3102 3951 diversoriorum
3152 3913 3249 3967 pro
3281 3898 3523 3953 sanctis:

1960 3990 2029 4042 ita
2061 3988 2192 4043 mihi
2244 3996 2298 4043 et
2343 3988 2429 4043 hic
2454 3989 2667 4043 videtur
2699 4003 2795 4053 per
2831 3987 3069 4044 locorum
3105 3989 3439 4045 latitudinem
3472 4000 3528 4044 et

1956 4079 2348 4148 longitudinem
2385 4078 2645 4133 insinuari
2680 4089 2733 4133 et
2767 4078 3003 4134 describi
3026 4081 3177 4135 nobis
3202 4080 3523 4148 Jerusalem,

1956 4186 2115 4241 quam
2165 4172 2374 4225 ratione
2417 4181 2470 4225 et
2519 4171 2846 4241 cogitatione
2890 4171 3417 4240 comprehendimus,
3472 4173 3523 4226 id

1953 4271 2038 4318 est
2065 4263 2359 4318 Ecclesiam
2395 4262 2620 4326 Christi,
2648 4262 2734 4316 cui
2780 4272 2832 4317 et
2864 4262 3079 4316 divinus
3115 4262 3278 4316 Isaias
3321 4263 3524 4316 clama-

1956 4355 2046 4409 bat
2077 4368 2092 4408 :
2125 4373 2143 4406 ι
2179 4354 2350 4411 Dilata
2376 4354 2549 4410 locum
2591 4352 2804 4408 tentorii
2835 4353 2932 4416 tui,
2972 4362 3024 4407 et
3063 4353 3356 4407 aulaeornm
3400 4362 3521 4406 tuo-

1958 4464 2072 4503 rum
2104 4465 2117 4501 :
2151 4448 2274 4517 fige,
2315 4461 2383 4502 ne
2425 4460 2637 4516 parcas,
2677 4445 2939 4515 protende
2994 4443 3259 4499 funiculus
3298 4453 3437 4507 tuos,
3471 4456 3526 4499 et

1954 4540 2136 4595 clavos
2181 4537 2423 4595 conferta
2474 4538 2671 4600 adhuc,
2730 4538 2795 4590 ad
2840 4537 3113 4592 dexteram
3165 4545 3218 4591 et
3272 4536 3338 4593 ad
3387 4536 3523 4591 sini—

271 4630 483 4702 σκηνῆς
518 4648 636 4696 σου,
671 4632 764 4685 καὶ
794 4631 899 4685 τῶν
923 4630 1163 4686 αύλαιῶν
1197 4647 1310 4696 σου,
1341 4630 1528 4700 πῆξον,
1563 4631 1639 4703 μὴ
1663 4634 1846 4707 φείσῃ,

1965 4641 2117 4685 stram
2138 4630 2298 4685 dilata
2334 4631 2404 4684 τ’.
2435 4648 2452 4683 ι
2482 4629 2765 4683 Dilatatam
2787 4643 2916 4698 ergo
2943 4639 3183 4682 sanctam
3222 4627 3521 4691 civitatem,

272 4724 551 4796 μάκρυνον
574 4723 646 4777 τὰ
690 4723 1042 4794 σχοινίσματά
1069 4741 1190 4788 σου,
1239 4724 1332 4776 καὶ
1362 4723 1487 4786 τοὺς
1536 4725 1846 4789 πασσάλους

269 4835 371 4871 σου
402 4819 732 4889 κατίσχυσον
750 4818 852 4881 ἐτι,
884 4819 963 4881 είς
990 4817 1058 4871 τὰ
1088 4816 1236 4881 δεξιὰ
1265 4816 1359 4870 καί
1384 4818 1460 4879 είς
1485 4816 1555 4870 τὰ
1583 4818 1845 4887 ἀριστερὰ

267 4908 599 4964 ὲκπέτασον.
635 4926 655 4958 ι
683 4905 1156 4977 Κατευρυνθεῖσαν
1193 4905 1256 4974 δὴ
1285 4899 1376 4957 οὖν
1408 4904 1507 4974 τὴν
1542 4904 1702 4971 ἁγίαν
1746 4905 1843 4955 πό-

265 5000 375 5064 λιν,
416 4999 511 5054 καὶ
559 5001 640 5063 εις
673 4999 845 5069 μῆκος
899 4997 960 5051 τὸ
982 4997 1154 5070 ταύτῃ
1198 4996 1406 5064 πρέπον
1440 4996 1839 5066 ἐκτεινομένην,

266 5088 687 5159 κατοικήσουσιν
714 5089 764 5140 οἱ
795 5087 963 5155 ἅγιοι,
993 5086 1087 5141 καὶ
1116 5086 1217 5138 οὐκ
1236 5084 1408 5147 ἔσται,
1455 5085 1637 5154 φησὶν,
1670 5103 1688 5135 ι
1709 5087 1841 5139 ἀνά-

267 5180 415 5250 θεμα
440 5178 540 5245 ἔτι,
563 5197 583 5231 ι
604 5179 869 5243 τουτέστι,
900 5180 1019 5233 κατ’
1050 5177 1238 5231 οὐδένα
1257 5176 1455 5246 τρόπον
1483 5174 1843 5247 ἁλλοτριωθή-

267 5288 426 5325 σεται
459 5269 615 5325 Θεοῦ·
647 5270 870 5340 βεϐαίαν
892 5268 1001 5340 γὰρ
1029 5268 1166 5339 αὐτῇ
1193 5268 1460 5339 χαριεῖται
1489 5266 1586 5338 τὴν
1623 5269 1839 5337 ἀγάπη-

266 5381 377 5427 σιν,
414 5362 509 5421 καὶ
537 5363 637 5416 οὐκ
667 5362 735 5417 ἂν
765 5363 1050 5417 ἐκπέσοιεν
1077 5361 1156 5415 ἔτι
1190 5360 1326 5432 πρὸς
1367 5360 1428 5413 τὸ
1483 5359 1839 5431 προσκρούειν

264 5454 409 5526 Θεῷ,
458 5453 828 5527 ἀνῃρημένης,
881 5453 957 5517 ὡς
1001 5453 1155 5523 ἔφην,
1211 5452 1313 5519 τῆς
1369 5449 1639 5520 ἁμαρτίας
1669 5452 1747 5513 εἰς
1783 5450 1861 5504 τὸ

265 5545 550 5610 παντελὲς,
577 5546 673 5600 καὶ
704 5545 796 5598 τοῦ
839 5544 1189 5615 πειράζοντος
1212 5540 1444 5595 Σατανᾶ.
1469 5539 1543 5593 Οὐ
1560 5540 1667 5611 γὰρ
1691 5539 1842 5596 ἔσται

263 5640 383 5693 ἐκεῖ
403 5637 559 5707 λέων,
582 5638 704 5692 οὐδὲ
729 5637 837 5691 τῶν
868 5636 1072 5707 θηρίων
1099 5636 1204 5689 τῶν
1229 5632 1478 5705 πονηρῶν
1504 5632 1656 5687 οὐδὲν
1680 5634 1738 5687 ού
1767 5634 1843 5705 μὴ

1953 4734 2005 4779 et
2034 4724 2084 4777 in
2118 4723 2502 4793 longitudinem
2528 4722 2874 4791 proportione
2902 4720 3203 4787 latitudinis
3242 4730 3523 4775 extensam

1953 4815 2272 4870 habitabunt
2311 4814 2504 4878 sancti,
2546 4823 2599 4868 et
2634 4828 2735 4866 non
2778 4814 2901 4875 erit,
2944 4813 3140 4882 inquit,
3181 4830 3198 4864 ι
3233 4812 3518 4869 anathema

1952 4904 2183 4973 amplius
2217 4922 2231 4959 :
2271 4922 2289 4956 ι
2326 4904 2426 4957 hoc
2459 4912 2564 4971 est,
2592 4903 2737 4958 nullo
2772 4903 2931 4959 modo
2962 4919 2991 4956 a
3025 4904 3133 4957 Deo
3176 4901 3518 4968 alienabitur,

1950 4996 2196 5054 stabilem
2226 4996 2368 5050 enim
2402 4996 2450 5050 ei
2487 4996 2803 5053 cbaritatem
2843 4996 3118 5066 largietur,
3148 5010 3247 5049 nec
3275 4995 3412 5050 ultra
3441 4997 3522 5049 Ia-

1952 5091 2144 5143 bentur
2171 5096 2229 5141 ut
2260 5087 2425 5141 Deum
2461 5085 2761 5151 oll‘endant,
2805 5096 3046 5158 peccato,
3077 5096 3135 5141 ut
3178 5087 3308 5152 dixi,
3341 5097 3395 5142 et
3424 5085 3520 5140 Sa-

1954 5190 2074 5235 tana
2107 5187 2371 5233 tentatore
2400 5194 2622 5249 prorsus
2648 5178 2899 5233 sublatis.
2942 5177 3055 5232 Non
3102 5177 3245 5233 enim
3290 5179 3395 5232 erit
3448 5177 3518 5231 ibi

1950 5271 2054 5335 leo,
2086 5285 2185 5325 nec
2215 5270 2319 5324 ulla
2362 5269 2626 5324 malarum
2652 5269 2950 5322 bestiarum
2978 5263 3045 5321 ad
3074 5266 3215 5321 illam
3240 5267 3516 5332 ascendet,

1950 5375 2050 5415 nec
2076 5360 2492 5415 invenieturibi.
2528 5378 2546 5413 ι
2592 5358 2922 5414 lIahitabunt
2950 5360 3091 5412 enim
3110 5358 3460 5413 conﬁdenter.
3495 5376 3514 5409 ι

1950 5451 2213 5519 Quoniam
2243 5463 2421 5507 autem
2452 5453 2718 5508 insertum
2748 5460 2829 5505 est
2863 5469 2877 5506 :
2914 5470 2931 5501 ι
2972 5450 3135 5503 Rama
3160 5464 3288 5503 vero
3321 5449 3372 5503 in
3402 5450 3518 5503 loco

1949 5544 2309 5613 permanebit,
2349 5563 2369 5598 ι
2398 5560 2610 5601 rursum
2662 5543 2793 5600 illud
2849 5541 3079 5597 dicimus
3133 5555 3348 5595 sensum
3392 5556 3513 5597 ver-

1952 5638 2140 5692 borum
2169 5646 2431 5708 quantum
2476 5638 2529 5692 in
2568 5637 2723 5693 nobis
2754 5643 2840 5692 est
2875 5634 3312 5702 interpretantes.
3345 5631 3515 5687 ﬂama

338 5813 384 5845 "
421 5812 555 5869 Dan.
594 5830 654 5880 ιι,
683 5816 772 5875 45.
850 5816 895 5846 ⁷⁸
936 5814 1133 5872 Ezech.
1168 5830 1252 5875 XL,
1280 5812 1339 5868 61
1370 5826 1524 5885 seqq.
1597 5813 1643 5845 τ’
1676 5813 1776 5869 lsa.
1802 5825 1910 5881 Liv,
1938 5812 1993 5885 2,
2019 5813 2073 5870 '5.
